4270 6264
372 333 471 394 621

1831 324 2217 389 PB/EFA'I‘IO.

3590 342 3703 399 (ἢῆ

369 447 608 522 propriis
635 445 911 505 coloribus
934 446 1127 519 pinxit,
1152 458 1213 505 ut
1235 448 1430 522 quibus
1461 450 1594 507 aliis
1623 451 1837 523 ignotus
1868 448 2058 512 non~A
2082 463 2203 521 quae
2234 446 2349 520 ipse
2382 447 2613 518 primum
2656 449 2721 505 ad
2768 466 2905 521 opus
2944 451 3244 513 absolutius
3285 416 3688 514 conficiendum

369 550 455 600 est
476 582 492 609 ,
526 541 840 598 nullatenus
878 542 1054 597 valeat
1080 541 1271 598 latere.
1303 540 1438 598 Cum
1469 550 1652 599 autem
1680 544 1856 613 primo
1887 543 1981 597 illo

369 615 970 707 fragmento'iudicetur
998 635 1413 693 subseculurum
1444 652 1611 709 opus,
1644 634 1788 711 quod
1818 637 1982 694 variis

368 736 583 786 cunstet
633 738 745 783 tum
786 727 1033 800 epistolis
1076 740 1186 785 tum
1233 730 1476 802 synodis,
1525 742 1580 787 et
1619 730 1979 787 Arimineusis

369 821 589 878 concilii
619 820 898 877 historiam
922 838 988 878 ex
1011 822 1350 880 Arelatensis
1371 825 1707 898 aliorumque
1729 825 1975 893 superio-

369 930 489 971 rum
528 915 881 971 conciliorum
925 916 1097 986 gestis
1130 916 1290 972 altius
1327 926 1581 991 repetat;
1630 919 1788 990 hujus
1832 917 1975 990 frag—

369 1007 541 1064 menti
584 1015 804 1062 auctore
839 1007 1057 1079 agnito,
1088 1010 1321 1064 maxima
1364 1011 1656 1067 auctoritas
1693 1010 1903 1067 accedit
1925 1017 1980 1066 et

368 1098 605 1159 caeteris.

447 1190 508 1247 V.
545 1189 718 1245 Partis
741 1191 1002 1258 utriusque
1030 1192 1569 1248 consertum—Nulla
1593 1204 1743 1250 certe
1765 1192 1978 1251 videtur

366 1286 538 1353 ratio,
570 1299 668 1341 cur
697 1278 805 1340 non
838 1287 1015 1353 prima
1045 1284 1271 1357 hujusce
1298 1287 1638 1343 collectionis
1663 1304 1790 1360 pars
1819 1303 1973 1359 teque

366 1395 434 1439 ac
480 1377 722 1437 secunda
772 1377 978 1435 Hilario
1018 1378 1374 1437 adscribenda
1414 1380 1506 1436 sit.
1555 1379 1791 1454 Utraque
1828 1378 1973 1437 enim

365 1472 533 1530 variis
560 1464 807 1543 epistolis
834 1486 897 1527 ac
920 1472 1142 1545 synodis
1165 1483 1396 1529 constat.
1420 1472 1678 1544 Utraque,
1705 1484 1757 1528 ut
1783 1473 1974 1529 obser-

365 1567 513 1623 vavit
554 1564 673 1623 Nic.
709 1564 887 1621 Faber
910 1607 926 1634 ,
968 1566 1174 1638 aliquot
1205 1566 1341 1624 locis
1371 1567 1535 1624 verba
1578 1569 1812 1623 auctoris
1842 1568 1976 1640 ipsis

366 1659 503 1715 actis
553 1658 718 1714 habet
770 1656 1051 1725 immixta,
1098 1673 1220 1730 quac
1269 1656 1603 1715 sanctissimi
1642 1658 1975 1715 confessoris

364 1750 608 1826 phrasim
654 1751 974 1807 exhibeant.
1027 1751 1322 1825 Utriusque
1373 1753 1723 1809 monimentis
1772 1753 1975 1827 pariter

2081 541 2182 595 sibi
2211 552 2604 612 comparasset.
2629 542 2782 599 Tunc
2804 560 2933 599 vero
2964 546 3015 599 in
3042 557 3277 603 mentum
3307 548 3357 605 ei
3378 550 3566 606 venire
3594 566 3690 621 po-

2083 633 2182 689 tuit
2204 633 2338 690 illud
2368 635 2615 705 Apostoli
2645 636 2766 693 Gal.
2794 655 2833 705 t,
2866 622 2934 695 8'.
2965 638 3104 695 Licet
3131 658 3223 695 nos
3249 653 3339 697 aut
3372 643 3597 716 Angelus
3626 645 3692 699 de

2077 729 2205 783 caelo
2226 731 2533 803 evangelica
2558 732 2697 788 vobis
2722 743 2908 805 printer
2944 752 3097 806 quam
3118 738 3255 807 quod
3284 739 3691 810 euangelizamus

2078 821 2239 889 vobis,
2265 821 2539 881 anathema
2564 825 2631 880 sit
2655 840 2674 879 .‘
2696 823 2765 881 Ut
2794 825 2845 879 in
2868 825 3138 882 Liberium
3161 828 3361 885 Christi
3390 846 3567 888 causae
3589 832 3690 891 de-

2076 920 2342 969 sertorem
2383 913 2436 970 id
2474 915 2576 969 sibi
2613 916 2817 971 licitum
2850 916 3191 985 existimaret
3218 921 3359 992 quod
3390 921 3686 994 Apostolus

2077 1006 2131 1059 in
2160 1020 2220 1061 se
2248 1012 2306 1061 et
2333 1008 2383 1071 in
2416 1006 2678 1080 Angelum
2710 1009 2807 1066 Dei
2835 1027 2940 1066 non
2974 1014 3216 1084 permisit
3240 1023 3471 1083 tantum,
3503 1017 3597 1072 sed
3631 1026 3687 1075 et

2079 1098 2356 1167 prtecepit.
2387 1097 2575 1171 Neque
2599 1100 2887 1173 quidquam
2919 1104 3206 1172 proclivius
3232 1114 3316 1162 est
3341 1107 3693 1165 vehementer

2076 1190 2385 1247 amantibus
2410 1232 2423 1256 ,
2455 1207 2615 1262 quam
2649 1201 2707 1247 ut
2736 1194 2912 1265 aliqua
2940 1195 2992 1251 in
3024 1212 3146 1252 eum
3169 1240 3184 1264 ,
3212 1213 3372 1270 quem
3415 1198 3483 1257 ab
3510 1201 3689 1256 amico

2078 1284 2310 1355 turpiter
2329 1282 2565 1342 deiicere
2585 1287 2832 1353 audiunt,
2864 1288 3254 1364 indignationis
3282 1302 3406 1349 nota
3430 1310 3693 1365 compen-

2075 1390 2200 1431 Sare
2226 1384 2496 1435 conentur
2518 1420 2533 1446 ,
2563 1379 2705 1450 quod
2738 1380 2811 1435 illi
2840 1381 2906 1437 de
2933 1392 3235 1440 amatorum
3267 1402 3494 1443 numero
3524 1384 3689 1444 dece-

2075 1468 2173 1525 dit.
2206 1468 2315 1528 Sed
2345 1471 2390 1526 si
2419 1469 2625 1528 dissuta
2647 1479 2828 1546 operis
2849 1491 3146 1547 numquam
3176 1477 3406 1534 absoluti
3433 1478 3691 1535 adversa-

2075 1565 2154 1619 ria
2182 1563 2248 1619 ad
2274 1581 2374 1622 nos
2407 1568 2724 1636 pervenisse
2750 1568 3092 1628 concesseris
3116 1588 3130 1637 ;
3181 1571 3287 1627 erit
3328 1572 3531 1643 pariter
3556 1589 3690 1635 con-

2074 1656 2398 1725 cedendum,
2422 1660 2753 1717 monimenta
2774 1654 2888 1731 illa,
2916 1679 3036 1734 qua:
3058 1663 3351 1720 identidem
3379 1665 3689 1721 indicantur

2077 1756 2354 1815 secutura,
2387 1766 2487 1805 nec
2518 1758 2696 1807 tamen
2738 1764 3037 1825 sequuntur
3060 1797 3075 1824 ,
3125 1756 3191 1810 iis
3227 1756 3361 1811 locis
3388 1757 3456 1812 ab
3484 1757 3690 1813 Hilario

364 1844 770 1903 demonstratur
813 1843 1023 1905 Ursacii
1060 1860 1126 1901 ac
1153 1845 1399 1904 Valentis
1448 1848 1683 1916 nequitia
1728 1846 1889 1905 sintut
1920 1859 1976 1904 et
2002 1834 2054 1900 Β
2080 1848 2285 1897 tantum
2316 1841 2584 1899 destinata
2614 1859 2765 1910 esse,
2802 1846 2894 1901 ubi
2925 1863 2986 1901 ea
3020 1863 3133 1921 prae
3162 1848 3411 1907 manibus
3443 1850 3688 1907 haberet.

364 1938 747 1995 inconstantia.
796 1936 853 1994 ln
913 1949 1141 2009 utraque
1188 1938 1406 1995 demum
1452 1942 1761 1997 continetur
1802 1941 1970 2009 nihil,

363 2033 506 2105 quod
537 2048 641 2089 non
675 2031 915 2088 redoleat
945 2032 1355 2103 antiquitatem,
1388 2033 1535 2104 quod
1568 2033 1807 2091 historiae
1837 2044 1973 2090 tem-

362 2143 557 2203 porum
588 2142 693 2182 non
726 2128 1029 2181 consentiat
1058 2167 1073 2193 ,
1116 2135 1207 2180 aut
1237 2126 1382 2197 quod
1414 2141 1521 2182 non
1553 2127 1729 2197 aliqua
1759 2129 1973 2185 ratione

362 2227 574 2291 Spectet
603 2217 669 2274 ad
698 2217 1063 2276 Ariminensis
1090 2219 1307 2275 concilii
1339 2218 1647 2277 historiam.
1689 2218 1806 2277 lino
1845 2221 1893 2277 si
1942 2238 1971 2281 a

362 2312 533 2383 prima
559 2310 900 2383 disjuugatur
925 2312 1094 2366 altera
1117 2353 1132 2377 ,
1177 2326 1284 2367 non
1318 2320 1401 2367 est
1424 2312 1565 2367 unde
1592 2312 1707 2367 htec
1734 2314 1800 2368 ad
1831 2329 1971 2384 pric-

363 2404 521 2461 dicta:
549 2404 740 2476 synodi
774 2404 1050 2459 historiam
1086 2403 1359 2474 pertinere
1382 2403 1681 2473 iudicetur;
1710 2418 1833 2459 cum
1855 2405 1970 2460 sola

362 2512 491 2570 pars
518 2490 690 2567 prima
724 2495 868 2552 illius
897 2502 1049 2564 gesta
1077 2492 1333 2551 exhibeat
1359 2512 1371 2549 :
1399 2510 1518 2566 qua:
1542 2495 1596 2551 in
1627 2494 1730 2551 hoc
1755 2512 1973 2568 quoque

362 2603 489 2645 cum
514 2589 681 2644 altera
707 2588 987 2654 convenit,
1015 2587 1157 2659 quod
1185 2588 1407 2658 perinde
1435 2600 1596 2661 atque
1625 2589 1736 2653 illa,
1769 2600 1823 2645 ct
1852 2604 1973 2660 quae

362 2680 763 2738 Ariminensem
795 2679 1063 2753 synodum
1089 2680 1467 2749 prtecesserint
1493 2722 1506 2746 ,
1542 2692 1594 2737 et
1628 2695 1752 2752 qua:
1781 2682 1975 2737 subse-

363 2780 487 2830 cuta
511 2770 641 2841 sint,
667 2771 1083 2841 complectatur.

437 2864 526 2922 VI.
554 2862 640 2920 Ed:
664 2865 995 2935 corruptione
1023 2874 1139 2919 orta
1172 2872 1248 2919 est
1283 2864 1377 2918 illa
1403 2865 1458 2919 in
1483 2867 1612 2920 duas
1642 2876 1810 2938 partes
1840 2865 1973 2922 divi-

363 2959 462 3014 sio.
493 2988 567 2999 —
590 2957 698 3014 Sed
729 2972 904 3027 neque
918 2956 1204 3027 quisquam
1232 2956 1440 3013 inficias
1465 2957 1608 3023 ierit,
1634 2966 1796 3013 totam
1823 2957 1969 3012 illaut

365 3052 739 3115 collectionem
763 3053 817 3105 in
848 3064 981 3105 mss.
1016 3048 1298 3106 Pithtnano
1325 3062 1389 3106 ac
1417 3047 1734 3119 Rcmigiano
1759 3049 1890 3104 duas
1917 3050 1969 3104 in

365 3150 552 3215 partes
580 3141 719 3197 male
757 3140 1011 3212 distingui
1040 3182 1053 3206 ,
1095 3142 1251 3212 pejus
1284 3156 1412 3196 vero
1441 3142 1691 3211 postponi
1734 3142 1968 3212 priorem

2080 1934 2288 2002 Quibus
2306 1945 2485 1992 autem
2508 1934 2761 2008 placebit,
2791 1936 2907 1995 hrec
2926 1938 3156 1997 absoluti
3179 1944 3363 2015 operis
3389 1940 3688 2016 fragmenta

2080 2041 2239 2094 esse,
2295 2028 2642 2085 nihilominus
2691 2046 2757 2086 cx
2797 2031 2864 2086 iis
2892 2048 3014 2104 qua:
3040 2032 3237 2091 desunt
3263 2038 3573 2102 constabit,
3624 2056 3689 2093 ea

2072 2118 2234 2175 aliter
2262 2135 2422 2189 quam
2452 2118 2614 2177 modo
2643 2123 2909 2191 habentur
2938 2125 3007 2179 ab
3036 2125 3240 2183 Hilario
3267 2143 3392 2185 esse
3413 2129 3685 2187 ordinata.

2071 2209 2265 2269 Utram
2294 2229 2418 2269 vero
2451 2215 2753 2284 praetuleris
2782 2218 3095 2288 Opinionem
3123 2263 3137 2287 ,
3179 2220 3370 2277 borum
3403 2224 3674 2293 fragmen-

2073 2309 2254 2359 torum
2281 2304 2529 2361 confusio
2552 2307 2684 2361 nihil
2714 2322 2902 2364 eorum
2935 2309 3139 2367 olliciet
3165 2314 3400 2369 veritati.

2146 2390 2283 2449 Vill.
2320 2393 2470 2451 Unde
2498 2405 2613 2452 orta
2643 2397 2761 2453 libri
2787 2399 2944 2466 huius
2973 2404 3236 2477 confusio.
3269 2435 3341 2447 —-
3369 2404 3547 2463 Rufini
3577 2413 3686 2464 tes-

2074 2488 2303 2544 timonio
2324 2498 2376 2546 et
2406 2492 2628 2562 antiqua
2645 2494 2916 2549 censenda
2940 2504 3025 2550 est
3048 2497 3169 2552 libri
3196 2492 3356 2568 hujus
3377 2501 3678 2568 corruptio.

2073 2590 2127 2636 et
2158 2580 2430 2638 haereticis
2454 2582 2807 2639 adscribenda
2832 2602 2844 2639 :
2870 2587 2913 2640 si
2944 2594 3125 2643 tamen
3151 2588 3219 2644 ad
3245 2589 3350 2645 hoc
3386 2606 3521 2660 opus
3550 2590 3687 2647 refe-

2073 2670 2302 2728 rendum
2333 2682 2436 2737 est,
2470 2674 2614 2745 quod
2645 2675 2739 2732 ille
2764 2675 2945 2733 Tract.
2981 2678 3049 2733 de
3088 2678 3486 2738 adulteratione
3517 2681 3683 2739 libro-

2073 2778 2192 2817 rum
2224 2762 2472 2836 Origenis
2500 2767 2573 2819 ait
2603 2766 2767 2840 (apud
2794 2766 3012 2825 Hieron.
3042 2780 3163 2825 tom.
3193 2772 3269 2842 ιχ)
3296 2794 3309 2826 ς
3337 2772 3593 2829 llilarinm
3620 2773 3688 2827 ad

2073 2858 2478 2913 emendationem
2501 2877 2697 2928 eorum,
2740 2864 2827 2930 qui
2848 2861 3163 2920 Ariminensi
3191 2867 3423 2937 perﬁdiis
3450 2869 3680 2923 subscri-

2074 2958 2303 3019 pserunt,
2346 2950 2531 3005 librum
2563 2953 2919 3008 instructionis
2956 2954 3270 3024 plenissima:
3295 2960 3684 3030 conscripsisse,

2072 3043 2164 3112 qui
2190 3041 2419 3098 subinde
2447 3044 2513 3100 ab
2549 3045 2820 3103 haereticis
2863 3049 2932 3103 ita
2966 3047 3203 3105 fcedatus
3231 3048 3302 3106 sit
3325 3092 3338 3116 ,
3379 3060 3437 3108 ut
3466 3068 3534 3109 ne
3563 3069 3686 3109 eum

2073 3133 2291 3204 quidem
2325 3134 2559 3191 Hilarius
2588 3139 2704 3208 ipse
2727 3147 3067 3210 agnosceret.
3114 3138 3224 3198 Sed
3252 3158 3373 3198 cum
3401 3144 3484 3200 his
3506 3145 3688 3202 verbis

366 3237 659 3308 posteriori
683 3253 697 3302 ;
730 3248 850 3291 cum
883 3238 1069 3306 prima:
1092 3235 1262 3307 partis
1287 3235 1500 3291 initium
1527 3236 1819 3312 manifeste
1841 3253 1970 3293 Con-
1994 3220 2041 3283 C
2075 3229 2241 3282 multa
2267 3226 2493 3284 Ruﬁnus
2522 3231 2827 3287 immisceat
2855 3242 3043 3303 aperte
3069 3233 3201 3290 falsa
3234 3243 3290 3291 et
3311 3253 3428 3305 qua:
3452 3236 3686 3294 fabulam

367 3330 594 3385 tinnatio
620 3328 688 3384 sit
714 3330 1052 3401 posterioris.
1086 3328 1291 3401 Synodi
1331 3330 1477 3383 enim
1513 3328 1833 3384 Pari~iensis
1860 3329 1975 3401 epi-

369 3423 532 3487 Stola,
556 3438 585 3477 a
611 3437 712 3493 qua
741 3422 792 3477 in
823 3436 952 3478 mss.
976 3422 1163 3490 prima:
1190 3420 1361 3491 partis
1384 3421 1591 3475 initium
1612 3421 1851 3491 ducitur,
1883 3436 1971 3478 rc-

369 3515 628 3586 scriptum
659 3522 743 3568 est
768 3512 964 3569 litteris
988 3513 1343 3568 Orientalium
1372 3528 1493 3584 qua:
1521 3512 1572 3567 in
1614 3512 1805 3569 iisdem
1837 3529 1969 3569 mss.

371 3615 581 3678 partem
610 3612 939 3678 postremam
967 3603 1245 3661 claudunt.
1299 3605 1372 3660 Ex
1402 3622 1507 3674 quo
1549 3605 1641 3667 lit,
1693 3614 1750 3659 ut
1788 3606 1973 3661 titulus

366 3716 479 3767 non
524 3704 578 3756 in
615 3716 775 3756 uuam
814 3706 1021 3755 tantum
1054 3707 1258 3770 partem
1284 3740 1298 3764 ,
1343 3697 1437 3753 sed
1482 3698 1534 3752 in
1566 3712 1780 3752 omnem
1811 3698 1975 3754 colle-

369 3796 604 3851 ctionem
627 3794 802 3849 cadat.
829 3792 1094 3860 Quocirca
1121 3791 1375 3848 Nicolaus
1399 3790 1575 3845 Faber
1597 3792 1827 3860 partium
1859 3791 1976 3845 illa-

367 3902 492 3947 rum
524 3890 765 3946 ordinem
788 3890 1079 3958 invertere,
1105 3896 1163 3946 et
1186 3890 1373 3961 prima:
1405 3895 1734 3959 postremam
1764 3900 1975 3957 praepo-

371 3997 505 4040 nere
530 3998 636 4038 non
667 3980 949 4038 dubitavit.

443 4072 557 4131 VH.
596 4073 849 4144 Scrupuli
879 4074 972 4129 alii
1001 4074 1252 4129 levantur.
1284 4103 1355 4114 --
1394 4071 1504 4127 Hac
1531 4068 1853 4126 difﬁcultate
1882 4083 1975 4125 ex-

370 4168 578 4247 pedita,
603 4184 721 4240 quae
742 4166 959 4241 gravior
982 4167 1285 4235 videbatur,
1314 4167 1473 4222 facile
1491 4168 1600 4235 jam
1626 4166 1977 4221 esetttiuntur

370 4261 1001 4336 mmscrnpuli,
1017 4261 1107 4332 qui
1130 4261 1283 4316 nobis
1296 4259 1450 4315 initio
1465 4259 1735 4329 negotium
1756 4262 1980 4313 lacesse-

370 4350 525 4412 bant.
569 4356 809 4427 Namque
838 4358 1010 4410 virum
1053 4354 1104 4408 in
1149 4353 1435 4426 Phrygiam
1468 4354 1761 4422 relegatum
1792 4366 1894 4406 non
1925 4351 1977 4405 in

370 4446 603 4520 genuina
627 4458 680 4503 et
708 4448 916 4518 integra
938 4447 1290 4519 epistolarum
1318 4447 1602 4501 Iatinarum
1626 4446 1976 4514 exemplaria,

375 4540 473 4596 sed
497 4540 548 4595 in
569 4540 824 4596 mendosa
840 4539 1226 4611 incidisseqnis
1248 4539 1486 4608 stupent?
1508 4539 1638 4609 Quis
1652 4554 1783 4594 vero
1801 4546 1978 4610 neget,

2077 3318 2299 3376 omnino
2324 3320 2565 3392 sapiant;
2608 3323 2693 3378 vix
2737 3324 3030 3396 quidquam
3073 3342 3137 3381 ex
3167 3324 3235 3383 iis
3261 3328 3554 3387 conﬁciat:
3586 3331 3689 3387 nisi

2077 3414 2216 3471 forte
2241 3415 2475 3482 dixeris,
2522 3416 2641 3473 libri
2674 3418 2832 3487 hujus
2858 3418 3300 3488 depravationem
3334 3420 3398 3478 iis
3423 3423 3690 3495 ﬁngendis

2076 3506 2417 3563 occasionem
2449 3507 2770 3579 przebuisse.
2813 3510 2878 3565 Et
2919 3526 3048 3567 vero
3092 3513 3414 3569 Arianorqu
3449 3516 3688 3587 nequitia

2077 3596 2300 3668 dignum
2329 3609 2476 3666 erat,
2525 3606 2584 3655 ut
2624 3600 2746 3658 libri
2781 3601 2942 3672 hujus
2970 3603 3333 3674 integritatem
3365 3606 3521 3662 nobis
3554 3609 3686 3665 invi—

2078 3692 2291 3749 derent.
2325 3693 2466 3750 Casu
2497 3695 2658 3750 etiam
2689 3694 2909 3751 evenire
2937 3698 3113 3767 potuit
3137 3696 3285 3753 illius
3315 3697 3584 3754 confusio.

2151 3785 2243 3841 IX.
2276 3787 2378 3854 Qui
2415 3804 2551 3842 nunc
2589 3805 2720 3843 novo
2751 3788 2932 3845 ordine
2966 3801 3225 3863 reparata.
3248 3821 3319 3831 -—
3353 3790 3548 3848 Verum
3570 3794 3685 3865 jam

2080 3894 2188 3935 non
2222 3882 2357 3934 tanti
2394 3882 2559 3936 refert
2593 3884 2734 3937 scire
2766 3882 2905 3937 unde
2948 3895 3063 3938 orta
3095 3884 3194 3950 sit,
3237 3885 3425 3956 quanti
3460 3886 3689 3943 interest

2082 3983 2137 4028 ut
2168 3972 2670 4046 quomodocumque
2694 3986 2992 4048 reparetur.
3017 3976 3113 4033 Vix
3134 3980 3276 4035 enim
3304 3995 3364 4036 ea
3395 3982 3558 4048 serie,
3583 3996 3691 4055 qua

2081 4060 2135 4121 itt
2169 4081 2297 4122 mss.
2338 4074 2537 4136 exstat,
2570 4068 2689 4124 sine
2712 4068 2930 4125 fastidio
2961 4069 3065 4141 legi
3099 4074 3289 4143 possit,
3322 4083 3378 4133 et
3404 4074 3523 4131 sine
3548 4093 3687 4147 quo-

2082 4157 2206 4214 dam
2233 4176 2260 4212 a
2292 4176 2425 4216 vero
2471 4160 2756 4218 aberraudi
2803 4162 3138 4221 discrimine.
3183 4166 3256 4223 At
3300 4168 3419 4238 quis
3448 4171 3584 4225 ordo
3613 4179 3688 4226 te.

2085 4251 2293 4307 nendus
2314 4251 2338 4308 ?
2358 4253 2476 4309 Jam
2496 4254 2875 4312 desiderarunt
2896 4258 3163 4327 nonnulli,
3190 4262 3334 4315 varia
3355 4262 3687 4319 monimenta

2082 4340 2136 4398 in
2161 4359 2229 4400 eo
2252 4353 2505 4401 contenta
2540 4346 2837 4402 secundum
2876 4357 3180 4421 temporum
3212 4351 3457 4407 ordinent
3498 4353 3688 4409 distri-

2086 4434 2202 4490 bui.
2240 4432 2375 4492 lluic
2408 4446 2585 4493 tamen
2615 4454 2677 4495 se
2705 4454 2811 4495 non
2841 4454 3057 4511 semper
3100 4443 3395 4501 adhtesissc
3422 4446 3691 4518 signiﬁcat

2085 4524 2321 4584 Hilarius
2343 4527 2583 4601 (Fragnt.
2614 4547 2654 4599 ι,
2687 4549 2739 4586 n.
2786 4530 2866 4602 6),
2900 4548 3020 4587 cum
3048 4549 3108 4595 se
3138 4551 3167 4588 a
3208 4538 3378 4607 gestis
3409 4540 3692 4595 Arelaten-

376 4640 442 4689 εἴ
474 4632 715 4689 locorum
738 4634 1034 4689 mutatione
1058 4632 1308 4690 accidere
1334 4635 1597 4704 potuisse,
1623 4641 1681 4688 ιιι
1700 4635 1803 4689 alia
1831 4643 1977 4689 esset
2002 4618 2057 4685 D
2080 4620 2229 4678 Silius
2255 4662 2269 4688 ν
2312 4622 2557 4693 quam"is
2585 4622 2729 4678 311"“
2763 4625 3000 4695 Ρυδιυίθῑ
3041 4642 3221 4682 rerum
3250 4626 3386 4683 οΓάο
3414 4671 3427 4693 ν
3467 4628 3679 4685 “litium

358 4725 433 4780 Ἧι
475 4727 558 4781 his
588 4724 940 4797 fragmentis,
968 4722 1072 4780 alia
1118 4726 1172 4780 in
1203 4726 1338 4781 lihru
1384 4727 1451 4782 de
1484 4725 1715 4800 Synodis
1746 4724 1979 4797 pseudo—

379 4817 715 4875 Sardlcensis
732 4817 856 4873 ﬁdei
879 4816 1199 4873 translatio?
1222 4820 1384 4874 Certe
1408 4818 1710 4873 mirandum
1739 4833 1845 4872 non
1869 4826 1973 4884 est,

377 4918 501 4968 eum
533 4913 584 4966 in
611 4912 828 4967 diverso
852 4922 1042 4983 Opere,
1085 4918 1331 4982 tempore
1356 4926 1419 4967 ac
1462 4913 1581 4967 loco
1606 4927 1710 4966 non
1739 4912 1828 4966 uni
1854 4926 1968 4965 ver.

376 5003 515 5061 Sinni
564 5004 783 5060 stetisse
813 5046 829 5071 ,
904 5004 997 5075 qui
1053 5006 1364 5074 prmdictttm
1422 5004 1975 5078 pseudo-Sardicense

378 5096 685 5171 symbolum
726 5111 789 5152 ac
819 5094 1120 5152 Sirmiense
1150 5107 1339 5151 contra
1370 5097 1654 5153 Photinutu
1676 5139 1689 5161 ,
1731 5094 1978 5166 quamvis

376 5188 669 5261 utrumque
697 5204 870 5261 graece
902 5188 1089 5244 iisdem
1124 5189 1300 5245 verbis
1326 5191 1661 5244 enuntiatum
1684 5190 1771 5256 sit,
1800 5188 1850 5242 in
1870 5201 1979 5241 uno

377 5283 571 5359 eodem
598 5282 662 5338 de
683 5282 913 5355 byundis
936 5284 1071 5338 libro
1100 5299 1203 5337 non
1229 5294 1328 5337 una
1352 5284 1562 5338 ratione
1589 5282 1826 5337 verterit.
1860 5280 1975 5335 lam

378 5378 510 5431 Vero
538 5374 604 5429 ad
632 5374 971 5429 anathemata
998 5373 1213 5429 Liberio
1232 5373 1397 5439 dicta,
1421 5375 1489 5429 ab
1514 5373 1634 5429 aliis
1659 5388 1976 5444 reSpousum

379 5471 471 5524 est
494 5482 556 5522 ea
586 5467 722 5523 forte
753 5467 821 5523 ab
849 5467 1025 5523 aiiena
1056 5482 1215 5522 manu
1243 5466 1309 5521 ad
1340 5465 1637 5537 marginem
1670 5466 1938 5537 adscripta
1962 5507 1976 5532 ,

380 5560 578 5617 exinde
605 5561 657 5615 in
686 5567 894 5615 textum
936 5560 1264 5631 irrepsisse;
1307 5559 1376 5614 ab
1405 5558 1528 5613 aliis
1568 5567 1747 5614 autem
1772 5574 1835 5613 ea
1866 5565 1979 5613 tum

376 5653 452 5708 ab
478 5652 680 5708 Hilario
712 5653 914 5722 prolata
946 5666 1067 5707 esse
1088 5691 1104 5718 ,
1150 5666 1270 5707 cum
1299 5649 1541 5721 ejusdem
1580 5649 1848 5721 poittilicis
1870 5651 1986 5722 ple-

379 5756 507 5800 nam
535 5745 759 5816 ignavia:
786 5745 1071 5814 epistolam
1105 5746 1337 5814 primum
1369 5742 1593 5814 accepit.
1626 5743 1982 5800 Putantenim

382 5836 473 5894 hic
493 5835 741 5893 exhiberi
775 5833 965 5893 llilarii
990 5828 1298 5893 adiersaria
1331 5834 1451 5891 sine
1476 5835 1667 5893 ordine
1693 5836 1982 5908 descripta,

2079 4712 2340 4770 facturum
2371 4731 2491 4771 esse
2522 4727 2839 4785 praemonet.
2871 4719 3206 4791 Quamquam
3240 4736 3364 4776 cum
3400 4721 3470 4778 ibi
3516 4723 3682 4779 ratio-

2078 4823 2203 4863 nem
2242 4807 2416 4863 reddit
2442 4824 2538 4863 cur
2567 4810 2731 4864 alium
2761 4810 3005 4865 ordinem
3038 4823 3300 4882 sequatur
3324 4855 3339 4880 ,
3376 4815 3427 4868 iu
3468 4817 3681 4872 czcteris

2079 4900 2398 4955 ordinandis
2425 4913 2667 4971 tempora
2706 4919 2765 4958 se
2795 4919 2903 4958 non
2936 4904 3239 4975 neglexisse
3281 4904 3423 4962 haud
3451 4907 3684 4964 obscure

2076 4994 2303 5050 indicat.
2344 4993 2500 5052 Unde
2535 5006 2591 5053 et
2638 4999 2820 5052 statim
2868 4990 3176 5055 subnectit:
3224 4999 3339 5056 Hoc
3388 5004 3540 5057 etiam
3582 5021 3686 5060 non

2076 5087 2329 5144 inutiliter
2356 5089 2673 5159 admonebo,
2705 5101 2756 5145 ut
2784 5091 2851 5145 ml
2880 5108 3028 5146 omne
3062 5093 3159 5147 hoc
3198 5096 3432 5150 uolumen
3462 5097 3683 5169 diligens

2079 5182 2291 5237 intentio
2334 5180 2657 5257 adhibeatur.
2711 5182 2899 5238 Omnia
2944 5187 3080 5239 enim
3130 5199 3249 5243 sunt
3296 5199 3344 5243 et
3397 5188 3691 5261 separanda

2083 5274 2413 5347 temporibus,
2442 5284 2487 5329 et
2517 5270 2883 5348 distinguenda
2912 5278 3150 5348 iudiciis,
3194 5290 3299 5337 etc.
3338 5281 3490 5340 lianc
3525 5285 3687 5355 igitur

2081 5366 2490 5437 dispositionem
2525 5369 2837 5424 censuimus
2862 5371 3121 5440 optimam
3159 5370 3275 5428 fore
3296 5415 3311 5439 ,
3358 5391 3477 5443 quae
3503 5378 3681 5433 omnia

2076 5458 2156 5515 sic
2180 5470 2525 5530 temperaret,
2553 5469 2680 5515 utet
2710 5470 3014 5532 temporum
3045 5477 3358 5522 servaretur
3383 5469 3539 5538 ordo,
3576 5487 3677 5528 nec

2086 5569 2267 5610 rerum
2317 5553 2385 5608 ab
2432 5552 2636 5609 Hilario
2678 5556 3051 5612 ordittatarum
3099 5559 3238 5613 ratio
3284 5566 3682 5621 immutaretur.

2088 5647 2219 5704 Eam
2246 5647 2316 5703 ob
2344 5662 2456 5703 rem
2487 5648 2902 5707 observavimus
2926 5654 3141 5723 quoties
3165 5654 3217 5709 in
3249 5665 3362 5710 toto
3390 5657 3492 5714 hoc
3520 5677 3686 5732 opere

2091 5740 2493 5798 desideraretur
2538 5742 2743 5813 aliquid
2770 5785 2785 5811 ,
2828 5743 2969 5815 quod
3013 5755 3202 5802 auctor
3238 5764 3298 5805 se
3337 5750 3693 5810 subnexuissc

2096 5833 2476 5909 significaret;
2500 5842 2593 5891 aut
2619 5844 2768 5893 certe
2792 5845 3141 5911 sequeretur,
3170 5839 3316 5912 quod
3337 5853 3460 5911 cum
3492 5856 3698 5915 praece-
