4270 6264
622 280 728 336 625

1552 276 1620 332 IN
1656 275 1901 334 SANCTI
1939 274 2195 332 IIILARII
2235 271 2540 332 EPISCOPI
2583 273 3008 332 FRAGMENTA

3827 274 3935 332 62$

623 391 886 447 dentibus
905 407 1013 448 non
1043 391 1375 447 coltzereret:
1423 398 1532 446 tum
1563 389 1694 445 illud
1729 396 1781 445 ln
1810 397 1890 447 tot
1918 389 2220 462 fragmenta
2248 408 2300 469 Α
2325 406 2544 462 gressus
2573 391 2914 462 explicando,
2944 407 3062 446 eam
3088 406 3195 445 non
3221 389 3379 446 unius
3405 389 3664 456 hominis,
3711 390 3802 445 sed
3846 407 3931 444 l0-

626 486 830 556 partiti,
856 496 990 556 quot
1015 485 1065 538 in
1092 484 1220 539 locis
1247 483 1389 538 nacti
1416 497 1603 537 sumus
1633 483 1900 537 dissutum
1925 494 2021 537 aut
2040 485 2222 554 aliqua

626 577 710 632 sui
737 586 891 648 parte
918 575 1220 642 mutilatos,
1253 576 1548 646 fragmenta
1571 575 1780 646 singula
1813 575 2106 630 secundum
2135 591 2224 630 or-

625 671 805 726 dinem
833 681 1134 738 temporum
1160 669 1567 726 collocavimus.

695 763 1058 836 609-610
1074 763 1142 818 Χ.
1184 763 1321 819 Novi
1351 764 1506 834 hujus
1537 763 1732 818 ordinis
1760 763 2050 817 utilitas.—
2071 761 2222 816 Novo

625 859 716 916 illo
735 860 926 915 ordine
949 862 1179 930 primum
1205 861 1342 916 tituli
1361 875 1388 914 a
1413 860 1632 916 Nicolao
1654 859 1831 914 Fahro
1853 856 2006 912 inditi
2025 857 2224 914 veritas

621 956 1034 1026 comprobatur;
1061 971 1249 1011 eorum
1275 954 1471 1010 deinde
1493 955 1792 1010 consulitur
1826 953 2220 1020 commoditati,

624 1048 713 1116 qui
743 1061 881 1115 opus
922 1046 1052 1100 illud
1092 1047 1176 1102 vel
1221 1046 1460 1102 indicare
1497 1046 1736 1117 cupient,
1785 1046 1870 1101 vel
1926 1044 2220 1099 indicatum

623 1152 1045 1208 recognoscere;
1069 1154 1132 1193 ac
1148 1137 1363 1192 demum
1393 1137 1584 1193 lectori
1602 1145 1911 1207 prmstatur,
1928 1135 2070 1191 unde
2092 1133 2221 1188 illud

618 1228 908 1298 jucundius
934 1229 1044 1300 jam
1098 1229 1240 1299 legat
1278 1237 1439 1298 atque
1481 1229 1688 1284 utilius.
1740 1229 1794 1284 Si
1837 1233 1979 1282 enim
2013 1227 2221 1296 ingrata

622 1331 707 1376 est
755 1330 810 1377 et
866 1321 932 1374 ad
984 1337 1226 1376 errorem
1268 1321 1419 1376 ducit
1463 1336 1642 1376 rerum
1693 1327 1966 1389 gestarum
1996 1317 2218 1374 Confusa

621 1415 900 1479 narratio;
927 1414 1160 1484 jucunda
1195 1429 1317 1469 esse
1344 1413 1507 1470 debet
1536 1423 1591 1469 et
1629 1412 1696 1468 ad
1732 1413 2014 1468 veritatem
2058 1411 2221 1467 redu-

620 1524 747 1566 cere
769 1508 1016 1564 distincta
1047 1519 1102 1564 et
1125 1510 1390 1565 ordinata.
1418 1510 1641 1580 Experti
1671 1524 1860 1564 sumus
1903 1509 2027 1578 ipsi,
2057 1525 2216 1579 quam

619 1605 723 1661 sibi
756 1616 942 1659 mutuo
969 1604 1177 1674 singula
1204 1603 1527 1676 Fragmenta
1551 1618 1650 1658 suo
1681 1603 1802 1657 loco
1828 1602 2002 1672 posita
2038 1601 2217 1657 lucem

621 1696 866 1752 alierant.
919 1696 1079 1752 Certe
1118 1697 1244 1767 quid
1273 1696 1326 1751 in
1355 1697 1456 1751 hoc
1481 1695 1620 1750 libro
1646 1695 1804 1762 desit,
1853 1691 1900 1747 si
1926 1708 2030 1747 non
2058 1691 2213 1748 exhi-

2333 484 2437 540 tius
2469 485 2590 540 fidei
2619 485 2988 554 expulsionem
3030 485 3332 554 suscepisse
3365 499 3427 538 cx
3472 485 3590 552 ipso
3633 484 3782 539 exitu
3837 485 3931 538 de-

2330 589 2616 634 monstrat.
2682 579 2800 646 Quo
2849 580 2990 634 circa
3041 578 3298 650 quidquid
3345 593 3408 633 ex
3466 578 3631 632 variis
3686 577 3932 632 conciliis

2334 671 2580 741 exponit,
2633 671 2701 726 ad
2740 687 2906 726 unum
2948 671 3292 727 Ariminense
3325 681 3598 742 tamquam
3648 669 3715 725 ad
3747 665 3929 725 tinem

2329 764 2516 831 refert,
2540 765 2590 819 in
2624 779 2731 834 quo
2760 773 2947 835 aperte
3013 762 3262 833 patefecit
3314 763 3561 827 haeresis,
3613 761 3742 832 quid
3774 776 3935 832 snpe-

2327 858 2565 913 rioribus
2597 858 2900 912 moliretur.
2951 856 3086 912 Hinc
3141 857 3183 911 si
3240 871 3327 911 res
3377 863 3592 926 spectes
3643 853 3746 911 hoc
3794 855 3933 911 libro

2329 957 2635 1015 contentas,
2683 949 2917 1019 plurium
2967 947 3334 1019 synodorum;
3385 946 3430 1001 si
3475 961 3722 1016 scopum,
3777 947 3934 1000 unius

2329 1043 2686 1099 Ariminensis
2732 1043 3010 1098 historiam
3048 1041 3334 1112 complecti
3374 1040 3636 1097 dicendus
3664 1049 3769 1098 est.
3796 1039 3931 1096 Cum

2328 1148 2506 1192 autem
2564 1137 2721 1207 hujus
2759 1136 2972 1192 concilii
3033 1136 3265 1190 maxime
3320 1133 3542 1190 Ursacio
3595 1143 3650 1189 et
3710 1132 3934 1190 Valente

2329 1230 2652 1285 instantibus
2681 1240 2788 1285 tam
2837 1228 3022 1284 infelix
3052 1228 3230 1284 exitus
3280 1227 3476 1294 fuerit;
3528 1243 3633 1283 non
3681 1229 3823 1282 male
3853 1226 3933 1281 in-

2330 1324 2596 1380 scribatnr
2625 1335 2812 1379 contra
2842 1323 2977 1378 duos
3007 1322 3130 1378 illos
3163 1324 3372 1376 Arianae
3399 1329 3562 1377 secta:
3580 1321 3768 1386 duces,
3799 1336 3935 1392 quo-

2329 1433 2446 1471 rum
2481 1416 2698 1487 perﬁdia
2732 1431 2841 1471 non
2888 1415 3047 1471 exiis
3097 1414 3276 1469 solum
3325 1430 3446 1486 quae
3498 1415 3826 1470 Ariminensi
3877 1414 3933 1468 in

2327 1510 2536 1581 synodo
2561 1526 2625 1566 ac
2666 1517 2788 1579 post
2809 1510 2977 1563 moliti
3001 1517 3149 1574 sunt,
3179 1507 3274 1563 sed
3303 1519 3356 1564 et
3376 1523 3440 1562 ex
3475 1506 3712 1579 pristinis
3740 1523 3932 1564 eorum

2326 1603 2462 1658 actis
2489 1601 2890 1671 comprobatur.
2942 1601 3024 1656 Ex
3069 1600 3266 1671 quibus
3318 1615 3534 1655 rursum
3585 1617 3706 1656 cum
3740 1600 3934 1657 Hiero-

2327 1709 2489 1767 nymo
2518 1695 2832 1750 conciliatur
2865 1694 2988 1749 libri
3037 1693 3199 1764 hujus
3229 1695 3280 1749 in
3317 1695 3520 1750 nostris
3565 1710 3697 1750 mss.
3749 1695 3935 1752 consi-

618 1789 767 1858 bent,
802 1790 1122 1861 plerumque
1167 1788 1360 1843 saltem
1400 1786 1709 1842 ostendunt.
1756 1786 2028 1842 Interdum
2055 1786 2217 1842 etiam
2249 1811 2297 1871 Β
2326 1799 2489 1859 gnata
2520 1787 2823 1857 inscriptio.

620 1883 748 1938 dum
801 1883 1168 1938 continuatam
1233 1895 1413 1936 rerum
1464 1881 1657 1936 seriem
1702 1895 1766 1935 ex
1816 1880 2004 1935 ordine
2048 1880 2221 1949 expli—

619 1987 763 2045 cant,
795 1993 1013 2034 sensum
1055 1975 1431 2032 demonstrant
1471 1976 1572 2032 sub
1602 1975 1874 2030 mendosis
1918 1975 2098 2030 verbis
2137 1974 2219 2028 la-

619 2081 843 2129 tentem.
867 2072 1078 2126 Clarius
1102 2071 1334 2138 denique
1361 2072 1542 2124 animo
1571 2069 1888 2125 intuendum
1911 2079 2222 2141 proponunt

620 2173 790 2220 totum
824 2165 876 2218 in
911 2163 1014 2220 hoc
1043 2179 1208 2234 opere
1233 2163 1470 2218 auctoris
1497 2163 1806 2218 consilium.

690 2255 782 2311 XI.
834 2255 980 2308 Libri
1033 2256 1188 2324 huius
1234 2272 1433 2308 summa
1483 2263 1530 2309 et
1575 2271 1781 2324 scapus.
1823 2287 1892 2296 —-
1923 2257 2112 2312 Statim
2152 2272 2220 2313 ex

617 2349 920 2420 fragmento
947 2365 964 2402 ι
991 2357 1236 2417 apparet,
1271 2347 1529 2402 Hilarium
1553 2348 1620 2404 ab
1640 2346 1945 2404 Arelatensi
1989 2347 2216 2420 synodo,

615 2441 770 2512 cujus
797 2430 1730 2500 actadesiderantur.hunclihrttm
1778 2439 2081 2494 inchoasse.
2139 2439 2220 2494 Ex

616 2550 722 2606 quo
749 2550 856 2589 non
889 2533 1122 2589 absurde
1151 2533 1390 2602 cogitare
1421 2543 1524 2600 est,
1556 2547 1617 2587 ea
1643 2531 1709 2586 ad
1737 2532 2043 2602 praedictam
2088 2541 2221 2588 Are-

614 2627 879 2682 latensem
919 2627 1184 2699 synodum
1220 2624 1590 2680 illustrandam
1641 2625 1935 2694 pertinere,
1989 2641 2109 2694 qme
2151 2623 2221 2680 de

615 2718 923 2776 Sardieensi
965 2735 1026 2774 ac
1055 2719 1283 2773 solemni
1316 2717 1558 2772 Valentis
1611 2725 1666 2772 et
1718 2716 1924 2773 Ursacii
1958 2727 2221 2773 retracta-

615 2813 764 2868 tione
812 2812 1114 2884 fragmento
1159 2829 1194 2866 ιι
1241 2811 1623 2879 subjiciuntur.
1676 2810 1755 2864 Ex
1804 2811 1868 2866 iis
1897 2812 2039 2867 enim
2085 2812 2222 2866 actis

615 2915 803 2978 aperte
833 2908 1239 2962 demonstratur
1281 2907 1535 2972 iniquitas
1581 2907 1865 2960 sententiae
1905 2920 2008 2976 qua
2054 2905 2224 2959 Atha-

617 3001 824 3065 nasius,
856 2999 1074 3054 Arelate
1112 3013 1178 3053 ac
1209 3006 1389 3067 postea
1426 2998 1736 3062 Mediolani,
1783 2998 2026 3060 Valente,
2057 2997 2222 3052 Ursa-

616 3095 702 3152 cio
742 3102 798 3150 et
834 3092 1130 3148 Saturnino
1158 3090 1470 3146 auctoribus
1511 3091 1904 3146 condemnatus
1935 3099 2036 3144 est.
2068 3089 2222 3145 Unde

2396 1881 2535 1937 XIII.
2571 1883 2791 1948 Quando
2820 1881 3039 1951 scriptus
3059 1882 3124 1936 sit
3147 1881 3231 1937 hic
3263 1882 3669 1954 liber.—Itaque
3693 1882 3932 1940 Hilarius

2325 1974 2585 2030 Ecclesia:
2610 1975 2767 2030 saluti
2787 1991 3080 2044 numquam
3097 1991 3202 2029 non
3226 1977 3584 2046 prospiciens,
3602 1976 3739 2032 sicut
3769 1976 3940 2031 libros

2324 2069 2393 2124 de
2415 2067 2676 2124 Trinitate
2703 2069 2889 2135 edidit,
2922 2085 2989 2124 ne
3027 2070 3401 2125 exsulantibus
3431 2086 3575 2125 vera:
3624 2069 3744 2124 fidei
3786 2086 3936 2141 prte-

2324 2163 2652 2219 dicatoribus
2706 2177 2835 2218 sana
2891 2162 3137 2218 doctrina
3193 2163 3534 2218 coexsularet
3587 2162 3742 2235 (Lib.
3794 2180 3822 2218 x
3875 2164 3941 2218 de

2328 2257 2541 2325 Trinit.,
2569 2275 2622 2312 η.
2663 2257 2752 2328 4);
2805 2257 2878 2312 ita
2910 2267 2960 2312 et
2995 2258 3231 2327 suscepit
3276 2258 3377 2312 hoc
3407 2272 3563 2329 opus,
3623 2273 3690 2313 ne
3741 2259 3943 2314 absen-

2326 2353 2467 2408 tibus
2518 2353 2792 2424 plerisque
2839 2353 3152 2406 Pastorihus
3200 2360 3424 2407 noceret
3473 2367 3721 2421 perversa
3757 2370 3770 2406 :
3803 2361 3943 2408 etut

2326 2446 2693 2516 unusquisque
2719 2443 2927 2498 Judicio
2943 2444 3176 2516 deinceps
3191 2445 3402 2514 proprio
3420 2445 3700 2498 consistens
3727 2443 3941 2499 falsita-

2326 2549 2431 2596 tem
2461 2540 2604 2594 illius
2634 2555 2730 2609 per
2756 2553 2814 2594 se
2840 2538 3194 2601 discerneret,
3237 2549 3282 2592 et
3316 2538 3607 2608 opinionem
3634 2555 3734 2593 non
3755 2554 3935 2609 seque~

2330 2647 2472 2690 retur
2514 2635 2734 2689 alienant
2783 2630 2974 2702 (Frag.
3030 2649 3086 2699 ι,
3138 2649 3188 2684 n.
3241 2633 3317 2702 7).
3375 2631 3528 2700 Quod
3579 2647 3644 2687 eo
3697 2641 3945 2701 tempore

2326 2724 2898 2782 convenientissimum
2930 2735 3075 2789 erat,
3115 2723 3256 2794 quod
3296 2723 3360 2778 ad
3407 2723 3807 2780 Ariminensem
3850 2738 3944 2780 ec-

2327 2818 2520 2872 thesim
2569 2817 2947 2887 excipiendam
3000 2813 3301 2871 Constantii
3369 2815 3714 2887 imperatoris
3759 2816 3944 2871 edicto

2325 2913 2655 2982 cogebantur
2684 2926 2895 2975 omnes,
2921 2920 2976 2966 et
3001 2925 3110 2980 quo
3142 2910 3396 2977 Ililarins,
3433 2910 3600 2964 illmso
3641 2912 3935 2980 imperato-

2325 3004 2399 3058 ris
2440 3005 2677 3067 nomine,
2715 3019 2834 3056 eain
2867 3002 3117 3058 omnibus
3155 3001 3516 3057 damnandam
3558 3003 3937 3059 demenstrare

2323 3095 2636 3156 conabatur,
2652 3094 2826 3150 donec
2841 3095 3024 3150 liceret
3036 3095 3279 3150 eamdem
3297 3095 3507 3166 publice
3519 3095 3570 3150 in
3585 3096 3689 3168 δι
3701 3095 3942 3168 1-612

616 3185 672 3240 in
695 3184 886 3241 eodem
914 3182 1215 3253 fragmento
1237 3199 1291 3237 η.
1317 3183 1406 3246 I8.
1435 3196 1646 3248 eorum,
1677 3181 1766 3251 qui
1791 3180 2031 3236 Sardicm
2056 3182 2223 3236 Allla-
2252 3199 2297 3261 ρ
2329 3187 2574 3242 conciliis
2622 3187 2882 3242 damnare
2923 3197 2975 3242 et
3005 3189 3288 3259 abrogare.
3319 3189 3425 3243 Sed
3474 3197 3528 3243 et
3554 3190 3696 3244 hunc
3745 3190 3945 3244 librum

618 3277 754 3332 nasii
783 3274 1183 3330 absolutionem
1229 3282 1608 3343 procurarunt,
1650 3273 2111 3342 comparationem
2145 3273 2224 3329 fa-

619 3371 770 3426 ciens
805 3367 1038 3422 Hilarius
1081 3381 1204 3422 eum
1238 3366 1303 3420 iis
1329 3365 1418 3436 qui
1468 3366 1684 3420 Arelate
1729 3365 1780 3419 in
1823 3364 2064 3434 ejusdem
2095 3379 2224 3419 con-

621 3463 895 3532 spirarunt
925 3458 1348 3520 damnationem,
1382 3456 1456 3510 ait
1487 3475 1499 3510 :
1543 3455 1822 3528 Ignorasse
1859 3472 1946 3510 vos
1979 3456 2224 3528 negabitis

621 3554 924 3618 Athanasio,
953 3554 1102 3624 cujus
1144 3551 1521 3606 damnationem
1571 3568 1603 3602 a
1650 3550 1788 3604 vobis
1821 3547 2029 3616 Valens,
2064 3548 2226 3604 Ursa-

619 3650 750 3715 cius,
779 3648 1097 3704 Saturninus
1145 3646 1376 3716 exigunt,
1424 3644 1486 3698 ab
1530 3642 1676 3708 Osio,
1729 3643 2040 3708 Maximino,
2080 3641 2224 3696 Julia

620 3742 874 3798 redditam
900 3737 1348 3795 communionem?
1373 3736 1508 3792 Ilinc
1535 3753 1654 3808 quae
1685 3736 1800 3791 sive
1829 3735 2084 3799 Luciferi,
2113 3735 2224 3790 Eu-

622 3832 782 3899 sebii,
830 3832 1167 3901 aliorumque
1197 3827 1569 3884 confessorum
1599 3827 1810 3893 exsilia,
1844 3826 1962 3881 sive
1991 3825 2227 3881 Vincen-

625 3927 682 3982 tii
711 3942 775 3980 ac
801 3923 1176 3980 Fortunatiani
1209 3921 1418 3991 lapsum
1440 3927 1710 3990 Spectant,
1741 3928 1796 3974 et
1826 3919 1965 3973 inter
1992 3917 2107 3972 luec
2148 3917 2224 3972 in-

624 4027 768 4073 serta
799 4016 1001 4072 Liberii
1026 4016 1256 4086 primum
1285 4013 1494 4067 fortiter
1523 4011 1665 4066 dicta
1705 4021 1986 4082 gestaque,
2019 4025 2082 4065 ac
2111 4019 2228 4064 tan-

625 4111 746 4167 dem
795 4107 964 4178 turpis
1009 4123 1131 4163 cum
1188 4105 1400 4160 Arianis
1447 4119 1767 4171 consensus,
1818 4101 2004 4158 haberi
2033 4104 2228 4158 merito

627 4212 850 4272 possunt
874 4199 1023 4255 velut
1063 4197 1398 4254 Arelatensis
1437 4196 1631 4269 synodi
1660 4197 2099 4260 consecutiones,
2134 4203 2230 4250 aut

627 4303 775 4348 certe
801 4291 1174 4346 inchoationes
1204 4287 1584 4345 Ariminensis.
1613 4286 1776 4356 Cujus
1802 4295 1918 4340 acta
1949 4297 2070 4357 post
2114 4288 2229 4342 han

629 4400 727 4439 suo
754 4384 943 4439 ordine
975 4384 1215 4449 veniunt,
1249 4392 1301 4437 et
1331 4398 1451 4453 quae
1481 4397 1602 4436 cum
1630 4380 1698 4434 ad
1741 4379 1871 4434 illud
1915 4380 2230 4436 rescinden-

628 4477 756 4532 dum
788 4475 947 4530 variis
978 4474 1031 4529 in
1066 4475 1195 4531 locis
1217 4490 1245 4529 a
1267 4473 1550 4530 catholicis
1577 4483 1796 4535 statuta,
1821 4483 1929 4527 ttnn
1952 4473 2018 4527 ad
2051 4475 2228 4542 ipsum

633 4567 1073 4642 propugnandum
1115 4569 1184 4624 ab
1227 4566 1452 4623 Ursacio
1505 4577 1559 4621 et
1601 4566 1825 4621 Valente
1879 4575 2099 4621 tentata.
2146 4567 2230 4621 Ex

631 4678 738 4732 quo
769 4669 1012 4732 apparet,
1061 4658 1324 4714 Hilarium
1372 4658 1473 4714 hoc
1516 4673 1625 4712 uno
1675 4658 1835 4724 libro,
1864 4658 2123 4728 quidquid
2174 4657 2227 4713 in

630 4753 924 4809 Occidente
976 4751 1202 4806 haeresis
1246 4749 1446 4806 Ariana
1487 4750 1737 4820 gesserit,
1766 4749 2229 4820 comprehendere

629 4847 884 4902 voluisse.

703 4938 818 4993 XII.
864 4937 1029 4992 Plura
1057 4937 1278 4990 continet
1309 4945 1444 5000 acta,
1475 4936 1564 4990 sed
1590 4951 1702 5006 qua:
1729 4935 1796 4988 ad
1840 4937 1989 4991 unius
2038 4935 2230 4990 Arimi-

629 5036 800 5089 nensis
831 5033 1014 5104 synodi
1042 5031 1307 5086 historiam
1337 5035 1646 5102 referuntur.
1707 5030 1948 5100 Namque
1998 5047 2120 5085 eum
2175 5032 2227 5085 in

633 5127 716 5182 his
745 5127 986 5198 partibus
1015 5125 1136 5180 fidei
1180 5124 1498 5180 defensores
1526 5123 1831 5180 Arelatensi
1887 5125 2094 5196 synodo
2138 5143 2234 5182 ex-

632 5222 839 5292 pellere
877 5221 1171 5289 coepisset,
1206 5233 1301 5274 eos
1343 5233 1447 5272 non
1479 5218 1599 5272 fidei
1631 5217 1724 5272 sed
1768 5218 1926 5272 unius
1952 5219 2232 5274 Athanasii

631 5313 803 5385 gratia
832 5313 882 5366 in
913 5313 1161 5368 exsilium
1190 5309 1398 5380 ejectos
1427 5326 1548 5366 esse
1578 5312 1734 5380 vulgo
1759 5311 2025 5382 persuasit
2049 5329 2062 5376 ;
2094 5312 2233 5366 adeo

635 5419 690 5462 ut
735 5407 822 5462 hic
870 5423 1026 5464 error
1076 5421 1243 5477 prope
1284 5407 1522 5461 omnium
1568 5407 1846 5478 occuparit
1893 5419 2122 5471 mentes,
2155 5415 2234 5461 tot

633 5499 1188 5560 saeerdotesidcirco,
1221 5500 1362 5570 quod
1385 5503 1434 5552 in
1466 5499 1614 5553 illum
1642 5501 1964 5554 sententiam
1996 5516 2100 5556 non
2128 5498 2231 5554 fer-

634 5602 774 5658 rent,
811 5592 1082 5657 exsulare,
1113 5606 1342 5660 eamque
1373 5606 1478 5645 non
1509 5597 1640 5646 satis
1663 5591 1877 5664 dignam
1909 5607 2030 5648 esse
2053 5608 2239 5651 susce-

635 5686 712 5754 pti
743 5685 919 5740 exsilii
946 5699 1187 5739 causam.
1213 5682 1468 5740 Errorem
1499 5684 1864 5741 illunn‘sanare
1891 5695 2044 5742 curat
2088 5686 2232 5742 llila-
2261 5757 2264 5760 ἢ

615 5778 745 5830 \“tus
799 5774 990 5846 (Frag.
1045 5793 1081 5842 ι,
1129 5793 1183 5828 n.
1237 5775 1313 5848 ι),
1360 5792 1482 5832 cum
1515 5778 1791 5836 mendacis
1837 5781 2060 5840 hmresis
2111 5798 2234 5852 pro-

2328 3281 2646 3336 Coustantio
2667 3279 2841 3335 adhuc
2872 3281 3012 3346 vivo,
3041 3291 3094 3335 et
3115 3282 3180 3334 ab
3197 3279 3420 3336 Oriente
3448 3282 3682 3336 nondum
3716 3297 3939 3338 reverso

2328 3373 2531 3428 Hilario
2571 3373 2882 3427 inchoatum
2907 3388 3049 3440 esse,
3070 3389 3132 3428 ex
3158 3373 3523 3444 Fragmentor
3547 3375 3706 3444 longe
3730 3376 3936 3430 certius

2325 3465 2630 3520 conficitur.
2659 3464 2742 3520 Ad
2772 3464 2913 3534 quod
2968 3466 3113 3520 enim
3158 3465 3324 3532 aliud,
3376 3467 3475 3521 nisi
3520 3468 3585 3520 ad
3631 3465 3938 3523 Constantii

2331 3565 2562 3626 tempus,
2583 3557 2866 3613 commode
2891 3557 3142 3614 retuleris
3167 3559 3352 3614 isthaec
3375 3575 3522 3614 num.
3547 3562 3578 3613 4
3601 3559 3697 3614 :In
3719 3561 3944 3618 Romani

2327 3651 2528 3721 imperii
2577 3652 2792 3723 negotiis
2823 3652 2962 3719 quies
3007 3654 3258 3724 carpitur,
3292 3670 3383 3709 rex
3411 3655 3643 3724 angitur,
3679 3657 3938 3724 palatium

2331 3751 2518 3818 fervet,
2547 3747 2771 3818 episcopi
2809 3747 3237 3811 circumcursant,
3292 3758 3396 3803 etc.
3431 3747 3569 3817 Quid
3621 3763 3782 3818 porro
3832 3747 3940 3805 sibi

2331 3844 2462 3908 vult,
2511 3840 2651 3910 quod
2685 3841 2845 3910 paulo
2872 3850 2998 3896 ante
3026 3843 3322 3911 praemittit,
3361 3843 3507 3913 Opus
3535 3854 3670 3898 tento
3711 3861 3936 3917 grave...

2331 3935 2560 3990 locorum
2581 3935 2634 3988 in
2664 3934 2848 4006 quibus
2869 3947 3012 4007 gesta
3036 3952 3117 3991 res
3145 3949 3237 4005 est,
3279 3954 3470 4009 nosque
3499 3940 3721 4010 agimus,
3761 3940 3945 4011 despe-

2331 4031 2532 4084 ratione
2559 4030 2925 4101 peregrinunt?
2953 4030 3085 4099 Quis
3135 4032 3222 4088 ille
3252 4033 3424 4099 locus,
3462 4034 3513 4088 in
3541 4050 3649 4105 quo
3682 4035 3941 4091 Ursacius

2332 4138 2395 4178 ac
2423 4123 2622 4180 Valens
2652 4134 2710 4178 ut
2762 4125 2885 4180 fidei
2929 4126 3155 4196 perﬁdia
3209 4127 3567 4185 Ariminensis
3599 4130 3944 4202 pra'polleret

2334 4213 2636 4280 eii'ecerint,
2667 4215 2769 4270 nisi
2801 4217 2927 4271 urbs
2959 4218 3105 4288 regia
3140 4229 3195 4273 et
3233 4220 3578 4290 imperatoris
3607 4223 3940 4278 comitatus?

2331 4305 2462 4370 Qua:
2493 4306 2618 4360 item
2651 4306 2764 4362 loca
2793 4307 3101 4378 desperata,
3150 4312 3252 4364 nisi
3292 4311 3509 4380 Oriens,
3547 4314 3702 4384 cujus
3745 4315 3936 4372 decem

2333 4398 2561 4452 Asianas
2587 4399 2916 4468 provincias,
2975 4401 3157 4470 paucis
3213 4418 3334 4458 cum
3392 4404 3615 4460 Eleusio
3671 4408 3938 4476 exceptis,

2335 4504 2460 4544 vere
2482 4489 2649 4544 Deum
2681 4492 2891 4548 nescire
2912 4492 3021 4562 jam
3053 4495 3146 4549 lib.
3193 4497 3260 4550 de
3301 4495 3508 4569 Synod.
3544 4516 3694 4555 num.
3727 4501 3818 4563 65,
3841 4515 3941 4556 au-

2252 4593 2306 4652 1)
2332 4579 2599 4636 divimus?
2623 4581 2912 4652 Propterea
2958 4588 3286 4658 peregrinum
3325 4599 3409 4644 est
3452 4606 3608 4661 opus,
3657 4593 3782 4663 quia
3813 4607 3938 4649 cum

2340 4669 2572 4727 Hilarius
2601 4669 3093 4742 Constantinopoli,
3120 4679 3170 4732 in
3199 4695 3303 4748 qua
3339 4692 3607 4750 versatur,
3637 4695 3798 4754 atque
3827 4685 3940 4740 circ

2337 4762 2766 4832 cutnjacentibus
2818 4768 3128 4838 regionibus
3168 4773 3433 4836 proficere
3461 4788 3519 4828 se
3551 4790 3706 4846 posse
3744 4777 3940 4847 despe-

2338 4866 2441 4923 ret,
2474 4858 2540 4912 ad
2565 4858 2910 4914 Occidentem
2958 4862 3086 4918 illud
3127 4865 3363 4922 destinat
3407 4869 3548 4924 unde
3596 4871 3768 4928 abest.
3804 4873 3938 4929 Eam

2339 4951 2481 5004 enim
2512 4951 2658 5005 verbi
2689 4954 3012 5022 peregrinum
3035 4957 3141 5010 vini
3173 4972 3293 5013 esse
3321 4960 3490 5030 liquet
3523 4978 3586 5017 ex
3617 4963 3700 5018 his
3741 4964 3836 5021 lib.
3869 4965 3940 5021 de

2338 5042 2543 5114 Synod.
2582 5058 2728 5097 num.
2752 5044 2822 5100 65
2857 5063 2868 5096 :
2907 5044 3027 5100 Non
3057 5053 3329 5121 peregrina
3359 5053 3561 5124 loquor,
3606 5073 3766 5128 neque
3792 5059 3941 5129 igno-

2338 5149 2451 5192 rata
2479 5139 2682 5205 scribo;
2709 5139 2883 5194 audivi
2903 5158 2963 5194 ac
2991 5143 3094 5196 vidi
3131 5145 3253 5198 vitia
3277 5150 3603 5218 pi'tesentiunt
3653 5166 3673 5204 .'
3709 5168 3831 5207 cum
3861 5153 3938 5208 ibi

2339 5232 2606 5300 peregrina
2659 5233 2942 5289 manifeste
2994 5247 3338 5306 opponantur
3387 5243 3768 5310 praesentibus.
3823 5245 3939 5302 lloc

2339 5324 2500 5393 igitur
2523 5325 2749 5381 adorsus
2773 5343 2914 5381 :mno
2941 5329 3066 5395 560,
3099 5345 3220 5386 eum
3261 5332 3438 5389 adhuc
3465 5336 3939 5409 Constantinopoli

2337 5430 2668 5483 versaretur,
2701 5436 2763 5476 ac
2793 5425 3103 5493 priusquam
3143 5439 3330 5482 contra
3374 5427 3750 5487 Constantium
3802 5432 3940 5489 scri-

2339 5509 2526 5578 beret,
2583 5522 2772 5584 postea
2829 5517 2881 5571 in
2927 5518 3044 5574 dies
3091 5521 3331 5589 adauxit,
3388 5524 3467 5579 uti
3525 5524 3682 5582 fidem
3733 5527 3942 5584 faciunt

2336 5601 2632 5674 fragmenta
2664 5622 2722 5673 II,
2755 5624 2849 5674 χιι,
2877 5619 2983 5667 etc.

2411 5697 2552 5754 XlV.
2591 5701 2745 5767 Quod
2800 5703 2851 5758 in
2892 5705 3101 5776 singula
3126 5705 3284 5763 docte
3326 5720 3381 5764 et
3420 5713 3643 5777 copiose
3680 5716 3940 5786 pra'fatus

2339 5799 2424 5848 est
2450 5789 2698 5851 Nicolaus
2731 5795 2926 5867 Faber,
2958 5813 3066 5856 non
3093 5801 3539 5870 supprimendum
3565 5807 3838 5879 duximus,
3866 5824 3938 5867 ne
