4270 6264
390 366 499 425 625
1830 358 2217 419 PBEFATIO.
3596 360 3701 417 626

390 481 592 555 periret
619 478 838 536 laudata
868 493 895 532 a
928 477 1111 534 multis
1152 477 1486 543 lucubratio;
1512 475 1605 532 sed
1632 490 1699 531 ne
1722 473 1997 531 Hilariana
2026 479 2080 540 Α
2102 477 2171 534 ab
2195 475 2387 533 eodem
2418 476 2630 548 vulgata
2659 484 2808 545 sunt,
2856 476 3014 549 hujus
3055 476 3285 535 indicem
3340 476 3695 538 subteximus.

388 574 591 644 scripta
633 573 879 645 lougiore
907 588 936 627 a
965 588 1026 628 se
1054 572 1337 627 intervallo
1368 578 1662 641 separaret,
1696 578 1903 626 tantum
1940 571 1994 626 in
2103 587 2265 644 quem
2292 586 2415 629 cum
2459 586 2605 628 novo
2634 571 2883 629 conferre
2932 587 3041 629 uno
3086 571 3281 629 intuitu
3318 570 3551 644 quisque
3603 586 3699 626 va-

388 665 705 737 Appendice
732 665 1126 736 reponendum.
1163 665 1238 720 lta
1258 665 1421 720 etiam
1448 679 1515 719 ne
1531 662 1780 727 cuiquam
1810 674 1997 733 pereat
2103 666 2231 723 leat.

388 759 642 831 antiquus
666 758 824 825 ordo,
852 773 958 831 quo
985 758 1195 829 singula
1237 757 1397 829 hujus
1443 756 1625 828 operis
1664 755 1996 813 monimenta

967 948 3650 978 Mm

386 1128 743 1210 θιπιε
782 1139 2281 1278 FRAGMENTORUM
2346 1137 2931 1269 VETUS
2970 1137 3513 1277 ORDO

1246 1429 1509 1516 CUM
1582 1427 1919 1514 Νονο
1995 1424 2827 1515 COMPARATUS.

1692 1659 2259 1731 \W

668 1836 855 1895 0RDO
886 1834 1138 1894 VETUS.
1728 1826 1978 1886 NOVUS.
2451 1826 2643 1884 ORDO
2678 1825 2934 1885 VETUS.
3450 1829 3685 1891 NOVUS

606 1969 764 2011 Linea
800 1966 985 2008 SANC'I'I
1014 1965 1239 2007 uiuum.
1709 1942 1979 2000 Fanum].
2164 1937 2296 1995 Item
2322 1939 2564 2011 ejusdem
2596 1940 2665 1997 de
2691 1941 2907 2010 exsilio,
2924 1939 3173 2010 Ursacio,
3192 1940 3301 1999 Va-

381 2068 715 2127 Pictaveusis
742 2065 1034 2138 provincire
1063 2062 1392 2134 Aquitania),
1423 2068 1530 2117 etc.

1063 2062 1392 2134 Ασμιίιοηίκ,
1423 2068 1530 2117 εις,
2093 2032 2229 2095 lenti
2266 2041 2322 2089 et
2355 2033 2656 2090 Germinio.

454 2162 655 2219 Sancto
681 2126 906 2230 Spiritu,
942 2166 1049 2213 etc.
1133 2126 1144 2134 ’
1380 2126 1388 2129 ’
2166 2126 2300 2230 Item
2322 2127 2548 2198 epistola
2564 2127 2767 2187 Liberii
2789 2128 2857 2187 de
2876 2130 3068 2188 exsilio
3090 2131 3159 2188 ad
3176 2132 3309 2190 Vin-

453 2255 694 2327 Epistola
725 2224 927 2326 synodi
974 2248 1316 2308 Sardicensis
1350 2247 1419 2303 ad
1465 2246 1590 2304 uni-
1665 2244 1875 2303 Ἐλωί.
1916 2243 1983 2300 ιι.
2017 2242 2066 2304 Β
2097 2224 2354 2327 “gul”?-

381 2314 567 2405 “rga,
586 2314 883 2402 Ecdegias,
2163 2314 2403 2386 Epistula
2463 2317 2823 2375 Orientalium
2878 2320 3256 2392 episcoporum
3289 2363 3307 2391 ,
3376 2320 3586 2381 Fnaou.
3627 2324 3697 2381 X.

456 2438 695 2511 Epistola
724 2436 863 2493 facta
892 2434 960 2491 ad
986 2434 1187 2491 Iulium
1217 2433 1369 2490 urbis
1409 2432 1596 2488 Romae
2091 2423 2142 2480 (11

2091 2422 2251 2480 quam
2275 2412 2507 2469 reversis
2545 2412 2616 2469 ab
2644 2412 2891 2470 Arimino
2919 2415 3110 2486 legatis
3138 2414 3302 2473 dede-

382 2533 720 2605 episcopum,
747 2529 891 2587 Iulio
914 2529 1173 2601 episcopo
1216 2542 1245 2582 a
1276 2526 1485 2600 synodo
1505 2524 1590 2582 di-
2091 2514 2242 2563 ιὐηῑο

383 2635 695 2721 τεθέξζηηιῃ
765 2709 922 2721 mum
965 2701 1083 2721 MM
1137 2691 1591 2721 -ηηηηηηηωη
2095 2649 2359 2705 Hactenus
2387 2647 2708 2721 Fragmenta
2727 2664 2844 2718 qum
2870 2648 2925 2702 in
2949 2649 3094 2721 prius
3120 2647 3340 2720 vulgatis
3367 2647 3589 2719 primunt
3613 2648 3696 2703 lo-

458 2695 722 2768 Epistola,
762 2709 923 2767 quam
965 2701 1087 2765 post
1137 2691 1592 2749 renuntiationem
1647 2732 1651 2736 ι

383 2789 778 2856 Orientalium,
850 2786 1206 2842 Athanasium
1269 2800 1422 2842 reum
1486 2798 1593 2840 non

381 2896 523 2948 esse,
550 2881 606 2937 in
645 2879 777 2936 urbe
816 2877 988 2934 Roma
1043 2876 1379 2946 holographa
1421 2891 1587 2930 manu

384 2973 585 3030 Valens
613 2970 951 3045 perscripsit,
968 2977 1026 3027 et
1044 2966 1302 3025 Ursacius
1317 2968 1595 3039 subscrip-

2164 2759 2302 2812 cum,
2331 2753 2378 2797 et
2405 2743 2457 2798 in
2482 2758 2607 2798 mss.
2658 2742 2994 2812 posteriorem
3044 2741 3272 2796 obtinent
3303 2757 3321 2795 :
3350 2740 3588 2815 deinceps
3618 2759 3698 2797 se-

2162 2843 2408 2906 quuntur,
2457 2849 2571 2905 qua:
2619 2833 2969 2905 superioribus
3014 2831 3244 2888 subnexa
3284 2842 3404 2888 sunt
3454 2834 3508 2888 in
3554 2834 3699 2904 prius

2162 2927 2403 2999 vulgatis,
2429 2927 2660 2999 quamvis
2684 2942 2744 2981 ea
2769 2923 3060 2995 prazcedant
3085 2924 3139 2978 in
3159 2941 3281 2980 mss.

383 3068 475 3125 sit.
2164 3080 2326 3137 Fides
2352 3079 2619 3138 catholica
2648 3080 2895 3153 exposita
2925 3080 3069 3153 apud
3112 3079 3304 3137 Phari—
3352 3081 3559 3142 FRAGI.
3601 3082 3695 3142 XI.

453 3157 588 3215 Ῑιεω
606 3158 917 3230 “emplum
939 3159 1160 3216 “uerius
1188 3157 1434 3229 θβίεῑοκθ
1483 3154 1592 3212 γε·
2092 3191 2241 3232 seam
2267 3176 2544 3232 civitatem
2592 3176 2660 3230 ab
2698 3175 2967 3248 episcopis
3004 3174 3300 3233 Gallicanis

383 3251 544 3310 lentis
590 3264 642 3310 et
687 3252 922 3320 Ursacii,
965 3268 1127 3326 quam
1178 3261 1301 3323 post
1344 3250 1592 3321 aliquan-
2092 3269 2161 3325 ad
2188 3268 2493 3326 orientales
2521 3269 2830 3339 episcopos,

387 3353 497 3400 ιιιηῖ
527 3345 791 3416 ιθηιροτίε
820 3346 889 3401 3b
913 3343 1190 3415 Aquileia,
1221 3350 1411 3413 Imma
1437 3356 1600 3438 (Imm)
2164 3367 2401 3438 Epistola
2433 3365 2650 3423 Eusebii
2681 3364 2749 3421 ad
2791 3363 3112 3437 Gregorium
3157 3362 3298 3437 Spa-

386 3438 526 3494 hanc
563 3439 901 3505 superiorem
955 3439 1145 3494 Roma:
1188 3438 1474 3503 miserant,
1524 3434 1594 3492 ad
2095 3434 2342 3517 "engem,

384 3530 743 3588 Athanasium
770 3530 1039 3586 miserunt
1072 3529 1416 3601 episcopum.

2164 3557 2408 3630 Epistola
2451 3556 2714 3615 Germinii
2753 3555 2994 3628 episcopi
3043 3553 3305 3611 adversus
3343 3553 3550 3611 Funcu.
3573 3552 3691 3609 XII.

456 3624 621 3682 Fides
662 3625 803 3696 apud
826 3624 1059 3681 Nicaeam
1090 3625 1396 3694 conscripta
1427 3638 1456 3677 a
1488 3621 1594 3679 518
2016 3634 2062 3699 C
2094 3621 2349 3707 Aria'ms,

386 3718 659 3789 episcopis
684 3728 873 3774 00mm
902 3733 1094 3774 οῖηηθδ
1118 3717 1377 3774 δπτοδθε·
2165 3745 2454 3800 Decretum
2490 3740 2843 3798 Orientalium
2888 3740 3298 3811 episcoporum,
3338 3735 3546 3793 FRAGI.
3603 3733 3693 3790 Ill.

460 3830 700 3901 Epistola
721 3830 919 3887 Liberii
947 3831 1185 3902 episc0pi
1233 3829 1382 3886 urbis
1413 3828 1601 3885 Roma:
1640 3827 1850 3886 FRAGI.
1893 3827 1985 3883 IV.
2093 3837 2236 3909 quod
2267 3837 2533 3891 miserunt
2557 3834 2625 3890 ad
2655 3835 2911 3889 Africam.

388 3922 455 3978 ad
485 3921 786 3980 Orientales
813 3923 1121 3994 episcopos.
2168 3931 2405 4001 Epistola
2432 3926 2790 3984 Ariminensis
2812 3922 3036 3980 Concilii
3062 3922 3129 3979 ad
3157 3921 3300 3978 Con-
3332 3920 3542 3980 FBAGI.
3560 3918 3697 3977 VIII.

455 4015 587 4071 Item
635 4016 861 4086 epistola
901 4015 1097 4072 Liberii
1146 4015 1383 4086 episcopi
1436 4014 1585 4070 urbis
1646 4013 1853 4071 Fnacn.
1895 4012 1991 4069 XII
2096 4024 2352 4080 stantium
2401 4023 2807 4094 imperatorem,
2840 4017 2931 4074 ubi
2963 4016 3299 4090 prmvaﬁcati

386 4107 574 4163 Roma:
618 4107 685 4163 ad
739 4108 1037 4165 catholicos
1074 4107 1243 4163 Italia:
1285 4106 1587 4176 episcojtos.
2095 4128 2223 4174 sum
2251 4132 2280 4171 a
2304 4115 2410 4172 ﬁde
2438 4129 2589 4172 vera.
3332 4104 3341 4112 ”

456 4198 693 4269 Epistula
724 4200 1098 4271 episcoporum
1133 4198 1298 4256 Italiae
1341 4198 1409 4253 ad
1461 4197 1573 4269 epi-

2167 4207 2330 4265 Gesla
2359 4207 2449 4264 ubi
2474 4205 2811 4278 praevaricati
2849 4213 2976 4260 sunt
3004 4202 3165 4276 legati
3194 4202 3302 4273 epi-

384 4310 583 4366 scopos
610 4296 872 4368 Illyricos.
2095 4303 2245 4373 scopi
2284 4316 2314 4355 a
2345 4300 2450 4358 fide
2472 4315 2623 4358 vera.

462 4390 699 4461 Epistula
734 4389 971 4446 Valentis
1008 4401 1063 4447 et
1113 4389 1322 4447 Ursacii
1372 4400 1425 4447 ct
1453 4391 1579 4446 alio.
1618 4385 1990 4447 FnaquilV.
2169 4396 2413 4467 Epistola
2440 4395 2607 4451 missa
2628 4394 2695 4450 ad
2716 4392 3089 4450 Constantium
3120 4386 3295 4461 Impe-
3345 4386 3554 4445 FRAGII.
3601 4386 3695 4443 IX.

391 4500 510 4540 rum
540 4483 605 4538 ad
639 4483 998 4539 Germiuiuni.
2098 4496 2333 4545 ratorem
2365 4504 2394 4543 a
2425 4487 2650 4560 perﬁdis
2674 4486 2964 4557 episcopis.

462 4576 804 4646 Rescriptum
858 4574 1122 4632 Germiuii
1166 4575 1232 4632 ad
1284 4575 1593 4644 Rutianum,
1636 4573 1988 4633 Fnacu.XV.
2170 4583 2413 4655 Epistola
2465 4581 2534 4639 ad
2588 4582 2964 4638 Constantium
3023 4581 3317 4650 imperato-
3369 4575 3578 4633 Fumat.
3631 4574 3699 4629 V.

388 4669 687 4724 Palladium
719 4679 773 4723 el
807 4679 1057 4724 cteleros.
2097 4690 2211 4730 rem
2263 4688 2293 4727 a
2334 4673 2550 4729 Liberio
2588 4672 2845 4741 episc0po
2889 4670 3040 4726 urbis
3085 4670 3269 4724 Romae
3292 4709 3310 4737 ,

459 4762 814 4836 διε-616
845 4764 1079 4833 Epistola
1113 4762 1311 4818 Liberii
1334 4763 1593 4833 rescripta
1634 4760 1840 4818 Fnacn.
1905 4759 1991 4817 Vl.
2099 4768 2262 4823 missa
2296 4782 2391 4837 per
2416 4765 2723 4823 Luciferum
2749 4765 3087 4836 episcopum.

388 4857 454 4913 ad
497 4857 812 4919 Eusebium,
847 4857 1160 4929 Dionysium
1196 4865 1251 4912 et
1286 4855 1593 4911 Luciferum
1678 4912 1693 4923 ,
2172 4861 2414 4931 Epistula
2467 4859 2774 4914 Constantii
2844 4857 3184 4927 imperatoris
3235 4853 3303 4909 ad
3344 4852 3548 4909 Fumat.
3578 4845 3693 4905 VII.

386 4952 759 5012 Confessores,
791 4961 916 5007 ante
943 4966 1104 5020 quam
1119 4949 1184 5005 ad
1203 4951 1450 5006 exsiliqu
1470 4951 1592 5007 iret.
2098 4957 2382 5026 episc0pos
2406 4953 2591 5017 Italiae,
2620 4953 2711 5024 qui
2742 4951 3071 5008 Ariminensi
3100 4960 3308 5022 synono

462 5043 592 5098 Item
633 5042 875 5113 ejusdem
897 5042 964 5099 ad
986 5042 1262 5099 Caecilium
1294 5044 1605 5116 episcopum
2028 5035 2077 5096 υ
2102 5048 2491 5095 convenerant.

387 5135 750 5206 Spoletinum.
2174 5131 2426 5187 Deﬁnitio
2470 5132 2652 5205 habita
2697 5129 2767 5186 ab
2807 5130 3059 5187 omnibus
3084 5126 3313 5197 catholi-

459 5228 741 5296 Quomodo
779 5227 1028 5284 Liberius
1077 5228 1192 5286 haec
1238 5232 1420 5286 omnia
1474 5244 1596 5300 quae
2099 5227 2180 5285 cis
2205 5228 2494 5298 episcopis,
2538 5228 2848 5299 priusquam
2894 5240 2993 5297 per
3033 5234 3307 5282 terrenam

385 5332 630 5394 gesserat
657 5325 744 5380 vel
768 5325 1110 5396 promiserat,
1144 5327 1342 5382 missus
1373 5326 1427 5381 iu
1452 5325 1592 5381 εκεῖ.
2101 5329 2423 5393 potestatem
2453 5320 2629 5377 territi
2657 5318 3037 5376 haereticorum
3078 5329 3307 5374 consor-

389 5418 520 5473 lium
549 5418 799 5477 universa
830 5419 885 5475 in
919 5419 1134 5477 irritum
1174 5419 1415 5479 deduxit.
2103 5416 2179 5472 tio
2196 5416 2532 5474 sociarentur
2561 5414 2616 5472 in
2637 5412 2883 5472 Concilio
2912 5411 3265 5471 Ariminensi.
