4270 6264
565 325 671 384 697

1785 316 2030 378 SANCTI
2070 317 2327 379 HILABII
2367 316 2673 383 EPISCOM

3767 321 3879 379 628

592 454 3865 485 “mm

1250 508 1611 601 617-618

1652 578 2749 703 FRAGMENTA

824 809 1096 953 EX
1233 802 1861 955 LIBRO
1997 802 2716 954 SANCTI
2848 808 3631 962 HILARII

1090 1042 1857 1141 PICTAVENSIS
1916 1040 2601 1127 PROVINCLE
2652 1045 3369 1161 AQUITANI/E,

564 1228 633 1286 IN
687 1228 828 1300 QUO
891 1228 1073 1285 SUNT
1111 1220 1347 1296 OMNIA,
1388 1226 1558 1296 ρυλε
1620 1212 2036 1283 OSTENDUNT
2101 1222 2241 1281 νει,
2276 1214 2646 1293 QUOMODO,
2688 1228 3093 1296 QUIBUSNAM
3133 1233 3419 1305 CAUSIS,
3476 1238 3726 1308 QUIBUS
3786 1240 3887 1297 IN-

790 1320 1178 1379 STANTIBUS
1218 1320 1348 1377 SUB
1387 1317 1838 1375 IMPERATORE
1876 1315 2310 1374 CONSTANTIU
2349 1318 2631 1376 FACTUM
2672 1322 2795 1378 EST
2835 1323 3260 1385 ARIMINENSE
3297 1329 3671 1391 CONCILIUM

961 1412 1237 1469 CONTRA
1279 1411 1708 1469 FORMELLAM
1747 1408 2004 1467 NICENI
2044 1409 2465 1471 TBACTATUS
2489 1450 2506 1481 ,
2549 1413 2691 1482 QUA
2738 1415 3107 1479 UNIVERSIE
3147 1422 3493 1484 Η.)ΕῆΕὸεὸ

1758 1504 1839 1575 (a)
1878 1502 2412 1563 COMPREHENSIE
2452 1504 2709 1563 ERANT.

844 1647 1329 1707 FRAGMENTUM
1366 1647 1390 1703 1
1425 1646 1629 1719 (Aliost
1657 1642 1863 1716 partis).

643 1748 694 1801 1.
724 1744 894 1813 Fidei,
923 1745 1033 1814 spei
1059 1752 1106 1797 et
1123 1741 1394 1797 charitatis
1409 1740 1724 1812 praestantia.
1747 1768 1818 1778 --
1836 1737 2035 1795 Sancto
2058 1736 2179 1810 Spi-

572 1839 680 1894 ritu
706 1840 897 1909 plenus
927 1836 1123 1890 Paulus
1155 1834 1435 1903 apostolus
1464 1831 1531 1887 ad
1562 1831 1878 1887 Corinthios
1909 1831 1979 1885 ita
2002 1831 2180 1901 loqui-

570 1943 657 1988 tur
679 1951 691 1987 :
713 1931 888 1985 Manet
912 1940 1079 1983 autent
1101 1928 1250 1998 ﬁdes,
1274 1942 1411 1999 spes,
1437 1926 1662 1982 charitas
1691 1922 1737 1998 (l
1756 1923 1878 1980 Cor.
1911 1938 2028 1990 xm,
2060 1921 2174 1995 15).

570 2025 820 2096 Magnum
840 2023 1284 2080 consummanda:
1296 2024 1542 2079 veritatis
1562 2030 1968 2078 sacramentum
1990 2024 2064 2079 ita
2086 2022 2183 2080 tri-

569 2119 697 2191 plici
720 2118 798 2190 (b)
822 2118 1044 2174 humani
1078 2131 1276 2174 sensus
1312 2116 1604 2173 affectione
1631 2116 2012 2187 comNectitur
2043 2134 2056 2171 :
2087 2128 2178 2172 re-

570 2212 844 2282 liquarum
874 2222 1055 2267 autem
1085 2225 1267 2266 rerum
1290 2211 1405 2265 sive
1432 2208 1613 2266 ofﬁcia
1641 2211 1756 2265 sive
1782 2210 1949 2279 dona,
1976 2211 2030 2266 in
2060 2209 2180 2281 qui-

575 2304 679 2361 bus
724 2316 872 2359 nunc
911 2319 1009 2373 pro
1049 2313 1204 2373 parte
1228 2318 1551 2370 versamur,
1596 2301 1862 2358 abolenda
1913 2302 2185 2372 signiﬁcat

578 2396 745 2470 (Ibid.
777 2398 810 2453 8
839 2407 887 2451 et
933 2399 1097 2467 seqq.)
1120 2438 1135 2463 ,
1166 2412 1290 2454 cum
1317 2396 1555 2453 adventu
1587 2396 1798 2451 Domini
1842 2394 2012 2451 nostri
2050 2395 2181 2451 .lesu

577 2489 782 2545 Christi
819 2490 1060 2546 caelestis
1099 2489 1319 2544 concilii
1371 2487 1633 2558 perfectio
1673 2487 2004 2543 inveniatur.
2051 2486 2186 2542 Cor-

577 2585 833 2657 ruptione
875 2584 1021 2639 enim
1053 2590 1237 2643 nostra
1285 2582 1339 2637 in
1381 2580 1708 2638 aeternitatis
1738 2580 1969 2651 gloriam
2003 2587 2185 2634 trans-

569 2677 801 2734 formata
827 2718 841 2744 ,
881 2672 1007 2744 hnc,
1057 2673 1203 2746 quod
1227 2689 1369 2729 nunc
1397 2672 1599 2746 aliquid
1627 2666 1753 2729 esse
1778 2672 2042 2738 creditur,
2074 2685 2180 2726 non

571 2771 707 2838 erit;
742 2768 958 2842 quando
995 2769 1154 2825 tribui
1190 2768 1451 2839 eruperit,
1494 2767 1639 2835 quod
1668 2782 1789 2823 cum
1819 2776 1934 2832 est,
1966 2774 2185 2835 Semper

574 2872 843 2919 aeternum
875 2875 978 2918 est.
1012 2860 1214 2918 Verum
1237 2859 1383 2925 ﬁdei,
1417 2861 1557 2931 spei,
1586 2860 1869 2916 charitatis
1886 2858 1993 2913 hoc
2021 2857 2188 2913 meri—

571 2967 689 3012 tum
714 2966 817 3022 est,
847 2967 906 3012 ut
932 2957 1124 3012 mortis
1147 2954 1330 3011 debito
1353 2956 1675 3026 corporibus
1702 2952 2005 3017 dissolutis,
2034 2964 2186 3007 sem-

2213 1646 2270 1707 Α
2360 1645 2418 1701 Ξ.
2473 1645 2629 1702 Fidei
2679 1650 2937 1706 meritum.
2980 1651 3107 1726 Spei
3135 1665 3345 1711 natura.
3396 1656 3680 1716 Charitatis
3723 1662 3888 1731 affec-

2284 1748 2388 1794 tus.
2428 1769 2499 1781 ——
2539 1742 2705 1813 Igitur
2755 1746 2897 1802 Deus
2941 1747 3169 1817 justitiae
3222 1752 3455 1820 praevius
3503 1753 3576 1827 (e)
3632 1773 3891 1815 numera-

2286 1841 2410 1897 tur,
2476 1834 2724 1891 creditus
2783 1836 2852 1893 ab
2910 1839 3194 1910 ignorante
3245 1830 3389 1913 quod
3448 1836 3593 1901 Deus
3640 1848 3729 1904 sit.
3785 1851 3891 1905 At-

2283 1936 2393 1992 que
2418 1925 2489 1981 οι)
2531 1924 2583 1981 id
2615 1927 2889 1985 Abraham
2932 1930 3068 1988 ﬁdes
3111 1934 3282 2004 prima
3317 1935 3582 2006 justiﬁcat
3606 1938 3791 2012 (Hebr.
3828 1957 3888 2008 ιι,

2285 2015 2318 2072 6
2354 2026 2402 2071 et
2442 2017 2595 2076 Rom.
2626 2037 2718 2090 tv,
2764 2023 2850 2096 9),
2900 2035 2953 2081 et
2995 2022 3320 2086 Chanantete
3358 2031 3527 2093 ﬁliam
3568 2033 3784 2095 silentio
3815 2038 3894 2109 (θ’)

2284 2110 2572 2168 Dominum
2613 2119 2871 2175 tentautis
2911 2120 3101 2176 matris
3148 2121 3283 2180 ﬁdes
3310 2125 3485 2181 salvat
3527 2126 3743 2189 (Jlattlt.
3790 2146 3888 2195 xv,

2283 2203 2381 2275 9.8)
2406 2246 2423 2273 ,
2467 2215 2522 2267 et
2550 2206 2901 2268 credentibus
2943 2212 3000 2269 in
3030 2213 3251 2271 nomine
3295 2216 3414 2286 ejus
3443 2226 3684 2288 potestas
3714 2216 3803 2294 (gl
3834 2222 3891 2278 in

2281 2295 2490 2354 Joanne
2521 2298 2792 2367 tribuitur,
2838 2312 2897 2358 ut
2923 2319 2992 2360 ex
3025 2305 3137 2361 Deo
3174 2309 3284 2362 nati
3327 2309 3435 2366 sint
3465 2304 3648 2382 (Jun.
3681 2328 3724 2382 ι,
3765 2314 3883 2387 η).

2284 2389 2538 2462 Magnum
2580 2400 2666 2448 est
2701 2392 2828 2452 ﬁdei
2858 2397 3118 2457 meritum
3139 2441 3156 2467 ,
3192 2411 3247 2459 et
3279 2400 3517 2473 perfecta
3539 2407 3893 2468 credentibus

2288 2481 2401 2539 Deo
2428 2483 2746 2552 beatitudo,
2781 2501 2874 2557 per
2897 2504 3057 2560 quam
3090 2492 3290 2562 genitis
3321 2494 3374 2557 in
3405 2510 3675 2567 corpore,
3705 2499 3758 2556 in
3786 2500 3895 2558 ini-

2285 2576 2511 2645 quitate,
2545 2576 2597 2631 in
2628 2578 2983 2648 azgritudine,
3023 2589 3080 2637 et
3100 2583 3307 2655 justitia
3331 2597 3385 2641 et
3420 2589 3625 2645 sanitas
3653 2600 3709 2646 et
3734 2601 3894 2651 ortus

2285 2681 2352 2722 ex
2381 2667 2491 2723 Deo
2530 2676 2636 2724 est.
2668 2669 2806 2742 Spes
2846 2684 2976 2728 vero
3012 2677 3385 2737 ammnitatem
3435 2680 3562 2736 vita:
3600 2684 3892 2743 mundialis

2285 2769 2340 2817 et
2367 2760 2506 2816 bona
2538 2762 2748 2830 steculi,
2775 2764 3110 2835 quiescentis
3138 2767 3202 2841 (Ῑ.
3228 2769 3545 2845 quiescens)
3570 2773 3623 2829 in
3653 2775 3740 2832 his
3764 2793 3894 2848 quas

2285 2868 2314 2906 a
2360 2854 2474 2909 Deo
2538 2855 2798 2925 disposita
2850 2858 3109 2928 conﬁdit,
3158 2875 3490 2934 exsuperat,
3539 2870 3893 2936 praesentium

2282 2945 2486 3003 damno
2518 2945 2822 3005 futurorum
2864 2952 3014 3007 lucra
3050 2957 3310 3011 meritura
3353 2974 3367 3011 :
3416 2974 3576 3030 quam
3625 2961 3891 3021 Dominus

571 3063 671 3120 per
702 3058 955 3104 maneant
976 3088 991 3116 ,
1026 3063 1130 3104 tice
1163 3063 1417 3118 umquam
1445 3046 1726 3112 desinant;
1768 3054 1972 3103 etcum
1997 3046 2179 3099 omnia
2207 3036 2257 3097 B
2285 3039 2379 3094 tali
2413 3042 2635 3109 pra-mia
2665 3054 3000 3111 numeratur,
3021 3044 3223 3111 Omnis,
3252 3050 3341 3116 qui
3356 3050 3614 3123 reliquerit
3641 3054 3880 3122 domum,

572 3143 627 3198 in
677 3142 896 3198 homine
930 3157 1025 3207 pro
1072 3152 1223 3213 parte
1247 3142 1379 3207 sint,
1420 3141 1536 3197 haec
1566 3150 1745 3197 tamen
1798 3139 1914 3193 sola
1943 3137 2184 3208 perfecta

572 3236 703 3292 sint.
760 3235 893 3290 Nam
948 3237 1063 3291 sive
1114 3233 1417 3306 prepbetize
1469 3232 1866 3303 abolebantur,
1919 3232 2034 3295 sive
2080 3231 2183 3289 lin-

575 3342 697 3398 gna:
746 3328 1076 3391 cessabunt,
1128 3328 1244 3389 sive
1287 3324 1514 3385 scientia
1557 3323 1900 3390 destruetur,
1950 3322 2049 3383 tria
2097 3322 2186 3379 illa

575 3421 856 3492 superiora
930 3422 1317 3490 perfectionem
1382 3417 1771 3474 immutabilem
1840 3432 2185 3487 consequun-

572 3524 664 3570 tur
716 3531 729 3567 :
778 3523 832 3569 et
900 3512 1033 3569 nihil
1095 3523 1188 3567 aut
1243 3513 1585 3569 extrinSecus
1640 3511 2025 3573 mutabuntur,
2091 3516 2185 3562 aut

572 3608 711 3663 ultra
752 3621 911 3678 quam
957 3605 1026 3678 (c)
1077 3604 1365 3671 obtinent,
1411 3604 1634 3659 uberius
1688 3602 1989 3671 acquirent.
2047 3600 2178 3656 Cum

570 3700 717 3757 enim
796 3700 1112 3772 prophetiae
1175 3707 1232 3755 et
1288 3698 1503 3772 linguas
1591 3706 1645 3754 et
1694 3696 1977 3753 scientiam
2032 3695 2230 3763 veri-,

572 3802 656 3846 tas
710 3792 956 3848 absoluta
1007 3790 1260 3859 depellit;
1325 3788 1487 3845 ﬁdem
1519 3826 1536 3854 .
1592 3803 1802 3859 spem,
1860 3786 2180 3843 charitatem

575 3886 926 3956 capessendae
963 3883 1288 3941 aeternitatis
1325 3881 1578 3939 traduces
1618 3890 1673 3937 et
1718 3890 1986 3953 patronos
2029 3878 2189 3933 sicuti

566 3977 693 4051 ipsa
736 3988 897 4031 erunt
947 3976 1229 4033 aeternitas
1277 3974 1682 4047 apprehendet.
1734 3972 1804 4029 Et
1846 3956 2183 4043 singularum

575 4069 796 4139 quidem
821 4084 1003 4124 rerum
1031 4069 1174 4125 idem
1199 4067 1390 4123 beatus
1407 4067 1703 4140 Apostolus
1728 4066 1924 4122 metita
1949 4062 2180 4141 (supple,

576 4163 791 4216 ratione
819 4170 907 4215 aut
936 4160 1060 4231 quid
1085 4158 1275 4230 simile)
1301 4159 1481 4231 exigui
1504 4158 1728 4217 honoris
1765 4157 1848 4217 sui
1887 4154 2135 4215 distinxit
2164 4174 2177 4210 :

573 4252 877 4323 utintelligi
905 4263 1210 4324 promptum
1230 4262 1393 4322 esset,
1419 4253 1637 4309 caeteris
1666 4252 1746 4326 (ά)
1777 4251 2018 4325 profectu
2047 4266 2183 4322 aug-

574 4347 742 4402 menti
792 4346 1035 4405 cmlestis
1078 4347 1397 4414 abolendis,
1446 4362 1551 4403 non
1591 4347 1788 4418 exiguo
1832 4347 2059 4405 honoris
2097 4345 2179 4405 sui

571 4437 770 4508 fructu,
798 4439 901 4494 tria
930 4438 1047 4496 hmo
1068 4440 1184 4496 sola
1211 4454 1337 4496 esse
1365 4455 1487 4512 quae
1515 4449 1765 4496 maneant
1791 4438 2033 4513 quidem.

2287 3132 2367 3188 vel
2407 3137 2623 3205 fratres,
2671 3136 2750 3191 uel
2795 3152 3017 3202 sorores,
3061 3151 3148 3194 aut
3177 3151 3428 3207 matrem,
3471 3154 3560 3200 ent
3589 3147 3748 3216 ﬁlios,
3797 3161 3891 3204 aut

2285 3244 2466 3297 agrum
2499 3239 2708 3299 prapter
2736 3242 2919 3285 nomen
2960 3249 3164 3300 meum,
3195 3235 3492 3308 ceruuplunt
3528 3241 3742 3309 accipiet
3767 3282 3781 3305 ,
3835 3251 3893 3300 et

2286 3321 2441 3375 vitam
2479 3333 2724 3376 teternmn
2763 3324 3043 3394 possidebit
3072 3324 3287 3395 (Matth.
3342 3342 3432 3384 ιιι
3454 3372 3470 3397 ,
3502 3331 3622 3404 29).
3660 3332 3890 3405 Egregia

2287 3415 2546 3468 virtutum
2575 3414 2666 3468 Dei
2692 3416 2867 3481 testis,
2893 3415 3087 3473 ﬁducia
3115 3422 3535 3490 exspectationis
3563 3440 3715 3493 suae,
3744 3443 3891 3497 pra:-

2286 3506 2462 3561 sentia
2502 3522 2732 3577 quaeque
2760 3517 2817 3562 ut
2844 3509 2989 3565 nulla
3020 3518 3078 3565 et
3099 3511 3305 3569 incerta
3350 3513 3680 3586 despiciens,
3710 3519 3890 3576 futura

2284 3614 2414 3654 vero
2430 3608 2491 3654 ut
2504 3610 2705 3655 :cterna
2724 3610 2778 3658 et
2799 3602 3085 3670 praesentia
3107 3605 3551 3674 apprehendens!
3576 3609 3684 3665 Sed
3699 3616 3859 3680 quam
3883 3648 3890 3654 -

2287 3708 2444 3762 quam
2458 3692 2625 3765 619
2639 3708 2905 3749 mansura:
2922 3695 3069 3764 ﬁdei,
3086 3698 3223 3768 spei,
3238 3697 3515 3756 charitatls
3531 3702 3597 3773 (f.
3614 3703 3890 3778 charitati)

2287 3798 2474 3861 parem
2496 3787 2722 3856 gloriam
2767 3786 2910 3842 idem
2941 3790 3237 3859 Apostolus
3266 3791 3482 3860 tribuat,
3525 3805 3579 3853 et
3606 3798 3890 3867 :equnliter

2285 3877 2622 3932 inviolabiles
2639 3892 2729 3932 eas
2743 3893 2865 3934 esse
2881 3878 3170 3949 signiﬁcet;
3199 3881 3518 3943 cbaritatem
3541 3895 3718 3947 tamen
3746 3904 3890 3959 pra:-

2293 3977 2438 4026 stare
2456 3970 2671 4029 caeteris
2691 3969 3067 4042 superioribus
3079 3972 3299 4031 indicat.
3312 3974 3418 4039 Per
3441 3977 3581 4035 hanc
3594 3980 3740 4037 enim
3754 3997 3887 4051 qun-

2287 4062 2412 4117 dam
2442 4062 2654 4118 vinculo
2683 4063 2793 4121 Deo
2820 4069 3057 4139 suscepti
3080 4068 3281 4124 amoris
3301 4073 3642 4131 annectimur
3671 4093 3684 4130 :
3720 4075 3891 4147 ﬁtque

2289 4154 2565 4211 individua
2612 4156 2681 4213 ab
2714 4172 2781 4213 eo
2809 4158 3062 4217 voluntas
3103 4171 3287 4218 nostra
3325 4165 3492 4222 semel
3533 4168 3736 4224 nomini
3767 4170 3888 4240 ejus

2291 4245 2558 4304 charitate
2580 4250 2793 4319 pietatis
2818 4249 2995 4307 infusa
3018 4293 3034 4319 ,
3072 4268 3100 4305 a
3130 4269 3233 4325 qua
3262 4271 3368 4310 non
3410 4257 3639 4331 gladius,
3671 4276 3775 4317 non
3805 4264 3890 4317 ia-

2290 4354 2439 4406 mes,
2491 4356 2597 4399 non
2646 4341 2863 4399 auditas
2910 4345 3185 4415 separabit
3216 4346 3392 4421 (Rom.
3440 4364 3571 4415 vnt,
3613 4352 3738 4424 '55);
3791 4371 3889 4424 per

2290 4449 2450 4505 quam
2482 4434 2561 4490 ira
2580 4477 2597 4503 ,
2625 4435 2930 4503 aemulatio,
2953 4438 3208 4508 ambitio,
3241 4438 3496 4513 iniquitas
3520 4485 3536 4512 ,
3560 4444 3753 4513 luxus,
3793 4463 3889 4503 cu-

650 4577 731 4651 (a)
774 4572 1179 4659 Prmferetidutn
1221 4592 1345 4637 ease
1364 4622 1377 4645 ,
1413 4596 1722 4659 compressu:
1737 4587 1918 4659 erant,
1960 4579 2169 4659 perspi-
2198 4578 2245 4642 C
2278 4573 2440 4659 credit
2467 4574 2604 4659 quod
2629 4590 2734 4630 non
2752 4575 2906 4659 uidet.
2935 4592 3029 4659 nec
3048 4573 3569 4659 spedesideratquod
3589 4601 3691 4642 non
3713 4596 3884 4659 tenet;

570 4650 732 4708 cuum
764 4661 941 4707 estex
992 4654 1074 4707 his
1118 4651 1331 4723 Fragm.
1381 4668 1419 4707 ιι
1443 4693 1459 4716 .
1503 4650 1558 4707 n.
1589 4653 1658 4707 Ἦ
1685 4670 1698 4705 :
1728 4650 2174 4723 Itaquehcompri-

579 4723 752 4776 mendi
779 4724 903 4777 mali
941 4724 1091 4779 istius
1114 4721 1273 4778 causa
1292 4766 1306 4787 ,
1354 4725 1565 4780 trecenti
1593 4723 1672 4778 uel
1699 4739 1757 4778 eo
1784 4721 2012 4792 amplius
2040 4723 2174 4789 epis-

574 4794 863 4868 wpiagud
896 4793 1129 4849 Nicaeam
1157 4806 1550 4868 congregantur.
1587 4793 1653 4849 Et
1686 4794 1843 4868 paulo
1890 4800 2012 4868 post
2040 4792 2173 4868 ﬁdes

574 4812 691 4860 copi
793 4812 863 4848 ua
896 4812 1129 4849 λνιεωαηι
1157 4812 1550 4868 congregantur.
1587 4812 1653 4849 ω
1686 4812 1843 4861 pamo
1890 4812 2012 4862 pos:
2040 4812 2172 4848 nues

571 4812 970 4934 apmlllgiczcam
1004 4866 1310 4932 conscripta
1338 4876 1514 4919 contra
1535 4880 1709 4920 omnes
1741 4863 1958 4919 hareses
1983 4865 2172 4921 inscri-

569 4935 740 4993 bitur.
777 4937 1015 4992 Titulum
1039 4938 1181 4992 hunc
1206 4951 1237 4991 e
1268 4951 1401 4992 mss.
1447 4945 1618 4991 totum
1648 4937 2037 5004 expressimus,
2068 4935 2169 4991 nisi

570 5007 715 5077 quod
747 5009 931 5079 initio,
963 5008 1049 5063 ubi
1079 5009 1130 5062 in
1160 5006 1265 5061 illis
1295 5008 1522 5065 habetur
1546 5007 1740 5079 Incipit
1781 5007 1931 5074 liber,
1972 5006 2174 5065 substi-

574 5076 1122 5150 tuimnstragntenta
1151 5094 1214 5133 ea:
1240 5078 1392 5134 libro.

643 5149 720 5220 (b)
763 5147 1055 5216 Exemplar
1083 5154 1185 5204 ms.
1207 5191 1221 5213 ,
1264 5151 1457 5220 triplici
1493 5149 1707 5205 humani
1735 5162 1911 5206 sensus
1935 5147 2172 5217 uﬂ'ectio-

571 5239 689 5295 nem
719 5238 738 5276 :
767 5237 831 5277 ex
876 5238 985 5295 quo
1013 5220 1248 5295 confeclt
1275 5220 1454 5295 Faber
1474 5265 1489 5289 ,
1530 5222 1789 5295 triplicem
1824 5220 2167 5289 afeetionem.

570 5291 838 5363 Malumus
889 5291 1126 5351 retinere
1161 5291 1448 5352 lectionem
1496 5291 1839 5351 msisublata
1899 5303 2172 5363 postrema

569 5362 825 5441 litteram
848 5406 864 5430 ,
891 5379 1013 5441 quae
1042 5366 1093 5423 in
1126 5364 1317 5441 eodem
1352 5364 1787 5441 msLsgcpissime
1817 5362 2074 5441 abundat.

643 5432 715 5506 (c)
747 5434 805 5507 In
833 5432 1148 5507 archetypo,
1171 5434 1408 5491 obtinuit.
1437 5432 1621 5501 Fides,
1646 5450 1792 5506 spes,
1824 5432 2062 5491 charitas
2088 5433 2171 5489 fe-

568 5505 764 5561 runtur
792 5505 847 5577 in
880 5505 1049 5562 Deum
1078 5518 1133 5561 ut
1162 5507 1217 5561 in
1247 5507 1407 5562 ﬁnem
1441 5525 1454 5560 :
1489 5522 1648 5577 quem
1678 5505 1801 5562 cum
1829 5520 2172 5577 consequun-

571 5584 693 5649 tur,
727 5574 1116 5649 perfectionem
1151 5578 1384 5649 habent;
1424 5586 1478 5634 et
1503 5574 1641 5649 eam,
1671 5577 1886 5649 quidem
1921 5574 2171 5633 immuta-

570 5646 696 5702 bilis
725 5657 810 5701 est
840 5649 931 5703 Dei
977 5647 1181 5703 fruitio.
1217 5647 1291 5703 Ea
1322 5650 1533 5705 ratione
1574 5646 1708 5703 ﬁdes
1737 5665 1801 5705 ac
1829 5662 1956 5719 spes
1976 5649 2170 5704 extrin-

569 5732 722 5771 secus
767 5733 872 5772 non
924 5719 1390 5789 mutanturnAlio
1437 5734 1598 5774 sensu
1639 5719 1783 5774 dixit
1837 5722 2168 5789 Augustinus

2280 4648 2376 4729 sed
2468 4656 2727 4729 ueternum
2757 4648 3231 4729 veritatisspeciem
3255 4648 3653 4729 contemplatur.

2354 4718 2435 4800 (ᾳ)
2468 4718 2644 4800 Faber
2668 4733 2755 4800 ex_
2777 4733 2905 4774 mss.
2942 4720 3226 4800 Pithmano
3267 4737 3321 4780 et
3347 4718 3504 4783 Colb.
3526 4769 3541 4792 ,
3585 4730 3879 4800 prophetia.

2282 4787 2475 4845 Verius
2504 4788 2826 4873 Sirmpntlus
2869 4805 2935 4846 ex
2976 4791 3228 4873 βαιηίς..
3279 4787 3537 4872 profectu.
3580 4787 3729 4867 Mox',
3783 4818 3883 4873 pro

2279 4860 2770 4934 maneantquidem,
2805 4862 2942 4918 forte
2975 4860 3255 4934 legendum
3280 4860 3525 4926 maneant
3554 4860 3750 4929 eadem.

2353 4931 2425 5007 (e)
2458 4932 2640 5014 Edidit
2668 4931 2844 5014 Faber
2869 4950 2935 4989 ex
2964 4931 3072 5014 ﬁde
3102 4942 3381 5014 archetypi
3409 4945 3520 5010 sui,
3564 4945 3758 5013 primus
3784 4962 3883 4999 nu-

2278 5016 2526 5071 meratur;
2551 5007 2665 5073 ipse
2677 5013 2873 5083 putans
2896 5007 3532 5083 prmfcrcndum'prtemiis
3553 5007 3874 5082 muneratur,

2280 5092 2388 5130 non
2419 5075 2723 5144 spernenda
2752 5075 3077 5145 conjectura.
3124 5075 3465 5138 Revocantus
3493 5101 3558 5139 ex
3590 5075 3881 5144 Sirmondo

2277 5148 2497 5220 pravius
2528 5163 2547 5202 :
2575 5163 2737 5217 quam
2778 5162 2966 5203 vocem
2996 5153 3335 5229 commodius
3363 5157 3639 5229 exciperet
3687 5174 3881 5214 memo-

2277 5219 2444 5299 retur,
2474 5230 2985 5299 quam_n_umeratur.
3017 5219 3116 5299 ιιιο
3138 5233 3375 5299 mutatur,
3411 5219 3572 5283 ﬁdem
3602 5230 3693 5286 Dei
3716 5233 3879 5299 justi-

2277 5290 2374 5379 tiael
2385 5289 2592 5379 praeire
2622 5288 2995 5379 deberencum
3020 5291 3138 5379 sine
3159 5292 3264 5379 ﬁde
3284 5288 3446 5379 neino
3464 5288 3813 5379 jtts_tiﬁce{ur.

2351 5360 2422 5433 (f)
2468 5360 2702 5433 Duarum
2750 5361 3037 5418 mulierum
3072 5360 3308 5422 ﬁdelium
3350 5360 3488 5425 facta
3515 5371 3602 5428 hic
3625 5373 3676 5431 in
3708 5388 3874 5431 unum

2277 5431 2681 5510 confunduntur
2710 5449 2723 5484 :
2756 5446 2983 5510 quarum
3022 5449 3127 5490 una
3170 5434 3359 5494 Matth.
3406 5454 3489 5507 ιι,
3530 5442 3622 5510 '20,
3652 5458 3774 5499 cum
3802 5446 3877 5501 si-

2275 5502 2445 5558 lentio
2463 5502 2992 5580 _Domi_nutntetigitA
3011 5518 3074 5580 ut
3102 5511 3429 5580 asanguinis
3468 5502 3620 5568 {luxu
3662 5530 3877 5572 sanare-

2274 5582 2394 5640 tur;
2427 5573 2595 5628 altera
2622 5574 2804 5628 Matth.
2836 5573 2926 5637 xv,
2966 5576 3060 5644 28,
3087 5593 3209 5634 cum
3254 5573 3424 5637 multo
3467 5584 3707 5642 clamore
3728 5588 3875 5643 sani-

2274 5654 2439 5700 tatem
2470 5646 2592 5697 ﬁliat
2623 5644 2910 5712 deprecata
2937 5662 3041 5703 est.

2345 5714 2423 5800 (g)
2452 5714 2505 5770 Id
2534 5724 2660 5800 est,
2710 5715 2764 5800 in
2801 5715 3027 5800 {natiuis
3057 5720 3371 5800 Evangelia.
3396 5723 3579 5800 _S_imili
3611 5727 3871 5800 loquendi

455 5799 463 5806 '
569 5789 1067 5876 epis'trhuxupnutn.
1227 5787 1292 5876 [In
1321 5791 1498 5876 futuro
1527 5800 1701 5876 autem
1729 5787 2171 5876 saeuio'perfeftla
2268 5791 2509 5876 ratione.
2533 5787 2627 5876 lib.
2657 5804 2691 5876 x
2717 5789 2784 5844 de
2826 5789 3023 5848 Trinit.
3062 5787 3337 5864 numfﬂ,
3378 5796 3596 5869 dicitur,
3627 5787 3719 5875 per
3747 5819 3870 5876 pre-

566 5851 617 5909 et
644 5851 794 5923 plena
820 5859 1042 5917 charitas
1070 5859 1179 5914 sine
1200 5858 1309 5923 ulla
1321 5851 1588 5915 'malorum
1615 5861 1909 5926 tolerantia,
1933 5851 2042 5915 in»;
2062 5861 2166 5930 ﬁde
2268 5874 2379 5917 cent
2397 5860 2453 5915 in
2477 5857 2703 5930 Joanne.
