4270 6264
449 320 552 376 629

1417 312 1511 370 EX
1549 312 1783 371 OPERE
1824 310 2193 371 HISTORIOO
2231 307 2711 368 FRAGMENTUM
2744 310 2784 365 l.

3654 315 3758 371 6'50

446 435 646 506 piditas
701 433 1155 505 comprimuntur.
1205 430 1382 504 Atque
1424 429 1628 489 idcirco
1668 445 1792 489 cum
1837 441 2055 489 maneat
2082 433 2135 496 Α
2231 432 2285 487 4.
2327 428 2495 498 Quale
2536 429 2683 503 Opus
2720 428 3074 502 aggrediatur.
3117 456 3190 470 -—-
3218 428 3470 487 Proferre
3498 429 3660 502 igitur
3694 432 3756 489 in

445 526 606 595 fides,
625 540 771 597 spes,
794 520 1051 593 charitas,
1076 523 1252 596 major
1274 524 1468 582 borum
1489 532 1575 581 est
1594 525 1832 581 charitas
1860 524 1905 595 (l
1922 524 2049 582 Cor.

443 635 563 687 xm,
594 616 686 692 15)
716 636 730 675 ι
777 633 876 690 per
910 634 1072 689 quam
1100 612 1370 676 admixtos
1404 617 1686 677 insecabili
1728 619 1785 674 in
1821 617 1918 675 Dei
1948 634 2046 674 no-

443 713 592 769 mine
618 710 842 779 at'fectu,
889 712 1037 768 nulla
1064 710 1144 768 vis
1172 711 1517 770 secularium
1546 720 1793 768 motuum
1818 721 1911 767 aut
1930 710 2046 768 dis-

445 806 609 863 solvit
634 847 650 872 ,
674 812 769 861 aut
792 804 1010 861 dividit.

2153 524 2540 583 conscientiam
2564 524 2831 595 publicam
2858 537 2995 595 opus
3015 530 3165 581 tento
3182 537 3348 596 grave
3367 532 3425 580 et
3441 523 3754 598 multiplex,

2151 618 2419 676 diabolica
2448 617 2640 674 fraude
2662 618 2977 689 perplexum
2996 655 3013 684 ,
3044 615 3425 674 haereticorum
3449 628 3603 689 parte
3623 620 3754 675 sub-

2151 712 2264 778 tile,
2291 710 2721 767 dissimulatione
2742 710 3038 767 multorum
3058 724 3122 766 ac
3143 719 3289 767 metu
3319 710 3754 783 praejudicatum,

2151 805 2433 872 locorum,
2474 805 2528 859 in
2573 803 2770 875 quibus
2812 814 2962 876 gesta
3007 818 3095 859 res
3140 811 3224 859 est
3268 818 3476 875 nosque
3513 804 3754 876 agimus,

513 900 569 955 '5.
602 897 844 954 Charitas
868 896 1137 953 Hilarium
1177 906 1325 971 urget
1346 939 1362 966 ,
1411 915 1473 954 ne
1495 898 1644 954 sileat
1685 899 2047 956 hereticorum
2151 898 2535 970 desperatione
2580 898 2923 969 peregrinum
2951 937 2968 965 ,
3019 904 3268 966 tempore
3306 895 3383 970 (c)
3432 898 3713 970 antiquum
3735 942 3753 970 ,

442 994 763 1068 pravitatem.
792 1022 864 1035 --
910 992 981 1049 Et
1005 992 1134 1049 huic
1168 1001 1357 1059 tantm,
1400 1001 1507 1049 tam
1549 994 1700 1065 gravi
1728 994 2044 1064 apostolica

442 1084 751 1141 auctoritati
793 1099 895 1156 ego
938 1100 1158 1156 quoque
1195 1085 1341 1142 inter
1368 1095 1632 1150 caeteros,
1661 1087 1706 1141 si
1749 1086 1880 1157 quid
1911 1087 2073 1157 mihi,

441 1187 564 1247 post
582 1192 676 1232 eos
696 1175 799 1232 loci
821 1185 925 1240 est,
947 1176 1314 1233 testimonium
1334 1177 1500 1234 reddo
1523 1192 1619 1247 per
1640 1177 1780 1233 hanc
1803 1178 2040 1234 charita-

443 1277 550 1324 tem
585 1268 877 1337 repositam
916 1269 1075 1325 nobis
1100 1276 1227 1325 ante
1256 1279 1500 1340 tempora
1527 1271 1806 1326 saecularia
1833 1271 1884 1325 in
1912 1270 2042 1326 cmli

437 1375 590 1431 spem
612 1361 929 1431 assumptis,
950 1370 1006 1416 et
1027 1360 1233 1417 nomini
1256 1361 1354 1417 Dei
1374 1376 1440 1416 ac
1463 1361 1672 1417 Domini
1692 1360 1822 1419 lesu
1839 1360 2043 1418 Christi

437 1456 729 1522 adbazreo,
767 1456 1078 1528 iniquorum
1118 1458 1436 1514 societatem
1475 1464 1532 1514 et
1568 1456 1869 1514 inﬁdelium
1909 1472 2041 1513 con-

437 1548 664 1605 sortium
706 1563 970 1619 respuens
1000 1566 1015 1603 :
1047 1564 1170 1604 cum
1199 1564 1308 1620 quo
1352 1548 1551 1604 ﬂorere
1599 1549 1755 1605 nobis
1779 1589 1795 1615 ,
1833 1547 1908 1620 (a)
1935 1564 2042 1604 stc-

437 1641 545 1698 culi
582 1642 696 1698 otio
725 1641 1026 1698 domestico
1050 1640 1192 1709 frui,
1221 1640 1527 1698 commodis
1553 1642 1807 1698 omnibus
1834 1641 2039 1698 redun-

435 1733 568 1789 dare
589 1774 605 1801 ,
636 1730 1009 1789 familiaritate
1034 1732 1179 1804 regia
1217 1733 1440 1803 gloriasi
1459 1774 1476 1796 .
1501 1741 1560 1789 et
1604 1748 1726 1789 esse
1755 1732 1893 1790 falso
1920 1734 2038 1805 epi-

2148 992 2368 1048 silentio
2405 1006 2625 1057 novum,
2659 991 2868 1062 pridem
2901 991 3152 1046 simulata
3177 1006 3359 1047 rerum
3392 1006 3523 1063 pace
3554 1004 3753 1063 praue.

2150 1084 2336 1153 ritum,
2365 1085 2613 1155 proxime
2636 1085 2798 1156 impia
2831 1084 3300 1140 fallacissimorum
3333 1085 3613 1143 hominum
3643 1088 3756 1144 cal-

2143 1176 2356 1233 liditate
2401 1186 2759 1243 renovatum;
2803 1176 3014 1246 hocque
3062 1191 3172 1247 quo
3221 1176 3385 1237 etiam
3419 1177 3471 1232 in
3523 1179 3756 1239 Romani

2146 1271 2360 1342 imperii
2381 1271 2612 1342 negotiis
2632 1272 2787 1343 quies
2811 1272 3070 1341 carpitur,
3099 1287 3196 1328 rex
3219 1274 3456 1345 angitur,
3492 1275 3751 1345 palatium

2144 1361 2349 1426 fervet,
2398 1362 2639 1434 episcopi
2685 1363 3146 1431 circumcursant,
3197 1362 3458 1420 officiales
3501 1365 3744 1437 magistri

2145 1455 2409 1519 volitant,
2442 1454 2701 1511 adversus
2739 1454 3068 1527 apostolicos
3114 1455 3262 1511 viros
3290 1455 3593 1513 ofﬁciorum
3636 1474 3754 1514 om-

2144 1546 2292 1603 nium
2325 1546 2674 1604 festinatione
2706 1548 2975 1604 turbatur.
3016 1548 3093 1603 Ita
3123 1548 3324 1620 ubique
3352 1551 3553 1620 agitur,
3588 1554 3754 1622 tropi-

2142 1644 2324 1711 datur,
2352 1642 2614 1712 instatur;
2646 1653 2705 1699 ut
2735 1643 2894 1714 plane
2922 1642 3261 1714 iniquitatem
3292 1644 3452 1715 hujus
3489 1646 3749 1702 assertio-

2146 1737 2259 1803 nis,
2302 1735 2582 1792 obtinendi
2625 1735 2779 1792 labor
2810 1744 2865 1791 et
2908 1750 3040 1791 cura
3086 1734 3407 1808 prodiderit.
3457 1737 3754 1799 Enimvero

434 1823 587 1895 scopi
612 1825 856 1891 nomine,
885 1824 1111 1896 singulis
1139 1825 1589 1898 universisqueet
1612 1826 1824 1895 publice
1846 1836 1903 1883 et
1924 1827 2036 1899 pri-
2067 1846 2114 1910 Β
2144 1831 2349 1886 versari
2382 1831 2435 1886 in
2467 1845 2721 1886 sermone
2747 1830 3027 1886 hominum
3047 1830 3157 1901 jam
3185 1830 3279 1888 diu
3310 1832 3556 1899 memini,
3588 1848 3754 1904 quos-

433 1916 599 1973 vatim
631 1917 687 1973 in
716 1916 983 1974 Ecclesiae
1018 1916 1300 1974 dominatu
1328 1932 1549 1990 gravem
1583 1917 1764 1987 efﬁci,
1803 1934 1934 1990 par,
1978 1928 2040 1977 ut

433 2011 645 2068 ceteris
665 2050 681 2078 ,
714 2016 955 2081 potestas
1000 2010 1262 2076 dabatur;
1293 2010 1340 2067 si
1366 2011 1529 2068 modo
1554 2012 1835 2069 veritatem
1873 2028 2039 2070 evan-

432 2102 660 2175 gelicum
688 2101 926 2160 falsitate
968 2118 1376 2175 corrumperem
1399 2146 1413 2171 ,
1446 2104 1801 2161 conscientia:
1824 2114 2037 2166 reatum

430 2195 809 2253 blandimento
834 2196 1162 2268 ignorantiae
1191 2197 1507 2257 consolarer
1528 2240 1544 2265 ,
1584 2197 1770 2269 iudicii
1814 2213 2039 2271 cormp-

433 2290 597 2347 telam
625 2290 979 2347 excusatione
1003 2289 1166 2347 alieni
1197 2290 1408 2351 arbitrii
1438 2290 1821 2362 defenderem,
1856 2292 2034 2352 haere-

429 2399 555 2443 seos
581 2385 797 2457 piaculo
835 2400 945 2442 non
973 2385 1081 2442 ﬁde
1119 2400 1240 2442 mea
1259 2425 1279 2454 ,
1306 2401 1428 2456 quae
1459 2386 1643 2457 utique
1670 2394 1819 2445 esset
1859 2387 2034 2445 obuo-

431 2478 554 2545 xia,
584 2477 682 2534 sed
709 2476 1055 2548 simplicitate
1086 2478 1450 2550 ignorantium
1476 2493 1585 2533 non
1614 2485 1865 2546 tenerer,
1908 2494 2036 2550 pro-

430 2570 653 2628 bitatem
702 2573 804 2628 sub
849 2571 1172 2628 difficultate
1212 2571 1440 2643 publicae
1470 2572 1837 2643 intelligentia
1877 2588 2035 2631 meu-

430 2665 581 2721 tirer.
612 2666 738 2722 Htee
766 2665 912 2722 enim
941 2666 1346 2736 simplicitatem
1376 2667 1551 2737 (forte,
1582 2668 1635 2722 in
1659 2667 2032 2741 simplicitate)

427 2763 609 2820 cordis
635 2778 730 2835 per
758 2764 917 2820 fidem
939 2772 995 2820 et
1020 2777 1170 2834 spem
1195 2762 1396 2819 Christi
1418 2762 1652 2819 charitas
1671 2778 1899 2820 manens
1916 2779 2026 2822 nou

430 2856 571 2913 tulit.
603 2856 817 2912 Etcum
844 2857 914 2911 ab
938 2855 1199 2927 Apostoto
1225 2854 1580 2924 accepissem,
1629 2852 1753 2909 Non
1776 2854 1911 2911 enim
1936 2871 2028 2909 ac-

428 2949 657 3020 cepimus
698 2949 940 3018 spiritum
977 2948 1272 3019 formidinis
1300 2945 1369 3018 (ll
1415 2944 1550 3001 Tim.
1600 2963 1642 3014 ι,
1685 2947 1761 3017 7),
1805 2955 1861 3003 et
1903 2961 2026 3003 cum

428 3039 657 3099 Domino
688 3040 902 3097 dicente
940 3039 1345 3107 didicissemus,
1375 3038 1556 3094 Omnis
1595 3040 1682 3112 qui
1703 3039 2028 3109 conﬁtebitur

426 3148 508 3189 nte
531 3147 706 3189 cura
733 3133 1042 3201 hominibus,
1072 3144 1118 3187 et
1144 3150 1238 3204 ego
1262 3130 1546 3202 conﬁtebor
1571 3148 1690 3186 eum
1709 3148 1882 3186 coram
1912 3130 2023 3187 Pa-

2146 1925 2268 1980 dam
2295 1924 2637 1981 sacerdomm
2670 1924 2767 1981 Dei
2793 1923 2996 1981 idcirco
3026 1924 3303 1993 exsulare,
3322 1925 3470 1997 quod
3495 1928 3549 1982 in
3574 1928 3746 1983 Atha-

2143 2018 2355 2074 nasium
2390 2017 2716 2074 sententiam
2764 2031 2872 2072 non
2918 2017 3134 2074 ferunt:
3164 2025 3221 2074 et
3248 2016 3338 2074 hic
3375 2034 3531 2076 error
3568 2034 3739 2091 prope

2140 2112 2380 2168 omnium
2416 2120 2627 2168 mentes
2653 2110 2935 2181 occupavit
2953 2148 2970 2174 ,
3016 2118 3075 2166 ut
3101 2110 3202 2167 sub
3230 2110 3452 2168 nomine
3481 2111 3599 2183 ejus
3630 2127 3741 2169 non

2138 2202 2269 2260 satis
2297 2203 2587 2275 unicuique
2614 2216 2806 2261 eorum
2832 2201 3050 2274 dignam
3071 2216 3292 2260 causam
3320 2205 3564 2278 suscepti
3593 2207 3747 2263 exsir

2139 2294 2196 2350 lii
2220 2294 2571 2352 arbitrentur.

2209 2388 2266 2445 5.
2308 2388 2442 2456 Quae
2459 2390 2514 2443 in
2548 2403 2609 2445 eo
2630 2389 3010 2459 pratertuittat.
3048 2415 3124 2433 --
3144 2388 3515 2449 Praetermitto
3538 2401 3743 2461 autem,

2137 2479 2267 2537 licet
2307 2481 2586 2551 potissima
2626 2480 2740 2551 regi
2777 2481 2850 2536 sit
2877 2479 3159 2537 referenda
3190 2481 3259 2554 (f.
3287 2481 3615 2554 deserenda)
3648 2499 3740 2539 re-

2136 2573 2372 2629 verentia
2400 2571 2549 2644 (quia
2575 2572 2718 2629 enim
2754 2573 2939 2645 (omne
2969 2571 3140 2645 enim)
3161 2588 3195 2629 a
3223 2573 3337 2629 Deo
3351 2588 3577 2645 regnum
3609 2575 3741 2648 est),

2136 2678 2244 2721 non
2275 2674 2456 2720 tamen
2500 2665 2883 2734 aequanimiter
2903 2664 3163 2735 judicium
3195 2666 3311 2737 ejus
3338 2668 3741 2737 episcOpalibus

2132 2759 2373 2816 arbitriis
2409 2759 2622 2816 admitti
2653 2777 2667 2814 :
2701 2759 2828 2829 quia
2875 2757 3107 2815 Castoris
3149 2758 3384 2825 Caesari,
3416 2760 3532 2816 Deo
3556 2770 3741 2817 autem

2133 2850 2409 2908 reddenda
2436 2867 2558 2922 quae
2588 2851 2685 2907 Dei
2712 2860 2837 2907 sunt
2867 2849 3048 2924 (Luca:
3073 2866 3163 2919 xx,
3198 2850 3317 2922 25).
3358 2850 3536 2907 Taceo
3569 2851 3741 2923 impe-

2132 2945 2330 3001 ratoris
2353 2944 2565 3001 sublata
2591 2960 2770 3002 causa!
2798 2945 3108 3015 cognitione
3127 2943 3414 3015 judicium.
3456 2944 3575 3000 Non
3602 2961 3736 3017 que-

2130 3052 2223 3093 ror
2243 3037 2553 3108 extorqueri
2588 3036 2655 3093 de
2696 3037 2923 3092 absente
2950 3035 3031 3109 (ά)
3061 3036 3385 3095 sententiam
3411 3054 3427 3104 ;
3455 3039 3722 3110 quamvis,

2130 3131 2389 3206 Apostolo
2418 3132 2654 3199 dicente,
2692 3132 2792 3189 Ubi
2816 3132 2947 3202 [ideo
2984 3143 3080 3197 est,
3113 3132 3184 3187 ibi
3215 3142 3264 3188 ct
3289 3133 3497 3190 libertas
3532 3144 3607 3191 est
3632 3134 3654 3207 (
3680 3135 3727 3193 ll

425 3239 502 3283 tre
539 3244 651 3284 meo
689 3229 778 3298 qui
806 3238 880 3284 est
918 3228 974 3283 in
1002 3226 1143 3283 cwlis
1177 3224 1391 3298 (Matth.
1421 3242 1477 3290 x,
1509 3222 1635 3297 52);
1668 3233 1725 3282 et
1753 3242 1848 3296 per
1873 3240 2026 3282 eumr
2054 3244 2101 3310 α
2133 3224 2253 3279 Cor.
2286 3240 2367 3290 ιιι,
2412 3224 2525 3295 17),
2558 3225 2665 3295 pati
2697 3224 2837 3280 istud
2877 3224 3196 3297 simplicitas
3233 3226 3588 3284 sacerdotalis
3619 3244 3730 3285 non

424 3321 546 3377 dem
572 3321 774 3377 dictum
803 3332 970 3391 esset,
1003 3321 1149 3376 Beati
1173 3321 1260 3389 qui
1302 3321 1727 3393 persecutionem,
1759 3323 2025 3393 patiuntur

422 3424 632 3485 propter
649 3415 910 3487 justitiam
929 3454 945 3481 ,
980 3414 1222 3485 quoniam
1261 3414 1493 3484 ipsorum
1531 3422 1605 3469 est
1633 3428 1849 3484 regnum
1870 3414 2026 3467 caelo-

422 3524 541 3563 rum
566 3523 586 3562 :
615 3507 750 3563 beati
770 3508 892 3563 estis
912 3522 1031 3562 cum
1062 3523 1151 3563 uos
1173 3509 1479 3565 maledicam
1496 3549 1512 3575 ,
1550 3515 1599 3563 et
1631 3517 2023 3579 persequentur,

419 3610 473 3656 et
501 3601 674 3659 diceat
692 3617 845 3656 omne
869 3602 1066 3656 malum
1091 3602 1361 3656 adversum
1386 3616 1476 3656 uos
1496 3611 1708 3671 propter
1719 3601 2023 3675 justitiam,-

419 3693 589 3766 620
614 3694 836 3766 gaudete
860 3704 907 3749 et
931 3695 1185 3751 exsultate
1205 3734 1221 3760 ,
1251 3694 1494 3765 quoniam
1522 3709 1712 3748 merces
1738 3702 1903 3748 uestro
1932 3710 2023 3749 ca-

420 3787 570 3856 piosa
596 3796 669 3841 est
701 3787 754 3841 in
795 3787 921 3841 ctelo
947 3784 1169 3859 (Matth.
1218 3801 1275 3853 ν,
1302 3786 1369 3843 10
1396 3795 1443 3840 et
1468 3783 1634 3857 seqq.)
1669 3802 1684 3840 :
1724 3800 1831 3840 non
1872 3787 2023 3855 potui

419 3877 501 3951 (li)
532 3879 783 3949 praeferre
810 3879 1149 3935 ambitiosam
1178 3879 1232 3934 in
1276 3889 1459 3938 reatus
1486 3878 1704 3935 silentio
1741 3878 2025 3935 conscieno

421 3969 547 4027 tiam
580 3970 852 4042 injuriosa:
876 3984 976 4043 pro
997 3971 1092 4028 Dei
1117 3970 1457 4027 confessione
1479 3969 1802 4028 tolerantim.

493 4133 573 4208 (a)
616 4133 731 4190 Vox
762 4136 942 4191 seaculi
964 4136 1228 4207 aptiorem
1256 4136 1435 4193 locum
1458 4134 1538 4193 sic
1566 4135 1835 4208 obtineret
1864 4154 1877 4192 :
1905 4137 2010 4192 otio

421 4207 700 4262 domestico
732 4208 872 4277 fruit,
904 4208 1079 4263 surculi
1119 4209 1399 4263 commodis
1434 4209 1668 4263 omnibus
1698 4207 2009 4264 redundare.

420 4278 734 4352 Aut‘potius
764 4279 1070 4352 legendum,
1095 4281 1281 4351 ﬂorere
1302 4281 1446 4335 bonis
1472 4279 1690 4346 saeculi;
1718 4282 1763 4335 si
1792 4279 2012 4352 quidem

421 4350 569 4421 mihi,
599 4365 708 4405 non
731 4349 897 4414 nobis,
929 4349 1209 4421 sequentia
1236 4354 1539 4420 requirunt.

491 4420 643 4494 (blla
673 4434 803 4477 mss.
848 4423 1407 4494 preferreambitiosa:
1438 4438 1503 4477 ex
1532 4421 1727 4492 quibus
1762 4422 2015 4479 confece-

416 4501 504 4565 rat
535 4493 710 4549 Faber
733 4532 749 4559 ,
791 4493 1019 4565 perferre
1047 4494 1314 4551 ambitioso
1342 4495 1394 4548 in
1431 4505 1579 4548 reatu
1605 4494 1831 4549 silentio.
1878 4494 2019 4551 lute-

415 4564 652 4634 griorem
698 4578 762 4619 ac
799 4564 1065 4620 veriorem
1095 4566 1370 4619 reddimus
1398 4574 1722 4620 sententiam
1747 4584 1759 4629 ;
1786 4568 2018 4621 maxime

2130 3319 2346 3376 debeat.
2375 3316 2482 3375 Sed
2507 3319 2644 3387 haec,
2671 3334 2777 3375 non
2802 3319 2923 3390 quia
2949 3320 3343 3376 contemnenda
3372 3330 3519 3390 sunt,
3544 3336 3731 3378 verum

2129 3412 2255 3483 quia
2300 3411 2385 3465 bis
2430 3411 2678 3481 graviora
2721 3411 2829 3466 sint
2877 3411 3155 3481 subjecta,
3205 3420 3485 3482 praetereo.
3536 3411 3736 3481 Quam-

2130 3520 2290 3575 quam
2322 3504 2466 3559 enim
2497 3520 2562 3560 ex
2598 3503 2685 3559 bis
2714 3504 3019 3575 quibusque
3044 3503 3112 3577 (f.
3142 3519 3263 3574 quae
3302 3505 3627 3581 quibusque)
3673 3508 3730 3563 in

2131 3599 2290 3653 terris
2319 3609 2471 3668 gesta
2513 3597 2658 3662 sint,
2701 3597 2952 3667 cognosci
2989 3598 3225 3667 potuerit
3252 3596 3413 3668 longe
3442 3600 3588 3655 aliud
3618 3602 3728 3672 agi,

2126 3705 2284 3761 quam
2332 3689 2775 3753 existimabatur;
2822 3699 2999 3743 tamen
3047 3687 3399 3758 propensiore
3440 3703 3568 3743 cura
3609 3706 3727 3746 rem

2124 3799 2342 3840 omnem
2368 3783 2471 3838 hoc
2491 3783 2765 3839 volumine
2793 3783 2995 3853 placuit
3020 3798 3312 3854 exponere.
3338 3782 3552 3853 Raptim
3580 3787 3725 3843 enim

2126 3872 2256 3933 tunc
2287 3877 2361 3949 (ο)
2390 3877 2503 3930 haec
2528 3890 2627 3946 per
2662 3890 2760 3930 nos
2789 3874 3194 3947 ingerebantur,
3230 3876 3509 3946 corruptio
3536 3878 3726 3936 Evan-

2125 3972 2389 4044 geliorum
2401 4012 2416 4037 ,
2431 3968 2746 4042 depravatio
2765 3967 3023 4041 fidei,“
3033 3971 3131 4041 let
3148 3967 3398 4024 simulata
3419 3970 3618 4028 Christi
3632 3988 3732 4027 no.

2118 4137 2203 4194 his
2255 4134 2720 4219 subsequentibus.
2758 4133 2936 4219 verbis
2966 4136 3208 4219 :pridem
3260 4136 3501 4219 simulata
3548 4154 3721 4219 rerum

2155 4226 2245 4265 ace
2292 4207 2639 4281 prieteritunt;
2669 4207 2771 4261 nisi
2818 4207 2956 4263 forte
2994 4207 3180 4263 iisdem
3242 4218 3458 4264 notetur
3495 4207 3727 4267 celebris

2120 4228 2374 4338 {lrsacet
2392 4279 2730 4338 ValenLnost
2754 4278 3077 4335 Sardicense
3088 4279 3373 4334 concilium
3390 4281 3719 4336 retractatio.

2177 4278 2374 4336 rsac'.et
2392 4279 2605 4334 Valent.
2614 4290 2730 4349 post
2754 4278 3077 4335 Sardicense
3088 4279 3373 4334 concilium
3390 4281 3719 4336 retractatio.

2196 4350 2276 4426 (ά)
2301 4351 2398 4407 ilic
2418 4349 2858 4426 obiterntangitur
2875 4365 3041 4426 quam
3067 4351 3228 4405 variis
3250 4351 3446 4426 modis,
3472 4350 3524 4406 in
3552 4351 3724 4426 Atha-

2127 4421 2266 4480 naéii
2303 4437 2487 4499 causa,
2510 4421 2838 4499 judiciorum
2863 4421 3034 4499 forma
3069 4430 3341 4499 temerata.
3362 4424 3469 4499 sit.
3482 4424 3721 4499 maxime

2124 4506 2305 4550 autem
2339 4492 2484 4563 quod
2514 4493 2713 4547 absens
2736 4494 3129 4563 condemnatus
3163 4492 3252 4563 sit.
3299 4491 3367 4550 Ut
3408 4491 3551 4549 enim
3600 4508 3724 4551 cum

2126 4562 2473 4622 Theodoreto
2513 4563 2608 4619 lib.
2639 4580 2676 4619 ιι
2723 4563 2858 4618 llist.
2893 4562 3041 4618 Eccl.
3091 4578 3140 4619 c.
3180 4562 3266 4629 l6,
3299 4566 3451 4619 testis
3482 4572 3566 4619 est
3605 4566 3724 4634 ipse

416 4626 551 4707 cum,
572 4650 639 4691 ex
666 4650 769 4691 ms.
822 4635 1032 4707 Remig.
1078 4637 1267 4707 legerit
1295 4637 1461 4692 Sirm.
1494 4636 1548 4690 in
1590 4626 1765 4691 reatus
1788 4637 2013 4703 silentio,
2046 4626 2101 4686 D
2126 4639 2443 4693 Ammianus
2469 4634 2814 4707 Marcellinus
2845 4635 2937 4689 lib.
2967 4650 3059 4703 xv,
3082 4644 3133 4689 c.
3166 4636 3219 4701 7,
3255 4626 3501 4691 Liberius
3528 4652 3555 4688 ει
3583 4626 3728 4691 Cbn-

414 4705 558 4831 300d
589 4715 695 4772 est,
727 4707 780 4763 iu
802 4705 1021 4762 silentio
1054 4705 1222 4763 rea'ttti
1256 4707 1515 4774 obnoxio,
1543 4723 1702 4779 quem
1731 4718 1937 4763 reatum
1963 4722 2020 4763 ut

452 4776 695 4831 efutteret
720 4776 975 4831 llilarius.
1008 4779 1080 4831 ait
1110 4794 1172 4831 se
1200 4778 1418 4831 inditma
1454 4795 1549 4831 nro
1577 4776 1776 4831 Christi
1798 4778 2015 4831 confes-

452 4776 695 4850 efugeret
720 4776 975 4842 Hilarius,
1008 4779 1080 4834 ait
1110 4794 1172 4834 se
1200 4778 1418 4849 indigna
1454 4776 1776 4847 pro'Christi
1798 4778 2015 4850 confes-

415 4848 570 4907 sione
609 4851 717 4919 pati
747 4850 1007 4907 maluisse
1027 4892 1041 4914 ,
1085 4867 1244 4922 quam
1276 4848 1341 4906 ex
1375 4850 1663 4908 ambitiosa
1685 4848 2015 4907 conscientia

416 4922 733 4977 connivere.

486 4989 560 5065 (c)
591 4993 719 5065 Ideo
747 5003 972 5065 tempore
1008 4994 1275 5064 antiquum
1296 4993 1462 5065 :Aquia
1488 4993 1631 5063 quod
1671 4992 1855 5050 Ariani
1901 5002 2020 5065 tan-

413 5062 548 5118 dem'
589 5062 820 5135 Arimini
848 5062 862 5127 ς
917 5062 1179 5135 Seleuciae
1209 5075 1266 5122 et
1290 5062 1759 5135 Constantinopoli
1790 5065 1857 5119 ad
1898 5063 2015 5120 exi-

415 5143 525 5207 tum
553 5134 940 5205 perduxerunt,
975 5134 1025 5190 id
1057 5136 1213 5207 longe
1239 5149 1397 5191 antea
1441 5137 1684 5192 concitiis
1714 5137 2014 5192 innumeris

413 5205 586 5263 moliti
632 5213 808 5263 erant.
854 5208 989 5275 Quia
1032 5205 1169 5263 vero
1191 5211 1296 5263 hoc
1319 5207 1610 5264 consilium
1638 5223 1820 5274 suum,
1869 5207 2014 5275 quod

411 5277 630 5333 silentio
658 5289 833 5349 antea
861 5288 1043 5349 tegere
1078 5278 1297 5335 solliciti
1344 5288 1541 5343 erant;
1584 5293 1729 5333 nunc
1782 5280 2015 5348 primum

413 5350 587 5422 palam
646 5346 1032 5422 prodiderunt;
1093 5350 1232 5422 idem
1285 5349 1487 5405 silentio
1527 5365 1712 5422 nouunt
1760 5346 2021 5419 praedica-

412 5428 515 5475 tur.
552 5419 671 5476 lam
692 5419 945 5491 quidem,
978 5422 1052 5476 uti
1102 5421 1196 5478 lib.
1228 5422 1296 5477 de
1340 5422 1473 5491 Syn.
1504 5437 1557 5477 η.
1616 5420 1684 5476 78
1732 5430 2003 5488 narratur,

411 5509 501 5546 an.
535 5490 648 5566 7557
680 5488 893 5548 haeresis
939 5492 1137 5550 Sirmio
1174 5488 1647 5566 prorunipens,_id
1680 5493 1819 5563 quod
1864 5502 2014 5566 antea

414 5565 595 5633 furtim
628 5565 951 5631 mussitabat,
988 5581 1095 5618 non
1124 5563 1277 5629 clam,
1320 5563 1414 5619 sed
1444 5563 1669 5635 publica
1698 5565 2021 5619 auctoritatis

414 5634 735 5707 professione
788 5636 972 5690 victria:
1017 5635 1353 5706 gloriabatur.
1400 5633 1470 5689 At
1507 5633 1862 5691 Orientalium
1910 5637 2024 5707 ᾼλιι·

414 5704 559 5778 cyrie
600 5704 1056 5778 congregatarum
1090 5723 1254 5778 opera
1296 5708 1474 5760 statim
1508 5721 1752 5776 repressa
1783 5716 1884 5771 est,
1924 5704 2026 5778 Va-

416 5777 584 5842 lente,
617 5777 847 5836 UrSacio
880 5794 941 5834 ac
983 5777 1147 5833 sociis
1180 5794 1366 5834 eorum
1393 5783 1599 5833 coactis
1639 5787 1696 5832 ut
1722 5777 2027 5842 Ancyranis

414 5848 823 5911 deﬁnitionibus
842 5848 1264 5917 subscriberent.
1280 5847 1408 5923 Quae
1421 5849 1746 5925 subscriptio
1762 5847 1934 5907 indica
1944 5858 2031 5905 tur

2124 4709 2324 4764 statutio
2350 4709 2535 4778 jussus
2576 4716 2634 4760 ut
2665 4708 2716 4760 in
2759 4705 2905 4761 illum
2948 4706 3335 4771 subscriberet,
3363 4706 3727 4777 respondebat

2123 4795 2413 4849 numquam
2444 4779 2687 4834 auditum
2716 4792 2874 4849 esse,
2932 4778 2997 4832 de
3023 4793 3117 4833 reo
3161 4780 3387 4834 absente
3412 4779 3573 4833 latam
3603 4791 3725 4835 esse

2122 4847 2467 4908 sententiam.
2500 4849 2645 4906 idem
2681 4858 2765 4904 est
2788 4847 3017 4904 Luciferi
3060 4864 3123 4906 ac
3162 4850 3728 4919 sociorumrejns‘re-

2127 4938 2389 4994 sponsum
2413 4922 2561 4994 apud
2584 4919 2938 4978 Athanasium
2971 4921 3034 4974 ad
3061 4921 3218 4977 Solit.
3249 4937 3367 4994 pag.
3394 4914 3541 4994 862':
3571 4914 3722 4987 Esto,

2123 4991 2371 5064 inquiunt
2399 4991 2739 5057 Constantio,
2775 4998 2831 5046 ut
2871 5002 3139 5064 accusator
3164 4991 3256 5058 sis,
3288 4993 3517 5047 absentia
3553 4998 3725 5064 tamen

2120 5062 2351 5136 rei‘facit
2378 5075 2429 5118 ut
2448 5065 2679 5136 judicari
2702 5080 2804 5117 non
2836 5065 3014 5133 possit.
3044 5063 3248 5136 Iudicat
3287 5075 3550 5136 prtelcrea
3572 5062 3723 5136 lilia-

2123 5134 2237 5192 rius
2281 5134 2581 5202 extortam,
2632 5150 2804 5203 eoque
2848 5136 3067 5188 numine
3109 5135 3308 5188 nullam
3358 5134 3525 5190 fuisse
3569 5135 3718 5190 illam

2124 5207 2455 5289 sententiain
2501 5224 2513 5259 :
2559 5221 2719 5289 quam
2768 5207 3037 5288 rationem
3088 5219 3261 5289 neque
3300 5204 3424 5262 silet
3469 5205 3719 5261 Liberius

2127 5281 2248 5334 loco
2271 5274 2597 5332 Theodoreti
2632 5274 2873 5346 ptoxitnc
2900 5285 3220 5331 memorato.

2201 5349 2272 5422 (ε)
2300 5348 2392 5422 ΫΑρΙ
2426 5347 2671 5422 Biterris,
2715 5347 2855 5422 unde
2882 5348 2931 5401 in
2960 5347 3209 5422 exsilium
3235 5346 3440 5422 eiectus
3468 5356 3591 5422 est;
3627 5346 3722 5422 vel

2119 5416 2280 5478 etiam
2310 5417 2803 5492 Constantinopoli,
2833 5426 2954 5492 post
2996 5416 3580 5492 Seleuciensissynodi
3610 5416 3725 5475 dis-

2123 5492 2471 5548 solutionem.
2505 5490 2838 5558 Quamquam
2881 5490 3027 5552 llll’c,
3068 5490 3153 5543 tibi
3184 5505 3305 5546 sese
3334 5490 3530 5547 obtulit
3559 5504 3724 5546 occa-

2126 5563 2226 5631 sio,
2261 5571 2520 5634 prmstare
2546 5576 2653 5615 non
2701 5559 2926 5634 destitit.
2951 5559 3088 5634 Nam
3117 5559 3211 5615 lib.
3256 5576 3275 5617 ι
3323 5562 3387 5617 ad
3438 5561 3721 5618 Constant.

2131 5653 2186 5690 ti.
2214 5630 2285 5697 3',
2318 5634 2581 5700 queritur,
2595 5630 2751 5704 quod
2780 5632 2961 5704 Ariani
3005 5647 3105 5704 non
3131 5642 3331 5687 cessant
3373 5648 3462 5688 ore
3490 5634 3651 5704 impio
3675 5636 3726 5687 et

2134 5704 2380 5775 sacrilego
2394 5704 2566 5756 animo
2588 5701 2983 5775 Evangeliorum
3008 5703 3350 5775 sinceritatem
3376 5701 3725 5775 corrumpere,

2134 5788 2181 5833 et
2232 5772 2423 5831 reclam
2472 5772 2823 5847 apostolorum
2872 5772 3101 5847 regulam
3142 5774 3457 5847 depravare;
3508 5772 3730 5846 etpost

2139 5863 2329 5922 pauca,
2359 5846 2513 5918 quod
2532 5846 2788 5918 simplices
2821 5853 2866 5902 et
2895 5846 3185 5903 innocentes
3221 5846 3315 5904 sub
3346 5857 3596 5918 pratextu
3635 5861 3732 5902 no-
