4270 6264
550 341 647 396 651

549 453 717 509 minis
741 450 1055 523 blasphema
1077 448 1367 505 confessio.
1400 445 1468 502 Et
1488 459 1712 502 necesse
1739 443 1840 501 fuit
1864 444 1919 499 in
1941 459 2008 501 eo
2032 459 2145 500 ser—
2175 452 2228 510 Α

551 561 714 603 moue
743 546 923 601 omnia
949 558 1072 601 esse
1098 556 1464 615 praepropera,
1484 541 1863 611 incompOsita,
1883 539 2105 596 confusa
2132 558 2146 594 :

551 640 677 711 quia
699 647 901 709 quanto
928 651 1029 691 nos
1059 634 1398 706 impensiore
1423 648 1554 689 cura
1579 633 1908 689 audientiam
1940 648 2149 704 qurere-

548 744 750 795 remus,
781 736 928 784 tanto
968 727 1047 784 illi
1089 727 1452 798 pertinaciore
1478 725 1658 782 studio
1694 724 1983 781 audientiae
2003 739 2150 780 cou-

548 824 797 879 traireut.

623 916 678 971 6.
713 912 864 970 Unde
894 914 1147 969 ordiatur.
1188 944 1258 954 —
1297 914 1553 985 Incipiam
1593 914 1758 985 igitur
1794 912 1863 969 ab
1908 911 1994 968 bis
2030 926 2153 984 qua:

549 1011 799 1081 proxime
837 1016 990 1079 gesta
1018 1019 1164 1074 sunt,
1198 1008 1248 1063 id
1275 1018 1380 1069 est,
1404 1023 1470 1064 eo
1518 1019 1762 1079 tempore
1784 1022 1891 1079 quo
1918 1008 2151 1078 primum

552 1105 606 1160 in
632 1105 933 1159 Arelatensi
963 1102 1164 1173 oppido
1196 1101 1308 1175 (an.
1340 1102 1472 1172 355)
1501 1104 1666 1158 frater
1693 1113 1748 1156 et
1776 1102 2153 1157 comminister

551 1211 707 1252 meus
753 1195 1007 1251 Paulinus
1053 1196 1298 1249 ecclesiae
1348 1194 1695 1249 Trevirorum
1735 1193 2023 1264 episcopus
2068 1207 2156 1247 eo-

547 1305 671 1345 rum
730 1305 791 1341 se.
837 1285 1139 1357 perditioni
1173 1286 1615 1356 simulatiunique
1657 1302 1764 1340 non
1807 1284 2068 1339 miscuit:
2100 1294 2155 1339 ct

553 1385 729 1456 qualis
758 1383 954 1457 fuit(a)
996 1384 1084 1437 illa
1132 1382 1405 1439 sententia
1435 1397 1726 1451 exponam,
1781 1398 1809 1433 a
1852 1395 1958 1450 qua
2012 1379 2155 1435 rele-

552 1494 681 1534 retts
727 1478 1098 1542 voluntatem,
1161 1478 1415 1547 indignus
1456 1476 1684 1531 ecclesia
1728 1475 1795 1530 ab
1839 1475 2111 1544 episcoliis
2137 1515 2152 1539 ,

552 1572 749 1644 dignus
762 1570 958 1627 exsilio
985 1588 1013 1624 a
1043 1585 1173 1639 rege
1193 1581 1278 1625 est
1298 1569 1591 1639 judicatus.
1611 1568 1788 1637 Atque
1803 1566 1907 1621 hoc
1935 1567 2008 1623 ita
2037 1566 2156 1622 ﬁeri

552 1681 661 1720 non
689 1680 870 1720 rerum
901 1663 1059 1729 ordo,
1091 1662 1185 1718 sed
1218 1662 1358 1717 ratio
1385 1678 1448 1718 ex
1475 1660 1838 1732 praesentibus
1869 1660 2035 1731 petita
2056 1659 2155 1715 de-

552 1767 863 1813 monstrat:
898 1766 956 1812 ut
985 1772 1050 1813 ex
1081 1756 1167 1811 his
1200 1756 1433 1827 primttm
1471 1755 1745 1811 confessio
1783 1755 1963 1823 potius
2006 1751 2154 1818 ﬁdei,

1745 330 1989 389 SANCTI
2029 328 2285 386 HILABII
2328 328 2635 387 EPISCOPI

3748 325 3853 381 65:2

2511 442 2993 501 FRAGMENTUM
3044 444 3088 500 ll
3126 443 3293 517 (Alias
3320 460 3338 499 ι
3366 442 3580 517 partis).

2644 574 2841 615 INCIPIT
2868 574 3154 615 EXEIPLUI
3185 574 3459 616 EPISTOLB

2368 652 2570 723 δυηοαί
2602 652 2931 707 Sardicensis
2960 650 3033 725 (ο)
3059 653 3129 707 ad
3143 634 3423 709 universas
3448 652 3729 709 Ecclesias.

2794 746 3046 818 (Scripta:
3072 761 3164 801 an.
3195 747 3350 817 357.)

2328 840 2379 895 1.
2416 839 2619 911 Synodi
2648 856 2828 894 causa.
2860 869 2930 879 —
2970 839 3131 895 Multa
3176 840 3394 911 quidem
3434 848 3493 896 et
3542 840 3857 913 frequenter

2254 930 2371 986 ausi
2413 938 2541 984 sunt
2570 932 2752 985 Ariani
2786 930 3027 987 lttcretici
3059 933 3323 987 adversus
3351 934 3723 1007 set-vosezz
3740 937 3852 1001 Dei,

2253 1025 2347 1095 qui
2381 1024 2540 1080 tidem
2567 1034 2769 1079 rectam
2802 1035 2856 1080 et
2880 1025 3202 1081 catholicam
3223 1027 3554 1082 custodiunt.
3587 1030 3859 1084 Adulteri-

2256 1131 2381 1172 natn
2416 1132 2647 1187 namque
2684 1118 2984 1173 doetrinam
3018 1118 3343 1185 inserentes,
3367 1119 3704 1177 ortbodosos
3734 1135 3859 1191 per-

2255 1211 2406 1280 quui
2439 1218 2799 1265 tentavernnt.
2831 1210 2891 1265 In
2920 1218 3128 1266 tantum
3156 1221 3336 1266 autem
3359 1226 3502 1266 nunc
3528 1226 3860 1268 exsurrexe-

2255 1312 2381 1357 runt
2423 1312 2610 1357 contra
2645 1302 2805 1358 ﬁdem
2837 1345 2852 1370 ,
2901 1314 2956 1359 ttt
3001 1319 3108 1359 non
3149 1304 3230 1375 (d)
3266 1304 3568 1376 religiosam
3602 1306 3855 1372 pietatem

2255 1394 2806 1450 clementissimorum
2851 1405 3240 1466 imperatorum
3291 1399 3504 1454 lateret.
3569 1397 3853 1469 Denique,

2256 1490 2427 1560 gratia
2475 1488 2567 1543 Dei
2596 1487 2913 1559 adiuvante,
2947 1490 3108 1545 etiam
3160 1491 3263 1560 ipsi
3306 1491 3716 1547 clementissimi
3768 1493 3861 1546 im-

2259 1592 2541 1651 peratores
2583 1584 3148 1656 congregaverunt(e)
3178 1600 3243 1640 ex
3283 1585 3518 1641 diversis
3563 1588 3860 1655 provinciis

2257 1681 2313 1729 et
2338 1673 2650 1730 civitatibus
2681 1676 2854 1746 ipsam
2885 1678 3154 1750 synodum
3186 1689 3425 1735 sanctam
3455 1722 3471 1748 ,
3499 1689 3555 1734 et
3584 1680 3637 1735 in
3674 1681 3862 1737 Sardi-

2258 1771 2501 1827 censium
2533 1772 2752 1828 civitate
2779 1774 2894 1829 lieri
2922 1775 3289 1845 permiserunt
3314 1793 3327 1830 :
3356 1784 3416 1829 ut
3437 1776 3617 1831 omnis
3642 1776 3861 1846 quidem

552 1865 715 1919 quam
744 1865 911 1919 pavor
939 1850 992 1904 in
1035 1849 1255 1904 homine
1283 1847 1634 1917 intelligatur,
1666 1845 1743 1918 (b)
1764 1862 1830 1901 ex
1878 1845 2073 1917 quibus
2103 1845 2156 1899 in

2262 1863 2531 1920 dissensio
2561 1874 2974 1936 amputaretur,
3008 1866 3188 1938 iniqua
3212 1878 3389 1922 autem
3433 1845 3678 1923 doctrina
3713 1869 3866 1939 prni-

556 1959 680 2000 eum
705 1944 798 2015 qui
839 1942 1103 1999 adsensus
1131 1942 1214 1997 his
1244 1956 1350 1995 non
1381 1950 1487 2006 est,
1519 1940 1658 2010 cepit
1687 1938 1960 2009 iniuriam.

627 2046 679 2098 7.
710 2044 824 2111 Quo
856 2053 1007 2113 pacto
1024 2041 1297 2113 legendum
1318 2041 1405 2095 sit.
1425 2067 1498 2079 —
1535 2038 1712 2108 Atque
1743 2036 1845 2091 hoc
1867 2034 2029 2090 etiam
2048 2048 2157 2089 non

553 2138 821 2194 inutiliter
850 2134 1185 2196 admonebo,
1219 2142 1277 2187 ut
1300 2133 1366 2187 ad
1398 2146 1560 2186 omne
1597 2131 1703 2186 hoc
1745 2130 1999 2184 volumen
2033 2129 2156 2184 dili-

554 2245 690 2301 gens
720 2229 949 2283 intentio
997 2227 1336 2283 adhibeatur.
1370 2225 1565 2281 Omnia
1614 2226 1763 2280 enim
1819 2233 2028 2279 suntet
2071 2239 2159 2278 sc-

553 2321 794 2393 paranda
819 2319 1159 2389 temporibus
1179 2360 1194 2384 ,
1233 2325 1289 2373 et
1314 2317 1693 2387 distinguenda
1720 2316 1962 2387 iudiciis,
1993 2325 2046 2372 et
2066 2331 2156 2372 se-

554 2413 827 2470 cernenda
855 2412 1133 2482 personis,
1163 2419 1219 2466 et
1240 2410 1532 2465 verborum
1561 2408 1904 2479 diiudicanda
1944 2410 2159 2464 virtuti-

554 2507 656 2562 bus
681 2524 695 2560 :
722 2521 789 2560 ne
812 2504 950 2560 forte
976 2512 1056 2559 tot
1081 2503 1352 2573 epistolis,
1384 2512 1463 2559 tot
1495 2503 1718 2573 synodis
1749 2511 1877 2559 tunc
1902 2503 2158 2573 frequen-

556 2607 640 2653 ter
667 2598 903 2668 injectis,
936 2598 1246 2669 pernicioso
1280 2606 1407 2653 ante
1432 2596 1594 2653 linem
1614 2597 1828 2653 fastidio
1851 2598 2156 2669 expleatur.

556 2692 749 2763 Agitur
793 2698 973 2746 autem
1021 2691 1077 2746 in
1117 2690 1200 2745 ltis
1224 2731 1240 2758 ,
1290 2704 1411 2761 qum
1439 2689 1682 2761 cognitio
1722 2691 1817 2746 Dei
1849 2691 2159 2761 expetenda

557 2786 653 2850 sit,
677 2798 801 2855 quae
839 2797 968 2855 spes
1009 2783 1335 2838 aeternitatis
1361 2823 1375 2848 ,
1434 2783 1488 2838 in
1531 2799 1639 2854 quo
1675 2784 1913 2853 perfecta
1960 2783 2161 2840 veritas

555 2887 702 2935 statu
729 2877 952 2933 haereat.
987 2876 1055 2931 Et
1077 2890 1203 2931 cum
1236 2885 1344 2931 tam
1381 2878 1564 2947 gravis
1594 2877 1674 2933 rei
1703 2879 1978 2949 negotium
2009 2887 2157 2935 trac-

558 2981 706 3029 tetur
731 3012 746 3038 ,
797 2978 1014 3040 oportet
1053 2980 1109 3024 et
1165 2984 1608 3040 unumquemque
1656 2970 1740 3025 his
1774 2971 1939 3027 modo
1974 2987 2160 3028 curam

555 3062 954 3135 cognoscendis
979 3061 1143 3116 rebus
1185 3059 1504 3129 impendere
1526 3101 1542 3126 ,
1584 3072 1642 3116 ttt
1664 3060 1869 3131 judicio
1899 3062 2161 3133 deinceps

557 3154 780 3227 proprio
803 3152 1133 3220 consistens,
1151 3150 1468 3220 opinionem
1497 3166 1604 3207 non
1626 3161 1884 3224 sequatur
1902 3152 2156 3211 alienam.

560 3247 816 3319 Explicit.

561 3895 717 3951 minis
742 3892 1025 3949 Christiani
1050 3893 1333 3949 involvunt.
1362 3892 1598 3947 Rursum
1626 3891 1720 3949 lib.
1748 3890 1815 3947 ad
1843 3889 2091 3946 eumdem
2118 3907 2156 3946 tt

560 3975 873 4023 constanter
911 3965 980 4020 ab
1005 3966 1125 4031 ipso
1152 3968 1443 4036 exponitur
1465 3961 1592 4019 ﬁdei
1617 3963 1952 4035 depravatio,
1979 3972 2033 4017 et
2060 3977 2157 4017 att-

558 4037 759 4094 dinntia
784 4037 947 4090 enixe
977 4038 1300 4104 postulatur.

632 4107 713 4177 (a)
746 4108 800 4160 In
829 4108 1061 4174 vulgatis
1108 4108 1189 4161 illi
1226 4108 1496 4162 sententia.
1548 4104 1819 4177 Veriusﬁin
1862 4120 2021 4177 mss.,
2060 4105 2155 4160 illa

554 4176 828 4245 sententia,
860 4179 977 4233 scil.
1006 4177 1120 4233 Arii
1150 4178 1419 4233 t’auturtttn
1440 4222 1456 4247 ,
1495 4177 1690 4250 quibus
1732 4176 1989 4231 Paulinus
2016 4190 2151 4231 cou-

554 4254 759 4308 sentire
786 4251 974 4304 uoluit.

629 4322 704 4395 (b)
737 4320 911 4395 Faber
935 4337 1055 4374 cum
1080 4337 1178 4395 suo
1202 4339 1329 4385 ms.,
1364 4330 1408 4376 et
1429 4321 1698 4395 quibusin
1726 4336 1839 4373 eum
1863 4321 1949 4391 qui
1974 4320 2162 4376 adsen-

556 4393 646 4451 sus
674 4394 790 4465 quis
819 4408 933 4467 non
962 4394 1095 4464 cepit
1124 4394 1394 4467 injuriam.
1430 4393 1691 4467 Reposita
1723 4395 1913 4467 vocula
1956 4408 2023 4447 ea:
2061 4409 2159 4467 pro

557 4474 625 4530 et,
655 4463 779 4520 cum
824 4463 1113 4534 utriusque
1164 4463 1217 4519 in
1251 4466 1489 4534 antiquis
1517 4463 1670 4517 libris
1718 4478 1823 4516 una
1851 4463 2019 4533 ligura
2062 4464 2151 4530 sit,

555 4547 754 4591 caetera
782 4533 1105 4594 corrigimus
1131 4551 1199 4590 ex
1228 4533 1503 4594 Sirtnondi
1536 4535 1881 4589 lectionibus.
1900 4536 1954 4589 Si
1988 4534 2150 4588 etiam

2263 1969 2349 2014 tus
2379 1960 2628 2027 expulsa,
2667 1960 2840 2029 pietas
2868 1962 3005 2027 sola,
3043 1976 3164 2031 quac
3188 1971 3273 2016 est
3299 1961 3350 2016 in
3381 1959 3620 2027 Christo,
3645 1962 3714 2016 ab
3746 1977 3866 2017 om-

2260 2044 2429 2106 nibus
2448 2052 2833 2108 custodiretur.
2876 2051 3159 2108 Venerunt
3185 2054 3328 2108 enim
3371 2054 3441 2108 ab
3473 2051 3695 2109 Oriente
3745 2054 3864 2125 epi-

2259 2144 2408 2213 scopi
2427 2144 2803 2200 cohortatione
2826 2144 3044 2200 excitati
3066 2144 3430 2215 piissimorum
3452 2149 3861 2216 imperatorum,

2261 2238 2499 2291 maxime
2530 2248 2751 2308 propter
2780 2236 2831 2291 id
2849 2236 2989 2307 quod
3015 2236 3330 2308 frequenter
3360 2238 3411 2292 in
3437 2238 3866 2293 murmuratione

2259 2328 2387 2393 fuit,
2429 2330 2481 2385 id
2505 2339 2612 2396 est,
2636 2329 2707 2385 de
2727 2328 3099 2385 dilectissimis
3124 2329 3381 2386 fratribus
3420 2330 3626 2385 nostris
3655 2342 3711 2385 et
3740 2344 3867 2385 coe-

2259 2423 2525 2495 piscopis,
2557 2422 2853 2478 Athanasio
2873 2423 3134 2494 episcOpo
3156 2422 3502 2478 Alexandria:
3524 2431 3579 2477 et
3609 2421 3869 2478 Marcello

2259 2516 2515 2587 episcopo
2533 2514 3018 2588 Ancyra-Galatiae.
3050 2514 3118 2589 (Γ)
3140 2515 3483 2571 Arhitramur
3498 2523 3676 2571 autem
3699 2516 3865 2571 etiam

2260 2607 2329 2663 ad
2357 2623 2456 2664 vos
2485 2609 2633 2680 ipsos
2664 2611 2985 2680 pervenisse
3025 2623 3216 2664 eorum
3255 2608 3579 2675 calumnias,
3621 2617 3677 2663 et
3703 2622 3868 2663 aures

2260 2716 2470 2760 vestras
2514 2712 2757 2760 tentasse
2798 2720 2893 2759 €05
2923 2717 3270 2759 commovere
3307 2718 3415 2757 non
3446 2701 3813 2757 dubitavimus
3849 2718 3863 2754 2

2262 2808 2321 2852 ut
2345 2799 2633 2854 adversum
2686 2798 3006 2853 innocentes
3054 2796 3270 2865 quidem
3305 2810 3428 2866 quas
3456 2794 3645 2851 dicunt
3670 2794 3867 2850 creda-

2262 2891 2352 2955 tis,
2387 2890 2667 2946 sceleratte
2695 2900 2874 2945 autem
2906 2888 3178 2944 haereseos
3217 2903 3332 2945 suae
3378 2888 3742 2959 suspicionem
3784 2898 3868 2944 te-

2261 2996 2409 3058 gant.
2440 2985 2547 3041 Sed
2574 3001 2679 3040 non
2717 2984 2919 3040 diutius
2936 2982 3053 3038 lucc
3077 2982 3182 3037 illis
3208 2981 3390 3038 facere
3414 2981 3735 3052 permissum
3753 2991 3862 3040 est.

2262 3080 2361 3138 Est
2390 3080 2535 3137 enim
2563 3078 2892 3152 gubernator
2924 3076 3289 3133 Ecclesiarum
3325 3076 3606 3142 Dominus,
3649 3074 3728 3148 (ς)
3767 3075 3865 3147 qui

2264 3190 2362 3246 pro
2388 3172 2642 3229 Ecclesiis
2670 3180 2725 3228 et
2751 3187 2849 3241 pro
2873 3168 3126 3227 omnibus
3153 3170 3309 3225 nobis
3329 3178 3560 3225 mortem
3585 3169 3863 3237 sustinuit,

2187 3237 2234 3301 Ο
2265 3237 2321 3325 et
2345 3265 2425 3342 (h)
2455 3277 2676 3338 propter
2702 3237 2795 3323 eas
2819 3266 3091 3323 Ecclesias
3129 3264 3452 3322 adscensum
3478 3265 3531 3321 in
3559 3266 3727 3322 caelos
3747 3280 3868 3321 om-

2266 3361 2427 3417 nibus
2453 3360 2610 3415 nobis
2647 3360 2855 3416 tribuit.

2337 3452 2393 3508 2.
2426 3452 2696 3525 Synodum
2717 3454 2862 3507 adire
2883 3453 3140 3525 trepidant
3173 3452 3469 3510 Eusebiani.
3490 3482 3562 3495 —-
3583 3452 3722 3511 Olim
3744 3453 3869 3525 qui-

2266 3545 2391 3602 dem
2420 3546 2784 3602 scribentibus
2825 3545 3060 3602 Eusebio
3084 3589 3098 3613 ,
3129 3546 3296 3602 Mario
3320 3587 3336 3612 ,
3391 3545 3701 3615 Theodoro,
3736 3546 3867 3603 Dio-

2263 3641 2430 3710 gnito,
2456 3638 2679 3695 Ursacio
2705 3647 2760 3694 et
2784 3637 3029 3706 Valente,
3057 3636 3119 3713 (i)
3145 3638 3310 3707 Julio,
3342 3640 3715 3697 consacerdoti
3737 3656 3871 3697 nos-

2267 3742 2373 3799 tro,
2397 3732 2657 3790 Romanae
2684 3733 2942 3790 Ecclesia:
2962 3733 3241 3803 episcopo,
3270 3732 3554 3789 adversum
3578 3734 3867 3805 prmdictos

2266 3907 2558 3962 perpessos
2584 3907 2729 3959 esse,
2758 3907 2919 3962 quam
2946 3892 3088 3960 quod
3138 3894 3353 3948 Arianae
3402 3892 3597 3950 haeresi
3627 3909 3865 3951 consen-

2263 3965 2397 4030 tire,
2432 3973 2487 4019 et
2515 3966 2664 4020 falsis
2712 3972 2899 4020 contra
2946 3963 3123 4034 ipsum
3176 3964 3463 4019 calumniis
3517 3966 3867 4024 subscribere

2265 4035 2591 4090 noluissent.
2628 4037 2723 4089 llis
2749 4034 3028 4103 przcmittit
3060 4035 3454 4094 Theodorctus.
3489 4036 3864 4094 Mediolanen-

2258 4106 2337 4159 sis
2365 4106 2560 4178 synodi
2587 4122 2810 4179 sc0ptnn
2855 4108 3051 4171 luisse,
3084 4118 3135 4179 ut
3167 4105 3524 4162 Constantius
3578 4109 3864 4179 episcopos

2258 4188 2480 4254 aageret,
2514 4180 2724 4254 expulso
2749 4178 2812 4232 ab
2838 4178 3061 4232 ecclesiis
3091 4178 3395 4246 Athanasio,
3428 4179 3584 4233 aliam
3614 4178 3735 4249 ﬁdei
3755 4186 3869 4254 for-

2258 4249 2449 4303 mulam
2472 4249 2805 4303 conscribere.

2345 4319 2414 4392 (c)
2453 4320 2706 4392 Epistulae
2731 4321 2888 4389 hujus
2918 4320 3220 4389 inscriptio,
3245 4336 3365 4391 quac
3392 4320 3479 4376 hic
3499 4320 3859 4391 desideratur,

2266 4401 2319 4444 et
2351 4393 2489 4464 apud
2520 4391 2876 4464 Athanasium
2919 4392 3059 4464 apol.
3092 4407 3129 4464 tt
3158 4433 3170 4455 ,
3226 4393 3444 4459 p.700.
3477 4392 3705 4448 ltabrtur
3730 4410 3859 4464 sup-

2267 4462 2469 4529 prcsds
2512 4463 2819 4517 numinibus
2870 4462 3457 4536 provinritru‘nLttnde
3502 4466 3740 4536 synodus
3773 4462 3859 4521 est

2261 4544 2606 4605 congregata,
2639 4543 2819 4589 exstat
2851 4536 3058 4605 integra
3088 4533 3229 4603 apud
3260 4533 3681 4602 Theodoretnm,
3717 4538 3862 4594 lib."

554 4617 713 4683 antea
748 4623 843 4683 pro
869 4623 1021 4677 quant
1050 4624 1211 4683 pavor
1239 4610 1292 4663 in
1315 4609 1536 4683 homine,
1585 4604 1780 4676 legeris
1811 4622 1961 4683 quam
2004 4609 2152 4683 [quor
2181 4623 2231 4683 ι)
2265 4604 2483 4683 Ιίεγμξςί
2507 4605 2715 4683 "istc.
2742 4608 2795 4683 8ἶ

553 4679 609 4734 in
640 4675 935 4745 hominem;
968 4689 1019 4731 et
1048 4678 1259 4750 integer
1288 4678 1392 4750 erit
1417 4675 1723 4750 sensusset
1748 4676 1985 4750 evidens
2004 4675 2146 4750 Hila-

554 4750 624 4806 rii
656 4749 815 4815 ratio,
872 4763 969 4804 cur
994 4750 1063 4804 ab
1096 4746 1426 4806 Arelatensis
1462 4748 1657 4819 synodi
1686 4747 1854 4819 gestis
1882 4746 2143 4817 incipiat:

553 4832 612 4877 ut
650 4821 909 4877 videlicet
937 4821 1161 4887 primum
1192 4837 1256 4876 ex
1281 4820 1362 4876 his
1382 4864 1397 4888 ,
1431 4818 1503 4874 ex’
1520 4818 1706 4887 quibus
1728 4822 1783 4873 in
1810 4836 1928 4873 eum
1956 4819 2149 4889 (Atha-

553 4893 789 4961 nasium)
823 4893 910 4962 qui
936 4891 1184 4947 adsensus
1208 4894 1288 4946 his
1310 4889 1574 4959 (Arionis)
1606 4906 1705 4943 non
1736 4900 1831 4956 est,
1856 4891 1989 4959 cepit
2014 4891 2151 4958 inju-

551 4967 687 5018 riam
714 4962 974 5036 (exsilii);
1007 4965 1259 5036 confessio
1285 4964 1408 5033 ﬁdei
1435 4963 1621 5025 potius,
1642 4977 1793 5030 quam
1818 4963 1963 5036 fauor
1982 4962 2033 5013 in
2060 4965 2153 5015 Ito-

553 5032 764 5098 minem,
795 5032 1133 5104 intelligatur,
1163 5034 1217 5090 in
1244 5049 1406 5089 causa
1433 5048 1577 5098 esse,
1611 5047 1705 5087 cur
1722 5032 2152 5104 sztccrdutesex-

552 5107 736 5163 silium
793 5102 1111 5176 suscipiant.
1168 5106 1379 5173 Quibus
1431 5112 1794 5176 consentanea
1841 5106 1979 5158 'sunt
2038 5102 2154 5160 hznc

551 5176 776 5248 Sulpicii
805 5172 1013 5236 Severi.
1047 5178 1140 5232 lib.
1175 5172 1388 5248 ti.7pag.
1418 5175 1529 5229 246
1557 5193 1570 5229 :
1608 5172 1902 5248 Petebatur,
1929 5185 1982 5248 ut
2005 5176 2153 5248 prius

551 5246 705 5319 quam
732 5251 783 5302 in
806 5249 1147 5319 Athanasium
1173 5247 1485 5303 subscribere
1505 5259 1823 5319 canerentur,
1854 5247 1917 5299 de
1936 5246 2040 5316 fide
2059 5263 2150 5315 po-

554 5322 657 5375 tius
680 5318 1053 5391 disceptarent;
1078 5338 1168 5375 nec
1196 5329 1304 5375 tum
1325 5320 1524 5391 demum
1548 5318 1611 5371 de
1643 5333 1699 5370 re
1716 5321 2147 5391 cognoscendum,

550 5406 670 5446 cum
700 5392 763 5445 de
792 5386 1009 5457 persona
1051 5392 1313 5464 judicium
1341 5390 1666 5464 constitisset.
1702 5386 1807 5444 Sed
1858 5386 2045 5442 Valens
2068 5405 2151 5443 so-

549 5464 714 5530 ciique
763 5465 875 5531 ejus
927 5462 1069 5529 prius
1110 5464 1380 5517 Athanasii
1421 5462 1801 5515 damnationem
1850 5469 2152 5530 extorquere

548 5530 818 5605 cupiebant
843 5575 856 5596 ,
908 5536 971 5586 de
1002 5534 1102 5599 ﬁde
1131 5547 1467 5605 certarernon
1505 5532 1639 5586 ausi.
1688 5530 1762 5584 Ab
1794 5532 1889 5585 hoc
1920 5532 2144 5605 partiam

548 5602 792 5673 conﬂictu
818 5605 1305 5672 agiturlnexsiliuat
1334 5604 1590 5659 Paulinus
1610 5620 1628 5657 :
1658 5615 1987 5657 uolitantum
2015 5602 2141 5671 quia

550 5678 847 5745 Atltztnastu
875 5694 927 5735 ιι,
972 5677 1065 5729 sed
1114 5676 1235 5745 quin
1299 5677 1457 5730 tidem
1508 5676 1779 5745 tuebatur.
1816 5676 2143 5745 Athanasius

550 5743 666 5811 ipse
725 5760 753 5798 a
798 5743 1144 5798 Theodvrrto
1191 5748 1435 5799 laudatus
1490 5745 1562 5798 lih
1617 5760 1655 5798 tt
1718 5743 1852 5798 Hist.
1898 5744 2138 5810 Eccles.,

550 5814 723 5886 cxiii,
757 5816 1238 5886 testatur,_eosqui
1261 5833 1288 5886 a
1316 5814 1698 5886 .ilediolanensi
1727 5816 1935 5885 synodo
1962 5815 2015 5868 iu
2045 5833 2140 5871 ex-

547 5881 731 5935 eil‘uuu
758 5882 1026 5950 deportati
1067 5881 1221 5950 sunt,
1274 5885 1325 5938 id
1377 5885 1580 5939 nullam
1631 5881 1789 5938 aliam
1821 5881 1890 5940 ob
1919 5901 2137 5943 causam

2330 4675 2411 4747 (ά)
2437 4675 2937 4755 .\‘pud_'l‘heo_doret.
2950 4718 2964 4742 ,
2982 4680 3054 4755 ᾡς
3067 4675 3303 4755 {audistin
3314 4678 3466 4738 ἀκοὴν
3485 4688 3587 4755 τῶν
3607 4682 3861 4755 amytha-

2252 4748 2417 4824 rc'c-rcav
2458 4748 2713 4824 βςκσιλέῳν
2755 4749 2944 4824 laesis.
2975 4748 3122 4824 Cum
3143 4748 3343 4824 llilario
3376 4753 3567 4824 magis
3590 4748 3862 4807 consentit

2253 4818 2601 4892 Athanasium
2632 4822 2700 4892 ob;
2726 4819 2854 4892 μηδὲ
2883 4824 2974 4879 τήν
3001 4820 3271 4876 εὐσέϐειαν
3294 4829 3396 4876 τῶν
3418 4818 3822 4880 εὖλαϐεστάτων.

2330 4888 2403 4963 (e)
2438 4890 2515 4946 Ex
2543 4888 2735 4967 graecis
2756 4892 3160 4967 exemplaribus
3177 4892 3487 4967 legendum,
3520 4910 3859 4967 congregave-

2256 4962 2374 5015 rant
2404 4978 2497 5016 nos
2539 4977 2603 5016 ea:
2648 4962 2864 5016 diversis
2909 4964 3188 5031 provinciis
3217 4973 3263 5017 et
3292 4962 3684 5030 civitatibusfet
3708 4962 3858 5021 'hanc

2257 5041 2489 5104 sanctam
2515 5033 2769 5104 synodum
2798 5034 2872 5088 in.

2333 5101 2405 5182 ([)_
2439 5101 2764 5182 étlt'auasius
2792 5103 2992 5182 pariter
3011 5105 3099 5160 hic
3121 5108 3344 5172 omittit,
3368 5117 3415 5162 et
3444 5107 3662 5182 Asclepa
3678 5107 3853 5175 Casta,

2264 5175 2409 5243 quod
2438 5175 2813 5230 Theodoretus
2845 5175 3025 5230 habet.

2330 5248 2406 5328 (g)
2430 5246 2484 5300 lu
2512 5262 2692 5328 grtcco
2708 5247 2918 5328 tullio
2943 5248 3074 5324 ὑπὲρ
3100 5249 3297 5328 τούὶων
3334 5256 3418 5328 noti
3442 5253 3645 5309 πάντων
3681 5255 3820 5328 ἡμῶν
3838 5294 3852 5319 ,

2255 5320 2339 5387 qui
2383 5334 2476 5385 pro
2506 5319 2618 5381 his,
2646 5319 2762 5372 scil.
2794 5319 3090 5374 Athanasio
3113 5332 3165 5375 et
3188 5322 3459 5377 Marcello.

2329 5389 2412 5458 (lt)
2441 5390 2530 5443 llis
2561 5390 2797 5445 concinit
2817 5406 2979 5458 graec.
3022 5392 3370 5456 Theodoreti,
3403 5393 3429 5450 ὁ
3454 5393 3519 5451 δι’
3548 5397 3723 5458 αὐτάς.
3749 5395 3856 5453 Ve—

2255 5461 2367 5539 rior
2384 5471 2559 5513 tamen
2580 5461 2795 5539 videtur
2810 5460 2977 5539 lectio.
2991 5463 3289 5539 Athanasii,
3314 5469 3401 5520 καὶ
3416 5464 3478 5521 δι’
3502 5468 3712 5532 ἑαυτοῦ,
3730 5470 3852 5539 quia

2250 5531 2399 5605 illius
2431 5540 2605 5586 aetatis
2632 5531 2881 5587 Patribus
2930 5534 3058 5605 nihil
3092 5536 3338 5588 usitatius
3368 5546 3481 5601 est,
3516 5555 3675 5605 quam
3702 5531 3765 5594 ul
3798 5542 3850 5594 in

2246 5600 2467 5674 Christo
2492 5605 2688 5674 _C(Bltts
2717 5604 3079 5659 ad~cendcute
3132 5620 3229 5660 nos
3276 5600 3477 5674 paritur
3500 5600 3852 5666 adscr-ndisse

2245 5672 2451 5755 dicunt.
2467 5672 2583 5755 Viti:
2607 5672 3371 5755 t.t,_p.217,not.f-(col._546,
3406 5681 3546 5755 not]
3565 5693 3697 5736 nost.
3715 5683 3848 5755 ed.).

2319 5743 2487 5819 (illis
2522 5745 2862 5819 'l'hc-udort-to
2901 5747 2985 5801 hic
3028 5743 3359 5811 addendum,
3415 5743 3769 5819 Menophilum
3797 5743 3847 5810 et

2245 5814 2529 5904 Stephano.
2555 5816 2884 5904 Athanasius
2915 5830 3093 5903 autem
3128 5828 3331 5876 tantum
3360 5814 3595 5904 habetoi
3613 5830 3849 5904 περἰεύ⁶

2244 5888 2436 5958 σέϐων,
2467 5888 2644 5945 tacitis
2669 5889 2898 5944 aliorum
2930 5892 3307 5963 episcoporum
3333 5894 3660 5953 nomiuibus.
