4270 6264
363 345 471 403 655

1304 346 1396 403 EX
1435 346 1663 403 ()PERE
1708 345 2069 404 lllSTORlCO
2104 347 2584 407 FRAGMENTUM
2625 350 2690 409 ll.

3564 351 3667 411 θδι

363 466 716 539 coepiscopos
744 477 962 524 nostros
993 466 1248 539 (dicimus
1289 480 1468 525 autem
1517 470 1869 525 Athanasium
1917 479 1970 525 et
1997 473 2045 530 A
2077 478 2159 527 ter
2185 470 2286 526 hos
2312 486 2454 544 quos
2478 470 2617 529 falso
2662 472 3079 545 adpetiverunt,
3112 489 3300 531 verum
3331 473 3495 530 etiam
3523 471 3668 545 (sup-

362 559 673 617 Marcellum
690 560 814 633 (0));
836 570 892 616 ut
919 563 1253 631 scripserunt
1274 578 1344 618 ex
1370 563 1492 618 aliis
1520 563 1653 619 locis
1676 574 1734 619 ut
1762 562 1836 635 (ὁ)
1852 564 1967 633 epi-

363 653 510 722 scopi
546 652 756 716 nostri;
788 668 909 722 qum
938 663 1115 708 autem
1143 656 1212 708 ab
1244 654 1478 710 Eusebio
1501 654 1639 710 facta
1661 665 1808 719 sunt.
1834 656 1967 712 nihil

361 744 509 800 aliud
554 760 716 816 quam
746 743 996 800 falsitatis
1036 755 1091 802 et
1129 747 1390 802 mendacii
1426 747 1593 804 fuisse
1618 749 1796 819 plena.
1834 748 1967 806 Nam

362 838 468 896 etsi
518 854 582 894 ex
616 855 683 894 eo
713 840 786 909 (c)
810 881 824 904 ,
872 854 980 910 quo
1011 841 1185 896 vocati
1213 848 1339 894 sunt
1369 839 1450 911 (ά)
1474 856 1503 894 a
1532 840 1676 897 Julio
1712 841 1968 912 episcopo

360 933 645 989 carissimo
665 933 830 1005 623
860 932 1028 989 fratre
1046 942 1255 1000 nostro,
1279 933 1473 990 claruit
1501 934 1743 992 noluisse
1762 950 1860 991 eos
1876 951 1968 990 ve-

358 1024 509 1081 nisse
531 1040 595 1080 ex
619 1024 752 1095 ipsis
775 1025 975 1081 litteris
1006 1025 1202 1096 quibus
1225 1041 1412 1082 eorum
1443 1026 1722 1083 mendacia
1754 1028 1967 1084 detecta

358 1130 489 1177 sunt
530 1120 833 1187 (venissent
855 1120 1000 1175 enim
1029 1161 1043 1185 ,
1070 1121 1114 1175 si
1153 1119 1472 1177 habuissent
1498 1120 1750 1177 fiduciam
1775 1136 1965 1177 eorum

358 1227 481 1283 qua:
530 1219 814 1282 gesserunt
856 1211 1122 1268 adversus
1162 1213 1513 1284 coepiscopos
1540 1210 1809 1284 nostros);
1842 1212 1970 1269 licet

363 1300 485 1374 (leg.
521 1310 699 1357 tamen
757 1319 850 1373 pro
883 1303 1030 1374 licet)
1066 1304 1227 1361 etiam
1275 1320 1342 1361 ex
1393 1305 1543 1375 ipsis,
1572 1320 1692 1377 qua:
1725 1305 1967 1361 fecerunt

360 1397 414 1453 in
444 1397 550 1452 isto
583 1407 772 1453 sancto
808 1408 863 1453 et
903 1413 1099 1469 magno
1136 1399 1402 1465 concilio,
1436 1399 1770 1455 manifestior
1817 1398 1969 1454 falsi-

358 1490 485 1544 tatis
527 1504 640 1545 suae
669 1500 978 1545 commenta
1012 1490 1388 1560 prodiderunt.
1424 1490 1701 1547 Venerunt
1731 1493 1879 1548 enim
1911 1502 1964 1548 et

357 1583 425 1638 ad
459 1582 867 1640 Sardicensium
907 1584 1205 1651 civitatem,
1241 1595 1298 1641 et
1327 1585 1571 1641 videntes
1603 1586 1961 1642 Athanasium

359 1684 416 1731 et
437 1674 749 1732 Marcellum
770 1717 785 1741 ,
809 1675 1096 1747 Asclepam
1127 1678 1350 1743 etalios,
1382 1678 1676 1734 timuerunt
1698 1679 1882 1735 venire
1898 1678 1965 1735 ad

351 1767 614 1838 judicium
652 1786 664 1822 :
697 1778 885 1824 etnon
918 1770 1086 1826 semel
1116 1787 1293 1841 neque
1320 1772 1549 1837 iterum,
1573 1772 1668 1828 sed
1707 1771 1964 1843 frequen-

2071 567 2155 638 ple
2195 568 2438 639 propter)
2474 567 2574 624 hos
2603 569 2696 639 qui
2732 582 2799 624 ex
2827 566 3061 624 diversis
3087 567 3221 624 locis
3261 574 3663 634 convenerunt,

2071 668 2127 713 ut
2184 658 2407 715 eosdem
2464 660 2649 714 multis
2700 660 3021 717 criminibus
3067 668 3378 731 arguerent.
3440 658 3668 715 Ferrum

2069 751 2212 806 enim
2244 762 2300 805 et
2346 751 2558 806 vincula
2611 752 2958 821 proferebant
3004 751 3073 808 de
3102 751 3298 807 exsilio
3334 758 3671 807 revertentes

2070 846 2190 901 viri.
2235 845 2303 901 Et
2348 860 2560 901 rursum
2601 845 2671 900 ab
2707 845 2817 913 Itis,
2847 846 2939 917 qui
2984 845 3164 901 adhuc
3193 846 3246 901 itt
3296 844 3492 905 exsilio
3530 843 3671 900 deti-

2070 945 2289 1003 nentur,
2317 936 2387 1010 (Γ)
2429 938 2581 994 missi
2604 937 2798 994 affines
2818 948 2871 995 et
2901 938 3155 1008 proximi,
3184 937 3345 993 amici
3369 947 3424 995 et
3447 938 3667 1004 fratres,

2069 1033 2319 1103 querelas
2362 1033 2446 1090 vel
2494 1047 2682 1091 eorum
2716 1034 2805 1103 qui
2860 1041 3153 1102 supersunt
3199 1031 3533 1093 detulerunt.
3581 1032 3667 1087 vel

2068 1140 2260 1182 eorum
2282 1125 2372 1195 qui
2393 1124 2447 1178 in
2478 1125 2610 1196 ipsis
2635 1125 2844 1181 exsiliis
2865 1123 3238 1188 decesserunt,
3290 1123 3560 1196 indignam
3587 1123 3670 1179 in-

2064 1220 2262 1290 juriam
2309 1219 2575 1288 prosecuti
2609 1227 2754 1273 sunt.
2784 1218 2867 1282 Et,
2896 1217 3040 1288 quod
3072 1226 3156 1272 est
3187 1216 3502 1283 maximum,
3551 1215 3669 1283 epi-

2068 1312 2216 1381 scopi
2246 1311 2739 1381 aderant,quorum
2762 1309 2902 1366 alter
2923 1309 3122 1366 ferrum
3153 1319 3205 1364 et
3225 1320 3445 1364 catenas
3474 1306 3667 1379 praefe-

2069 1406 2241 1471 rebat,
2272 1403 2439 1478 624
2467 1419 2598 1475 quas
2621 1420 2718 1474 per
2746 1419 2841 1459 eos
2871 1402 2947 1477 (g)
2985 1404 3288 1461 cervicibus
3330 1405 3444 1460 suis
3486 1411 3668 1475 porta—

2068 1510 2250 1565 verat;
2278 1499 2369 1554 alii
2412 1514 2476 1554 ex
2517 1513 2702 1555 eorum
2751 1498 3157 1555 insimulatione
3189 1508 3415 1556 mortem
3451 1498 3531 1571 (lt)
3561 1498 3664 1555 sibi

2069 1594 2386 1650 intentatam
2417 1593 2864 1649 testificabantnr.
2900 1592 2954 1647 In
2985 1602 3191 1649 tantum
3223 1594 3365 1649 enitn
3394 1593 3656 1664 despera-

2068 1687 2232 1742 tionis
2260 1695 2558 1757 erupernnt
2579 1696 2637 1741 ut
2662 1688 2825 1742 etiam
2850 1689 3138 1757 episcopos
3165 1685 3228 1759 (i)
3266 1685 3669 1742 interfecissent

2068 1780 2323 1851 quidem,
2377 1780 2481 1834 nisi
2540 1778 2804 1851 fugissent
2857 1780 3099 1850 ipsorum
3152 1789 3407 1835 cruentas
3449 1793 3663 1835 manus.

360 1872 448 1918 ter
478 1862 653 1918 vocati
704 1874 1149 1934 contempserunt
1187 1864 1559 1921 invitationem
1606 1867 1799 1936 synodi
1846 1883 1964 1922 om-
1992 1864 2040 1925 B
2068 1872 2312 1929 Decessit
2389 1872 2533 1927 enim
2606 1872 2965 1943 coepiscopus
3058 1880 3246 1929 noster
3317 1872 3668 1929 beatissimus

359 1957 506 2011 nium
541 1968 852 2013 nostrorum
883 1960 947 2030 (f.
982 1957 1269 2032 nostrum),
1314 1959 1408 2030 qui
1451 1961 1808 2016 convenimus
1845 1963 1964 2032 epi—

360 2050 538 2118 scopi,
561 2060 611 2104 et
641 2051 875 2105 maxime
904 2051 1228 2108 venerabilis
1257 2062 1492 2109 senecta:
1520 2053 1762 2119 Ossiutn,
1790 2056 1883 2125 qui
1911 2064 1966 2111 et

356 2150 582 2211 prepter
628 2150 844 2197 :etatcm
886 2154 939 2198 et
990 2142 1390 2199 confessionem
1425 2156 1479 2201 et
1522 2146 1657 2200 tanti
1696 2146 1960 2215 temporis

359 2232 639 2303 probatam
693 2233 893 2300 fidem,
939 2233 1130 2307 (e)qui
1159 2244 1368 2292 tantum
1412 2238 1654 2294 laborem
1700 2238 1755 2293 id
1785 2240 1962 2294 aetatis

358 2341 459 2396 pro
488 2325 751 2383 Ecclesiae
781 2328 1011 2384 utilitate
1037 2330 1315 2398 sustinuit,
1359 2340 1417 2385 ut
1459 2333 1606 2386 omni
1654 2334 1960 2389 reverentia

357 2418 709 2487 dignissimus
750 2419 1036 2477 habeatur.
1085 2422 1534 2493 Exsltectanubus
1584 2426 1856 2493 omnibus,
1907 2440 1963 2483 et

357 2510 766 2567 cohortantibus
794 2526 891 2568 eos
914 2514 1101 2569 venire
1126 2516 1192 2569 ad
1211 2514 1498 2584 judicium,
1532 2522 1589 2571 ut
1615 2518 1820 2583 omnia,
1840 2533 1961 2588 quae

356 2602 428 2659 de
479 2604 959 2660 consaeerdotibus
1006 2608 1210 2662 nostris
1261 2609 1405 2680 (add.
1452 2610 1818 2677 abeuntibus)
1874 2612 1959 2667 vel

360 2694 617 2752 dixerunt
643 2697 731 2753 vel
758 2699 1118 2770 scripserunt,
1150 2710 1447 2771 praesentes
1478 2713 1699 2772 possent
1735 2705 1960 2760 convin-

355 2802 502 2855 cere,
540 2790 715 2845 vocati
745 2805 853 2847 non
885 2804 1168 2861 venerunt,
1201 2794 1342 2849 sicut
1369 2796 1714 2864 pra'diximus
1739 2815 1752 2849 :
1773 2807 1959 2853 osten-

355 2882 545 2939 dentes
582 2887 746 2940 etiam
802 2902 866 2942 ex
906 2885 990 2942 bis
1037 2887 1329 2944 falsitatem
1372 2904 1524 2945 suam
1554 2933 1570 2957 ,
1625 2906 1730 2947 non
1781 2892 1956 2948 solum

355 2979 786 3036 commentitiam
832 2979 1077 3037 fraudem
1131 2991 1226 3037 aut
1292 2985 1610 3054 exquisitam
1660 2988 1957 3042 versutiam

359 3090 520 3145 quam
544 3074 795 3131 fecerunt
820 3075 1110 3146 prodentes
1130 3092 1226 3148 per
1248 3080 1670 3135 excusationem.
1692 3080 1792 3149 Qui
1810 3082 1956 3138 enim

357 3165 558 3224 habent
577 3168 829 3226 fiduciam
856 3171 1087 3242 probare
1114 3187 1177 3227 ea
1193 3188 1313 3244 quae
1339 3172 1591 3229 absentes
1607 3173 1814 3241 dicunt,
1838 3174 1955 3232 lucc

353 3271 655 3332 praesentes
700 3263 872 3332 parati
911 3272 1039 3318 sunt
1065 3264 1415 3320 convincere.
1467 3265 1574 3321 Sed
1616 3266 1738 3337 quia
1769 3271 1955 3323 venire
1981 3259 2027 3323 C
2060 3285 2153 3326 sus
2200 3271 2480 3327 ministros
2509 3269 2609 3326 Dei
2648 3287 2663 3323 :

356 3368 463 3409 non
494 3355 606 3409 ausi
636 3365 793 3424 sunt,
823 3355 1148 3412 arbitramur
1171 3357 1239 3412 de
1267 3368 1470 3414 caetero
1496 3359 1765 3415 neminem
1804 3362 1956 3432 igno-

353 3462 498 3514 rare,
526 3448 687 3503 etiam
730 3449 774 3503 si
816 3449 893 3503 illi
932 3449 1129 3505 iterum
1181 3450 1443 3506 malitiam
1492 3467 1644 3508 suam
1695 3468 1956 3510 exercere

351 3539 661 3605 voluerunt,
693 3539 828 3596 nihil
852 3540 1186 3599 sufficientes
1214 3542 1446 3612 probare
1473 3544 1737 3601 adversus
1756 3560 1955 3602 consa-

352 3631 603 3688 cerdotes
631 3642 853 3688 nostros
876 3676 892 3699 ,
934 3648 1073 3704 quos
1123 3634 1379 3691 incusant
1405 3636 1624 3707 quidem
1655 3639 1909 3696 absentes
1933 3682 1951 3711 ,

352 3734 656 3797 praesentes
680 3735 864 3782 autem
889 3726 1117 3797 fugiunt.
1726 3782 1733 3787 .

424 3819 479 3872 5.
511 3815 780 3890 Fugiunt;
809 3828 1003 3891 quanta
1033 3829 1081 3874 et
1114 3830 1238 3889 quot
1267 3837 1443 3876 eorunt
1484 3822 1722 3877 crimina.
1749 3851 1823 3865 —
1849 3823 1954 3880 Fu-

350 3922 543 3982 gerunt
575 3912 720 3968 enim
741 3953 756 3978 ,
806 3911 1143 3969 dilectissimi
1169 3913 1411 3982 Fratres,
1440 3930 1547 3970 non
1589 3916 1764 3972 solum
1794 3933 1953 3988 prop-

425 4094 762 4167 (a)Rursum
819 4094 907 4149 hic
951 4094 1330 4152 Theodoretus
1395 4095 1615 4167 subjicit
1660 4097 1955 4165 Asclepam,

352 4166 652 4222 Athanasio
677 4167 1076 4238 ccttsentienle.
1128 4167 1332 4223 Deinde
1378 4183 1474 4237 pro
1526 4180 1579 4222 ut
1612 4170 1949 4238 scripserunt,

353 4238 457 4309 leg.
484 4250 531 4291 et
552 4240 897 4309 scripserunt,
926 4237 1104 4307 quasi,
1137 4238 1344 4309 pariter
1363 4239 1713 4309 scripserunt.

425 4308 1024 4386 (lt)__Qu_od_ama_nuensi
1057 4308 1528 4386 obrepetitionem
1560 4314 1706 4366 vocis
1728 4314 1957 4386 episcopi

352 4381 571 4445 excidit,
601 4379 762 4435 facile
789 4382 869 4434 sic
896 4390 1077 4449 potest
1103 4381 1341 4449 suppleri
1370 4398 1383 4433 :
1416 4382 1732 4450 scripserunt
1753 4379 1816 4439 ea:
1836 4379 1956 4439 aliis

352 4453 480 4507 locis
521 4453 767 4527 episcopi.
815 4460 1153 4527 contestantcs
1186 4454 1287 4527 (vel
1318 4461 1370 4505 ut
1398 4456 1826 4527 contesturentur)
1876 4457 1957 4509 in-

356 4524 643 4578 nocentiam
664 4523 939 4577 Athanasii
966 4524 1252 4589 coepiscopi
1273 4525 1452 4591 nostri,
1486 4540 1598 4589 quw
1625 4523 1816 4591 autem,
1846 4534 1951 4582 etc.

428 4598 498 4669 (c)
552 4595 703 4669 .tpud
759 4594 1181 4669 'l‘lttgodnrrtum.
1236 4593 1304 4648 Et
1333 4596 1563 4669 quamuis
1592 4613 1654 4650 ea:
1682 4613 1762 4669 eo,
1809 4601 1949 4669 quod

2068 1964 2141 2038 (j)
2189 1964 2500 2020 Theodulus
2527 1963 2738 2036 fugiens
2764 1966 3001 2034 ipsorum
3024 1962 3444 2020 infestationem.
3475 1963 3668 2020 Iussus

2066 2068 2144 2111 est
2173 2057 2317 2111 enim
2351 2071 2418 2111 cx
2443 2057 2681 2126 ipsorum
2713 2056 3115 2112 insimulatione
3154 2056 3316 2112 mori.
3351 2056 3451 2111 Alii
3482 2067 3663 2129 autem

2063 2149 2364 2221 gladiorum
2396 2152 2568 2223 signa,
2615 2152 2801 2222 plagas
2847 2160 2904 2205 et
2938 2150 3226 2207 cicatrices
3273 2150 3660 2207 ostendebant.

2064 2244 2171 2299 Alii
2202 2259 2260 2299 se
2293 2244 2434 2301 fame
2474 2246 2541 2301 ab
2587 2246 2718 2316 ipsis
2766 2246 3108 2302 excruciatos
3161 2245 3545 2317 querebantur.
3598 2246 3667 2301 Et

2065 2336 2184 2393 haec
2207 2351 2313 2392 non
2338 2337 2603 2405 ignobiles
2641 2337 3068 2394 testificabantur
3094 2337 3196 2394 viri
3230 2355 3243 2391 :
3275 2336 3371 2392 sed
3391 2336 3460 2393 de
3489 2336 3667 2393 eccle-

2063 2429 2158 2483 siis
2187 2428 2439 2485 omnibus
2468 2430 2652 2497 electi,
2702 2438 2926 2502 propter
2950 2446 3085 2503 quas
3120 2432 3225 2488 huc
3246 2443 3619 2488 convenerunt
3646 2473 3662 2500 ,

2064 2536 2154 2578 res
2183 2531 2368 2593 gestas
2396 2523 2716 2585 educebant.
2755 2523 2955 2579 milites
2978 2534 3241 2591 armatos,
3288 2524 3514 2595 populos
3540 2539 3663 2580 cum

2062 2617 2315 2681 fustibus,
2337 2615 2584 2671 Iudicum
2613 2617 2804 2681 minas,
2827 2616 3079 2671 falsarum
3117 2616 3417 2672 litterarum
3437 2615 3515 2687 (Ιί)
3537 2628 3666 2686 sup-

2062 2711 2378 2780 positiones.
2426 2711 2603 2766 Lectae
2655 2720 2780 2765 sunt
2822 2712 2964 2765 enim
3016 2710 3212 2766 littera:
3250 2708 3662 2766 factaea'l‘heo-

2061 2804 2216 2875 gnito
2246 2803 2398 2859 falsa:
2442 2804 2728 2859 adversum
2774 2804 3126 2875 coepiscopos
3166 2811 3385 2859 nostros
3426 2801 3665 2858 Athana-

2060 2897 2200 2953 sium
2231 2905 2287 2953 et
2312 2896 2622 2953 Marcellum
2656 2898 2753 2969 (l),
2801 2906 2939 2953 ut-et
2965 2898 3261 2969 imperator
3290 2896 3551 2952 adversus
3578 2897 3662 2967 ip-

2063 3003 2155 3044 sos
2181 2969 2635 3045 commoveretur.
2667 2989 2734 3044 Et
2763 2988 2879 3044 haec
2906 2989 3300 3055 convincebant
3325 2990 3378 3053 ii,
3422 2988 3513 3059 qui
3538 2999 3665 3045 tunc

2052 3083 2231 3153 ipsius
2257 3081 2543 3154 Theogniti
2585 3082 2843 3139 diacones
2877 3083 3117 3137 fuerunt.
3143 3081 3222 3137 Ad
3247 3083 3363 3137 haec
3393 3081 3660 3152 virginum

2063 3175 2386 3232 nudationes
2408 3218 2422 3243 ,
2469 3175 2716 3232 incendia
2759 3175 3111 3231 ecclesiarum
3134 3216 3150 3243 ,
3183 3189 3434 3231 carceres
3463 3173 3662 3230 adver-

2714 3280 2768 3326 et
2798 3270 2915 3325 haec
2944 3268 3123 3324 omnia
3169 3277 3389 3340 propter
3421 3267 3658 3337 iniquam

2057 3374 2226 3435 atque
2272 3363 2664 3419 exsecrabilem
2717 3361 2969 3419 haeresim
3033 3362 3510 3418 Ariomanitarum.
3555 3360 3660 3429 Qui

2057 3457 2201 3513 enim
2238 3456 2605 3513 communioni
2656 3470 2844 3512 eorum
2888 3456 3301 3520 renuntiabant,
3336 3454 3659 3511 necessitate

2057 3550 2398 3620 patiebantur
2427 3549 2491 3622 (f.
2521 3547 2877 3620 cogebantur)
2908 3549 3008 3603 ista
3053 3549 3309 3603 tolerare.

2127 3646 2181 3699 4.
2231 3642 2507 3699 Sardicam
2569 3642 2790 3715 ingressi
2835 3641 3251 3696 adversariorum
3315 3641 3660 3712 reformidant

2059 3737 2405 3806 praesentiam.
2434 3765 2506 3777 -—-
2536 3734 2660 3789 Huic
2683 3735 2845 3804 igitur
2865 3734 3276 3789 considerantes
3300 3775 3314 3799 ,
3345 3734 3396 3786 in
3424 3744 3657 3800 angusto

2061 3841 2120 3883 se
2151 3827 2319 3883 teneri
2350 3826 2719 3896 pervidebant.
2748 3825 3142 3881 Erubescentes
3172 3823 3387 3896 quidem
3409 3822 3655 3879 confiteri

2060 3935 2125 3976 ea
2154 3936 2275 3992 quae
2302 3921 2712 3987 commiserunt,
2737 3934 2804 3976 eo
2827 3918 2970 3990 quod
2992 3918 3062 3975 de
3083 3927 3281 3975 czetero
3309 3932 3415 3973 non
3435 3926 3658 3989 possent

2057 4113 2233 4171 graece
2278 4098 2499 4154 unicum
2539 4097 2868 4171 respondet,
2900 4098 3137 4161 θάνατονς
3169 4095 3313 4171 quod
3344 4110 3499 4171 Anon_
3521 4098 3654 4157 satis
3691 4136 3698 4142 υ

2057 4166 2443 4225 convenienter
2463 4168 2602 4238 apud
2635 4168 2961 4223 Thendoret.
2988 4177 3069 4238 ,ct
3099 4166 3451 4238 Athanasium
3484 4166 3654 4227 latine

2060 4241 2324 4296 redditum
2352 4250 2457 4305 est,
2480 4237 2693 4293 mortem
2715 4240 2937 4294 illatam.
2959 4237 3074 4293 Non
3105 4238 3249 4311 enim
3282 4237 3368 4292 hic
3389 4252 3654 4311 c0nques-

2062 4314 2135 4368 tio
2156 4322 2267 4377 est,
2297 4312 2439 4383 quod
2476 4311 2657 4366 Ariani
2691 4322 2918 4366 mortem
2948 4309 3246 4376 intulerint,
3281 4311 3374 4364 sed
3397 4309 3540 4381 quod
3573 4314 3654 4370 iu-

2062 4385 2201 4437 ferre
2228 4383 2574 4438 tentaverint.

2134 4456 2194 4525 (i)
2227 4456 2299 4509 Ex
2343 4455 2573 4525 lectione
2604 4467 2774 4522 grmca
2809 4452 3167 4522 supplendum
3216 4450 3302 4525 hic
3323 4494 3345 4525 ,ν
3366 4454 3652 4524 interﬁcere

2061 4524 2342 4600 tentarent.
2375 4537 2489 4600 ctc._
2507 4524 2679 4579 Antea
2701 4532 2887 4600 autem
2919 4530 3252 4600 etlnlttosfro
3287 4524 3492 4581 llilario
3525 4532 3653 4600 legit

2060 4597 2387 4652 Athanasius
2409 4596 2673 4670 episcopos
2699 4595 2751 4670 in
2780 4595 2992 4670 plurali,
3011 4595 3338 4670 Theodoret.
3375 4611 3505 4670 vero
3526 4595 3646 4670 nepi—

348 4683 381 4720 a
410 4662 741 4721 dilectissimo
763 4664 909 4720 Julia
926 4666 1124 4738 collega
1151 4677 1326 4738 nostro
1346 4668 1507 4719 vocati
1528 4682 1629 4720 non
1646 4662 1944 4737 adfuerunt,
1975 4662 2028 4724 Β
2053 4685 2264 4738 scopum
2320 4671 2371 4723 in
2400 4662 2679 4737 singulari.
2701 4662 2787 4738 in
2829 4669 3013 4736 plures
3048 4664 3164 4738 hate
3203 4666 3402 4738 Cadere
3447 4662 3649 4727 indicat

350 4748 398 4793 et
415 4755 478 4793 ea:
492 4739 577 4800 iis,
597 4754 711 4807 qua:
735 4741 799 4791 ab
827 4740 1003 4791 eodem
1029 4737 1270 4805 episcopo
1292 4736 1440 4790 Juiia
1463 4738 1652 4805 scripta
1675 4736 1816 4805 sunt,
1841 4758 1950 4795 ma-

352 4813 534 4881 nifeste
566 4812 729 4878 patuit
765 4810 998 4881 ipsorum
1031 4807 1330 4862 calumnia:
1360 4810 1613 4881 uenissent
1641 4812 1797 4877 enim,
1838 4822 1944 4867 etc.

354 4878 510 4947 Apud
550 4880 902 4934 Athanasium
935 4878 1023 4932 hic
1053 4881 1307 4934 nonnulla
1339 4880 1553 4934 desunt.

424 4954 505 5025 (tl)
549 4951 655 5007 Per
698 4951 979 5025 epistolam
1012 4964 1133 5019 qua:
1175 4958 1354 5007 exstat
1397 4950 1943 5021 apudAthanasium,

352 5024 480 5079 tom.
511 5041 550 5086 ι.
586 5038 705 5095 pag.
732 5024 855 5079 739.

422 5095 498 5168 (ε)
531 5095 597 5169 Ut
622 5096 824 5165 integra
846 5095 999 5169 fieret
1016 5096 1211 5169 oratio,
1227 5105 1373 5151 esset
1398 5095 1487 5150 hic
1509 5096 1792 5167 legendum
1815 5114 1939 5169 qua.

349 5182 456 5221 non
478 5166 575 5236 'qui
604 5177 703 5239 :et
734 5177 877 5239 post,
912 5166 1202 5221 delendum
1234 5177 1310 5234 nt,
1340 5178 1463 5222 ante
1486 5168 1644 5221 omni.
1673 5169 1727 5222 In
1750 5166 1941 5239 gra-cis

349 5238 756 5308 exemplaribus
796 5237 926 5292 nihil
955 5248 1070 5302 est,
1102 5240 1244 5307 quod
1289 5239 1615 5305 reSpontleat
1649 5237 1945 5308 superiori-

347 5310 451 5365 bus
476 5310 685 5381 verbis.
717 5317 764 5363 et
789 5311 917 5363 tanti
947 5309 1193 5381 temporis
1219 5309 1486 5381 probatam
1514 5310 1689 5378 ﬁdem.

338 5382 347 5389 “
424 5380 497 5451 (f)
530 5379 758 5436 Brevius
777 5396 840 5434 ex
863 5379 1059 5449 grtecn'
1081 5379 1251 5435 totum
1299 5380 1428 5435 illud
1456 5381 1533 5436 sic
1564 5381 1791 5437 reddere
1813 5390 1897 5437 est
1926 5401 1938 5437 :

350 5452 502 5506 Missi
531 5452 748 5506 aderant
776 5452 1129 5505 camministri.
1181 5451 1501 5506 Aduenerant
1544 5452 1697 5523 etiam
1740 5456 1945 5523 cognati

344 5534 393 5578 et
420 5524 575 5597 amici
592 5539 791 5591 eorum,
814 5525 901 5591 qui
920 5539 1010 5594 per
1034 5539 1121 5578 eos
1147 5523 1439 5593 interempti
1462 5532 1601 5579 sunt.
1633 5521 1699 5579 Et
1715 5521 1853 5597 quod
1870 5535 1943 5581 est

345 5596 648 5661 maximum,
673 5602 779 5649 etc.

422 5665 500 5740 (g)
527 5666 684 5740 Anuli
716 5666 975 5723 Athanas.
1001 5675 1055 5723 et
1074 5664 1401 5740 Theodoret.
1431 5665 1813 5723 desiderantur
1842 5683 1943 5724 vo-

344 5736 740 5811 ces'cervicibus
762 5741 869 5811 suis
894 5754 915 5811 εγ
934 5754 1162 5809 quarum
1182 5739 1469 5811 veritatem
1508 5740 1794 5794 confirmat
1828 5742 1945 5811 epi-

343 5811 581 5866 stola'atl
606 5808 806 5864 Juliutn
834 5808 972 5867 infra
997 5826 1143 5865 num.
1171 5810 1260 5865 ll.

422 5879 506 5952 (lt)
533 5880 732 5938 Tribus
755 5879 889 5955 ,illis
939 5883 1156 5949 verbis,
1211 5889 1426 5938 mortem
1479 5882 1576 5936 sibi
1616 5882 1938 5953 intentatam,

2054 4737 2379 4794 Athanasius
2412 4742 2610 4793 relatus
2635 4754 2663 4791 a
2690 4737 3057 4802 Theodoreto,
3089 4737 3182 4792 lib.
3216 4752 3251 4809 ll
3303 4737 3438 4792 Hist.
3470 4739 3645 4809 Eccl.,

2052 4825 2101 4864 e.
2136 4812 2223 4877 13,
2256 4812 2342 4884 nhi
2373 4810 2484 4884 ait:
2524 4809 2841 4863 Theodnlum
2872 4825 2989 4863 vero
3016 4819 3167 4884 atqne
3219 4807 3517 4879 Olympium
3539 4807 3648 4884 cpi;

2050 4898 2236 4952 scopas
2265 4882 2520 4943 Thracite.
2556 4898 2654 4936 nos
2681 4898 2881 4952 quoque
2922 4891 2967 4934 et
2998 4880 3316 4952 presbyteros
3344 4894 3543 4938 nostros
3569 4880 3651 4941 ita

2051 4955 2283 5027 conquiri
2311 4957 2564 5027 fecerunt,
2587 4965 2641 5006 ut
2671 4954 2713 5027 si
2734 4953 2923 5027 reperti
2949 4969 3202 5027 essemus,
3220 4953 3430 5027 cnpitnli
3449 4959 3650 5024 suppli-

2049 5025 2128 5079 cio
2150 5022 2574 5098 afﬁceremuriet
2604 5025 2760 5098 epist.
2792 5022 2855 5078 ad
2880 5023 3061 5098 §olit.,
3095 5039 3146 5092 p.
3179 5023 3278 5098 82l
3309 5022 3647 5098 {Olympium

2049 5112 2113 5150 ea:
2148 5094 2326 5155 nis.
2360 5107 2409 5149 et
2436 5094 2760 5149 Tlteodnlum
2789 5110 2854 5149 ea:
2883 5095 3219 5166 Trajanopoli
3244 5095 3422 5149 ambos
3448 5094 3650 5167 episco-

2047 5183 2140 5236 pos
2184 5167 2423 5222 Tltracia:
2461 5167 2620 5220 bonos
2669 5169 2937 5222 calumniis
2982 5167 3357 5233 impetivernnt.
3414 5169 3643 5226 Eosdem

2049 5239 2166 5295 neci
2192 5238 2499 5307 tradijnbet
2518 5236 2867 5293 Constantius
2882 5237 3023 5307 apud
3046 5238 3253 5291 Socrat.
3269 5237 3369 5307 lib.
3400 5253 3457 5303 ιι,
3485 5254 3535 5294 c.
3551 5243 3641 5300 26.

2118 5254 2166 5295 c1
2192 5253 2499 5307 traatjttuet
2518 5253 2867 5293 housmnltns
2882 5253 3023 5362 apud
3046 5253 3253 5291 bocrat.
3278 5253 3369 5290 ttn.
3400 5253 3457 5303 tt,
3485 5253 3641 5300 c.26.

2117 5310 2192 5384 (j)
2224 5309 2398 5384 Faber
2421 5323 2541 5363 cum
2572 5322 2673 5363 ms.
2706 5309 2912 5384 Pith.,“
2955 5307 3228 5384 heodorus;
3255 5306 3396 5384 Sirtn
3429 5351 3443 5376 ,
3479 5309 3647 5369 Theo-

2047 5378 2225 5435 dos'us.
2269 5382 2347 5436 Ex
2390 5394 2518 5436 mox
2569 5381 2840 5435 annotatis
2885 5381 3051 5449 liquet
3090 5378 3482 5448 praeferendum
3526 5400 3648 5442 esse

2050 5450 2370 5507 Tlteodulus.

2118 5524 2209 5598 (k)g
2229 5524 2301 5598 Ita
2346 5538 2469 5578 cum
2503 5522 2801 5598 Athanasio
2837 5537 2901 5578 ac
2948 5522 3291 5598 theodoretp
3321 5525 3493 5598 varia:
3523 5526 3642 5583 Sir-

2048 5591 2231 5650 monili
2265 5597 2548 5651 lectiones.
2576 5593 2650 5650 At
2670 5608 2794 5649 cum
2827 5609 2939 5649 mss
2965 5593 3109 5649 Pith.
3144 5603 3198 5649 et
3235 5591 3393 5650 Culb.
3428 5594 3601 5655 Faber
3626 5641 3640 5667 ,

2046 5668 2383 5739 suspiciones.

2118 5736 2205 5814 (ἰ),
2234 5738 2488 5814 Marcello
2528 5747 2600 5814 et.
2629 5736 2936 5814 Athanasio
2978 5740 3239 5814 Asclepas
3296 5740 3542 5814 jungitur
3588 5743 3641 5800 in

2047 5811 2242 5884 graecis
2264 5809 2675 5884 exemplaribus
2708 5810 2803 5884 :_in
2831 5811 3026 5884 quibus
3054 5811 3253 5870 deinde
3272 5809 3472 5884 exstat,
3506 5827 3562 5870 ut
3598 5826 3648 5874 et

2046 5881 2403 5953 imperatores,
2433 5890 2574 5950 etc.,
2599 5881 2653 5937 in
2687 5881 2901 5952 plurali.
