4270 6264
621 339 727 396 655

1821 337 2069 397 SANCTI
2106 336 2367 397 IllLABll
2409 339 2715 400 EPISCOPI

3816 344 3927 399 636

619 471 682 512 ea
709 456 913 514 diutius
943 458 1240 524 occultare,
1278 467 1548 516 venerunt
1578 458 1797 516 tandem
1821 459 1875 516 in
1912 459 2222 518 Sardiceusi
2248 460 2301 525 Δ
2330 473 2632 535 terrogatus
2650 462 2866 520 dicebat
2892 504 2908 531 ,
2930 462 3075 519 intus
3100 476 3161 518 se
3190 461 3356 519 fuisse
3379 460 3597 532 quando
3618 476 3927 534 superven-

619 549 860 616 civitate;
885 558 943 607 ut
958 560 1183 621 propter
1199 552 1569 621 praesentiam,
1593 552 1956 623 suspicionem
1972 553 2055 628 (α)
2069 555 2225 626 quasi

620 645 749 702 mali
769 654 923 703 actus
937 645 1253 703 viderentur
1268 647 1846 705 eacludere.Videntes
1864 648 2008 705 enim
2024 662 2121 705 eos
2133 647 2224 719 qui

528 802 535 805 _
618 752 651 794 a
693 751 754 792 se
784 737 991 792 fuerant
1041 737 1192 795 falsis
1237 739 1483 809 oppressi
1530 738 1884 808 testimoniis,
1932 753 2031 795 eos
2057 737 2223 794 etiam

621 828 699 902 (ἃ)
732 844 867 901 quos
894 828 1372 889 vehementissime
1394 840 1808 906 Oppugnarunt;
1838 848 1907 889 ex
1938 832 2044 889 alia
2074 839 2226 902 parte

620 929 964 980 accusatores
1016 926 1386 992 conscientiae,
1445 928 1609 981 etiam
1660 938 1880 982 suorum
1935 922 2223 981 criminum

622 1014 924 1084 proditores
954 1030 1067 1083 prae
1093 1015 1266 1072 oculis
1296 1016 1705 1085 habentessuis,
1727 1015 2222 1072 venirevocatinou

623 1116 912 1178 potuerunt
934 1106 1125 1181 (Gneo.
1159 1110 1493 1181 noluerunt),
1520 1111 1756 1166 maxime
1779 1108 2226 1167 consacerdotum

630 1208 937 1255 nostrorum
955 1198 1257 1270 Athanasii,
1282 1201 1518 1257 Marcelli
1546 1212 1601 1258 et
1628 1202 1867 1272 Asclepii
1892 1200 2226 1257 conscientia

624 1291 920 1362 perturbati
963 1294 1101 1363 :qui
1148 1303 1201 1349 et
1247 1293 1612 1364 implorabant
1655 1293 1916 1364 judicium
1951 1282 2073 1365 (et)
2104 1306 2226 1363 pro-

624 1381 891 1437 vocabunt
926 1390 1271 1439 accusatores
1296 1422 1312 1451 ,
1360 1393 1420 1440 ut
1444 1399 1541 1441 eos
1577 1399 1685 1441 non
1733 1385 1908 1441 solum
1937 1383 2228 1443 convince-

624 1483 748 1531 rent
768 1474 841 1531 de
869 1478 934 1533 iis
973 1492 1097 1548 quae
1137 1477 1424 1535 adversum
1471 1493 1594 1535 sese
1637 1477 1771 1534 falsa
1808 1481 2223 1544 conﬂuxerant,

623 1584 813 1626 verum
835 1572 998 1627 etiam
1025 1586 1145 1642 quae
1164 1573 1423 1629 adversus
1457 1573 1727 1630 Ecclesias
1751 1574 1823 1647 (ε)
1854 1574 2017 1644 impia
2043 1587 2107 1628 ac
2132 1587 2228 1629 ne-

625 1661 759 1715 faria
782 1661 1184 1730 commiserant,
1206 1663 1520 1720 edocerent.
1542 1663 1738 1720 Verum
1762 1664 1837 1720 illi
1854 1671 2003 1721 tanto
2020 1674 2227 1723 terrore

620 1752 787 1830 635
820 1756 1200 1827 comprehensi
1228 1768 1378 1826 sunt,
1408 1768 1469 1814 ut
1497 1758 1677 1828 fugam
1728 1756 2007 1824 facerent;
2040 1766 2097 1813 et
2132 1771 2229 1826 per

2326 566 2438 612 tum
2468 554 2595 611 fecit
2624 553 2928 611 Machar‘uts
2950 596 2968 623 ,
2997 553 3365 624 interrogatus
3401 553 3649 619 dicebat,
3675 555 3927 612 famosis-

2322 651 2516 707 simum
2550 649 2701 705 illum
2725 649 2957 722 Scyrum
2980 649 3341 705 inﬁrmantem
3365 647 3418 703 in
3449 648 3682 705 ecclesia
3706 649 3782 721 (tv
3807 652 3925 706 asil-

2322 741 2436 817 λίῳ)
2462 743 2700 815 iacuisse
2742 759 2757 798 :
2790 750 2850 798 ut
2882 757 2951 798 ex
2980 741 3087 798 hoc
3115 749 3375 812 appareat
3393 760 3423 807 ,ε
3454 755 3527 796 ex-
3560 747 3678 796 toto
3717 750 3926 815 mysta.

2323 837 2467 893 rium
2513 850 2621 891 non
2662 833 2831 892 fuisse
2859 835 3189 892 celebratum
3213 874 3229 900 ,
3278 850 3346 890 eo
3371 833 3518 905 quod
3547 834 3926 894 catechumeni

2325 928 2472 984 intus
2510 926 2730 993 fuerint,
2764 927 2840 1000 (g)
2868 927 2961 983 sed
2993 927 3136 982 male
3166 927 3428 982 habentes
3453 926 3745 996 jacueriut.
3788 928 3924 983 Nam

2325 1029 2382 1077 et
2408 1020 2525 1090 ipse
2554 1020 2718 1076 totius
2738 1019 2957 1075 malitia
2975 1019 3178 1093 Scyrus
3199 1010 3621 1085 commentator,
3649 1022 3929 1078 exussisse

2328 1114 2684 1171 Athanasium
2721 1114 3008 1184 quemdam
3040 1115 3111 1171 de
3136 1114 3339 1170 divinis
3382 1114 3683 1184 Scripturis
3727 1115 3925 1173 librum

2326 1208 2562 1265 dicebat.
2595 1207 2676 1263 Ad
2720 1206 2825 1262 hoc
2865 1207 3146 1262 convictus
3167 1207 3414 1262 confiteri
3456 1212 3655 1278 erepit,
3686 1209 3933 1265 infirma-

2328 1310 2440 1356 tum
2467 1317 2526 1355 se
2554 1301 2720 1355 fuisse
2746 1298 2962 1371 quando
2995 1298 3300 1355 Macharius
3334 1314 3572 1368 praesens
3602 1300 3736 1365 fuit;
3766 1309 3825 1354 ttt
3850 1315 3927 1356 ex

2329 1397 2433 1453 hoc
2461 1397 2621 1453 etiam
2666 1395 2860 1452 falsum
2894 1403 3086 1451 testem
3117 1395 3271 1450 illum
3315 1393 3395 1467 (It)
3441 1409 3565 1451 esse
3614 1404 3929 1465 appareret.

2328 1491 2573 1560 Denique
2602 1488 2857 1546 falsitatis
2885 1488 3168 1560 praemium
3219 1487 3395 1544 eidem
3446 1488 3620 1560 Scyro
3661 1489 3928 1545 honorem

2329 1583 2523 1659 (Grec.
2557 1581 2749 1658 ὄνομα,
2780 1582 3003 1655 nomen)
3029 1584 3378 1654 episcopatus
3405 1583 3693 1648 dederunt,
3716 1583 3929 1640 homini

2329 1679 2419 1750 qui
2452 1694 2625 1749 neque
2662 1677 2830 1750 σεο
2871 1676 3155 1749 presbyter
3197 1675 3415 1748 quidem
3461 1676 3580 1732 fuit.
3634 1674 3931 1734 Venientes

2330 1773 2476 1827 enim
2507 1770 2614 1825 duo
2640 1769 2942 1842 presbyteri
2965 1783 3113 1826 nunc
3136 1768 3201 1825 ad
3229 1768 3520 1825 concilium
3550 1766 3664 1841 (qui
3701 1783 3769 1825 eo
3793 1778 3935 1825 tem-

622 1852 773 1909 illam
799 1851 979 1920 fugam
1012 1850 1302 1908 falsitatem
1325 1868 1479 1910 suam
1506 1852 1906 1923 detegerentac
1933 1851 2219 1907 nudarent.
2250 1863 2299 1924 Β
2329 1863 2476 1936 poris
2513 1877 2635 1918 cum
2668 1862 2872 1918 Metilio
2918 1862 3130 1918 tum“;
3151 1903 3168 1929 ,
3202 1861 3547 1932 ροειωοάηπι
3589 1863 3660 1918 ab
3687 1863 3932 1920 Alcm“-

695 1946 751 2001 ὅ.
792 1943 1065 2000 Athanasii
1096 1946 1390 2001 innocentia
1433 1944 1817 2017 contprobatur.
1865 1973 1938 1987 --
1981 1944 2222 2000 Tametsi

626 2054 734 2094 non
765 2038 942 2095 solum
994 2053 1063 2094 ex
1112 2039 1384 2109 prioribus
1403 2078 1420 2107 ,
1451 2038 1547 2094 sed
1578 2040 1741 2094 etiam
1774 2053 1841 2094 ex
1872 2038 1991 2095 istis
2019 2037 2223 2093 malitia

625 2148 814 2191 corum
865 2142 921 2189 et
972 2131 1182 2189 falsitas
1211 2134 1593 2191 ostenderetur
1622 2149 1639 2194 ε
1672 2144 1732 2189 ιιι
1778 2147 1880 2190 nec
1916 2133 2222 2190 existimata

626 2225 752 2296 fuga
781 2225 909 2300 (leg.
945 2233 1127 2281 tamen
1150 2234 1206 2281 ut
1235 2240 1336 2282 nec
1361 2240 1425 2281 ex
1449 2225 1552 2281 ista
1583 2224 1729 2297 fuga)
1759 2226 2103 2283 occasionem
2123 2223 2222 2280 ali-

626 2333 788 2389 quam
814 2319 1039 2375 alterius
1062 2318 1221 2375 mala:
1245 2319 1381 2375 artis
1422 2318 1669 2374 invenire
1712 2326 1972 2389 possent;
2023 2316 2223 2388 proba-

626 2410 836 2477 vimus,
883 2411 1182 2468 secundum
1216 2411 1500 2468 veritatem
1539 2421 1595 2468 et
1640 2412 1907 2469 rationem
1951 2411 2225 2483 (veritatis

627 2503 919 2576 rationem)
948 2520 1010 2560 ea
1037 2545 1051 2571 ,
1084 2520 1207 2576 quae
1241 2506 1313 2561 ab
1343 2505 1451 2563 illis
1488 2505 1781 2563 commissa
1826 2512 1993 2570 sunt,
2025 2503 2226 2575 inquiri

624 2599 935 2671 oportuisse
971 2616 986 2653 :
1016 2608 1074 2655 et
1101 2600 1408 2656 invenimus
1452 2614 1548 2655 eos
1590 2599 1755 2655 etiam
1799 2597 1870 2656 de
1921 2597 2008 2656 his
2061 2598 2226 2656 fuisse

626 2690 957 2760 mendaces,
999 2700 1058 2748 et
1101 2691 1239 2747 nihil
1266 2691 1416 2749 aliud
1445 2708 1606 2763 quam
1638 2692 2096 2763 impugnationem
2123 2692 2226 2748 ad-

625 2801 817 2843 versus
845 2787 1267 2847 consacerdotes
1286 2799 1503 2844 nostros
1525 2788 1855 2845 exercuisse.
1881 2787 2051 2854 Quem
2079 2789 2225 2843 enim

626 2879 877 2935 dicebant
925 2882 995 2938 ab
1046 2880 1347 2937 Athanasio
1394 2881 1739 2938 interfectum
1794 2878 1963 2937 fuisse
2006 2877 2227 2935 nomine

626 2971 961 3040 Arsenium,
994 2973 1230 3031 habetur
1276 2975 1329 3029 in
1375 2988 1604 3032 numero
1631 2973 1901 3029 vivorum.
1959 2973 2111 3029 Unde
2156 2988 2227 3031 ex

628 3066 732 3122 hoc
752 3064 920 3122 etiam
959 3075 1153 3123 caetera
1174 3107 1189 3134 ,
1218 3082 1341 3137 qua:
1371 3068 1440 3122 ab
1491 3067 1623 3137 ipsis
1644 3066 2237 3137 Jactabsntur,patuit

628 3173 752 3215 esse
779 3158 937 3228 plena
973 3159 1243 3217 mendacii
1270 3167 1325 3214 et
1352 3158 1624 3215 falsitatis.
1650 3158 1804 3227 Quod
1826 3166 2007 3217 autem
2035 3158 2104 3217 de
2133 3175 2226 3216 ca-

2326 1957 2426 2014 dro
2453 1958 2710 2028 episcopo
2740 1955 3085 2013 Alexandria:
3122 1956 3293 2012 beatae
3342 1958 3619 2013 memoriae
3644 1959 3761 2014 viro
3807 1973 3935 2015 sus-

2325 2049 2464 2118 cepti
2494 2056 2620 2103 sunt
2639 2089 2655 2113 ,
2681 2060 2826 2103 nunc
2853 2063 2976 2103 cum
3015 2046 3312 2103 Athanasio
3350 2048 3575 2119 agunt),
3605 2052 3780 2105 testati
3802 2060 3935 2108 sunt

2328 2157 2593 2214 nusquam
2623 2141 2848 2198 omnino
2884 2142 3045 2196 istum
3085 2141 3271 2197 Melitii
3314 2142 3481 2198 fuisse
3511 2142 3932 2214 presbyterum,

2327 2252 2503 2308 neque
2532 2236 2754 2292 omnino
2782 2233 3039 2290 habuisse
3057 2248 3198 2290 .eum
3230 2232 3491 2290 Melitium
3536 2233 3600 2306 (ὅ)
3643 2235 3695 2289 in
3733 2234 3932 2292 eodem

2326 2330 2448 2386 loco
2473 2370 2488 2395 ,
2519 2328 2661 2400 apud
2690 2328 2985 2384 Merentem
3009 2366 3024 2394 ,
3070 2326 3360 2383 ecclesiam
3382 2368 3397 2393 ,
3440 2342 3543 2383 nec
3568 2328 3877 2384 ministrum
3913 2346 3931 2383 :

2329 2436 2491 2493 quem
2521 2429 2703 2477 tamen
2733 2435 2877 2475 nunc
2904 2419 3053 2475 velut
3081 2418 3398 2490 episcopum
3431 2418 3584 2474 illum
3618 2435 3805 2476 secum
3832 2420 3937 2476 ad-

2326 2514 2615 2579 duxerunt,
2629 2512 2857 2585 quiante
2871 2527 2969 2568 nec
2983 2512 3266 2584 presbyter
3277 2512 3374 2568 fuit
3389 2529 3403 2569 :
3419 2520 3478 2568 ut
3492 2512 3709 2569 nomine
3721 2514 3939 2585 episcou

2330 2616 2484 2678 palus
2498 2605 2781 2662 videantur
2798 2604 3085 2661 falsitatem
3107 2620 3258 2660 suam
3277 2614 3458 2675 tegere
3470 2606 3607 2676 apud
3625 2607 3925 2665 audientes.

2401 2701 2456 2756 6.
2500 2700 2782 2755 Marcellus
2816 2710 2863 2754 et
2901 2700 3144 2770 Asclepas
3173 2700 3664 2771 irrepreltensibiles.
3697 2731 3771 2743 —
3797 2703 3935 2759 Lec-

2332 2802 2419 2846 tus
2444 2802 2624 2847 autem
2651 2799 2736 2847 est
2777 2800 2833 2846 et
2873 2790 3050 2852 liber,
3092 2806 3253 2861 quem
3283 2793 3612 2862 conscripsit
3657 2793 3826 2849 frater
3875 2803 3935 2850 et

2329 2886 2683 2956 coepiscopus
2710 2894 2892 2941 noster
2922 2884 3207 2940 Marcellus
3234 2901 3249 2940 :
3281 2894 3339 2941 et
3365 2886 3581 2942 inventa
3604 2897 3685 2942 est
3715 2886 3795 2961 (j)
3823 2888 3935 2943 Eu-

2330 2977 2467 3035 sebii
2489 2988 2543 3034 et
2570 2977 2664 3047 qui
2691 2993 2815 3033 cum
2850 2977 2971 3048 ipso
3003 2975 3219 3031 fuerant
3244 2977 3511 3048 exquisita
3541 2980 3767 3034 malitia.
3796 2980 3934 3048 Quae

2329 3071 2475 3128 enim
2525 3081 2586 3127 ut
2636 3085 2945 3141 proponens
3000 3069 3288 3126 Marcellus
3334 3070 3545 3142 posuit,
3588 3071 3708 3128 hmc
3734 3073 3930 3128 eadem

2329 3165 2484 3235 quasi
2539 3166 2653 3235 jam
2701 3163 3062 3234 comprobans
3130 3162 3437 3234 proferret,
3506 3163 3924 3222 adsimularunt.

629 3253 732 3309 lice
758 3251 929 3308 fracto
968 3252 1145 3323 aliqua
1177 3250 1537 3322 loquebantur
1565 3252 1698 3325 (leg.
1735 3262 2005 3323 tamquam
2052 3250 2226 3309 fracto
2254 3258 2301 3325 ο
2331 3260 2493 3316 Lecta
2526 3268 2652 3314 sunt
2683 3272 2816 3329 ergo
2849 3273 2969 3328 quae
2998 3257 3366 3328 sequebantur
3389 3299 3403 3324 ,
3432 3257 3574 3313 lecta
3598 3257 3758 3313 etiam
3806 3273 3933 3329 quas

629 3344 1030 3416 loquebantur)
1080 3360 1112 3398 a
1188 3344 1462 3400 Machario
1529 3345 1847 3416 presbytero
1909 3343 2228 3412 Athanasii;

627 3436 710 3511 (ά)
741 3439 1015 3495 testificati
1043 3439 1133 3511 qui
1158 3450 1455 3510 praesentes
1479 3437 1700 3497 fuerunt
1723 3454 1790 3497 ex
1817 3440 2141 3499 Alexandria
2163 3440 2232 3498 de

626 3532 820 3588 eodem
850 3534 1005 3603 loco,
1035 3548 1102 3591 eo
1126 3533 1269 3604 quod
1300 3534 1433 3589 nihil
1457 3534 1565 3591 tale
1595 3546 1743 3591 esset
1781 3532 2005 3591 factum.
2036 3534 2144 3592 Sed
2174 3544 2232 3594 et

630 3622 870 3699 episcopi
906 3629 1211 3686 scribentes
1248 3644 1313 3685 ex
1344 3628 1584 3703 Egypto
1619 3630 1686 3686 ad
1708 3630 1912 3686 Julium
1940 3645 2234 3687 consacer-

627 3726 810 3783 dotem
842 3736 1121 3795 nostrum,
1150 3728 1367 3785 abunde
1395 3738 1805 3795 asseverarunt,
1838 3744 1938 3785 nec
1958 3729 2225 3798 suspicio-

628 3835 751 3876 nem
784 3820 1094 3890 hujusmodi
1141 3821 1341 3878 ibidem
1393 3822 1558 3878 fuisse
1589 3820 1812 3894 (Exstat
1858 3821 1967 3876 haec
2006 3823 2226 3894 epistola

625 3913 769 3984 apud
796 3912 1073 3983 Atheuae,
1102 3923 1141 3969 t.
1177 3931 1215 3981 ι,
1249 3930 1303 3983 p.
1335 3915 1487 3986 7'22).
1538 3916 1736 3971 Dicunt
1760 3922 1942 3970 autem
1982 3916 2058 3988 (c)
2105 3926 2225 3971 acta

626 4008 786 4062 etiam
810 4023 869 4063 se
898 4009 1098 4065 habere
1118 4011 1378 4065 adversus
1403 4012 1577 4082 ipsum
1610 4030 1624 4067 :
1650 4027 1772 4082 qua:
1798 4010 1998 4066 habent
2018 4019 2221 4075 autem,

626 4094 852 4156 absente
881 4111 1036 4171 parte
1076 4104 1245 4159 altera
1273 4112 1489 4160 constat
1519 4104 1683 4160 fuisse
1727 4103 1997 4161 confecta.
2034 4101 2114 4176 (r)
2141 4104 2227 4161 Si-

628 4193 740 4250 mul
791 4196 970 4252 tamen
999 4195 1132 4267 ipsis
1178 4197 1316 4254 actis
1352 4197 1568 4270 gentilis
1596 4206 1649 4254 et
1674 4198 2098 4254 catechumenos
2139 4197 2223 4255 in-

637 4431 651 4448 ,
806 4358 995 4450 Graece
1018 4402 1032 4427 ,
1064 4362 1304 4419 ὑπόνοιαν
1324 4363 1394 4426 ὡς
1419 4366 1488 4436 μὴ
1514 4361 1969 4436 πλημμελήσαντες
2012 4355 2227 4428 δόξωσιν

626 4437 980 4557 ἅποῖἄρισθαι.
2020 4502 2032 4513 θ

702 4505 720 4573 (
748 4500 778 4577 ί)
801 4505 1110 4575 Legendum
1132 4519 1257 4561 esse
1274 4521 1425 4577 quos,
1459 4519 1568 4562 non
1591 4512 1651 4560 ut
1679 4503 1735 4561 in
1758 4511 1887 4560 ante
1904 4501 2066 4560 editis
2086 4509 2223 4574 post,

628 4576 818 4631 suadet
842 4591 1051 4646 graecus
1076 4591 1279 4633 sermo.

2333 3352 2631 3423 anteposita
2665 3358 2823 3406 erant
2847 3348 3169 3421 quaestioni;
3202 3356 3258 3403 et
3298 3357 3447 3404 recta
3491 3349 3628 3405 fides
3679 3349 3795 3421 ejus
3841 3352 3930 3404 in-

2333 3459 2491 3503 venta
2526 3457 2627 3501 est.
2662 3444 2847 3515 Neque
2868 3445 3015 3500 enim
3051 3459 3083 3499 a
3111 3453 3302 3498 sancta
3323 3441 3544 3515 Virgine
3571 3442 3760 3509 Maria,
3791 3444 3936 3499 sicut

2331 3542 2436 3612 ipsi
2462 3539 2863 3608 contingebant,
2893 3537 3104 3593 initium
3136 3535 3215 3611 (lt)
3250 3536 3417 3591 dabat
3441 3536 3551 3591 Deo
3587 3535 3802 3601 Verbo;
3831 3553 3931 3592 ne-

2331 3650 2436 3709 que
2458 3636 2620 3689 finem
2645 3632 2847 3688 habere
2870 3646 3094 3702 regnum
3119 3630 3239 3701 ejus
3258 3672 3273 3696 ,
3304 3630 3397 3685 sed
3423 3645 3647 3700 regnum
3666 3631 3787 3700 ejus
3812 3633 3935 3688 sine

2339 3729 2603 3802 principio
2627 3744 2691 3785 ac
2711 3729 2830 3785 sine
2861 3729 2966 3783 line
2987 3742 3110 3783 esse
3136 3726 3479 3797 conscripsit.
3520 3725 3627 3783 Sed
3652 3727 3934 3796 Asclepios

2334 3826 2693 3895 eoepiscopus
2720 3830 2908 3878 noster
2936 3831 3054 3876 acta
3083 3820 3338 3892 protulit,
3383 3834 3506 3891 quae
3530 3816 3774 3874 conlecta
3804 3829 3937 3875 sunt

2336 3920 2478 3995 apud
2502 3917 2841 3974 Antiochiam
2872 3916 3233 3988 praesentibus
3261 3914 3589 3969 adversariis
3610 3921 3664 3969 et
3696 3913 3935 3970 Eusebio

2329 4032 2393 4071 ex
2421 4014 2691 4079 Caesarea,
2715 4018 2769 4066 ct
2794 4024 2859 4067 ex
2891 4010 3176 4065 sententiis
3204 4007 3271 4082 (ι)
3298 4007 3597 4078 judicatum
3619 4004 3931 4077 episcopum

2326 4104 2633 4165 ostendisse
2662 4117 2786 4160 esse
2808 4101 3374 4173 inreprehensibilem.

2400 4200 2454 4255 7.
2511 4196 2922 4254 Eusebianorum
2958 4197 3152 4255 scelera
3172 4237 3189 4266 ,
3221 4188 3429 4252 nomina
3461 4204 3506 4250 et
3535 4202 3690 4249 artes.
3726 4223 3793 4234 --
3820 4190 3934 4250 Me-

2404 4357 2484 4433 (lt)
2516 4356 2787 4433 _Addimus
2811 4370 3017 4433 esseex
3039 4354 3198 4433 variis
3221 4352 3543 4433 lectionibus
3565 4353 3759 4433 Sirm._
3836 4398 3848 4433 ._

2404 4426 2473 4500 (ii
2505 4428 2693 4500 Graece
2733 4430 2888 4483 abest
2922 4429 2995 4500 in»
3019 4426 3195 4500 eodem
3234 4428 3347 4481 loco
3379 4443 3398 4481 :
3429 4426 3672 4497 adeoque
3703 4426 3931 4500 (signifi-

2334 4494 2506 4565 catur,
2540 4494 2807 4558 Meletium
2854 4498 3037 4570 nonin
3069 4497 3305 4570 lschyrae
3348 4507 3552 4570 tantum
3584 4494 3791 4570 patria,
3830 4500 3930 4558 sed

2335 4588 2436 4629 nec
2467 4572 2523 4628 in
2551 4573 2696 4628 omni
2724 4571 2944 4625 omnino
2976 4566 3214 4625 Mareote
3256 4568 3419 4624 ullam
3458 4568 3715 4624 habuisse
3744 4571 3931 4628 eccle-

699 4649 772 4717 (c)
799 4639 1020 4727 Graccus
1053 4662 1245 4727 seruio
1284 4649 1373 4704 hic
1412 4647 1649 4727 postulat
1676 4645 1816 4727 addi
1854 4648 2086 4719 ipsorum
2117 4683 2133 4713 ,
2169 4652 2225 4700 et
2249 4666 2304 4727 D
2334 4646 2468 4727 siam
2517 4645 2597 4727 vel
2647 4641 2975 4727 ministrum.
3023 4640 3102 4697 Ex
3151 4655 3277 4727 quo,
3311 4641 3622 4727 sequitur...
3653 4639 3933 4727 iscliyram

626 4735 753 4774 mox
784 4721 1133 4789 conscientia,
1169 4729 1289 4785 post
1318 4721 1640 4775 vocabulum
1665 4726 1878 4774 terrore.

701 4789 780 4860 (d)
824 4793 903 4847 Ex
935 4785 1232 4847 Athanasio
1270 4801 1326 4847 et
1363 4791 1707 4847 Theodoreto
1748 4791 1828 4846 sic
1865 4785 2221 4860 corrigendos

627 4871 711 4919 est
742 4862 830 4918 hic
856 4867 1005 4917 locus
1032 4881 1047 4918 :
1070 4864 1328 4931 testiﬁcati
1352 4872 1500 4930 sunt,
1528 4864 1612 4931 qui
1640 4870 1969 4931 venerantes
1999 4859 2222 4914 Alexan-

627 4934 742 4989 dria
765 4944 812 4989 et
843 4932 1075 4990 Mareote
1110 4945 1155 4990 et
1184 4930 1304 4990 aliis
1335 4935 1461 4990 locis
1486 4974 1501 4999 ,
1537 4930 1678 5004 quod
1709 4932 1843 4989 nihil
1886 4930 1989 4987 tale
2023 4933 2222 4999 factum

624 5015 720 5062 εει.

703 5076 776 5151 (c)
817 5076 895 5134 De
934 5076 1043 5133 illis
1071 5078 1208 5134 actis
1233 5075 1577 5151 Julins‘apud
1617 5075 1877 5132 Albanas.
1911 5088 2033 5151 pag.
2069 5072 2176 5129 742
2201 5114 2218 5142 ,

626 5148 692 5203 ad
716 5148 1057 5205 Eusebianos
1084 5151 1333 5205 rescribit
1360 5169 1375 5206 ι
1405 5148 1564 5205 Scitis
1583 5160 1754 5204 autem
1783 5148 2095 5202 monimenta
2133 5162 2222 5201 ac-

624 5229 811 5302 torum,
843 5221 930 5277 ubi
953 5236 1058 5302 una
1087 5221 1359 5278 dumtaaat
1400 5237 1521 5292 pars
1559 5221 1816 5293 adfuerit,
1842 5218 2111 5296 nullarum
2135 5218 2216 5273 vi-

624 5301 760 5346 rium
787 5309 916 5361 esse,
939 5301 1047 5350 etc.

698 5361 767 5435 (Ῑ)
808 5357 960 5433 Quod
982 5364 1072 5420 hic
1100 5364 1287 5430 deest,
1318 5365 1397 5420 sic
1418 5381 1485 5421 ex
1510 5363 1775 5421 Athanas.
1803 5370 1858 5418 et
1886 5357 2219 5435 Theod._po-

626 5431 731 5489 test
748 5431 993 5505 Suppleri
1015 5455 1027 5490 :
1046 5435 1218 5493 Simul
1239 5447 1408 5491 tamen
1449 5438 1503 5491 in
1521 5437 1648 5503 ipsis
1675 5436 1805 5489 actis
1827 5431 2221 5505 interrogaban-

634 5517 719 5559 tur
739 5502 952 5577 gentiles
977 5518 1024 5562 et
1052 5510 1404 5563 catechumeni
1428 5525 1447 5564 :
1471 5502 1732 5578 exquibus
1756 5522 1888 5561 unus
1909 5502 2228 5578 catechume-

627 5594 724 5633 nus
742 5575 1093 5649 interrogatus
1117 5579 1316 5635 dicebat
1337 5621 1353 5645 ,
1395 5581 1535 5635 intus
1562 5575 1617 5633 se
1646 5579 1835 5648 fuisse,
1882 5575 2089 5645 quando
2133 5591 2224 5627 su-

626 5660 924 5717 perventum
959 5653 1077 5722 fecit
1110 5651 1449 5718 Macharius;
1480 5661 1525 5704 et
1553 5651 1689 5705 alius
1713 5651 2092 5719 interrogatus,
2124 5656 2225 5702 etc.

714 5741 793 5814 (9)
834 5742 1045 5821 Graece.
1073 5748 1161 5821 aeri
1180 5748 1416 5821 ισχύραν
1446 5751 1514 5818 μή
1537 5752 1799 5821 παρεῖναι,
1832 5740 1956 5821 ᾀλλὰ
1980 5744 2236 5821 succurrat

639 5810 980 5936 ξιξῖιξὶεςξσθαι
1005 5831 1019 5868 :
1054 5825 1099 5869 et
1121 5810 1331 5887 Scyria
1349 5810 1457 5871 non'
1480 5810 1739 5897 adfuerit,
1766 5813 1854 5869 sed
1887 5813 2022 5879 male
2044 5810 2237 5877 habens

621 5899 650 5951 1
784 5899 826 5936 ri
858 5916 871 5932 .

2330 4716 2700 4787 presbyterum
2729 4731 2835 4769 non
2872 4713 3069 4787 fuisse,
3102 4710 3405 4787 quintoque
3441 4726 3471 4767 a
3506 4710 3738 4787 _Mcl_ctio
3779 4710 3930 4770 iii-di.

2328 4782 2634 4845 natus'est.
2669 4800 2846 4855 neque;
2879 4784 2949 4839 ab
2978 4782 3715 4855 AlexandrinoAPfatriarcha.

2396 4858 2470 4933 (j)
2510 4858 2582 4913 Ita
2598 4852 2775 4933 ,εἰωὶῖ
2821 4853 3180 4933 :Aliasttero1
3214 4852 3423 4933 Eusﬂbii
3464 4864 3531 4933 net.
3553 4854 3640 4933 qui
3674 4870 3790 4933 cum
3818 4855 3931 4933 istis

2326 4916 2552 5003 faciant.
2587 4931 2767 5003 Gneo.
2796 4928 2843 4983 oi
2869 4930 2990 5003 περὶ
3014 4916 3278 5003 Eua-imos.
3315 4916 3534 5003 Eusebii
3565 4916 3930 5003 'thsariensis

2325 4994 2542 5058 exstant
2562 5001 2856 5055 etiamnum
2880 4994 3116 5068 quinque
3144 4997 3265 5052 libri
3290 4997 3550 5068 adversus
3573 4994 3887 5068 Marcellum
3913 5015 3927 5051 :

2327 5090 2485 5145 quem
2520 5072 2765 5145 Romano
2807 5064 3140 5145 in_c_oncilio
3168 5070 3409 5145 auditum
3453 5064 3520 5145 ab
3562 5067 3711 5123 omni
3740 5085 3931 5145 errore

2325 5132 2565 5202 alienum
2603 5138 2811 5215 judicat
2862 5138 3034 5197 Julius
3061 5138 3200 5210 apud
3246 5132 3605 5196 Athanasium
3638 5155 3763 5210 pag.
3798 5136 3928 5197 750.

2397 5238 2475 5311 (lt)
2518 5236 2964 5311 ﬁliasLdabatur
2996 5249 3015 5287 :
3047 5241 3102 5311 et
3158 5247 3306 5311 ηιος-
3335 5232 3524 5311 deerat
3578 5232 3931 5311 s_etl__regut_mt

2323 5303 2436 5394 ejus
2456 5303 2484 5364 ':
2514 5308 2652 5364 facili
2685 5308 3024 5363 librariorum
3055 5305 3229 5387 lapsu.
3263 5304 3549 5378 Marcellus
3567 5303 3638 5386 ab
3668 5303 3929 5369 Eusebio,

2326 5382 2421 5432 lib.
2455 5396 2473 5432 ι
2502 5381 2569 5432 de
2591 5382 2786 5432 eccles.
2834 5376 3130 5432 Theolozta
3160 5390 3280 5432 can.
3316 5375 3383 5429 18
3409 5417 3425 5432 .
3454 5381 3701 5432 arguitur
3726 5416 3741 5432 .
3786 5376 3930 5432 quod

2325 5381 2421 5437 lib.
2455 5396 2473 5434 ι
2502 5381 2569 5435 de
2591 5382 2786 5435 eccles.
2834 5381 3130 5446 Theologia
3160 5390 3280 5442 cap.
3316 5381 3383 5429 its
3409 5417 3425 5437 ,
3454 5381 3701 5445 arguitur
3726 5416 3741 5440 ,
3786 5381 3929 5446 quod

2325 5454 2599 5508 Christum
2633 5459 2758 5506 ante
2782 5449 3001 5504 Mariam
3038 5446 3173 5501 nihil
3203 5447 3348 5501 aliud
3380 5447 3656 5501 exstitisse
3682 5447 3929 5501 affirma-

2324 5525 2393 5580 rit
2418 5564 2431 5585 ,
2462 5534 2623 5591 quam
2646 5523 2871 5576 verbum
2897 5528 3095 5591 nostro
3125 5518 3484 5591 simillimum.
3518 5517 3613 5572 Cui
3648 5519 3883 5591 Hilarius
3908 5556 3927 5585 ,

2330 5595 2376 5651 si
2415 5588 2492 5649 ab'
2526 5592 2855 5663 Hieronymo
2898 5589 3392 5663 beneuintellectus
3439 5598 3556 5663 est,
3590 5588 3934 5663 suffragatur

2332 5666 2429 5722 lib.
2459 5680 2533 5721 vn
2559 5666 2628 5719 de
2660 5660 2809 5719 Trin.
2845 5681 2899 5717 η.
2942 5663 2996 5717 5.
3028 5660 3165 5716 Hinc
3194 5674 3227 5715 a
3266 5660 3548 5716 Gennadio
3572 5660 3640 5716 de
3683 5661 3929 5731 Dogmat.

2335 5738 2535 5795 eccles.
2585 5751 2633 5790 c.
2689 5736 2753 5799 5,
2800 5752 2920 5789 cum
2973 5732 3192 5803 Beryllo
3233 5742 3289 5787 et
3315 5730 3614 5788 Artentone
3652 5731 3933 5788 Christum

2338 5824 2555 5891 merum
2581 5809 2857 5871 hominem
2887 5804 3247 5891 sentientibus
3270 5804 3640 5891 conjuhgitur;

2410 5879 2479 5957 (ι)
2514 5879 2704 5941 Graece
2725 5920 2744 5952 ,
2769 5886 2872 5946 τῶν
2911 5876 3228 5941 δικασάντων
3267 5873 3562 5937 inanium
3584 5873 3777 5951 ,ἴδιιξσν
3797 5915 3815 5949 ,
3835 5877 3934 5950 ju-
