4270 6264
374 372 482 431 657

1315 379 1409 435 EX
1451 378 1683 437 OPERE
1722 379 2092 439 HISTORICO
2130 379 2610 439 FRAGMENTUM
2649 381 2714 437 ll.

3569 383 3674 436 638

377 494 486 550 rito
512 506 643 563 ergo
671 494 830 551 acciti
877 492 1217 565 frequenter,
1266 512 1375 554 non
1404 499 1520 555 ausi
1567 508 1694 556 sunt
1744 499 1930 555 venire
1962 517 1974 554 :
2004 501 2060 562 Α
2084 501 2246 573 igitur
2272 514 2432 558 causa
2464 502 2518 556 in
2543 514 2653 557 uno
2680 502 2799 557 loco
2830 498 3020 573 (Gram.
3051 497 3193 574 οἴκῳ)
3224 514 3412 556 omnes
3458 512 3678 558 manere

374 585 576 643 merito
615 584 869 656 fugerunt
900 588 1251 645 conscientiae
1289 606 1402 647 suae
1454 590 1686 662 impulsu
1735 592 1983 663 praecipi-

379 682 499 737 tati.
555 679 703 752 Fuga
748 682 895 739 enim
941 680 1208 740 falsitates
1235 699 1362 741 suas
1387 686 1853 742 confirmaverunt
1878 726 1894 751 ,
1927 696 1983 742 et

378 774 526 832 credi
557 789 623 831 ea
646 774 890 833 fecerunt
909 817 926 844 ,
958 793 1081 849 quae
1106 790 1402 849 praesentes
1425 788 1771 837 accusatores
1791 796 1983 838 eorum

378 868 636 931 dixerunt
686 878 742 928 et
796 868 1173 928 ostenderunt.
1203 873 1342 942 Quid
1387 874 1585 945 igitur?
1632 875 1806 944 Supra
1865 875 1983 932 haec

379 964 560 1019 omnia
590 962 755 1019 etiam
798 963 932 1020 olim
958 964 1238 1035 depositos
1282 975 1446 1039 atque
1488 968 1693 1040 ejectos
1738 969 1980 1026 Ecclesia

380 1065 606 1126 propter
648 1057 899 1114 haeresim
936 1058 1053 1115 Arii
1083 1074 1189 1116 non
1220 1061 1395 1117 solum
1435 1072 1796 1135 susceperunt
1818 1103 1833 1128 ,
1884 1063 1981 1120 sed

378 1146 637 1203 etiamin
686 1147 947 1218 majorem
997 1161 1360 1220 proveserunt
1408 1153 1668 1224 gradum,
1725 1155 1982 1211 diacones

377 1239 598 1309 quidem
642 1239 698 1295 in
732 1240 1150 1313 presbyterium,
1199 1241 1276 1317 (a)
1324 1244 1395 1302 de
1426 1245 1761 1319 presbyterio
1799 1254 1981 1305 autem

381 1334 433 1389 in
466 1334 876 1405 episcopatum,
908 1346 1129 1405 propter
1165 1336 1298 1392 nihil
1325 1337 1505 1405 aliud,
1550 1339 1652 1394 nisi
1678 1348 1737 1394 ut
1760 1340 1980 1410 impiam

378 1429 681 1489 doctrinam
705 1428 935 1486 dilatare
962 1444 1028 1487 ac
1056 1430 1415 1488 disseminare
1443 1443 1702 1503 possent,
1734 1442 1790 1491 et
1815 1435 1981 1509 627

376 1522 525 1594 piam
591 1533 1007 1593 corrumperent
1061 1523 1244 1579 fidem.
1319 1525 1457 1581 Sunt
1514 1534 1694 1582 autem
1754 1526 1981 1583 istorum

381 1615 456 1690 (ὁ)
512 1624 634 1687 post
659 1617 949 1674 Eusebium
977 1617 1086 1673 duo
1108 1629 1359 1676 auctores
1379 1621 1542 1677 etiam
1562 1621 1885 1678 Theodorus
1914 1622 1982 1679 ab

379 1709 626 1767 Heraclia
646 1751 663 1778 ,
690 1708 976 1767 Narcissus
999 1726 1028 1765 ι
1072 1710 1374 1768 Neroniade
1410 1711 1983 1785 Cilicim,6tephanus

382 1816 451 1858 ex
473 1798 786 1868 Antiochia,
814 1800 1079 1874 Georgius
1104 1819 1173 1860 ex
1204 1803 1483 1872 Laodicia,
1518 1804 1596 1879 (c)
1633 1806 1758 1863 licet
1785 1810 1983 1862 timens

2083 601 2424 663 sategerunt,
2454 600 2510 649 et
2540 608 2639 649 nec
2678 606 2866 665 parum
2907 595 3188 662 temporis,
3224 591 3296 668 (Ῑ)
3346 609 3446 650 nec
3477 594 3678 653 habere

2087 700 2185 742 eos
2211 685 2435 742 liberam
2462 687 2771 743 facultatem
2795 688 3181 759 permiserunt.

2153 779 2211 835 8.
2254 779 2459 851 Synod!
2500 782 2771 835 sententia.
2815 780 3065 850 -—’Qnia
3108 796 3236 853 ergo
3286 795 3392 837 non
3440 781 3681 853 eportnit

2080 870 2473 940 conticescere,
2503 884 2604 926 nec
2635 872 2801 927 inulta
2833 871 2911 943 (g)
2943 872 3200 938 retinere,
3228 871 3490 929 i‘alsitates
3514 915 3530 942 ,
3564 876 3679 929 rin-

2082 962 2228 1030 eula,
2263 960 2575 1029 homicidia,
2616 978 2856 1034 pugnas,
2891 964 3051 1020 falsas
3089 950 3348 1035 epistolas
3370 1008 3385 1028 .
3428 968 3682 1024 verbera-

2085 1056 2262 1112 tiones
2281 1095 2296 1123 ,
2325 1056 2649 1113 nudationes
2673 1058 2963 1129 virginum,
2993 1059 3214 1127 exsilia,
3247 1062 3560 1117 eversiones
3581 1078 3673 1117 ec-

2080 1147 2399 1217 clesiarum,
2430 1148 2512 1222 (It)
2537 1149 2806 1213 incendia.
2841 1152 3229 1209 translationes
3254 1153 3323 1209 de
3352 1154 3582 1210 ecclesia
3614 1155 3682 1211 ad

2084 1240 2351 1313 majores,
2393 1250 2448 1298 et
2476 1251 2601 1298 ante
2627 1243 2809 1299 omnia
2846 1256 3035 1300 contra
3069 1253 3271 1302 rectam
3316 1246 3475 1302 fidem
3504 1247 3683 1302 insur-

2082 1347 2279 1407 gentes
2306 1335 2523 1392 Arianae
2555 1338 2781 1394 haeresis
2807 1339 3081 1395 doctrinas
3122 1357 3134 1393 :
3169 1356 3235 1394 ex
3281 1337 3383 1395 hac
3406 1356 3567 1395 causa
3593 1356 3682 1397 ca-

2086 1431 2335 1489 rissimos
2357 1430 2576 1503 quidem
2601 1434 2795 1490 fratres
2820 1444 2874 1490 et
2902 1435 3253 1509 coepiscopos
3281 1444 3497 1491 nostros
3518 1437 3685 1492 Atha-

2086 1524 2295 1580 nasium
2328 1524 2690 1593 Alexandrina,
2719 1537 2774 1583 et
2797 1527 3108 1584 Marcellum
3142 1529 3593 1601 Ancyrogaiatiae,
3628 1537 3685 1585 et

2085 1616 2394 1689 Asclepium
2424 1618 2614 1685 Gazae,
2647 1631 2700 1675 et
2743 1634 2838 1676 eos
2863 1621 2955 1693 qui
2984 1637 3104 1676 cum
3139 1623 3271 1692 ipsis
3302 1632 3456 1677 erant
3486 1623 3677 1678 minis-

2088 1718 2297 1766 trantes
2351 1711 2495 1778 Deo,
2550 1712 2867 1770 innocentes
2912 1724 2966 1769 et
3011 1731 3173 1785 puros
3229 1716 3676 1787 pronuntiamus,

2082 1804 2583 1877 asa-libentes
2630 1807 2695 1862 ad
2744 1823 3178 1880 unamquamque
3227 1825 3413 1865 eorum
3463 1809 3684 1881 provin-

383 1910 491 1957 non
517 1895 752 1952 adfuerit
775 1896 843 1952 de
872 1896 1116 1966 Oriente,
1142 1900 1371 1955 Aeacius
1394 1912 1461 1955 ex
1490 1898 1741 1957 Caesarea
1773 1901 1974 1958 Panes.
2007 1892 2057 1955 B
2082 1898 2221 1951 ciam
2241 1938 2258 1963 ,
2292 1908 2350 1951 ut
2377 1904 2763 1970 cognoscerent
2804 1900 3133 1971 singularum
3177 1900 3528 1957 ecclesiarum
3573 1902 3684 1972 pie-

385 1990 534 2058 tintc,
563 1988 958 2060 Menophantus
983 2006 1049 2047 es
1072 1991 1293 2061 Epheso
1320 1992 1487 2060 Asiae,
1522 1975 1775 2050 Ursaeius
1795 2009 1825 2049 ιι
1856 1993 1980 2051 Sitt-

379 2081 582 2153 gidnno
608 2081 811 2139 lossia“.
830 2123 846 2149 ,
874 2082 1074 2140 Valens
1100 2100 1166 2143 es
1209 2084 1387 2141 Marsa
1416 2085 1730 2143 Pannoniae.
1761 2087 1974 2144 Etenim

382 2175 627 2249 prtedicti
657 2175 821 2233 etiam
848 2173 1059 2249 (supple
1084 2176 1174 2249 iis)
1204 2178 1296 2249 qui
1328 2178 1395 2234 ab
1422 2178 1647 2236 Oriente
1672 2194 1860 2238 secum
1885 2197 1981 2237 ve-

382 2279 600 2337 nerunt,
623 2285 733 2327 non
758 2270 1123 2342 permiserunt
1148 2283 1395 2329 sanctum
1423 2273 1726 2331 concilium
1749 2276 1976 2343 intrare,

383 2380 557 2437 neque
600 2366 824 2422 omnino
856 2368 909 2422 in
941 2365 1239 2424 Ecciesiam
1291 2366 1385 2424 Dei
1416 2377 1660 2425 sanctam
1693 2360 1975 2427 accedere.

384 2457 682 2516 Venientes
710 2459 915 2517 etenim
939 2459 1217 2517 Serdicam
1246 2476 1342 2531 per
1363 2460 1573 2533 singula
1602 2461 1718 2518 loca
1742 2462 1981 2535 synodos

385 2554 658 2613 faciebant
689 2555 829 2611 inter
856 2570 947 2622 se,
980 2563 1034 2611 et
1060 2556 1339 2626 pactiones
1365 2571 1488 2612 cum
1519 2555 1979 2613 interminatioui-

387 2654 509 2717 bus,
543 2658 602 2707 ut
632 2649 857 2707 omnino
885 2651 1166 2707 venientes
1194 2649 1472 2706 Sardicam
1498 2649 1564 2706 ad
1586 2650 1847 2722 judicium
1870 2666 1979 2708 non

385 2745 751 2810 accederent,
802 2751 976 2814 neque
1004 2743 1054 2797 in
1100 2759 1264 2799 unum
1296 2759 1419 2798 cum
1464 2753 1646 2799 saneta
1692 2743 1896 2817 (Gneo.
1929 2753 1984 2802 et

384 2840 605 2910 magna)
629 2835 838 2910 synodo
866 2837 1221 2892 convenirent
1251 2853 1264 2888 :
1300 2833 1380 2909 (ἀ)
1411 2843 1466 2891 et
1492 2834 1559 2891 ad
1591 2835 1646 2891 id
1687 2836 1861 2891 solum
1891 2851 1983 2890 ve-

382 2942 599 2995 nerunt,
621 2942 820 2986 coitum
843 2929 1188 3000 priesentiam
1214 2942 1369 2983 suam
1390 2929 1481 2999 qui
1506 2928 1687 2983 statim
1711 2927 1979 3000 fugerunt.

384 3023 513 3082 Hinc
540 3025 685 3080 enim
715 3023 858 3079 scire
884 3023 1155 3093 potuimus
1175 3036 1203 3074 a
1246 3019 1728 3077 consacerdotibus
1756 3020 1980 3088 nostris,

384 3117 457 3193 (e)
508 3118 644 3175 Ario
694 3115 906 3173 scilicet
925 3130 990 3171 es
1014 3114 1323 3180 Palaestina,
1345 3113 1623 3186 Stephano
1649 3113 1718 3169 de
1738 3114 1935 3169 Arabia
1964 3130 1976 3168 :

382 3211 478 3284 qui
505 3225 629 3267 eum
661 3210 794 3280 ipsis
823 3218 1086 3265 venerunt
1108 3207 1326 3278 quidem
1352 3250 1367 3274 ,
1399 3207 1498 3263 sed
1528 3207 1597 3264 ab
1635 3223 1824 3263 eorum
1857 3222 1981 3279 per.

2082 1990 2180 2047 bes
2202 1992 2499 2048 sacerdotis
2525 1993 2604 2048 sui
2639 1994 3002 2065 integritatem
3026 2037 3041 2060 ,
3073 2004 3127 2052 et
3157 1994 3357 2052 habere
3384 2012 3443 2051 se
3465 1997 3680 2067 cpisco—

2084 2100 2212 2157 pum
2256 2099 2414 2141 suum
2441 2127 2455 2149 ,
2486 2085 2605 2143 illos
2634 2094 2813 2142 autem
2839 2129 2857 2157 ,
2884 2088 2975 2159 qui
3003 2102 3063 2145 se
3086 2103 3273 2145 eorum
3314 2090 3558 2147 ecclesiis
3583 2090 3685 2145 im-

2084 2187 2389 2234 merserunt
2415 2178 2666 2251 luporum
2693 2194 2866 2249 more,
2898 2179 2951 2241 id
2978 2190 3064 2240 est
3085 2223 3100 2249 ,
3134 2180 3450 2252 Gregorium
3473 2181 3525 2237 in
3553 2181 3683 2236 Alc-

2085 2268 2333 2338 xandria,
2371 2270 2623 2327 Basilium
2649 2273 2701 2327 in
2723 2273 2957 2345 Ancyra,
2990 2283 3045 2329 et
3068 2274 3415 2342 Quintianum
3441 2275 3495 2330 in
3516 2273 3683 2343 Gaza,

2084 2379 2261 2434 neque
2293 2361 2356 2437 (ὅ)
2410 2379 2607 2420 nomen
2662 2365 2863 2423 habere
2910 2367 3180 2438 episcopi,
3230 2382 3404 2438 neque
3444 2381 3685 2433 commu-

2085 2458 2266 2515 nionis
2314 2459 2536 2513 omnino
2583 2474 2774 2515 eorum
2822 2456 3023 2517 habere
3056 2462 3431 2533 participatum
3458 2504 3473 2531 ,
3510 2478 3684 2534 neque

2082 2551 2363 2620 suscipere
2405 2551 2475 2606 ab
2521 2552 2703 2622 aliquo
2741 2568 2930 2608 eorum
2958 2552 3206 2621 litteras,
3241 2569 3416 2625 neque
3471 2554 3536 2608 ad
3588 2569 3683 2610 eos
3794 2546 3797 2555 ’

2085 2643 2348 2710 scribere,
2383 2643 2503 2699 illos
2529 2652 2729 2712 autem,
2766 2645 2868 2700 hoc
2896 2655 2979 2702 est
3004 2688 3020 2712 ,
3048 2644 3393 2704 Theodorum
3418 2687 3433 2712 ,
3467 2646 3685 2702 Narcis-

2083 2751 2227 2802 sum,
2265 2737 2540 2805 Acacium,
2565 2736 2919 2808 Stephanum,
2954 2737 3229 2795 Ursacium
3268 2749 3323 2796 et
3357 2737 3680 2815 Valentem,

2085 2830 2529 2902 Menephantmn,
2557 2841 2614 2887 et
2640 2832 2928 2903 Georgium
2961 2832 3097 2905 (etsi
3125 2836 3343 2900 timens,
3377 2833 3449 2908 (j)
3493 2842 3552 2889 ut
3570 2833 3685 2889 dic-

2087 2933 2197 2979 tum
2230 2932 2345 2989 est,
2392 2939 2500 2980 non
2526 2922 2700 2979 adfuit
2722 2968 2736 2993 ,
2770 2924 2863 2979 sed
2891 2932 3071 2980 tamen
3102 2926 3226 2997 quia
3272 2941 3303 2981 a
3353 2924 3523 2983 beata:
3565 2940 3682 2982 nte-

2084 3016 2275 3070 moria:
2302 3014 2609 3071 Alexandro
2640 3015 2898 3086 episcopo
2922 3015 3196 3087 quondam
3222 3015 3563 3072 Alexandriae
3586 3016 3683 3073 de-

2078 3109 2256 3181 jectns
2300 3110 2456 3180 est),
2485 3120 2540 3166 et
2579 3108 2722 3180 quod
2761 3110 2834 3166 sit
2863 3119 2969 3164 tam
3017 3110 3140 3177 ille,
3174 3116 3334 3181 quam
3376 3111 3537 3167 etiam
3577 3127 3685 3167 caa-

2086 3203 2185 3259 teri
2235 3202 2312 3276 (k)
2355 3202 2446 3273 qui
2487 3200 2867 3272 comprehensi
2918 3208 3080 3269 sunt,
3129 3199 3326 3257 furoris
3356 3201 3580 3270 Ariani,
3629 3208 3685 3258 et

384 3304 510 3362 iidia
542 3312 909 3361 recesserunt.
939 3302 1003 3358 iii
1028 3302 1175 3359 enim
1204 3300 1485 3357 venientes
1515 3301 1571 3357 in
1598 3311 1841 3357 sanctam
1882 3317 1977 3373 sy-
2006 3286 2053 3352 C
2084 3303 2306 3369 propter
2336 3294 2547 3364 objecta
2570 3294 2816 3362 crimina,
2853 3294 2950 3348 hos
2976 3308 3165 3349 omnes
3196 3294 3388 3365 aqua“
3419 3308 3566 3350 sorte
3591 3294 3685 3350 de-

383 3398 606 3462 nudum,
630 3396 942 3453 violentiam
969 3395 1209 3468 quidem,
1233 3410 1393 3466 quam
1422 3395 1563 3465 passi
1587 3394 1820 3461 fuerant,
1851 3409 1982 3452 con-

382 3491 784 3565 querebantur;
825 3488 959 3546 nihil
989 3501 1169 3545 autem
1200 3488 1266 3543 ab
1297 3487 1428 3559 ipsis
1470 3498 1619 3544 recte
1654 3488 1738 3561 agi
1769 3502 1977 3546 assere-

387 3583 895 3640 bantzasserentes
953 3582 1023 3653 if.
1070 3579 1411 3653 adjicientes)
1440 3581 1604 3637 etiam
1647 3579 1789 3648 hoc;
1831 3582 1977 3653 quod

379 3683 569 3733 essent
598 3674 672 3730 ibi
705 3672 920 3745 plurimi
946 3682 1109 3730 recmt
1139 3672 1298 3737 ﬁdei,
1328 3673 1418 3743 qui
1452 3672 1883 3743 prohibebantur
1910 3675 1978 3730 ab

382 3767 518 3839 ipsis
544 3766 727 3823 venire
755 3765 821 3823 ad
844 3779 944 3825 nos
977 3764 1266 3836 propositis
1288 3764 1836 3822 interminationibus.
1863 3767 1976 3824 Hac

381 3904 665 3978 dicantium
689 3901 1046 3978 episcoporum
1073 3902 1292 3978 ostendit
1314 3892 1367 3957 se
1387 3917 1498 3978 ess_e
1519 3944 1532 3966 ,
1559 3910 1668 3978 etc._
1695 3902 1835 3978 _Acta
1870 3905 1982 3978 An-

380 3977 616 4033 tiocheni
643 3973 986 4032 conciliabuli
1008 3976 1133 4028 anni
1162 3974 1289 4037 330,
1314 3987 1422 4044 quo
1451 3973 1777 4029 Eostachius
1796 3990 1826 4030 e
1846 3976 1978 4033 sede

380 4064 475 4105 sua
544 4048 693 4104 nisus
717 4045 845 4118 fuit,
874 4047 960 4103 hic
984 4047 1271 4104 memorari
1301 4053 1509 4114 putant.
1544 4044 1600 4100 In
1630 4045 1771 4101 hunc
1798 4047 1977 4103 locum

382 4064 540 4177 haud)
554 4119 718 4174 dubie
758 4119 997 4177 resoi-xit
1027 4122 1361 4175 Sozomenns
1390 4115 1481 4173 lib.
1513 4132 1603 4177 nt.
1627 4132 1679 4173 c.
1712 4117 1812 4177 12.
1853 4133 1975 4175 cum

421 4134 523 4176 aud
554 4134 718 4174 (lllDle
758 4134 997 4183 τθευιιιιι
1027 4134 1361 4183 δοιοιιιειιιιδ
1390 4134 1481 4173 ιιι).
1513 4134 1603 4183 Ill,
1627 4134 1679 4173 Co
1712 4134 1812 4183 ιι,
1853 4134 1918 4174 Cll

382 4137 523 4177 naua
554 4137 718 4174 uume
758 4137 997 4195 Γθεριιιιι
1027 4137 1361 4185 δοιοιιιειιιιδ
1390 4137 1481 4173 ιιι).
1513 4137 1603 4183 ιιι,
1627 4137 1679 4173 C.
1712 4137 1812 4183 13,
1853 4137 1974 4175 cum

382 4194 458 4247 ait
508 4190 794 4259 Asclcpam
866 4195 1206 4259 innocentem
1268 4188 1505 4243 Sardicae
1569 4189 1974 4259 pronuntiatum

380 4279 526 4329 esse,
557 4278 617 4317 eo
644 4258 784 4331 quod
812 4261 1019 4318 Eusebii
1055 4258 1320 4326 Pamphili
1348 4258 1672 4329 aliorumque
1697 4262 1977 4317 multorum

372 4335 618 4408 judicent
652 4338 905 4408 sententia
933 4333 1287 4408 episcopatum
1316 4348 1466 4386 suum
1496 4342 1850 4408 recuperasset
1874 4376 1888 4401 ,
1928 4342 1978 4389 el

380 4402 492 4463 iter
520 4421 639 4465 vera
667 4420 777 4463 esse
799 4407 927 4463 actis
938 4404 1280 4473 judicialibus
1303 4402 1703 4473 comprobassct.

451 4473 956 4550 (a)AValesiusgapud
969 4475 1372 4550 Theodoretum
1395 4473 1559 4550 verba
1590 4489 1764 4543 graeca
1793 4474 1895 4532 ἀπὸ
1920 4475 1976 4550 6i

380 4544 746 4627 πρὲάςυςτέρων
788 4544 952 4627 latine
997 4544 1264 4627 reddidit,
1312 4547 1629 4627 presbyteros
1680 4556 1850 4610 autem
1885 4548 1977 4618 qui

383 4617 601 4688 άὲροσὶιὶ
634 4617 860 4691 fuerant.
893 4620 1028 4691 Cum
1061 4634 1124 4673 ex
1161 4617 1428 4691 Hilariana
1471 4617 1731 4691 lectione.
1765 4626 1878 4673 tum
1901 4617 1976 4674 ex

382 4685 564 4747 verbis
591 4685 962 4760 superioribus
984 4690 1152 4760 liquet
1173 4732 1189 4757 ,
1219 4685 1351 4760 illud
1392 4689 1495 4745 ἀπὸ
1524 4687 1810 4760 pristinum
1848 4705 1970 4760 gra-

381 4761 524 4837 tiqu
541 4757 756 4837 sonare,
788 4779 892 4837 non
923 4776 952 4816 ιι
979 4757 1091 4837 quo
1112 4761 1233 4834 quis
1260 4757 1502 4816 defectus
1527 4757 1613 4815 Vsit
1640 4801 1654 4827 ,
1685 4759 1781 4816 sed
1815 4757 1976 4831 a'quo

383 4833 449 4889 ad
477 4832 725 4890 altiorem
759 4832 1120 4890 adscend'erit.

454 4904 533 4975 (ὁ)
575 4907 847 4980 Inuera-cis
876 4904 1305 4980 egernpiarihus,
1338 4905 1471 4980 μετά
1503 4905 1623 4980 τορς
1664 4906 1786 4980 περὶ
1813 4904 1977 4960 Εὐσέ-

385 4979 490 5055 (im
516 4974 606 5032 νῦν
634 4974 888 5055 ε’ξοφχοι.Δ
908 4976 1065 5055 Unde
1087 4974 1610 5055 supervacaneahic
1632 4974 1843 5055 videtur
1876 4990 1978 5055 vos

382 5050 488 5121 dno
518 5067 531 5102 :
557 5058 651 5121 aut
696 5046 844 5104 c'ci'ie
876 5046 1170 5121 legendum
1206 5056 1324 5121 post
1356 5046 1606 5121 Eusebios
1662 5048 1859 5121 duos“:
1889 5046 1977 5100 cui

383 5120 604 5176 lectioni
634 5120 774 5176 favet
807 5122 934 5176 illud
948 5114 1049 5177 lib.
1074 5135 1093 5173 ι
1114 5122 1177 5173 ad
1205 5114 1581 5175 Constantium
1612 5136 1664 5173 η.
1684 5115 1720 5171 5
1749 5134 1761 5170 :
1794 5114 1978 5181 Nuper

382 5191 661 5246 didicimus
688 5204 974 5247 commenta
1020 5193 1127 5245 Itan:
1174 5193 1568 5261 fuisseinrenta
1615 5199 1661 5245 et
1697 5204 1730 5243 α
1779 5187 1979 5244 duobus

384 5261 643 5330 Eusebiis,
679 5274 789 5320 etc.
813 5303 829 5327 ,
855 5266 1153 5332 pra-serum
1181 5274 1304 5317 cum
1328 5262 1397 5315 ibi
1419 5302 1435 5327 ,
1464 5262 1699 5331 Georgio
1727 5272 1974 5332 excepto,

385 5334 545 5391 iidem
588 5336 681 5403 qui
726 5336 815 5389 hic
851 5331 1095 5404 episcopi
1126 5334 1338 5389 duobus
1379 5332 1629 5387 Euseblis
1677 5331 1982 5402 adiungan-

383 5415 488 5462 tur.

454 5477 527 5550 (c)
565 5474 710 5531 Nihil
740 5474 885 5545 apud
934 5474 1201 5532 Athenas.
1255 5484 1313 5531 et
1354 5473 1683 5533 Theodoret.
1741 5474 1982 5531 occurrit

384 5544 825 5618 locoverborum
849 5589 864 5614 ,
897 5547 1011 5602 licet
1037 5549 1221 5603 timens
1257 5563 1359 5605 non
1396 5546 1625 5618 adfuerit
1656 5548 1719 5602 de
1744 5546 1976 5602 Oriente.

481 5614 555 5691 ιι),
581 5616 655 5675 Ex
678 5616 1023 5677 Theodoreto
1044 5620 1122 5674 sic
1141 5614 1551 5691 resarcireiieet
1582 5619 1723 5673 lutnc
1752 5619 1930 5674 locum
1957 5635 1971 5672 :

500 5682 556 5747 ευ
575 5692 762 5757 solum,
792 5699 849 5749 ul
875 5706 995 5746 eam
1016 5691 1282 5756 uenissent,
1309 5689 1515 5765 ordiris
1536 5706 1690 5745 causa
1715 5691 1826 5765 lini
1851 5692 1978 5765 ἀφοο

384 5763 603 5838 σώσει)
642 5766 969 5836 precantium
1013 5779 1159 5821 suam
1184 5763 1558 5832 ostendissent,
1605 5763 1778 5819 statim
1821 5763 1978 5835 [adeo

380 5847 534 5985 mit)
585 5890 649 5966 iii
679 5892 788 5979 duo
831 5908 1075 5983 episcopi
1104 5909 1161 5968 in
1185 5910 1381 5984 grecis
1411 5902 1693 5969 codicibus
1718 5890 1982 5971 Macarius

2082 3389 2216 3461 jecit
2239 3396 2424 3444 sancta
2462 3386 2704 3460 synodus
2743 3387 2811 3441 de
2840 3387 3183 3458 episcopatus
3217 3390 3384 3459 gradu
3416 3405 3430 3443 :
3464 3396 3515 3444 et
3542 3389 3686 3460 judi-

2086 3484 2328 3539 cavimus
2378 3498 2485 3537 non
2540 3481 2715 3537 solum
2772 3480 2894 3535 illos
2916 3483 3202 3551 episcopos
3242 3496 3348 3537 non
3399 3496 3554 3549 esse,
3588 3481 3681 3538 sed

2086 3582 2262 3651 neque
2300 3579 2736 3636 communionem
2774 3576 2987 3647 quidem
3018 3590 3141 3631 cum
3182 3574 3429 3632 ﬁdelibus
3457 3575 3679 3634 habere.

2085 3675 2413 3746 Separantes
2462 3671 2607 3726 enim
2650 3669 2879 3731 Filium,
2931 3677 2987 3723 et
3036 3668 3338 3724 alienantes
3388 3667 3620 3723 Verbum
3652 3685 3680 3723 τι

2083 3767 2276 3834 Patro,
2318 3763 2559 3836 separari
2614 3765 2682 3818 ob
2734 3761 2974 3818 Ecclesia
3017 3760 3280 3817 catholica
3320 3768 3573 3833 oportet,
3629 3770 3684 3818 ct
3750 3766 3785 3775 ”

2083 3916 2136 3959 et
2165 3903 2410 3975 Asterius
2432 3900 2906 3975 cognominantur.
2930 3894 3303 3975 Tamenapud
3324 3898 3681 3975 Atltattasiitm

2080 3975 2134 4031 in
2167 3968 2655 4044 subscriptionibus
2685 3970 3095 4044 Paimstinorum
3126 3968 3321 4044 Arius,
3345 3990 3465 4044 non
3507 3968 3682 4028 Maca-

2084 4048 2194 4103 rius
2222 4040 2529 4117 reperitur,
2561 4054 2615 4100 et
2635 4045 2800 4117 epist.
2835 4043 2901 4096 ad
2935 4043 3095 4117 Solit.
3129 4059 3180 4111 p.
3211 4040 3318 4117 8‘20
3344 4041 3525 4117 legere
3556 4052 3638 4099 est
3663 4088 3678 4111 ,

2078 4120 2148 4177 ab
2177 4113 2392 4174 Arionis
2417 4116 2562 4173 male
2591 4113 2817 4171 aﬂ‘ectos
2839 4129 2960 4170 esse
2991 4116 3172 4169 Arium
3194 4125 3241 4169 et
3263 4115 3523 4169 Asterium
3542 4154 3556 4178 ,
3598 4118 3679 4181 a1-

2080 4200 2246 4245 lerum
2278 4187 2447 4244 Petra:
2473 4189 2527 4241 in
2560 4185 2843 4241 Palaestina
2865 4228 2879 4251 ,
2914 4186 3133 4241 alterum
3162 4184 3333 4241 Petra:
3369 4187 3422 4239 in
3445 4186 3638 4245 Arabia
3661 4229 3678 4253 ,

2078 4265 2163 4334 qui
2194 4262 2258 4315 ab
2278 4261 2409 4334 ipsis
2439 4260 2774 4334 desciverant.
2802 4256 3150 4334 Sed_nullu_m
3183 4257 3291 4334 fere
3328 4254 3547 4334 dubium
3598 4268 3681 4313 cst

2081 4328 2209 4404 quin
2234 4348 2331 4404 pro
2354 4332 2653 4404 Stephano,
2682 4329 2770 4404 hic
2801 4328 3194 4385 restituendum
3224 4329 3294 4382 sit
3325 4329 3555 4399 Asteria,
3588 4334 3677 4401 qui

2080 4400 2221 4461 infra
2234 4400 2475 4460 'Astttrns
2502 4400 2885 4458 subscribitur.

2152 4497 2225 4571 (f)
2249 4495 2381 4553 Illud
2414 4512 2504 4552 nec
2532 4494 2816 4552 redundat.
2842 4488 2987 4571 Δ⁶1“ιιιιι
3023 4510 3120 4565 pro
3146 4495 3330 4571 habere
3350 4512 3436 4571 cos
3469 4496 3681 4571 liberant

2079 4566 2400 4640 facultatem,
2430 4580 2595 4624 unum
2629 4575 2711 4624 est
2741 4567 2966 4623 verbum
2994 4582 3236 4641 graecum
3264 4566 3469 4635 ἰδιάζειν
3492 4610 3505 4635 ,
3537 4569 3679 4639 quod

2081 4651 2202 4712 est,
2235 4641 2474 4708 privatim
2503 4656 2671 4712 agere.

2004 4734 2058 4795 ι)
2086 4785 2099 4797 θ
2153 4711 2234 4787 (g)
2258 4712 2443 4777 Forte,
2469 4708 2637 4797 sinere
2656 4711 2740 4769 vel
2765 4712 3164 4797 permittere,_ttt
3184 4720 3360 4795 exstat
3387 4708 3439 4765 in
3466 4726 3677 4797 graeco:

2084 4785 2139 4840 in
2165 4783 2287 4857 "quo
2315 4800 2439 4857 mox
2469 4784 2695 4840 habetur
2719 4785 2812 4857 τὰς
2836 4784 3055 4857 «una,
3088 4783 3207 4839 loco
3237 4784 3385 4838 VOCiS
3415 4790 3635 4852 pugnus.

2155 4855 2234 4927 (It)
2263 4856 2524 4911 Adiiimus
2550 4855 2789 4911 incendia
2813 4871 2875 4910 cx
2910 4855 3074 4911 Sil'lii.
3101 4868 3153 4908 et
3178 4869 3359 4927 grmro
3382 4870 3631 4927 sermone
3662 4871 3676 4908 :

2082 4928 2136 4982 in
2166 4925 2286 4998 quo
2317 4937 2501 4998 postea
2547 4928 2851 4997 subjicitur,
2886 4929 3247 4982 translationes
3286 4926 3351 4981 de
3396 4925 3678 4981 minoribus

2082 4998 2374 5055 civitatibus
2404 5001 2472 5054 ad
2502 5001 2743 5054 ecclesias
2765 5000 3011 5069 majores.

2160 5092 2222 5161 (ἱ)
2274 5091 2954 5163 Ιλθειίοηθηιγτιιεοάονθιί
2981 5133 2995 5154 ,
3026 5089 3246 5153 τούτους
3295 5088 3423 5163 μηδέ
3469 5092 3678 5148 ἐπισκό-

2081 5182 2213 5245 τςους
2243 5164 2499 5245 armigeri:
2525 5162 3060 5245 pndixpwjrtavoocn,
3099 5162 3383 5243 cttttlirtitat
3436 5167 3677 5245 Albana-

2083 5234 2196 5319 .sins
2244 5233 2497 5319 adstitit.
2525 5233 2588 5305 'p.
2622 5233 2749 5319 βιὲιῖ,
2779 5234 2869 5287 ubi
2896 5237 2971 5287 ait
3014 5234 3335 5316 Gregorium
3389 5249 3419 5289 a
3469 5236 3679 5319 synodo

2078 5304 2377 5373 judicatum
2411 5304 2574 5362 fuisse
2622 5304 2899 5376 indignum
2944 5305 3034 5376 qui
3065 5306 3353 5376 cpiscopus
3382 5318 3472 5363 aut
3501 5304 3678 5363 'Cbri-

2082 5375 2291 5431 stianus
2319 5378 2540 5431 omnino
2570 5375 2955 5448 appellaretur.

2157 5468 2225 5539 (j)
2264 5467 2321 5524 In
2347 5468 2544 5539 graecis
2569 5468 2692 5524 cod.
2723 5475 2784 5523 ut
2822 5482 2984 5537 supra
3013 5466 3144 5539 nihil
3190 5467 3418 5523 habetur
3460 5468 3529 5525 de
3576 5469 3679 5524 hoc

2083 5536 2299 5611 Georgii
2343 5536 2568 5607 timore,
2613 5539 2683 5595 ita
2720 5555 2819 5593 nec
2842 5553 2982 5592 nunc
3010 5538 3227 5593 additur
3258 5551 3308 5592 ut
3350 5541 3547 5594 dictum
3575 5551 3674 5596 est.

2084 5608 2254 5666 lidetn
2278 5612 2531 5678 codices,
2574 5621 2705 5667 utet
2735 5610 2895 5664 lectio
2932 5611 3182 5679 superior
3219 5626 3367 5664 num.
3393 5614 3443 5679 7,
3468 5611 3677 5668 adden-

2084 5680 2213 5736 dtttn
2255 5697 2374 5739 esse
2414 5684 2647 5739 suadent
2685 5687 2748 5737 de
2788 5679 2996 5736 Oriente
3027 5690 3141 5752 post
3174 5682 3395 5738 verbum
3440 5699 3546 5739 non
3582 5686 3680 5739 rid-'-

2084 5753 2202 5824 fuit.

2165 5830 2246 5905 (lt)
2302 5829 2378 5887 ita
2435 5827 2599 5905 Sirm.
2657 5828 2731 5884 At
2784 5825 2999 5905 Faber,
3052 5829 3223 5905 σαςενε
3278 5828 3678 5903 comptam“?

2094 5897 2297 5969 omisso
2336 5902 2503 5961 verbo
2539 5908 2689 5967 sunt,
2730 5897 2874 5973 quod
2913 5907 3088 5963 exslal
3131 5900 3185 5958 in
3223 5897 3421 5975 ωδε..)
