4270 6264
583 358 690 416 659

586 574 905 639 anathema,
965 587 1034 628 eo
1091 572 1234 644 quod
1291 574 1407 628 ausi
1447 582 1577 628 sunt
1616 573 1924 630 adulterare
1963 574 2186 631 verbum

586 665 852 722 veritatis.
904 666 1148 733 Apostoli
1203 665 1347 720 enim
1387 674 1474 721 est
1514 675 1845 736 praeceptum
1904 684 1916 721 :
1964 667 2025 723 Si
2075 670 2190 738 quis

587 759 728 813 vobis
782 757 1211 830 euangelizauerit
1270 768 1456 827 prater
1497 776 1651 830 quam
1689 760 1828 830 quod
1883 761 2148 832 accepistis
2174 803 2189 829 ,

587 850 860 904 anathema
897 851 960 904 sit
1001 850 1144 921 (Gal.
1198 866 1246 916 ι,
1301 850 1380 919 9).
1426 851 1520 908 llis
1561 853 1834 908 neminem
1891 853 2194 910 communi-

586 957 712 998 care
749 941 1064 999 denttntiate
1094 962 1106 999 :
1138 944 1281 1000 nulla
1323 945 1468 1000 enim
1509 946 1926 1002 communicatio
1981 946 2085 1002 luci
2125 945 2192 1001 ad

592 1035 868 1091 tenebras.
903 1035 1014 1091 Hos
1041 1051 1234 1093 omnes
1261 1038 1420 1108 longe
1447 1039 1602 1093 facite
1644 1055 1661 1092 :
1704 1038 1848 1093 nulla
1890 1039 2034 1094 enim
2073 1053 2195 1108 par-

594 1129 838 1198 ticipatio
875 1128 1092 1185 Christo
1140 1130 1208 1184 ad
1261 1130 1453 1185 Belial.
1496 1130 1794 1186 Observate
1821 1171 1834 1192 ,
1875 1129 2192 1198 Carissiitii,

593 1234 652 1280 ut
693 1239 868 1294 neque
905 1225 1156 1280 scribatis
1200 1225 1262 1279 ad
1302 1239 1430 1290 eos,
1477 1239 1650 1296 neque
1687 1240 1878 1280 eorum
1919 1223 2197 1293 accipiatis

595 1318 826 1373 litteras.
873 1317 1069 1373 Curate
1118 1329 1298 1373 autem
1349 1319 1549 1383 etiam,
1590 1318 1930 1375 dilectissimi
1978 1317 2198 1373 Fratres

598 1419 655 1467 et
691 1411 1108 1468 consacerdotes
1135 1454 1149 1478 ,
1193 1413 1346 1483 quasi
1385 1423 1684 1482 praesentes
1723 1412 1916 1483 spiritu
1954 1412 2079 1467 huic
2119 1413 2201 1467 in-

599 1504 895 1560 terfueritis
944 1505 1192 1578 synodo,
1254 1506 1436 1560 omnia
1493 1521 1614 1576 quae
1675 1521 1703 1558 a
1759 1506 1918 1562 nobis
1956 1505 2199 1560 instituta

598 1604 727 1651 sunt
763 1597 1089 1654 confirmare
1128 1613 1224 1668 per
1264 1598 1476 1654 litteras
1513 1607 1726 1654 vestras
1755 1640 1769 1664 ,
1811 1607 1870 1652 ut
1917 1598 1986 1652 ab
2024 1599 2202 1654 omni—

602 1689 707 1746 bus
745 1691 1015 1762 episcopis
1057 1692 1200 1748 idem
1241 1694 1445 1749 sentire
1465 1707 1487 1760 ,'
1525 1701 1689 1763 atque
1731 1709 1891 1748 unam
1929 1709 2052 1749 esse
2079 1708 2200 1749 oni-

599 1782 749 1838 nium
791 1783 1123 1841 voluntatem
1163 1800 1231 1840 ex
1259 1786 1564 1843 litterarum
1605 1787 1967 1842 consensione
1997 1787 2068 1841 sit
2097 1801 2203 1840 ma-

1783 358 2027 418 SANCTI
2067 360 2320 418 HlLARlI
2360 363 2665 420 EPISCOPI

584 478 796 536 alienos
835 493 957 537 esse
996 494 1028 534 a
1066 478 1283 535 nomine
1320 476 1651 535 Christiano.
1681 476 1803 535 Sitit
1827 479 1988 550 igitur
2026 480 2180 535 vobis
2207 482 2259 542 Λ
2359 483 2445 538 10.

3778 362 3887 417 640

2359 483 2445 538 10.
2478 482 2658 555 Legati
2684 480 2836 538 Julii.
2871 512 2940 523 —
2969 479 3234 550 Quoniam
3284 495 3415 552 ergo
3454 479 3729 546 universa,
3767 495 3888 550 quia

2293 586 2442 647 gesta
2503 586 2648 644 sunt,
2682 592 2802 648 quae
2852 586 2992 644 acta,
3050 592 3172 647 quae
3219 577 3536 641 cetistituta,
3586 581 3642 632 et
3686 573 3890 630 charta:

2293 669 2601 734 continent,
2652 679 2706 723 et
2747 669 2883 724 viva:
2927 684 3087 724 voces
3116 668 3527 724 carissimorum
3561 663 3800 722 fratrum
3833 675 3891 722 et

2295 764 2859 833 compresbyterorum
2899 771 3208 818 nostrorum
3236 761 3563 834 Archydatni
3591 761 3662 834 (Γ)
3690 770 3746 816 et
3765 760 3894 815 Phi—

2298 855 2504 921 loxetii,
2536 865 2590 910 et
2619 855 2885 910 Carissimi
2917 855 3009 910 filii
3043 856 3211 911 nostri
3251 855 3450 910 Leonis
3481 853 3695 909 diaconi
3722 854 3898 909 veris-

2297 951 2435 1005 sime
2461 959 2517 1005 et
2554 949 2785 1005 fideliter
2810 964 3081 1019 exponere
3111 957 3362 1019 poterunt
3389 964 3403 1011 ;
3449 962 3587 1016 pene
3634 963 3898 1017 superva-

2299 1057 2458 1096 cutim
2516 1041 2767 1098 videatur
2815 1041 3003 1097 eadem
3053 1041 3137 1096 liis
3182 1041 3424 1096 inserere
3457 1039 3670 1094 litteris.
3722 1039 3902 1092 Patitit

2301 1131 2441 1202 apud
2473 1146 2687 1197 omnes,
2734 1131 2826 1202 qui
2857 1140 3230 1186 convenerunt
3259 1147 3325 1186 ex
3359 1130 3600 1200 partibus
3639 1127 3898 1195 Orientis,

2300 1227 2389 1297 qui
2421 1243 2480 1281 se
2519 1226 2791 1297 appellant
2845 1227 3128 1296 εῃῑεοοιιοε
3169 1227 3516 1296 (quamquam
3561 1225 3670 1280 sint
3699 1238 3765 1279 ex
3815 1223 3904 1280 his

2299 1319 2432 1374 certi
2479 1329 2729 1373 auctores
2771 1316 3044 1389 (superiori
3073 1317 3288 1388 epistola
3317 1334 3459 1372 num.
3513 1319 3544 1371 7
3591 1313 3896 1386 nominati),

2301 1425 2534 1480 quorum
2580 1409 2871 1479 sacrilegas
2902 1418 3114 1465 mentes
3145 1411 3342 1465 Ariana
3386 1409 3611 1464 haeresis
3639 1408 3904 1479 pestifero

2304 1501 2460 1557 tinxit
2489 1502 2721 1572 veneno)
2756 1502 2849 1558 diu
2880 1502 3260 1574 tergiversatos
3303 1512 3522 1573 propter
3547 1501 3907 1558 diffidentiam

2303 1595 2368 1652 ad
2397 1595 2658 1665 judicium
2679 1596 2871 1652 venire
2891 1596 3150 1663 noluisse,
3182 1605 3436 1667 tuamque
3468 1604 3522 1650 et
3550 1604 3790 1650 nostram
3817 1609 3907 1650 re-

2305 1687 2660 1758 prehendisse
2709 1688 3148 1744 communionem
3178 1730 3192 1754 ,
3247 1704 3366 1758 qua:
3417 1688 3615 1743 nullam
3673 1686 3912 1742 habebat

2307 1782 2522 1852 culpam
2553 1781 2712 1852 :quia
2744 1797 2850 1836 non
2877 1782 3051 1836 solum
3092 1782 3368 1852 octoginta
3405 1781 3675 1851 episcOpis
3709 1789 3915 1835 testan-

595 1873 871 1931 nifestum.
920 1875 998 1948 (a)
1050 1877 1341 1948 Optamus,
1406 1879 1655 1950 Fratres,
1715 1898 1812 1940 vos
1864 1882 1920 1938 in
1977 1882 2206 1937 Domitio
2235 1878 2282 1940 B
2313 1874 2456 1930 tibus
2485 1873 2553 1931 de
2577 1873 2889 1929 innocentia
2921 1873 3203 1930 Athanasii
3249 1874 3452 1943 pariter
3475 1872 3802 1929 credidimus
3831 1871 3913 1944 (in

601 1965 740 2023 bene
779 1968 985 2027 valere.
1026 1969 1285 2042 Explicit.

599 2106 766 2179 629
790 2105 980 2174 Incipit
1004 2107 1080 2180 (b)
1110 2111 1400 2180 exemplum
1427 2112 1658 2180 epistolis
1675 2115 1828 2184 factm
1854 2112 1965 2184 (an.
1982 2113 2114 2184 547)
2139 2115 2208 2171 ad

674 2198 880 2252 Julium
904 2200 1046 2254 urbis
1071 2199 1253 2256 Roma:
1277 2204 1592 2275 episcOpum,
1621 2203 1768 2261 Julia
1793 2207 2032 2280 episcOpo
2060 2226 2092 2263 a
2117 2226 2206 2281 sy-

678 2290 812 2346 nodo
827 2290 1052 2347 directae.

680 2424 732 2480 9.
770 2425 872 2480 Cur
898 2425 1073 2482 Julius
1101 2444 1207 2483 non
1237 2429 1464 2501 adfuerit
1484 2433 1702 2504 synodo.
1737 2433 1885 2490 Petri
1918 2435 2052 2490 sedis
2078 2453 2212 2509 prta-

606 2523 860 2593 rogatiua.
902 2552 974 2564 -—
1001 2523 1154 2592 Quod
1198 2539 1414 2598 semper
1455 2527 1824 2598 credidimus,
1863 2530 2026 2586 etiam
2068 2547 2211 2587 nunc

605 2617 873 2671 sentimus
898 2635 912 2672 :
937 2619 1275 2689 experientia
1300 2621 1445 2677 enim
1475 2622 1668 2692 probat
1687 2631 1740 2679 et
1765 2623 2071 2688 confirmat,
2091 2640 2210 2696 quae

606 2713 837 2785 quisque
882 2717 1159 2773 auditione
1203 2718 1425 2775 audivit.
1479 2719 1676 2776 Verum
1724 2731 1808 2778 est
1852 2723 2021 2786 enim,
2066 2723 2208 2792 quod

605 2806 953 2867 beatissimus
997 2813 1256 2884 magister
1300 2815 1541 2885 gentium
1570 2816 1770 2872 Paulus
1825 2817 2104 2886 apostolus
2142 2816 2212 2871 de

609 2915 672 2958 se
722 2904 931 2959 loculus
983 2916 1102 2961 cst:
1135 2907 1208 2980 (c)
1251 2909 1330 2962 Ait
1372 2911 1768 2980 experimentum
1817 2912 2045 2980 quwritis
2075 2915 2208 2983 ejus,

608 3000 695 3068 qui
719 3000 774 3052 iii
806 3016 886 3055 me
917 3001 1142 3072 loquitur
1170 3001 1406 3058 Christus
1437 3003 1509 3076 (ll
1541 3003 1660 3059 Cor.
1691 3004 1810 3075 xiii)
1833 3005 1856 3058 ?
1881 3020 2209 3075 quamquam

613 3092 798 3161 utique
827 3092 954 3161 quia
994 3093 1049 3148 iit
1083 3095 1200 3164 ipso
1235 3095 1494 3151 Dominus
1521 3095 1770 3153 Christus
1801 3097 2080 3164 habitavit,
2115 3100 2213 3153 du-

608 3185 772 3241 bitari
802 3199 907 3240 non
936 3185 1108 3255 possit
1131 3185 1210 3260 (tl)
1251 3187 1514 3258 Spiritum
1565 3200 1810 3245 sanctum
1850 3206 1948 3261 per
1975 3191 2209 3247 animam

2313 1969 2540 2024 Concilio
2564 1970 2938 2038 Alexandrino,
2962 1973 3111 2045 cujus
3130 1970 3347 2040 epistola
3375 1970 3631 2024 indicatur
3657 1987 3798 2023 nunt.
3815 1968 3910 2040 5);

2309 2064 2407 2121 sed
2435 2075 2490 2121 et
2517 2065 2768 2120 conventi
2800 2079 2898 2135 per
2940 2065 3289 2138 presbyteros
3327 2073 3447 2118 tuos
3488 2073 3544 2118 et
3589 2079 3685 2133 per
3711 2065 3918 2133 episto—

2313 2161 2442 2227 lam,
2473 2161 2549 2233 (g)
2575 2161 2640 2216 ad
2669 2161 2932 2233 synodum
2959 2177 3079 2233 quzc
3119 2161 3297 2217 futura
3324 2171 3440 2216 erat
3479 2162 3532 2217 in
3561 2161 3696 2216 urbe
3739 2161 3915 2216 Roma

2313 2254 2496 2309 venire
2544 2255 2830 2310 noluerunt
2862 2272 2874 2308 :
2908 2262 2964 2309 et
3015 2255 3148 2310 satis
3189 2264 3306 2309 erat
3352 2254 3625 2324 iniquum,
3672 2253 3750 2325 (ἡ)
3803 2253 3910 2310 illis

2312 2347 2804 2411 contemnentibus,
2833 2354 2910 2400 tot
2940 2345 3315 2401 sacerdotibus
3343 2346 3708 2402 testimonium
3734 2345 3916 2414 perhi-

2315 2440 2588 2506 bentibus,
2651 2439 2910 2498 Marcello
2956 2449 3012 2496 et
3071 2439 3368 2495 Athanasio
3417 2439 3688 2511 denegare
3744 2438 3916 2494 socie»

2315 2542 2500 2589 tatem.

2385 2625 2550 2698 630
2573 2626 2660 2680 ll.
2695 2623 2818 2679 Tria
2845 2625 2897 2679 in
2919 2625 3114 2696 synodo
3136 2620 3645 2678 tractanda.-—Tria
3673 2619 3912 2686 fuerunt,

2313 2736 2432 2791 qua:
2465 2719 2742 2775 tractanda
2773 2727 2949 2774 erant.
2999 2717 3131 2774 Nam
3159 2728 3215 2774 et
3257 2717 3359 2788 ipsi
3389 2717 3784 2789 religiosissimi
3813 2717 3916 2771 im-

2317 2823 2593 2883 peratores
2622 2813 3004 2884 permiserunt,
3055 2821 3112 2866 ut
3158 2811 3227 2867 de
3257 2812 3470 2883 integro
3515 2812 3766 2867 universa
3804 2810 3918 2865 dis-

2315 2921 2469 2962 cussa
2502 2906 2932 2977 disputarentur,
2961 2916 3019 2961 et
3043 2914 3169 2961 ante
3195 2906 3376 2960 omnia
3417 2906 3484 2960 de
3512 2915 3700 2960 sancta
3733 2905 3840 2959 fide
3859 2915 3916 2960 et

2313 2998 2378 3054 de
2419 2999 2731 3068 integritate
2764 2998 3020 3062 veritatis,
3053 3012 3212 3067 quam
3261 2997 3622 3054 violaverunt.
3657 2996 3913 3054 Secunda

2315 3089 2382 3146 de
2417 3091 2680 3160 personis,
2713 3106 2846 3161 quas
2883 3090 3134 3146 dicebant
3160 3105 3281 3146 esse
3308 3089 3377 3163 (i)
3404 3090 3679 3160 deiectas;
3712 3090 3780 3146 de
3811 3090 3918 3145 ini—

2315 3199 2425 3256 quo
2453 3183 2680 3254 judicio,
2715 3184 2799 3238 vel
2848 3183 2894 3238 si
2937 3183 3240 3255 potuissent
3284 3185 3534 3254 probare,
3569 3184 3714 3254 jitsta
3763 3184 3921 3241 ﬁeret

607 3278 727 3345 ejus
756 3277 1016 3345 locutum,
1057 3287 1112 3333 et
1137 3296 1397 3350 organum
1421 3283 1669 3352 corporis
1695 3299 2035 3352 personasse.
2070 3285 2136 3339 Et
2156 3294 2210 3339 tu
2237 3277 2281 3339 C
2315 3275 2674 3332 conﬁrmatio.
2715 3275 2898 3332 Terlia
2940 3289 3071 3331 vero
3097 3276 3346 3346 quaestio,
3376 3291 3497 3345 qum
3527 3290 3654 3330 vere
3691 3277 3922 3346 qumStio

611 3368 814 3438 itaque,
841 3367 1202 3427 dilectissime
1231 3370 1422 3440 frater,
1447 3388 1678 3444 corpore
1705 3385 2008 3444 separatus,
2034 3386 2216 3432 mente

609 3461 874 3516 concordi
903 3476 966 3516 ac
997 3464 1272 3520 voluntate
1292 3464 1511 3520 adfuisti
1543 3485 1556 3520 :
1584 3476 1639 3522 et
1666 3467 1891 3524 honesta
1919 3469 2014 3524 fuit
2039 3481 2094 3526 et
2124 3487 2217 3527 ne-

611 3556 853 3612 cessaria
884 3559 1165 3613 excusatio
1192 3559 1477 3627 absentiae,
1527 3576 1596 3616 ne
1628 3573 1718 3616 aut
1747 3561 1861 3629 lupi
1887 3563 2217 3618 scliismatiri

611 3649 818 3707 furtum
849 3651 1093 3708 facerent
1135 3661 1193 3709 et
1223 3663 1479 3723 raperent
1524 3671 1619 3726 per
1651 3656 1901 3724 insidias,
1934 3669 2027 3713 aut
2055 3675 2219 3715 canes

613 3745 855 3801 haeretici
885 3746 1075 3801 rabido
1106 3745 1288 3802 furore
1327 3748 1490 3804 exciti
1518 3748 1693 3804 insani
1738 3752 2094 3818 oblatrarent,
2124 3761 2218 3808 aut

611 3849 763 3893 certe
790 3852 1014 3907 serpens
1043 3838 1294 3894 diabolus
1324 3840 1397 3911 (ε)
1443 3840 1903 3910 blasplietniorum
1949 3859 2214 3898 venenum

613 3928 935 3984 effunderet.
975 3929 1087 3984 lloc
1116 3931 1260 3985 enim
1290 3933 1554 4002 optimum
1583 3943 1635 3988 et
1659 3933 1812 3989 valde
1843 3935 2219 4004 congruentis-

615 4021 811 4075 sitnum
844 4035 965 4076 esse
1003 4022 1300 4091 videbitur,
1347 4025 1390 4079 si
1442 4025 1507 4080 ad
1539 4036 1722 4094 caput,
1767 4027 1818 4082 id
1870 4037 1954 4082 est
1981 4027 2047 4082 ad
2071 4027 2216 4085 Petri

613 4115 843 4186 apostoli
873 4115 1080 4184 sedem,
1111 4117 1178 4172 de
1209 4118 1439 4190 singulis
1465 4120 1768 4192 quibusque
1791 4122 2086 4192 provinciis
2111 4124 2216 4178 Do-

617 4207 746 4263 mini
772 4207 1013 4264 referant
1043 4209 1374 4266 sacerdotes.

691 4393 772 4468 (a)
800 4393 1127 4468 Athanasius
1161 4394 1354 4449 horum
1389 4396 1682 4468 verborum
1707 4397 1833 4453 loco
1863 4396 2070 4453 habens
2093 4439 2106 4462 ,
2137 4399 2237 4452 di-.

615 4467 736 4542 uina
755 4466 1082 4542 providentia
1108 4478 1312 4521 sanctos
1352 4477 1399 4542 et
1428 4466 1698 4542 lwtosuos
1725 4479 2002 4542 conservet,
2035 4473 2218 4542 fratres

620 4537 826 4611 dilecti,
879 4538 1254 4606 episcoporum
1292 4539 1736 4611 subscriptiones
1781 4537 2217 4611 stibjicit.'Apud

617 4605 1021 4681 Tlieodorettitn
1053 4605 1255 4681 autem.
1291 4608 1376 4662 bis
1401 4605 1618 4665 omissis
1643 4605 1934 4681 ,sequitt'ir
1965 4610 2089 4666 fidei
2113 4605 2220 4666 'ex-
2246 4605 2297 4664 D

623 4681 823 4750 positio
852 4699 864 4733 :
893 4696 955 4735 ea
1004 4679 1143 4734 haud
1175 4681 1338 4734 dubie
1359 4721 1372 4742 ,
1409 4698 1567 4750 quam
1600 4679 1927 4736 Athanasius
1955 4685 2113 4750 epist.
2148 4685 2214 4736 ad

625 4752 879 4806 Antioch.
921 4767 977 4822 p.
1009 4752 1112 4805 576
1138 4793 1152 4815 ,
1187 4760 1456 4820 tamquam
1483 4752 1821 4808 Sardicensis
1847 4754 2036 4823 synodi
2081 4753 2216 4808 falso

625 4823 961 4878 circumferri
1015 4833 1194 4876 monet
1224 4837 1247 4893 ;_
1289 4830 1344 4877 et
1383 4832 1488 4876 tum
1534 4827 1685 4893 ipse,
1738 4839 1898 4893 quam
1951 4824 2218 4879 Eusebius

627 4893 857 4948 Vercell.
904 4893 1044 4962 apud
1093 4891 1342 4948 eumdem
1393 4911 1511 4962 pag.
1557 4891 1702 4957 1380,
1751 4891 1972 4950 omnino
2005 4899 2220 4965 suppri-

626 4966 877 5020 tiietidatn
905 4975 1148 5030 censent,
1175 4979 1241 5018 ne
1271 4965 1403 5020 fides
1431 4965 1649 5022 Nicmua
1679 4981 1784 5021 non
1815 4966 2067 5023 sufficere
2095 4969 2219 5022 inde

625 5037 985 5091 existimetur.

699 5109 776 5178 (b)
809 5107 940 5161 Eam
965 5109 1133 5176 ipsam
1153 5106 1434 5173 epistolam
1458 5125 1522 5163 ex
1541 5108 1878 5164 collectionis
1901 5110 2188 5166 Cresconia
2203 5141 2220 5151 -

629 5195 713 5234 me
762 5178 1041 5234 Cassittate
1072 5180 1260 5234 codice
1291 5191 1603 5249 pervetusto
1645 5181 1813 5236 edidit
1859 5181 2118 5237 Baronius
2156 5184 2221 5236 ad

628 5267 718 5306 aii.
750 5251 876 5315 547,
910 5268 962 5322 ti.
995 5251 1088 5312 25.
1119 5252 1168 5304 in
1200 5268 1306 5316 quo
1342 5253 1652 5320 Castigatior
1681 5255 1794 5307 haec
1829 5255 2113 5322 przcl‘ertur
2143 5257 2224 5307 itt-

628 5323 885 5391 scriptio:
916 5321 1110 5395 Incipit
1140 5325 1400 5393 exemplar
1421 5324 1604 5395 synodi
1624 5321 1948 5380 Sardicensis
1975 5327 2126 5395 [actia
2155 5325 2224 5378 ad

628 5342 885 5391 scriptio:
916 5342 1030 5376 νισι
1071 5342 1110 5376 ιι
1140 5342 1400 5393 exemptar
1421 5342 1547 5395 syno

627 5395 832 5466 Julium
861 5395 997 5448 urbis
1026 5342 1204 5450 Koma?
1233 5397 1547 5466 episcOpum.

706 5465 778 5539 (c)
813 5467 1051 5536 Apostoli
1083 5467 1252 5522 verba
1296 5483 1362 5523 ex
1395 5465 1633 5524 editione
1660 5468 1879 5524 Baronii
1915 5469 2018 5524 huc
2060 5484 2216 5525 revo-

632 5553 840 5595 camus.

705 5610 785 5681 (ά)
827 5610 982 5681 Αριιά
1014 5611 1235 5678 Baron.,
1270 5611 1529 5681 Spiritum
1560 5629 1650 5685 per
1693 5614 1924 5669 animum
1963 5614 2117 5670 etiam
2157 5615 2234 5670 lo-

633 5693 1010 5830 cm(:')nbaron.
1045 5756 1508 5830 blasphemiarum.
1541 5757 1660 5813 Jam
1689 5773 1797 5814 non
1827 5758 1997 5815 semel
2021 5759 2236 5830 experti

637 5839 837 5945 suam
862 5826 914 5879 in
947 5840 1077 5882 mss.
1110 5826 1299 5882 haberi
1339 5827 1796 5899 blasphemiarum,
1836 5830 1958 5885 loco
1998 5826 2238 5901 blasphe-

640 5913 686 5945 Μ
850 5934 859 5945 .

640 5913 837 5947 murum
850 5934 859 5947 ,

2317 3369 2640 3440 appellanda
2669 3378 2772 3435 est,
2814 3370 2958 3440 quod
2986 3385 3180 3440 graves
3209 3379 3262 3425 et
3292 3371 3518 3426 acerbas
3559 3369 3803 3440 injurias,
3839 3372 3923 3426 in-

2319 3464 2632 3521 tolerabiles
2660 3463 2820 3520 etiam
2843 3474 2896 3518 et
2924 3463 3159 3519 nefarias
3180 3465 3539 3520 contunielias
3564 3463 3808 3518 ecclesiis
3839 3463 3918 3519 fe-

2320 3565 2544 3630 cissent,
2579 3578 2701 3617 cum
2749 3571 3009 3628 raperent
3049 3561 3353 3632 episcopos,
3399 3560 3767 3633 presbyteros,
3797 3559 3917 3615 dia.

2323 3671 2510 3719 coues,
2543 3664 2599 3710 et
2623 3669 2815 3710 omnes
2860 3653 3089 3710 clericos
3126 3653 3181 3708 in
3210 3652 3464 3708 exsilium
3517 3654 3816 3716 mitterent,
3855 3652 3922 3707 ad

2325 3749 2540 3805 deserta
2567 3750 2685 3803 loca
2718 3747 3152 3814 transdticeretit,
3175 3755 3231 3802 et
3251 3745 3412 3812 fame,
3436 3746 3547 3812 siti,
3577 3746 3842 3811 nuditate,
3868 3755 3922 3801 et

2319 3845 2463 3900 omni
2483 3852 2720 3912 egestate
2739 3850 3027 3909 necarent;
3056 3841 3190 3897 alios
3212 3842 3424 3896 clausos
3449 3856 3668 3898 carcere
3683 3849 3738 3895 et
3757 3855 3919 3910 squa-

2322 3939 2438 3994 lore
2463 3947 2519 3994 et
2547 3948 2737 4007 putore
2767 3935 3120 4002 conficerent,
3155 3935 3442 3989 nonnullos
3463 3932 3655 3990 ferreis
3687 3934 3920 3988 viticulis

2321 4035 2393 4087 ita
2425 4033 2580 4102 (adde
2608 4032 2977 4104 stringerent),
3009 4043 3068 4088 ut
3086 4034 3329 4102 cervices
3355 4033 3434 4085 eis
3465 4029 3781 4086 arctissimis
3808 4030 3916 4084 cir-

2323 4125 2460 4180 culis
2488 4126 2972 4195 stratigularenttir.
3001 4125 3238 4195 Denique
3267 4140 3335 4181 ex
3361 4123 3492 4194 ipsis
3514 4123 3730 4192 quidam
3754 4122 3920 4177 vincti

2325 4217 2379 4274 in
2413 4217 2601 4274 eadem
2654 4219 2850 4288 itijusta
2880 4218 3199 4275 defecerunt
3224 4231 3384 4288 paena
3414 4231 3681 4287 :quorutit
3723 4215 3924 4286 ambigi

2396 4400 2464 4473 (Γ)
2496 4399 2555 4456 In
2595 4415 2726 4456 mss.
2761 4400 2907 4456 Pilh.
2937 4411 2992 4456 et
3023 4399 3206 4464 Colb.,
3239 4399 3518 4471 Arcydami
3557 4408 3604 4453 et
3630 4398 3883 4473 Filioseni
3911 4415 3928 4454 :

2323 4481 2380 4528 et
2408 4471 2554 4527 'tnox
2592 4481 2885 4544 potuerunt,
2937 4488 3048 4528 non
3099 4482 3335 4542 poterunt
3364 4488 3382 4526 :
3413 4486 3534 4543 quae
3569 4486 3634 4527 ex
3691 4471 3926 4527 Baronio

2324 4544 2694 4600 emendamus.

2397 4632 2473 4704 (g)
2503 4634 2681 4690 Faber
2713 4644 3028 4706 reposuerat
3060 4650 3103 4706 _a
3129 4637 3349 4706 synodo,
3387 4649 3508 4689 cuni
3540 4634 3605 4706 iii
3626 4649 3728 4688 nts.
3769 4633 3917 4689 Pitb.

2325 4709 2616 4774 reperisset
2657 4717 2706 4761 et
2749 4704 3022 4777 synodum.
3059 4704 3251 4759 Verius
3299 4705 3498 4760 Baron.
3542 4705 3607 4759 ad
3651 4707 3924 4777 synodum,

2328 4778 2580 4831 iiittiirtitn
2613 4776 2798 4832 Roma.-
2847 4796 2934 4831 :iti.
2980 4778 3078 4833 3M
3115 4777 3376 4838 habitam,
3409 4793 3475 4831 ex
3521 4793 3623 4844 qua
3651 4776 3826 4831 Julius
3856 4778 3924 4831 ad

2327 4849 2662 4904 Eusebianos
2692 4850 2976 4917 epistolam
3009 4850 3248 4918 scripsit,
3273 4850 3342 4903 ab
3365 4848 3661 4905 Athanasio
3687 4848 3928 4920 descrip.

2329 4930 2436 4975 tam
2472 4921 2699 4992 Apolog.
2733 4937 2792 4985 ii,
2825 4937 2876 4991 p.
2913 4921 3038 4976 739.

2401 5013 2480 5085 (li)
2513 5013 2666 5081 Apud
2691 5013 2914 5085 Baron.,
2939 5012 3046 5067 illis
3061 5013 3442 5085 conﬁtentibus,
3458 5013 3619 5068 lectio
3644 5028 3749 5068 iion
3773 5026 3928 5082 sper-

2329 5083 2505 5140 nenda
2537 5102 2548 5138 :
2584 5085 2706 5155 quia
2735 5084 2854 5139 scil.
2889 5084 3010 5154 fuga
3056 5099 3150 5138 sua
3185 5083 3538 5152 prodiderunt
3579 5085 3928 5140 conscientia:

2329 5170 2442 5211 suae
2468 5167 2699 5220 reatum,
2742 5166 2799 5211 et
2841 5155 3078 5209 confessi
3110 5164 3236 5209 sunt
3267 5156 3395 5210 falsa
3430 5171 3550 5210 esse
3581 5172 3700 5224 qua:
3731 5155 3928 5210 adver-

2329 5241 2422 5281 sus
2465 5229 2750 5297 episcopos
2779 5226 3183 5292 confinxerunt,
3212 5242 3342 5282 vera
3379 5238 3559 5282 autem
3593 5243 3713 5296 qua:
3742 5242 3838 5296 pro
3865 5227 3930 5282 il-

2329 5299 2397 5370 lis
2429 5308 2505 5353 tot
2533 5300 2843 5354 sacerdotes
2863 5299 3308 5354 coutestabantur
3332 5317 3344 5352 :
3373 5299 3516 5369 quod
3540 5299 3740 5370 saapius
3770 5313 3929 5369 repe-

2329 5369 2391 5424 tit
2421 5371 2675 5438 superior
2701 5371 2952 5440 epistola.

2402 5464 2472 5537 (i),
2497 5463 2718 5537 Baron.,
2754 5463 2973 5537 delectas
3004 5479 3022 5518 :
3052 5462 3196 5537 quod
3221 5463 3382 5537 etiam
3428 5461 3481 5517 in
3513 5476 3610 5518 suo
3636 5479 3740 5518 ms.
3766 5478 3928 5533 repe-

2335 5534 2633 5600 rit‘Faber.
2677 5536 2766 5604 qui
2797 5545 2981 5604 postea
3012 5534 3214 5605 pariter
3239 5534 3307 5589 de
3350 5549 3449 5588 suo
3479 5545 3733 5602 posuerat
3777 5545 3831 5590 ut
3859 5537 3926 5599 si,

2339 5621 2436 5680 pro
2459 5607 2539 5680 uel
2561 5607 2625 5661 si.
2673 5605 2779 5661 Sed
2815 5605 2974 5680 facile
3016 5606 3333 5680 intelligitur
3365 5606 3817 5680 tacitaparticula
3849 5617 3925 5680 ut,

2337 5677 2464 5735 ante
2507 5679 2572 5733 de
2604 5679 2797 5749 iniquo.
2844 5678 3125 5749 Athanasii
3160 5677 3471 5749 praisertitn
3500 5679 3568 5733 ab
3610 5678 3930 5734 Eusebianis

2338 5750 2619 5808 damnatio
2648 5748 2732 5804 vel
2759 5765 2822 5806 ex
2846 5748 2950 5805 hoc
2975 5748 3303 5820 iniqtia'fuit,
3335 5748 3475 5820 quod
3502 5749 3702 5806 absens
3716 5749 3930 5820 judica-

2343 5833 2428 5903 tus
2456 5830 2560 5903 est.
2587 5821 2672 5877 Ex
2693 5821 3044 5903 iniquafacta
3066 5819 3208 5877 esset
3233 5819 3400 5903 iusta,
3440 5819 3488 5903 si
3521 5819 3794 5879 illatorum
3826 5821 3930 5892 ipsi

2341 5897 2626 5950 criminum
2657 5892 2902 5948 convinci
2933 5907 3174 5962 praesens
3195 5892 3477 5962 potuisset.
