4270 6264
383 227 485 284 611

1337 236 1432 293 EX
1469 237 1697 297 OPERE
1742 241 2103 304 IIISTORICO
2144 246 2629 308 FRAGMENTUM
2671 251 2735 308 II.

3591 256 3695 314 642

385 359 490 394 nnu
543 351 720 412 potest
767 343 1028 417 martyrio
1076 346 1369 417 gloriosam
1411 362 1639 409 mortem
1685 358 1981 414 exstitisse.
2013 368 2065 427 Α
2094 361 2192 416 bus
2221 363 2414 434 dejecti
2438 377 2583 432 sunt,
2613 368 2880 438 subjicere
2909 371 3218 426 curavimus
3251 385 3266 426 :
3299 377 3357 425 ut
3388 371 3549 428 sciret
3575 375 3691 430 exi-

384 435 574 490 Adhuc
604 452 818 506 quoque
858 439 1059 494 audent
1102 444 1363 511 quosdam
1411 448 1652 504 retinere
1687 467 1699 504 :
1735 467 1833 506 nec
1877 453 1983 506 ulla

384 543 548 582 causa
580 527 680 582 fuit
730 530 994 600 criminis,
1040 536 1141 588 nisi
1170 538 1310 605 quod
1351 553 1738 610 repugnarent,
1771 554 1825 598 et
1875 547 1987 600 cla-

386 631 596 675 marent
625 621 770 691 quod
797 635 1209 680 exsecrarentur
1249 630 1504 686 Arianatn
1533 644 1587 688 et
1629 635 1985 693 Eusebianam

386 713 668 784 hrercsim,
715 726 771 773 et
810 719 1017 775 nollent
1044 721 1245 780 habere
1271 741 1394 780 cum
1429 728 1623 784 talibus
1650 733 1987 788 communio-

387 823 529 877 nem,
567 808 644 881 (a)
690 810 754 865 iis
799 821 999 879 autem,
1051 815 1141 885 qui
1183 831 1365 872 secum
1409 821 1611 876 sentire
1657 823 1984 890 maluerunt,

386 903 668 973 prodesse.
707 906 775 959 Et
802 907 891 976 qui
917 921 1044 964 ante
1074 909 1290 966 fuerant
1310 911 1527 982 dejecti,
1563 931 1668 970 non
1697 918 1872 972 solum
1903 933 1988 974 re-

385 997 528 1066 cepti
561 1008 708 1065 sunt,
739 1000 834 1055 sed
875 1003 1038 1056 etiam
1069 1003 1134 1058 ad
1168 1006 1477 1062 clericalem
1506 1009 1820 1079 dignitatem
1853 1027 1985 1082 pro-

384 1091 544 1155 moti,
578 1103 632 1147 et
660 1105 989 1163 acceperunt
1021 1101 1298 1167 praemium
1333 1100 1603 1158 falsitatis.
1843 1170 1845 1174 η

459 1183 547 1237 12.
596 1183 800 1239 Ursacii
830 1197 878 1240 et
926 1187 1157 1246 Valentis
1183 1195 1502 1263 perversitas.
1531 1227 1598 1240 —
1625 1196 1765 1266 Quid
1805 1209 1984 1258 autem

385 1272 452 1330 de
483 1275 666 1345 impiis
708 1288 762 1334 et
806 1280 873 1334 de
905 1282 1171 1352 imperitis
1208 1287 1644 1360 adolescentibus
1678 1290 1903 1348 Ursacio
1929 1302 1988 1350 et

389 1367 616 1427 Valente
645 1379 902 1428 statutum
938 1377 1028 1441 sit,
1057 1379 1264 1449 accipe,
1299 1381 1606 1440 beatissime
1636 1384 1822 1442 frater.
1847 1388 1986 1457 Quia

387 1467 730 1523 manifestum
773 1481 911 1538 erat,
960 1472 1057 1527 hos
1104 1490 1208 1530 non
1256 1492 1474 1534 cessare
1511 1480 1829 1536 adulterinae
1859 1483 1989 1539 doc-

388 1559 545 1614 trina:
573 1558 650 1632 (b)
695 1561 911 1618 Ietltalia
953 1567 1157 1620 semina
1204 1582 1481 1640 Spargere,
1525 1581 1576 1626 et
1621 1573 1762 1642 quod
1793 1573 1987 1632 Valens

387 1653 569 1708 relicta
613 1655 846 1711 ecclesia
895 1659 1183 1714 ecclesiam
1213 1662 1376 1716 aliam
1414 1663 1670 1720 invadere
1699 1667 1983 1732 voluisset,

387 1754 440 1799 et
471 1761 536 1800 eo
564 1756 829 1816 tempore,
873 1764 981 1819 quo
1025 1750 1344 1808 seditionem
1391 1757 1706 1823 commovit,
1747 1775 1884 1814 unus
1919 1776 1984 1814 ex
2017 1762 2064 1820 B

387 1835 645 1892 fratribus
705 1841 929 1908 nostris,
983 1842 1074 1912 qui
1131 1843 1316 1914 fugere
1371 1862 1478 1901 non
1535 1849 1749 1918 potuit,
1806 1849 1990 1906 Viator

391 1931 655 2002 obrupttts
686 1945 739 1990 et
769 1937 1116 1995 conculcatus
1144 1941 1194 1994 in
1243 1941 1430 1997 eadem
1460 1943 1886 2015 Aquileiensium
1913 1949 1990 2004 ci-

385 2027 548 2082 vitate
577 2027 838 2084 dictertia
865 2031 1065 2087 defecit
1091 2051 1102 2086 :
1133 2049 1294 2090 causa
1329 2037 1514 2108 utique
1543 2039 1732 2094 mortis
1762 2041 1861 2096 fuit
1889 2043 1990 2096 Va-

384 2120 522 2185 lens,
565 2122 652 2191 qui
682 2123 1038 2192 perturbavit,
1091 2127 1179 2196 qui
1226 2128 1562 2186 sollicitavit.
1604 2131 1712 2187 Sed
1768 2149 1830 2188 ea
1869 2149 1988 2203 qua:

383 2213 710 2268 beatissiinis
763 2218 1016 2286 Augustis
1061 2219 1482 2289 significavimus
1534 2237 1656 2278 cum
1708 2223 1985 2294 legeritis,

385 2307 538 2362 facile
570 2308 944 2377 pervidehitis,
996 2309 1127 2364 nihil
1166 2327 1266 2366 nos
1310 2314 1753 2383 prietermisisse,
1811 2333 1987 2387 quan-

387 2409 496 2455 tum
527 2402 670 2456 ratio
703 2402 1024 2470 patiebatur.
1058 2404 1122 2458 Et
1147 2419 1216 2459 ne
1245 2406 1470 2460 molesta
1502 2416 1646 2462 esset
1677 2409 1833 2479 longa
1867 2425 1990 2463 nar-

384 2496 543 2560 ratio,
573 2497 664 2566 qui
691 2495 967 2564 fecissent,
994 2506 1047 2552 et
1071 2496 1141 2569 (ε)
1168 2514 1286 2568 qua:
1305 2500 1727 2566 commisissent,
1757 2501 1990 2558 insinua-

383 2587 584 2642 vimus.

458 2680 545 2736 15.
577 2680 779 2752 Synodi
823 2684 1013 2751 placita
1045 2685 1262 2750 Sicilire,
1295 2685 1558 2744 Sardinia:
1604 2699 1650 2745 et
1686 2689 1860 2746 Italiae
1899 2711 1990 2764 per

383 2771 584 2828 Julium
605 2775 941 2832 addiscenda.
975 2809 1046 2818 ——
1075 2779 1187 2833 Tua
1221 2789 1399 2835 autem
1441 2782 1714 2838 excellens
1746 2785 1986 2855 pruden-

389 2865 459 2918 tia
489 2865 780 2934 disponere
803 2868 983 2933 debet,
1015 2880 1070 2923 ut
1100 2887 1194 2939 per
1219 2881 1305 2925 tua
1336 2873 1558 2942 scripta,
1589 2878 1675 2946 qui
1702 2875 1754 2930 in
1777 2878 1985 2946 Sicilia,

384 2956 545 3029 631
578 2959 628 3011 in
675 2959 944 3027 Sardinia,
980 2963 1032 3014 in
1083 2961 1230 3016 Italia
1268 2973 1393 3018 sunt
1423 2963 1612 3019 fratres
1647 2969 1835 3032 nostri,
1869 2985 1989 3040 quas

389 3059 504 3104 acta
540 3059 664 3104 sunt
688 3061 738 3105 et
769 3068 888 3122 qua:
919 3053 1141 3108 definita
1171 3066 1528 3124 cognoscant;
1559 3066 1613 3114 et
1639 3075 1705 3114 ne
1733 3061 1986 3130 ignoran-

2090 457 2194 509 mia
2223 455 2467 513 Gravitas
2517 468 2641 525 tua,
2685 460 2775 530 qui
2801 472 3003 516 .cssent
3053 464 3435 520 communione
3475 465 3690 533 privati.

2090 545 2179 601 Uti
2212 557 2336 603 ante
2364 551 2642 619 praelocuti
2693 567 2900 620 sumus,
2933 569 3122 610 omnes
3153 555 3349 612 fratres
3399 565 3453 612 et
3502 558 3691 628 coepi-

2088 653 2285 708 scopos
2318 652 2532 696 mistros
2583 643 2778 699 litteris
2825 647 2930 701 tuis
2985 646 3278 703 admonere
3331 648 3592 719 digneris,
3627 664 3695 705 ne

2093 731 2169 805 (g)
2199 735 2471 804 epistolia,
2503 736 2555 792 id
2583 748 2690 806 est,
2720 738 2928 796 litteras
2963 742 3476 800 communicatorias
3505 759 3694 804 eorum

2089 829 2377 898 accipiant.

2561 961 2764 1004 NOMINA
2803 965 3224 1009 IIEBETICORUH.

2161 1056 2248 1111 I4.
2293 1057 2548 1114 Ursacius
2589 1076 2618 1115 a
2662 1062 2986 1133 Singiduno,
3019 1065 3217 1122 Valens
3251 1082 3280 1121 a
3312 1067 3511 1136 Mursa,
3557 1069 3694 1126 Nar-

2088 1147 2258 1204 cissus
2285 1150 2365 1221 (It)
2398 1151 2467 1205 ab
2496 1151 2760 1224 Jeropoli,
2792 1157 3096 1226 Stephanus
3129 1160 3195 1214 ab
3224 1159 3693 1229 Antiochia,Aca-

2089 1239 2204 1296 eius
2230 1257 2258 1296 a
2282 1243 2551 1312 Caesarea,
2589 1246 2980 1318 MenOphantus
3018 1250 3086 1306 ab
3116 1252 3349 1322 Epheso,
3374 1253 3639 1326 Georgius
3665 1273 3694 1312 a

2089 1332 2359 1390 Laodicia.

2091 1464 2219 1504 ITEM
2258 1465 2456 1506 NOMINA
2505 1469 2866 1513 EPISCOPORUM
2900 1473 3055 1514 INFRA
3079 1502 3092 1525 ,
3124 1476 3211 1525 QUI
3265 1477 3464 1518 SVNODO
3515 1480 3694 1521 SABDI-

2162 1557 2310 1598 GENS]
2343 1561 2666 1603 ADFUEﬂUhT
2715 1565 2785 1604 ΕΤ
2827 1565 3281 1608 SUBSCRIPSERUNT
3331 1571 3481 1612 IIDEH
3513 1573 3564 1612 IN
3601 1573 3692 1612 ευ·

2162 1651 2324 1692 DICIO.

2166 1747 2250 1802 15.
2285 1749 2473 1806 Ossius
2513 1752 2581 1807 ab
2621 1755 2856 1824 Spannia
2887 1757 3275 1828 llnrdobensis,
3313 1763 3592 1820 Annianus
3628 1765 3696 1821 ab

2092 1837 2346 1910 Spanniis
2393 1843 2460 1899 de
2503 1844 2814 1914 Castoluna,
2867 1847 3217 1907 Florentinus
3264 1853 3332 1916 ab
3371 1854 3588 1925 Spaniis
3627 1856 3697 1912 de

2095 1933 2367 1998 Emerita,
2419 1936 2479 2007 (ἱ)
2533 1937 2879 1994 Dominianus
2934 1944 3003 1998 ab
3045 1944 3259 2013 Spaniis
3303 1947 3372 2002 dc
3421 1949 3689 2017 Asturica,

2091 2026 2283 2082 Castus
2311 2028 2380 2082 ab
2410 2029 2625 2099 Spaniis
2657 2033 2723 2087 de
2770 2032 2983 2090 Caesars
3036 2041 3298 2109 Augusta,
3343 2041 3699 2100 Praetextatus

2090 2118 2157 2172 ab
2186 2119 2402 2187 Spaniis
2429 2121 2495 2177 de
2527 2122 2830 2189 Barcilona,
2856 2125 3121 2183 Maximus
3159 2145 3188 2185 a
3218 2130 3412 2188 Tuscia
3437 2133 3504 2189 de
3525 2133 3693 2202 Luca,

2087 2210 2248 2283 632
2279 2213 2474 2269 Bassus
2505 2232 2534 2270 a
2566 2216 2873 2275 Macedonia
2920 2221 2988 2275 de
3035 2221 3477 2297 Diocletiannpoli
3504 2267 3519 2293 ,
3567 2227 3700 2283 Por-

2093 2308 2318 2376 phyrius
2345 2323 2372 2361 a
2399 2309 2708 2366 Macedonia
2740 2313 2806 2367 de
2837 2313 3120 2384 Philippis,
3155 2316 3440 2374 Marcellus
3469 2336 3496 2372 a
3524 2320 3701 2377 Mace-

2092 2397 2253 2452 donia
2293 2400 2358 2456 de
2383 2401 2456 2474 (j)
2491 2403 2705 2476 Ancyra
2743 2405 3018 2474 Gallacite,
3049 2407 3302 2466 Euterius
3341 2427 3372 2466 a
3415 2411 3604 2470 Procia
3630 2413 3700 2471 de

2096 2488 2324 2556 Caindo,
2347 2492 2632 2564 Asclepius
2657 2511 2686 2549 a
2713 2495 2993 2552 Palaestina
3023 2499 3090 2553 de
3111 2500 3277 2569 Gaza,
3307 2501 3380 2574 (Ιί)
3405 2503 3639 2575 Moysius
3660 2520 3695 2560 a

2091 2581 2371 2639 Thessalia
2422 2585 2488 2642 de
2515 2586 2736 2655 Thebis,
2766 2588 3133 2648 Vincentiusa
3166 2594 3456 2664 Campania
3499 2597 3566 2652 de
3595 2596 3701 2653 Ga-

2092 2692 2216 2746 pua,
2252 2677 2534 2733 Ianuarius
2581 2696 2608 2733 a
2651 2681 2945 2752 Campania
2990 2685 3059 2740 de
3104 2685 3432 2755 Benevento,
3468 2689 3699 2746 Protho-

2089 2785 2255 2840 genes
2285 2771 2348 2842 (ι)
2379 2789 2405 2823 a
2438 2771 2598 2828 Dacia
2627 2773 2696 2830 de
2736 2775 2980 2844 Serdica,
3017 2779 3304 2836 Dioscorus
3327 2782 3396 2838 de
3439 2781 3695 2852 Thracia,

2092 2863 2189 2934 (ni)
2216 2863 2510 2935 Ilymenius
2537 2882 2567 2921 a
2595 2866 2784 2923 Thess.
2813 2869 2880 2925 de
2905 2870 3153 2936 Pearata,
3183 2872 3381 2928 Lucius
3410 2890 3438 2927 a
3467 2874 3699 2930 Thracia

2089 2955 2157 3010 de
2173 2956 2470 3028 Caynopoli
2509 2957 2595 3029 (an
2626 2959 3090 3034 Hadrianopoli?),
3121 2962 3200 3036 (η)
3226 2963 3420 3020 Lucius
3445 2966 3514 3021 ab
3545 2965 3697 3022 Italia

2092 3049 2157 3104 de
2204 3050 2442 3114 Verona,
2492 3052 2752 3124 Evagrius
2799 3071 2826 3108 a
2871 3055 3180 3111 Macedonia
3227 3057 3295 3112 de
3344 3057 3697 3117 Hcraclianco

393 3153 472 3198 tes
493 3158 681 3198 eorum
713 3145 982 3214 accipiant
1010 3147 1219 3203 litteras
1245 3153 1778 3220 communicatorias,
1827 3154 1875 3208 id
1905 3163 1988 3210 est

2094 3144 2221 3215 (ills.
2242 3145 2647 3216 Eraclialineo),
2668 3147 2952 3218 Dionysius
2984 3148 3050 3202 ab
3077 3148 3277 3204 Achaia
3308 3149 3373 3204 de
3395 3150 3695 3222 Lignedon,

387 3238 467 3307 (cl)
495 3237 763 3308 epistolia,
797 3256 931 3310 quos
956 3241 1098 3311 justa
1127 3246 1396 3300 sententia
1427 3246 1760 3318 degradavit,
1795 3266 1988 3321 perse-

392 3341 586 3389 verent
613 3345 790 3390 autem
823 3335 1106 3392 Marcellus
1147 3349 1202 3394 et
1237 3339 1562 3398 Athanasius
1607 3355 1661 3399 et
1706 3346 1990 3417 Aselepius

389 3424 441 3480 in
474 3436 656 3481 nostra
689 3430 1074 3486 c0nimunione
1109 3450 1122 3486 :
1153 3433 1275 3502 quia
1307 3434 1501 3490 obesse
1529 3437 1607 3491 eis
1639 3454 1743 3491 non
1776 3448 1991 3509 poterat

391 3515 631 3589 iniquum
669 3519 961 3588 judicium,
989 3523 1059 3595 (e)
1087 3532 1143 3578 et
1188 3525 1332 3596 fuga,
1379 3537 1432 3581 et
1481 3529 1854 3600 tcrgiversatio
1885 3548 1984 3588 eo-

390 3625 530 3673 rum,
557 3609 643 3680 qui
671 3611 736 3664 ad
773 3611 1031 3680 judicium
1067 3617 1306 3670 omnium
1345 3619 1745 3687 episcoporum,
1777 3621 1844 3692 (f)
1891 3622 1983 3690 qui

391 3703 761 3766 convenimus,
795 3706 982 3761 venire
1025 3707 1342 3763 noluerunt.
1372 3709 1601 3776 leera,
1635 3712 1790 3766 sicuti
1829 3730 1987 3784 supe~

393 3797 510 3852 ritts
535 3801 1103 3869 con'imemoravimus,
1147 3803 1303 3871 plena
1335 3804 1528 3860 relatio
1569 3805 1820 3872 fratrum,
1853 3822 1990 3877 quos

393 3891 606 3946 sincera
663 3890 900 3947 charitas
975 3901 1062 3948 tua
1129 3895 1314 3961 misit,
1367 3897 1776 3951 unanimitatem
1843 3907 1988 3952 tuam

395 3983 726 4054 perdocebit.
775 3985 973 4040 Eorum
1008 3997 1186 4042 autem
1225 3991 1465 4057 nomina,
1496 3993 1584 4060 qui
1610 4006 1706 4062 pro
1734 3990 1989 4046 facinori-

466 4149 544 4226 (al
580 4149 669 4226 Ex,
700 4151 933 4208 lectione
959 4169 1088 4208 mss.
1123 4152 1261 4208 Pith.
1296 4162 1350 4209 et
1376 4153 1553 4218 Colh.,
1579 4156 1665 4226 qni
1690 4166 1776 4210 aut
1815 4158 1865 4210 in
1897 4173 1993 4210 sm-

394 4221 513 4276 culo
542 4225 732 4297 servire
764 4225 1074 4287 maluerunt,
1119 4228 1428 4281 confecerat
1474 4221 1669 4292 Faber,
1701 4231 1788 4297 qui
1821 4238 1992 4282 autent

393 4294 580 4349 swculo
604 4297 791 4350 servire
813 4297 1107 4352 noluerunt.
1133 4297 1247 4352 IIuc
1269 4298 1627 4353 Baronianam
1652 4294 1988 4356 revocamus.

468 4386 544 4458 (tv)
586 4390 738 4456 Apud
775 4389 994 4451 Baron.,
1028 4391 1083 4443 in
1115 4390 1295 4455 Italia,
1330 4405 1437 4446 non
1467 4391 1699 4447 let/uilia.

469 4386 518 4442 (Ιν
586 4390 738 4456 Apud
775 4389 994 4451 Baron.,
1028 4391 1083 4443 in
1115 4390 1295 4455 Italia,
1330 4405 1437 4446 non
1467 4391 1699 4447 let/uilia.

469 4385 544 4582 (οέ
588 4459 718 4514 Illud
749 4477 865 4531 quia
893 4461 1175 4530 adjicimus
1205 4478 1272 4516 ex
1313 4462 1476 4517 Sirm.
1513 4464 1776 4522 Baronius
1810 4475 1988 4520 autem

469 4545 509 4582 te
534 4545 694 4582 erens
716 4541 871 4582 antea
897 4548 1010 4582 unm
1037 4533 1294 4582 fecissent-
1319 4535 1515 4582 omittit
1543 4547 1590 4582 et
1615 4554 1730 4582 num
1779 4539 1988 4582 camini-

399 4533 694 4608 prtcferens
716 4541 871 4586 antea
897 4548 1010 4601 qua?
1036 4533 1294 4602 fecissent,
1319 4535 1515 4589 omittit
1543 4547 1590 4590 et
1615 4554 1730 4608 quas
1779 4539 1990 4592 conuiti-

397 4601 600 4654 sissent.

477 4670 557 4744 (ά)
582 4673 635 4728 In
664 4689 795 4729 mss.
831 4675 972 4731 Pith.
1007 4686 1061 4731 et
1092 4675 1270 4745 Colh.,
1304 4679 1358 4732 id
1391 4689 1467 4732 est
1505 4679 1772 4746 epistulas.
1801 4681 1990 4746 Sirm.,

405 4743 459 4795 id
488 4743 559 4822 est
587 4747 918 4822 episcopalia.
941 4747 1088 4822 llaec
1109 4743 1284 4822 verba
1313 4743 1693 4806 desiderantur
1719 4753 1856 4822 apud
1895 4743 1994 4806 Ba;

401 4815 635 4895 mnium,
667 4819 759 4895 qui
795 4819 986 4895 deinde
1016 4821 1164 4890 legit,
1188 4837 1316 4891 quos
1354 4830 1499 4877 extra
1528 4815 1880 4894 episcOpatum
1902 4841 1992 4895 sy-

401 4885 518 4939 nodi
548 4885 794 4943 sententia
820 4885 1116 4948 declaravit.

474 4957 545 5029 (e)
571 4961 787 5036 Baron.,
822 4963 884 5014 de
911 4969 1032 5036 fuga
1060 4975 1106 5018 et
1138 4967 1567 5036 tergiversatione.
1594 4965 1706 5020 Non
1738 4966 1990 5036 displice-

403 5039 485 5104 ret
508 5046 571 5084 ex
604 5033 752 5104 fuga,
776 5042 906 5099 ctc.,
933 5035 983 5087 id
1013 5047 1114 5095 est,
1146 5033 1330 5091 eorum
1357 5039 1624 5093 absolutio
1648 5033 1847 5093 differri
1874 5039 1992 5093 tliu-

407 5101 646 5178 tiusnnn
666 5101 877 5178 debuit,
911 5108 1032 5174 quia
1063 5110 1310 5178 fugerunt
1335 5111 1547 5164 illorum
1581 5109 1896 5165 adversarii.

480 5174 558 5243 (Γ)
598 5175 750 5244 Apud
787 5176 1002 5243 Barmn,
1023 5174 1374 5248 quo'venintus
1402 5199 1422 5236 :
1451 5182 1629 5235 minus
1662 5183 1816 5244 bene,
1843 5192 1900 5235 ut
1932 5182 1996 5236 li-

405 5255 533 5324 quet
559 5261 624 5300 ex
655 5248 740 5324 his
759 5263 908 5324 ninn.
937 5250 993 5315 ‘2,
1019 5252 1198 5321 synodi
1226 5256 1452 5307 omnium
1483 5263 1731 5317 nostrum,
1761 5253 1846 5324 qui
1873 5270 1997 5307 con-

405 5321 632 5388 venimus
659 5321 902 5388 episcopi.

483 5385 561 5457 (g)
611 5388 665 5465 In
690 5385 802 5444 'ms.
831 5385 993 5446 'Pith.
1036 5409 1098 5445 ne
1131 5393 1372 5459 epistolas
1407 5411 1425 5448 :
1454 5394 1596 5465 quod
1629 5397 1788 5448 etiam
1833 5396 1995 5451 habet

409 5457 608 5511 Baron.
642 5463 822 5531 legens
855 5473 1061 5531 postea,
1090 5457 1210 5518 inde
1239 5465 1445 5530 allatas,
1473 5457 1574 5535 'prn
1604 5467 1656 5518 id
1683 5477 1754 5520 est
1784 5468 1994 5521 litteras.

481 5547 562 5620 (li)
592 5551 743 5619 Apud
773 5553 998 5618 Baron.,
1023 5573 1054 5608 a
1084 5555 1425 5624 NeronOpoli,
1470 5557 1676 5611 favente
1711 5558 2002 5612 Athanasio

407 5619 836 5705 initiouqulng.
885 5636 1040 5705 una:
1067 5630 1267 5705 πόλεως
1283 5619 1524 5705 Νέρώνος.
1561 5630 1734 5705 Supra
1756 5630 2000 5705 iiuna],

409 5692 537 5761 legit
563 5692 806 5770 llilarius’
823 5715 854 5770 ᾳ
879 5698 1192 5757 Νενοηίαάε.
1221 5699 1315 5752 Est
1342 5692 1528 5767 autem,
1559 5692 1732 5770 inquit
1755 5692 2006 5757 Theodo-

412 5774 560 5820 retus
590 5765 680 5821 lib.
739 5783 753 5822 ι
804 5769 939 5826 ilist.
974 5771 1145 5837 Eccl.,
1189 5787 1237 5828 c.
1270 5772 1301 5824 7
1341 5788 1355 5826 :
1397 5765 1653 5829 Neronias
1681 5771 1880 5830 Cilicia:
1908 5788 2005 5827 se-

2095 3236 2269 3292 Julius
2307 3240 2374 3293 ab
2398 3238 2594 3294 Acacia
2636 3239 2704 3296 de
2748 3240 2822 3315 (ο)
2854 3239 3038 3296 Thebe
3085 3243 3425 3315 eptapyleos.
3459 3244 3699 3300 Atheno-

2094 3329 2260 3385 dorus
2304 3331 2369 3385 ab
2405 3332 2606 3388 Achaia
2652 3335 2720 3389 de
2763 3333 2942 3388 Blatca
2979 3332 3131 3408 (Lab.
3185 3351 3214 3390 a
3263 3337 3422 3392 Dacia
3464 3337 3534 3393 de
3577 3337 3700 3393 Bla-

2089 3429 2269 3496 cena).
2309 3427 2571 3482 Diodorus
2616 3429 2684 3482 ab
2731 3430 2858 3483 Asia
2905 3428 2975 3484 de
3007 3429 3278 3497 Tenedos,
3327 3431 3638 3488 Alexander
3666 3447 3697 3488 a

2094 3517 2375 3573 Thessalia
2407 3518 2473 3572 de
2513 3518 2748 3584 Larissa,
2780 3518 3005 3574 Acthius
3036 3535 3064 3574 a
3102 3521 3412 3577 Macedonia
3435 3523 3504 3579 de
3529 3523 3700 3580 Thcs-

2092 3614 2354 3678 salonica,
2386 3612 2576 3668 Vitatis
2621 3629 2648 3664 a
2691 3613 2852 3667 Dacia
2897 3614 3100 3684 ripensi
3127 3617 3193 3669 de
3243 3617 3432 3684 Aquis,
3463 3616 3698 3688 Parago-

2093 3708 2206 3762 rius
2263 3722 2293 3760 a
2343 3707 2606 3761 Dardania
2655 3705 2723 3761 dc
2785 3706 3000 3778 Scupis,
3059 3708 3246 3763 Trifon
3291 3710 3359 3764 ab
3389 3709 3588 3764 Achaia
3632 3710 3703 3768 de

2091 3801 2168 3873 (p)
2191 3802 2499 3866 Marciarce,
2535 3802 2862 3855 Athanasius
2891 3803 2958 3856 ab
2986 3802 3335 3867 Alexandria,
3359 3801 3697 3860 Gaudentius

2096 3894 2162 3948 ab
2189 3891 2387 3947 Achaia
2420 3891 2471 3963 (a
2504 3891 2686 3961 Dacia)
2722 3891 2788 3945 de
2813 3890 2998 3958 Naiso,
3025 3891 3217 3947 Jonam
3241 3910 3265 3946 a
3294 3893 3604 3949 Macedonia
3625 3893 3693 3950 de

2098 3985 2423 4056 Particopoli
2452 3983 2882 4057 (l’arthcuopoli,
2925 3993 3016 4039 aut
3043 3985 3440 4057 Paruacopoli),
3471 3987 3697 4059 Alypius

2098 4151 2281 4207 cauda:
2311 4149 2454 4214 urbs,
2479 4165 2630 4220 quam
2658 4146 2974 4213 Irenopolim
3006 4165 3139 4203 nunc
3165 4165 3424 4205 vocamus.

2177 4224 2238 4294 (ἱ)
2267 4222 2322 4277 In
2358 4221 2519 4286 edit.,
2547 4219 2924 4294 rDommianus:
2967 4224 3034 4274 At
3058 4223 3108 4274 in
3161 4236 3284 4288 ms.,
3334 4221 3695 4279 Dominiamts.

2097 4291 2260 4351 Forte
2297 4295 2386 4364 qui
2419 4293 2558 4364 apud
2591 4294 2851 4347 Atltanas.
2888 4291 3235 4346 Domitianus.

2171 4366 2253 4447 (j)
2287 4366 2341 4447 Inn
2367 4380 2503 4447 ms,
2528 4367 2729 4447 Ancyra
2757 4364 3010 4447 Gallacia.
3039 4367 3207 4447 Supra
3239 4381 3292 4447 ηε
3321 4365 3380 4447 1,.
3400 4364 3698 4447 Ancyroga-

2094 4435 2256 4494 ltitia}.
2290 4439 2390 4505 Qui
2419 4446 2575 4490 antea
2606 4435 2686 4507 his
2717 4438 3008 4505 scripserat
3039 4453 3069 4489 a
3103 4435 3433 4499 Macedonia,
3463 4435 3564 4492 huc
3581 4437 3696 4507 jam

2097 4513 2274 4576 tertio,
2308 4509 2402 4565 sed
2435 4508 2595 4572 falso,
2627 4506 2712 4563 hic
2743 4510 3016 4577 apposuit.

2017 4573 2071 4634 Β
2169 4573 2268 4678 (Κ).
2291 4605 2456 4669 Alias,
2501 4603 2710 4678 Moscus
2753 4573 2788 4656 a
2817 4573 3196 4678 Thessalonica
3225 4617 3244 4656 :
3269 4602 3410 4671 quod
3463 4618 3556 4678 ex,
3583 4603 3700 4678 Sir-

2102 4673 2300 4732 mondo
2325 4675 2675 4746 corrigimus.
2709 4679 2785 4727 An
2817 4673 2904 4728 hic
2941 4674 3081 4728 idem
3114 4683 3219 4738 cst,
3244 4678 3332 4742 qui
3365 4675 3506 4743 apud
3533 4675 3702 4730 Atha-

2099 4764 2217 4804 nas.
2256 4745 2492 4804 Musteus
2519 4745 2854 4816 subscriptus
2887 4746 3098 4814 legitur,
3136 4761 3230 4811 per
3259 4761 3416 4814 quem
3459 4761 3704 4800 commu-

2099 4823 2389 4876 nicatorias
2427 4821 2668 4875 Valentis
2694 4830 2744 4874 et
2777 4817 2984 4874 Ursat-ii
3018 4817 3224 4872 litteras
3264 4819 3591 4874 Athanasius
3611 4833 3705 4874 ac-

2097 4896 2262 4963 cepit,
2291 4892 2493 4963 quique
2522 4891 2656 4945 infra
2685 4907 2738 4944 n.
2765 4890 2857 4957 20,
2887 4889 3094 4962 Moyses
3123 4889 3500 4960 nuncupatur?

2169 4984 2326 5068 (l).Et
2359 4985 2446 5039 hic
2476 4999 2598 5039 cum
2628 4983 2792 5039 Sirm.
2839 4983 3174 5053 praeferimus
3221 5001 3251 5036 a
3283 4983 3465 5049 Dacia,
3500 4998 3598 5053 pro
3637 4983 3702 5040 ab

2100 5058 2375 5211 “alii?
2409 5126 2574 5182 Sirm.
2611 5126 2824 5211 favente
2849 5123 3171 5211 Athanasio,
3197 5128 3336 5193 apud
3369 5144 3530 5211 quem
3572 5126 3701 5211 sub-

2101 5195 2286 5256 scribit
2322 5197 2657 5268 Hymenaeu-s,
2690 5198 2836 5252 Alias
2868 5211 3019 5264 vero,
3056 5195 3338 5268 Hynwmus
3375 5195 3404 5250 a
3431 5198 3701 5255 Thessalia

2102 5272 2164 5325 de
2192 5272 2442 5325 Obarata.

2102 5272 2164 5325 de
2192 5272 2442 5412 (dixit?
2470 5340 2730 5394 Athanas.
2764 5355 2870 5395 non
2898 5337 3192 5395 Subscribit
3222 5336 3435 5402 Lucius,
3470 5341 3564 5397 sed
3597 5340 3706 5396 Lu-

2104 5343 2253 5469 cilius
2286 5431 2306 5468 :
2338 5416 2476 5468 forte
2497 5414 2541 5467 is
2567 5427 2751 5469 quem.
2783 5411 3009 5469 ADnloa.
3049 5429 3101 5469 ι).
3135 5409 3262 5469 6ἷ5.
3297 5421 3485 5466 testem
3518 5414 3705 5469 anne!-

2104 5415 2253 5470 cillus
2286 5431 2306 5468 :
2338 5416 2476 5468 forte
2497 5415 2541 5467 is
2567 5427 2751 5482 quem,
2783 5415 3009 5481 Apolog.
3049 5429 3101 5482 p.
3135 5415 3262 5474 675,
3297 5421 3485 5466 testem
3518 5415 3701 5484 appel-

2111 5487 2207 5552 lat,
2240 5485 2380 5556 quod
2405 5485 2755 5556 Constantem
2790 5498 3076 5556 numquam
3133 5486 3280 5556 s_ol_us
3309 5483 3573 5556 allocutus
3611 5485 3701 5540 sit.

2185 5553 2270 5630 (0)—
2306 5557 2362 5611 In
2393 5573 2496 5630 ms.
2531 5554 2978 5630 Tebepsetaﬁleos.
3023 5554 3175 5630 Apud
3205 5553 3372 5611 Labb.
3413 5553 3662 5612 Thebesse
3683 5572 3706 5613 :

2111 5637 2168 5684 et
2196 5625 2272 5684 ‘ex
2313 5629 2656 5698 conjectura,
2691 5625 3170 5698 Tltebegptaiioleos.

2185 5701 2263 5773 (p)
2302 5695 2492 5766 Sirm.,
2540 5697 2799 5754 Maccare.
2845 5697 3036 5765 Faber,
3071 5697 3357 5752 Maccroce.
3389 5695 3708 5760 Retinemus

2113 5773 2402 5831 lectionem
2437 5789 2570 5830 mss.
