4270 6264
607 286 715 343 655

1804 275 2047 333 SANCTI
2088 274 2342 332 HILARII
2381 275 2686 336 EPISCOPI

3797 287 3905 344 656

605 401 764 471 plena
791 405 953 468 atque
975 394 1210 467 perfecta
1231 397 1338 455 est,
1368 397 1421 445 et
1445 388 1696 444 omnibus
1717 387 1975 460 undique,
2004 390 2197 461 quibus
2222 400 2271 458 Α
2302 392 2673 465 primogenitus
2709 396 2874 451 omnis
2900 405 3150 453 creatura
3180 413 3198 451 :
3227 396 3347 470 quia
3388 398 3441 452 in
3480 399 3596 469 ipso
3626 404 3904 459 constituta

604 494 848 562 irrepere
887 487 1131 544 haeretici
1161 484 1359 548 solent,
1391 482 1628 537 aditibus
1654 481 1940 551 obseratis,
1976 484 2202 539 inviola-

609 585 703 640 bili
744 585 886 638 inter
934 579 1150 634 Patrem
1186 584 1242 629 et
1272 572 1468 628 Filium
1515 580 1733 628 mternze
1765 574 1985 629 unitatis
2015 575 2198 632 solidi-

604 689 719 735 tate
764 673 1105 733 connectitur
1136 686 1149 725 :
1182 669 1301 725 haec
1342 683 1474 724 vero
1509 667 1854 739 simplicitate
1898 668 2197 737 blanditur,

605 773 838 844 primum
867 778 1119 822 asserens
1148 777 1247 820 nos
1280 763 1351 817 ita
1382 761 1629 828 credere,
1664 762 1807 834 quod
1834 762 1974 817 absit
2001 778 2030 817 a
2058 778 2199 834 quo-

603 880 786 937 quam.
815 860 1082 935 Creterum
1111 856 1538 913 Occidentalium
1570 855 1725 922 fides,
1757 856 2086 928 evangelicis
2111 857 2198 913 in-

603 957 787 1013 stituta
815 950 1098 1017 doctrinis,
1129 949 1344 1005 Patrem
1384 947 1438 1003 in
1483 947 1618 1003 Filio
1645 990 1659 1014 ,
1688 947 1882 1003 Filium
1913 949 2202 1006 confitetur

602 1048 656 1104 in
677 1047 874 1110 Patre;
903 1042 1118 1098 Patrem
1148 1040 1469 1111 ingenitum,
1493 1038 1688 1094 Filium
1712 1039 2012 1096 substantia
2043 1051 2200 1097 teter-

602 1139 789 1196 nitatis
815 1147 1101 1202 aeternum,
1125 1133 1179 1189 id
1203 1142 1307 1199 est,
1338 1139 1398 1187 ut
1425 1133 1640 1189 Patrem
1669 1148 1906 1202 semper,
1932 1133 2003 1189 ita
2033 1142 2088 1190 et
2112 1133 2201 1189 Fi-

602 1236 735 1292 lium
778 1246 995 1303 semper
1029 1229 1081 1285 in
1117 1229 1294 1293 Patre,
1323 1236 1377 1282 et
1402 1234 1585 1282 natum
1608 1225 1676 1281 de
1706 1226 1819 1283 Deo
1838 1225 2003 1298 644
2032 1227 2198 1282 Deum

600 1345 747 1397 esse,
777 1343 884 1384 non
907 1333 1229 1395 conceptum
1252 1320 1485 1386 scilicet,
1516 1328 1571 1376 et
1592 1319 1645 1376 in
1675 1334 1743 1376 eo
1766 1332 1981 1390 semper
2003 1320 2072 1376 de
2093 1334 2201 1391 quo

600 1431 706 1487 est,
736 1435 879 1477 esse.

670 1515 761 1573 29.
816 1532 835 1565 ι
881 1513 953 1570 At
978 1525 1109 1567 vero
1158 1510 1276 1566 inec
1319 1507 1542 1579 perﬁdia
1575 1507 1947 1581 (Orientalium
2000 1507 2198 1564 Sirmio

598 1606 1012 1675 rescribentium)
1045 1618 1152 1659 non
1195 1601 1331 1658 fides
1352 1641 1369 1669 ,
1424 1599 1592 1655 Deum
1629 1617 1694 1655 ea;
1727 1599 1832 1655 Deo
1861 1598 2050 1656 dicens
2076 1641 2091 1667 ,
2144 1609 2199 1656 et

598 1700 997 1775 primogenitum
1023 1694 1414 1754 commendans
1436 1735 1453 1762 ,
1484 1701 1540 1750 et
1580 1692 1864 1748 Trinitatis
1887 1707 2085 1749 nomen
2116 1694 2200 1747 in-

2303 497 2423 542 sunt
2449 489 2621 542 omnia
2648 489 2703 543 in
2730 490 2870 545 (telis
2896 499 2942 545 et
2971 491 3025 545 in
3055 501 3221 559 terra,
3244 493 3462 547 visibilia
3491 504 3538 548 et
3582 495 3858 552 invisibilia
3882 540 3900 565 ,

2300 579 2404 635 sive
2435 580 2645 647 Throni,
2682 583 2791 636 sive
2815 580 3226 651 Dominationes,
3259 585 3364 641 sive
3410 584 3764 658 Principatus,
3800 592 3905 646 sive

2302 671 2606 738 Potestates,
2630 676 2802 731 omnia
2825 693 2914 746 per
2948 679 3119 747 ipsum
3152 689 3202 735 et
3227 681 3278 734 in
3305 681 3419 752 ipso
3448 683 3656 739 condita
3688 697 3824 756 sunt,
3854 697 3904 742 et

2300 766 2412 837 ipse
2459 778 2533 823 est
2565 779 2684 824 ante
2715 786 2893 826 omnes
2922 769 3144 842 (Coloss.
3191 788 3227 838 ι,
3265 775 3497 847 15,16).
3547 776 3727 850 Imago
3771 795 3904 851 ergo

2302 858 2398 915 Dci
2415 859 2703 916 invisibilis
2729 876 2796 918 ex
2822 861 2993 919 nihilo
3015 862 3148 920 ordo
3175 874 3277 933 est,
3308 868 3545 939 etcoepit
3566 884 3595 921 a
3620 872 3902 941 tempore?

2302 952 2412 1007 Aut
2436 953 2558 1022 quia
2580 954 2970 1025 primogenitus
2993 956 3170 1012 omnis
3199 967 3463 1015 creaturae
3494 970 3600 1027 est,
3618 961 3752 1016 ordo
3778 965 3902 1033 qui-

2302 1042 2423 1099 dem
2448 1044 2499 1098 in
2531 1061 2597 1100 eo
2620 1060 2878 1102 connexa:
2908 1047 2983 1119 (a)
3015 1047 3302 1120 incognita:
3327 1052 3622 1108 creationis
3646 1054 3905 1125 exprimi-

2304 1142 2410 1202 tur,
2441 1135 2535 1191 sed
2567 1150 2671 1191 non
2691 1139 2935 1208 sequitur
2955 1138 3370 1210 primOgenitum
3399 1144 3577 1198 omnis
3604 1145 3901 1202 creaturae?

2302 1228 2439 1294 Quia
2470 1230 2522 1284 in
2554 1229 2671 1299 ipso
2710 1231 3001 1288 constituta
3046 1244 3174 1289 sunt
3222 1235 3405 1292 omnia
3439 1236 3493 1292 in
3540 1239 3695 1295 coalis
3737 1250 3793 1296 et
3846 1241 3901 1296 iu

2304 1331 2468 1390 terra,
2493 1323 2546 1379 id
2576 1335 2679 1392 est,
2712 1325 2768 1380 in
2794 1326 2912 1396 ipso
2943 1325 3319 1386 universorum
3349 1331 3739 1389 elementorum
3768 1335 3903 1390 visio

2301 1416 2485 1472 bilium
2511 1427 2564 1471 et
2590 1415 2938 1474 invisibilium
2966 1421 3182 1477 condita
3230 1433 3286 1478 et
3330 1424 3626 1481 constituta
3670 1430 3900 1486 materia

2300 1517 2415 1574 est;
2447 1517 2503 1564 et
2548 1508 2752 1566 idcirco
2780 1512 2963 1567 omnia
3001 1529 3097 1583 per
3128 1515 3302 1584 ipsum
3331 1526 3386 1572 et
3416 1518 3473 1574 in
3501 1518 3619 1589 ipso
3648 1538 3662 1573 :
3700 1520 3904 1579 idcirco

2302 1600 2690 1672 primogenitus
2718 1604 2896 1659 omnis
2921 1613 3205 1676 creaturae,
3239 1609 3364 1680 quia
3396 1610 3451 1666 in
3480 1612 3697 1680 eodem,
3724 1614 3835 1686 jam
3866 1630 3903 1671 a

2299 1694 2587 1765 principio,
2618 1694 2860 1753 omnium
2882 1712 3004 1769 qua:
3034 1697 3324 1757 eﬂ‘ecturus
3353 1712 3492 1769 erat,
3524 1706 3705 1760 omnia
3735 1722 3903 1777 gene-

596 1795 848 1859 stituens,
871 1790 1020 1846 virus
1047 1803 1205 1844 suum
1230 1786 1332 1843 sub
1361 1784 1625 1841 modestia
1647 1785 1914 1855 religiosae
1944 1784 2195 1841 modera-
2223 1791 2274 1852 B
2299 1788 2566 1844 rationum
2596 1788 2762 1862 655
2790 1789 2936 1845 initia
2966 1790 3042 1865 (b)
3068 1782 3447 1850 constiterunt.
3470 1796 3650 1868 Atque
3683 1814 3790 1855 non
3819 1799 3894 1856 ita

596 1884 762 1942 tionis
786 1882 1043 1948 occultat,
1078 1879 1291 1946 dicens,
1323 1876 1492 1932 Deum
1517 1891 1581 1931 ea:
1625 1875 1735 1930 Deo
1757 1919 1771 1944 ,
1804 1876 1978 1930 lumen
2018 1891 2083 1932 ea:
2108 1876 2193 1931 lu-

594 1981 733 2034 mine
760 1995 779 2032 :
805 1986 863 2032 ut
892 1990 989 2047 per
1009 1973 1350 2046 occasionem
1379 1968 1739 2026 confessionis
1771 1969 1959 2036 istius,
1989 1983 2054 2025 ex
2082 1969 2192 2026 Deo

592 2088 658 2129 ac
684 2071 906 2135 lumine,
943 2069 1083 2124 Deus
1108 2082 1174 2122 ac
1204 2067 1387 2122 lumen
1419 2065 1588 2119 factus
1610 2078 1641 2117 a
1669 2063 1798 2130 Deo,
1848 2078 1954 2118 non
1982 2064 2193 2133 genitus

593 2168 661 2224 de
691 2166 828 2230 Deo,
858 2163 912 2219 id
938 2170 1044 2227 est,
1074 2175 1179 2216 nou
1205 2160 1272 2215 de
1298 2157 1601 2214 substantia
1637 2166 1877 2227 paterna:
1916 2156 2193 2211 aeternita-

595 2261 664 2315 tis
685 2256 972 2323 exstiterit;
1001 2269 1064 2309 ac
1091 2253 1172 2308 sic
1199 2251 1529 2307 contumelia
1571 2251 1748 2306 Patris
1774 2249 1997 2304 vilescat
2021 2258 2076 2304 et
2104 2246 2192 2304 Fi-

590 2353 722 2417 lius,
753 2352 797 2406 si
825 2351 969 2405 Deus
997 2358 1148 2403 ortus
1176 2360 1244 2402 ex
1272 2344 1440 2399 nihilo
1460 2352 1549 2400 est
1568 2359 1591 2396 ':
1616 2344 1669 2397 in
1694 2341 2033 2414 primogeniti
2061 2354 2190 2398 vero

590 2442 935 2502 confessione
964 2439 1211 2495 ordinem
1242 2437 1530 2509 quemdam
1559 2435 1627 2492 ab
1661 2434 1778 2505 ejus
1807 2444 1927 2490 ortu
1955 2431 2190 2488 creantis

588 2538 654 2609 (f.
683 2533 903 2605 creatis)
936 2531 1121 2587 mundi
1154 2530 1317 2586 rebus
1347 2530 1624 2600 assignent
1653 2544 1669 2583 :
1717 2536 1775 2583 ut
1800 2527 1923 2597 quia
1956 2525 2189 2581 mundus

587 2647 652 2687 ex
681 2638 925 2698 tempore
947 2634 1052 2691 est,
1078 2634 1278 2690 tamen,
1296 2622 1421 2678 licet
1438 2620 1638 2676 mundo
1657 2621 1805 2690 prior
1822 2622 1891 2675 sit
1915 2618 2184 2685 Christus,

587 2740 651 2781 ex
677 2734 921 2793 tempore
947 2718 1049 2784 sit;
1094 2726 1151 2773 et
1178 2731 1286 2771 non
1315 2714 1591 2771 :etcrnitas
1621 2714 1673 2768 in
1705 2727 1772 2769 eo
1804 2723 2047 2782 tempore
2094 2712 2188 2781 (an

586 2828 714 2875 ante
734 2824 977 2887 tempora
989 2813 1060 2884 ?),
1076 2810 1171 2868 sed
1193 2810 1329 2866 ordo
1347 2811 1400 2864 in
1417 2820 1659 2877 tempore
1680 2804 1929 2861 sitcreati
1947 2807 2014 2877 (ι’.
2035 2820 2182 2860 crea-

587 2911 679 2983 tis)
712 2928 725 2965 :
753 2924 815 2965 ac
848 2924 944 2979 per
968 2906 1072 2961 hoc
1098 2902 1303 2974 aliquid
1325 2901 1467 2973 quod
1510 2911 1636 2956 ante
1659 2915 1782 2955 eum
1806 2898 1877 2953 sit
1907 2899 2183 2968 relinqua-

585 3017 692 3070 tur,
724 3002 816 3075 qui
844 3017 967 3057 esse
991 2998 1158 3069 coepit
1183 3012 1251 3052 ex
1281 3008 1564 3064 tempore;
1597 2992 1757 3064 (adde
1797 2990 1874 3064 ct)
1918 2989 2185 3047 dissolva-

581 3109 669 3155 tur
698 3100 754 3153 in
781 3096 999 3152 Christo
1034 3107 1198 3149 omne
1225 3090 1368 3162 quod
1416 3090 1560 3145 Deus
1584 3097 1688 3153 est,
1726 3102 1851 3143 cum
1881 3087 1933 3141 in
1977 3101 2042 3142 eo
2072 3102 2178 3144 non

581 3188 842 3248 exstantis
866 3184 1157 3257 aliquando
1182 3182 1363 3237 Maria:
1389 3190 1540 3237 ortus
1566 3195 1599 3235 a
1622 3190 1868 3250 tempore
1890 3178 1981 3234 sit.

650 3281 742 3338 30.
770 3276 1002 3335 Christus
1024 3293 1124 3349 quo
1145 3290 1296 3331 sensu
1324 3272 1694 3344 primagenitus
1712 3271 1877 3325 omnis
1905 3282 2172 3327 creaturae.

579 3403 651 3415 --
685 3393 704 3425 ι
739 3372 883 3441 Quin
911 3369 1076 3425 etiam
1126 3366 1371 3423 homines
1410 3378 1506 3434 spe
1535 3364 1682 3419 omni
1710 3363 1850 3418 bona
1878 3364 2070 3428 vacui,
2104 3363 2172 3418 ad

578 3466 916 3524 occasionem
950 3460 1083 3516 tanti
1138 3457 1362 3529 periculi
1405 3455 1781 3512 auctoritatem
1820 3454 2171 3525 apostolicam

579 3557 924 3632 pertcndunt;
957 3553 1084 3625 quia
1112 3551 1180 3607 de
1206 3565 1274 3606 eo
1299 3550 1499 3605 dictum
1528 3549 1621 3613 sit,
1657 3549 2028 3620 primogenitus
2057 3564 2171 3601 om-

576 3654 657 3708 nis
677 3659 947 3706 creaturae.
992 3643 1103 3701 Sed
1139 3640 1516 3699 subtrahentes
1540 3639 1951 3696 antecedentem
1976 3654 2173 3696 conse-

578 3752 942 3818 quentemque
969 3737 1329 3801 sententiam,
1364 3742 1551 3804 aptant
1577 3734 1642 3806 (f.
1675 3730 1878 3802 aptam)
1911 3732 2175 3789 doctrinis

577 3838 690 3895 suis
717 3835 818 3891 sub
841 3829 1086 3904 Apostoli
1111 3830 1329 3885 nomine
1364 3835 1676 3897 perstruunt
1703 3823 2014 3879 falsitatem.
2040 3823 2174 3879 Nam

576 3929 700 3986 talis
724 3934 809 3984 est
836 3924 970 3981 ordo
991 3923 1257 3980 dictorum
1283 3937 1298 3974 :
1326 3919 1427 3985 Qui
1451 3926 1526 3973 est
1554 3917 1726 3989 imago
1751 3913 1853 3971 Dei
1879 3916 2172 3985 invisibilis,

619 4046 706 4103 uid
738 4042 1075 4109 mutandum,
1125 4039 1297 4110 magis
1346 4035 1611 4110 arrideret
1658 4033 1986 4110 intentionis,
2042 4044 2169 4110 puta

624 4117 928 4174 rientalium
962 4131 974 4166 :
1008 4103 1097 4184 qui
1129 4103 1324 4187 Sirmio
1352 4107 1751 4187 rescribentes,
1805 4103 1926 4187 fidei
1958 4103 2172 4187 confes-

573 4193 781 4247 sionem
808 4175 1255 4241 omnino'nudam
1298 4195 1361 4236 ac
1399 4177 1641 4250 jejunam
1671 4175 1888 4231 Photini
1914 4175 2170 4233 condem-

576 4262 780 4316 nationi
811 4259 1293 4331 subuexuerunt.__
1424 4320 1458 4331 ,,
1533 4320 1563 4331 ,,
1701 4326 1711 4331 _
1945 4320 1956 4330 .

645 4333 723 4403 (a)
751 4332 877 4387 Mss.
926 4330 1203 4403 incognita.
1249 4323 1366 4379 Non
1409 4320 1718 4403 displiceret
1746 4320 2046 4403 congenitte,
2083 4318 2168 4403 vel

577 4392 714 4459 ineo
754 4403 955 4475 genitte.
1003 4392 1063 4454 1ιῖ
1105 4400 1429 4475 ipso_autem
1457 4402 1718 4475 nascente
1760 4402 1939 4474 creata
1985 4392 2167 4475 omnia

2300 1878 2353 1933 in
2397 1878 2587 1936 ordine
2632 1890 2999 1938 creaturarum
3028 1924 3044 1950 ,
3090 1900 3210 1955 quae
3251 1885 3305 1940 in
3349 1886 3539 1944 ordine
3581 1892 3897 1949 constitutas

2296 1981 2441 2039 sunt,
2473 1973 2678 2042 primus
2729 1975 2784 2028 in
2811 1989 3041 2030 numero
3067 1986 3150 2030 est
3176 1994 3187 2029 :
3213 1977 3307 2033 sed
3336 1978 3453 2046 ipse
3478 1979 3657 2052 imago
3695 1983 3786 2038 Dei
3815 1985 3905 2040 in-

2296 2061 2549 2129 visibilis,
2581 2078 2805 2121 manens
2852 2082 2946 2135 per
2978 2066 3228 2124 virtutem
3281 2068 3552 2127 efficiendi
3583 2087 3806 2144 semper
3844 2076 3903 2131 in

2295 2156 2435 2226 ipso,
2467 2172 2527 2213 se
2554 2157 2969 2229 primogenitum
2999 2158 3252 2216 habuerit
3289 2176 3501 2230 eorum,
3547 2179 3670 2235 qua}
3697 2180 3794 2236 per
3818 2167 3906 2239 ip-

2295 2262 2414 2304 sum
2454 2248 2507 2304 in
2537 2250 2678 2305 caelo
2720 2259 2775 2307 et
2801 2251 2854 2306 in
2888 2262 3029 2306 terra
3061 2254 3293 2309 visibilia
3335 2263 3392 2311 et
3424 2255 3714 2313 invisibilia
3746 2274 3903 2316 crea—

2301 2352 2496 2399 rentur
2523 2347 2812 2401 exstantia.

2361 2436 2450 2490 3i.
2481 2435 2708 2492 Trinitas
2752 2438 2840 2507 qui
2888 2439 3070 2511 dispar
3105 2439 3520 2498 inducatur.—t
3551 2443 3691 2513 Quin
3730 2445 3899 2503 etiam

2291 2527 2437 2584 haud
2487 2530 2788 2596 dissimilis,
2821 2530 2875 2587 in
2902 2533 3188 2589 Trinitatis
3219 2537 3653 2607 nuncupatione,
3692 2537 3902 2596 falsita-

2292 2625 2358 2676 lis
2378 2636 2566 2677 eorum
2596 2630 2884 2680 contextus
2912 2632 3016 2679 est.
3043 2623 3142 2679 Ubi
3168 2626 3313 2681 enim
3338 2641 3369 2680 a
3391 2626 3623 2684 diversis
3643 2630 3899 2686 substan-

2289 2713 2380 2769 tiis
2407 2713 2600 2768 Filium
2641 2730 2672 2768 a
2715 2714 2896 2784 Patre,
2932 2716 3093 2787 impio
3119 2725 3176 2773 et
3204 2720 3469 2776 maledico
3498 2736 3594 2777 ore
3627 2721 3698 2793 (ε)
3728 2724 3896 2780 disci-

2288 2804 2504 2873 derint,
2547 2817 2600 2862 ct
2640 2806 2693 2862 in
2741 2810 3007 2878 separatis
3047 2809 3258 2865 duobus
3295 2815 3513 2869 assistat
3560 2818 3891 2888 auctoritas,

2291 2900 2447 2954 tertia
2501 2899 2878 2956 dinumerantur
2918 2903 2972 2957 in
3006 2900 3208 2977 Spiritu
3241 2922 3255 2956 :
3283 2912 3341 2961 et
3357 2903 3441 2979 (ά)
3471 2922 3593 2963 cum
3636 2909 3698 2964 fit
3733 2910 3897 2968 Pater

2288 2992 2339 3046 in
2370 2990 2505 3047 Filio
2531 3000 2587 3047 et
2611 2992 2783 3049 Filius
2810 2993 2862 3050 iu
2886 2994 3068 3063 Patre,
3093 3004 3148 3052 et
3168 2998 3402 3067 Spiritus
3415 3010 3635 3058 sanctus
3661 3006 3891 3077 accipiat

2286 3100 2351 3140 ex
2380 3093 2639 3158 utroque;
2671 3089 2721 3142 in
2752 3105 2818 3145 eo
2838 3131 2853 3155 ,
2883 3089 3025 3160 quod
3057 3091 3292 3159 Spiritus
3325 3095 3647 3162 exprimitur
3688 3107 3895 3156 sancta:

2207 3180 2254 3243 ρ
2290 3176 2448 3248 hujus
2481 3180 2804 3235 inviolabilis
2828 3181 3006 3236 unitas
3039 3181 3104 3253 (f.
3125 3183 3250 3237 add.
3273 3183 3602 3257 Trinitatis),
3636 3188 3894 3248 haeretica

2288 3280 2437 3339 parte
2480 3274 2740 3341 parturiat
2779 3272 3015 3329 Trinitas
3053 3278 3367 3346 pronuntiat
3402 3278 3467 3351 (Ῑ.
3503 3282 3892 3355 pronunciata)

2283 3362 2588 3418 dissidium.

2350 3455 2440 3510 5'2.
2472 3454 2720 3511 Nica’nus
2747 3465 2994 3514 tractatus
3020 3476 3177 3531 quam
3197 3474 3494 3520 accuratus.
3523 3496 3590 3507 -—
3626 3486 3645 3521 t
3670 3466 3776 3524 Sed
3804 3468 3889 3523 di-

2282 3547 2454 3618 ligens
2484 3547 2685 3604 Nicmni
2716 3556 2978 3607 tractatus
3002 3553 3382 3627 perfectusque
3407 3571 3587 3614 sermo
3613 3561 3889 3617 artissimo
3954 3618 3967 3624 _

2283 3640 2528 3695 veritatis
2595 3642 2933 3710 prmscripto,
2992 3646 3174 3700 omnia
3230 3646 3612 3705 haereticorum
3664 3651 3889 3722 ingenia

2283 3730 2354 3804 (a)
2372 3730 2656 3796 conclusit,
2680 3732 2753 3787 ita
2783 3749 2988 3803 ponens
3016 3751 3029 3788 :
3051 3735 3319 3794 Credimus
3337 3739 3391 3794 in
3413 3756 3573 3795 unum
3597 3740 3761 3796 Deum
3786 3759 3887 3814 pa.

2283 3833 2432 3891 trem,
2457 3835 2507 3879 et
2531 3827 2583 3880 in
2609 3842 2771 3881 unum
2800 3828 2964 3897 filium
3004 3832 3115 3903 ejus
3161 3830 3344 3888 Iesum
3389 3833 3672 3890 Christum.
3702 3834 3882 3892 Unum

2284 3917 2469 3983 ambo,
2499 3924 2556 3971 et
2584 3928 2812 3990 uterque
2843 3935 3032 3991 unum,
3065 3921 3137 3995 (ι’)
3181 3933 3237 3980 et
3276 3925 3329 3980 in
3364 3926 3635 3996 personati
3665 3929 3885 3985 nomine

2283 4045 2369 4089 tur
2389 4036 2733 4110 discederent.
2761 4035 2966 4094 Sensus
2998 4044 3236 4110 postulat
3257 4045 3555 4101 disciderint
3571 4061 3592 4100 :
3614 4054 3671 4103 et
3690 4048 3881 4107 crebra

2279 4116 2362 4188 est
2386 4106 2442 4161 iu
2476 4122 2606 4188 mss:
2635 4109 2653 4161 i
2682 4110 2733 4162 in
2761 4125 2787 4164 e
2813 4106 3073 4188 mutatio;
3103 4113 3411 4188 sicutiloco
3437 4127 3492 4171 ut
3519 4132 3666 4188 saepe
3685 4135 3881 4176 occur-

2280 4178 2350 4232 rit
2407 4187 2502 4257 et._
2527 4177 2784 4257 Adeoque
2812 4177 3069 4257 proxime»
3100 4187 3383 4256 legendum
3416 4177 3664 4257 putamus
3684 4232 3699 4256 ,
3738 4203 3791 4245 ut
3826 4193 3883 4251 in

2279 4248 2528 4330 separatis
2556 4248 2751 4305 duobus
2798 4248 3006 4330 assistat
3048 4248 3326 4313 auct'oritas
3360 4274 3379 4312 :
3408 4248 3549 4330 quod
3583 4248 3762 4330 potest
3804 4248 3878 4321 ita

2278 4318 2526 4401 intelligi,
2597 4329 2654 4374 ut
2704 4324 3041 4401 auctoritas,
3073 4345 3141 4401 ex
3186 4346 3292 4399 qua
3343 4318 3598 4400 procedit.
3640 4318 3877 4401 Spiritus

2279 4400 2520 4470 sanctus,
2550 4406 2657 4446 non
2699 4394 2769 4470 _sit
2791 4409 2917 4470 una,
2948 4398 3044 4470 sed
3088 4398 3140 4453 iu
3172 4394 3382 4458 ducibus
3406 4404 3670 4470 separatis
3685 4394 3877 4463 'essis-

576 4461 820 4530 eounexa
848 4479 1004 4528 erant
1029 4482 1082 4527 et
1112 4461 1747 4547 quodaminodoﬁeuita:
1778 4464 1897 4547 quia
1922 4463 2166 4547 nascgﬁa—
2191 4467 2245 4528 D
2272 4470 2373 4547 tat.
2408 4461 2549 4544 Tum
2594 4464 2743 4518 tertia
2789 4461 3005 4538 (supple
3054 4471 3362 4547 substantia)
3413 4461 3874 4535 dinumeraturﬁin

575 4557 658 4599 tur
686 4555 883 4599 creator
911 4543 1067 4606 Deus,
1101 4534 1159 4594 ut
1187 4535 1482 4617 exponitur
1511 4534 1603 4617 lib.
1633 4549 1668 4587 lt
1696 4534 1764 4617 de
1787 4535 1938 4617 Trin.
1966 4551 2019 4617 η,
2148 4550 2161 4587 :

578 4617 960 4690 Primogenitus
1002 4604 1170 4690 itaque
1205 4604 1371 4690 omnis
1421 4613 1671 4690 creaturte
1693 4605 2023 4690 est-,‘inquit
2068 4604 2161 4690 lib,

574 4705 669 4744 vut
694 4731 708 4756 ,
761 4676 815 4742 ἶι.
847 4688 957 4752 50,,
994 4676 1111 4753 quia
1135 4684 1189 4736 in
1212 4683 1322 4761 ipso
1343 4687 1516 4731 creata
1534 4676 1717 4757 onmia.
1731 4676 1832 4728 sint
1862 4685 1959 4761 :‘et
1980 4676 2166 4761 paucis

554 4731 881 4829 οίίἰὶἓεῦίέιῖὶίέ
1340 4731 2020 4829 quoque..omnislcreatnrfe
2053 4756 2128 4828 est
2147 4787 2162 4811 ,

571 4817 835 4885 continens
864 4830 917 4881 in
961 4844 1013 4881 se
1036 4817 1383 4900 universitatis.
1406 4818 1711 4900 exordium;
1745 4818 1819 4872 Ex
1851 4817 2049 4900 quibus
2076 4817 2164 4900 osic

574 4904 850 4971 explicare
879 4900 993 4954 licet
1031 4897 1170 4951 hunc
1201 4891 1593 4971 llilariiﬂlocum
1616 4906 1638 4971 4:
1669 4888 1935 4971 Numquid
1965 4890 2050 4971 qui
2076 4888 2158 4971 in-

573 4958 800 5028 vigibitis
828 4972 918 5027 Dei
951 4970 1124 5038 imago
1141 4974 1244 5024 est,
1262 4979 1325 5019 ex
1347 4960 1511 5016 nihilo
1540 4959 1804 5041 putandus
1829 4966 2005 5041 estnet
2025 4958 2161 5013 ordo

571 5060 667 5099 seu
700 5046 749 5096 in
781 5044 971 5099 ordine
1000 5053 1177 5094 rerum
1210 5045 1509 5112 creatarutu
1556 5044 1700 5089 esse.
1731 5040 1784 5084 et
1814 5040 2158 5112 empissehcx

573 5114 858 5183 tempore?
903 5113 1009 5166 Aut
1053 5106 1312 5177 numquid
1371 5104 1545 5183 potius
1598 5116 1719 5183 cum
1774 5104 2161 5182 primogenitus

569 5173 875 5255 πρμέιιηιυν
902 5197 1078 5238 οηιηιε
1104 5173 1396 5255 “Saturae,
1426 5173 1561 5255 ordo
1582 5174 1796 5254 quidem
1819 5185 2079 5255 connexa:
2107 5173 2158 5225 in

572 5242 939 5325 eb'tautquam
991 5256 1042 5308 in
1074 5242 1233 5308 caiisa
1272 5244 1569 5326 creatiouis
1590 5248 1769 5326 omnis
1799 5245 2156 5326 exprimitur;

569 5328 663 5381 sed
692 5316 815 5381 niin'
835 5316 1077 5395 sequitur
1108 5337 1230 5379 eum
1270 5321 1341 5374 ita
1371 5332 1495 5373 esse
1524 5316 1935 5397 primogenitum
1962 5324 2064 5397 aut
2105 5316 2156 5369 in

567 5398 762 5453 ordine
819 5398 887 5452 sit
916 5386 1115 5451 -rerum
1163 5401 1486 5447 creatarum.
1548 5388 1696 5441 Hanc
1745 5386 2155 5455 explimtionem

565 5470 889 5522 conﬁrmant
917 5469 1175 5539 subnexa.
1257 5533 1267 5539 _
1483 5528 1496 5539 .
1887 5527 1915 5539 η,

638 5538 712 5612 (b)
743 5538 797 5593 In
829 5538 1079 5610 vulgatis,
1107 5533 1453 5612 constituerat.
1483 5528 1536 5612 In
1565 5543 1718 5593 mss.,
1752 5528 2155 5612 constituerunt;

565 5621 618 5663 et
644 5598 803 5680 paulo
828 5598 972 5674 ante,
1002 5598 1089 5679 qui
1115 5607 1392 5681 effecturus
1419 5609 1545 5668 erat,
1573 5615 1677 5655 non
1718 5614 1850 5681 quae.
1895 5599 2008 5653 Duo
2058 5598 2152 5652 illa

563 5674 725 5736 verlta
749 5696 853 5737 non
886 5674 1089 5737 temere
1118 5674 1271 5752 nobis
1297 5674 1542 5752 videmur
1562 5674 1885 5752 correxisse.
1945 5740 1958 5752 I
1986 5722 1999 5733 ,

639 5750 710 5820 (ρ)
746 5750 957 5805 Editum
990 5758 1105 5805 erat
1133 5744 1494 5811 distenderent,
1535 5756 1656 5797 cum
1697 5740 1752 5796 in
1784 5755 1913 5796 mss.
1944 5738 2146 5796 habea-

2273 4532 2504 4603 Spiriru.

2344 4603 2426 4675 (τι)
2457 4605 2535 4660 Ex
2560 4605 2883 4666 lcetionihus
2913 4609 3076 4667 Sirm.
3111 4613 3357 4671 addimus
3377 4634 3497 4673 cum
3523 4635 3542 4675 :
3568 4619 3660 4676 sed
3692 4631 3748 4677 et
3772 4636 3875 4677 an-

2272 4683 2354 4755 _tea
2379 4686 2433 4728 ut
2459 4692 2555 4744 pro
2598 4688 2647 4755 et
2686 4680 2935 4755 lubenter
2972 4684 3392 4755 susciperemus.
3450 4691 3543 4746 Sic
3587 4695 3731 4748 enim
3786 4694 3875 4750 hic

2269 4745 2819 4831 locus'resarciendus
2851 4755 3100 4831 videtur;
3118 4745 3183 4831 fut
3210 4775 3323 4813 cum
3352 4761 3417 4814 sit
3440 4745 3869 4831 Pater'inHFilto,

2269 4831 2315 4898 ᾳ
2361 4816 2534 4873 Filius
2572 4822 2625 4904 hi
2651 4820 2722 4904 1P
2725 4833 2930 4904 mret.“
2981 4825 3212 4904 Spiritus
3249 4832 3464 4904 “FCipiat
3509 4816 3575 4888 ea:
3618 4816 3871 4904 utroque

2267 4888 2322 4942 in
2350 4905 2428 4955 eo,
2483 4890 2966 4978 quod'(secuudum_
2989 4888 3310 4978 catholicos)
3351 4888 3582 4978 Spiritus
3622 4888 3872 4978 exprimi:-

2271 4969 2352 5041 tur
2388 4972 2578 5017 sancta:
2627 4964 2779 5043 huius
2806 4967 3115 5043 inviolabilis
3162 4964 3431 5028 Trinitatis
3461 4978 3656 5043 unitas,
3686 4964 3872 5034 'Itatre-

2269 5030 2371 5110 ticu
2397 5042 2541 5110 parte
2573 5038 2829 5110 parturiat
2849 5040 3052 5093 trinitas
3080 5045 3410 5110 pronuntiata
3435 5030 3721 5103 dissidium.

2345 5102 2417 5186 (ε)
2444 5102 2500 5186 In
2529 5106 2781 5186 vulgatis,
2804 5108 3041 5186 _iuclusit.
3077 5102 3404 5171 Concinuius
3427 5118 3683 5173 tamenin
3707 5134 3867 5186 mss.,

2270 5174 2556 5251 _conclusit,
2583 5174 2773 5245 idest,
2803 5178 2878 5233 ita
2903 5189 3244 5251 compressit,
3288 5195 3347 5240 ut
3382 5189 3564 5245 nullus
3603 5174 3868 5247 evadendi

2268 5242 2420 5325 locus
2462 5242 2880 5335 relinqueretur.
2949 5242 3119 5335 Paulo.
3151 5242 3277 5312 ante
3332 5242 3870 5335 reposuimusﬁpr;

2269 5316 2479 5395 scripta.
2507 5318 2596 5395 ubi
2620 5316 2905 5395 obtinebat
2929 5325 3249 5395 perscripto-

2362 5385 2590 5469 [χρειω]
2617 5392 2703 5445 hic
2730 5392 2907 5458 deest,
2929 5385 3095 5450 facile
3121 5385 3466 5469 intelligitur,
3501 5401 3713 5459 Patrem
3735 5405 3859 5461 scil.

2262 5465 2318 5537 et
2339 5457 2531 5539 Filium
2558 5474 2746 5539 natura
2780 5457 2942 5518 unum
2962 5479 3119 5533 esse;
3149 5484 3269 5523 cum
3300 5457 3528 5539 uterque
3550 5457 3865 5533 utiusilieus

2260 5530 2352 5608 sit,
2377 5529 2477 5581 sub
2505 5534 2720 5616 ηοιιεξρε
2743 5543 2919 5616 tamen
2942 5551 3004 5591 ac
3030 5529 3364 5616 proprietate
3389 5529 3682 5613 personali.
3705 5529 3863 5616 Quod

2254 5597 2364 5667 jam
2423 5615 2571 5674 nutu.
2619 5601 2691 5657 25
2762 5597 3090 5662 declaratum
3132 5597 3239 5667 ἐει
3290 5597 3867 5674 his-verbis—

2255 5679 2430 5757 i't‘ostra
2458 5672 2572 5727 haec
2603 5675 2763 5757 est,in
2793 5675 2965 5757 Patris
2995 5689 3040 5732 et
3065 5678 3114 5733 F
3116 5682 3206 5757 ilii_
3221 5683 3507 5757 nominibus
3533 5672 3867 5757 personisque

2256 5737 2397 5795 Deus
2421 5757 2572 5798 imus.
2613 5737 2764 5802 Unde
2793 5748 3162 5818 conjectamus
3194 5737 3500 5824 legendum
3526 5737 3864 5828 ἑὲέέζᾙῖιῖιῖἦ
