  <div class='ocr_page' id='page_1' title='image "/cluster/home/n/w/nwhite01/storage/ocr_20150623/10/hvd.32044096580386/336.png"; bbox 0 0 4270 6264; ppageno 0'>
   <div class='ocr_carea' id='block_1_1' title="bbox 413 281 509 337">
    <p class='ocr_par' dir='ltr' id='par_1_1' title="bbox 413 281 509 337">
     <span class='ocr_line' id='line_1_1' title="bbox 413 281 509 337; baseline -0.021 1"><span class='ocrx_word' id='word_1_1' title='bbox 413 281 509 337; x_wconf 80' lang='grc'><strong>661</strong></span> 
     </span>
    </p>
   </div>
   <div class='ocr_carea' id='block_1_2' title="bbox 1354 273 2779 336">
    <p class='ocr_par' dir='ltr' id='par_1_2' title="bbox 1354 273 2779 336">
     <span class='ocr_line' id='line_1_2' title="bbox 1354 273 2779 336; baseline 0 -4"><span class='ocrx_word' id='word_1_2' title='bbox 1354 275 1448 332; x_wconf 82' lang='lat' dir='ltr'><strong>EX</strong></span> <span class='ocrx_word' id='word_1_3' title='bbox 1486 273 1717 332; x_wconf 79' lang='lat' dir='ltr'><strong>OPERE</strong></span> <span class='ocrx_word' id='word_1_4' title='bbox 1761 275 2131 336; x_wconf 81' lang='lat' dir='ltr'><strong>HISTORICO</strong></span> <span class='ocrx_word' id='word_1_5' title='bbox 2169 274 2649 334; x_wconf 72' lang='lat' dir='ltr'><strong>FRAGMENTUM</strong></span> <span class='ocrx_word' id='word_1_6' title='bbox 2689 275 2779 332; x_wconf 87' lang='lat' dir='ltr'><strong>Ill.</strong></span> 
     </span>
    </p>
   </div>
   <div class='ocr_carea' id='block_1_3' title="bbox 3603 274 3709 331">
    <p class='ocr_par' dir='ltr' id='par_1_3' title="bbox 3603 274 3709 331">
     <span class='ocr_line' id='line_1_3' title="bbox 3603 274 3709 331; baseline -0.009 0"><span class='ocrx_word' id='word_1_7' title='bbox 3603 274 3709 331; x_wconf 69' lang='lat'><strong>663</strong></span> 
     </span>
    </p>
   </div>
   <div class='ocr_carea' id='block_1_4' title="bbox 407 369 3703 460">
    <p class='ocr_par' dir='ltr' id='par_1_4' title="bbox 407 369 3703 460">
     <span class='ocr_line' id='line_1_4' title="bbox 407 369 3703 460; baseline -0.004 -9"><span class='ocrx_word' id='word_1_8' title='bbox 407 401 598 452; x_wconf 88' lang='lat' dir='ltr'><strong>contra</strong></span> <span class='ocrx_word' id='word_1_9' title='bbox 627 391 734 448; x_wconf 84' lang='lat' dir='ltr'><strong>illis</strong></span> <span class='ocrx_word' id='word_1_10' title='bbox 762 405 830 447; x_wconf 82' lang='lat' dir='ltr'><strong>ex</strong></span> <span class='ocrx_word' id='word_1_11' title='bbox 857 404 956 447; x_wconf 90' lang='lat' dir='ltr'><strong>suo</strong></span> <span class='ocrx_word' id='word_1_12' title='bbox 987 370 1243 460; x_wconf 75' lang='lat' dir='ltr'><strong>pestifero</strong></span> <span class='ocrx_word' id='word_1_13' title='bbox 1262 400 1423 444; x_wconf 87' lang='lat' dir='ltr'><strong>sensu</strong></span> <span class='ocrx_word' id='word_1_14' title='bbox 1454 387 1780 459; x_wconf 87' lang='lat' dir='ltr'><strong>applicabat,</strong></span> <span class='ocrx_word' id='word_1_15' title='bbox 1805 388 2002 459; x_wconf 78' lang='lat' dir='ltr'><strong>quibus</strong></span> <span class='ocrx_word' id='word_1_16' title='bbox 2027 392 2084 454; x_wconf 79' lang='grc' dir='ltr'><strong>Α</strong></span> <span class='ocrx_word' id='word_1_17' title='bbox 2106 401 2228 454; x_wconf 89' lang='lat' dir='ltr'><strong>nus,</strong></span> <span class='ocrx_word' id='word_1_18' title='bbox 2258 389 2311 442; x_wconf 88' lang='lat' dir='ltr'><strong>in</strong></span> <span class='ocrx_word' id='word_1_19' title='bbox 2342 386 2458 459; x_wconf 85' lang='lat' dir='ltr'><strong>ipsa</strong></span> <span class='ocrx_word' id='word_1_20' title='bbox 2483 388 2753 444; x_wconf 73' lang='lat' dir='ltr'><strong>sententia</strong></span> <span class='ocrx_word' id='word_1_21' title='bbox 2777 398 2941 441; x_wconf 86' lang='lat' dir='ltr'><strong>manu</strong></span> <span class='ocrx_word' id='word_1_22' title='bbox 2965 384 3185 456; x_wconf 86' lang='lat' dir='ltr'><strong>propria</strong></span> <span class='ocrx_word' id='word_1_23' title='bbox 3224 369 3666 456; x_wconf 76' lang='lat' dir='ltr'><strong>conscripserunt</strong></span> <span class='ocrx_word' id='word_1_24' title='bbox 3690 404 3703 440; x_wconf 91' lang='lat'><strong>:</strong></span> 
     </span>
    </p>
   </div>
   <div class='ocr_carea' id='block_1_5' title="bbox 407 478 2003 554">
    <p class='ocr_par' dir='ltr' id='par_1_5' title="bbox 407 478 2003 554">
     <span class='ocr_line' id='line_1_5' title="bbox 407 478 2003 554; baseline -0.006 -10"><span class='ocrx_word' id='word_1_25' title='bbox 407 503 476 545; x_wconf 80' lang='lat' dir='ltr'><strong>ex</strong></span> <span class='ocrx_word' id='word_1_26' title='bbox 518 485 680 543; x_wconf 84' lang='lat' dir='ltr'><strong>rebus</strong></span> <span class='ocrx_word' id='word_1_27' title='bbox 721 492 914 554; x_wconf 84' lang='lat' dir='ltr'><strong>aperte</strong></span> <span class='ocrx_word' id='word_1_28' title='bbox 966 480 1360 551; x_wconf 78' lang='lat' dir='ltr'><strong>manifesteque</strong></span> <span class='ocrx_word' id='word_1_29' title='bbox 1400 478 1642 535; x_wconf 89' lang='lat' dir='ltr'><strong>constitit</strong></span> <span class='ocrx_word' id='word_1_30' title='bbox 1691 478 2003 535; x_wconf 62' lang='lat' dir='ltr'><strong>hmreticus.</strong></span> 
     </span>
    </p>
   </div>
   <div class='ocr_carea' id='block_1_6' title="bbox 408 566 2007 652">
    <p class='ocr_par' dir='ltr' id='par_1_6' title="bbox 408 566 2007 652">
     <span class='ocr_line' id='line_1_6' title="bbox 408 566 2007 652; baseline -0.006 -15"><span class='ocrx_word' id='word_1_31' title='bbox 408 579 622 652; x_wconf 82' lang='lat' dir='ltr'><strong>Quique</strong></span> <span class='ocrx_word' id='word_1_32' title='bbox 676 575 1009 635; x_wconf 87' lang='lat' dir='ltr'><strong>assertiones</strong></span> <span class='ocrx_word' id='word_1_33' title='bbox 1077 566 1204 629; x_wconf 78' lang='lat' dir='ltr'><strong>suas</strong></span> <span class='ocrx_word' id='word_1_34' title='bbox 1264 570 1587 644; x_wconf 84' lang='lat' dir='ltr'><strong>quibusdam</strong></span> <span class='ocrx_word' id='word_1_35' title='bbox 1665 571 2007 643; x_wconf 87' lang='lat' dir='ltr'><strong>squaloribus</strong></span> 
     </span>
    </p>
   </div>
   <div class='ocr_carea' id='block_1_7' title="bbox 410 664 2006 737">
    <p class='ocr_par' dir='ltr' id='par_1_7' title="bbox 410 664 2006 737">
     <span class='ocr_line' id='line_1_7' title="bbox 410 664 2006 737; baseline -0.007 -8"><span class='ocrx_word' id='word_1_36' title='bbox 410 672 675 737; x_wconf 85' lang='lat' dir='ltr'><strong>miscens,</strong></span> <span class='ocrx_word' id='word_1_37' title='bbox 729 681 871 725; x_wconf 84' lang='lat' dir='ltr'><strong>nunc</strong></span> <span class='ocrx_word' id='word_1_38' title='bbox 917 664 1237 723; x_wconf 79' lang='lat' dir='ltr'><strong>ialsitatibus</strong></span> <span class='ocrx_word' id='word_1_39' title='bbox 1289 664 1535 732; x_wconf 86' lang='lat' dir='ltr'><strong>Sabellii,</strong></span> <span class='ocrx_word' id='word_1_40' title='bbox 1592 678 1734 720; x_wconf 91' lang='lat' dir='ltr'><strong>nunc</strong></span> <span class='ocrx_word' id='word_1_41' title='bbox 1787 664 2006 720; x_wconf 64' lang='lat' dir='ltr'><strong>malitia</strong></span> 
     </span>
    </p>
   </div>
   <div class='ocr_carea' id='block_1_8' title="bbox 407 756 2008 827">
    <p class='ocr_par' dir='ltr' id='par_1_8' title="bbox 407 756 2008 827">
     <span class='ocr_line' id='line_1_8' title="bbox 407 756 2008 827; baseline -0.006 -5"><span class='ocrx_word' id='word_1_42' title='bbox 407 764 562 822; x_wconf 85' lang='lat' dir='ltr'><strong>Pauli</strong></span> <span class='ocrx_word' id='word_1_43' title='bbox 591 759 1022 822; x_wconf 83' lang='lat' dir='ltr'><strong>Samosatensis,</strong></span> <span class='ocrx_word' id='word_1_44' title='bbox 1063 772 1205 814; x_wconf 91' lang='lat' dir='ltr'><strong>nunc</strong></span> <span class='ocrx_word' id='word_1_45' title='bbox 1234 756 1581 827; x_wconf 86' lang='lat' dir='ltr'><strong>blasphemiis</strong></span> <span class='ocrx_word' id='word_1_46' title='bbox 1617 757 1853 812; x_wconf 77' lang='lat' dir='ltr'><strong>Montani</strong></span> <span class='ocrx_word' id='word_1_47' title='bbox 1896 756 2008 812; x_wconf 80' lang='lat' dir='ltr'><strong>hae-</strong></span> 
     </span>
    </p>
   </div>
   <div class='ocr_carea' id='block_1_9' title="bbox 411 849 2008 920">
    <p class='ocr_par' dir='ltr' id='par_1_9' title="bbox 411 849 2008 920">
     <span class='ocr_line' id='line_1_9' title="bbox 411 849 2008 920; baseline -0.006 -7"><span class='ocrx_word' id='word_1_48' title='bbox 411 855 703 914; x_wconf 86' lang='lat' dir='ltr'><strong>reticorum</strong></span> <span class='ocrx_word' id='word_1_49' title='bbox 727 854 971 910; x_wconf 89' lang='lat' dir='ltr'><strong>omnium</strong></span> <span class='ocrx_word' id='word_1_50' title='bbox 997 850 1149 906; x_wconf 88' lang='lat' dir='ltr'><strong>ducis</strong></span> <span class='ocrx_word' id='word_1_51' title='bbox 1193 859 1380 919; x_wconf 88' lang='lat' dir='ltr'><strong>aperte</strong></span> <span class='ocrx_word' id='word_1_52' title='bbox 1428 849 1780 920; x_wconf 84' lang='lat' dir='ltr'><strong>permiscens,</strong></span> <span class='ocrx_word' id='word_1_53' title='bbox 1817 865 2008 904; x_wconf 88' lang='lat' dir='ltr'><strong>unam-</strong></span> 
     </span>
    </p>
   </div>
   <div class='ocr_carea' id='block_1_10' title="bbox 410 940 2008 1020">
    <p class='ocr_par' dir='ltr' id='par_1_10' title="bbox 410 940 2008 1020">
     <span class='ocr_line' id='line_1_10' title="bbox 410 940 2008 1020; baseline -0.006 -14"><span class='ocrx_word' id='word_1_54' title='bbox 410 964 518 1020; x_wconf 92' lang='lat' dir='ltr'><strong>que</strong></span> <span class='ocrx_word' id='word_1_55' title='bbox 541 946 910 1003; x_wconf 79' lang='lat' dir='ltr'><strong>confusionem</strong></span> <span class='ocrx_word' id='word_1_56' title='bbox 934 943 1002 999; x_wconf 88' lang='lat' dir='ltr'><strong>de</strong></span> <span class='ocrx_word' id='word_1_57' title='bbox 1023 940 1349 1012; x_wconf 81' lang='lat' dir='ltr'><strong>supradictis</strong></span> <span class='ocrx_word' id='word_1_58' title='bbox 1371 940 1594 1006; x_wconf 79' lang='lat' dir='ltr'><strong>iaciens,</strong></span> <span class='ocrx_word' id='word_1_59' title='bbox 1616 950 1673 995; x_wconf 91' lang='lat' dir='ltr'><strong>ut</strong></span> <span class='ocrx_word' id='word_1_60' title='bbox 1693 940 2008 1011; x_wconf 83' lang='lat' dir='ltr'><strong>imprudens</strong></span> 
     </span>
    </p>
   </div>
   <div class='ocr_carea' id='block_1_11' title="bbox 411 1033 2008 1106">
    <p class='ocr_par' dir='ltr' id='par_1_11' title="bbox 411 1033 2008 1106">
     <span class='ocr_line' id='line_1_11' title="bbox 411 1033 2008 1106; baseline -0.006 -8"><span class='ocrx_word' id='word_1_61' title='bbox 411 1042 606 1100; x_wconf 79' lang='lat' dir='ltr'><strong>Galate</strong></span> <span class='ocrx_word' id='word_1_62' title='bbox 631 1042 687 1097; x_wconf 89' lang='lat' dir='ltr'><strong>iu</strong></span> <span class='ocrx_word' id='word_1_63' title='bbox 718 1038 863 1094; x_wconf 84' lang='lat' dir='ltr'><strong>aliud</strong></span> <span class='ocrx_word' id='word_1_64' title='bbox 907 1036 1252 1106; x_wconf 84' lang='lat' dir='ltr'><strong>Evsngeliutn</strong></span> <span class='ocrx_word' id='word_1_65' title='bbox 1283 1033 1590 1097; x_wconf 89' lang='lat' dir='ltr'><strong>declinavit.</strong></span> <span class='ocrx_word' id='word_1_66' title='bbox 1622 1033 1763 1104; x_wconf 82' lang='lat' dir='ltr'><strong>quod</strong></span> <span class='ocrx_word' id='word_1_67' title='bbox 1787 1048 1896 1089; x_wconf 93' lang='lat' dir='ltr'><strong>non</strong></span> <span class='ocrx_word' id='word_1_68' title='bbox 1922 1044 2008 1089; x_wconf 91' lang='lat' dir='ltr'><strong>est</strong></span> 
     </span>
    </p>
   </div>
   <div class='ocr_carea' id='block_1_12' title="bbox 410 1126 2008 1200">
    <p class='ocr_par' dir='ltr' id='par_1_12' title="bbox 410 1126 2008 1200">
     <span class='ocr_line' id='line_1_12' title="bbox 410 1126 2008 1200; baseline -0.006 -10"><span class='ocrx_word' id='word_1_69' title='bbox 410 1134 575 1200; x_wconf 89' lang='lat' dir='ltr'><strong>aliud,</strong></span> <span class='ocrx_word' id='word_1_70' title='bbox 604 1130 903 1188; x_wconf 89' lang='lat' dir='ltr'><strong>secundum</strong></span> <span class='ocrx_word' id='word_1_71' title='bbox 932 1127 1077 1199; x_wconf 82' lang='lat' dir='ltr'><strong>quod</strong></span> <span class='ocrx_word' id='word_1_72' title='bbox 1119 1128 1307 1184; x_wconf 82' lang='lat' dir='ltr'><strong>beatus</strong></span> <span class='ocrx_word' id='word_1_73' title='bbox 1355 1126 1550 1181; x_wconf 85' lang='lat' dir='ltr'><strong>Paulus</strong></span> <span class='ocrx_word' id='word_1_74' title='bbox 1590 1126 1724 1181; x_wconf 86' lang='lat' dir='ltr'><strong>tales</strong></span> <span class='ocrx_word' id='word_1_75' title='bbox 1749 1127 2008 1181; x_wconf 88' lang='lat' dir='ltr'><strong>condem-</strong></span> 
     </span>
    </p>
   </div>
   <div class='ocr_carea' id='block_1_13' title="bbox 406 1216 2010 1294">
    <p class='ocr_par' dir='ltr' id='par_1_13' title="bbox 406 1216 2010 1294">
     <span class='ocr_line' id='line_1_13' title="bbox 406 1216 2010 1294; baseline -0.006 -12"><span class='ocrx_word' id='word_1_76' title='bbox 406 1241 544 1282; x_wconf 87' lang='lat' dir='ltr'><strong>nans</strong></span> <span class='ocrx_word' id='word_1_77' title='bbox 571 1225 643 1279; x_wconf 89' lang='lat' dir='ltr'><strong>ait</strong></span> <span class='ocrx_word' id='word_1_78' title='bbox 688 1239 701 1279; x_wconf 89' lang='lat'><strong>:</strong></span> <span class='ocrx_word' id='word_1_79' title='bbox 744 1219 856 1276; x_wconf 85' lang='lat' dir='ltr'><strong>Etsi</strong></span> <span class='ocrx_word' id='word_1_80' title='bbox 883 1219 1098 1294; x_wconf 78' lang='lat' dir='ltr'><strong>angelus</strong></span> <span class='ocrx_word' id='word_1_81' title='bbox 1148 1218 1214 1273; x_wconf 85' lang='lat' dir='ltr'><strong>dc</strong></span> <span class='ocrx_word' id='word_1_82' title='bbox 1256 1217 1382 1272; x_wconf 69' lang='lat' dir='ltr'><strong>caelo</strong></span> <span class='ocrx_word' id='word_1_83' title='bbox 1434 1216 1583 1271; x_wconf 87' lang='lat' dir='ltr'><strong>aliter</strong></span> <span class='ocrx_word' id='word_1_84' title='bbox 1631 1217 2010 1272; x_wconf 84' lang='lat' dir='ltr'><strong>annuntiaverit</strong></span> 
     </span>
    </p>
   </div>
   <div class='ocr_carea' id='block_1_14' title="bbox 407 1307 2004 1388">
    <p class='ocr_par' dir='ltr' id='par_1_14' title="bbox 407 1307 2004 1388">
     <span class='ocr_line' id='line_1_14' title="bbox 407 1307 2004 1388; baseline -0.006 -14"><span class='ocrx_word' id='word_1_85' title='bbox 407 1318 547 1373; x_wconf 88' lang='lat' dir='ltr'><strong>vobis</strong></span> <span class='ocrx_word' id='word_1_86' title='bbox 597 1330 752 1388; x_wconf 80' lang='lat' dir='ltr'><strong>quam</strong></span> <span class='ocrx_word' id='word_1_87' title='bbox 825 1312 962 1385; x_wconf 81' lang='lat' dir='ltr'><strong>quod</strong></span> <span class='ocrx_word' id='word_1_88' title='bbox 1027 1310 1294 1382; x_wconf 82' lang='lat' dir='ltr'><strong>accepistis</strong></span> <span class='ocrx_word' id='word_1_89' title='bbox 1315 1350 1330 1376; x_wconf 96' lang='lat'><strong>,</strong></span> <span class='ocrx_word' id='word_1_90' title='bbox 1394 1310 1668 1364; x_wconf 80' lang='lat' dir='ltr'><strong>anathema</strong></span> <span class='ocrx_word' id='word_1_91' title='bbox 1726 1310 1793 1365; x_wconf 82' lang='lat' dir='ltr'><strong>sit</strong></span> <span class='ocrx_word' id='word_1_92' title='bbox 1839 1307 2004 1383; x_wconf 83' lang='lat' dir='ltr'><strong>(Gal.</strong></span> 
     </span>
    </p>
   </div>
   <div class='ocr_carea' id='block_1_15' title="bbox 406 1410 608 1482">
    <p class='ocr_par' dir='ltr' id='par_1_15' title="bbox 406 1410 608 1482">
     <span class='ocr_line' id='line_1_15' title="bbox 406 1410 608 1482; baseline -0.02 -13"><span class='ocrx_word' id='word_1_93' title='bbox 406 1427 467 1482; x_wconf 79' lang='grc' dir='ltr'><strong>ι,</strong></span> <span class='ocrx_word' id='word_1_94' title='bbox 514 1410 608 1482; x_wconf 83' lang='grc'><strong>8).</strong></span> 
     </span>
    </p>
   </div>
   <div class='ocr_carea' id='block_1_16' title="bbox 477 1492 2010 1572">
    <p class='ocr_par' dir='ltr' id='par_1_16' title="bbox 477 1492 2010 1572">
     <span class='ocr_line' id='line_1_16' title="bbox 477 1492 2010 1572; baseline -0.005 -13"><span class='ocrx_word' id='word_1_95' title='bbox 477 1503 535 1560; x_wconf 76' lang='lat'><strong>3.</strong></span> <span class='ocrx_word' id='word_1_96' title='bbox 565 1499 747 1555; x_wconf 84' lang='lat' dir='ltr'><strong>Prima</strong></span> <span class='ocrx_word' id='word_1_97' title='bbox 768 1497 1002 1572; x_wconf 83' lang='lat' dir='ltr'><strong>ejusdem</strong></span> <span class='ocrx_word' id='word_1_98' title='bbox 1034 1494 1410 1550; x_wconf 79' lang='lat' dir='ltr'><strong>condemnatio.</strong></span> <span class='ocrx_word' id='word_1_99' title='bbox 1434 1492 1465 1547; x_wconf 87' lang='lat'><em>1</em></span> <span class='ocrx_word' id='word_1_100' title='bbox 1471 1510 1506 1549; x_wconf 84' lang='grc' dir='ltr'><em>η</em></span> <span class='ocrx_word' id='word_1_101' title='bbox 1529 1494 1737 1550; x_wconf 79' lang='lat' dir='ltr'><strong>archiva</strong></span> <span class='ocrx_word' id='word_1_102' title='bbox 1764 1495 2010 1552; x_wconf 66' lang='lat' dir='ltr'><strong>Ecclesia</strong></span> 
     </span>
    </p>
   </div>
   <div class='ocr_carea' id='block_1_17' title="bbox 406 1587 2007 1662">
    <p class='ocr_par' dir='ltr' id='par_1_17' title="bbox 406 1587 2007 1662">
     <span class='ocr_line' id='line_1_17' title="bbox 406 1587 2007 1662; baseline -0.004 -10"><span class='ocrx_word' id='word_1_103' title='bbox 406 1603 696 1652; x_wconf 71' lang='lat' dir='ltr'><strong>asseruntur</strong></span> <span class='ocrx_word' id='word_1_104' title='bbox 721 1591 975 1647; x_wconf 65' lang='lat' dir='ltr'><strong>doctrina!</strong></span> <span class='ocrx_word' id='word_1_105' title='bbox 1000 1589 1166 1662; x_wconf 75' lang='lat' dir='ltr'><strong>ipsius</strong></span> <span class='ocrx_word' id='word_1_106' title='bbox 1191 1603 1431 1644; x_wconf 75' lang='lat' dir='ltr'><strong>censura.</strong></span> <span class='ocrx_word' id='word_1_107' title='bbox 1481 1616 1553 1630; x_wconf 88' lang='lat'><strong>-—-</strong></span> <span class='ocrx_word' id='word_1_108' title='bbox 1591 1587 1778 1659; x_wconf 78' lang='lat' dir='ltr'><strong>Magna</strong></span> <span class='ocrx_word' id='word_1_109' title='bbox 1825 1598 2007 1646; x_wconf 89' lang='lat' dir='ltr'><strong>autem</strong></span> 
     </span>
    </p>
   </div>
   <div class='ocr_carea' id='block_1_18' title="bbox 407 1680 2010 1760">
    <p class='ocr_par' dir='ltr' id='par_1_18' title="bbox 407 1680 2010 1760">
     <span class='ocr_line' id='line_1_18' title="bbox 407 1680 2010 1760; baseline -0.004 -15"><span class='ocrx_word' id='word_1_110' title='bbox 407 1689 507 1745; x_wconf 82' lang='lat' dir='ltr'><strong>fuit</strong></span> <span class='ocrx_word' id='word_1_111' title='bbox 532 1686 847 1760; x_wconf 83' lang='lat' dir='ltr'><strong>parentibus</strong></span> <span class='ocrx_word' id='word_1_112' title='bbox 866 1694 1027 1754; x_wconf 89' lang='lat' dir='ltr'><strong>atque</strong></span> <span class='ocrx_word' id='word_1_113' title='bbox 1052 1680 1351 1752; x_wconf 81' lang='lat' dir='ltr'><strong>majoribus</strong></span> <span class='ocrx_word' id='word_1_114' title='bbox 1375 1681 1576 1737; x_wconf 89' lang='lat' dir='ltr'><strong>nostris</strong></span> <span class='ocrx_word' id='word_1_115' title='bbox 1600 1680 1911 1737; x_wconf 88' lang='lat' dir='ltr'><strong>sollicitudo</strong></span> <span class='ocrx_word' id='word_1_116' title='bbox 1939 1681 2010 1738; x_wconf 90' lang='lat' dir='ltr'><strong>de</strong></span> 
     </span>
    </p>
   </div>
   <div class='ocr_carea' id='block_1_19' title="bbox 2109 476 3703 548">
    <p class='ocr_par' dir='ltr' id='par_1_19' title="bbox 2109 476 3703 548">
     <span class='ocr_line' id='line_1_19' title="bbox 2109 476 3703 548; baseline -0.003 -13"><span class='ocrx_word' id='word_1_117' title='bbox 2109 493 2340 548; x_wconf 87' lang='lat' dir='ltr'><strong>quorum</strong></span> <span class='ocrx_word' id='word_1_118' title='bbox 2381 492 2576 534; x_wconf 87' lang='lat' dir='ltr'><strong>manus</strong></span> <span class='ocrx_word' id='word_1_119' title='bbox 2615 477 2802 534; x_wconf 79' lang='lat' dir='ltr'><strong>valens</strong></span> <span class='ocrx_word' id='word_1_120' title='bbox 2842 485 3091 544; x_wconf 82' lang='lat' dir='ltr'><strong>testatur,</strong></span> <span class='ocrx_word' id='word_1_121' title='bbox 3118 476 3278 533; x_wconf 83' lang='lat' dir='ltr'><strong>(idem</strong></span> <span class='ocrx_word' id='word_1_122' title='bbox 3307 476 3703 534; x_wconf 85' lang='lat' dir='ltr'><strong>sanctissimam</strong></span> 
     </span>
    </p>
   </div>
   <div class='ocr_carea' id='block_1_20' title="bbox 2108 569 3711 643">
    <p class='ocr_par' dir='ltr' id='par_1_20' title="bbox 2108 569 3711 643">
     <span class='ocr_line' id='line_1_20' title="bbox 2108 569 3711 643; baseline 0 -17"><span class='ocrx_word' id='word_1_123' title='bbox 2108 570 2260 627; x_wconf 90' lang='lat' dir='ltr'><strong>nullo</strong></span> <span class='ocrx_word' id='word_1_124' title='bbox 2280 586 2477 643; x_wconf 79' lang='lat' dir='ltr'><strong>genere</strong></span> <span class='ocrx_word' id='word_1_125' title='bbox 2494 571 2831 638; x_wconf 85' lang='lat' dir='ltr'><strong>mutandam,</strong></span> <span class='ocrx_word' id='word_1_126' title='bbox 2851 585 2954 626; x_wconf 91' lang='lat' dir='ltr'><strong>nec</strong></span> <span class='ocrx_word' id='word_1_127' title='bbox 2973 569 3275 627; x_wconf 76' lang='lat' dir='ltr'><strong>Ecclesium</strong></span> <span class='ocrx_word' id='word_1_128' title='bbox 3299 579 3541 627; x_wconf 83' lang='lat' dir='ltr'><strong>sanctam</strong></span> <span class='ocrx_word' id='word_1_129' title='bbox 3570 586 3711 642; x_wconf 85' lang='lat' dir='ltr'><strong>pra:-</strong></span> 
     </span>
    </p>
   </div>
   <div class='ocr_carea' id='block_1_21' title="bbox 2108 662 3706 733">
    <p class='ocr_par' dir='ltr' id='par_1_21' title="bbox 2108 662 3706 733">
     <span class='ocr_line' id='line_1_21' title="bbox 2108 662 3706 733; baseline -0.001 -14"><span class='ocrx_word' id='word_1_130' title='bbox 2108 663 2380 720; x_wconf 88' lang='lat' dir='ltr'><strong>dicatione</strong></span> <span class='ocrx_word' id='word_1_131' title='bbox 2434 662 2571 720; x_wconf 78' lang='lat' dir='ltr'><strong>falsa</strong></span> <span class='ocrx_word' id='word_1_132' title='bbox 2627 663 3046 719; x_wconf 87' lang='lat' dir='ltr'><strong>subvertendam</strong></span> <span class='ocrx_word' id='word_1_133' title='bbox 3071 679 3087 729; x_wconf 85' lang='lat'><strong>;</strong></span> <span class='ocrx_word' id='word_1_134' title='bbox 3110 677 3180 719; x_wconf 91' lang='lat' dir='ltr'><strong>ne</strong></span> <span class='ocrx_word' id='word_1_135' title='bbox 3202 662 3308 720; x_wconf 84' lang='lat' dir='ltr'><strong>hoc</strong></span> <span class='ocrx_word' id='word_1_136' title='bbox 3349 663 3514 720; x_wconf 88' lang='lat' dir='ltr'><strong>modo</strong></span> <span class='ocrx_word' id='word_1_137' title='bbox 3540 665 3706 733; x_wconf 80' lang='lat' dir='ltr'><strong>pestis</strong></span> 
     </span>
    </p>
   </div>
   <div class='ocr_carea' id='block_1_22' title="bbox 2107 757 3705 829">
    <p class='ocr_par' dir='ltr' id='par_1_22' title="bbox 2107 757 3705 829">
     <span class='ocr_line' id='line_1_22' title="bbox 2107 757 3705 829; baseline -0.002 -15"><span class='ocrx_word' id='word_1_138' title='bbox 2107 773 2173 815; x_wconf 88' lang='lat' dir='ltr'><strong>ac</strong></span> <span class='ocrx_word' id='word_1_139' title='bbox 2200 759 2319 815; x_wconf 91' lang='lat' dir='ltr'><strong>lues</strong></span> <span class='ocrx_word' id='word_1_140' title='bbox 2348 758 2655 814; x_wconf 91' lang='lat' dir='ltr'><strong>animarum</strong></span> <span class='ocrx_word' id='word_1_141' title='bbox 2701 757 2955 812; x_wconf 90' lang='lat' dir='ltr'><strong>omnibus</strong></span> <span class='ocrx_word' id='word_1_142' title='bbox 2998 757 3316 829; x_wconf 87' lang='lat' dir='ltr'><strong>gravissima</strong></span> <span class='ocrx_word' id='word_1_143' title='bbox 3362 757 3705 827; x_wconf 85' lang='lat' dir='ltr'><strong>importetur,</strong></span> 
     </span>
    </p>
   </div>
   <div class='ocr_carea' id='block_1_23' title="bbox 2108 849 3709 921">
    <p class='ocr_par' dir='ltr' id='par_1_23' title="bbox 2108 849 3709 921">
     <span class='ocr_line' id='line_1_23' title="bbox 2108 849 3709 921; baseline -0.002 -15"><span class='ocrx_word' id='word_1_144' title='bbox 2108 852 2278 907; x_wconf 87' lang='lat' dir='ltr'><strong>Paulo</strong></span> <span class='ocrx_word' id='word_1_145' title='bbox 2307 851 2561 907; x_wconf 87' lang='lat' dir='ltr'><strong>dicente:</strong></span> <span class='ocrx_word' id='word_1_146' title='bbox 2591 850 2714 905; x_wconf 86' lang='lat' dir='ltr'><strong>Sive</strong></span> <span class='ocrx_word' id='word_1_147' title='bbox 2756 865 2874 916; x_wconf 90' lang='lat' dir='ltr'><strong>nos,</strong></span> <span class='ocrx_word' id='word_1_148' title='bbox 2915 850 3019 904; x_wconf 87' lang='lat' dir='ltr'><strong>sive</strong></span> <span class='ocrx_word' id='word_1_149' title='bbox 3046 849 3260 921; x_wconf 80' lang='lat' dir='ltr'><strong>angelus</strong></span> <span class='ocrx_word' id='word_1_150' title='bbox 3287 849 3351 904; x_wconf 83' lang='lat' dir='ltr'><strong>de</strong></span> <span class='ocrx_word' id='word_1_151' title='bbox 3393 850 3520 904; x_wconf 71' lang='lat' dir='ltr'><strong>catlo</strong></span> <span class='ocrx_word' id='word_1_152' title='bbox 3556 850 3709 903; x_wconf 79' lang='lat' dir='ltr'><strong>aliter</strong></span> 
     </span>
    </p>
   </div>
   <div class='ocr_carea' id='block_1_24' title="bbox 2108 939 3708 1013">
    <p class='ocr_par' dir='ltr' id='par_1_24' title="bbox 2108 939 3708 1013">
     <span class='ocr_line' id='line_1_24' title="bbox 2108 939 3708 1013; baseline -0.001 -16"><span class='ocrx_word' id='word_1_153' title='bbox 2108 943 2489 998; x_wconf 85' lang='lat' dir='ltr'><strong>annuntiaverit</strong></span> <span class='ocrx_word' id='word_1_154' title='bbox 2528 942 2667 996; x_wconf 86' lang='lat' dir='ltr'><strong>vobis</strong></span> <span class='ocrx_word' id='word_1_155' title='bbox 2714 957 2870 1011; x_wconf 86' lang='lat' dir='ltr'><strong>quam</strong></span> <span class='ocrx_word' id='word_1_156' title='bbox 2917 940 3057 1013; x_wconf 74' lang='lat' dir='ltr'><strong>quod</strong></span> <span class='ocrx_word' id='word_1_157' title='bbox 3096 941 3386 1010; x_wconf 86' lang='lat' dir='ltr'><strong>accepistis,</strong></span> <span class='ocrx_word' id='word_1_158' title='bbox 3434 939 3708 995; x_wconf 83' lang='lat' dir='ltr'><strong>anathema</strong></span> 
     </span>
    </p>
   </div>
   <div class='ocr_carea' id='block_1_25' title="bbox 2111 1032 2548 1108">
    <p class='ocr_par' dir='ltr' id='par_1_25' title="bbox 2111 1032 2548 1108">
     <span class='ocr_line' id='line_1_25' title="bbox 2111 1032 2548 1108; baseline -0.002 -16"><span class='ocrx_word' id='word_1_159' title='bbox 2111 1038 2179 1092; x_wconf 85' lang='lat' dir='ltr'><strong>sit</strong></span> <span class='ocrx_word' id='word_1_160' title='bbox 2205 1035 2374 1108; x_wconf 79' lang='lat' dir='ltr'><strong>(Gttl.,</strong></span> <span class='ocrx_word' id='word_1_161' title='bbox 2399 1052 2438 1101; x_wconf 89' lang='lat' dir='ltr'><strong>I,</strong></span> <span class='ocrx_word' id='word_1_162' title='bbox 2468 1032 2548 1102; x_wconf 89' lang='lat'><strong>8).</strong></span> 
     </span>
    </p>
   </div>
   <div class='ocr_carea' id='block_1_26' title="bbox 2178 1126 3708 1199">
    <p class='ocr_par' dir='ltr' id='par_1_26' title="bbox 2178 1126 3708 1199">
     <span class='ocr_line' id='line_1_26' title="bbox 2178 1126 3708 1199; baseline -0.003 -15"><span class='ocrx_word' id='word_1_163' title='bbox 2178 1129 2235 1185; x_wconf 73' lang='grc'><strong>4.</strong></span> <span class='ocrx_word' id='word_1_164' title='bbox 2265 1128 2546 1184; x_wconf 82' lang='lat' dir='ltr'><strong>Marcellus</strong></span> <span class='ocrx_word' id='word_1_165' title='bbox 2574 1129 2849 1183; x_wconf 87' lang='lat' dir='ltr'><strong>damnatus</strong></span> <span class='ocrx_word' id='word_1_166' title='bbox 2873 1145 2907 1182; x_wconf 88' lang='lat' dir='ltr'><strong>a</strong></span> <span class='ocrx_word' id='word_1_167' title='bbox 2930 1127 3165 1199; x_wconf 84' lang='lat' dir='ltr'><strong>pluribus</strong></span> <span class='ocrx_word' id='word_1_168' title='bbox 3202 1126 3455 1197; x_wconf 85' lang='lat' dir='ltr'><strong>episcopis</strong></span> <span class='ocrx_word' id='word_1_169' title='bbox 3479 1128 3534 1181; x_wconf 87' lang='lat' dir='ltr'><strong>in</strong></span> <span class='ocrx_word' id='word_1_170' title='bbox 3568 1142 3708 1181; x_wconf 86' lang='lat' dir='ltr'><strong>cont-</strong></span> 
     </span>
    </p>
   </div>
   <div class='ocr_carea' id='block_1_27' title="bbox 2110 1219 3708 1294">
    <p class='ocr_par' dir='ltr' id='par_1_27' title="bbox 2110 1219 3708 1294">
     <span class='ocr_line' id='line_1_27' title="bbox 2110 1219 3708 1294; baseline -0.003 -15"><span class='ocrx_word' id='word_1_171' title='bbox 2110 1225 2405 1280; x_wconf 87' lang='lat' dir='ltr'><strong>munionem</strong></span> <span class='ocrx_word' id='word_1_172' title='bbox 2435 1224 2699 1294; x_wconf 81' lang='lat' dir='ltr'><strong>recipitur.</strong></span> <span class='ocrx_word' id='word_1_173' title='bbox 2722 1250 2796 1264; x_wconf 92' lang='lat'><strong>-—</strong></span> <span class='ocrx_word' id='word_1_174' title='bbox 2818 1221 3186 1278; x_wconf 79' lang='lat' dir='ltr'><strong>Vehementer</strong></span> <span class='ocrx_word' id='word_1_175' title='bbox 3221 1229 3400 1276; x_wconf 88' lang='lat' dir='ltr'><strong>autem</strong></span> <span class='ocrx_word' id='word_1_176' title='bbox 3454 1219 3708 1275; x_wconf 88' lang='lat' dir='ltr'><strong>admirati</strong></span> 
     </span>
    </p>
   </div>
   <div class='ocr_carea' id='block_1_28' title="bbox 2110 1313 3712 1388">
    <p class='ocr_par' dir='ltr' id='par_1_28' title="bbox 2110 1313 3712 1388">
     <span class='ocr_line' id='line_1_28' title="bbox 2110 1313 3712 1388; baseline -0.004 -15"><span class='ocrx_word' id='word_1_177' title='bbox 2110 1332 2318 1385; x_wconf 90' lang='lat' dir='ltr'><strong>sumus,</strong></span> <span class='ocrx_word' id='word_1_178' title='bbox 2346 1326 2613 1388; x_wconf 78' lang='lat' dir='ltr'><strong>quatenus</strong></span> <span class='ocrx_word' id='word_1_179' title='bbox 2642 1330 2796 1382; x_wconf 88' lang='lat' dir='ltr'><strong>eum,</strong></span> <span class='ocrx_word' id='word_1_180' title='bbox 2830 1314 2924 1384; x_wconf 89' lang='lat' dir='ltr'><strong>qui</strong></span> <span class='ocrx_word' id='word_1_181' title='bbox 2960 1315 3116 1370; x_wconf 81' lang='lat' dir='ltr'><strong>aliter</strong></span> <span class='ocrx_word' id='word_1_182' title='bbox 3145 1327 3306 1384; x_wconf 89' lang='lat' dir='ltr'><strong>quam</strong></span> <span class='ocrx_word' id='word_1_183' title='bbox 3352 1313 3407 1367; x_wconf 91' lang='lat' dir='ltr'><strong>in</strong></span> <span class='ocrx_word' id='word_1_184' title='bbox 3444 1326 3577 1368; x_wconf 91' lang='lat' dir='ltr'><strong>vero</strong></span> <span class='ocrx_word' id='word_1_185' title='bbox 3626 1321 3712 1367; x_wconf 89' lang='lat' dir='ltr'><strong>est</strong></span> 
     </span>
    </p>
   </div>
   <div class='ocr_carea' id='block_1_29' title="bbox 2110 1407 3708 1481">
    <p class='ocr_par' dir='ltr' id='par_1_29' title="bbox 2110 1407 3708 1481">
     <span class='ocr_line' id='line_1_29' title="bbox 2110 1407 3708 1481; baseline -0.003 -16"><span class='ocrx_word' id='word_1_186' title='bbox 2110 1410 2272 1467; x_wconf 89' lang='lat' dir='ltr'><strong>audet</strong></span> <span class='ocrx_word' id='word_1_187' title='bbox 2320 1411 2669 1481; x_wconf 86' lang='lat' dir='ltr'><strong>Evangelium</strong></span> <span class='ocrx_word' id='word_1_188' title='bbox 2711 1407 3007 1479; x_wconf 73' lang='lat' dir='ltr'><strong>praedicare</strong></span> <span class='ocrx_word' id='word_1_189' title='bbox 3031 1449 3048 1476; x_wconf 92' lang='lat'><strong>,</strong></span> <span class='ocrx_word' id='word_1_190' title='bbox 3104 1407 3321 1478; x_wconf 88' lang='lat' dir='ltr'><strong>quidam</strong></span> <span class='ocrx_word' id='word_1_191' title='bbox 3345 1447 3361 1474; x_wconf 94' lang='lat'><strong>,</strong></span> <span class='ocrx_word' id='word_1_192' title='bbox 3387 1408 3478 1477; x_wconf 90' lang='lat' dir='ltr'><strong>qui</strong></span> <span class='ocrx_word' id='word_1_193' title='bbox 3522 1421 3583 1462; x_wconf 90' lang='lat' dir='ltr'><strong>se</strong></span> <span class='ocrx_word' id='word_1_194' title='bbox 3619 1422 3708 1462; x_wconf 85' lang='lat' dir='ltr'><strong>ec-</strong></span> 
     </span>
    </p>
   </div>
   <div class='ocr_carea' id='block_1_30' title="bbox 2110 1501 3711 1568">
    <p class='ocr_par' dir='ltr' id='par_1_30' title="bbox 2110 1501 3711 1568">
     <span class='ocr_line' id='line_1_30' title="bbox 2110 1501 3711 1568; baseline -0.001 -10"><span class='ocrx_word' id='word_1_195' title='bbox 2110 1503 2445 1559; x_wconf 84' lang='lat' dir='ltr'><strong>clesiasticos</strong></span> <span class='ocrx_word' id='word_1_196' title='bbox 2490 1517 2613 1559; x_wconf 87' lang='lat' dir='ltr'><strong>esse</strong></span> <span class='ocrx_word' id='word_1_197' title='bbox 2638 1503 2848 1568; x_wconf 86' lang='lat' dir='ltr'><strong>volunt,</strong></span> <span class='ocrx_word' id='word_1_198' title='bbox 2871 1501 3030 1558; x_wconf 83' lang='lat' dir='ltr'><strong>facile</strong></span> <span class='ocrx_word' id='word_1_199' title='bbox 3053 1501 3122 1556; x_wconf 91' lang='lat' dir='ltr'><strong>ad</strong></span> <span class='ocrx_word' id='word_1_200' title='bbox 3159 1501 3596 1557; x_wconf 88' lang='lat' dir='ltr'><strong>communionem</strong></span> <span class='ocrx_word' id='word_1_201' title='bbox 3624 1515 3711 1557; x_wconf 85' lang='lat' dir='ltr'><strong>re-</strong></span> 
     </span>
    </p>
   </div>
   <div class='ocr_carea' id='block_1_31' title="bbox 2110 1592 3708 1667">
    <p class='ocr_par' dir='ltr' id='par_1_31' title="bbox 2110 1592 3708 1667">
     <span class='ocr_line' id='line_1_31' title="bbox 2110 1592 3708 1667; baseline -0.001 -17"><span class='ocrx_word' id='word_1_202' title='bbox 2110 1595 2349 1667; x_wconf 87' lang='lat' dir='ltr'><strong>cipiunt;</strong></span> <span class='ocrx_word' id='word_1_203' title='bbox 2383 1609 2485 1651; x_wconf 87' lang='lat' dir='ltr'><strong>nec</strong></span> <span class='ocrx_word' id='word_1_204' title='bbox 2531 1593 2897 1664; x_wconf 86' lang='lat' dir='ltr'><strong>blasphemias</strong></span> <span class='ocrx_word' id='word_1_205' title='bbox 2947 1594 3087 1663; x_wconf 84' lang='lat' dir='ltr'><strong>ejus,</strong></span> <span class='ocrx_word' id='word_1_206' title='bbox 3135 1608 3256 1663; x_wconf 68' lang='lat' dir='ltr'><strong>qua:</strong></span> <span class='ocrx_word' id='word_1_207' title='bbox 3280 1592 3338 1647; x_wconf 91' lang='lat' dir='ltr'><strong>in</strong></span> <span class='ocrx_word' id='word_1_208' title='bbox 3367 1592 3536 1663; x_wconf 87' lang='lat' dir='ltr'><strong>ipsius</strong></span> <span class='ocrx_word' id='word_1_209' title='bbox 3566 1592 3708 1648; x_wconf 88' lang='lat' dir='ltr'><strong>libro</strong></span> 
     </span>
    </p>
   </div>
   <div class='ocr_carea' id='block_1_32' title="bbox 2111 1684 3711 1758">
    <p class='ocr_par' dir='ltr' id='par_1_32' title="bbox 2111 1684 3711 1758">
     <span class='ocr_line' id='line_1_32' title="bbox 2111 1684 3711 1758; baseline -0.001 -16"><span class='ocrx_word' id='word_1_210' title='bbox 2111 1688 2336 1758; x_wconf 79' lang='lat' dir='ltr'><strong>signatae</strong></span> <span class='ocrx_word' id='word_1_211' title='bbox 2389 1696 2551 1753; x_wconf 92' lang='lat' dir='ltr'><strong>sunt,</strong></span> <span class='ocrx_word' id='word_1_212' title='bbox 2605 1687 2967 1757; x_wconf 84' lang='lat' dir='ltr'><strong>inquirentes,</strong></span> <span class='ocrx_word' id='word_1_213' title='bbox 3025 1700 3128 1742; x_wconf 91' lang='lat' dir='ltr'><strong>nec</strong></span> <span class='ocrx_word' id='word_1_214' title='bbox 3177 1685 3304 1752; x_wconf 90' lang='lat' dir='ltr'><strong>illis,</strong></span> <span class='ocrx_word' id='word_1_215' title='bbox 3337 1685 3429 1755; x_wconf 92' lang='lat' dir='ltr'><strong>qui</strong></span> <span class='ocrx_word' id='word_1_216' title='bbox 3479 1684 3711 1740; x_wconf 87' lang='lat' dir='ltr'><strong>sollicite</strong></span> 
     </span>
    </p>
   </div>
   <div class='ocr_carea' id='block_1_33' title="bbox 409 1774 3710 1854">
    <p class='ocr_par' dir='ltr' id='par_1_33' title="bbox 409 1774 3710 1854">
     <span class='ocr_line' id='line_1_33' title="bbox 409 1774 3710 1854; baseline -0.002 -15"><span class='ocrx_word' id='word_1_217' title='bbox 409 1781 723 1854; x_wconf 83' lang='lat' dir='ltr'><strong>supradicta</strong></span> <span class='ocrx_word' id='word_1_218' title='bbox 769 1777 1161 1849; x_wconf 66' lang='lat' dir='ltr'><strong>praedicatione</strong></span> <span class='ocrx_word' id='word_1_219' title='bbox 1186 1776 1471 1848; x_wconf 88' lang='lat' dir='ltr'><strong>sacrilega.</strong></span> <span class='ocrx_word' id='word_1_220' title='bbox 1508 1774 1827 1831; x_wconf 86' lang='lat' dir='ltr'><strong>Condicitur</strong></span> <span class='ocrx_word' id='word_1_221' title='bbox 1852 1791 2000 1831; x_wconf 83' lang='lat' dir='ltr'><strong>nam-</strong></span> <span class='ocrx_word' id='word_1_222' title='bbox 2033 1786 2082 1848; x_wconf 79' lang='grc' dir='ltr'><strong>Β</strong></span> <span class='ocrx_word' id='word_1_223' title='bbox 2109 1787 2299 1836; x_wconf 89' lang='lat' dir='ltr'><strong>cuncta</strong></span> <span class='ocrx_word' id='word_1_224' title='bbox 2329 1780 2810 1850; x_wconf 84' lang='lat' dir='ltr'><strong>investigaverunt,</strong></span> <span class='ocrx_word' id='word_1_225' title='bbox 2842 1788 2899 1833; x_wconf 90' lang='lat' dir='ltr'><strong>et</strong></span> <span class='ocrx_word' id='word_1_226' title='bbox 2947 1778 3289 1834; x_wconf 86' lang='lat' dir='ltr'><strong>invenientes</strong></span> <span class='ocrx_word' id='word_1_227' title='bbox 3313 1777 3459 1849; x_wconf 80' lang='lat' dir='ltr'><strong>justo</strong></span> <span class='ocrx_word' id='word_1_228' title='bbox 3488 1777 3710 1832; x_wconf 87' lang='lat' dir='ltr'><strong>damna-</strong></span> 
     </span>
    </p>
   </div>
   <div class='ocr_carea' id='block_1_34' title="bbox 407 1869 2006 1949">
    <p class='ocr_par' dir='ltr' id='par_1_34' title="bbox 407 1869 2006 1949">
     <span class='ocr_line' id='line_1_34' title="bbox 407 1869 2006 1949; baseline -0.004 -16"><span class='ocrx_word' id='word_1_229' title='bbox 407 1891 513 1949; x_wconf 83' lang='lat' dir='ltr'><strong>que</strong></span> <span class='ocrx_word' id='word_1_230' title='bbox 539 1876 651 1949; x_wconf 87' lang='lat' dir='ltr'><strong>(an.</strong></span> <span class='ocrx_word' id='word_1_231' title='bbox 705 1871 836 1945; x_wconf 74' lang='lat'><strong>556)</strong></span> <span class='ocrx_word' id='word_1_232' title='bbox 885 1873 938 1928; x_wconf 90' lang='lat' dir='ltr'><strong>in</strong></span> <span class='ocrx_word' id='word_1_233' title='bbox 988 1869 1517 1941; x_wconf 82' lang='lat' dir='ltr'><strong>Constantinopolim</strong></span> <span class='ocrx_word' id='word_1_234' title='bbox 1572 1869 1846 1926; x_wconf 86' lang='lat' dir='ltr'><strong>civitatem</strong></span> <span class='ocrx_word' id='word_1_235' title='bbox 1903 1870 2006 1926; x_wconf 86' lang='lat' dir='ltr'><strong>sub</strong></span> 
     </span>
    </p>
   </div>
   <div class='ocr_carea' id='block_1_35' title="bbox 408 1960 2005 2042">
    <p class='ocr_par' dir='ltr' id='par_1_35' title="bbox 408 1960 2005 2042">
     <span class='ocr_line' id='line_1_35' title="bbox 408 1960 2005 2042; baseline -0.006 -16"><span class='ocrx_word' id='word_1_236' title='bbox 408 1969 698 2042; x_wconf 65' lang='lat' dir='ltr'><strong>prasentia</strong></span> <span class='ocrx_word' id='word_1_237' title='bbox 725 1964 1056 2023; x_wconf 68' lang='lat' dir='ltr'><strong>beatissima:</strong></span> <span class='ocrx_word' id='word_1_238' title='bbox 1079 1963 1358 2020; x_wconf 76' lang='lat' dir='ltr'><strong>memoria:</strong></span> <span class='ocrx_word' id='word_1_239' title='bbox 1380 1960 1723 2018; x_wconf 84' lang='lat' dir='ltr'><strong>Constantini</strong></span> <span class='ocrx_word' id='word_1_240' title='bbox 1765 1962 2005 2033; x_wconf 86' lang='lat' dir='ltr'><strong>impera-</strong></span> 
     </span>
    </p>
   </div>
   <div class='ocr_carea' id='block_1_36' title="bbox 409 2053 2008 2131">
    <p class='ocr_par' dir='ltr' id='par_1_36' title="bbox 409 2053 2008 2131">
     <span class='ocr_line' id='line_1_36' title="bbox 409 2053 2008 2131; baseline -0.007 -11"><span class='ocrx_word' id='word_1_241' title='bbox 409 2058 544 2120; x_wconf 72' lang='lat' dir='ltr'><strong>to&#39;ris</strong></span> <span class='ocrx_word' id='word_1_242' title='bbox 596 2060 889 2119; x_wconf 85' lang='lat' dir='ltr'><strong>concilium</strong></span> <span class='ocrx_word' id='word_1_243' title='bbox 945 2060 1347 2131; x_wconf 88' lang='lat' dir='ltr'><strong>episcoporum,</strong></span> <span class='ocrx_word' id='word_1_244' title='bbox 1378 2056 1470 2127; x_wconf 88' lang='lat' dir='ltr'><strong>qui</strong></span> <span class='ocrx_word' id='word_1_245' title='bbox 1500 2071 1566 2112; x_wconf 77' lang='lat' dir='ltr'><strong>ex</strong></span> <span class='ocrx_word' id='word_1_246' title='bbox 1613 2055 1797 2111; x_wconf 92' lang='lat' dir='ltr'><strong>multis</strong></span> <span class='ocrx_word' id='word_1_247' title='bbox 1817 2053 2008 2111; x_wconf 90' lang='lat' dir='ltr'><strong>Orien-</strong></span> 
     </span>
    </p>
   </div>
   <div class='ocr_carea' id='block_1_37' title="bbox 407 2145 2008 2225">
    <p class='ocr_par' dir='ltr' id='par_1_37' title="bbox 407 2145 2008 2225">
     <span class='ocr_line' id='line_1_37' title="bbox 407 2145 2008 2225; baseline -0.006 -14"><span class='ocrx_word' id='word_1_248' title='bbox 407 2155 594 2211; x_wconf 82' lang='lat' dir='ltr'><strong>talium</strong></span> <span class='ocrx_word' id='word_1_249' title='bbox 625 2152 924 2225; x_wconf 78' lang='lat' dir='ltr'><strong>provinciis</strong></span> <span class='ocrx_word' id='word_1_250' title='bbox 953 2150 1314 2213; x_wconf 82' lang='lat' dir='ltr'><strong>advenerunt,</strong></span> <span class='ocrx_word' id='word_1_251' title='bbox 1345 2155 1404 2201; x_wconf 90' lang='lat' dir='ltr'><strong>ut</strong></span> <span class='ocrx_word' id='word_1_252' title='bbox 1431 2145 1709 2203; x_wconf 80' lang='lat' dir='ltr'><strong>hominem</strong></span> <span class='ocrx_word' id='word_1_253' title='bbox 1736 2145 1893 2202; x_wconf 88' lang='lat' dir='ltr'><strong>malis</strong></span> <span class='ocrx_word' id='word_1_254' title='bbox 1919 2160 2008 2203; x_wconf 73' lang='lat' dir='ltr'><strong>re-</strong></span> 
     </span>
    </p>
   </div>
   <div class='ocr_carea' id='block_1_38' title="bbox 406 2237 2006 2304">
    <p class='ocr_par' dir='ltr' id='par_1_38' title="bbox 406 2237 2006 2304">
     <span class='ocr_line' id='line_1_38' title="bbox 406 2237 2006 2304; baseline -0.005 -2"><span class='ocrx_word' id='word_1_255' title='bbox 406 2247 509 2303; x_wconf 91' lang='lat' dir='ltr'><strong>bus</strong></span> <span class='ocrx_word' id='word_1_256' title='bbox 532 2246 797 2302; x_wconf 90' lang='lat' dir='ltr'><strong>imbutum</strong></span> <span class='ocrx_word' id='word_1_257' title='bbox 822 2240 1029 2300; x_wconf 85' lang='lat' dir='ltr'><strong>salubri</strong></span> <span class='ocrx_word' id='word_1_258' title='bbox 1055 2240 1282 2297; x_wconf 87' lang='lat' dir='ltr'><strong>consilio</strong></span> <span class='ocrx_word' id='word_1_259' title='bbox 1308 2239 1689 2304; x_wconf 78' lang='lat' dir='ltr'><strong>reformarent,</strong></span> <span class='ocrx_word' id='word_1_260' title='bbox 1712 2245 1767 2294; x_wconf 91' lang='lat' dir='ltr'><strong>et</strong></span> <span class='ocrx_word' id='word_1_261' title='bbox 1790 2237 1883 2293; x_wconf 90' lang='lat' dir='ltr'><strong>ille</strong></span> <span class='ocrx_word' id='word_1_262' title='bbox 1910 2237 2006 2294; x_wconf 82' lang='lat' dir='ltr'><strong>ad-</strong></span> 
     </span>
    </p>
   </div>
   <div class='ocr_carea' id='block_1_39' title="bbox 407 2330 2006 2402">
    <p class='ocr_par' dir='ltr' id='par_1_39' title="bbox 407 2330 2006 2402">
     <span class='ocr_line' id='line_1_39' title="bbox 407 2330 2006 2402; baseline -0.006 -6"><span class='ocrx_word' id='word_1_263' title='bbox 407 2339 708 2396; x_wconf 89' lang='lat' dir='ltr'><strong>monitione</strong></span> <span class='ocrx_word' id='word_1_264' title='bbox 736 2336 1074 2392; x_wconf 89' lang='lat' dir='ltr'><strong>sanctissima</strong></span> <span class='ocrx_word' id='word_1_265' title='bbox 1113 2340 1396 2402; x_wconf 85' lang='lat' dir='ltr'><strong>correptus</strong></span> <span class='ocrx_word' id='word_1_266' title='bbox 1424 2346 1452 2384; x_wconf 86' lang='lat' dir='ltr'><strong>a</strong></span> <span class='ocrx_word' id='word_1_267' title='bbox 1483 2330 1865 2401; x_wconf 67' lang='lat' dir='ltr'><strong>praedicatione</strong></span> <span class='ocrx_word' id='word_1_268' title='bbox 1912 2346 2006 2387; x_wconf 81' lang='lat' dir='ltr'><strong>sa-</strong></span> 
     </span>
    </p>
   </div>
   <div class='ocr_carea' id='block_1_40' title="bbox 408 2422 2007 2501">
    <p class='ocr_par' dir='ltr' id='par_1_40' title="bbox 408 2422 2007 2501">
     <span class='ocr_line' id='line_1_40' title="bbox 408 2422 2007 2501; baseline -0.006 -15"><span class='ocrx_word' id='word_1_269' title='bbox 408 2430 607 2501; x_wconf 89' lang='lat' dir='ltr'><strong>crilega</strong></span> <span class='ocrx_word' id='word_1_270' title='bbox 636 2428 982 2485; x_wconf 85' lang='lat' dir='ltr'><strong>discederet:</strong></span> <span class='ocrx_word' id='word_1_271' title='bbox 1012 2426 1212 2496; x_wconf 90' lang='lat' dir='ltr'><strong>quique</strong></span> <span class='ocrx_word' id='word_1_272' title='bbox 1237 2424 1582 2493; x_wconf 88' lang='lat' dir='ltr'><strong>increpantes</strong></span> <span class='ocrx_word' id='word_1_273' title='bbox 1612 2422 1787 2489; x_wconf 90' lang='lat' dir='ltr'><strong>illum,</strong></span> <span class='ocrx_word' id='word_1_274' title='bbox 1818 2430 1873 2477; x_wconf 91' lang='lat' dir='ltr'><strong>et</strong></span> <span class='ocrx_word' id='word_1_275' title='bbox 1912 2436 2007 2477; x_wconf 82' lang='lat' dir='ltr'><strong>ex-</strong></span> 
     </span>
    </p>
   </div>
   <div class='ocr_carea' id='block_1_41' title="bbox 406 2513 2008 2593">
    <p class='ocr_par' dir='ltr' id='par_1_41' title="bbox 406 2513 2008 2593">
     <span class='ocr_line' id='line_1_41' title="bbox 406 2513 2008 2593; baseline -0.004 -18"><span class='ocrx_word' id='word_1_276' title='bbox 406 2522 731 2593; x_wconf 84' lang='lat' dir='ltr'><strong>probrantes</strong></span> <span class='ocrx_word' id='word_1_277' title='bbox 756 2560 772 2585; x_wconf 94' lang='lat'><strong>,</strong></span> <span class='ocrx_word' id='word_1_278' title='bbox 822 2532 1038 2574; x_wconf 89' lang='lat' dir='ltr'><strong>necnon</strong></span> <span class='ocrx_word' id='word_1_279' title='bbox 1085 2515 1368 2571; x_wconf 84' lang='lat' dir='ltr'><strong>charitatis</strong></span> <span class='ocrx_word' id='word_1_280' title='bbox 1414 2513 1613 2569; x_wconf 79' lang='lat' dir='ltr'><strong>aﬂ&#39;ectu</strong></span> <span class='ocrx_word' id='word_1_281' title='bbox 1670 2514 2008 2584; x_wconf 80' lang='lat' dir='ltr'><strong>postulantes</strong></span> 
     </span>
    </p>
   </div>
   <div class='ocr_carea' id='block_1_42' title="bbox 407 2607 2006 2683">
    <p class='ocr_par' dir='ltr' id='par_1_42' title="bbox 407 2607 2006 2683">
     <span class='ocr_line' id='line_1_42' title="bbox 407 2607 2006 2683; baseline -0.005 -12"><span class='ocrx_word' id='word_1_282' title='bbox 407 2615 580 2671; x_wconf 89' lang='lat' dir='ltr'><strong>multo</strong></span> <span class='ocrx_word' id='word_1_283' title='bbox 621 2626 885 2683; x_wconf 69' lang='lat' dir='ltr'><strong>temmre,</strong></span> <span class='ocrx_word' id='word_1_284' title='bbox 915 2626 1016 2667; x_wconf 88' lang='lat' dir='ltr'><strong>nec</strong></span> <span class='ocrx_word' id='word_1_285' title='bbox 1040 2609 1328 2681; x_wconf 88' lang='lat' dir='ltr'><strong>quidquam</strong></span> <span class='ocrx_word' id='word_1_286' title='bbox 1359 2607 1733 2679; x_wconf 83' lang='lat' dir='ltr'><strong>proﬁciebant.</strong></span> <span class='ocrx_word' id='word_1_287' title='bbox 1764 2607 2006 2678; x_wconf 80' lang='lat' dir='ltr'><strong>Namque</strong></span> 
     </span>
    </p>
   </div>
   <div class='ocr_carea' id='block_1_43' title="bbox 406 2699 2005 2780">
    <p class='ocr_par' dir='ltr' id='par_1_43' title="bbox 406 2699 2005 2780">
     <span class='ocr_line' id='line_1_43' title="bbox 406 2699 2005 2780; baseline -0.004 -19"><span class='ocrx_word' id='word_1_288' title='bbox 406 2717 529 2780; x_wconf 91' lang='lat' dir='ltr'><strong>post</strong></span> <span class='ocrx_word' id='word_1_289' title='bbox 555 2720 713 2761; x_wconf 89' lang='lat' dir='ltr'><strong>unam</strong></span> <span class='ocrx_word' id='word_1_290' title='bbox 733 2715 789 2761; x_wconf 90' lang='lat' dir='ltr'><strong>et</strong></span> <span class='ocrx_word' id='word_1_291' title='bbox 817 2703 1112 2760; x_wconf 87' lang='lat' dir='ltr'><strong>secundam</strong></span> <span class='ocrx_word' id='word_1_292' title='bbox 1138 2701 1440 2770; x_wconf 86' lang='lat' dir='ltr'><strong>multasque</strong></span> <span class='ocrx_word' id='word_1_293' title='bbox 1469 2699 1862 2768; x_wconf 86' lang='lat' dir='ltr'><strong>correptiones,</strong></span> <span class='ocrx_word' id='word_1_294' title='bbox 1881 2713 2005 2754; x_wconf 90' lang='lat' dir='ltr'><strong>cum</strong></span> 
     </span>
    </p>
   </div>
   <div class='ocr_carea' id='block_1_44' title="bbox 406 2790 2005 2871">
    <p class='ocr_par' dir='ltr' id='par_1_44' title="bbox 406 2790 2005 2871">
     <span class='ocr_line' id='line_1_44' title="bbox 406 2790 2005 2871; baseline -0.007 -16"><span class='ocrx_word' id='word_1_295' title='bbox 406 2800 540 2855; x_wconf 88' lang='lat' dir='ltr'><strong>nihil</strong></span> <span class='ocrx_word' id='word_1_296' title='bbox 573 2797 833 2871; x_wconf 82' lang='lat' dir='ltr'><strong>prolicere</strong></span> <span class='ocrx_word' id='word_1_297' title='bbox 864 2796 1168 2869; x_wconf 85' lang='lat' dir='ltr'><strong>potuissent</strong></span> <span class='ocrx_word' id='word_1_298' title='bbox 1208 2790 1562 2865; x_wconf 70' lang='lat' dir='ltr'><strong>(perdurabat</strong></span> <span class='ocrx_word' id='word_1_299' title='bbox 1605 2790 1749 2845; x_wconf 90' lang='lat' dir='ltr'><strong>enim</strong></span> <span class='ocrx_word' id='word_1_300' title='bbox 1792 2798 1848 2845; x_wconf 91' lang='lat' dir='ltr'><strong>et</strong></span> <span class='ocrx_word' id='word_1_301' title='bbox 1872 2804 2005 2845; x_wconf 89' lang='lat' dir='ltr'><strong>con-</strong></span> 
     </span>
    </p>
   </div>
   <div class='ocr_carea' id='block_1_45' title="bbox 408 2882 2008 2953">
    <p class='ocr_par' dir='ltr' id='par_1_45' title="bbox 408 2882 2008 2953">
     <span class='ocr_line' id='line_1_45' title="bbox 408 2882 2008 2953; baseline -0.006 -5"><span class='ocrx_word' id='word_1_302' title='bbox 408 2892 709 2948; x_wconf 83' lang='lat' dir='ltr'><strong>tradicebat</strong></span> <span class='ocrx_word' id='word_1_303' title='bbox 736 2901 899 2946; x_wconf 70' lang='lat' dir='ltr'><strong>recta:</strong></span> <span class='ocrx_word' id='word_1_304' title='bbox 925 2886 1072 2953; x_wconf 84' lang='lat' dir='ltr'><strong>ﬁdei,</strong></span> <span class='ocrx_word' id='word_1_305' title='bbox 1102 2894 1165 2942; x_wconf 89' lang='lat' dir='ltr'><strong>et</strong></span> <span class='ocrx_word' id='word_1_306' title='bbox 1180 2884 1529 2940; x_wconf 90' lang='lat' dir='ltr'><strong>contentione</strong></span> <span class='ocrx_word' id='word_1_307' title='bbox 1555 2883 1788 2953; x_wconf 84' lang='lat' dir='ltr'><strong>maligna</strong></span> <span class='ocrx_word' id='word_1_308' title='bbox 1819 2882 2008 2938; x_wconf 84' lang='lat' dir='ltr'><strong>Eccle-</strong></span> 
     </span>
    </p>
   </div>
   <div class='ocr_carea' id='block_1_46' title="bbox 407 2973 2004 3049">
    <p class='ocr_par' dir='ltr' id='par_1_46' title="bbox 407 2973 2004 3049">
     <span class='ocr_line' id='line_1_46' title="bbox 407 2973 2004 3049; baseline -0.009 -8"><span class='ocrx_word' id='word_1_309' title='bbox 407 2986 504 3041; x_wconf 67' lang='lat' dir='ltr'><strong>siaa</strong></span> <span class='ocrx_word' id='word_1_310' title='bbox 529 2981 817 3039; x_wconf 67' lang='lat' dir='ltr'><strong>catholica:</strong></span> <span class='ocrx_word' id='word_1_311' title='bbox 846 2974 1193 3049; x_wconf 83' lang='lat' dir='ltr'><strong>resistebat);</strong></span> <span class='ocrx_word' id='word_1_312' title='bbox 1226 2974 1422 3032; x_wconf 79' lang='lat' dir='ltr'><strong>exinde</strong></span> <span class='ocrx_word' id='word_1_313' title='bbox 1443 2974 1592 3028; x_wconf 88' lang='lat' dir='ltr'><strong>illum</strong></span> <span class='ocrx_word' id='word_1_314' title='bbox 1638 2988 1830 3029; x_wconf 90' lang='lat' dir='ltr'><strong>omnes</strong></span> <span class='ocrx_word' id='word_1_315' title='bbox 1874 2973 2004 3028; x_wconf 82' lang='lat' dir='ltr'><strong>lior-</strong></span> 
     </span>
    </p>
   </div>
   <div class='ocr_carea' id='block_1_47' title="bbox 408 3067 2006 3146">
    <p class='ocr_par' dir='ltr' id='par_1_47' title="bbox 408 3067 2006 3146">
     <span class='ocr_line' id='line_1_47' title="bbox 408 3067 2006 3146; baseline -0.008 -12"><span class='ocrx_word' id='word_1_316' title='bbox 408 3094 531 3134; x_wconf 91' lang='lat' dir='ltr'><strong>rere</strong></span> <span class='ocrx_word' id='word_1_317' title='bbox 551 3092 617 3134; x_wconf 85' lang='lat' dir='ltr'><strong>sc</strong></span> <span class='ocrx_word' id='word_1_318' title='bbox 642 3079 815 3134; x_wconf 87' lang='lat' dir='ltr'><strong>vitare</strong></span> <span class='ocrx_word' id='word_1_319' title='bbox 843 3085 1129 3146; x_wconf 65' lang='lat' dir='ltr'><strong>ceperunt</strong></span> <span class='ocrx_word' id='word_1_320' title='bbox 1155 3088 1170 3127; x_wconf 89' lang='lat'><strong>:</strong></span> <span class='ocrx_word' id='word_1_321' title='bbox 1202 3080 1261 3129; x_wconf 91' lang='lat' dir='ltr'><strong>et</strong></span> <span class='ocrx_word' id='word_1_322' title='bbox 1302 3070 1544 3127; x_wconf 84' lang='lat' dir='ltr'><strong>videntes</strong></span> <span class='ocrx_word' id='word_1_323' title='bbox 1593 3069 1849 3140; x_wconf 88' lang='lat' dir='ltr'><strong>quoniam</strong></span> <span class='ocrx_word' id='word_1_324' title='bbox 1877 3067 2006 3124; x_wconf 87' lang='lat' dir='ltr'><strong>sub-</strong></span> 
     </span>
    </p>
   </div>
   <div class='ocr_carea' id='block_1_48' title="bbox 2108 1867 3707 1940">
    <p class='ocr_par' dir='ltr' id='par_1_48' title="bbox 2108 1867 3707 1940">
     <span class='ocr_line' id='line_1_48' title="bbox 2108 1867 3707 1940; baseline -0.004 -12"><span class='ocrx_word' id='word_1_325' title='bbox 2108 1880 2338 1940; x_wconf 81' lang='lat' dir='ltr'><strong>verunt,</strong></span> <span class='ocrx_word' id='word_1_326' title='bbox 2371 1885 2699 1927; x_wconf 81' lang='lat' dir='ltr'><strong>consensum</strong></span> <span class='ocrx_word' id='word_1_327' title='bbox 2722 1869 3132 1926; x_wconf 87' lang='lat' dir='ltr'><strong>accommodare</strong></span> <span class='ocrx_word' id='word_1_328' title='bbox 3154 1870 3463 1926; x_wconf 79' lang='lat' dir='ltr'><strong>voluerunt.</strong></span> <span class='ocrx_word' id='word_1_329' title='bbox 3494 1867 3707 1924; x_wconf 88' lang='lat' dir='ltr'><strong>Etenim</strong></span> 
     </span>
    </p>
   </div>
   <div class='ocr_carea' id='block_1_49' title="bbox 2107 1961 3709 2035">
    <p class='ocr_par' dir='ltr' id='par_1_49' title="bbox 2107 1961 3709 2035">
     <span class='ocr_line' id='line_1_49' title="bbox 2107 1961 3709 2035; baseline -0.005 -12"><span class='ocrx_word' id='word_1_330' title='bbox 2107 1965 2414 2033; x_wconf 81' lang='lat' dir='ltr'><strong>Marcellus,</strong></span> <span class='ocrx_word' id='word_1_331' title='bbox 2446 1978 2571 2020; x_wconf 90' lang='lat' dir='ltr'><strong>cum</strong></span> <span class='ocrx_word' id='word_1_332' title='bbox 2592 1964 2733 2035; x_wconf 75' lang='lat' dir='ltr'><strong>apud</strong></span> <span class='ocrx_word' id='word_1_333' title='bbox 2765 1977 2893 2019; x_wconf 90' lang='lat' dir='ltr'><strong>suos</strong></span> <span class='ocrx_word' id='word_1_334' title='bbox 2933 1962 3221 2018; x_wconf 68' lang='lat' dir='ltr'><strong>hmreticus</strong></span> <span class='ocrx_word' id='word_1_335' title='bbox 3271 1961 3583 2027; x_wconf 85' lang='lat' dir='ltr'><strong>haberetur,</strong></span> <span class='ocrx_word' id='word_1_336' title='bbox 3617 1976 3709 2030; x_wconf 88' lang='lat' dir='ltr'><strong>pe-</strong></span> 
     </span>
    </p>
   </div>
   <div class='ocr_carea' id='block_1_50' title="bbox 2108 2054 3711 2131">
    <p class='ocr_par' dir='ltr' id='par_1_50' title="bbox 2108 2054 3711 2131">
     <span class='ocr_line' id='line_1_50' title="bbox 2108 2054 3711 2131; baseline -0.004 -15"><span class='ocrx_word' id='word_1_337' title='bbox 2108 2057 2492 2131; x_wconf 88' lang='lat' dir='ltr'><strong>regrinationis</strong></span> <span class='ocrx_word' id='word_1_338' title='bbox 2520 2056 2596 2128; x_wconf 86' lang='lat' dir='ltr'><strong>(c)</strong></span> <span class='ocrx_word' id='word_1_339' title='bbox 2618 2057 2819 2112; x_wconf 79' lang='lat' dir='ltr'><strong>auxilia</strong></span> <span class='ocrx_word' id='word_1_340' title='bbox 2846 2054 3132 2125; x_wconf 85' lang='lat' dir='ltr'><strong>requisivit</strong></span> <span class='ocrx_word' id='word_1_341' title='bbox 3158 2073 3171 2110; x_wconf 91' lang='lat'><strong>:</strong></span> <span class='ocrx_word' id='word_1_342' title='bbox 3195 2055 3404 2112; x_wconf 88' lang='lat' dir='ltr'><strong>scilicet</strong></span> <span class='ocrx_word' id='word_1_343' title='bbox 3428 2063 3487 2109; x_wconf 90' lang='lat' dir='ltr'><strong>ut</strong></span> <span class='ocrx_word' id='word_1_344' title='bbox 3512 2063 3566 2111; x_wconf 92' lang='lat' dir='ltr'><strong>et</strong></span> <span class='ocrx_word' id='word_1_345' title='bbox 3588 2054 3711 2109; x_wconf 89' lang='lat' dir='ltr'><strong>illos</strong></span> 
     </span>
    </p>
   </div>
   <div class='ocr_carea' id='block_1_51' title="bbox 2109 2147 3709 2223">
    <p class='ocr_par' dir='ltr' id='par_1_51' title="bbox 2109 2147 3709 2223">
     <span class='ocr_line' id='line_1_51' title="bbox 2109 2147 3709 2223; baseline -0.006 -14"><span class='ocrx_word' id='word_1_346' title='bbox 2109 2152 2346 2220; x_wconf 79' lang='lat' dir='ltr'><strong>falleret,</strong></span> <span class='ocrx_word' id='word_1_347' title='bbox 2376 2151 2467 2223; x_wconf 91' lang='lat' dir='ltr'><strong>qui</strong></span> <span class='ocrx_word' id='word_1_348' title='bbox 2493 2160 2549 2207; x_wconf 91' lang='lat' dir='ltr'><strong>et</strong></span> <span class='ocrx_word' id='word_1_349' title='bbox 2576 2152 2752 2221; x_wconf 87' lang='lat' dir='ltr'><strong>ipsum</strong></span> <span class='ocrx_word' id='word_1_350' title='bbox 2775 2158 2832 2205; x_wconf 91' lang='lat' dir='ltr'><strong>et</strong></span> <span class='ocrx_word' id='word_1_351' title='bbox 2871 2148 2988 2219; x_wconf 86' lang='lat' dir='ltr'><strong>ejus</strong></span> <span class='ocrx_word' id='word_1_352' title='bbox 3042 2148 3241 2219; x_wconf 89' lang='lat' dir='ltr'><strong>scripta</strong></span> <span class='ocrx_word' id='word_1_353' title='bbox 3271 2147 3525 2218; x_wconf 77' lang='lat' dir='ltr'><strong>pestifera</strong></span> <span class='ocrx_word' id='word_1_354' title='bbox 3554 2147 3709 2218; x_wconf 86' lang='lat' dir='ltr'><strong>igno-</strong></span> 
     </span>
    </p>
   </div>
   <div class='ocr_carea' id='block_1_52' title="bbox 2108 2239 3711 2314">
    <p class='ocr_par' dir='ltr' id='par_1_52' title="bbox 2108 2239 3711 2314">
     <span class='ocr_line' id='line_1_52' title="bbox 2108 2239 3711 2314; baseline -0.007 -11"><span class='ocrx_word' id='word_1_355' title='bbox 2108 2254 2311 2303; x_wconf 90' lang='lat' dir='ltr'><strong>rarent.</strong></span> <span class='ocrx_word' id='word_1_356' title='bbox 2363 2242 2473 2301; x_wconf 91' lang='lat' dir='ltr'><strong>Sed</strong></span> <span class='ocrx_word' id='word_1_357' title='bbox 2518 2241 2777 2314; x_wconf 85' lang='lat' dir='ltr'><strong>quidquid</strong></span> <span class='ocrx_word' id='word_1_358' title='bbox 2806 2241 2950 2311; x_wconf 85' lang='lat' dir='ltr'><strong>apud</strong></span> <span class='ocrx_word' id='word_1_359' title='bbox 3006 2240 3130 2296; x_wconf 90' lang='lat' dir='ltr'><strong>illos</strong></span> <span class='ocrx_word' id='word_1_360' title='bbox 3180 2239 3337 2311; x_wconf 88' lang='lat' dir='ltr'><strong>agit,</strong></span> <span class='ocrx_word' id='word_1_361' title='bbox 3393 2239 3558 2310; x_wconf 89' lang='lat' dir='ltr'><strong>impia</strong></span> <span class='ocrx_word' id='word_1_362' title='bbox 3613 2252 3711 2293; x_wconf 90' lang='lat' dir='ltr'><strong>sua</strong></span> 
     </span>
    </p>
   </div>
   <div class='ocr_carea' id='block_1_53' title="bbox 2109 2330 3711 2411">
    <p class='ocr_par' dir='ltr' id='par_1_53' title="bbox 2109 2330 3711 2411">
     <span class='ocr_line' id='line_1_53' title="bbox 2109 2330 3711 2411; baseline -0.006 -15"><span class='ocrx_word' id='word_1_363' title='bbox 2109 2340 2308 2411; x_wconf 90' lang='lat' dir='ltr'><strong>scripta</strong></span> <span class='ocrx_word' id='word_1_364' title='bbox 2351 2350 2652 2405; x_wconf 85' lang='lat' dir='ltr'><strong>sensusque</strong></span> <span class='ocrx_word' id='word_1_365' title='bbox 2681 2333 2936 2406; x_wconf 78' lang='lat' dir='ltr'><strong>profanos</strong></span> <span class='ocrx_word' id='word_1_366' title='bbox 2980 2334 3220 2390; x_wconf 82' lang='lat' dir='ltr'><strong>occultat</strong></span> <span class='ocrx_word' id='word_1_367' title='bbox 3268 2332 3405 2388; x_wconf 86' lang='lat' dir='ltr'><strong>lalsa</strong></span> <span class='ocrx_word' id='word_1_368' title='bbox 3434 2347 3530 2404; x_wconf 87' lang='lat' dir='ltr'><strong>pro</strong></span> <span class='ocrx_word' id='word_1_369' title='bbox 3566 2330 3711 2387; x_wconf 90' lang='lat' dir='ltr'><strong>veris</strong></span> 
     </span>
    </p>
   </div>
   <div class='ocr_carea' id='block_1_54' title="bbox 2110 2423 3712 2502">
    <p class='ocr_par' dir='ltr' id='par_1_54' title="bbox 2110 2423 3712 2502">
     <span class='ocr_line' id='line_1_54' title="bbox 2110 2423 3712 2502; baseline -0.007 -13"><span class='ocrx_word' id='word_1_370' title='bbox 2110 2445 2411 2502; x_wconf 90' lang='lat' dir='ltr'><strong>opponens,</strong></span> <span class='ocrx_word' id='word_1_371' title='bbox 2439 2440 2705 2501; x_wconf 67' lang='lat' dir='ltr'><strong>quaestum</strong></span> <span class='ocrx_word' id='word_1_372' title='bbox 2728 2427 2830 2482; x_wconf 89' lang='lat' dir='ltr'><strong>sibi</strong></span> <span class='ocrx_word' id='word_1_373' title='bbox 2879 2426 2948 2482; x_wconf 90' lang='lat' dir='ltr'><strong>de</strong></span> <span class='ocrx_word' id='word_1_374' title='bbox 2973 2423 3312 2497; x_wconf 88' lang='lat' dir='ltr'><strong>simplicibus</strong></span> <span class='ocrx_word' id='word_1_375' title='bbox 3351 2432 3512 2495; x_wconf 89' lang='lat' dir='ltr'><strong>atque</strong></span> <span class='ocrx_word' id='word_1_376' title='bbox 3554 2423 3712 2478; x_wconf 88' lang='lat' dir='ltr'><strong>inno-</strong></span> 
     </span>
    </p>
   </div>
   <div class='ocr_carea' id='block_1_55' title="bbox 2109 2515 3712 2590">
    <p class='ocr_par' dir='ltr' id='par_1_55' title="bbox 2109 2515 3712 2590">
     <span class='ocr_line' id='line_1_55' title="bbox 2109 2515 3712 2590; baseline -0.006 -11"><span class='ocrx_word' id='word_1_377' title='bbox 2109 2522 2360 2580; x_wconf 87' lang='lat' dir='ltr'><strong>centibus</strong></span> <span class='ocrx_word' id='word_1_378' title='bbox 2403 2520 2569 2585; x_wconf 81' lang='lat' dir='ltr'><strong>fecit,</strong></span> <span class='ocrx_word' id='word_1_379' title='bbox 2622 2522 2820 2590; x_wconf 83' lang='lat' dir='ltr'><strong>quique</strong></span> <span class='ocrx_word' id='word_1_380' title='bbox 2881 2517 2983 2573; x_wconf 90' lang='lat' dir='ltr'><strong>sub</strong></span> <span class='ocrx_word' id='word_1_381' title='bbox 3009 2525 3275 2588; x_wconf 64' lang='lat' dir='ltr'><strong>praetextu</strong></span> <span class='ocrx_word' id='word_1_382' title='bbox 3325 2515 3712 2571; x_wconf 72' lang='lat' dir='ltr'><strong>ecclesiasticas</strong></span> 
     </span>
    </p>
   </div>
   <div class='ocr_carea' id='block_1_56' title="bbox 2110 2607 3712 2685">
    <p class='ocr_par' dir='ltr' id='par_1_56' title="bbox 2110 2607 3712 2685">
     <span class='ocr_line' id='line_1_56' title="bbox 2110 2607 3712 2685; baseline -0.006 -15"><span class='ocrx_word' id='word_1_383' title='bbox 2110 2615 2311 2685; x_wconf 66' lang='lat' dir='ltr'><strong>regula:</strong></span> <span class='ocrx_word' id='word_1_384' title='bbox 2355 2612 2554 2667; x_wconf 89' lang='lat' dir='ltr'><strong>multos</strong></span> <span class='ocrx_word' id='word_1_385' title='bbox 2606 2610 2863 2666; x_wconf 71' lang='lat' dir='ltr'><strong>Ecclesiae</strong></span> <span class='ocrx_word' id='word_1_386' title='bbox 2913 2619 3162 2678; x_wconf 87' lang='lat' dir='ltr'><strong>pastores</strong></span> <span class='ocrx_word' id='word_1_387' title='bbox 3220 2607 3432 2663; x_wconf 72' lang='lat' dir='ltr'><strong>induxit</strong></span> <span class='ocrx_word' id='word_1_388' title='bbox 3486 2610 3578 2676; x_wconf 86' lang='lat' dir='ltr'><strong>(an</strong></span> <span class='ocrx_word' id='word_1_389' title='bbox 3618 2620 3712 2662; x_wconf 84' lang='lat' dir='ltr'><strong>se-</strong></span> 
     </span>
    </p>
   </div>
   <div class='ocr_carea' id='block_1_57' title="bbox 2110 2696 3714 2777">
    <p class='ocr_par' dir='ltr' id='par_1_57' title="bbox 2110 2696 3714 2777">
     <span class='ocr_line' id='line_1_57' title="bbox 2110 2696 3714 2777; baseline -0.006 -14"><span class='ocrx_word' id='word_1_390' title='bbox 2110 2704 2321 2777; x_wconf 79' lang='lat' dir='ltr'><strong>duxit?)</strong></span> <span class='ocrx_word' id='word_1_391' title='bbox 2349 2723 2363 2759; x_wconf 89' lang='lat'><strong>:</strong></span> <span class='ocrx_word' id='word_1_392' title='bbox 2393 2718 2596 2775; x_wconf 89' lang='lat' dir='ltr'><strong>eosque</strong></span> <span class='ocrx_word' id='word_1_393' title='bbox 2627 2704 2678 2756; x_wconf 90' lang='lat' dir='ltr'><strong>in</strong></span> <span class='ocrx_word' id='word_1_394' title='bbox 2694 2717 2847 2757; x_wconf 87' lang='lat' dir='ltr'><strong>suam</strong></span> <span class='ocrx_word' id='word_1_395' title='bbox 2866 2700 3119 2771; x_wconf 85' lang='lat' dir='ltr'><strong>redigens</strong></span> <span class='ocrx_word' id='word_1_396' title='bbox 3132 2696 3714 2769; x_wconf 86' lang='lat' dir='ltr'><strong>potestetem,Sabellii</strong></span> 
     </span>
    </p>
   </div>
   <div class='ocr_carea' id='block_1_58' title="bbox 2111 2789 3709 2861">
    <p class='ocr_par' dir='ltr' id='par_1_58' title="bbox 2111 2789 3709 2861">
     <span class='ocr_line' id='line_1_58' title="bbox 2111 2789 3709 2861; baseline -0.007 -6"><span class='ocrx_word' id='word_1_397' title='bbox 2111 2799 2353 2855; x_wconf 63' lang='lat' dir='ltr'><strong>haeretici</strong></span> <span class='ocrx_word' id='word_1_398' title='bbox 2405 2806 2606 2852; x_wconf 87' lang='lat' dir='ltr'><strong>sectam</strong></span> <span class='ocrx_word' id='word_1_399' title='bbox 2637 2793 2942 2861; x_wconf 86' lang='lat' dir='ltr'><strong>inducens,</strong></span> <span class='ocrx_word' id='word_1_400' title='bbox 2984 2791 3182 2847; x_wconf 85' lang='lat' dir='ltr'><strong>callida</strong></span> <span class='ocrx_word' id='word_1_401' title='bbox 3237 2789 3428 2846; x_wconf 78' lang='lat' dir='ltr'><strong>fraude</strong></span> <span class='ocrx_word' id='word_1_402' title='bbox 3469 2790 3709 2860; x_wconf 88' lang='lat' dir='ltr'><strong>decepit,</strong></span> 
     </span>
    </p>
   </div>
   <div class='ocr_carea' id='block_1_59' title="bbox 2109 2880 3707 2946">
    <p class='ocr_par' dir='ltr' id='par_1_59' title="bbox 2109 2880 3707 2946">
     <span class='ocr_line' id='line_1_59' title="bbox 2109 2880 3707 2946; baseline -0.005 0"><span class='ocrx_word' id='word_1_403' title='bbox 2109 2898 2423 2946; x_wconf 85' lang='lat' dir='ltr'><strong>restaurans</strong></span> <span class='ocrx_word' id='word_1_404' title='bbox 2468 2885 2620 2941; x_wconf 88' lang='lat' dir='ltr'><strong>Pauli</strong></span> <span class='ocrx_word' id='word_1_405' title='bbox 2669 2884 3069 2940; x_wconf 81' lang='lat' dir='ltr'><strong>Samosatensis</strong></span> <span class='ocrx_word' id='word_1_406' title='bbox 3114 2890 3172 2939; x_wconf 88' lang='lat' dir='ltr'><strong>et</strong></span> <span class='ocrx_word' id='word_1_407' title='bbox 3212 2891 3356 2937; x_wconf 85' lang='lat' dir='ltr'><strong>artes</strong></span> <span class='ocrx_word' id='word_1_408' title='bbox 3423 2890 3478 2936; x_wconf 93' lang='lat' dir='ltr'><strong>et</strong></span> <span class='ocrx_word' id='word_1_409' title='bbox 3529 2880 3707 2938; x_wconf 84' lang='lat' dir='ltr'><strong>dolos.</strong></span> 
     </span>
    </p>
   </div>
   <div class='ocr_carea' id='block_1_60' title="bbox 2109 2971 3713 3038">
    <p class='ocr_par' dir='ltr' id='par_1_60' title="bbox 2109 2971 3713 3038">
     <span class='ocr_line' id='line_1_60' title="bbox 2109 2971 3713 3038; baseline -0.006 -1"><span class='ocrx_word' id='word_1_410' title='bbox 2109 2981 2276 3038; x_wconf 82' lang='lat' dir='ltr'><strong>Mixta</strong></span> <span class='ocrx_word' id='word_1_411' title='bbox 2319 2984 2464 3034; x_wconf 88' lang='lat' dir='ltr'><strong>enim</strong></span> <span class='ocrx_word' id='word_1_412' title='bbox 2510 2985 2596 3034; x_wconf 90' lang='lat' dir='ltr'><strong>est</strong></span> <span class='ocrx_word' id='word_1_413' title='bbox 2640 2978 2881 3032; x_wconf 88' lang='lat' dir='ltr'><strong>omnium</strong></span> <span class='ocrx_word' id='word_1_414' title='bbox 2934 2975 3314 3031; x_wconf 70' lang='lat' dir='ltr'><strong>hmreticorum</strong></span> <span class='ocrx_word' id='word_1_415' title='bbox 3359 2971 3521 3030; x_wconf 84' lang='lat' dir='ltr'><strong>sectis</strong></span> <span class='ocrx_word' id='word_1_416' title='bbox 3573 2973 3713 3028; x_wconf 80' lang='lat' dir='ltr'><strong>Mar-</strong></span> 
     </span>
    </p>
   </div>
   <div class='ocr_carea' id='block_1_61' title="bbox 2110 3070 3706 3139">
    <p class='ocr_par' dir='ltr' id='par_1_61' title="bbox 2110 3070 3706 3139">
     <span class='ocr_line' id='line_1_61' title="bbox 2110 3070 3706 3139; baseline -0.004 -9"><span class='ocrx_word' id='word_1_417' title='bbox 2110 3075 2231 3130; x_wconf 91' lang='lat' dir='ltr'><strong>celli</strong></span> <span class='ocrx_word' id='word_1_418' title='bbox 2260 3081 2521 3128; x_wconf 73' lang='lat' dir='ltr'><strong>extranea</strong></span> <span class='ocrx_word' id='word_1_419' title='bbox 2565 3070 2804 3138; x_wconf 85' lang='lat' dir='ltr'><strong>traditio,</strong></span> <span class='ocrx_word' id='word_1_420' title='bbox 2833 3070 2972 3126; x_wconf 89' lang='lat' dir='ltr'><strong>sicut</strong></span> <span class='ocrx_word' id='word_1_421' title='bbox 3010 3082 3175 3139; x_wconf 87' lang='lat' dir='ltr'><strong>supra</strong></span> <span class='ocrx_word' id='word_1_422' title='bbox 3214 3078 3574 3123; x_wconf 86' lang='lat' dir='ltr'><strong>memoratum</strong></span> <span class='ocrx_word' id='word_1_423' title='bbox 3601 3078 3706 3123; x_wconf 89' lang='lat' dir='ltr'><strong>est.</strong></span> 
     </span>
    </p>
   </div>
   <div class='ocr_carea' id='block_1_62' title="bbox 408 3159 3709 3241">
    <p class='ocr_par' dir='ltr' id='par_1_62' title="bbox 408 3159 3709 3241">
     <span class='ocr_line' id='line_1_62' title="bbox 408 3159 3709 3241; baseline -0.003 -19"><span class='ocrx_word' id='word_1_424' title='bbox 408 3183 600 3226; x_wconf 82' lang='lat' dir='ltr'><strong>versus</strong></span> <span class='ocrx_word' id='word_1_425' title='bbox 625 3177 759 3225; x_wconf 85' lang='lat' dir='ltr'><strong>esta</strong></span> <span class='ocrx_word' id='word_1_426' title='bbox 793 3174 1037 3238; x_wconf 87' lang='lat' dir='ltr'><strong>peccato,</strong></span> <span class='ocrx_word' id='word_1_427' title='bbox 1066 3173 1123 3220; x_wconf 92' lang='lat' dir='ltr'><strong>et</strong></span> <span class='ocrx_word' id='word_1_428' title='bbox 1167 3172 1252 3219; x_wconf 92' lang='lat' dir='ltr'><strong>est</strong></span> <span class='ocrx_word' id='word_1_429' title='bbox 1295 3177 1324 3216; x_wconf 82' lang='lat' dir='ltr'><strong>a</strong></span> <span class='ocrx_word' id='word_1_430' title='bbox 1355 3163 1650 3232; x_wconf 84' lang='lat' dir='ltr'><strong>semetipso</strong></span> <span class='ocrx_word' id='word_1_431' title='bbox 1690 3160 1999 3235; x_wconf 86' lang='lat' dir='ltr'><strong>damnatus,</strong></span> <span class='ocrx_word' id='word_1_432' title='bbox 2031 3175 2078 3241; x_wconf 74' lang='grc' dir='ltr'>ο</span> <span class='ocrx_word' id='word_1_433' title='bbox 2112 3164 2262 3222; x_wconf 88' lang='lat' dir='ltr'><strong>Unde</strong></span> <span class='ocrx_word' id='word_1_434' title='bbox 2282 3170 2632 3225; x_wconf 80' lang='lat' dir='ltr'><strong>convenerat,</strong></span> <span class='ocrx_word' id='word_1_435' title='bbox 2663 3176 2852 3217; x_wconf 86' lang='lat' dir='ltr'><strong>omnes</strong></span> <span class='ocrx_word' id='word_1_436' title='bbox 2893 3159 3151 3215; x_wconf 71' lang='lat' dir='ltr'><strong>Ecclesia:</strong></span> <span class='ocrx_word' id='word_1_437' title='bbox 3195 3167 3399 3213; x_wconf 65' lang='lat' dir='ltr'><strong>sanctae</strong></span> <span class='ocrx_word' id='word_1_438' title='bbox 3447 3160 3709 3228; x_wconf 65' lang='lat' dir='ltr'><strong>praeposi-</strong></span> 
     </span>
    </p>
   </div>
   <div class='ocr_carea' id='block_1_63' title="bbox 407 3252 2004 3321">
    <p class='ocr_par' dir='ltr' id='par_1_63' title="bbox 407 3252 2004 3321">
     <span class='ocr_line' id='line_1_63' title="bbox 407 3252 2004 3321; baseline -0.005 -5"><span class='ocrx_word' id='word_1_439' title='bbox 407 3261 543 3316; x_wconf 88' lang='lat' dir='ltr'><strong>actis</strong></span> <span class='ocrx_word' id='word_1_440' title='bbox 592 3276 716 3317; x_wconf 86' lang='lat' dir='ltr'><strong>eum</strong></span> <span class='ocrx_word' id='word_1_441' title='bbox 765 3254 1148 3316; x_wconf 81' lang='lat' dir='ltr'><strong>ecclesiasticis</strong></span> <span class='ocrx_word' id='word_1_442' title='bbox 1197 3253 1611 3321; x_wconf 80' lang='lat' dir='ltr'><strong>damnaverunt,</strong></span> <span class='ocrx_word' id='word_1_443' title='bbox 1661 3269 1729 3308; x_wconf 91' lang='lat' dir='ltr'><strong>ne</strong></span> <span class='ocrx_word' id='word_1_444' title='bbox 1775 3252 2004 3309; x_wconf 84' lang='lat' dir='ltr'><strong>ulterius</strong></span> 
     </span>
    </p>
   </div>
   <div class='ocr_carea' id='block_1_64' title="bbox 409 3347 2001 3423">
    <p class='ocr_par' dir='ltr' id='par_1_64' title="bbox 409 3347 2001 3423">
     <span class='ocr_line' id='line_1_64' title="bbox 409 3347 2001 3423; baseline -0.004 -13"><span class='ocrx_word' id='word_1_445' title='bbox 409 3370 537 3410; x_wconf 89' lang='lat' dir='ltr'><strong>oves</strong></span> <span class='ocrx_word' id='word_1_446' title='bbox 565 3354 766 3410; x_wconf 84' lang='lat' dir='ltr'><strong>Christi</strong></span> <span class='ocrx_word' id='word_1_447' title='bbox 817 3350 1088 3423; x_wconf 73' lang='lat' dir='ltr'><strong>pestiferis</strong></span> <span class='ocrx_word' id='word_1_448' title='bbox 1116 3348 1455 3404; x_wconf 85' lang='lat' dir='ltr'><strong>contactibus</strong></span> <span class='ocrx_word' id='word_1_449' title='bbox 1485 3348 1651 3417; x_wconf 82' lang='lat' dir='ltr'><strong>magis</strong></span> <span class='ocrx_word' id='word_1_450' title='bbox 1683 3347 2001 3403; x_wconf 83' lang='lat' dir='ltr'><strong>macularet.</strong></span> 
     </span>
    </p>
   </div>
   <div class='ocr_carea' id='block_1_65' title="bbox 410 3438 2006 3516">
    <p class='ocr_par' dir='ltr' id='par_1_65' title="bbox 410 3438 2006 3516">
     <span class='ocr_line' id='line_1_65' title="bbox 410 3438 2006 3516; baseline -0.004 -13"><span class='ocrx_word' id='word_1_451' title='bbox 410 3446 560 3502; x_wconf 86' lang='lat' dir='ltr'><strong>Tunc</strong></span> <span class='ocrx_word' id='word_1_452' title='bbox 586 3460 818 3516; x_wconf 86' lang='lat' dir='ltr'><strong>namque</strong></span> <span class='ocrx_word' id='word_1_453' title='bbox 856 3443 1018 3500; x_wconf 89' lang='lat' dir='ltr'><strong>etiam</strong></span> <span class='ocrx_word' id='word_1_454' title='bbox 1048 3441 1165 3512; x_wconf 85' lang='lat' dir='ltr'><strong>ejus</strong></span> <span class='ocrx_word' id='word_1_455' title='bbox 1197 3440 1405 3509; x_wconf 87' lang='lat' dir='ltr'><strong>aliquos</strong></span> <span class='ocrx_word' id='word_1_456' title='bbox 1437 3438 1787 3509; x_wconf 87' lang='lat' dir='ltr'><strong>pravissimos</strong></span> <span class='ocrx_word' id='word_1_457' title='bbox 1812 3454 2006 3496; x_wconf 88' lang='lat' dir='ltr'><strong>sensus</strong></span> 
     </span>
    </p>
   </div>
   <div class='ocr_carea' id='block_1_66' title="bbox 409 3532 2003 3604">
    <p class='ocr_par' dir='ltr' id='par_1_66' title="bbox 409 3532 2003 3604">
     <span class='ocr_line' id='line_1_66' title="bbox 409 3532 2003 3604; baseline -0.005 -8"><span class='ocrx_word' id='word_1_458' title='bbox 409 3548 597 3597; x_wconf 89' lang='lat' dir='ltr'><strong>contra</strong></span> <span class='ocrx_word' id='word_1_459' title='bbox 650 3538 814 3594; x_wconf 80' lang='lat' dir='ltr'><strong>iidem</strong></span> <span class='ocrx_word' id='word_1_460' title='bbox 862 3546 1064 3592; x_wconf 89' lang='lat' dir='ltr'><strong>rectam</strong></span> <span class='ocrx_word' id='word_1_461' title='bbox 1116 3534 1522 3604; x_wconf 76' lang='lat' dir='ltr'><strong>Ecclesiamque</strong></span> <span class='ocrx_word' id='word_1_462' title='bbox 1585 3532 2003 3602; x_wconf 89' lang='lat' dir='ltr'><strong>sanctissimam,</strong></span> 
     </span>
    </p>
   </div>
   <div class='ocr_carea' id='block_1_67' title="bbox 409 3628 2008 3712">
    <p class='ocr_par' dir='ltr' id='par_1_67' title="bbox 409 3628 2008 3712">
     <span class='ocr_line' id='line_1_67' title="bbox 409 3628 2008 3712; baseline -0.003 -24"><span class='ocrx_word' id='word_1_463' title='bbox 409 3643 631 3704; x_wconf 88' lang='lat' dir='ltr'><strong>propter</strong></span> <span class='ocrx_word' id='word_1_464' title='bbox 679 3632 995 3712; x_wconf 75' lang='lat' dir='ltr'><strong>memoriam</strong></span> <span class='ocrx_word' id='word_1_465' title='bbox 1044 3640 1382 3700; x_wconf 80' lang='lat' dir='ltr'><strong>pOSterorum</strong></span> <span class='ocrx_word' id='word_1_466' title='bbox 1432 3628 1845 3699; x_wconf 87' lang='lat' dir='ltr'><strong>cautelamque,</strong></span> <span class='ocrx_word' id='word_1_467' title='bbox 1893 3630 2008 3685; x_wconf 92' lang='lat' dir='ltr'><strong>suis</strong></span> 
     </span>
    </p>
   </div>
   <div class='ocr_carea' id='block_1_68' title="bbox 408 3709 2006 3794">
    <p class='ocr_par' dir='ltr' id='par_1_68' title="bbox 408 3709 2006 3794">
     <span class='ocr_line' id='line_1_68' title="bbox 408 3709 2006 3794; baseline -0.003 -13"><span class='ocrx_word' id='word_1_468' title='bbox 408 3724 768 3781; x_wconf 87' lang='lat' dir='ltr'><strong>sanctissimis</strong></span> <span class='ocrx_word' id='word_1_469' title='bbox 792 3709 1075 3794; x_wconf 84' lang='lat' dir='ltr'><strong>scripturis</strong></span> <span class='ocrx_word' id='word_1_470' title='bbox 1120 3721 1173 3776; x_wconf 90' lang='lat' dir='ltr'><strong>iu</strong></span> <span class='ocrx_word' id='word_1_471' title='bbox 1216 3709 1438 3776; x_wconf 70' lang='lat' dir='ltr'><strong>arcliivo</strong></span> <span class='ocrx_word' id='word_1_472' title='bbox 1459 3720 1719 3776; x_wconf 63' lang='lat' dir='ltr'><strong>Ecclesiae</strong></span> <span class='ocrx_word' id='word_1_473' title='bbox 1741 3722 2006 3777; x_wconf 89' lang='lat' dir='ltr'><strong>condide-</strong></span> 
     </span>
    </p>
   </div>
   <div class='ocr_carea' id='block_1_69' title="bbox 407 3812 2010 3884">
    <p class='ocr_par' dir='ltr' id='par_1_69' title="bbox 407 3812 2010 3884">
     <span class='ocr_line' id='line_1_69' title="bbox 407 3812 2010 3884; baseline -0.002 -12"><span class='ocrx_word' id='word_1_474' title='bbox 407 3826 558 3872; x_wconf 91' lang='lat' dir='ltr'><strong>runt.</strong></span> <span class='ocrx_word' id='word_1_475' title='bbox 589 3816 694 3872; x_wconf 84' lang='lat' dir='ltr'><strong>Sed</strong></span> <span class='ocrx_word' id='word_1_476' title='bbox 726 3816 844 3871; x_wconf 78' lang='lat' dir='ltr'><strong>haec</strong></span> <span class='ocrx_word' id='word_1_477' title='bbox 888 3814 1108 3884; x_wconf 88' lang='lat' dir='ltr'><strong>quidem</strong></span> <span class='ocrx_word' id='word_1_478' title='bbox 1158 3812 1457 3869; x_wconf 90' lang='lat' dir='ltr'><strong>secundum</strong></span> <span class='ocrx_word' id='word_1_479' title='bbox 1489 3813 1822 3884; x_wconf 88' lang='lat' dir='ltr'><strong>impietatem</strong></span> <span class='ocrx_word' id='word_1_480' title='bbox 1867 3813 2010 3868; x_wconf 84' lang='lat' dir='ltr'><strong>Mar-</strong></span> 
     </span>
    </p>
   </div>
   <div class='ocr_carea' id='block_1_70' title="bbox 408 3907 2009 3979">
    <p class='ocr_par' dir='ltr' id='par_1_70' title="bbox 408 3907 2009 3979">
     <span class='ocr_line' id='line_1_70' title="bbox 408 3907 2009 3979; baseline -0.002 -13"><span class='ocrx_word' id='word_1_481' title='bbox 408 3908 535 3966; x_wconf 89' lang='lat' dir='ltr'><strong>celli</strong></span> <span class='ocrx_word' id='word_1_482' title='bbox 562 3908 802 3965; x_wconf 63' lang='lat' dir='ltr'><strong>haeretici</strong></span> <span class='ocrx_word' id='word_1_483' title='bbox 833 3908 1005 3979; x_wconf 88' lang='lat' dir='ltr'><strong>prima</strong></span> <span class='ocrx_word' id='word_1_484' title='bbox 1028 3908 1245 3963; x_wconf 83' lang='lat' dir='ltr'><strong>luerunt</strong></span> <span class='ocrx_word' id='word_1_485' title='bbox 1267 3924 1282 3961; x_wconf 92' lang='lat'><strong>:</strong></span> <span class='ocrx_word' id='word_1_486' title='bbox 1312 3907 1497 3977; x_wconf 86' lang='lat' dir='ltr'><strong>pejora</strong></span> <span class='ocrx_word' id='word_1_487' title='bbox 1517 3916 1646 3963; x_wconf 91' lang='lat' dir='ltr'><strong>sunt</strong></span> <span class='ocrx_word' id='word_1_488' title='bbox 1664 3907 1861 3963; x_wconf 91' lang='lat' dir='ltr'><strong>deinde</strong></span> <span class='ocrx_word' id='word_1_489' title='bbox 1880 3908 2009 3963; x_wconf 80' lang='lat' dir='ltr'><strong>sub-</strong></span> 
     </span>
    </p>
   </div>
   <div class='ocr_carea' id='block_1_71' title="bbox 409 3999 2005 4074">
    <p class='ocr_par' dir='ltr' id='par_1_71' title="bbox 409 3999 2005 4074">
     <span class='ocr_line' id='line_1_71' title="bbox 409 3999 2005 4074; baseline 0 -18"><span class='ocrx_word' id='word_1_490' title='bbox 409 4010 616 4058; x_wconf 88' lang='lat' dir='ltr'><strong>secuta.</strong></span> <span class='ocrx_word' id='word_1_491' title='bbox 635 4001 932 4074; x_wconf 74' lang='lat' dir='ltr'><strong>650Nam</strong></span> <span class='ocrx_word' id='word_1_492' title='bbox 946 4001 1068 4072; x_wconf 88' lang='lat' dir='ltr'><strong>quis</strong></span> <span class='ocrx_word' id='word_1_493' title='bbox 1085 3999 1320 4055; x_wconf 78' lang='lat' dir='ltr'><strong>ﬁdelium</strong></span> <span class='ocrx_word' id='word_1_494' title='bbox 1337 3999 1545 4069; x_wconf 85' lang='lat' dir='ltr'><strong>credat,</strong></span> <span class='ocrx_word' id='word_1_495' title='bbox 1558 4009 1651 4056; x_wconf 88' lang='lat' dir='ltr'><strong>aut</strong></span> <span class='ocrx_word' id='word_1_496' title='bbox 1670 4001 1902 4072; x_wconf 88' lang='lat' dir='ltr'><strong>patiatur</strong></span> <span class='ocrx_word' id='word_1_497' title='bbox 1920 4016 2005 4071; x_wconf 90' lang='lat' dir='ltr'><strong>ea,</strong></span> 
     </span>
    </p>
   </div>
   <div class='ocr_carea' id='block_1_72' title="bbox 409 4092 2009 4167">
    <p class='ocr_par' dir='ltr' id='par_1_72' title="bbox 409 4092 2009 4167">
     <span class='ocr_line' id='line_1_72' title="bbox 409 4092 2009 4167; baseline 0.001 -18"><span class='ocrx_word' id='word_1_498' title='bbox 409 4109 534 4165; x_wconf 61' lang='lat' dir='ltr'><strong>quas</strong></span> <span class='ocrx_word' id='word_1_499' title='bbox 549 4094 619 4149; x_wconf 88' lang='lat' dir='ltr'><strong>ab</strong></span> <span class='ocrx_word' id='word_1_500' title='bbox 638 4096 755 4165; x_wconf 86' lang='lat' dir='ltr'><strong>ipso</strong></span> <span class='ocrx_word' id='word_1_501' title='bbox 788 4092 927 4167; x_wconf 69' lang='lat' dir='ltr'><strong>male</strong></span> <span class='ocrx_word' id='word_1_502' title='bbox 943 4103 1091 4163; x_wconf 84' lang='lat' dir='ltr'><strong>gesta</strong></span> <span class='ocrx_word' id='word_1_503' title='bbox 1105 4104 1267 4162; x_wconf 88' lang='lat' dir='ltr'><strong>atque</strong></span> <span class='ocrx_word' id='word_1_504' title='bbox 1282 4093 1588 4163; x_wconf 83' lang='lat' dir='ltr'><strong>conscripta</strong></span> <span class='ocrx_word' id='word_1_505' title='bbox 1609 4103 1756 4158; x_wconf 89' lang='lat' dir='ltr'><strong>sunt,</strong></span> <span class='ocrx_word' id='word_1_506' title='bbox 1781 4110 2009 4165; x_wconf 79' lang='lat' dir='ltr'><strong>quaeque</strong></span> 
     </span>
    </p>
   </div>
   <div class='ocr_carea' id='block_1_73' title="bbox 410 4185 2011 4260">
    <p class='ocr_par' dir='ltr' id='par_1_73' title="bbox 410 4185 2011 4260">
     <span class='ocr_line' id='line_1_73' title="bbox 410 4185 2011 4260; baseline 0 -18"><span class='ocrx_word' id='word_1_507' title='bbox 410 4186 573 4258; x_wconf 89' lang='lat' dir='ltr'><strong>digne</strong></span> <span class='ocrx_word' id='word_1_508' title='bbox 602 4186 1051 4243; x_wconf 82' lang='lat' dir='ltr'><strong>anathematizata</strong></span> <span class='ocrx_word' id='word_1_509' title='bbox 1093 4187 1256 4242; x_wconf 83' lang='lat' dir='ltr'><strong>sunt?</strong></span> <span class='ocrx_word' id='word_1_510' title='bbox 1286 4186 1362 4255; x_wconf 92' lang='lat' dir='ltr'><strong>(a)</strong></span> <span class='ocrx_word' id='word_1_511' title='bbox 1394 4185 1555 4260; x_wconf 88' lang='lat' dir='ltr'><strong>[Nam</strong></span> <span class='ocrx_word' id='word_1_512' title='bbox 1591 4201 1712 4243; x_wconf 91' lang='lat' dir='ltr'><strong>cum</strong></span> <span class='ocrx_word' id='word_1_513' title='bbox 1742 4188 2011 4259; x_wconf 78' lang='lat' dir='ltr'><strong>ipsoMar-</strong></span> 
     </span>
    </p>
   </div>
   <div class='ocr_carea' id='block_1_74' title="bbox 410 4275 2011 4350">
    <p class='ocr_par' dir='ltr' id='par_1_74' title="bbox 410 4275 2011 4350">
     <span class='ocr_line' id='line_1_74' title="bbox 410 4275 2011 4350; baseline 0.001 -16"><span class='ocrx_word' id='word_1_514' title='bbox 410 4278 548 4334; x_wconf 91' lang='lat' dir='ltr'><strong>cello</strong></span> <span class='ocrx_word' id='word_1_515' title='bbox 569 4295 599 4334; x_wconf 89' lang='lat' dir='ltr'><strong>a</strong></span> <span class='ocrx_word' id='word_1_516' title='bbox 627 4280 942 4349; x_wconf 90' lang='lat' dir='ltr'><strong>parentibus</strong></span> <span class='ocrx_word' id='word_1_517' title='bbox 971 4280 1169 4334; x_wconf 89' lang='lat' dir='ltr'><strong>nostris</strong></span> <span class='ocrx_word' id='word_1_518' title='bbox 1203 4279 1255 4333; x_wconf 93' lang='lat' dir='ltr'><strong>in</strong></span> <span class='ocrx_word' id='word_1_519' title='bbox 1273 4275 1794 4350; x_wconf 86' lang='lat' dir='ltr'><strong>Constantinopolim</strong></span> <span class='ocrx_word' id='word_1_520' title='bbox 1819 4281 2011 4336; x_wconf 85' lang='lat' dir='ltr'><strong>civita-</strong></span> 
     </span>
    </p>
   </div>
   <div class='ocr_carea' id='block_1_75' title="bbox 412 4370 2009 4446">
    <p class='ocr_par' dir='ltr' id='par_1_75' title="bbox 412 4370 2009 4446">
     <span class='ocr_line' id='line_1_75' title="bbox 412 4370 2009 4446; baseline 0.001 -19"><span class='ocrx_word' id='word_1_521' title='bbox 412 4372 570 4446; x_wconf 74' lang='lat' dir='ltr'><strong>tem.)</strong></span> <span class='ocrx_word' id='word_1_522' title='bbox 591 4372 832 4442; x_wconf 84' lang='lat' dir='ltr'><strong>Namque</strong></span> <span class='ocrx_word' id='word_1_523' title='bbox 862 4372 999 4428; x_wconf 86' lang='lat' dir='ltr'><strong>liber</strong></span> <span class='ocrx_word' id='word_1_524' title='bbox 1021 4370 1408 4427; x_wconf 80' lang='lat' dir='ltr'><strong>sententiarum</strong></span> <span class='ocrx_word' id='word_1_525' title='bbox 1439 4380 1613 4427; x_wconf 83' lang='lat' dir='ltr'><strong>exstat</strong></span> <span class='ocrx_word' id='word_1_526' title='bbox 1644 4374 1698 4427; x_wconf 91' lang='lat' dir='ltr'><strong>in</strong></span> <span class='ocrx_word' id='word_1_527' title='bbox 1733 4372 1907 4443; x_wconf 87' lang='lat' dir='ltr'><strong>ipsum</strong></span> <span class='ocrx_word' id='word_1_528' title='bbox 1942 4374 2009 4428; x_wconf 89' lang='lat' dir='ltr'><strong>ab</strong></span> 
     </span>
    </p>
   </div>
   <div class='ocr_carea' id='block_1_76' title="bbox 411 4462 2011 4537">
    <p class='ocr_par' dir='ltr' id='par_1_76' title="bbox 411 4462 2011 4537">
     <span class='ocr_line' id='line_1_76' title="bbox 411 4462 2011 4537; baseline -0.001 -16"><span class='ocrx_word' id='word_1_529' title='bbox 411 4466 681 4537; x_wconf 84' lang='lat' dir='ltr'><strong>episcopis</strong></span> <span class='ocrx_word' id='word_1_530' title='bbox 694 4464 1030 4533; x_wconf 87' lang='lat' dir='ltr'><strong>conscriptus</strong></span> <span class='ocrx_word' id='word_1_531' title='bbox 1051 4480 1065 4518; x_wconf 90' lang='lat'><strong>:</strong></span> <span class='ocrx_word' id='word_1_532' title='bbox 1086 4464 1261 4534; x_wconf 92' lang='lat' dir='ltr'><strong>inquo</strong></span> <span class='ocrx_word' id='word_1_533' title='bbox 1285 4462 1425 4518; x_wconf 91' lang='lat' dir='ltr'><strong>libro</strong></span> <span class='ocrx_word' id='word_1_534' title='bbox 1440 4463 1601 4518; x_wconf 86' lang='lat' dir='ltr'><strong>etiam</strong></span> <span class='ocrx_word' id='word_1_535' title='bbox 1624 4464 1732 4530; x_wconf 86' lang='lat' dir='ltr'><strong>isti,</strong></span> <span class='ocrx_word' id='word_1_536' title='bbox 1756 4464 1847 4533; x_wconf 91' lang='lat' dir='ltr'><strong>qui</strong></span> <span class='ocrx_word' id='word_1_537' title='bbox 1869 4480 2011 4520; x_wconf 90' lang='lat' dir='ltr'><strong>nunc</strong></span> 
     </span>
    </p>
   </div>
   <div class='ocr_carea' id='block_1_77' title="bbox 2109 3249 3708 3330">
    <p class='ocr_par' dir='ltr' id='par_1_77' title="bbox 2109 3249 3708 3330">
     <span class='ocr_line' id='line_1_77' title="bbox 2109 3249 3708 3330; baseline -0.006 -16"><span class='ocrx_word' id='word_1_538' title='bbox 2109 3269 2193 3314; x_wconf 89' lang='lat' dir='ltr'><strong>tos</strong></span> <span class='ocrx_word' id='word_1_539' title='bbox 2210 3257 2373 3330; x_wconf 76' lang='lat'><strong>651</strong></span> <span class='ocrx_word' id='word_1_540' title='bbox 2397 3269 2667 3312; x_wconf 89' lang='lat' dir='ltr'><strong>memores</strong></span> <span class='ocrx_word' id='word_1_541' title='bbox 2691 3253 2958 3309; x_wconf 89' lang='lat' dir='ltr'><strong>dictorum</strong></span> <span class='ocrx_word' id='word_1_542' title='bbox 2984 3252 3195 3308; x_wconf 87' lang='lat' dir='ltr'><strong>Domini</strong></span> <span class='ocrx_word' id='word_1_543' title='bbox 3216 3251 3415 3307; x_wconf 86' lang='lat' dir='ltr'><strong>Christi</strong></span> <span class='ocrx_word' id='word_1_544' title='bbox 3438 3249 3669 3307; x_wconf 87' lang='lat' dir='ltr'><strong>dicentis</strong></span> <span class='ocrx_word' id='word_1_545' title='bbox 3693 3267 3708 3305; x_wconf 70' lang='grc' dir='ltr'><em>ε</em></span> 
     </span>
    </p>
   </div>
   <div class='ocr_carea' id='block_1_78' title="bbox 2108 3342 3707 3420">
    <p class='ocr_par' dir='ltr' id='par_1_78' title="bbox 2108 3342 3707 3420">
     <span class='ocr_line' id='line_1_78' title="bbox 2108 3342 3707 3420; baseline -0.006 -14"><span class='ocrx_word' id='word_1_546' title='bbox 2108 3350 2290 3406; x_wconf 84' lang='lat' dir='ltr'><strong>Cavete</strong></span> <span class='ocrx_word' id='word_1_547' title='bbox 2334 3365 2475 3404; x_wconf 85' lang='lat' dir='ltr'><strong>vasa</strong></span> <span class='ocrx_word' id='word_1_548' title='bbox 2506 3346 2985 3420; x_wconf 79' lang='lat' dir='ltr'><strong>pseudOprophetis,</strong></span> <span class='ocrx_word' id='word_1_549' title='bbox 3032 3346 3121 3417; x_wconf 84' lang='lat' dir='ltr'><strong>qui</strong></span> <span class='ocrx_word' id='word_1_550' title='bbox 3166 3345 3372 3400; x_wconf 85' lang='lat' dir='ltr'><strong>veniunt</strong></span> <span class='ocrx_word' id='word_1_551' title='bbox 3411 3342 3480 3399; x_wconf 80' lang='lat' dir='ltr'><strong>ad</strong></span> <span class='ocrx_word' id='word_1_552' title='bbox 3526 3358 3613 3398; x_wconf 87' lang='lat' dir='ltr'><strong>vos</strong></span> <span class='ocrx_word' id='word_1_553' title='bbox 3652 3344 3707 3398; x_wconf 86' lang='lat' dir='ltr'><strong>in</strong></span> 
     </span>
    </p>
   </div>
   <div class='ocr_carea' id='block_1_79' title="bbox 2107 3439 3711 3511">
    <p class='ocr_par' dir='ltr' id='par_1_79' title="bbox 2107 3439 3711 3511">
     <span class='ocr_line' id='line_1_79' title="bbox 2107 3439 3711 3511; baseline -0.002 -13"><span class='ocrx_word' id='word_1_554' title='bbox 2107 3445 2287 3499; x_wconf 86' lang='lat' dir='ltr'><strong>vestitu</strong></span> <span class='ocrx_word' id='word_1_555' title='bbox 2310 3444 2501 3509; x_wconf 85' lang='lat' dir='ltr'><strong>ovium,</strong></span> <span class='ocrx_word' id='word_1_556' title='bbox 2528 3442 2838 3497; x_wconf 83' lang='lat' dir='ltr'><strong>intrinsecus</strong></span> <span class='ocrx_word' id='word_1_557' title='bbox 2881 3450 3050 3495; x_wconf 86' lang='lat' dir='ltr'><strong>autem</strong></span> <span class='ocrx_word' id='word_1_558' title='bbox 3089 3450 3205 3494; x_wconf 84' lang='lat' dir='ltr'><strong>sunt</strong></span> <span class='ocrx_word' id='word_1_559' title='bbox 3249 3439 3363 3510; x_wconf 85' lang='lat' dir='ltr'><strong>lupi</strong></span> <span class='ocrx_word' id='word_1_560' title='bbox 3411 3456 3646 3511; x_wconf 84' lang='lat' dir='ltr'><strong>rapaces,</strong></span> <span class='ocrx_word' id='word_1_561' title='bbox 3676 3456 3711 3494; x_wconf 79' lang='grc' dir='ltr'><em>α</em></span> 
     </span>
    </p>
   </div>
   <div class='ocr_carea' id='block_1_80' title="bbox 2109 3531 3709 3608">
    <p class='ocr_par' dir='ltr' id='par_1_80' title="bbox 2109 3531 3709 3608">
     <span class='ocr_line' id='line_1_80' title="bbox 2109 3531 3709 3608; baseline -0.001 -18"><span class='ocrx_word' id='word_1_562' title='bbox 2109 3537 2359 3608; x_wconf 78' lang='lat' dir='ltr'><strong>fructibus</strong></span> <span class='ocrx_word' id='word_1_563' title='bbox 2379 3552 2554 3591; x_wconf 87' lang='lat' dir='ltr'><strong>eorunt</strong></span> <span class='ocrx_word' id='word_1_564' title='bbox 2572 3534 2884 3606; x_wconf 81' lang='lat' dir='ltr'><strong>cognoscetis</strong></span> <span class='ocrx_word' id='word_1_565' title='bbox 2907 3550 2991 3589; x_wconf 82' lang='lat' dir='ltr'><strong>eos</strong></span> <span class='ocrx_word' id='word_1_566' title='bbox 3010 3532 3358 3604; x_wconf 77' lang='lat' dir='ltr'><strong>(Mattlt.,vu,</strong></span> <span class='ocrx_word' id='word_1_567' title='bbox 3386 3532 3476 3595; x_wconf 82' lang='grc'><strong>15.</strong></span> <span class='ocrx_word' id='word_1_568' title='bbox 3493 3531 3604 3603; x_wconf 78' lang='grc'><strong>16),</strong></span> <span class='ocrx_word' id='word_1_569' title='bbox 3631 3532 3709 3588; x_wconf 85' lang='lat' dir='ltr'><strong>vi-</strong></span> 
     </span>
    </p>
   </div>
   <div class='ocr_carea' id='block_1_81' title="bbox 2108 3613 3733 3699">
    <p class='ocr_par' dir='ltr' id='par_1_81' title="bbox 2108 3613 3733 3699">
     <span class='ocr_line' id='line_1_81' title="bbox 2108 3613 3733 3699; baseline -0.004 -13"><span class='ocrx_word' id='word_1_570' title='bbox 2108 3639 2226 3686; x_wconf 90' lang='lat' dir='ltr'><strong>tare</strong></span> <span class='ocrx_word' id='word_1_571' title='bbox 2256 3630 2324 3685; x_wconf 89' lang='lat' dir='ltr'><strong>ab</strong></span> <span class='ocrx_word' id='word_1_572' title='bbox 2374 3628 2681 3699; x_wconf 79' lang='lat' dir='ltr'><strong>liujusmodi</strong></span> <span class='ocrx_word' id='word_1_573' title='bbox 2719 3638 2773 3683; x_wconf 94' lang='lat' dir='ltr'><strong>et</strong></span> <span class='ocrx_word' id='word_1_574' title='bbox 2802 3613 3046 3695; x_wconf 88' lang='lat' dir='ltr'><strong>horrere,</strong></span> <span class='ocrx_word' id='word_1_575' title='bbox 3080 3640 3179 3681; x_wconf 88' lang='lat' dir='ltr'><strong>nec</strong></span> <span class='ocrx_word' id='word_1_576' title='bbox 3209 3627 3317 3681; x_wconf 87' lang='lat' dir='ltr'><strong>illis</strong></span> <span class='ocrx_word' id='word_1_577' title='bbox 3363 3626 3519 3681; x_wconf 78' lang='lat' dir='ltr'><strong>facile</strong></span> <span class='ocrx_word' id='word_1_578' title='bbox 3555 3616 3733 3680; x_wconf 40' lang='lat' dir='ltr'><strong>cum!</strong></span> 
     </span>
    </p>
   </div>
   <div class='ocr_carea' id='block_1_82' title="bbox 2110 3722 3712 3795">
    <p class='ocr_par' dir='ltr' id='par_1_82' title="bbox 2110 3722 3712 3795">
     <span class='ocr_line' id='line_1_82' title="bbox 2110 3722 3712 3795; baseline -0.002 -15"><span class='ocrx_word' id='word_1_579' title='bbox 2110 3725 2406 3792; x_wconf 87' lang='lat' dir='ltr'><strong>tnunicare,</strong></span> <span class='ocrx_word' id='word_1_580' title='bbox 2437 3738 2733 3795; x_wconf 75' lang='lat' dir='ltr'><strong>agnoscere</strong></span> <span class='ocrx_word' id='word_1_581' title='bbox 2765 3724 2891 3779; x_wconf 91' lang='lat' dir='ltr'><strong>illos</strong></span> <span class='ocrx_word' id='word_1_582' title='bbox 2929 3738 2997 3778; x_wconf 73' lang='lat' dir='ltr'><strong>ex</strong></span> <span class='ocrx_word' id='word_1_583' title='bbox 3038 3722 3247 3778; x_wconf 83' lang='lat' dir='ltr'><strong>actibus</strong></span> <span class='ocrx_word' id='word_1_584' title='bbox 3284 3724 3416 3788; x_wconf 89' lang='lat' dir='ltr'><strong>suis,</strong></span> <span class='ocrx_word' id='word_1_585' title='bbox 3457 3728 3619 3791; x_wconf 87' lang='lat' dir='ltr'><strong>atque</strong></span> <span class='ocrx_word' id='word_1_586' title='bbox 3642 3736 3712 3777; x_wconf 76' lang='lat' dir='ltr'><strong>ex</strong></span> 
     </span>
    </p>
   </div>
   <div class='ocr_carea' id='block_1_83' title="bbox 2111 3812 3710 3889">
    <p class='ocr_par' dir='ltr' id='par_1_83' title="bbox 2111 3812 3710 3889">
     <span class='ocr_line' id='line_1_83' title="bbox 2111 3812 3710 3889; baseline -0.005 -13"><span class='ocrx_word' id='word_1_587' title='bbox 2111 3834 2299 3876; x_wconf 90' lang='lat' dir='ltr'><strong>eorum</strong></span> <span class='ocrx_word' id='word_1_588' title='bbox 2357 3818 2576 3889; x_wconf 79' lang='lat' dir='ltr'><strong>scriptis</strong></span> <span class='ocrx_word' id='word_1_589' title='bbox 2605 3817 2882 3888; x_wconf 82' lang='lat' dir='ltr'><strong>sacrilegis</strong></span> <span class='ocrx_word' id='word_1_590' title='bbox 2932 3816 3324 3886; x_wconf 72' lang='lat' dir='ltr'><strong>praedamnare.</strong></span> <span class='ocrx_word' id='word_1_591' title='bbox 3384 3812 3540 3868; x_wconf 88' lang='lat' dir='ltr'><strong>Nunc</strong></span> <span class='ocrx_word' id='word_1_592' title='bbox 3579 3828 3710 3868; x_wconf 81' lang='lat' dir='ltr'><strong>vero</strong></span> 
     </span>
    </p>
   </div>
   <div class='ocr_carea' id='block_1_84' title="bbox 2109 3905 3709 3977">
    <p class='ocr_par' dir='ltr' id='par_1_84' title="bbox 2109 3905 3709 3977">
     <span class='ocr_line' id='line_1_84' title="bbox 2109 3905 3709 3977; baseline -0.004 -11"><span class='ocrx_word' id='word_1_593' title='bbox 2109 3911 2461 3968; x_wconf 80' lang='lat' dir='ltr'><strong>vehementer</strong></span> <span class='ocrx_word' id='word_1_594' title='bbox 2496 3910 2811 3976; x_wconf 90' lang='lat' dir='ltr'><strong>metuimus,</strong></span> <span class='ocrx_word' id='word_1_595' title='bbox 2850 3924 2920 3963; x_wconf 94' lang='lat' dir='ltr'><strong>ne</strong></span> <span class='ocrx_word' id='word_1_596' title='bbox 2971 3908 3170 3963; x_wconf 87' lang='lat' dir='ltr'><strong>nostris</strong></span> <span class='ocrx_word' id='word_1_597' title='bbox 3199 3905 3532 3977; x_wconf 82' lang='lat' dir='ltr'><strong>temporibus</strong></span> <span class='ocrx_word' id='word_1_598' title='bbox 3560 3919 3709 3961; x_wconf 89' lang='lat' dir='ltr'><strong>com-</strong></span> 
     </span>
    </p>
   </div>
   <div class='ocr_carea' id='block_1_85' title="bbox 2111 3999 3703 4075">
    <p class='ocr_par' dir='ltr' id='par_1_85' title="bbox 2111 3999 3703 4075">
     <span class='ocr_line' id='line_1_85' title="bbox 2111 3999 3703 4075; baseline -0.004 -15"><span class='ocrx_word' id='word_1_599' title='bbox 2111 4006 2321 4075; x_wconf 90' lang='lat' dir='ltr'><strong>pleatur</strong></span> <span class='ocrx_word' id='word_1_600' title='bbox 2350 4003 2494 4074; x_wconf 88' lang='lat' dir='ltr'><strong>quod</strong></span> <span class='ocrx_word' id='word_1_601' title='bbox 2521 4003 2784 4073; x_wconf 87' lang='lat' dir='ltr'><strong>scriptum</strong></span> <span class='ocrx_word' id='word_1_602' title='bbox 2834 4009 2953 4059; x_wconf 87' lang='lat' dir='ltr'><strong>est:</strong></span> <span class='ocrx_word' id='word_1_603' title='bbox 2983 3999 3115 4057; x_wconf 85' lang='lat' dir='ltr'><strong>Cum</strong></span> <span class='ocrx_word' id='word_1_604' title='bbox 3158 4000 3422 4056; x_wconf 78' lang='lat' dir='ltr'><strong>dormiunt</strong></span> <span class='ocrx_word' id='word_1_605' title='bbox 3447 3999 3703 4063; x_wconf 80' lang='lat' dir='ltr'><strong>homines,</strong></span> 
     </span>
    </p>
   </div>
   <div class='ocr_carea' id='block_1_86' title="bbox 2115 4093 3711 4166">
    <p class='ocr_par' dir='ltr' id='par_1_86' title="bbox 2115 4093 3711 4166">
     <span class='ocr_line' id='line_1_86' title="bbox 2115 4093 3711 4166; baseline -0.006 -14"><span class='ocrx_word' id='word_1_606' title='bbox 2115 4097 2243 4152; x_wconf 75' lang='lat' dir='ltr'><strong>venit</strong></span> <span class='ocrx_word' id='word_1_607' title='bbox 2290 4096 2529 4151; x_wconf 85' lang='lat' dir='ltr'><strong>inimicus</strong></span> <span class='ocrx_word' id='word_1_608' title='bbox 2582 4105 2629 4150; x_wconf 84' lang='lat' dir='ltr'><strong>et</strong></span> <span class='ocrx_word' id='word_1_609' title='bbox 2678 4095 2875 4166; x_wconf 86' lang='lat' dir='ltr'><strong>spargit</strong></span> <span class='ocrx_word' id='word_1_610' title='bbox 2939 4096 3143 4147; x_wconf 75' lang='lat' dir='ltr'><strong>zizania</strong></span> <span class='ocrx_word' id='word_1_611' title='bbox 3206 4093 3343 4147; x_wconf 89' lang='lat' dir='ltr'><strong>inter</strong></span> <span class='ocrx_word' id='word_1_612' title='bbox 3394 4095 3711 4164; x_wconf 77' lang='lat' dir='ltr'><strong>frumentum</strong></span> 
     </span>
    </p>
   </div>
   <div class='ocr_carea' id='block_1_87' title="bbox 2117 4184 3712 4260">
    <p class='ocr_par' dir='ltr' id='par_1_87' title="bbox 2117 4184 3712 4260">
     <span class='ocr_line' id='line_1_87' title="bbox 2117 4184 3712 4260; baseline -0.004 -17"><span class='ocrx_word' id='word_1_613' title='bbox 2117 4188 2356 4260; x_wconf 79' lang='lat' dir='ltr'><strong>(Matth.,</strong></span> <span class='ocrx_word' id='word_1_614' title='bbox 2381 4204 2498 4255; x_wconf 79' lang='lat' dir='ltr'><strong>xm,</strong></span> <span class='ocrx_word' id='word_1_615' title='bbox 2524 4187 2641 4258; x_wconf 70' lang='grc' dir='ltr'><strong>ΞΒ).</strong></span> <span class='ocrx_word' id='word_1_616' title='bbox 2683 4185 2818 4243; x_wconf 87' lang='lat' dir='ltr'><strong>Cutn</strong></span> <span class='ocrx_word' id='word_1_617' title='bbox 2844 4188 2991 4243; x_wconf 90' lang='lat' dir='ltr'><strong>enim</strong></span> <span class='ocrx_word' id='word_1_618' title='bbox 3042 4201 3149 4241; x_wconf 91' lang='lat' dir='ltr'><strong>non</strong></span> <span class='ocrx_word' id='word_1_619' title='bbox 3195 4185 3419 4257; x_wconf 83' lang='lat' dir='ltr'><strong>vigilant</strong></span> <span class='ocrx_word' id='word_1_620' title='bbox 3466 4184 3545 4252; x_wconf 79' lang='lat' dir='ltr'><strong>iii,</strong></span> <span class='ocrx_word' id='word_1_621' title='bbox 3575 4196 3712 4252; x_wconf 90' lang='lat' dir='ltr'><strong>quos</strong></span> 
     </span>
    </p>
   </div>
   <div class='ocr_carea' id='block_1_88' title="bbox 2117 4275 3714 4353">
    <p class='ocr_par' dir='ltr' id='par_1_88' title="bbox 2117 4275 3714 4353">
     <span class='ocr_line' id='line_1_88' title="bbox 2117 4275 3714 4353; baseline -0.003 -18"><span class='ocrx_word' id='word_1_622' title='bbox 2117 4281 2343 4353; x_wconf 85' lang='lat' dir='ltr'><strong>vigilare</strong></span> <span class='ocrx_word' id='word_1_623' title='bbox 2376 4280 2670 4351; x_wconf 90' lang='lat' dir='ltr'><strong>oportetin</strong></span> <span class='ocrx_word' id='word_1_624' title='bbox 2717 4279 2963 4337; x_wconf 88' lang='lat' dir='ltr'><strong>custodia</strong></span> <span class='ocrx_word' id='word_1_625' title='bbox 3018 4278 3316 4347; x_wconf 61' lang='lat' dir='ltr'><strong>Ecclesia);</strong></span> <span class='ocrx_word' id='word_1_626' title='bbox 3363 4276 3498 4333; x_wconf 84' lang='lat' dir='ltr'><strong>falsa</strong></span> <span class='ocrx_word' id='word_1_627' title='bbox 3548 4275 3714 4332; x_wconf 87' lang='lat' dir='ltr'><strong>verba</strong></span> 
     </span>
    </p>
   </div>
   <div class='ocr_carea' id='block_1_89' title="bbox 2116 4374 3639 4448">
    <p class='ocr_par' dir='ltr' id='par_1_89' title="bbox 2116 4374 3639 4448">
     <span class='ocr_line' id='line_1_89' title="bbox 2116 4374 3639 4448; baseline -0.002 -19"><span class='ocrx_word' id='word_1_628' title='bbox 2116 4376 2193 4448; x_wconf 77' lang='grc' dir='ltr'><strong>(ά)</strong></span> <span class='ocrx_word' id='word_1_629' title='bbox 2222 4376 2507 4440; x_wconf 89' lang='lat' dir='ltr'><strong>imitantia,</strong></span> <span class='ocrx_word' id='word_1_630' title='bbox 2530 4375 2769 4431; x_wconf 79' lang='lat' dir='ltr'><strong>funditus</strong></span> <span class='ocrx_word' id='word_1_631' title='bbox 2797 4374 2851 4430; x_wconf 91' lang='lat' dir='ltr'><strong>id</strong></span> <span class='ocrx_word' id='word_1_632' title='bbox 2874 4377 3018 4445; x_wconf 92' lang='lat' dir='ltr'><strong>quod</strong></span> <span class='ocrx_word' id='word_1_633' title='bbox 3044 4381 3252 4430; x_wconf 90' lang='lat' dir='ltr'><strong>rectum</strong></span> <span class='ocrx_word' id='word_1_634' title='bbox 3283 4380 3369 4429; x_wconf 89' lang='lat' dir='ltr'><strong>est</strong></span> <span class='ocrx_word' id='word_1_635' title='bbox 3406 4380 3639 4428; x_wconf 87' lang='lat' dir='ltr'><strong>vertunt.</strong></span> 
     </span>
    </p>
   </div>
   <div class='ocr_carea' id='block_1_90' title="bbox 2186 4467 3717 4540">
    <p class='ocr_par' dir='ltr' id='par_1_90' title="bbox 2186 4467 3717 4540">
     <span class='ocr_line' id='line_1_90' title="bbox 2186 4467 3717 4540; baseline -0.002 -15"><span class='ocrx_word' id='word_1_636' title='bbox 2186 4468 2240 4525; x_wconf 83' lang='lat'><strong>5.</strong></span> <span class='ocrx_word' id='word_1_637' title='bbox 2268 4467 2520 4523; x_wconf 80' lang='lat' dir='ltr'><strong>Marcello</strong></span> <span class='ocrx_word' id='word_1_638' title='bbox 2545 4470 2779 4540; x_wconf 80' lang='lat' dir='ltr'><strong>neganda</strong></span> <span class='ocrx_word' id='word_1_639' title='bbox 2798 4468 3092 4523; x_wconf 85' lang='lat' dir='ltr'><strong>communio</strong></span> <span class='ocrx_word' id='word_1_640' title='bbox 3118 4468 3551 4523; x_wconf 85' lang='lat' dir='ltr'><strong>denuntiatur.—</strong></span> <span class='ocrx_word' id='word_1_641' title='bbox 3568 4467 3717 4535; x_wconf 79' lang='lat' dir='ltr'><strong>Qua-</strong></span> 
     </span>
    </p>
   </div>
   <div class='ocr_carea' id='block_1_91' title="bbox 411 4554 3716 4632">
    <p class='ocr_par' dir='ltr' id='par_1_91' title="bbox 411 4554 3716 4632">
     <span class='ocr_line' id='line_1_91' title="bbox 411 4554 3716 4632; baseline 0 -17"><span class='ocrx_word' id='word_1_642' title='bbox 411 4576 538 4617; x_wconf 91' lang='lat' dir='ltr'><strong>cum</strong></span> <span class='ocrx_word' id='word_1_643' title='bbox 570 4560 687 4629; x_wconf 89' lang='lat' dir='ltr'><strong>ipso</strong></span> <span class='ocrx_word' id='word_1_644' title='bbox 703 4569 830 4614; x_wconf 88' lang='lat' dir='ltr'><strong>sunt</strong></span> <span class='ocrx_word' id='word_1_645' title='bbox 857 4557 1109 4614; x_wconf 78' lang='lat' dir='ltr'><strong>Marcello</strong></span> <span class='ocrx_word' id='word_1_646' title='bbox 1139 4566 1301 4627; x_wconf 88' lang='lat' dir='ltr'><strong>atquc</strong></span> <span class='ocrx_word' id='word_1_647' title='bbox 1329 4554 1404 4612; x_wconf 86' lang='lat' dir='ltr'><strong>illi</strong></span> <span class='ocrx_word' id='word_1_648' title='bbox 1433 4557 1632 4623; x_wconf 80' lang='lat' dir='ltr'><strong>favent,</strong></span> <span class='ocrx_word' id='word_1_649' title='bbox 1664 4556 1717 4611; x_wconf 90' lang='lat' dir='ltr'><strong>id</strong></span> <span class='ocrx_word' id='word_1_650' title='bbox 1743 4567 1845 4627; x_wconf 86' lang='lat' dir='ltr'><strong>est,</strong></span> <span class='ocrx_word' id='word_1_651' title='bbox 1883 4558 2011 4614; x_wconf 84' lang='lat' dir='ltr'><strong>l’ro-</strong></span> <span class='ocrx_word' id='word_1_652' title='bbox 2038 4560 2090 4625; x_wconf 88' lang='lat' dir='ltr'><strong>D</strong></span> <span class='ocrx_word' id='word_1_653' title='bbox 2118 4569 2340 4632; x_wconf 85' lang='lat' dir='ltr'><strong>propter</strong></span> <span class='ocrx_word' id='word_1_654' title='bbox 2360 4575 2479 4625; x_wconf 87' lang='lat' dir='ltr'><strong>nos,</strong></span> <span class='ocrx_word' id='word_1_655' title='bbox 2502 4562 2592 4632; x_wconf 86' lang='lat' dir='ltr'><strong>qui</strong></span> <span class='ocrx_word' id='word_1_656' title='bbox 2627 4561 2784 4631; x_wconf 89' lang='lat' dir='ltr'><strong>plene</strong></span> <span class='ocrx_word' id='word_1_657' title='bbox 2807 4575 2872 4617; x_wconf 79' lang='lat' dir='ltr'><strong>ex</strong></span> <span class='ocrx_word' id='word_1_658' title='bbox 2929 4561 3067 4616; x_wconf 88' lang='lat' dir='ltr'><strong>libro</strong></span> <span class='ocrx_word' id='word_1_659' title='bbox 3106 4560 3342 4616; x_wconf 85' lang='lat' dir='ltr'><strong>Marcelli</strong></span> <span class='ocrx_word' id='word_1_660' title='bbox 3368 4561 3484 4630; x_wconf 84' lang='lat' dir='ltr'><strong>ejus</strong></span> <span class='ocrx_word' id='word_1_661' title='bbox 3513 4565 3716 4615; x_wconf 88' lang='lat' dir='ltr'><strong>sectam</strong></span> 
     </span>
    </p>
   </div>
   <div class='ocr_carea' id='block_1_92' title="bbox 416 4649 2014 4727">
    <p class='ocr_par' dir='ltr' id='par_1_92' title="bbox 416 4649 2014 4727">
     <span class='ocr_line' id='line_1_92' title="bbox 416 4649 2014 4727; baseline -0.003 -17"><span class='ocrx_word' id='word_1_662' title='bbox 416 4664 640 4727; x_wconf 83' lang='lat' dir='ltr'><strong>togenes</strong></span> <span class='ocrx_word' id='word_1_663' title='bbox 664 4651 904 4710; x_wconf 75' lang='lat' dir='ltr'><strong>Serdicae</strong></span> <span class='ocrx_word' id='word_1_664' title='bbox 932 4650 1168 4708; x_wconf 86' lang='lat' dir='ltr'><strong>civitatis</strong></span> <span class='ocrx_word' id='word_1_665' title='bbox 1212 4653 1500 4720; x_wconf 79' lang='lat' dir='ltr'><strong>episcOpus</strong></span> <span class='ocrx_word' id='word_1_666' title='bbox 1547 4662 1602 4706; x_wconf 90' lang='lat' dir='ltr'><strong>et</strong></span> <span class='ocrx_word' id='word_1_667' title='bbox 1633 4649 1708 4723; x_wconf 72' lang='grc' dir='ltr'><strong>(ὁ)</strong></span> <span class='ocrx_word' id='word_1_668' title='bbox 1738 4650 2014 4706; x_wconf 85' lang='lat' dir='ltr'><strong>Siracusa-</strong></span> 
     </span>
    </p>
   </div>
   <div class='ocr_carea' id='block_1_93' title="bbox 417 4807 2016 4891">
    <p class='ocr_par' dir='ltr' id='par_1_93' title="bbox 417 4807 2016 4891">
     <span class='ocr_line' id='line_1_93' title="bbox 417 4807 2016 4891; baseline -0.001 -22"><span class='ocrx_word' id='word_1_669' title='bbox 417 4816 486 4878; x_wconf 82' lang='grc' dir='ltr'><strong>ὡς</strong></span> <span class='ocrx_word' id='word_1_670' title='bbox 534 4808 676 4891; x_wconf 63' lang='grc' dir='ltr'><strong>οὐδὲν</strong></span> <span class='ocrx_word' id='word_1_671' title='bbox 718 4812 895 4891; x_wconf 44' lang='lat' dir='ltr'><strong>hspes</strong></span> <span class='ocrx_word' id='word_1_672' title='bbox 918 4810 978 4891; x_wconf 51' lang='grc' dir='ltr'><strong>ἧκέ</strong></span> <span class='ocrx_word' id='word_1_673' title='bbox 1006 4809 1032 4868; x_wconf 83' lang='grc' dir='ltr'><strong>ὃ</strong></span> <span class='ocrx_word' id='word_1_674' title='bbox 1058 4807 1374 4891; x_wconf 54' lang='grc' dir='ltr'><strong>λόγοςβνδόν</strong></span> <span class='ocrx_word' id='word_1_675' title='bbox 1401 4810 1561 4884; x_wconf 66' lang='grc' dir='ltr'><strong><em>μένων</em></strong></span> <span class='ocrx_word' id='word_1_676' title='bbox 1596 4813 1647 4867; x_wconf 80' lang='grc' dir='ltr'><strong>ἐν</strong></span> <span class='ocrx_word' id='word_1_677' title='bbox 1693 4812 2016 4891; x_wconf 56' lang='grc' dir='ltr'><strong>ἡσυχάζοντι</strong></span> 
     </span>
    </p>
   </div>
   <div class='ocr_carea' id='block_1_94' title="bbox 415 4880 2017 4964">
    <p class='ocr_par' dir='ltr' id='par_1_94' title="bbox 415 4880 2017 4964">
     <span class='ocr_line' id='line_1_94' title="bbox 415 4880 2017 4964; baseline -0.002 -22"><span class='ocrx_word' id='word_1_678' title='bbox 415 4895 491 4964; x_wconf 52' lang='grc' dir='ltr'><strong>τῷ</strong></span> <span class='ocrx_word' id='word_1_679' title='bbox 513 4889 691 4964; x_wconf 70' lang='lat' dir='ltr'><strong>“arpi,</strong></span> <span class='ocrx_word' id='word_1_680' title='bbox 724 4880 830 4940; x_wconf 78' lang='lat' dir='ltr'><strong>etc&#39;.</strong></span> <span class='ocrx_word' id='word_1_681' title='bbox 859 4883 1065 4953; x_wconf 86' lang='lat' dir='ltr'><strong>Quibus</strong></span> <span class='ocrx_word' id='word_1_682' title='bbox 1091 4880 1271 4936; x_wconf 81' lang='lat' dir='ltr'><strong>verbis</strong></span> <span class='ocrx_word' id='word_1_683' title='bbox 1295 4880 1540 4964; x_wconf 62' lang='lat' dir='ltr'><strong>nontam</strong></span> <span class='ocrx_word' id='word_1_684' title='bbox 1597 4880 2017 4964; x_wconf 56' lang='lat' dir='ltr'><strong>negatur&#39;exsti-</strong></span> 
     </span>
    </p>
   </div>
   <div class='ocr_carea' id='block_1_95' title="bbox 417 4950 2015 5028">
    <p class='ocr_par' dir='ltr' id='par_1_95' title="bbox 417 4950 2015 5028">
     <span class='ocr_line' id='line_1_95' title="bbox 417 4950 2015 5028; baseline -0.002 -16"><span class='ocrx_word' id='word_1_685' title='bbox 417 4950 553 5013; x_wconf 72' lang='lat' dir='ltr'><strong>tisse</strong></span> <span class='ocrx_word' id='word_1_686' title='bbox 576 4998 592 5025; x_wconf 96' lang='lat'><strong>,</strong></span> <span class='ocrx_word' id='word_1_687' title='bbox 619 4950 779 5028; x_wconf 72' lang='lat' dir='ltr'><strong>quam</strong></span> <span class='ocrx_word' id='word_1_688' title='bbox 808 4950 1090 5028; x_wconf 70' lang='lat' dir='ltr'><strong>externum</strong></span> <span class='ocrx_word' id='word_1_689' title='bbox 1131 4967 1266 5020; x_wconf 89' lang='lat' dir='ltr'><strong>npus</strong></span> <span class='ocrx_word' id='word_1_690' title='bbox 1294 4950 1621 5028; x_wconf 49' lang='lat' dir='ltr'><strong>exhibuisse.</strong></span> <span class='ocrx_word' id='word_1_691' title='bbox 1670 4953 1759 5028; x_wconf 82' lang='lat' dir='ltr'><strong>Sic</strong></span> <span class='ocrx_word' id='word_1_692' title='bbox 1781 4966 1832 5007; x_wconf 84' lang='lat' dir='ltr'><strong>et</strong></span> <span class='ocrx_word' id='word_1_693' title='bbox 1866 4970 2015 5009; x_wconf 72' lang='lat' dir='ltr'><strong>more</strong></span> 
     </span>
    </p>
   </div>
   <div class='ocr_carea' id='block_1_96' title="bbox 416 5022 2013 5093">
    <p class='ocr_par' dir='ltr' id='par_1_96' title="bbox 416 5022 2013 5093">
     <span class='ocr_line' id='line_1_96' title="bbox 416 5022 2013 5093; baseline -0.003 -9"><span class='ocrx_word' id='word_1_694' title='bbox 416 5022 653 5084; x_wconf 75' lang='lat' dir='ltr'><strong>aliorum</strong></span> <span class='ocrx_word' id='word_1_695' title='bbox 707 5028 926 5083; x_wconf 85' lang='lat' dir='ltr'><strong>Patrum</strong></span> <span class='ocrx_word' id='word_1_696' title='bbox 975 5022 1248 5093; x_wconf 83' lang='lat' dir='ltr'><strong>al‘llrmare</strong></span> <span class='ocrx_word' id='word_1_697' title='bbox 1301 5025 1348 5078; x_wconf 83' lang='lat' dir='ltr'><strong>ei</strong></span> <span class='ocrx_word' id='word_1_698' title='bbox 1396 5026 1652 5093; x_wconf 88' lang='lat' dir='ltr'><strong>licuerit,</strong></span> <span class='ocrx_word' id='word_1_699' title='bbox 1728 5027 2013 5079; x_wconf 79' lang='lat' dir='ltr'><strong>humanam</strong></span> 
     </span>
    </p>
   </div>
   <div class='ocr_carea' id='block_1_97' title="bbox 416 5090 2013 5167">
    <p class='ocr_par' dir='ltr' id='par_1_97' title="bbox 416 5090 2013 5167">
     <span class='ocr_line' id='line_1_97' title="bbox 416 5090 2013 5167; baseline -0.003 -12"><span class='ocrx_word' id='word_1_700' title='bbox 416 5098 618 5155; x_wconf 81' lang='lat' dir='ltr'><strong>Christi</strong></span> <span class='ocrx_word' id='word_1_701' title='bbox 666 5110 910 5153; x_wconf 82' lang='lat' dir='ltr'><strong>naturam</strong></span> <span class='ocrx_word' id='word_1_702' title='bbox 964 5113 1059 5167; x_wconf 90' lang='lat' dir='ltr'><strong>per</strong></span> <span class='ocrx_word' id='word_1_703' title='bbox 1108 5090 1333 5167; x_wconf 81' lang='lat' dir='ltr'><strong>gloriam</strong></span> <span class='ocrx_word' id='word_1_704' title='bbox 1384 5093 1440 5149; x_wconf 85' lang='lat' dir='ltr'><strong>in</strong></span> <span class='ocrx_word' id='word_1_705' title='bbox 1460 5090 1645 5167; x_wconf 26' lang='lat' dir='ltr'><strong>Alleum&#39;</strong></span> <span class='ocrx_word' id='word_1_706' title='bbox 1666 5095 2013 5151; x_wconf 77' lang='lat' dir='ltr'><strong>transiturum</strong></span> 
     </span>
    </p>
   </div>
   <div class='ocr_carea' id='block_1_98' title="bbox 418 5162 2017 5238">
    <p class='ocr_par' dir='ltr' id='par_1_98' title="bbox 418 5162 2017 5238">
     <span class='ocr_line' id='line_1_98' title="bbox 418 5162 2017 5238; baseline -0.001 -13"><span class='ocrx_word' id='word_1_707' title='bbox 418 5184 541 5226; x_wconf 88' lang='lat' dir='ltr'><strong>esse</strong></span> <span class='ocrx_word' id='word_1_708' title='bbox 568 5169 791 5238; x_wconf 85' lang='lat' dir='ltr'><strong>speciali</strong></span> <span class='ocrx_word' id='word_1_709' title='bbox 818 5162 1045 5238; x_wconf 76' lang='lat' dir='ltr'><strong>quadam</strong></span> <span class='ocrx_word' id='word_1_710' title='bbox 1071 5162 1193 5222; x_wconf 77' lang='lat' dir='ltr'><strong>cum</strong></span> <span class='ocrx_word' id='word_1_711' title='bbox 1215 5165 1327 5222; x_wconf 85' lang='lat' dir='ltr'><strong>Deo</strong></span> <span class='ocrx_word' id='word_1_712' title='bbox 1351 5162 1752 5237; x_wconf 85' lang='lat' dir='ltr'><strong>conjunctione,</strong></span> <span class='ocrx_word' id='word_1_713' title='bbox 1778 5168 1871 5224; x_wconf 86' lang='lat' dir='ltr'><strong>sed</strong></span> <span class='ocrx_word' id='word_1_714' title='bbox 1899 5170 2017 5224; x_wconf 90' lang='lat' dir='ltr'><strong>sine</strong></span> 
     </span>
    </p>
   </div>
   <div class='ocr_carea' id='block_1_99' title="bbox 418 5240 1184 5313">
    <p class='ocr_par' dir='ltr' id='par_1_99' title="bbox 418 5240 1184 5313">
     <span class='ocr_line' id='line_1_99' title="bbox 418 5240 1184 5313; baseline -0.009 -16"><span class='ocrx_word' id='word_1_715' title='bbox 418 5240 715 5297; x_wconf 88' lang='lat' dir='ltr'><strong>abolitione</strong></span> <span class='ocrx_word' id='word_1_716' title='bbox 743 5242 911 5313; x_wconf 87' lang='lat' dir='ltr'><strong>ipsius</strong></span> <span class='ocrx_word' id='word_1_717' title='bbox 957 5247 1184 5294; x_wconf 68' lang='lat' dir='ltr'><strong>naturas.</strong></span> 
     </span>
    </p>
   </div>
   <div class='ocr_carea' id='block_1_100' title="bbox 495 5326 2015 5408">
    <p class='ocr_par' dir='ltr' id='par_1_100' title="bbox 495 5326 2015 5408">
     <span class='ocr_line' id='line_1_100' title="bbox 495 5326 2015 5408; baseline -0.001 -20"><span class='ocrx_word' id='word_1_718' title='bbox 495 5332 573 5408; x_wconf 83' lang='lat' dir='ltr'><strong>(a)</strong></span> <span class='ocrx_word' id='word_1_719' title='bbox 604 5332 717 5389; x_wconf 86' lang='lat' dir='ltr'><strong>Nisi</strong></span> <span class='ocrx_word' id='word_1_720' title='bbox 748 5345 1148 5408; x_wconf 75' lang='lat' dir='ltr'><strong>supervacanea</strong></span> <span class='ocrx_word' id='word_1_721' title='bbox 1168 5398 1178 5408; x_wconf 38' lang='lat'><em>.</em></span> <span class='ocrx_word' id='word_1_722' title='bbox 1202 5337 1328 5408; x_wconf 77' lang='lat' dir='ltr'><strong>sunt</strong></span> <span class='ocrx_word' id='word_1_723' title='bbox 1355 5344 1474 5400; x_wconf 71' lang='lat' dir='ltr'><strong>qua:</strong></span> <span class='ocrx_word' id='word_1_724' title='bbox 1494 5326 1643 5408; x_wconf 67' lang='lat' dir='ltr'><strong>intra</strong></span> <span class='ocrx_word' id='word_1_725' title='bbox 1674 5332 1902 5386; x_wconf 90' lang='lat' dir='ltr'><strong>uncinos</strong></span> <span class='ocrx_word' id='word_1_726' title='bbox 1931 5328 2015 5408; x_wconf 81' lang='lat' dir='ltr'><strong>in-</strong></span> 
     </span>
    </p>
   </div>
   <div class='ocr_carea' id='block_1_101' title="bbox 420 5394 2017 5471">
    <p class='ocr_par' dir='ltr' id='par_1_101' title="bbox 420 5394 2017 5471">
     <span class='ocr_line' id='line_1_101' title="bbox 420 5394 2017 5471; baseline -0.003 -10"><span class='ocrx_word' id='word_1_727' title='bbox 420 5394 731 5471; x_wconf 65' lang='lat' dir='ltr'><strong>cluduntur,</strong></span> <span class='ocrx_word' id='word_1_728' title='bbox 760 5394 1138 5460; x_wconf 78' lang='lat' dir='ltr'><strong>desiderantur</strong></span> <span class='ocrx_word' id='word_1_729' title='bbox 1167 5394 1253 5456; x_wconf 80' lang='lat' dir='ltr'><strong>hic</strong></span> <span class='ocrx_word' id='word_1_730' title='bbox 1307 5394 1582 5454; x_wconf 76' lang='lat' dir='ltr'><strong>nonnulla.</strong></span> <span class='ocrx_word' id='word_1_731' title='bbox 1612 5398 1727 5471; x_wconf 83' lang='lat' dir='ltr'><strong>Aut</strong></span> <span class='ocrx_word' id='word_1_732' title='bbox 1759 5413 1906 5457; x_wconf 88' lang='lat' dir='ltr'><strong>certe</strong></span> <span class='ocrx_word' id='word_1_733' title='bbox 1936 5403 2017 5458; x_wconf 88' lang='lat' dir='ltr'><strong>le-</strong></span> 
     </span>
    </p>
   </div>
   <div class='ocr_carea' id='block_1_102' title="bbox 422 5470 2017 5555">
    <p class='ocr_par' dir='ltr' id='par_1_102' title="bbox 422 5470 2017 5555">
     <span class='ocr_line' id='line_1_102' title="bbox 422 5470 2017 5555; baseline -0.002 -24"><span class='ocrx_word' id='word_1_734' title='bbox 422 5477 654 5555; x_wconf 72' lang='lat' dir='ltr'><strong>gendum</strong></span> <span class='ocrx_word' id='word_1_735' title='bbox 687 5492 700 5530; x_wconf 88' lang='lat'><strong>:</strong></span> <span class='ocrx_word' id='word_1_736' title='bbox 733 5473 1189 5555; x_wconf 52' lang='grc' dir='ltr'><strong>ΛηαιΙξειζιαιξίιαῑιιΔ</strong></span> <span class='ocrx_word' id='word_1_737' title='bbox 1232 5482 1350 5555; x_wconf 73' lang='lat' dir='ltr'><strong>sunt</strong></span> <span class='ocrx_word' id='word_1_738' title='bbox 1402 5488 1544 5555; x_wconf 43' lang='lat' dir='ltr'><strong>cum.</strong></span> <span class='ocrx_word' id='word_1_739' title='bbox 1570 5473 1680 5555; x_wconf 78' lang='lat' dir='ltr'><strong>ipsa</strong></span> <span class='ocrx_word' id='word_1_740' title='bbox 1707 5470 1959 5555; x_wconf 52' lang='lat' dir='ltr'><strong>glarcello</strong></span> <span class='ocrx_word' id='word_1_741' title='bbox 1984 5490 2017 5528; x_wconf 90' lang='lat' dir='ltr'><strong>a</strong></span> 
     </span>
    </p>
   </div>
   <div class='ocr_carea' id='block_1_103' title="bbox 421 5540 1738 5620">
    <p class='ocr_par' dir='ltr' id='par_1_103' title="bbox 421 5540 1738 5620">
     <span class='ocr_line' id='line_1_103' title="bbox 421 5540 1738 5620; baseline -0.004 -17"><span class='ocrx_word' id='word_1_742' title='bbox 421 5540 713 5620; x_wconf 67' lang='lat' dir='ltr'><strong>parentibus</strong></span> <span class='ocrx_word' id='word_1_743' title='bbox 734 5545 923 5600; x_wconf 84' lang='lat' dir='ltr'><strong>nostris</strong></span> <span class='ocrx_word' id='word_1_744' title='bbox 952 5546 1005 5598; x_wconf 88' lang='lat' dir='ltr'><strong>in</strong></span> <span class='ocrx_word' id='word_1_745' title='bbox 1033 5542 1476 5612; x_wconf 76' lang='lat' dir='ltr'><strong>Constantinopoli</strong></span> <span class='ocrx_word' id='word_1_746' title='bbox 1500 5540 1738 5598; x_wconf 82' lang='lat' dir='ltr'><strong>civitate?</strong></span> 
     </span>
    </p>
   </div>
   <div class='ocr_carea' id='block_1_104' title="bbox 507 5634 2029 5708">
    <p class='ocr_par' dir='ltr' id='par_1_104' title="bbox 507 5634 2029 5708">
     <span class='ocr_line' id='line_1_104' title="bbox 507 5634 2029 5708; baseline -0.002 -16"><span class='ocrx_word' id='word_1_747' title='bbox 507 5638 586 5708; x_wconf 85' lang='lat' dir='ltr'><strong>(b)</strong></span> <span class='ocrx_word' id='word_1_748' title='bbox 616 5639 671 5694; x_wconf 87' lang='lat' dir='ltr'><strong>in</strong></span> <span class='ocrx_word' id='word_1_749' title='bbox 713 5637 1013 5706; x_wconf 77' lang='lat' dir='ltr'><strong>archetypo</strong></span> <span class='ocrx_word' id='word_1_750' title='bbox 1038 5652 1166 5700; x_wconf 90' lang='lat' dir='ltr'><strong>nts.,</strong></span> <span class='ocrx_word' id='word_1_751' title='bbox 1201 5634 1622 5708; x_wconf 64' lang='lat' dir='ltr'><strong>Siriacusanais:</strong></span> <span class='ocrx_word' id='word_1_752' title='bbox 1662 5635 1805 5691; x_wconf 88' lang='lat' dir='ltr'><strong>unde</strong></span> <span class='ocrx_word' id='word_1_753' title='bbox 1835 5636 1878 5690; x_wconf 91' lang='lat' dir='ltr'><strong>si</strong></span> <span class='ocrx_word' id='word_1_754' title='bbox 1908 5636 2029 5705; x_wconf 88' lang='lat' dir='ltr'><strong>quis</strong></span> 
     </span>
    </p>
   </div>
   <div class='ocr_carea' id='block_1_105' title="bbox 434 5705 2034 5777">
    <p class='ocr_par' dir='ltr' id='par_1_105' title="bbox 434 5705 2034 5777">
     <span class='ocr_line' id='line_1_105' title="bbox 434 5705 2034 5777; baseline -0.001 -12"><span class='ocrx_word' id='word_1_755' title='bbox 434 5705 583 5766; x_wconf 83' lang='lat' dir='ltr'><strong>volet</strong></span> <span class='ocrx_word' id='word_1_756' title='bbox 630 5708 1027 5764; x_wconf 79' lang='lat' dir='ltr'><strong>conﬁciendum</strong></span> <span class='ocrx_word' id='word_1_757' title='bbox 1079 5705 1475 5777; x_wconf 23' lang='lat' dir='ltr'><strong>essc‘Cyriacus</strong></span> <span class='ocrx_word' id='word_1_758' title='bbox 1493 5705 1853 5777; x_wconf 77' lang='lat' dir='ltr'><strong>An&#39;minensis,</strong></span> <span class='ocrx_word' id='word_1_759' title='bbox 1875 5710 2034 5776; x_wconf 87' lang='lat' dir='ltr'><strong>cujus</strong></span> 
     </span>
    </p>
   </div>
   <div class='ocr_carea' id='block_1_106' title="bbox 435 5775 2037 5848">
    <p class='ocr_par' dir='ltr' id='par_1_106' title="bbox 435 5775 2037 5848">
     <span class='ocr_line' id='line_1_106' title="bbox 435 5775 2037 5848; baseline -0.004 -9"><span class='ocrx_word' id='word_1_760' title='bbox 435 5796 723 5839; x_wconf 85' lang='lat' dir='ltr'><strong>successor</strong></span> <span class='ocrx_word' id='word_1_761' title='bbox 752 5779 1086 5838; x_wconf 88' lang='lat' dir='ltr'><strong>Gaudentius</strong></span> <span class='ocrx_word' id='word_1_762' title='bbox 1140 5775 1283 5834; x_wconf 76' lang='lat' dir='ltr'><strong>intra</strong></span> <span class='ocrx_word' id='word_1_763' title='bbox 1306 5776 1612 5847; x_wconf 87' lang='lat' dir='ltr'><strong>damnatur,</strong></span> <span class='ocrx_word' id='word_1_764' title='bbox 1643 5780 1786 5848; x_wconf 85' lang='lat' dir='ltr'><strong>quod</strong></span> <span class='ocrx_word' id='word_1_765' title='bbox 1808 5775 2037 5834; x_wconf 76' lang='lat' dir='ltr'><strong>Marcel-</strong></span> 
     </span>
    </p>
   </div>
   <div class='ocr_carea' id='block_1_107' title="bbox 2121 4652 3720 4724">
    <p class='ocr_par' dir='ltr' id='par_1_107' title="bbox 2121 4652 3720 4724">
     <span class='ocr_line' id='line_1_107' title="bbox 2121 4652 3720 4724; baseline -0.001 -16"><span class='ocrx_word' id='word_1_766' title='bbox 2121 4653 2434 4724; x_wconf 85' lang='lat' dir='ltr'><strong>sceleraque</strong></span> <span class='ocrx_word' id='word_1_767' title='bbox 2482 4655 2853 4724; x_wconf 84' lang='lat' dir='ltr'><strong>cognovimus,</strong></span> <span class='ocrx_word' id='word_1_768' title='bbox 2898 4653 3219 4723; x_wconf 82' lang='lat' dir='ltr'><strong>scripsimus</strong></span> <span class='ocrx_word' id='word_1_769' title='bbox 3276 4652 3446 4719; x_wconf 90' lang='lat' dir='ltr'><strong>vobis,</strong></span> <span class='ocrx_word' id='word_1_770' title='bbox 3478 4652 3720 4707; x_wconf 87' lang='lat' dir='ltr'><strong>dilectis-</strong></span> 
     </span>
    </p>
   </div>
   <div class='ocr_carea' id='block_1_108' title="bbox 2118 4814 3721 4886">
    <p class='ocr_par' dir='ltr' id='par_1_108' title="bbox 2118 4814 3721 4886">
     <span class='ocr_line' id='line_1_108' title="bbox 2118 4814 3721 4886; baseline 0.001 -18"><span class='ocrx_word' id='word_1_771' title='bbox 2118 4814 2229 4886; x_wconf 86' lang='lat' dir='ltr'><strong>lum</strong></span> <span class='ocrx_word' id='word_1_772' title='bbox 2257 4814 2503 4883; x_wconf 84' lang='lat' dir='ltr'><strong>recipiat,</strong></span> <span class='ocrx_word' id='word_1_773' title='bbox 2535 4815 2589 4870; x_wconf 89' lang='lat' dir='ltr'><strong>in</strong></span> <span class='ocrx_word' id='word_1_774' title='bbox 2612 4826 2773 4886; x_wconf 86' lang='lat' dir='ltr'><strong>quem</strong></span> <span class='ocrx_word' id='word_1_775' title='bbox 2823 4814 2918 4886; x_wconf 83' lang='lat' dir='ltr'><strong>ille</strong></span> <span class='ocrx_word' id='word_1_776' title='bbox 2971 4814 3298 4870; x_wconf 78' lang='lat' dir='ltr'><strong>sententiam</strong></span> <span class='ocrx_word' id='word_1_777' title='bbox 3345 4815 3554 4870; x_wconf 82' lang='lat' dir='ltr'><strong>dixerat</strong></span> <span class='ocrx_word' id='word_1_778' title='bbox 3583 4828 3596 4877; x_wconf 82' lang='lat'><strong>;</strong></span> <span class='ocrx_word' id='word_1_779' title='bbox 3627 4814 3721 4870; x_wconf 86' lang='lat' dir='ltr'><strong>det</strong></span> 
     </span>
    </p>
   </div>
   <div class='ocr_carea' id='block_1_109' title="bbox 2123 4884 3721 4970">
    <p class='ocr_par' dir='ltr' id='par_1_109' title="bbox 2123 4884 3721 4970">
     <span class='ocr_line' id='line_1_109' title="bbox 2123 4884 3721 4970; baseline 0.002 -32"><span class='ocrx_word' id='word_1_780' title='bbox 2123 4884 2212 4970; x_wconf 76' lang='lat' dir='ltr'><strong>ille</strong></span> <span class='ocrx_word' id='word_1_781' title='bbox 2237 4901 2462 4969; x_wconf 82' lang='lat' dir='ltr'><strong>necesse</strong></span> <span class='ocrx_word' id='word_1_782' title='bbox 2487 4897 2573 4941; x_wconf 87' lang='lat' dir='ltr'><strong>est</strong></span> <span class='ocrx_word' id='word_1_783' title='bbox 2623 4884 2837 4970; x_wconf 74' lang='lat' dir='ltr'><strong>Cyriaci</strong></span> <span class='ocrx_word' id='word_1_784' title='bbox 2865 4897 2974 4970; x_wconf 80' lang='lat' dir='ltr'><strong>tum</strong></span> <span class='ocrx_word' id='word_1_785' title='bbox 3004 4888 3242 4942; x_wconf 79' lang='lat' dir='ltr'><strong>defuncti</strong></span> <span class='ocrx_word' id='word_1_786' title='bbox 3274 4902 3468 4970; x_wconf 66' lang='lat' dir='ltr'><strong>nomen</strong></span> <span class='ocrx_word' id='word_1_787' title='bbox 3502 4900 3601 4957; x_wconf 82' lang='lat' dir='ltr'><strong>pro</strong></span> <span class='ocrx_word' id='word_1_788' title='bbox 3630 4900 3721 4941; x_wconf 74' lang='lat' dir='ltr'><strong>eo-</strong></span> 
     </span>
    </p>
   </div>
   <div class='ocr_carea' id='block_1_110' title="bbox 2122 4958 3716 5027">
    <p class='ocr_par' dir='ltr' id='par_1_110' title="bbox 2122 4958 3716 5027">
     <span class='ocr_line' id='line_1_110' title="bbox 2122 4958 3716 5027; baseline 0 -17"><span class='ocrx_word' id='word_1_789' title='bbox 2122 4960 2284 5011; x_wconf 83' lang='lat' dir='ltr'><strong>clesin</strong></span> <span class='ocrx_word' id='word_1_790' title='bbox 2342 4972 2501 5026; x_wconf 77' lang='lat' dir='ltr'><strong>quam</strong></span> <span class='ocrx_word' id='word_1_791' title='bbox 2567 4958 2708 5013; x_wconf 74' lang='lat' dir='ltr'><strong>rexit</strong></span> <span class='ocrx_word' id='word_1_792' title='bbox 2753 4960 3150 5012; x_wconf 75' lang='lat' dir='ltr'><strong>substitutum:</strong></span> <span class='ocrx_word' id='word_1_793' title='bbox 3211 4961 3363 5027; x_wconf 74' lang='lat' dir='ltr'><strong>quasi</strong></span> <span class='ocrx_word' id='word_1_794' title='bbox 3418 4958 3716 5023; x_wconf 82' lang='lat' dir='ltr'><strong>diceretur,</strong></span> 
     </span>
    </p>
   </div>
   <div class='ocr_carea' id='block_1_111' title="bbox 2119 5027 3722 5099">
    <p class='ocr_par' dir='ltr' id='par_1_111' title="bbox 2119 5027 3722 5099">
     <span class='ocr_line' id='line_1_111' title="bbox 2119 5027 3722 5099; baseline -0.001 -17"><span class='ocrx_word' id='word_1_795' title='bbox 2119 5027 2359 5099; x_wconf 78' lang='lat' dir='ltr'><strong>epi~cupi</strong></span> <span class='ocrx_word' id='word_1_796' title='bbox 2387 5028 2728 5085; x_wconf 70' lang='lat' dir='ltr'><strong>Sardlcensis</strong></span> <span class='ocrx_word' id='word_1_797' title='bbox 2775 5039 2830 5083; x_wconf 87' lang='lat' dir='ltr'><strong>et</strong></span> <span class='ocrx_word' id='word_1_798' title='bbox 2858 5028 3237 5093; x_wconf 82' lang='lat' dir='ltr'><strong>Aritniuensis,</strong></span> <span class='ocrx_word' id='word_1_799' title='bbox 3271 5028 3361 5098; x_wconf 89' lang='lat' dir='ltr'><strong>qtti</strong></span> <span class='ocrx_word' id='word_1_800' title='bbox 3392 5029 3554 5082; x_wconf 80' lang='lat' dir='ltr'><strong>modo</strong></span> <span class='ocrx_word' id='word_1_801' title='bbox 3580 5028 3722 5099; x_wconf 84' lang='lat' dir='ltr'><strong>Mar-</strong></span> 
     </span>
    </p>
   </div>
   <div class='ocr_carea' id='block_1_112' title="bbox 2120 5098 3717 5169">
    <p class='ocr_par' dir='ltr' id='par_1_112' title="bbox 2120 5098 3717 5169">
     <span class='ocr_line' id='line_1_112' title="bbox 2120 5098 3717 5169; baseline 0.001 -17"><span class='ocrx_word' id='word_1_802' title='bbox 2120 5101 2259 5154; x_wconf 87' lang='lat' dir='ltr'><strong>cello</strong></span> <span class='ocrx_word' id='word_1_803' title='bbox 2287 5098 2487 5165; x_wconf 79' lang='lat' dir='ltr'><strong>favent,</strong></span> <span class='ocrx_word' id='word_1_804' title='bbox 2519 5102 2668 5169; x_wconf 86' lang='lat' dir='ltr'><strong>prius</strong></span> <span class='ocrx_word' id='word_1_805' title='bbox 2717 5101 2770 5154; x_wconf 86' lang='lat' dir='ltr'><strong>in</strong></span> <span class='ocrx_word' id='word_1_806' title='bbox 2800 5101 2969 5169; x_wconf 78' lang='lat' dir='ltr'><strong>ipsum</strong></span> <span class='ocrx_word' id='word_1_807' title='bbox 3007 5103 3308 5155; x_wconf 80' lang='lat' dir='ltr'><strong>sententiam</strong></span> <span class='ocrx_word' id='word_1_808' title='bbox 3329 5101 3433 5169; x_wconf 82' lang='lat' dir='ltr'><strong>(sic</strong></span> <span class='ocrx_word' id='word_1_809' title='bbox 3459 5100 3603 5154; x_wconf 89' lang='lat' dir='ltr'><strong>enim</strong></span> <span class='ocrx_word' id='word_1_810' title='bbox 3635 5098 3717 5153; x_wconf 71' lang='lat' dir='ltr'><strong>le-</strong></span> 
     </span>
    </p>
   </div>
   <div class='ocr_carea' id='block_1_113' title="bbox 2118 5101 3723 5244">
    <p class='ocr_par' dir='ltr' id='par_1_113' title="bbox 2118 5101 3723 5244">
     <span class='ocr_line' id='line_1_113' title="bbox 2120 5101 3717 5169; baseline 0.001 -17"><span class='ocrx_word' id='word_1_811' title='bbox 2120 5101 2259 5154; x_wconf 83' lang='lat' dir='ltr'><strong>cella</strong></span> <span class='ocrx_word' id='word_1_812' title='bbox 2287 5101 2487 5165; x_wconf 81' lang='lat' dir='ltr'><strong>favent,</strong></span> <span class='ocrx_word' id='word_1_813' title='bbox 2519 5102 2668 5169; x_wconf 86' lang='lat' dir='ltr'><strong>prius</strong></span> <span class='ocrx_word' id='word_1_814' title='bbox 2717 5101 2770 5154; x_wconf 86' lang='lat' dir='ltr'><strong>in</strong></span> <span class='ocrx_word' id='word_1_815' title='bbox 2800 5101 2969 5169; x_wconf 78' lang='lat' dir='ltr'><strong>ipsum</strong></span> <span class='ocrx_word' id='word_1_816' title='bbox 3007 5103 3308 5155; x_wconf 80' lang='lat' dir='ltr'><strong>sententiam</strong></span> <span class='ocrx_word' id='word_1_817' title='bbox 3353 5101 3433 5155; x_wconf 82' lang='lat' dir='ltr'><strong>sic</strong></span> <span class='ocrx_word' id='word_1_818' title='bbox 3459 5101 3603 5154; x_wconf 89' lang='lat' dir='ltr'><strong>enim</strong></span> <span class='ocrx_word' id='word_1_819' title='bbox 3635 5101 3717 5153; x_wconf 71' lang='lat' dir='ltr'><strong>le-</strong></span> 
     </span>
     <span class='ocr_line' id='line_1_114' title="bbox 2118 5101 3723 5244; baseline -0.001 -20"><span class='ocrx_word' id='word_1_820' title='bbox 2118 5171 2352 5244; x_wconf 78' lang='lat' dir='ltr'><strong>gendum</strong></span> <span class='ocrx_word' id='word_1_821' title='bbox 2406 5173 2641 5244; x_wconf 82' lang='lat' dir='ltr'><strong>videtur,</strong></span> <span class='ocrx_word' id='word_1_822' title='bbox 2676 5188 2790 5244; x_wconf 89' lang='lat' dir='ltr'><strong>non</strong></span> <span class='ocrx_word' id='word_1_823' title='bbox 2824 5175 2886 5244; x_wconf 72' lang='lat' dir='ltr'><strong>in</strong></span> <span class='ocrx_word' id='word_1_824' title='bbox 2937 5174 3051 5243; x_wconf 83' lang='lat' dir='ltr'><strong>ipsa</strong></span> <span class='ocrx_word' id='word_1_825' title='bbox 3079 5101 3356 5244; x_wconf 55' lang='lat' dir='ltr'><strong>sententia)</strong></span> <span class='ocrx_word' id='word_1_826' title='bbox 3403 5172 3723 5244; x_wconf 67' lang='lat' dir='ltr'><strong>conscripse-</strong></span> 
     </span>
    </p>
   </div>
   <div class='ocr_carea' id='block_1_114' title="bbox 2121 5239 3719 5312">
    <p class='ocr_par' dir='ltr' id='par_1_114' title="bbox 2121 5239 3719 5312">
     <span class='ocr_line' id='line_1_115' title="bbox 2121 5239 3719 5312; baseline 0 -17"><span class='ocrx_word' id='word_1_827' title='bbox 2121 5239 2243 5295; x_wconf 80' lang='lat' dir='ltr'><strong>runt</strong></span> <span class='ocrx_word' id='word_1_828' title='bbox 2269 5258 2288 5309; x_wconf 90' lang='lat'><strong><em>;</em></strong></span> <span class='ocrx_word' id='word_1_829' title='bbox 2319 5241 2662 5298; x_wconf 84' lang='lat' dir='ltr'><strong>Sardicensis</strong></span> <span class='ocrx_word' id='word_1_830' title='bbox 2708 5242 2925 5310; x_wconf 87' lang='lat' dir='ltr'><strong>quidem</strong></span> <span class='ocrx_word' id='word_1_831' title='bbox 2957 5239 3194 5312; x_wconf 78' lang='lat' dir='ltr'><strong>proprio</strong></span> <span class='ocrx_word' id='word_1_832' title='bbox 3221 5239 3461 5308; x_wconf 77' lang='lat' dir='ltr'><strong>nomine,</strong></span> <span class='ocrx_word' id='word_1_833' title='bbox 3511 5239 3719 5297; x_wconf 81' lang='lat' dir='ltr'><strong>Arimi-</strong></span> 
     </span>
    </p>
   </div>
   <div class='ocr_carea' id='block_1_115' title="bbox 2126 5313 3252 5382">
    <p class='ocr_par' dir='ltr' id='par_1_115' title="bbox 2126 5313 3252 5382">
     <span class='ocr_line' id='line_1_116' title="bbox 2126 5313 3252 5382; baseline 0 -14"><span class='ocrx_word' id='word_1_834' title='bbox 2126 5314 2311 5369; x_wconf 90' lang='lat' dir='ltr'><strong>nensis</strong></span> <span class='ocrx_word' id='word_1_835' title='bbox 2336 5328 2463 5368; x_wconf 82' lang='lat' dir='ltr'><strong>vero</strong></span> <span class='ocrx_word' id='word_1_836' title='bbox 2490 5314 2542 5368; x_wconf 91' lang='lat' dir='ltr'><strong>in</strong></span> <span class='ocrx_word' id='word_1_837' title='bbox 2564 5313 2794 5382; x_wconf 83' lang='lat' dir='ltr'><strong>Cyriaco</strong></span> <span class='ocrx_word' id='word_1_838' title='bbox 2814 5313 3104 5368; x_wconf 85' lang='lat' dir='ltr'><strong>decessore</strong></span> <span class='ocrx_word' id='word_1_839' title='bbox 3132 5328 3252 5368; x_wconf 86' lang='lat' dir='ltr'><strong>suo.</strong></span> 
     </span>
    </p>
   </div>
   <div class='ocr_carea' id='block_1_116' title="bbox 2205 5396 3726 5477">
    <p class='ocr_par' dir='ltr' id='par_1_116' title="bbox 2205 5396 3726 5477">
     <span class='ocr_line' id='line_1_117' title="bbox 2205 5396 3726 5477; baseline 0.001 -19"><span class='ocrx_word' id='word_1_840' title='bbox 2205 5403 2276 5477; x_wconf 92' lang='lat' dir='ltr'><strong>(c)</strong></span> <span class='ocrx_word' id='word_1_841' title='bbox 2305 5404 2395 5461; x_wconf 87' lang='lat' dir='ltr'><strong>Sic</strong></span> <span class='ocrx_word' id='word_1_842' title='bbox 2417 5403 2499 5477; x_wconf 84' lang='lat' dir='ltr'><strong>illi</strong></span> <span class='ocrx_word' id='word_1_843' title='bbox 2522 5411 2717 5459; x_wconf 80' lang='lat' dir='ltr'><strong>vocant</strong></span> <span class='ocrx_word' id='word_1_844' title='bbox 2744 5396 2982 5459; x_wconf 77' lang='lat' dir='ltr'><strong>Marcelli</strong></span> <span class='ocrx_word' id='word_1_845' title='bbox 3010 5407 3132 5472; x_wconf 89' lang='lat' dir='ltr'><strong>iter,</strong></span> <span class='ocrx_word' id='word_1_846' title='bbox 3157 5418 3265 5475; x_wconf 89' lang='lat' dir='ltr'><strong>quo</strong></span> <span class='ocrx_word' id='word_1_847' title='bbox 3287 5403 3514 5460; x_wconf 78' lang='lat' dir='ltr'><strong>Romam</strong></span> <span class='ocrx_word' id='word_1_848' title='bbox 3536 5402 3603 5459; x_wconf 87' lang='lat' dir='ltr'><strong>ad</strong></span> <span class='ocrx_word' id='word_1_849' title='bbox 3627 5401 3726 5460; x_wconf 78' lang='lat' dir='ltr'><strong>lu-</strong></span> 
     </span>
    </p>
   </div>
   <div class='ocr_carea' id='block_1_117' title="bbox 2128 5475 2549 5547">
    <p class='ocr_par' dir='ltr' id='par_1_117' title="bbox 2128 5475 2549 5547">
     <span class='ocr_line' id='line_1_118' title="bbox 2128 5475 2549 5547; baseline -0.002 -16"><span class='ocrx_word' id='word_1_850' title='bbox 2128 5475 2263 5532; x_wconf 84' lang='lat' dir='ltr'><strong>liutn</strong></span> <span class='ocrx_word' id='word_1_851' title='bbox 2290 5475 2549 5547; x_wconf 81' lang='lat' dir='ltr'><strong>perrexit.</strong></span> 
     </span>
    </p>
   </div>
   <div class='ocr_carea' id='block_1_118' title="bbox 2210 5567 3733 5640">
    <p class='ocr_par' dir='ltr' id='par_1_118' title="bbox 2210 5567 3733 5640">
     <span class='ocr_line' id='line_1_119' title="bbox 2210 5567 3733 5640; baseline 0.001 -19"><span class='ocrx_word' id='word_1_852' title='bbox 2210 5567 2291 5640; x_wconf 79' lang='lat' dir='ltr'><strong>(d)</strong></span> <span class='ocrx_word' id='word_1_853' title='bbox 2315 5568 2373 5622; x_wconf 88' lang='lat' dir='ltr'><strong>in</strong></span> <span class='ocrx_word' id='word_1_854' title='bbox 2407 5569 2657 5638; x_wconf 82' lang='lat' dir='ltr'><strong>vulgatis,</strong></span> <span class='ocrx_word' id='word_1_855' title='bbox 2703 5568 2957 5623; x_wconf 84' lang='lat' dir='ltr'><strong>nutantia.</strong></span> <span class='ocrx_word' id='word_1_856' title='bbox 3000 5569 3076 5623; x_wconf 83' lang='lat' dir='ltr'><strong>Ex</strong></span> <span class='ocrx_word' id='word_1_857' title='bbox 3106 5582 3237 5624; x_wconf 87' lang='lat' dir='ltr'><strong>mss.</strong></span> <span class='ocrx_word' id='word_1_858' title='bbox 3270 5582 3593 5625; x_wconf 84' lang='lat' dir='ltr'><strong>revocamus</strong></span> <span class='ocrx_word' id='word_1_859' title='bbox 3611 5569 3733 5623; x_wconf 82' lang='lat' dir='ltr'><strong>imi-</strong></span> 
     </span>
    </p>
   </div>
   <div class='ocr_carea' id='block_1_119' title="bbox 2142 5640 3730 5705">
    <p class='ocr_par' dir='ltr' id='par_1_119' title="bbox 2142 5640 3730 5705">
     <span class='ocr_line' id='line_1_120' title="bbox 2142 5640 3730 5705; baseline 0.001 -13"><span class='ocrx_word' id='word_1_860' title='bbox 2142 5644 2327 5705; x_wconf 83' lang='lat' dir='ltr'><strong>tantia,</strong></span> <span class='ocrx_word' id='word_1_861' title='bbox 2350 5650 2424 5701; x_wconf 88' lang='lat' dir='ltr'><strong>et,</strong></span> <span class='ocrx_word' id='word_1_862' title='bbox 2458 5640 2502 5693; x_wconf 89' lang='lat' dir='ltr'><strong>si</strong></span> <span class='ocrx_word' id='word_1_863' title='bbox 2530 5641 2741 5704; x_wconf 75' lang='lat' dir='ltr'><strong>liceret,</strong></span> <span class='ocrx_word' id='word_1_864' title='bbox 2765 5640 3091 5695; x_wconf 84' lang='lat' dir='ltr'><strong>adderemns</strong></span> <span class='ocrx_word' id='word_1_865' title='bbox 3119 5641 3399 5697; x_wconf 82' lang='lat' dir='ltr'><strong>veritatem.</strong></span> <span class='ocrx_word' id='word_1_866' title='bbox 3424 5640 3546 5698; x_wconf 76' lang='lat' dir='ltr'><strong>Mox</strong></span> <span class='ocrx_word' id='word_1_867' title='bbox 3570 5642 3730 5697; x_wconf 87' lang='lat' dir='ltr'><strong>etiam</strong></span> 
     </span>
    </p>
   </div>
   <div class='ocr_carea' id='block_1_120' title="bbox 2142 5710 3303 5783">
    <p class='ocr_par' dir='ltr' id='par_1_120' title="bbox 2142 5710 3303 5783">
     <span class='ocr_line' id='line_1_121' title="bbox 2142 5710 3303 5783; baseline 0.003 -18"><span class='ocrx_word' id='word_1_868' title='bbox 2142 5710 2312 5782; x_wconf 82' lang='lat' dir='ltr'><strong>magis</strong></span> <span class='ocrx_word' id='word_1_869' title='bbox 2340 5711 2576 5782; x_wconf 84' lang='lat' dir='ltr'><strong>placeret</strong></span> <span class='ocrx_word' id='word_1_870' title='bbox 2619 5719 2865 5780; x_wconf 82' lang='lat' dir='ltr'><strong>evertunt,</strong></span> <span class='ocrx_word' id='word_1_871' title='bbox 2891 5726 3048 5783; x_wconf 85' lang='lat' dir='ltr'><strong>quam</strong></span> <span class='ocrx_word' id='word_1_872' title='bbox 3078 5720 3303 5769; x_wconf 75' lang='lat' dir='ltr'><strong>vertunt.</strong></span> 
     </span>
    </p>
   </div>
  </div>
