4270 6264
558 271 664 328 €63

1766 270 2010 328 SANCTI
2052 270 2206 327 l‘llLA
2219 270 2306 326 Kll
2351 267 2653 326 El’lSCOPl

3755 268 3856 323 664

559 390 680 446 simi
704 369 941 454 Fratres,
975 398 1035 446 ut
1061 403 1233 461 neque
1265 388 1600 456 Marcellum,
1631 402 1806 460 neque
1831 402 1925 443 eos
1945 387 2036 456 qui
2074 385 2152 441 illi
2181 391 2233 450 Α
2260 386 2434 457 primo
2465 385 2675 440 videtur
2703 400 2824 441 esse
2839 384 3146 440 condictum
3177 385 3288 458 (an.
3313 383 3439 452 554,
3487 393 3540 438 at
3582 399 3682 438 non
3729 385 3859 436 cele-

554 483 876 554 junguntur,
917 482 985 537 ad
1028 481 1462 537 communionem
1517 489 1718 536 sancta:
1747 479 2005 535 Ecclesia:
2057 479 2156 533 ad-

561 577 786 633 mittatis
815 593 829 642 ;
861 589 1128 630 memores
1174 589 1388 645 quoque
1413 574 1533 630 sitis
1577 576 1854 644 propheta:
1884 574 2045 628 David
2077 574 2158 628 di-

559 669 731 723 centis
762 686 773 720 :
803 666 928 720 Dixi
977 668 1046 719 eis
1081 667 1165 736 qui
1196 667 1392 738 faciunt
1432 667 1657 738 facinus,
1682 682 1744 720 ne
1783 667 2002 735 feceritis
2032 667 2160 736 faci-

561 776 698 825 nus;
730 770 774 811 et
805 758 1234 828 delinquentibus,
1279 775 1342 811 ne
1369 759 1713 812 exultaveritis
1751 775 1933 812 cornu.
1982 757 2162 812 Nolite

561 853 614 906 in
641 852 803 905 altum
828 852 1007 904 tollere
1036 867 1196 904 cornu
1224 861 1476 906 vestrum:
1501 868 1565 906 ne
1592 852 1872 922 loquamini
1917 852 2160 905 adversus

561 944 839 998 Dominum
887 944 1068 1015 iniqua
1111 943 1286 1012 (Psal.
1343 960 1528 1009 ιιχιν,
1583 946 1654 1010 5,
1701 944 1777 1014 6).
1843 947 1905 998 Et
1957 946 2160 1001 credite

565 1037 838 1093 Salumtnti
870 1035 1070 1090 dicenti
1103 1053 1115 1088 :
1145 1035 1325 1091 Nolite
1354 1040 1636 1110 transferre
1655 1038 1896 1092 terminos
1921 1049 2159 1105 teter-nos,

558 1146 685 1197 quos
716 1129 1089 1182 constituerunt
1117 1139 1286 1200 patres
1313 1130 1467 1184 vestri
1489 1129 1696 1200 (Prov.,
1729 1146 1857 1194 xxii,
1892 1129 2008 1200 ί’2.8).
2033 1130 2162 1198 Quae

559 1238 681 1277 cum
716 1222 786 1275 ita
839 1223 967 1282 sint,
1013 1224 1178 1276 nolite
1219 1222 1516 1290 supradicu
1561 1222 1804 1277 Mareelli
1859 1225 2161 1292 pravissimi

560 1316 713 1382 sequi
739 1330 978 1378 errores,
1003 1325 1057 1369 et
1077 1330 1162 1381 ea,
1190 1330 1310 1386 qua:
1331 1316 1398 1368 ab
1417 1315 1535 1383 ipso
1565 1315 1756 1384 injusta
1782 1317 2164 1385 praedicatione

561 1420 747 1464 contra
799 1409 1084 1462 Dominum
1115 1408 1389 1462 Christum
1422 1408 1641 1463 inventa
1669 1409 1969 1478 traditaque
2015 1417 2160 1476 sunt,

564 1501 971 1570 prtedainnate;
1022 1515 1088 1554 ne
1145 1498 1492 1568 blasphemiis
1549 1497 1952 1569 sceleribusque
2001 1499 2162 1552 etiam

561 1592 662 1662 ipsi
696 1590 984 1661 participes
1006 1593 1143 1646 sitis.
1171 1591 1277 1646 Sed
1299 1603 1505 1661 promer
1530 1592 1884 1660 compendium
1907 1590 2016 1645 inec
2043 1592 2167 1644 liac-

562 1695 707 1738 tcnus
733 1687 795 1738 de
823 1683 1098 1738 Marcello.

2262 481 2484 550 brutum)
2518 499 2530 534 :
2564 489 2618 535 et
2639 496 2761 536 cum
2813 480 3031 534 minimc
3060 480 3128 534 ab
3159 480 3275 550 ipso
3295 479 3380 534 vel
3425 478 3493 534 ab
3537 478 3858 535 satellitibus

2261 574 2326 628 ad
2357 572 2722 639 supradictum
2743 573 3027 627 concilium
3059 581 3454 636 occurreretur,
3482 581 3600 642 post
3629 573 3856 627 alterum

2262 680 2460 719 annum
2487 669 2598 730 (an.
2646 659 2776 733 555)
2828 667 2880 718 in
2929 663 3072 735 Tyro
3099 673 3315 734 propter
3353 666 3471 732 ejus
3500 664 3736 718 facinora
3769 681 3860 718 nc-

2263 757 2502 812 ccssario
2558 757 2748 810 iterum
2781 756 3103 810 celebratur.
3145 755 3494 811 Atlvcnerunt
3524 757 3760 826 episcopi
3792 756 3860 811 de

2263 847 2573 902 Macedonia
2603 857 2655 901 et
2681 848 2747 901 de
2769 846 3066 911 Panonnia,
3087 847 3361 918 Bytltinia,
3391 859 3442 901 et
3465 847 3717 904 omnibus
3741 863 3858 916 par-

2267 941 2410 997 tiluts
2437 941 2697 1005 Orientis,
2722 940 3063 1010 imperatoris
3089 940 3333 1009 jussione
3374 940 3650 995 constricti
3685 957 3697 992 :
3743 938 3862 1010 qui~

2265 1051 2368 1106 que
2395 1035 2530 1090 actis
2550 1033 2827 1089 Athanasii
2859 1033 3057 1104 ﬂagitia
3089 1034 3420 1102 criminaque
3442 1043 3856 1102 cognoscentes,

2267 1143 2371 1180 non
2403 1125 2604 1196 passim
2657 1141 2755 1180 nec
2805 1135 3008 1180 temere
3052 1125 3458 1180 accusatoribus
3489 1124 3736 1189 credunt,
3765 1123 3859 1178 sed

2266 1238 2366 1278 suo
2393 1223 2460 1278 de
2481 1221 2713 1276 Cttllf'lllo
2760 1221 3016 1275 inlustres
3047 1228 3104 1274 et
3133 1220 3426 1274 laudabiles
3451 1221 3736 1290 episcOpus
3765 1219 3862 1274 eli-

2266 1326 2416 1386 gnnt,
2449 1326 2610 1384 atque
2640 1315 2692 1368 in
2736 1330 2846 1368 rem
2907 1323 3253 1384 praesentem,
3287 1313 3374 1367 ιιὺί
3401 1329 3486 1368 res
3512 1323 3679 1383 gesta:
3709 1324 3862 1366 erant

2266 1411 2335 1466 de
2375 1410 2566 1480 quibus
2610 1409 2936 1479 arguebatur
2969 1407 3311 1468 Athanasius,
3349 1407 3567 1460 mittunt
3607 1423 3622 1458 :
3662 1406 3863 1476 quique

2267 1503 2476 1557 oculata
2513 1501 2620 1556 fide
2665 1509 2860 1554 cuncta
2893 1499 3256 1568 adSpicientcs
3297 1507 3458 1567 atque
3507 1512 3632 1552 vera
3660 1513 3859 1568 cogno-

2267 1606 2502 1661 scentes,
2529 1594 2596 1649 ad
2627 1595 2916 1650 concilium
2948 1594 3193 1658 redeunt,
3217 1592 3441 1662 ejusque
3465 1591 3716 1656 crimina,
3741 1606 3861 1661 qua:

2269 1691 2335 1744 ab
2365 1690 2772 1745 accusatoribus
2821 1687 3237 1758 olijiriebautur,
3271 1701 3370 1741 suo
3400 1685 3706 1740 testimonio
3736 1698 3860 1738 vera

636 1775 688 1831 6.
726 1779 1008 1831 Athanasio
1037 1777 1256 1845 conﬁcta
1307 1778 1546 1831 crimina.
1576 1805 1645 1818 -——
1670 1775 1868 1831 Verum
1897 1777 1964 1832 de
1993 1777 2162 1830 Atha-

2275 1784 2609 1840 c0nlirmant.
2665 1782 2907 1853 Undc(c)
2941 1784 2993 1836 in
3023 1791 3341 1852 prmsenlem
3383 1781 3737 1836 Athanasium
3789 1781 3865 1834 di-

561 1880 714 1932 nasio
757 1878 1026 1948 quondam
1087 1877 1427 1932 Alexandria:
1478 1877 1734 1948 episcopo
1781 1876 2010 1944 accipite
2039 1890 2161 1944 qua:

560 1979 710 2040 gesta
741 1980 884 2023 sunt.
910 1968 1212 2044 Accusatus
1234 1980 1318 2024 est
1352 1977 1588 2039 graviter
1604 1968 1754 2038 juxta
1789 1969 1960 2024 Deum
1990 1968 2162 2022 sacri-

564 2061 735 2132 legus,
769 2071 823 2115 et
846 2061 1000 2130 juxta
1051 2062 1306 2131 mysteria
1335 2061 1593 2116 Ecclesia:
1639 2068 1841 2115 sancta?
1886 2060 2162 2129 profanus,

563 2156 764 2225 quique
791 2155 1021 2223 propriis
1050 2153 1129 2224 (a)
1160 2154 1407 2208 manibus
1428 2152 1747 2209 comminuit
1779 2151 2030 2222 poculum
2057 2153 2165 2206 Deo

565 2257 620 2302 et
647 2250 864 2303 Christo
912 2250 1153 2304 dicatum
1181 2291 1196 2315 ,
1247 2251 1531 2318 ipsumque
1575 2248 1746 2302 altare
1795 2245 2164 2302 venerandum

561 2341 850 2411 confregit,
881 2341 1177 2410 sedemque
1214 2340 1606 2396 sacerdotalem
1635 2340 1899 2394 subvertit
1927 2340 2059 2408 ipse.
2087 2348 2166 2394 at-

566 2449 670 2505 que
700 2435 870 2504 ipsam
905 2435 1202 2496 basilicam.
1241 2435 1332 2490 Dei
1355 2435 1598 2502 domum,
1622 2436 1917 2490 Ecclesiam
1941 2434 2160 2502 Christi,

563 2526 855 2581 demolitus
901 2542 1074 2597 usque
1122 2527 1190 2581 ad
1235 2529 1410 2583 solum
1462 2537 1562 2584 est.
1597 2529 1980 2601 Presbyterum
2037 2543 2166 2584 vero

564 2619 763 2684 ipsum,
817 2617 986 2672 virum
1027 2633 1244 2688 gravem
1297 2629 1353 2674 et
1393 2620 1622 2689 justum,
1671 2621 1889 2675 nomine
1920 2620 2163 2676 Narchen

567 2707 906 2781 (lschyram),
935 2709 1151 2763 tradidit
1174 2711 1434 2766 custodite
1456 2713 1695 2768 militari.
1715 2718 2009 2769 Accusatus
2026 2731 2164 2784 pra!-

566 2813 712 2858 terea
761 2811 844 2858 est
889 2803 956 2858 de
1003 2803 1234 2870 injuriis,
1296 2807 1601 2871 violentia,'
1633 2807 1804 2871 caede,
1847 2819 2010 2879 atque
2051 2808 2164 2878 ipsa

567 2896 644 2967 (b)
669 2894 1047 2966 episcoporum
1081 2897 1475 2954 internecione.
1508 2899 1720 2970 Quique
1771 2902 1935 2956 etiam
1975 2901 2166 2956 diebus

567 2989 946 3045 sacratissimis
966 2989 1187 3046 Pascha:
1202 3001 1253 3060 ty
1263 2992 1486 3048 rannico
1499 3007 1650 3047 more
1665 2994 1913 3054 saeviens,
1934 2992 2167 3048 Ducibus

566 3093 729 3154 atque
752 3083 1053 3140 Comitibus
1074 3085 1296 3154 junctus
1325 3103 1339 3139 :
1369 3085 1568 3156 quique
1620 3096 1839 3156 propter
1862 3087 2037 3156 ipsum
2068 3088 2166 3142 ali-

2266 1893 2426 1948 gnam
2457 1893 2552 1945 pro
2570 1878 3226 1932 criminilmsSententiam
3245 1875 3452 1931 dicant.
3473 1875 3704 1946 Propter
3721 1874 3861 1945 quod

2269 1971 2413 2042 Tyro
2463 1971 2712 2041 fugiens,
2762 1971 3144 2039 imperatorem
3188 1971 3444 2041 appellat.
3487 1970 3652 2024 Audit
3701 1970 3862 2023 etiam

2270 2065 2566 2134 imperator
2596 2081 2608 2116 :
2641 2065 2837 2134 quique
2888 2064 3311 2132 interrogatione
3344 2062 3524 2118 habita
3551 2062 3732 2117 omnia
3750 2061 3865 2130 ejus

2269 2159 2469 2230 flagitia
2491 2173 2908 2228 recognoscens,
2927 2171 3024 2211 sua
3054 2157 3201 2210 illum
3232 2158 3500 2211 sententia
3524 2157 3580 2210 in
3605 2155 3863 2210 exsilium

2273 2250 2572 2325 (Treviros)
2600 2252 2923 2322 deportavit.
2955 2250 3051 2305 His
3079 2266 3210 2320 ergo
3233 2253 3303 2304 ita
3341 2249 3658 2306 cadentibus
3681 2250 3865 2311 rebus,

2269 2359 2390 2399 cum
2440 2344 2771 2398 Athanasius
2810 2342 3097 2396 damnatus
3138 2341 3298 2413 digne
3328 2341 3381 2395 in
3412 2339 3610 2395 exsilio
3642 2341 3868 2394 babere-

2271 2437 2448 2491 turob
2499 2436 2750 2490 meritum
2799 2420 3097 2489 facinorum
3150 2449 3419 2499 suorum,
3473 2433 3766 2501 sacrilegus
3814 2433 3865 2484 in

2271 2529 2458 2596 Deum,
2488 2528 2541 2582 in
2588 2527 2841 2600 mysteria
2894 2539 3046 2582 sacra
3103 2525 3381 2595 profanus,
3419 2526 3470 2580 in
3515 2524 3865 2580 demolitione

2272 2622 2507 2677 basilicae
2529 2621 2830 2687 violentus,
2881 2620 2936 2674 in
2978 2619 3361 2688 episcoporum
3401 2618 3580 2673 exitiis
3611 2617 3869 2671 innocen-

2271 2717 2509 2785 tiumque
2537 2712 2758 2768 fratrum
2787 2721 3102 2782 persecutor
3124 2712 3188 2782 (ί.
3216 2707 3612 2782 persecutione)
3643 2711 3868 2765 horren-

2270 2809 2370 2864 dus
2397 2827 2412 2875 ;
2443 2810 2511 2863 ab
2532 2809 2783 2863 omnibus
2803 2807 3074 2876 episcOpis
3103 2807 3154 2860 in
3182 2807 3490 2875 rejicieudis
3511 2805 3670 2860 malis
3690 2821 3872 2861 serva-

2271 2911 2358 2958 tur
2399 2901 2689 2956 anctoritas
2716 2899 2869 2970 legis,
2892 2914 3064 2954 canon
3107 2898 3387 2964 Ecclesiae,
3418 2909 3471 2953 et
3500 2900 3870 2969 apostolorum

2271 3003 2461 3049 sancta
2505 2993 2744 3048 traditio.

2342 3087 2395 3142 8.
2429 3085 2698 3140 Athanasii
2720 3085 2782 3139 ab
2803 3084 2984 3139 exsilio
3010 3083 3219 3139 reditus.
3242 3113 3310 3125 -—
3333 3082 3437 3139 Sed
3460 3082 3588 3138 dum
3632 3081 3869 3137 Athana-

567 3189 705 3244 quos
729 3175 780 3228 in
799 3175 1044 3230 cusmdia
1075 3176 1446 3244 recludebant,
1469 3177 1680 3246 aliquos
1702 3193 1830 3230 vero
1848 3178 2168 3232 verberibus
2193 3168 2239 3230 C
2272 3180 2384 3234 sius
2417 3189 2537 3249 post
2581 3178 2982 3232 damnationem
3031 3192 3182 3231 suam
3230 3177 3460 3232 reditum
3501 3176 3602 3230 sibi
3633 3175 3700 3232 de
3728 3175 3845 3230 exsi

566 3267 900 3339 flagellisque
931 3269 1218 3331 vexabant,
1242 3270 1407 3342 652
1427 3279 1660 3326 caeteros
1685 3271 1914 3326 diversis
1941 3283 2173 3326 tormen-

570 3364 636 3418 tis
660 3364 725 3418 ad
753 3364 1189 3420 communionem
1215 3367 1332 3434 ejus
1359 3366 1674 3436 sacrilegam
1725 3367 2012 3436 adigebant
2037 3366 2172 3439 (Nec

569 3467 716 3513 actus
743 3459 1002 3512 commissi
1028 3476 1272 3528 umquam
1294 3459 1357 3512 ab
1385 3461 1736 3514 innocentibus
1759 3461 2018 3532 fuerant);
2051 3476 2172 3530 spe-

569 3564 698 3604 rans
717 3550 820 3604 boc
845 3549 1006 3604 tundo
1033 3566 1160 3604 suos
1185 3566 1449 3621 suamque
1477 3553 1771 3621 prrevalere
1803 3567 1961 3620 posse
1988 3554 2176 3608 factio-

567 3656 710 3708 nem,
741 3651 798 3696 ut
829 3630 922 3711 per
955 3643 1125 3696 Duces
1156 3653 1210 3698 et
1237 3641 1456 3697 .ludiccs
1489 3658 1690 3712 perque
1711 3659 1964 3699 carceres
1995 3646 2163 3714 ipsos,

573 3736 720 3806 (add.
782 3734 857 3806 et)
905 3737 1129 3792 verbera
1180 3735 1503 3806 diversaque
1542 3745 1808 3792 tormenta
1860 3739 2057 3793 invitos
2102 3741 2166 3794 ad

569 3829 1007 3884 communionem
1049 3844 1200 3883 suam
1231 3840 1470 3899 cogeret,
1502 3831 1748 3886 nolentes
1789 3832 2048 3902 adigeret,
2077 3849 2166 3888 re-

573 3936 873 3992 pugnantes
908 3933 1068 3990 atque
1097 3924 1412 3978 resistentes
1440 3924 1544 3979 sibi
1577 3927 1859 3995 tyrannica
1883 3941 2032 3980 more
2062 3935 2171 3982 ter-

571 4023 739 4068 reret.
776 4012 939 4066 Erant
973 4015 1179 4082 quidem
1203 4016 1296 4069 illa
1341 4017 1519 4088 gravia
1559 4027 1608 4070 et
1634 4018 1816 4071 acerba
1853 4018 1917 4071 ab
1961 4035 2170 4074 accusa.

575 4105 770 4162 toribus
797 4105 1014 4178 objecta.

647 4202 697 4255 7.
723 4199 850 4270 Tyri
862 4211 1041 4256 contra
1056 4202 1389 4258 Athanasium
1407 4215 1647 4274 gesta.--
1662 4203 1793 4259 Nam
1820 4214 2039 4274 propter
2061 4205 2178 4260 haec

573 4295 879 4352 necessario
931 4297 1222 4352 concilium
1277 4297 1417 4366 apud
1479 4298 1782 4354 Caesaream
1833 4301 2174 4356 Paltcstinam

2275 3272 2348 3327 lio
2393 3280 2788 3340 compararet,
2839 3269 2908 3324 de
2955 3268 3129 3324 Gallia
3197 3268 3262 3323 ad
3320 3267 3700 3324 Alexandriam
3749 3276 3874 3338 post

2276 3365 2567 3436 plurimum
2625 3373 2839 3434 tempus
2886 3363 3105 3418 advenit
3149 3362 3260 3436 (an.
3295 3363 3426 3434 558)
3459 3381 3473 3418 :
3506 3365 3704 3434 quique
3736 3378 3872 3432 pra:-

2277 3461 2434 3516 terita
2457 3462 2508 3514 in
2540 3459 2770 3514 nihilum
2823 3458 3049 3526 ducens,
3079 3460 3255 3514 acrius
3287 3461 3338 3514 in
3390 3461 3628 3530 nequitia
3661 3475 3872 3532 praeva-

2275 3557 2436 3612 lebat.
2493 3556 2626 3611 Nam
2679 3556 3089 3624 comparatione
3143 3555 3511 3626 sequentium,
3564 3553 3698 3608 levia
3747 3561 3873 3606 sunt

2275 3667 2397 3720 quae
2421 3650 2488 3704 ab
2511 3650 2627 3718 ipso
2668 3650 2840 3718 prima
2881 3649 3170 3702 commissa
3215 3655 3358 3712 sunt.
3395 3647 3604 3701 Etenim
3635 3660 3728 3712 per
3757 3659 3875 3698 om-

2273 3758 2394 3798 nem
2421 3742 2561 3795 viam
2585 3742 2789 3796 reditus
2805 3741 2884 3794 sui
2913 3739 3380 3812 Ecclesiam653
3404 3737 3484 3810 (tl)
3505 3737 3872 3800 subvertebat,

2273 3835 2556 3888 damnatas
2601 3832 2886 3902 episcopos
2925 3832 3137 3901 aliquos
3181 3832 3561 3896 restaurabat,
3608 3829 3873 3900 aliquibus

2274 3945 2423 3999 Spem
2452 3928 2518 3984 ad
2545 3929 2887 3998 episcopatus
2943 3925 3175 3980 reditum
3223 3925 3610 3994 promittebat,
3664 3923 3871 3992 aliquos

2274 4041 2338 4078 ex
2373 4021 2673 4078 infidelibus
2711 4019 3072 4075 constituebat
3111 4019 3418 4088 episcopos,
3472 4017 3638 4071 salvis
3679 4025 3733 4069 et
3783 4015 3866 4068 in-

2280 4117 2442 4185 tcgris
2493 4113 2931 4183 permanentibus
2961 4111 3374 4174 sacerdotibus,
3425 4125 3520 4178 per
3565 4123 3769 4180 pugnas
3821 4117 3875 4162 et

2278 4208 2454 4262 caedes
2499 4205 2777 4277 gentilium
2807 4245 2822 4268 ,
2857 4202 2987 4257 nihil
3052 4203 3348 4270 reapicieus
3401 4203 3565 4270 leges,
3621 4201 3875 4270 despera-

2283 4300 2418 4356 tioni
2448 4298 2688 4354 tribuens
2737 4305 2930 4352 totum.
2989 4294 3142 4352 Unde
3172 4309 3268 4365 per
3297 4297 3440 4362 vim,
3495 4309 3593 4366 per
3646 4294 3876 4360 caedem,

643 4496 718 4572 (a)
750 4497 866 4581 lion
910 4507 1241 4581 accusarunt
1272 4499 1593 4581 eum,_quod_
1623 4503 1876 4581 pr0priis,
1905 4502 1999 4558 sed
2021 4503 2164 4574 quod
2192 4511 2245 4570 1)
2270 4519 2319 4557 c.
2415 4509 2469 4558 et
2494 4503 2580 4556 15.
2603 4499 2887 4581 l‘ionnulli,
2915 4500 3004 4570 qui
3031 4501 3143 4581 bace
3174 4503 3355 4581 omnia
3382 4505 3448 4559 ad
3478 4508 3708 4581 primum
3734 4505 3881 4560 illius

565 4569 782 4626 Macarii
835 4571 1133 4642 presbyteri
1160 4570 1244 4626 sui
1277 4571 1524 4644 manibus
1582 4574 1684 4628 hoc
1727 4569 1916 4628 scelus
1975 4569 2168 4644 perpe-

572 4651 805 4768 trisse‘t:
852 4652 946 4697 aut
1002 4644 1180 4712 potius
1237 4642 1398 4698 modo
1450 4642 1576 4709 hoc,
1638 4645 1800 4698 modo
1842 4645 1970 4700 illud
2008 4642 2166 4700 dicti-

573 4723 625 4768 ta
667 4729 731 4767 an
766 4754 778 4766 .

644 4805 719 4878 (b)
747 4804 926 4878 Edidit
947 4804 1140 4870 Faber,
1167 4807 1416 4877 episcOpi;
1439 4807 1575 4862 bene
1596 4807 1836 4875 quidem,
1862 4809 1905 4863 si
1929 4811 2172 4865 veritatis

571 4877 758 4931 hostes
784 4877 1068 4930 calumniis
1108 4893 1138 4930 a
1182 4893 1240 4931 se
1269 4880 1590 4947 excogitatis
1633 4889 1875 4946 starent,
1913 4882 1999 4935 hic
2025 4883 2169 4936 enim

571 4948 870 5020 reSpiciunt
909 4948 974 5000 ad
1011 4949 1188 5002 fictam
1219 4948 1431 5003 Arseuii
1479 4964 1688 5004 necem.
1722 4954 1789 5005 At
1816 4966 1938 5004 cum
1971 4953 2172 5020 ubique

570 5021 779 5090 priores
811 5018 1070 5073 falsitates
1096 5033 1221 5074 suas
1247 5032 1597 5090 exaggerent,
1622 5023 1784 5076 etiam
1819 5023 1904 5077 bic
1932 5018 2174 5078 relincu-

571 5093 703 5148 dum
756 5100 1007 5160 putamus
1055 5105 1178 5146 cum
1233 5091 1530 5164 archetypo
1581 5095 1878 5163 exemplari
1910 5097 2175 5167 episcOpo—

571 5180 708 5218 rum.

648 5258 720 5327 (ο)
753 5257 972 5312 Falsum
1009 5257 1112 5311 hoc
1143 5271 1262 5312 esse
1293 5255 1544 5312 Liberius
1575 5259 1714 5328 apud
1748 5259 2178 5326 Theodoretum,

571 5329 666 5383 lib.
702 5343 738 5382 ιι
788 5330 902 5384 Hist
955 5328 1129 5396 Eccl,
1154 5343 1204 5383 c.
1237 5329 1324 5393 16,
1355 5343 1538 5383 coram
1567 5329 1890 5385 Constantio
1921 5337 2177 5399 asseruit,

571 5415 750 5468 neque
780 5401 879 5468 ipsi
933 5401 1071 5454 eain
1102 5415 1160 5456 re
1189 5411 1281 5455 aut
1311 5401 1682 5468 Constantius,
1707 5412 1799 5457 aut
1827 5404 1921 5473 qui
1951 5418 2076 5458 cum
2106 5419 2173 5460 eo

573 5482 753 5535 erant,
777 5473 895 5526 ausi
923 5481 1048 5526 sunt
1080 5473 1356 5526 reluctari.

644 5571 723 5638 (ά)
755 5565 848 5622 llis
873 5563 1336 5638 criminationibus
1364 5564 1792 5638 locumdedcre,
1823 5583 1943 5637 qnze
1975 5577 2088 5621 tum
2117 5567 2169 5623 in

573 5634 750 5708 primo
781 5652 889 5693 tum
921 5635 1160 5708 secundo
1186 5634 1464 5690 Athanasii
1500 5636 1567 5708 ad
1597 5634 1880 5692 ecclesiam
1905 5655 2054 5692 suam
2081 5655 2167 5694 re-

573 5707 692 5784 ditu
722 5711 1015 5784 contigere.
1062 5707 1118 5764 lu
1162 5718 1390 5780 utroque
1432 5707 1576 5764 enim
1625 5709 1797 5784 varias
1848 5709 2166 5784 Arianorum

569 5781 803 5837 factione
841 5781 1134 5836 seditiones
1155 5787 1300 5832 ortas
1329 5779 1445 5832 esse
1477 5789 1660 5832 narrat
1688 5779 1961 5844 Socrates,
2003 5779 2092 5835 lib.
2128 5797 2164 5848 ι,

2274 4574 2506 4628 reditum
2537 4574 2801 4646 referunt,
2837 4572 2908 4626 ob
2947 4575 3108 4627 verba
3130 4575 3525 4646 subsequentia
3562 4579 3876 4646 opinantur,

2275 4661 2397 4699 eum
2427 4656 2552 4699 tunc
2579 4645 2851 4715 temporis
2881 4658 3063 4698 secum
3096 4645 3378 4715 plerosque
3423 4645 3639 4704 exsules
3672 4649 3722 4704 in
3752 4665 3879 4704 snas

2274 4717 2434 4790 sedes
2462 4716 2784 4790 restituisse.
2822 4713 3154 4790 Quamquam
3188 4713 3311 4771 hinc
3335 4719 3505 4773 videri
3536 4729 3713 4790 potest
3742 4721 3876 4774 insi-

2278 4789 2509 4860 mulatus
2554 4787 2698 4860 quod
2743 4785 3035 4860 damnatos
3050 4788 3316 4860 episcopos
3359 4785 3702 4856 restaurabat,
3751 4792 3877 4860 quia

2277 4859 2495 4920 Paulus,
2531 4857 2810 4923 Asclepas,
2843 4856 3446 4918 MareellusctLucius
3472 4864 3629 4918 simul
3658 4856 3781 4918 cum
3809 4879 3878 4918 eo

2278 4931 2504 4984 Romam
2545 4927 2807 4997 profecti,
2845 4928 3033 4982 iisdem
3065 4929 3192 4984 Julii
3234 4933 3433 4988 litteris
3459 4936 3717 4991 ecclesias
3752 4951 3878 4991 suas

2277 5007 2686 5074 recuperarunt.
2728 4999 2848 5074 ‘Sed
2880 4999 3176 5074 quodpost
3203 5005 3469 5074 synodum
3501 5006 3878 5062 Sardicensem

2279 5069 2486 5146 gestum
2519 5069 2998 5146 rel’ert_Socrates,
3033 5073 3124 5126 lib.
3157 5069 3296 5140 u,'c.
3327 5077 3761 5133 ‘24:.4tltanasius
3789 5097 3881 5146 per

2282 5143 2552 5222 Pelusium
2574 5143 2678 5222 iter
2689 5142 2882 5222 faciens
2909 5142 3298 5208 Alexandriam.
3321 5149 3374 5202 in
3391 5153 3610 5220 singulis
3641 5169 3728 5218 per
3747 5142 3882 5222 quas

2283 5213 2536 5268 transibat
2581 5213 2892 5278 civitatibus,
2928 5227 3135 5271 cunctos
3178 5213 3526 5276 commonebat
3564 5234 3618 5277 ut
3641 5213 3878 5278 'Arianos

2282 5286 2900 5362 quidemuaversarentur,
2927 5302 3012 5340 eos
3034 5305 3148 5342 vero
3188 5293 3507 5362 susciperent
3548 5295 3636 5362 qni
3662 5296 3880 5349 consub-

2283 5356 2540 5431 stantialis
2572 5355 2724 5431 [idem
2767 5357 3141 5431 proﬁterentur.
3190 5358 3257 5414 In
3287 5355 3590 5431 quibusdam
3617 5367 3770 5419 etiam
3797 5383 3882 5420 ec—

2281 5428 2447 5500 clesiis
2495 5427 2840 5500 ordinationes
2885 5431 3025 5500 fecit.
3077 5430 3206 5498 Qua:
3249 5427 3328 5487 res
3374 5435 3588 5489 alterius
3631 5439 3879 5494 adversus

2281 5499 2429 5575 illum
2462 5499 2833 5575 criminationis
2877 5517 3058 5575 ansam
3085 5502 3316 5569 prwbnit,
3348 5516 3616 5574 propterea
3650 5509 3787 5575 quod
3824 5513 3876 5563 in

2279 5571 2501 5648 aliorum
2534 5569 2767 5648 ecclesiis
2802 5573 3046 5648 ordinare
3085 5569 3356 5648 tentassetf
3387 5569 3496 5630 lloc
3537 5569 3743 5648 ipsum,
3785 5593 3879 5636 aut

2277 5641 2478 5720 aliquid
2533 5641 2840 5708 ltujusmodi
2883 5656 3010 5720 alite
3044 5641 3601 5720 cantduntsynodunt
3648 5641 3878 5720 tib-ipso

2278 5712 2574 5792 pltea-itum
2605 5729 2724 5769 esse
2764 5729 2867 5768 non
2907 5715 3134 5771 obscure
3169 5712 3410 5774 innuitdr
3440 5721 3491 5774 in
3520 5721 3584 5776 iis
3615 5738 3735 5792 qua:

2277 5781 2523 5839 manilius
2551 5794 2688 5838 sunt.
