4270 6264
356 300 462 357 ὒδῖ

1288 306 1381 361 EX
1417 304 1644 363 OPERE
1686 306 2046 367 liiSTOBICO
2084 309 2566 399 FBAGMENTUM
2598 313 2685 368 ill.

3555 318 3658 374 €66

353 433 450 490 per
503 417 726 486 bellum,
785 418 1273 478 Alexandrinorum
1301 423 1551 480 basilicas
1592 424 1952 513 depriedatur.
1987 429 2034 487 Α
2062 442 2275 485 cassum
2314 431 2628 501 provenisse
2665 443 3050 503 cognosceret,
3084 434 3151 491 ad
3188 435 3387 493 iulium
3430 435 3657 493 Romam

352 519 662 576 Constituto
698 520 811 590 jam
866 521 921 576 in
968 522 1086 591 ejus
1132 522 1309 579 locum
1356 538 1421 579 ex
1469 524 1672 594 judicio
1730 528 1954 584 concilii

356 614 494 687 (scil.
535 613 842 668 Antioclieni
868 630 953 668 an.
978 613 1109 685 3M)
1137 624 1325 671 sancto
1352 626 1407 672 et
1436 617 1647 689 integro
1672 620 1958 676 sacerdote

358 701 663 773 (Gregorio)
694 713 752 758 ut
795 703 1056 759 barbarus
1089 704 1279 769 hostis,
1308 716 1361 761 et
1388 718 1442 761 ut
1477 709 1643 778 pestis
1687 711 1945 781 sacrilega

353 793 604 849 adductis
648 793 933 864 gentilium
980 795 1193 865 pupulis
1247 797 1338 853 Dei
1374 800 1630 869 templum
1686 802 1946 870 incendit,

358 889 533 943 altare
559 888 899 956 comminuit,
929 898 985 944 et
1015 890 1156 945 clam
1180 892 1312 947 exiit
1338 892 1407 949 de
1430 893 1671 960 civitate,
1716 897 1955 953 occulte-

354 995 462 1050 que
489 978 744 1050 profugit.

426 1071 482 1128 9.
533 1071 801 1144 Episwpis
829 1072 949 1127 aliis
972 1073 1035 1127 ab
1072 1074 1255 1129 exsilio
1297 1078 1514 1133 reversis
1538 1080 1707 1150 aﬂicta
1733 1082 1952 1137 scelera.

353 1162 553 1236 Corpus
584 1163 789 1218 Domini
811 1175 1183 1220 consecratum.
1212 1167 1548 1241 Sacriﬁcium
1569 1177 1956 1246 confectum.—

351 1255 459 1314 Sed
480 1257 550 1313 de
580 1258 749 1313 Paulo
779 1259 1388 1331 Gottstantinopolitante
1424 1266 1656 1323 civitatis
1682 1269 1951 1339 quondam

351 1351 614 1421 episcolio
662 1360 780 1420 post
824 1352 1055 1407 reditum
1103 1356 1277 1410 exsilii
1328 1358 1410 1413 sui
1448 1360 1492 1414 si
1535 1361 1655 1430 quis
1699 1362 1951 1429 audierit,

352 1445 755 1517 perhorrescet.
788 1446 960 1502 Fuere
988 1464 1217 1519 uanique
1247 1460 1301 1506 et
1340 1452 1389 1506 in
1423 1455 1633 1525 Ancyra
1663 1457 1954 1525 provinciae

352 1538 598 1604 Galatir,
649 1548 768 1609 post
803 1540 1035 1595 reditum
1083 1542 1315 1599 Marcelli
1362 1544 1622 1615 haeretici,
1668 1548 1952 1605 domorum

352 1631 601 1688 incendia
629 1641 683 1687 et
709 1648 907 1704 genera
928 1633 1138 1691 diversa
1170 1636 1454 1695 bellorum.
1491 1639 1628 1695 Nudi
1653 1642 1722 1696 ab
1747 1642 1863 1712 ipso
1883 1643 1951 1698 ad

353 1723 530 1779 forum
565 1724 918 1781 trahebantur
939 1727 1263 1798 presbyteri,
1284 1740 1360 1797 et,
1384 1732 1524 1800 quod
1549 1748 1669 1786 cum
1695 1733 1950 1804 lacrymis

2064 523 2338 594 perrexit,
2366 524 2462 581 sed
2483 535 2540 582 et
2562 524 2628 580 ad
2656 526 2825 582 italiae
2851 528 3109 598 quosdam
3138 529 3308 600 ipsius
3338 531 3509 599 partis
3536 531 3656 602 epi-

2060 632 2254 687 scopos
2289 636 2303 672 :
2353 634 2491 691 quos
2522 621 2787 677 seducens
2817 638 2913 693 per
2939 623 3287 691 epistolarum
3323 622 3612 680 falsitatem
3637 665 3654 692 ,

2060 710 2128 765 ab
2168 710 2373 767 eisdem
2420 713 2676 781 perfacile
2725 715 2774 768 in
2817 716 3200 771 communione
3249 725 3500 785 receptus
3549 724 3654 772 est.

2062 801 2265 857 Deinde
2294 817 2511 873 capere
2541 805 2616 859 illi
2652 820 2758 859 non
2786 814 2894 860 tam
2930 822 3028 875 pro
3056 809 3194 876 ipso,
3229 823 3388 878 quam
3418 823 3516 878 pro
3544 809 3660 864 suis

2059 894 2268 949 actibus
2290 894 2541 950 laborare
2566 914 2579 950 :
2608 896 2749 965 quod
2782 898 2855 951 illi
2882 907 3186 966 pertemere
3211 898 3485 956 credendo
3505 914 3659 954 com-

2058 986 2485 1042 municaverant.
2523 986 2736 1043 Etenim
2765 989 2811 1044 si
2846 991 3056 1046 fuerant
3086 991 3193 1046 illae
3228 991 3425 1047 littera:
3452 993 3661 1063 aliquo.

2057 1092 2176 1133 rum
2202 1120 2218 1144 ,
2251 1095 2357 1133 non
2385 1089 2564 1136 tamen
2591 1096 2778 1136 eorum
2804 1083 2901 1153 qui
2933 1091 3026 1138 aut
3050 1083 3261 1153 judices
3282 1084 3495 1140 fuerant
3519 1128 3534 1152 ,
3568 1092 3662 1141 aut

2059 1172 2111 1227 in
2139 1173 2367 1228 concilio
2395 1174 2729 1230 assederunt.
2769 1176 2899 1244 Qua:
2929 1178 3146 1247 quidem
3183 1178 3346 1233 etiam
3390 1178 3434 1233 si
3477 1189 3663 1236 essent

2048 1263 2380 1343 aliquorum.
2436 1274 2639 1322 temere
2681 1268 2755 1322 illi
2800 1269 2982 1332 fidem,
3022 1267 3094 1339 (ο)
3141 1284 3237 1337 pro
3284 1284 3345 1325 se
3390 1271 3655 1341 dicentes,

2059 1356 2257 1412 habere
2279 1373 2564 1428 numquam
2592 1358 2873 1415 deberent.
2908 1360 3012 1418 Sed
3045 1371 3100 1416 et
3124 1361 3357 1431 judices,
3389 1364 3478 1434 qui
3509 1364 3656 1418 illum

2054 1450 2537 1516 sententiaverunt,
2570 1451 2795 1508 credere
2821 1452 3135 1508 noluerunt.

2106 1542 2216 1631 vii.
2266 1543 2340 1596 Ab
2388 1544 2594 1598 Arionis
2633 1546 2850 1615 depositi
2882 1546 2970 1616 qui
3009 1563 3063 1601 se
3110 1547 3407 1619 defendant.
3434 1548 3658 1604 —ldeo

2055 1634 2178 1704 quia
2202 1644 2256 1690 et
2283 1637 2373 1690 alii
2406 1638 2607 1707 quique
2633 1637 2711 1709 (ά)
2738 1638 2792 1693 ἱη
2817 1639 3124 1707 praetorium
3151 1654 3248 1708 pro
3270 1641 3382 1695 suis
3406 1640 3660 1697 facinori-

2056 1725 2157 1781 bus
2194 1725 2393 1781 detccti
2431 1734 2577 1789 sunt,
2626 1745 2766 1785 nunc
2802 1744 2924 1784 cum
2967 1730 3220 1786 Marcello
3267 1741 3322 1786 et
3360 1731 3661 1789 Athanasio

349 1818 604 1890 luctuque
636 1819 922 1876 dicendum
945 1863 960 1888 ,
994 1832 1369 1881 consecratum
1407 1825 1618 1879 Domini
1662 1840 1857 1896 corpus
1883 1827 1950 1882 ad
1984 1838 2028 1898 Β
2055 1817 2329 1887 eottjuncti
2359 1825 2516 1885 sunt;
2545 1819 2788 1876 decimus
2815 1834 2994 1878 autem
3025 1823 3285 1893 Asclepas
3306 1834 3433 1880 ante
3463 1825 3652 1881 decem

348 1913 691 1970 sacerdotum
714 1914 852 1970 colla
882 1930 1205 1986 suspensum
1234 1919 1406 1986 palam
1432 1918 1748 1989 publiceque
1773 1920 1955 1989 profa-

349 2006 534 2071 nahat,
568 2005 912 2076 virginesque
950 2007 1319 2063 sanctissimas
1361 2009 1471 2064 Deo
1507 2010 1831 2081 Christoque
1865 2012 1953 2068 di-

349 2109 503 2155 catas
532 2099 744 2169 publice
775 2100 827 2155 in
858 2099 1000 2168 foro,
1031 2102 1206 2157 media
1240 2103 1292 2157 in
1318 2104 1555 2170 civitate,
1582 2106 1955 2161 concurrenti-

344 2193 447 2251 bus
475 2195 707 2265 populis,
755 2195 1041 2252 abstractis
1082 2198 1346 2265 vestibus,
1390 2198 1659 2256 horrenda
1705 2200 1951 2260 foeditate

346 2288 601 2345 nudabat.
638 2288 744 2345 Sed
786 2289 840 2344 in
875 2290 1094 2347 civitate
1123 2291 1266 2348 Gaza
1313 2293 1610 2361 provincia:
1649 2294 1952 2352 Palaestina:

345 2395 469 2452 post
499 2383 728 2439 reditum
758 2400 913 2439 suum
961 2384 1216 2453 Asclepas
1256 2385 1425 2441 altare
1450 2388 1786 2455 comminuit,
1816 2389 1953 2444 mul-

347 2485 535 2547 tasque
565 2476 861 2533 seditiones
886 2475 1084 2532 effecit.
1134 2477 1400 2534 Praeterea
1431 2478 1814 2550 iiadrianopoli
1845 2481 1952 2537 Lu-

347 2571 466 2627 cius
495 2579 618 2639 post
646 2571 877 2627 reditum
906 2587 1062 2628 suum
1090 2572 1415 2628 sacrificium
1445 2588 1473 2629 a
1498 2577 1703 2630 sanctis
1727 2585 1782 2629 et
1807 2576 1948 2631 inte-

345 2663 458 2734 gris
477 2663 848 2720 sacerdotibus
868 2664 1196 2731 confectum,
1215 2665 1261 2720 si
1290 2663 1372 2720 fas
1392 2675 1476 2720 est
1500 2665 1703 2734 dicere,
1727 2668 1953 2723 canibus

344 2756 737 2826 projiciendum
765 2756 1007 2826 iubebat.
1038 2757 1206 2827 igitur
1234 2773 1356 2814 cum
1390 2758 1504 2814 haec
1531 2760 1603 2814 ita
1623 2760 1757 2826 sint,
1788 2776 1945 2817 nemo

345 2851 596 2921 quidnam
636 2850 776 2922 lupis
809 2851 970 2906 tantis
1011 2865 1074 2906 ac
1109 2852 1303 2907 talibus
1336 2865 1467 2907 oves
1501 2851 1702 2908 Christi
1739 2853 1806 2908 ad
1843 2852 1951 2907 huc

348 2959 518 3013 usque
546 2943 843 3008 credimus,
861 2952 918 3000 et
945 2944 1184 3000 membra
1220 2942 1419 2999 Christi
1448 2944 1690 3000 membra
1719 2943 1950 3001 fornica-

348 3037 499 3093 toria:
523 3037 826 3092 faciemus?
853 3038 1027 3093 Absit.

420 3132 504 3188 10.
539 3131 813 3187 Athanasii
852 3131 1107 3203 facinora.
1155 3130 1200 3186 A
1236 3128 1382 3187 Julia
1408 3141 1455 3184 et
1485 3129 1656 3186 Italia:
1694 3131 1949 3203 episcopis

2057 1921 2111 1969 et
2157 1922 2361 1981 septem
2405 1929 2576 1967 annos
2613 1918 2957 1985 episcopatus
2992 1916 3199 1972 honore
3239 1917 3538 1975 discinctus
3579 1929 3664 1975 est

2056 2001 2175 2072 (an.
2206 2001 2355 2079 ~2:50)
2383 2020 2397 2070 ;
2441 2004 2644 2061 deinde
2674 2008 2895 2061 Paulum
2928 2017 2979 2063 et
3010 2006 3234 2062 Lucium
3259 2049 3273 2074 ,
3321 2017 3375 2063 et
3402 2018 3664 2081 quotquot

2057 2096 2251 2151 talibus
2291 2097 2562 2165 conjuncti
2603 2107 2729 2154 sunt
2764 2099 3203 2156 :circumeuntes
3247 2101 3408 2157 simul
3447 2110 3663 2158 exteras

2057 2189 2326 2259 regiones.
2360 2189 2758 2259 persuadebunt
2769 2190 3044 2259 jndicibus
3061 2205 3169 2246 non
3198 2205 3320 2247 esse
3332 2192 3659 2249 credendum

2052 2281 2183 2344 illis,
2215 2282 2307 2351 qui
2337 2281 2390 2336 in
2411 2297 2508 2336 eos
2536 2283 2696 2353 digne
2720 2283 3043 2338 sententiam
3071 2283 3440 2351 protulerunt;
3473 2293 3532 2339 ut
3557 2283 3662 2341 hoc

2052 2389 2253 2443 genere
2275 2375 2585 2430 commercii
2613 2374 2715 2429 sibi
2746 2373 3034 2443 quemdam
3063 2374 3130 2429 ad
3153 2375 3495 2445 episcOpatus
3518 2374 3664 2431 redi-

2053 2475 2164 2521 tum
2200 2464 2573 2535 procurarent;
2602 2465 2714 2521 Nec
2735 2467 2785 2520 in
2810 2466 2943 2535 ipsis
2970 2467 3126 2532 locis,
3155 2467 3206 2520 in
3235 2467 3432 2537 quibus
3461 2482 3657 2538 pecca-

2056 2568 2268 2624 verant,
2285 2574 2387 2614 nec
2404 2561 2454 2611 in
2471 2559 2753 2628 proximis,
2775 2560 2856 2612 vel
2881 2557 2968 2612 ubi
2993 2566 3338 2613 accusatores
3358 2557 3658 2626 habebant,

2052 2668 2113 2708 se
2144 2652 2541 2716 defendebant;
2582 2651 2676 2707 sed
2702 2652 2852 2721 juala
2881 2651 3219 2720 peregrinos,
3244 2661 3299 2705 et
3323 2652 3479 2723 longe
3505 2667 3535 2707 a
3568 2668 3657 2709 rc-

2052 2744 2300 2816 gionibus
2325 2744 2439 2799 suis
2467 2744 2668 2813 positos
2703 2744 3011 2813 ignorantes
3028 2753 3304 2812 gestorum
3323 2743 3484 2799 fidem
3504 2783 3519 2808 ,
3545 2743 3661 2814 jus-

2054 2845 2160 2892 tam
2193 2837 2515 2892 sententiam
2542 2836 2878 2891 conabantur
2907 2834 3255 2906 perfringere,
3272 2835 3338 2891 ad
3370 2836 3496 2891 illos
3524 2835 3661 2891 refe-

2054 2941 2234 2987 rentes
2250 2942 2405 2987 actus
2427 2943 2576 2992 suos,
2600 2930 2690 2999 qui
2715 2929 2832 2983 illos
2854 2944 2946 2997 per
2964 2928 3142 2983 omnia
3161 2926 3659 3000 nesciebant.655

2056 3009 2263 3081 Astute
2283 3025 2385 3080 hoc
2414 3023 2638 3080 faciunt.
2689 3022 2937 3079 Scientes
2978 3022 3123 3076 enim
3163 3021 3231 3076 de
3253 3020 3558 3091 iudicibus,
3589 3021 3660 3076 de

2055 3116 2483 3182 accusatoribus,
2528 3115 2599 3170 de
2648 3113 2877 3170 testibus
2917 3114 3116 3169 multos
3162 3112 3486 3175 decessisse,
3536 3119 3660 3183 post

344 3224 644 3294 suscipitur.
677 3252 748 3264 --
789 3223 919 3277 Nam
960 3234 1145 3292 postea
1172 3221 1499 3277 Athmasius
1533 3238 1827 3293 peragrans
1857 3238 1951 3292 per

2058 3218 2137 3265 tot
2166 3218 2449 3279 tantasque
2474 3207 2797 3270 sententias,
2831 3216 2955 3276 puta
2967 3215 3157 3260 verunt
3183 3204 3329 3259 aliud
3354 3214 3664 3260 restaurare

346 3318 588 3374 diversas
621 3328 799 3387 partes
827 3317 974 3373 orbis
1005 3326 1292 3383 terrarum,
1325 3317 1532 3372 scilicet
1555 3316 1822 3371 seducens
1849 3315 1951 3369 ali-

2055 3301 2334 3373 indicium,
2360 3301 2607 3356 volentes
2623 3299 2764 3368 apud
2789 3314 2886 3354 nos
2909 3314 3128 3354 Causam
3148 3298 3352 3364 dicere,
3376 3299 3466 3368 qui
3488 3312 3662 3368 neque

348 3423 485 3481 quos
511 3424 608 3481 per
628 3423 781 3464 suam
808 3406 1074 3463 fallaciam
1104 3407 1583 3478 adulationemque
1614 3407 1951 3478 pestiferam,

349 3502 625 3571 decipiens
648 3502 966 3556 innocentes
984 3501 1266 3570 episcopos
1288 3499 1377 3568 qui
1404 3501 1522 3568 ejus
1543 3499 1782 3554 facinora
1805 3501 1956 3570 igno-

348 3594 562 3661 rabant,
586 3592 666 3648 vel
686 3591 971 3664 Egyptios
989 3590 1376 3665 maliquos
1393 3590 1509 3660 ejus
1535 3599 1686 3646 actus
1708 3591 1960 3660 ignoran-

351 3696 454 3751 tes,
477 3688 674 3757 scripta
698 3702 726 3740 a
747 3684 968 3756 singulis
990 3684 1399 3746 eniendicando,
1426 3683 1685 3739 ecclesias
1712 3683 1956 3752 pacificos

353 3778 721 3849 perturbabat,
751 3787 841 3829 aut
888 3775 1003 3847 ipse
1043 3775 1145 3829 sibi
1190 3788 1359 3828 novas
1387 3789 1483 3842 pro
1525 3788 1621 3828 sua
1658 3773 1943 3827 voluntate

352 3872 429 3946 (a)
458 3871 711 3941 fingebat.
727 3868 871 3925 Nihil
896 3877 1074 3923 tamen
1097 3868 1197 3922 ltOc
1212 3866 1395 3921 Valere
1418 3866 1590 3936 potuit
1605 3863 1671 3919 ad
1686 3865 1952 3933 judicium

348 3964 665 4036 jamdudum
722 3977 751 4018 a
813 3961 1171 4018 sanctissimis
1221 3971 1274 4015 et
1310 3959 1644 4015 inlustribus
1685 3958 1953 4028 episcopis

354 4066 753 4114 consecratum.
784 4053 898 4110 Non
927 4054 1073 4110 enim
1100 4051 1500 4109 commendatio
1519 4066 1731 4118 eorum,
1754 4049 1833 4122 (b)
1864 4052 1954 4121 qui

355 4165 458 4207 nec
481 4152 535 4205 in
563 4149 794 4204 concilio
819 4146 1032 4218 judices
1064 4146 1298 4210 fuerunt,
1327 4158 1426 4201 nec
1454 4144 1668 4199 concilii
1692 4142 1954 4213 judicium

357 4242 662 4299 habuerunt
681 4239 994 4312 aliquando,
1017 4254 1116 4294 nec
1144 4247 1442 4306 praesentes
1464 4252 1585 4291 cum
1611 4235 1955 4305 supradictus

358 4337 686 4396 Athanasius
716 4335 1028 4399 audiretur,
1079 4332 1247 4388 fuisse
1277 4338 1607 4394 noscuntur.
1640 4336 1736 4383 aut
1774 4328 1958 4383 valere

359 4434 439 4492 illi
479 4433 675 4506 potuit,
724 4440 819 4487 aut
846 4429 1125 4502 prodesse.
1171 4427 1413 4497 Denique
1456 4439 1577 4481 cum
1619 4423 1721 4480 sibi
1756 4423 1873 4478 haec
1901 4424 1954 4478 in

439 4553 516 4626 (a)
544 4553 780 4626 Verbum
812 4552 1034 4626 ﬁngebat
1059 4546 1377 4626 supplemus
1403 4559 1479 4626 eis
1497 4541 1770 4624 Sirmcndi
1794 4539 1958 4626 variis
1983 4545 2035 4607 Ι)

362 4611 703 4683 lectionibus.
734 4611 1359 4693 Qu'od'proxime'aiunl.
1393 4613 1746 4693 Athanasium
1775 4611 1956 4665 diver-

361 4713 451 4755 sas
475 4697 623 4753 orbis
650 4683 826 4764 partes
855 4683 1190 4765 peragrando
1226 4688 1424 4755 scripta
1452 4700 1483 4765 a
1516 4683 1737 4765 singulis
1766 4698 1956 4736 emen-

362 4771 594 4834 dicasse,
619 4757 815 4821 indicio
839 4757 921 4820 est
950 4757 1096 4818 ilium
1128 4760 1229 4834 hoc
1250 4768 1365 4829 post
1393 4757 1620 4834 primum
1643 4764 1732 4807 aut
1763 4768 1956 4834 secun-

363 4843 489 4896 dum
518 4830 743 4895 reditum
772 4836 1035 4909 effecisse,
1060 4830 1201 4909 qu_od
1232 4827 1351 4898 post
1375 4827 1627 4909 tertium-3
1658 4833 1952 4907 postqucm

363 4912 665 4983 presbyteri
693 4909 833 4983 illius
871 4908 1063 4961 Petrus
1079 4899 1382 4983 ,__irteneus,
1404 4899 1775 4983 etc..,__littera_s
1792 4899 1952 4983 paci-

362 4968 495 5039 ficus
523 4968 621 5052 ipsi
650 4979 1003 5050 undequaque
1024 4975 1379 5052 collegerunt,
1411 4979 1469 5025 ut
1491 4968 1812 5024 Athanasius
1843 4969 1955 5035 ipse

365 5046 627 5110 memorat
653 5053 718 5106 ad
748 5046 984 5120 Solit.
1018 5046 1146 5102 8‘26.
1695 5118 1702 5120 Α
1778 5110 1788 5120 .

438 5125 518 5198 (b)
568 5125 871 5179 Subiestam
920 5119 1016 5198 hic
1040 5121 1227 5198 facere
1267 5122 1533 5198 conantur
1586 5117 1960 5198 auctoritatem

364 5182 693 5261 scriptorum
731 5210 851 5249 cum
884 5196 953 5247 ab
992 5186 1369 5261 Alexandrinis
1390 5194 1567 5261 .__tum_
1601 5198 1630 5235 a
1660 5182 1963 5236 Mareoticis

369 5254 702 5339 presbyteris
726 5274 782 5321 et
807 5263 1069 5339 diaconis,
1103 5269 1215 5314 tum
1255 5254 1807 5339 abnaliis‘missorum,
1840 5268 1962 5339 quae

368 5323 717 5401 Athanasius,
760 5336 1014 5408 Apolog._
1040 5323 1245 5408 inpari.
1297 5327 1395 5380 79t
1445 5334 1498 5380 et
1526 5338 1678 5408 seqq.
1714 5323 1958 5405 inseruit,

342 5396 566 5480 -quihus
595 5396 889 5480 perspectis
910 5396 1167 5480 Jbliusli'n
1198 5400 1442 5454 Romano
1469 5396 1700 5451 concilio
1723 5409 1845 5449 eum
1877 5396 1959 5448 in-

368 5472 535 5538 tentis
562 5472 878 5535 criminibus
905 5472 1151 5551 absolvit.
1439 5539 1451 5551 _
1828 5550 1837 5551 7
1886 5537 1896 5546 Ι

445 5554 520 5621 (c)
568 5552 721 5606 Hunc
754 5551 928 5621 locum
960 5562 1029 5601 ex
1059 5545 1223 5621 sirm.
1255 5545 1613 5621 resarcim‘uls:
1656 5545 1967 5621 cum‘prtu‘s

369 5609 686 5680 decurtatus
714 5630 796 5676 cst
819 5620 871 5674 in
899 5617 1043 5691 hunc
1078 5613 1313 5691 ’modum
1339 5650 1353 5691 ._
1382 5610 1461 5663 illi
1487 5609 1644 5691 [idem
1671 5611 1964 5691 proferunt.

371 5698 586 5751 credere
610 5693 903 5747 noluerunt.
936 5688 1169 5743 Litteras
1192 5688 1242 5738 in
1273 5682 1545 5751 Athanasii
1567 5680 1791 5751 gratiam
1814 5680 1967 5733 datas

375 5750 528 5827 piunt
552 5803 564 5827 ,
598 5765 652 5818 ι’
675 5762 919 5818 falsitatis
945 5775 1065 5815 esse
1090 5764 1400 5827 suspectast
1422 5750 1480 5804 2°
1509 5750 1614 5805 non
1638 5767 1759 5806 esse
1779 5765 1964 5827 eorum

378 5816 650 5908 iiii—lill'm—n
677 5816 1095 5905 j'ttdiCavcruntt
1128 5816 1328 5884 ὅθ’ριιιςι
1360 5820 1463 5879 sint
1494 5832 1681 5881 eorum
1709 5816 1797 5891 qui
1820 5831 1967 5878 cont-

2055 3396 2181 3451 illos
2209 3395 2611 3460 excusavimns,
2655 3407 2828 3462 neque
2859 3390 3243 3461 judicavimus,
3276 3389 3379 3458 Qui
3409 3390 3556 3446 enim
3575 3391 3662 3460 ju-

2059 3489 2398 3550 dicavcrunt,
2417 3487 2529 3558 jam
2555 3485 2624 3540 ad
2655 3485 2940 3540 Dominum
2972 3498 3280 3551 perrexere.

2136 3583 2223 3637 12.
2277 3580 2661 3636 Insimulantur
2704 3580 2851 3648 quasi
2905 3576 3194 3632 Orientales
3245 3575 3661 3631 Occidentalibus

2062 3675 2356 3747 subjiciunt.
2400 3702 2473 3715 -—
2512 3672 2813 3727 Voluerunt
2853 3680 3035 3726 autem
3081 3671 3242 3725 etiam
3293 3670 3660 3724 Orientalibus

2060 3769 2329 3837 episcopis
2361 3766 2432 3839 (e)
2467 3776 2520 3820 et
2542 3766 2764 3820 veniunt
2790 3778 2888 3834 pro
2912 3763 3182 3832 judicibus
3205 3763 3540 3831 defensores,
3562 3778 3661 3833 pro

2060 3858 2440 3914 defensoribus
2487 3858 2589 3922 rei,
2635 3871 2698 3911 eo
2743 3865 2985 3926 tempore
3024 3871 3145 3910 eum
3185 3870 3371 3911 eorum
3414 3855 3661 3912 defensio

2062 3965 2170 4004 non
2202 3949 2412 4004 valebat
2443 3966 2455 4004 :
2495 3948 2724 4003 maxime
2751 3962 2871 4002 cum
2905 3957 3033 4002 tunc
3069 3946 3287 4003 defendi
3313 3946 3533 4004 minime
3560 3962 3659 4018 po-

2064 4050 2315 4106 tuerunt,
2345 4039 2562 4110 quando
2611 4038 2734 4094 illos
2761 4051 3111 4095 accusatores
3143 4039 3224 4093 sui
3265 4037 3456 4094 facient
3484 4040 3550 4095 ad
3584 4039 3661 4094 fa-

2061 4136 2200 4192 ciem
2234 4135 2555 4205 arguebant;
2597 4133 2800 4189 Novam
2844 4133 3017 4203 legem
3064 4133 3409 4188 introducere
3438 4143 3658 4204 putave-

2063 4244 2221 4300 runt,
2266 4245 2322 4289 ut
2356 4233 2660 4289 Orientales
2698 4234 2940 4301 episcopi
2967 4234 3036 4287 ab
3063 4232 3502 4289 Occidentalibus
3517 4233 3662 4302 judi-

2061 4336 2337 4384 carentur.
2383 4327 2453 4382 Et
2502 4327 2760 4382 volebant
2806 4326 3065 4381 Ecclesize
3107 4326 3374 4396 judicium
3421 4340 3520 4397 per
3564 4340 3662 4383 eos

2064 4435 2224 4491 posse
2246 4428 2523 4486 constare,
2568 4418 2659 4489 qui
2702 4435 2809 4472 non
2854 4426 2961 4482 tam
2995 4418 3659 4486 illorum'miscrebantur,

2065 4537 2323 4592 munione
2368 4550 2490 4590 cum
2526 4532 2823 4588 Athanasio
2861 4532 3262 4603 inconsiderate
3304 4531 3479 4603 juncti
3520 4532 3660 4599 sint,

2065 4609 2174 4664 illis
2201 4623 2301 4679 pro
2327 4621 2392 4679 se_
2406 4605 2739 4679 dicentibus,
2765 4618 2869 4659 non
2897 4619 3020 4679 esse
3052 4602 3159 4679 fide
3187 4602 3398 4679 dignas.
3434 4603 3656 4679 Demum

2064 4674 2349 4747 culpantur
2373 4677 2512 4742 itali,
2537 4676 2676 4745 quod
2709 4677 2774 4730 iis
2800 4676 3026 4731 credere
3054 4674 3345 4741 noluerint,
3376 4674 3465 4745 qui
3488 4674 3657 4728 Atha-

2065 4752 2274 4805 nasium
2306 4749 2718 4803 damnaverunt.

2134 4821 2214 4894 (d)
2245 4820 2372 4894 Haec
2394 4822 2462 4873 ita
2494 4818 2811 4894 corrigenda
2839 4818 3205 4894 arbitramur;
3235 4817 3328 4894 alii
3347 4817 3552 4887 quique,
3576 4816 3665 4886 qui

2058 4895 2113 4947 in
2142 4890 2459 4965 prseteritunt
2498 4906 2594 4965 pro
2623 4891 2727 4965 suis
2773 4890 3086 4965 facinoribus
3104 4890 3304 4965 Adejecti
3334 4898 3483 4965 sunt,
3529 4903 3663 4941 nunc

2058 4960 2173 5018 cum
2200 4962 2447 5017 Marcello
2476 4960 2522 5016 et
2551 4960 2833 5016 Athanasio
2855 4961 3115 5033 conjuncti
3136 4960 3288 5033 sunt:
3326 4960 3545 5033 dicimus
3563 4973 3665 5033 att-

2067 5044 2168 5089 tem
2204 5035 2496 5104 Asclepant,
2548 5036 2636 5102 qui
2678 5045 2815 5098 ante,
2863 5029 2970 5087 etc’.
3015 5032 3187 5104 Certe:
3218 5031 3511 5104 hypocritze
3560 5029 3659 5104 illi,

2065 5122 2337 5163 summum
2357 5101 2569 5175 ubique
2584 5105 2963 5161 ecclesiastica:
2984 5101 3281 5173 disciplina:
3307 5101 3551 5175 studium
3567 5101 3665 5155 ob—

2069 5178 2353 5233 tendentes
2373 5216 2388 5240 ,
2423 5173 2798 5243 prudentiores
2823 5186 3014 5238 erant,
3045 5188 3205 5244 quam
3236 5184 3288 5226 ut
3321 5173 3555 5241 prmtorii
3576 5178 3662 5244 ju-

2066 5249 2265 5304 dicium
2288 5263 2347 5304 se
2365 5242 2980 5315 viiulicarejactitarent.
3004 5242 3107 5301 Sed
3132 5256 3184 5299 et
3205 5244 3364 5308 infra,
3394 5259 3542 5298 num.
3571 5242 3659 5309 i5,

2061 5319 2173 5389 jam
2201 5320 2319 5374 sine
2348 5320 2545 5375 mendo
2575 5321 2750 5386 legere
2776 5328 2877 5380 est.
2905 5333 2965 5371 ea
2997 5316 3342 5370 nttscnllztnda
3369 5329 3663 5389 esse,‘qu'.e

2066 5385 2101 5446 2:
2129 5391 2361 5464 patribus
2385 5400 2566 5464 contra
2587 5385 2734 5464 ipsos
2750 5389 2804 5442 in
2836 5389 3147 5464 prietes-itum
3183 5391 3383 5456 [iterant
3402 5385 3660 5464 judicata.

2143 5463 2216 5587 ie)
2251 5457 2620 5531 Supplendmn
2653 5457 2861 5513 videtur
2890 5460 2943 5512 id
2976 5459 3268 5526 impellere,
3313 5468 3404 5511 aut
3435 5457 3559 5525 quid
3592 5459 3664 5510 si-

2168 5550 2232 5587 e:
2271 5550 2333 5587 ac
2368 5532 2562 5587 deinde
2592 5530 2872 5587 lem-udum
2904 5546 3025 5585 esse
3047 5571 3062 5587 .
3095 5539 3149 5582 ut
3176 5529 3374 5583 veriiant
3409 5544 3500 5587 pro
3528 5529 3664 5587 iudi-

2068 5529 2232 5598 mile’;
2271 5529 2341 5587 ac
2368 5529 2562 5588 deinde
2592 5530 2872 5599 legendum
2904 5546 3025 5585 esse
3047 5571 3062 5594 ,
3095 5539 3149 5582 ut
3176 5529 3374 5583 veriiant
3409 5544 3500 5599 pro
3519 5529 3666 5599 judi-

2068 5604 2228 5669 cibus,
2254 5604 2357 5659 hoc
2382 5613 2466 5658 est
2495 5618 2616 5657 cum
2637 5598 2846 5671 judices
2870 5615 2991 5655 esse
3022 5600 3307 5664 deberent,
3345 5617 3447 5654 ron
3473 5598 3662 5671 defen-

2067 5689 2220 5731 sores
2243 5683 2335 5727 aut
2365 5673 2441 5729 rei
2467 5692 2480 5727 :
2509 5683 2564 5729 et
2586 5674 2634 5726 id
2664 5672 2940 5727 voluerunt
2972 5687 3037 5723 eo
3060 5682 3326 5739 tempere,
3350 5686 3456 5739 quo
3476 5670 3664 5725 defen-

2067 5747 2149 5800 sio
2178 5758 2365 5800 eorum
2393 5761 2498 5799 non
2528 5742 2776 5811 valebat;
2807 5742 2949 5811 quod
2982 5757 3086 5797 non
3112 5741 3222 5811 jam
3250 5744 3316 5795 ad
3341 5740 3665 5808 Orientales,

2058 5812 2165 5874 sed
2188 5815 2253 5875 ad
2286 5809 2632 5872 Athanasium
2654 5827 2716 5870 ac
2744 5809 2921 5871 socios
2944 5809 3305 5870 referendum.
