4270 6264
611 299 720 357 667

1799 301 2050 359 SANCTI
2093 301 2351 361 HILABII
2390 304 2697 363 EPISCOI’I

3807 311 3913 366 668

613 432 775 492 quam
832 420 1043 477 actibus
1082 420 1217 477 suis.
1268 419 1344 493 (α)
1392 419 1505 475 Hoc
1538 419 1722 491 itaque
1760 418 1915 477 nefas
1950 420 2207 490 quoniam
2236 424 2287 485 Α
2310 434 2450 493 gene
2478 431 2532 478 et
2553 421 2712 478 Ossio
2742 421 2983 487 fuerunt,
3016 430 3073 478 ut
3100 421 3171 478 de
3208 436 3310 479 suo
3331 431 3477 480 etetu
3506 423 3790 480 damnatos
3813 441 3911 481 ex-

613 529 907 586 numquam
927 515 1134 584 recepit
1149 513 1521 570 ecclesiastica
1539 513 1854 585 disciplina;
1873 528 2208 584 qumsumus,

614 605 955 665 dilectissimi
976 604 1219 673 Fratres,
1234 612 1294 660 ut
1309 606 1634 662 sceleratam
1654 605 1946 676 perniciem
1965 611 2214 661 conatus-

515 756 525 767 ,
615 715 722 770 que
744 696 1057 754 mortiferos
1084 697 1418 769 perditorum
1442 699 1723 755 nobiscum
1746 699 1907 755 etiam
1934 699 2037 771 ipsi
2058 698 2211 755 dam-

615 793 777 849 netis.

688 885 776 940 l3.
813 883 975 949 Quasi
1012 885 1382 939 consentientes
1413 900 1528 937 cum
1558 884 1625 939 iis
1661 900 1789 956 quos
1817 884 2209 941 damnaverant.

614 1004 686 1020 --
712 977 924 1032 Etenim
963 990 1086 1031 cmn
1117 976 1296 1032 adhuc
1332 984 1483 1032 esset
1517 976 1809 1045 episcopus
1846 977 2172 1032 Athanasius
2198 1014 2213 1041 ,

614 1070 902 1138 Asclepam
930 1068 1233 1139 depositum
1261 1083 1356 1125 sua
1385 1068 1650 1124 sententia
1678 1067 1797 1139 ipse
1819 1067 1895 1141 (ι)
1919 1068 2211 1124 damnavit.

619 1162 724 1219 Sed
752 1170 808 1217 et
835 1160 1122 1216 Marcellus
1153 1160 1408 1217 similiter
1438 1176 1732 1231 numquam
1770 1162 2214 1217 communicavit.

617 1255 815 1311 Paulus
841 1269 973 1311 vero
994 1255 1271 1309 Athanasii
1300 1253 1627 1325 θη)οείιίοηὶ
1649 1253 1920 1320 interfuit,
1947 1269 2220 1326 manuque

619 1349 840 1420 prapria
870 1350 1193 1405 sententiam
1220 1348 1489 1417 scribens,
1515 1363 1638 1403 cum
1661 1348 1877 1402 caeteris
1903 1362 2026 1402 eum
2054 1348 2218 1402 etiam

619 1442 734 1511 ipse
759 1443 1057 1497 damnavit.
1086 1442 1159 1496 Et
1182 1441 1437 1512 quamdiu
1456 1443 1688 1512 quisque
1711 1456 1899 1496 eorum
1930 1441 2220 1512 episcopus

619 1535 736 1599 fuit.
784 1550 879 1590 sua
909 1534 1110 1603 judicia
1146 1534 1508 1590 cenlirmavit.
1555 1533 1661 1590 Sed
1700 1550 1822 1589 cum
1871 1533 2108 1590 diversis
2147 1551 2218 1589 ex

618 1629 797 1685 causis
836 1628 1176 1699 diversisque
1219 1629 1557 1700 temporibus
1596 1629 1792 1699 singuli
1834 1643 2025 1684 eorum
2062 1629 2223 1700 digne

618 1722 691 1779 de
744 1722 987 1779 Ecclesia
1033 1722 1147 1778 suis
1192 1736 1291 1793 pro
1333 1721 1542 1777 meritis
1579 1720 1931 1792 pellerentur,
1961 1721 2220 1791 majorem

2312 517 2614 585 eluderent,
2636 532 2810 589 neque
2829 517 3203 589 peccatoribus
3215 521 3698 576 communicarent:
3717 519 3914 577 deinde

2312 627 2417 668 una
2462 613 2745 669 nobiscum
2781 612 3033 669 audirent
3069 624 3156 680 ea,
3201 627 3321 684 quae
3364 628 3393 669 a
3429 613 3672 684 patribus
3714 615 3917 671 nostris

2314 714 2501 762 contra
2561 705 2710 776 ipsos
2768 705 2824 761 in
2862 705 3194 776 prteteritum
3236 705 3445 761 fuerant
3480 705 3718 777 judicata
3768 706 3915 777 (nam

2315 799 2454 855 iiber
2479 799 2714 854 Marcelli
2743 813 2851 854 non
2877 796 3230 870 exspectabat
3255 800 3659 855 accusationem
3686 842 3701 864 ,
3735 812 3831 869 per
3851 813 3915 855 se

2316 891 2462 946 enim
2498 897 2686 959 aperte
2712 889 2998 946 haereticus
3025 888 3371 961 noscebatur)
3397 907 3411 944 :
3443 899 3495 944 et
3519 905 3586 944 ne
3612 888 3762 944 falsis
3792 903 3919 960 sug-

2315 982 2650 1053 gestionihus
2678 982 2964 1038 crederent
2992 1025 3005 1048 ,
3036 982 3106 1055 (ε)
3138 999 3246 1037 non
3269 997 3456 1037 eorum
3484 982 3762 1052 quisquam
3795 997 3920 1053 pra-

2319 1075 2597 1130 vissimaut
2631 1087 2869 1132 mentem
2899 1082 3119 1146 propter
3153 1076 3327 1130 locum
3358 1074 3699 1145 episcopatus
3724 1075 3922 1130 obscu—

2325 1176 2469 1223 rant.
2505 1168 2576 1223 At
2622 1168 2698 1222 illi
2739 1174 2926 1223 contra
2975 1167 3090 1222 lucc
3126 1167 3486 1222 resistebant:
3532 1181 3637 1234 qua
3684 1168 3917 1233 ratione,

2320 1261 2611 1317 nescimus.
2645 1261 2755 1315 Nec
2782 1276 2841 1316 se
2870 1260 3151 1315 voluerunt
3178 1259 3247 1314 ab
3276 1260 3514 1331 ipsorum
3537 1260 3922 1314 communione

2321 1368 2631 1421 secernere,
2666 1352 3054 1408 conlirmantes
3076 1353 3315 1408 Marcelli
3338 1351 3578 1408 haeretici
3604 1361 3837 1407 sectam:
3865 1360 3925 1407 et

2321 1445 2561 1502 facinora
2595 1445 2877 1502 Athanasii
2905 1453 3335 1516 cmterorumque
3360 1445 3567 1501 scelera
3597 1444 3721 1501 fidei
3748 1444 3924 1500 cccie~

2321 1541 2556 1597 siasticae
2583 1540 2810 1610 pacique
2840 1539 3249 1611 praeponebant.

2398 1633 2482 1688 16.
2513 1633 2611 1689 llis
2637 1634 2816 1703 itaque
2838 1633 3090 1704 cognitis.
3118 1647 3217 1688 nos
3244 1634 3519 1703 octoginta
3551 1631 3621 1706 (f)
3650 1632 3917 1703 episcopi,

2323 1727 2414 1799 qui
2443 1735 2667 1799 propter
2695 1742 2882 1798 pacem
2907 1726 3328 1782 confirmandam
3361 1724 3617 1782 Ecclesia:
3643 1740 3709 1780 ex
3739 1724 3923 1781 diver-

620 1815 971 1872 concordiam
1029 1829 1135 1871 una
1181 1816 1586 1885 conspiratione
1623 1813 1909 1881 fecerunt;
1957 1816 2220 1870 donantes
2251 1820 2400 1881 Bsis
2442 1822 2856 1892 longinquisque
2913 1821 3209 1892 provinciis
3253 1835 3375 1876 cum
3427 1820 3627 1893 ingenti
3667 1819 3814 1875 exitu
3868 1826 3927 1874 et

620 1906 721 1962 sibi
750 1907 980 1978 quisque
1003 1906 1201 1963 delicta
1224 1948 1239 1975 ,
1283 1923 1403 1978 qua:
1439 1922 1564 1963 cum
1595 1907 1837 1979 episcopi
1866 1915 2082 1974 essent,
2121 1922 2220 1979 pro

619 2000 944 2055 auctoritate
969 1999 1149 2055 divina
1173 2000 1517 2056 damnarunt.

696 2094 783 2149 14.
813 2093 1144 2149 Sardicensis
1164 2093 1371 2149 concilii
1399 2095 1572 2149 initia.
1603 2118 1675 2136 ε·-
1698 2092 1942 2163 Namque
1963 2093 2219 2162 quoniam

623 2186 958 2242 Athanasius
991 2186 1046 2241 in
1086 2186 1291 2241 Italiam
1328 2196 1385 2243 et
1426 2186 1655 2244 Galliam
1685 2201 1921 2259 pergens
1950 2186 2050 2243 sibi
2078 2186 2225 2257 judi-

624 2278 769 2333 cium
794 2278 1131 2348 comparavit
1160 2295 1174 2345 ;
1211 2288 1330 2348 post
1358 2287 1586 2334 mortem
1609 2278 1912 2350 aliquorum
1943 2287 2227 2335 accusato-

624 2384 765 2439 rum,
795 2373 1040 2436 testium,
1065 2372 1433 2442 jndicumque,
1456 2380 1511 2428 et
1531 2372 1761 2428 credidit
1784 2387 1942 2443 posse
1963 2386 2021 2429 se
2046 2373 2225 2430 denuo

626 2474 871 2536 tempore
896 2465 1104 2530 audiri,
1137 2464 1283 2534 quod
1311 2465 1428 2535 ejus
1456 2463 1658 2535 ﬂagitia
1689 2474 1933 2520 vetustas
1965 2467 2224 2536 temporis

552 2614 555 2623 1
623 2557 960 2613 obscuraret.
997 2557 1095 2612 Cui
1123 2570 1447 2613 consensum
1480 2558 1887 2614 commodantes
1916 2572 2025 2613 non
2053 2566 2221 2627 recte,

621 2648 794 2705 Julius
842 2650 992 2704 urbis
1036 2650 1223 2705 Roma:
1265 2650 1570 2721 episcopus,
1624 2649 1887 2705 Maximus
1948 2649 2225 2722 (Maximi-

624 2754 729 2797 nus
748 2739 986 2814 Trevir.)
1006 2751 1062 2796 et
1088 2740 1300 2806 Ossius,
1320 2741 1609 2811 eseterique
1629 2742 1938 2811 complures
1956 2741 2226 2811 ipsorum,

624 2835 914 2891 concilium
943 2834 1087 2905 apud
1117 2834 1395 2892 Serdicam
1434 2835 1549 2890 fieri
1593 2850 1661 2890 ex
1689 2836 2033 2906 imperatoris
2077 2836 2230 2891 beni-

625 2928 831 2998 gnitate
842 2928 1009 3002 653
1023 2938 1395 3000 sumpsertmt.
1411 2928 1756 2984 Occurrlmus
1771 2929 1838 2984 ad
1859 2928 2136 2985 Serdicam
2150 2930 2232 2985 lit-

625 3021 758 3077 teris
777 3021 1117 3090 imperatoris
1131 3022 1404 3076 conventi.
1433 3021 1550 3091 Quo
1568 3034 1693 3076 cum
1708 3023 2071 3087 venissemus,
2088 3021 2229 3078 didi-

625 3112 799 3170 cimus
815 3115 868 3169 in
892 3113 1070 3169 media
1090 3113 1322 3170 ecclesia
1350 3113 1727 3180 Athanasium,
1753 3113 2087 3181 Marcellum,
2106 3129 2227 3170 om-

2322 1913 2510 1970 lahore
2547 1914 2613 1969 ad
2660 1914 2941 1970 Serdicam
2984 1926 3309 1969 veneramus
3331 1955 3346 1979 ,
3391 1913 3638 1968 videntes
3666 1913 3783 1968 bare
3815 1924 3923 1967 non

2324 2007 2442 2061 sine
2471 2007 2727 2079 lacrymis
2753 1993 3078 2061 ferebamus.
3104 2004 3247 2061 Leve
3267 2006 3411 2060 enim
3436 2019 3542 2061 non
3567 2013 3706 2070 erat,
3728 2003 3870 2076 quod
3892 2018 3925 2060 a

2324 2113 2385 2155 se
2409 2113 2504 2155 eos
2532 2099 2809 2154 dimittere
2829 2098 3051 2154 omnino
3075 2098 3366 2168 negabant,
3389 2110 3524 2168 quos
3547 2103 3727 2168 patres
3752 2097 3927 2152 nostri

2325 2192 2524 2249 merito
2546 2193 2660 2249 suis
2692 2206 2792 2262 pro
2819 2191 3137 2249 criminibus
3162 2200 3290 2247 ante
3315 2190 3662 2247 damnarunt.
3705 2188 3800 2245 llis
3825 2190 3929 2243 ita—

2324 2302 2432 2360 que
2452 2288 2856 2343 communicare
2884 2285 3037 2343 nefas
3072 2286 3354 2352 duximus,
3372 2298 3566 2356 neque
3598 2300 3721 2342 cum
3748 2285 3931 2354 prora.

2327 2382 2412 2438 nis
2459 2381 2727 2437 voluimus
2773 2390 2958 2436 sancta
3008 2379 3218 2436 Domini
3271 2390 3606 2436 sacramenta
3657 2379 3927 2446 miscere,

2327 2483 2608 2531 servantes
2649 2482 2706 2529 et
2754 2482 3003 2530 tenentes
3059 2475 3298 2545 regulam
3345 2473 3732 2529 ecclesiastica:
3768 2473 3935 2528 disci-

2330 2569 2510 2639 pliute.
2551 2568 2684 2624 Nam
2714 2578 2771 2623 ut
2798 2569 3135 2638 supradictas
3171 2568 3385 2624 Ossium
3413 2581 3443 2623 a
3466 2580 3526 2624 se
3548 2566 3931 2648 Protogenem-

2328 2676 2434 2734 que
2457 2677 2562 2718 non
2585 2661 2936 2728 dimitterent,
2968 2660 3046 2733 (g)
3067 2663 3399 2718 conscientia
3424 2663 3563 2718 torte
3582 2661 3744 2729 mala,
3763 2661 3930 2734 657

2330 2768 2491 2824 quam
2519 2754 2622 2809 sibi
2648 2766 2838 2808 eorum
2862 2753 3230 2824 unusquisque
3247 2752 3477 2809 debebat
3506 2753 3697 2809 nudari
3724 2754 3930 2824 aliquo,

2331 2863 2491 2918 quam
2521 2847 2586 2902 ad
2617 2848 2792 2917 palam
2821 2846 2935 2903 lteri
2967 2862 3294 2917 magnopere
3317 2846 3807 2919 pertimescebant:
3832 2858 3935 2903 nec

2331 2943 2411 2998 sic
2438 2945 2491 2996 in
2522 2956 2618 2997 eos
2644 2941 2879 2997 audebat
2908 2956 3096 2996 eorum
3128 2940 3326 3013 aliquis
3353 2941 3676 2997 sententiam
3707 2941 3892 2998 dicere
3917 2982 3934 3007 ,

2334 3050 2403 3089 ne
2431 3043 2485 3089 et
2507 3049 2566 3089 se
2598 3034 2716 3104 ipse
2741 3034 3046 3098 damnaret,
3074 3033 3218 3103 quod
3249 3033 3356 3089 illis
3376 3044 3563 3090 contra
3587 3032 3933 3089 interdictum

2333 3126 2858 3193 communicassent,
2901 3124 3097 3195 quibus
3123 3125 3525 3181 communicem
3552 3124 3702 3181 nullo
3731 3139 3936 3196 genere

626 3220 723 3262 nes
762 3208 1057 3263 sceleratos
1103 3206 1320 3263 concilii
1357 3208 1627 3263 sententia
1671 3208 1886 3276 pulsos,
1930 3218 1985 3264 et
2031 3209 2226 3265 merito
2252 3207 2299 3273 C
2330 3226 2625 3288 oporteret.

625 3298 869 3368 singulos
898 3312 995 3368 pro
1015 3298 1129 3353 suis
1156 3297 1488 3353 facinoribus
1519 3300 1943 3369 prtedamnatos,
1974 3315 2097 3357 cum
2122 3300 2229 3357 Os-

625 3391 709 3445 sio
737 3400 791 3445 et
821 3390 1125 3460 Pretogene
1158 3391 1350 3447 sedere
1392 3392 1554 3447 simul
1580 3401 1634 3448 et
1667 3393 1974 3464 disputare,
2004 3405 2058 3450 et
2086 3393 2229 3466 quod

628 3492 712 3540 est
737 3485 1001 3550 deterius,
1034 3485 1217 3541 divina
1247 3488 1501 3559 mysteria
1530 3488 1830 3544 celebrare.
1861 3487 1973 3544 Nec
2002 3487 2233 3544 confnnn

625 3576 856 3634 debatur
875 3578 1208 3650 Protogenes
1239 3580 1491 3637 Serdices
1512 3581 1801 3652 episcOpus
1826 3582 2231 3640 communicare

625 3669 877 3727 Marcello
903 3670 1182 3741 haeretica,
1212 3674 1366 3744 cujus
1391 3683 1448 3729 et
1472 3683 1674 3729 sectam
1701 3683 1756 3730 et
1786 3675 2076 3746 reprobum
2100 3690 2229 3731 seu-

626 3780 769 3833 sttm,
794 3763 850 3821 in
891 3765 1124 3822 concilio
1174 3766 1248 3839 (ο)
1290 3775 1485 3837 quater
1523 3767 1809 3824 sententiis
1847 3768 2227 3839 episcoporum

625 3856 995 3924 subscribens,
1045 3859 1262 3929 propria
1306 3874 1444 3915 voce
1487 3860 1603 3929 ipse
1645 3860 2020 3918 damnaverat.
2073 3860 2228 3919 Unde

627 3950 972 4006 manifestum
1003 3960 1107 4018 est,
1130 3954 1257 4022 quia
1277 3966 1399 4008 sese
1426 3954 1539 4023 ipse
1560 3968 1654 4008 sua
1676 3955 1944 4010 sententia
1972 3954 2231 4012 condent.

630 4044 799 4110 navit,
830 4057 954 4098 cum
986 4059 1045 4099 se
1074 4045 1151 4100 illi
1180 4046 1631 4103 communicando
1659 4048 1979 4118 participem
2009 4046 2156 4103 fecit.

702 4136 787 4194 15.
830 4137 1177 4193 Orientalium
1218 4150 1438 4195 conatus
1477 4147 1534 4193 ut
1564 4138 1903 4195 Athanasium
1946 4147 1995 4195 et
2034 4140 2233 4195 alios-tt

628 4231 829 4302 synodo
856 4231 1089 4304 cjiciaut.
1120 4258 1193 4273 -—-
1214 4231 1414 4289 Verum
1449 4246 1548 4287 nos
1577 4239 1826 4288 tenentes
1848 4232 2234 4289 ecclesiasticas

630 4325 830 4393 regula:
867 4324 1204 4396 disciplinam
1226 4368 1241 4393 ,
1275 4335 1329 4383 et
1365 4325 1610 4382 volentes
1641 4326 1874 4382 miseros
1903 4325 1958 4380 in
1987 4325 2235 4396 aliquauo

632 4420 798 4476 tulum
827 4418 909 4492 (ά)
939 4421 1124 4479 vivere
1146 4462 1161 4489 ,
1189 4421 1564 4478 mandavimus
1589 4420 1699 4476 illis
1717 4460 1734 4489 ,
1764 4421 1857 4492 qui
1885 4434 2010 4476 cum
2038 4418 2235 4476 Proto-

2408 3309 2496 3363 l7.
2525 3308 2721 3363 Verum
2750 3321 2851 3363 nos
2886 3307 3083 3363 iterum
3110 3308 3231 3364 illos
3271 3318 3432 3379 atque
3470 3308 3668 3364 iterum
3709 3308 3942 3379 rogaba-

2334 3415 2455 3457 mus
2480 3442 2495 3466 ,
2531 3414 2599 3455 ne
2629 3400 2782 3455 firma
2812 3399 3096 3469 solidaque
3124 3408 3481 3455 concuterent
3500 3441 3516 3468 ,
3547 3414 3615 3454 ne
3652 3399 3939 3455 subverte-

2333 3503 2455 3549 rent
2486 3492 2692 3563 legem,
2727 3506 2828 3547 nec
2869 3492 2991 3561 jura
3040 3491 3219 3547 divina
3275 3491 3576 3557 turbarent,
3618 3505 3689 3546 ne
3742 3501 3938 3545 cuncta

2333 3583 2757 3646 confunderent.
2784 3592 2947 3654 atque
2972 3581 3318 3641 traditionem
3341 3580 3600 3638 Ecclesia:
3625 3596 3694 3638 ne
3717 3581 3938 3652 quidem

2338 3676 2547 3734 modica
2579 3690 2712 3747 pace
2741 3674 2820 3749 (Ι.
2852 3675 3043 3748 parte)
3073 3676 3400 3732 frustrarem
3428 3691 3443 3730 :
3473 3676 3571 3732 sed
3600 3689 3701 3731 nec
3739 3690 3938 3732 novatn

2338 3779 2541 3828 sectam
2572 3771 2891 3827 inducerent
2909 3811 2923 3836 ,
2956 3779 3050 3825 aut
3068 3770 3433 3826 Orientalibus
3456 3770 3729 3841 episcopis
3754 3770 3941 3825 conci»

2338 3865 2534 3933 liisque
2561 3862 2921 3919 sanctissimis
2949 3862 3017 3918 de
3045 3861 3342 3919 Occidente
3371 3861 3650 3917 venientes
3677 3859 3853 3930 aliqua
3882 3861 3941 3919 in

2338 3968 2487 4028 parte
2521 3966 2920 4029 praaponerent.
2948 3958 3017 4012 At
3050 3957 3126 4012 illi
3166 3950 3354 4012 contra
3397 3956 3760 4027 despicientes
3786 3956 3929 4024 haec,

2339 4052 2496 4108 nobis
2524 4051 2887 4113 minabantur,
2910 4059 2966 4105 et
2997 4063 3059 4106 se
3089 4049 3441 4105 Athanasium
3470 4058 3528 4104 et
3563 4055 3794 4104 caeteros
3818 4062 3942 4103 sceo

2340 4145 2540 4200 leratos
2571 4142 2943 4198 vindicaturus
2988 4141 3401 4211 pollicebantur.
3429 4139 3597 4210 Quasi
3639 4154 3767 4195 vero
3792 4138 3942 4196 aliud

2343 4236 2520 4291 facere
2547 4241 2638 4289 aut
2663 4233 2845 4290 dicere
2871 4241 3126 4305 possent,
3156 4233 3245 4303 qui
3291 4233 3588 4288 sceleratos
3635 4246 3826 4287 omnes
3874 4242 3942 4287 ac

2342 4326 2583 4399 perditos
2613 4327 2665 4380 in
2705 4336 2860 4381 suum
2913 4324 3243 4380 consortium
3288 4334 3634 4394 receperunt.
3667 4323 3940 4379 Praeterea

2343 4420 2559 4490 ingente
2591 4416 2697 4474 hoc
2723 4425 2937 4473 tumore
2955 4425 3281 4487 proponunt,
3312 4414 3539 4471 audacia
3559 4415 3737 4486 potius
3761 4431 3825 4471 ac
3854 4422 3941 4473 te.

703 4585 779 4659 (a)
813 4584 1009 4659 Faber,
1037 4587 1300 4643 asterisco
1321 4587 1518 4656 posito,
1547 4586 1792 4656 quaedam
1816 4584 2232 4659 hicdeesseno.
2256 4578 2311 4646 D
2336 4580 2452 4659 rius
2474 4596 2545 4659 ex
2580 4577 2694 4635 sola
2722 4575 2935 4659 illorum
2965 4572 3070 4632 fide
3105 4570 3419 4641 asseruerit,
3445 4570 3635 4647 fragm.
3668 4588 3729 4641 tt,
3759 4590 3813 4631 tt.
3845 4574 3941 4646 2i,

630 4653 783 4730 tav'it’.
818 4657 1031 4730 Integra
1061 4670 1240 4714 tamen
1268 4653 1425 4714 nobis
1447 4653 1659 4714 videtur
1686 4657 1950 4730 sententia
1977 4674 1990 4730 ς
2030 4663 2088 4710 ut
2116 4653 2223 4730 Qe-

629 4724 961 4796 cidentales,‘
990 4730 1100 4798 qui,
1154 4745 1304 4783 num.
1354 4731 1442 4794 l0,
1482 4737 1726 4786 nontam
1759 4743 1857 4799 pro
1907 4724 2224 4799 Athanasio,

629 4815 785 4926 gnam
810 4814 905 4869 pro
929 4801 1036 4855 suis
1061 4799 1260 4883 actibus
1284 4800 1522 4856 laborare
1545 4800 1780 4883 erupisse
1804 4798 1932 4854 dicti
1969 4805 2115 4880 sunt,
2138 4811 2231 4851 eo-

667 4885 754 4926 em
784 4886 947 4926 sensu
975 4886 1117 4926 nunc
1143 4871 1393 4926 dicantur
1417 4887 1523 4926 non
1553 4881 1662 4926 tam
1700 4871 1846 4926 illius
1867 4883 1934 4926 ac
1956 4882 2228 4925 sectorum

667 4885 754 4926 em
784 4867 947 4927 sensu
975 4886 1117 4926 nunc
1143 4871 1393 4927 dicantur
1417 4887 1523 4927 non
1553 4867 1662 4927 tam
1700 4871 1846 4927 illius
1867 4883 1934 4927 ac
1956 4867 2228 4925 sociorum

630 4941 862 5003 actibus.
896 4957 1055 5011 quam
1084 4941 1198 4997 suis
1223 4943 1492 5002 misereri.

707 5034 785 5107 (ὁ)
840 5031 1324 5107 condemnatlnnis
1369 5034 1528 5107 hujus
1573 5034 1779 5107 nullum
1826 5041 1911 5107 est
1953 5039 2045 5107 aut
2088 5030 2233 5101 apud

632 5103 1007 5169 Athanasium,
1034 5115 1126 5160 aut
1150 5105 1291 5174 apud
1318 5103 1456 5161 alios
1472 5122 1640 5161 sacrie
1669 5105 1910 5160 historias
1935 5104 2231 5171 scriptores

631 5176 938 5246 vestigium.
967 5174 1077 5232 Nec
1099 5177 1215 5232 veri
1238 5177 1448 5232 videtur
1474 5178 1673 5241 simile,
1700 5188 1756 5231 ut
1784 5175 2109 5231 Athanasius
2130 5176 2231 5227 As-

631 5246 840 5317 clepam
870 5247 1263 5320 damnaverit,
1322 5264 1481 5320 quem
1536 5247 1887 5320 reprehendit
1930 5259 2227 5320 nusquam.

634 5315 832 5387 passim
867 5318 1116 5375 laudibus
1151 5315 1380 5374 extoliii.
1430 5315 1686 5391 Ejusdem
1732 5320 1921 5375 farinae
1959 5315 2229 5391 «uisenda

633 5386 779 5457 sunt,
805 5405 925 5460 quas
954 5390 1022 5446 de
1049 5391 1303 5446 Marcello
1329 5402 1382 5446 et
1409 5386 1576 5446 Paulo
1594 5392 1971 5460 subjiciuntur.
2004 5386 2068 5442 Et
2094 5386 2231 5440 Pado

635 5460 744 5515 lum
781 5458 998 5530 quidem
1028 5503 1042 5527 ,
1082 5465 1396 5535 priusquam
1436 5465 1503 5517 ab
1537 5458 1847 5533 episcopatu
1876 5458 2200 5535 dejiceretur
2221 5500 2236 5525 ,

637 5528 823 5586 secum
846 5528 1278 5588 communicasse
1302 5536 1432 5589 satis
1458 5528 1657 5589 indicat
1689 5528 2010 5589 Athanasius
2043 5529 2109 5583 ad
2140 5528 2242 5583 So-

637 5602 718 5657 lit.
767 5619 818 5670 p.
863 5603 989 5661 815.
1028 5604 1161 5660 Hinc
1201 5616 1386 5660 nostra
1430 5613 1658 5673 augetur
1697 5604 1953 5674 suspicio,
1995 5616 2063 5674 ne
2102 5600 2242 5674 forte

644 5673 854 5740 Ariani,
893 5675 1091 5731 Sirmio
1129 5671 1593 5734 rescribentcsde
1618 5671 1964 5733 damnatione
1999 5671 2234 5736 Photini,

643 5742 995 5800 Athanasium
1049 5762 1079 5800 a
1130 5746 1369 5804 Marcelli
1423 5750 1804 5813 communione
1856 5762 1917 5802 se
1966 5742 2239 5799 abstinere

644 5813 977 5872 mendaciter
1003 5817 1330 5880 inseruerint
1351 5859 1367 5886 ,
1409 5818 1571 5891 idque
1595 5821 1757 5891 paulo
1783 5816 2056 5879 ereduiior
2093 5814 2240 5874 llila-

2338 4661 2396 4707 ut
2417 4651 2545 4707 ibid.
2581 4649 2909 4705 monuimus.

2405 4718 2644 4798 (ciQuid
2671 4719 2784 4798 sibi
2802 4718 2934 4774 velit
2973 4716 3102 4773 illud
3140 4725 3345 4798 quater,
3377 4729 3483 4773 non
3515 4714 3670 4798 facile
3696 4713 3938 4798 digeris;

2334 4785 2738 4856 cutti'llii:trius,
2762 4789 3063 4859 fragmento
3082 4785 3368 4859 superiori,
3391 4804 3538 4843 num.
3567 4785 3660 4852 22,
3681 4785 3939 4851 aflirmet,

2338 4866 2537 4921 nullam
2566 4879 2805 4929 umquam
2830 4857 3075 4931 adversus
3105 4857 3431 4931 Marcellum.
3458 4869 3661 4931 praeter
3693 4874 3802 4911 eam
3825 4874 3944 4927 qut:

2340 4932 2733 4995 Sui-diceusibus
2758 4942 2831 4988 est
2848 4930 3102 4989 dissoluta
3126 4930 3409 4998 sententiis,
3429 4928 3667 4999 deinceps
3688 4931 3942 5002 synodum

2340 5010 2499 5082 fuisse
2525 5015 2858 5082 contractam.

2437 5080 2491 5140 ά)
2527 5079 2706 5139 Forte,
2739 5090 3015 5138 remouere.
3040 5073 3124 5133 vel
3155 5081 3375 5128 remotos
3402 5072 3583 5127 vivere.

2431 5138 2485 5222 ε)
2524 5138 2961 5222 Mendosa‘lectio
2987 5146 3065 5201 sic
3100 5151 3278 5215 potest
3302 5143 3496 5222 corrigi
3521 5160 3560 5222 ι.
3588 5138 3727 5196 Nam
3764 5152 3948 5222 eorum

2335 5210 2549 5293 quisque
2574 5219 2931 5293 pravissimam
2954 5210 3173 5293 mentem
3208 5254 3220 5269 .
3250 5256 3262 5270 .
3293 5255 3307 5271 .
3338 5210 3666 5280 occultabat;
3697 5210 3803 5277 vel,
3825 5229 3946 5268 cunt

2337 5288 2512 5349 eorum
2544 5288 2755 5361 quisque
2789 5330 2803 5345 .
2841 5328 2854 5343 .
2892 5325 2908 5342 .
2939 5288 3239 5361 occultaret.

2412 5363 2479 5434 (Γ)
2511 5353 2763 5419 Silet-stes
2795 5361 2887 5434 lib.
2921 5375 2981 5424 tt,
3008 5373 3060 5414 c.
3101 5357 3192 5421 20,
3234 5371 3298 5434 es
3344 5354 3529 5434 Sabini
3563 5353 3666 5434 fide
3694 5363 3949 5434 recenset

2349 5420 2551 5488 ιπῖιίἶιιη
2592 5432 2924 5503 septuaginta
2955 5420 3048 5485 sex
3070 5471 3087 5497 ,
3131 5420 3231 5485 nec
3274 5426 3544 5485 habentur
3573 5422 3713 5482 infra
3744 5420 3844 5482 nisi
3875 5425 3949 5482 75

2346 5505 2791 5574 subacriptiones.

2422 5596 2501 5671 (g)
2531 5597 2890 5671 ln_ms.,_cnm
2915 5594 3144 5671 scicntia.
3172 5591 3388 5671 Plenior
3404 5589 3497 5671 sic
3508 5598 3657 5647 esset
3689 5590 3805 5645 hare
3822 5605 3950 5649 scn-

2349 5661 2546 5725 tettttlt:
2581 5667 2901 5723 Conscientia
2939 5668 3070 5737 forte
3094 5663 3234 5737 mala
3264 5661 3687 5737 prohibebantur,
3728 5677 3827 5731 qua
3854 5676 3955 5737 Δεο-

2345 5757 2462 5886 ἓηηε
2482 5741 2827 5875 ωῗὲεᾳαὶιφιε
2856 5732 3061 5799 timebat
3098 5732 3284 5793 nudari
3318 5735 3383 5791 ab
3401 5734 3600 5806 aliqua,
3626 5748 3746 5807 qut!
3776 5732 3955 5809 palam

2385 5827 2484 5885 an,
2506 5827 2538 5871 e
2597 5850 2614 5870 .
