4270 6264
550 269 650 326 671

1783 269 2024 327 SANCTI
2067 267 2318 324 "ILARII
2364 264 2671 323 EPISCOPI

3748 262 3854 316 679.

546 384 869 457 papulisque
905 395 1144 444 rectores
1169 401 1378 457 sumus,
1415 387 1678 445 donantes
1707 396 1761 442 et
1785 385 2145 449 dimittentes,
2175 389 2225 448 Α
2255 381 2543 438 traditione
2573 379 2856 435 discedere
2885 395 2991 435 non
3033 394 3345 450 possumus,
3373 379 3497 450 quia
3539 394 3639 436 nec
3681 379 3844 437 talem

546 491 671 548 quae
718 477 787 531 ab
826 478 958 548 ipsis
1007 493 1107 533 nec
1144 478 1624 550 dimitti'umquam
1652 485 2008 549 possentnec
2051 474 2148 530 do-

548 571 665 625 nari
689 587 702 621 .-
735 571 934 640 quique
960 570 1122 626 etiam
1153 570 1408 627 Marcello
1427 581 1482 628 et
1511 572 1809 627 Athanasio
1829 571 2149 641 caeterisque

553 663 834 720 sceleratis
859 661 1070 742 ﬂagitia
1102 665 1490 735 blasphemias,
1521 681 1640 736 quae
1670 667 1821 721 nefas
1863 664 2038 720 fuerat
2064 664 2147 720 di-

553 759 792 823 mittere,
816 759 1194 813 condonaruut
1228 778 1240 813 :
1273 776 1395 815 cum
1423 761 1682 829 scriptum
1710 761 1802 826 sit,
1829 759 1890 814 Si
1913 775 2153 828 peccave-

549 849 618 903 rit
645 849 794 903 homo
816 850 868 902 in
897 851 1177 917 hominem,
1211 853 1426 905 orabunt
1457 868 1549 920 pro
1577 867 1635 904 eo
1655 851 1724 904 ad
1756 850 2038 904 Dominum
2061 865 2081 914 ,'
2108 851 2150 902 si

548 950 720 994 autem
767 942 818 993 in
853 939 1018 995 Deum
1061 943 1344 1013 peccaverit
1377 945 1549 1008 homo,
1581 943 1693 1014 quis
1742 942 1904 997 orabit
1953 959 2046 1011 pro
2091 958 2152 996 eo

553 1033 609 1106 (Ι
631 1031 762 1103 Reg.
794 1049 868 1098 tt,
899 1034 1050 1103 25)?
1083 1034 1194 1090 Nos
1219 1047 1390 1090 autem
1419 1037 1570 1090 talem
1598 1038 2022 1090 consuetudinem
2052 1053 2152 1091 non

552 1127 818 1192 habemus,
848 1144 940 1181 nec
981 1126 1218 1182 Ecclesia
1248 1128 1350 1183 Dei
1382 1130 1439 1202 (Ι
1469 1130 1587 1185 Cor.
1621 1146 1713 1192 tu.
1743 1129 1865 1201 16).
1901 1130 2006 1186 Sed
2055 1145 2155 1186 nec

555 1219 671 1274 lucc
701 1219 903 1274 docere
928 1220 1142 1290 aliquos
1173 1224 1426 1290 patimur,
1474 1236 1573 1276 nec
1619 1237 1786 1275 novas
1839 1221 2155 1276 traditiones

555 1311 848 1367 inducere:
886 1328 952 1365 ne
982 1311 1286 1380 proditores
1321 1313 1440 1366 ﬁdei
1491 1313 1884 1381 traditoresque
1912 1311 2156 1380 Scriptu-

556 1419 738 1459 rarum
764 1402 1084 1468 divinarum,
1121 1404 1264 1473 quod
1299 1404 1445 1458 nefas
1474 1414 1581 1470 est,
1612 1404 1878 1470 dicamur,
1905 1421 1972 1460 ne
1999 1419 2028 1459 a
2053 1405 2158 1459 Do-

559 1499 708 1553 mino
741 1506 796 1551 ct
819 1497 888 1551 ab
915 1496 1224 1552 hominibus
1250 1497 1700 1552 condemnemur.

629 1591 722 1645 :22.
745 1588 1052 1645 Schismatis
1071 1589 1319 1644 invidiam
1339 1591 1394 1644 in
1427 1589 1782 1644 Occidentales
1802 1590 2061 1662 rejiciunt.
2087 1619 2158 1630 —

559 1686 761 1742 Verum
787 1686 862 1740 illi
890 1685 1186 1756 supradicti
1212 1687 1374 1740 etiam
1398 1685 1514 1739 haec
1540 1685 1800 1740 adversus
1830 1699 1931 1740 nos
1953 1683 2159 1738 machi-

2252 475 2627 530 auctoritatem
2659 474 2888 542 sumpsit
2911 473 3172 537 Ecclesia,
3209 487 3309 528 nec
3336 472 3495 528 talem
3534 481 3853 544 potestatem

2251 583 2282 622 a
2313 565 2424 622 Deo
2456 567 2692 637 accepit;
2722 567 3067 637 sopradictos
3107 567 3172 621 ad
3223 567 3486 621 honorem
3515 567 3857 638 dignitatem-

2254 676 2358 731 que
2391 661 2648 716 Ecclesia:
2675 675 2773 715 nec
2800 661 2898 730 ipsi
2932 659 3275 730 suscipimus,
3301 667 3357 713 et
3384 659 3742 729 suscipientes
3769 659 3856 712 di-

2254 771 2357 825 gne
2411 755 2750 809 damnamus.
2804 753 2912 811 Sed
2957 768 3060 809 nec
3110 753 3269 820 alios,
3317 753 3406 822 qui
3462 765 3553 806 aut
3601 753 3729 806 olim
3766 762 3861 808 aut

2258 858 2444 918 postea
2474 849 2668 902 merito
2700 846 2939 900 damnati
2969 857 3118 910 sunt,
3150 845 3202 899 in
3248 845 3488 899 Ecclesia
3531 845 3856 912 recipimus,

2254 941 2593 995 adhaerentes
2624 939 2830 1010 legibus
2861 939 2953 992 Dei
2985 936 3472 1004 traditionibusque
3500 935 3743 1005 paternis
3769 946 3856 989 at-

2256 1049 2363 1106 que
2391 1033 2774 1089 ecclesiasticis
2797 1031 3098 1100 disciplinis
3119 1071 3134 1096 ,
3163 1030 3449 1084 credentes
3475 1030 3755 1100 prophetae
3780 1030 3864 1084 di-

2258 1132 2399 1185 centi
2435 1148 2446 1182 :
2482 1128 2609 1182 Noli
2635 1127 2924 1199 transgredi
2969 1127 3214 1180 terminos
3242 1134 3479 1187 a’ternos,
3511 1139 3637 1193 quos
3678 1139 3864 1191 posue-

2258 1233 2378 1278 runt
2407 1233 2578 1294 patres
2609 1223 2684 1274 tui
2715 1219 2900 1292 (Prov.
2932 1235 3063 1285 xxii,
3095 1219 3211 1289 28).
3237 1219 3414 1285 Quare
3439 1230 3538 1270 nos
3569 1232 3862 1286 numquam

2262 1317 2364 1370 fixa
2387 1315 2667 1384 solidaque
2690 1315 3028 1368 eoncutimus
3062 1328 3076 1365 :
3120 1311 3212 1364 sed
3246 1311 3416 1380 magis
3441 1323 3504 1363 ea
3527 1324 3646 1379 qua:
3676 1318 3802 1362 sunt
3833 1323 3866 1362 a

2263 1408 2578 1480 parentibus
2605 1406 2894 1461 constituta
2927 1418 3228 1458 servamus.

2332 1503 2423 1557 24.
2461 1502 2655 1569 Quibus
2700 1503 2990 1572 negandum
3035 1508 3274 1554 censeant
3321 1498 3745 1552 communionem.
3793 1525 3867 1536 —

2263 1598 2391 1653 Post
2417 1598 2584 1652 multa
2613 1597 2776 1666 igitur
2799 1637 2812 1661 ,
2837 1593 3174 1650 dilectissimi
3205 1593 3396 1648 fratres
3419 1634 3431 1656 ,
3463 1592 3578 1646 haec
3613 1593 3767 1646 vobis
3797 1606 3863 1645 ex

2261 1697 2449 1759 aperto
2472 1687 2812 1754 mandamus,
2835 1686 3043 1756 nequis
3064 1697 3303 1740 vestrum
3329 1685 3396 1738 ab
3417 1685 3594 1753 aliquo
3619 1686 3865 1738 circum-

562 1778 848 1834 nabantur.
887 1779 953 1832 Et
979 1779 1232 1849 quoniam
1272 1777 1552 1842 sciebant,
1583 1792 1682 1832 nos
1721 1792 1824 1831 non
1859 1791 2018 1846 posse
2060 1775 2162 1831 sibi
2193 1783 2238 1843 Β
2267 1792 2458 1836 ventus
2485 1780 2773 1851 aliquando
2812 1779 3195 1842 communicet,
3229 1778 3280 1831 id
3314 1787 3426 1843 est,
3455 1775 3636 1840 Ossio,
3671 1776 3867 1830 Ρτοιο-

561 1872 914 1926 scelestarum
960 1869 1035 1943 (a)
1071 1871 1338 1927 beneficio
1379 1871 1820 1937 communicare;
1845 1885 1914 1925 ex
1940 1869 2160 1939 scriptis

563 1977 664 2018 nos
721 1961 1112 2032 Imperatorem
1166 1972 1371 2018 terrere
1423 1963 1705 2033 putabant,
1749 1970 1806 2017 ut
1853 1962 2051 2017 invitos
2090 1962 2159 2016 ad

562 2069 715 2109 suam
769 2056 1204 2110 communionem
1256 2055 1532 2110 traherent
1573 2073 1586 2108 :
1626 2063 1681 2108 et
1725 2053 1799 2125 (b)
1843 2053 2164 2122 spectabant

566 2147 732 2202 dividi
765 2148 930 2202 totius
956 2148 1138 2202 mundi
1161 2146 1481 2219 profundam
1517 2147 1775 2203 Ecclesia:
1795 2156 2162 2215 aeternamque

569 2252 756 2307 pacem
805 2249 1027 2309 propter
1069 2240 1423 2296 Athanasium
1469 2248 1526 2295 et
1556 2240 1867 2295 Marcellum
1895 2281 1910 2305 ,
1944 2247 2164 2309 propter

568 2346 705 2402 quos
733 2347 930 2387 nomen
965 2332 1178 2388 Domini
1206 2332 1610 2403 blasphematur
1637 2333 1692 2387 in
1721 2332 1995 2402 gentibus,
2027 2346 2162 2402 quos

571 2424 882 2494 oportebat,
910 2425 1024 2480 siin
1051 2441 1112 2481 se
1140 2426 1342 2496 aliquid
1369 2426 1578 2481 timoris
1607 2426 1703 2481 Dei
1733 2425 2068 2490 habuissent,
2097 2441 2165 2482 ne

576 2517 733 2571 turbo
771 2519 872 2572 iste
899 2519 988 2588 qui
1019 2533 1115 2588 per
1156 2519 1303 2588 ipsos
1326 2531 1483 2574 natus
1508 2527 1592 2574 est
1621 2528 1982 2589 permaneret,
2009 2533 2040 2573 a
2067 2532 2162 2573 sua

573 2610 892 2680 pravissima
927 2613 1347 2681 praesumptione
1374 2612 1458 2666 vel
1480 2628 1602 2668 sero
1626 2612 1905 2669 discedere
1925 2653 1941 2677 ,
1972 2627 2038 2667 ne
2079 2613 2161 2682 ip-

570 2718 753 2759 sorum
802 2719 964 2760 causa
992 2715 1185 2761 contra
1219 2722 1339 2762 sese
1383 2707 1725 2762 scinderetur
1772 2707 2166 2762 lilcclesiazaut

569 2796 616 2851 si
663 2797 714 2851 in
758 2798 845 2859 iis,
888 2799 978 2868 qui
1021 2813 1119 2866 pro
1169 2800 1299 2868 ipsis
1347 2809 1578 2866 certant,
1635 2809 1809 2856 metus
1854 2800 1947 2853 Dei
1996 2808 2162 2863 esset,

570 2890 778 2944 etiamsi
809 2889 942 2944 nihil
970 2905 1093 2946 esse
1117 2890 1426 2947 damnabile
1455 2893 1594 2964 apud
1622 2894 1765 2962 ipsos
1793 2893 2162 2957 inveniretur,

569 2979 734 3051 660
761 2988 938 3036 tamen
979 2993 1033 3036 et
1077 2983 1220 3052 quod
1263 2995 1481 3052 propter
1522 2988 1669 3053 ipsos
1701 2985 1878 3038 unitas
1908 2983 2165 3039 Ecclesia:

571 3073 854 3141 scinditur,
882 3084 936 3130 et
960 3086 1179 3144 propter
1205 3073 1450 3129 insanam
1480 3075 1682 3130 rabiem
1711 3074 2166 3145 cupiditatemque

2262 1874 2405 1945 geni,
2457 1872 2774 1937 Athanasio,
2822 1870 3101 1934 Marcello,
3146 1869 3411 1938 Asclep.r-,
3447 1869 3632 1935 Paulo,
3670 1867 3814 1924 Julio
3850 1885 3864 1934 ;

2264 1967 2358 2023 sed
2387 1981 2488 2022 nec
2513 1968 2764 2037 cuiquam
2795 1963 3174 2019 damnatorum
3203 1963 3273 2018 de
3304 1962 3543 2017 Ecclesia
3572 1972 3755 2016 sancta
3782 1977 3870 2016 re-

2259 2059 2436 2129 jectis,
2469 2073 2648 2128 neque
2677 2057 2842 2112 sociis
2865 2055 3136 2126 ipsorum,
3165 2055 3255 2124 qui
3287 2055 3390 2108 illis
3412 2055 3525 2108 sive
3553 2068 3647 2122 per
3666 2067 3725 2108 se
3751 2053 3865 2108 sive

2267 2171 2363 2226 per
2405 2155 2602 2222 scripta
2654 2152 3080 2207 communicant.
3111 2151 3290 2218 Quare
3335 2163 3434 2204 nec
3477 2163 3573 2203 vos
3619 2147 3686 2202 ad
3743 2146 3866 2202 illos

2264 2248 2502 2304 scribere
2529 2261 2780 2317 umquam
2805 2245 3044 2312 debetis,
3075 2258 3177 2299 nec
3200 2243 3268 2298 ab
3291 2242 3423 2312 ipsis
3461 2243 3660 2312 scripta
3691 2242 3864 2297 susci-

2265 2355 2412 2412 pere.
2438 2339 2553 2394 Jam
2583 2339 2724 2409 quod
2775 2346 3046 2407 superest,
3092 2350 3308 2390 oramus
3361 2349 3458 2390 vos
3482 2376 3498 2404 ,
3527 2334 3862 2390 dilectissimi

2265 2433 2504 2495 Fratres,
2534 2439 2592 2486 ut
2621 2431 2812 2485 unitati
2844 2428 3100 2484 Ecclesia:
3129 2427 3425 2482 consulatis
3446 2433 3503 2481 et
3533 2427 3646 2495 paci
3675 2441 3867 2496 perpe-

2267 2535 2399 2592 tuae;
2430 2537 2648 2581 sanctos
2697 2527 2980 2595 episcopos
3030 2523 3274 2592 eligatis,
3308 2522 3359 2575 in
3389 2520 3584 2591 quibus
3632 2529 3685 2575 et
3733 2518 3868 2574 fides

2268 2619 2469 2689 integra
2499 2627 2551 2673 et
2581 2627 2766 2673 sancta
2799 2616 2865 2670 sit
2891 2616 3034 2680 vita;
3073 2614 3431 2669 abhorrentes
3472 2629 3600 2681 eos,
3633 2613 3725 2683 qui
3770 2628 3868 2684 pro

2266 2710 2583 2765 criminibus
2615 2710 2724 2763 suis
2753 2708 2821 2764 ab
2845 2708 3187 2777 episcopatus
3220 2706 3426 2760 honore
3447 2704 3693 2759 discincti
3717 2717 3862 2770 sunt,

2269 2801 2560 2868 volantque
2589 2799 2784 2854 iterum
2807 2798 3048 2867 recipere
3097 2797 3276 2851 locum
3296 2839 3311 2860 ,
3339 2811 3499 2866 quem
3557 2795 3720 2866 digne
3769 2812 3865 2865 pro

2267 2893 2381 2948 suis
2405 2893 2567 2965 661
2592 2891 2920 2946 facinoribus
2944 2890 3244 2944 amiserunt
3270 2905 3285 2942 :
3311 2889 3588 2960 magisque
3605 2888 3865 2944 hosexse—

2268 2990 2518 3053 cramini,
2543 3003 2680 3058 quos
2707 2994 2829 3057 post
2850 2985 3057 3039 facinus
3079 2985 3274 3038 videtis
3302 2984 3483 3054 pejora
3507 2983 3864 3038 committere.

2269 3079 2381 3135 Nec
2427 3080 2712 3134 Dominum
2762 3078 2985 3132 audiunt
3033 3077 3346 3131 dicentem:
3382 3074 3638 3142 Peccasti,
3670 3076 3873 3145 quiesce

575 3165 836 3221 honorum
869 3182 968 3237 pax
1005 3167 1265 3236 profunda
1295 3168 1646 3247 subvertitur,
1678 3167 1951 3223 exsecrari
1976 3182 2073 3223 eos
2101 3183 2165 3224 ac
2191 3173 2236 3234 C
2270 3173 2460 3244 (Eccli.
2491 3189 2612 3239 xxx,
2640 3172 2715 3244 t).
2751 3173 2827 3244 (d)
2855 3171 3103 3227 lnhibere
3131 3171 3376 3226 nesciunt
3405 3171 3578 3232 enim,
3605 3180 3656 3224 et
3689 3171 3874 3224 fortio-

575 3259 901 3330 perhorrere
927 3260 1208 3316 deberent.

645 3353 734 3408 25.
769 3351 1014 3407 Ecclesia:
1045 3361 1230 3423 negant
1260 3354 1386 3407 olim
1411 3353 1669 3423 depositas
1699 3354 2001 3408 restituendi
2028 3364 2171 3428 pote-

573 3454 776 3500 statem.
797 3475 868 3486 —-
889 3444 1025 3500 Cum
1065 3447 1136 3500 ita
1166 3463 1254 3501 res
1289 3461 1512 3502 currere
1541 3445 1846 3501 videremus
1865 3488 1881 3513 ,
1907 3447 1972 3500 ad
2017 3461 2170 3501 suam

576 3539 803 3609 patriam
833 3539 1044 3608 regredi
1087 3551 1333 3594 nostrum
1377 3539 1716 3609 unusqnique
1752 3538 2029 3594 decrevit:
2060 3539 2172 3608 pla-

575 3632 798 3704 Cnitque
834 3633 988 3687 nobis
1032 3634 1104 3701 (c)
1140 3632 1208 3688 de
1251 3633 1472 3688 Serdica
1519 3633 1780 3698 scribere,
1832 3641 1889 3687 et
1938 3647 1999 3686 ea
2055 3648 2174 3701 qua:

573 3735 725 3796 gesta
755 3739 880 3780 sunt
921 3727 1183 3791 nuntiare,
1230 3737 1576 3798 nostramque
1626 3729 1949 3782 sententiam
1995 3726 2178 3782 decla-

576 3834 720 3874 rare.
753 3817 864 3874 Nos
903 3821 1046 3874 enim
1103 3819 1457 3874 Athanasium
1505 3829 1560 3876 et
1614 3819 1958 3883 Marcellum,
1990 3821 2079 3890 qui
2123 3823 2174 3874 in

578 3910 863 3965 Dominum
911 3911 1076 3980 impie
1124 3911 1560 3980 hlasphemantes
1610 3913 1861 3968 scelerati
1903 3913 2174 3978 vixerunt,

577 4002 854 4071 expositos
880 4001 1009 4056 olim
1036 4012 1198 4072 atque
1229 4003 1514 4058 damnatos
1536 4020 1640 4058 non
1675 4019 1961 4072 possumus
1985 4005 2177 4060 iterum

579 4097 632 4152 in
661 4096 1006 4166 episcOpatus
1045 4096 1306 4150 honorem
1358 4095 1636 4164 suscipere
1670 4113 1683 4151 :
1718 4099 1918 4168 quique
1962 4097 2180 4152 crucifi-

577 4200 768 4262 gentes
793 4205 983 4245 verum
1015 4189 1090 4262 (f.
1122 4189 1356 4262 iterum)
1389 4190 1554 4244 lilium
1580 4191 1699 4257 Dei,
1725 4202 1887 4262 atque
1909 4192 2060 4247 illum
2086 4194 2182 4248 de-

579 4299 687 4338 nuo
717 4282 1075 4351 publicautes,
1100 4281 1313 4337 acerbis
1340 4282 1532 4338 ictibus
1552 4282 1888 4339 confixerunt
1904 4283 2090 4356 (Hebr.
2105 4300 2177 4351 vt,

578 4372 658 4446 6).
695 4374 846 4428 Alter
867 4374 1010 4429 enim
1044 4373 1770 4450 ipsorum,'blasphemaudo
1801 4375 1855 4430 in
1886 4373 2053 4430 filium
2087 4376 2182 4432 Dei

579 4478 741 4538 atque
770 4467 821 4521 in
845 4467 962 4537 ejus
985 4483 1233 4540 regnum,
1266 4478 1468 4522 teterna
1501 4477 1676 4524 morte
1704 4481 1950 4524 mortuus
1985 4479 2071 4525 est
2099 4485 2184 4524 se-

2271 3281 2360 3321 res
2379 3265 2446 3321 de
2473 3265 2766 3320 sceleribus
2791 3263 3102 3318 efficiuntur
3134 3284 3146 3318 :
3181 3271 3236 3318 et
3259 3272 3461 3332 quanto
3505 3263 3623 3330 plus
3651 3263 3702 3315 in
3732 3277 3863 3331 gur.

2273 3359 2437 3430 gitem
2461 3359 2710 3412 vitiorum
2743 3367 3022 3427 mergunt,
3063 3365 3211 3411 tanto
3251 3357 3368 3426 plus
3411 3356 3597 3410 urbem
3645 3356 3874 3410 subver-

2273 3463 2412 3509 tunt.
2439 3451 2810 3510 Seditionibus
2853 3460 3147 3516 vacantes,
3179 3449 3318 3504 bella
3366 3449 3873 3519 persecutionesque

2274 3547 2565 3601 acerrimas
2615 3545 2818 3599 sanctis
2866 3541 3126 3598 Ecclesiis
3165 3541 3434 3612 ingerunt,
3493 3549 3548 3594 et
3595 3540 3875 3612 tyrannico

2277 3653 2426 3692 more
2450 3637 2674 3706 populos
2705 3634 2913 3689 Domini
2965 3635 3016 3689 in
3045 3648 3200 3687 suum
3247 3631 3543 3686 dominium
3590 3633 3866 3700 captivare

2278 3732 2638 3789 contendunt.

2348 3828 2439 3882 25.
2487 3824 2766 3893 Perperam
2807 3832 3002 3876 tantam
3033 3820 3291 3891 synodum
3327 3828 3556 3873 coactam
3587 3818 3783 3872 volunt.
3809 3846 3881 3858 ——

2279 3918 2521 3985 Namque
2545 3932 2609 3970 ex
2645 3916 2727 3969 his
2749 3916 2909 3969 rebus
2946 3914 3210 3983 pessimos
3247 3926 3434 3967 eorum
3463 3921 3687 3964 conatus
3711 3923 3882 3979 agno-

2279 4012 2435 4072 scite.
2469 4008 2685 4079 quando
2711 4007 2870 4061 talem
2906 4004 3106 4059 mundo
3136 4007 3473 4073 tempestatis
3491 4001 3778 4071 procellam
3804 4001 3886 4055 in-

2281 4103 2572 4164 duxerunt,
2615 4112 2673 4156 ut
2706 4101 2980 4155 Orientem
3016 4104 3395 4171 propeitotum
3427 4094 3885 4163 Occidentemque

2282 4197 2599 4258 turbarent;
2644 4203 2701 4247 ut
2725 4193 3101 4262 relinquentes
3128 4189 3325 4260 singuli
3357 4187 3758 4244 ecclesiasticas
3786 4201 3882 4240 cu-

2281 4302 2390 4352 ras,
2425 4286 2760 4356 p0pnlosque
2793 4283 2888 4355 Dei
2913 4282 3249 4348 deserentes,
3302 4290 3469 4350 atque
3509 4281 3680 4348 ipsam
3706 4278 3888 4333 Evan-

2282 4379 2409 4450 gelii
2437 4379 2743 4434 doctrinam
2775 4385 3190 4448 postponentes,
3235 4374 3302 4428 de
3349 4373 3889 4445 longinqnoadveni-

2284 4488 2467 4528 remus
2508 4486 2669 4526 senes
2708 4478 2870 4525 aetate
2898 4483 3112 4539 graves,
3147 4481 3378 4538 corpore
3407 4466 3636 4531 debiles,
3664 4464 3882 4535 :egritu-

579 4562 708 4616 mel.
735 4562 885 4616 Alter
916 4562 968 4616 in
992 4576 1191 4631 corpus
1215 4561 1424 4615 Domini
1450 4559 1624 4631 (adde,
1654 4561 1734 4631 et)
1769 4562 2025 4630 mysteria
2057 4561 2171 4630 ejus
2201 4555 2252 4616 D
2277 4565 2402 4620 dine
2450 4563 2643 4619 infirmi
2672 4563 3151 4633 (trabebamurque
3179 4577 3274 4631 per
3295 4561 3526 4624 diversa,
3553 4570 3874 4630 nostrosque

579 4651 858 4723 prephano
889 4667 1040 4708 more
1065 4654 1320 4707 atrociter
1341 4666 1570 4720 peccans
1591 4691 1606 4712 ,
1637 4661 1940 4721 casteraque
1970 4651 2166 4722 ﬂagitia

580 4746 888 4802 immaniter
908 4763 1122 4816 gerens,
1157 4746 1537 4816 episcOporum
1563 4747 1833 4800 sententia
1859 4747 2064 4816 ejectus
2090 4755 2174 4803 est

579 4852 743 4912 atque
777 4840 1081 4896 damnatus.
1124 4840 1484 4908 Quamobrem
1517 4839 1769 4910 quoniam
1813 4856 1844 4896 a
1893 4852 2174 4912 parentum

582 5014 688 5071 est,
708 5004 772 5059 ad
798 5019 1001 5059 morem
1019 5002 1232 5072 eorum)
1250 5019 1341 5055 nos
1359 5000 1444 5071 qui
1463 4999 1685 5054 ecclesiis
1704 5001 2037 5057 sanctissimis
2051 5020 2182 5073 prte-

583 5077 828 5135 sidemus.
874 5077 1180 5148 pepulisque
1222 5086 1458 5148 rectores
1493 5088 1693 5148 sumus,
1727 5089 1910 5148 sumus
1935 5076 2182 5129 donantes

583 5160 630 5203 et
672 5145 998 5204 dimittentes.
1038 5163 1151 5217 qua:
1183 5146 1242 5199 ab
1282 5145 1772 5218 ipsis(secundum
1801 5145 2183 5202 ecclesiastica:

581 5220 882 5289 disciplima
913 5221 1091 5289 leges)
1118 5235 1210 5272 nec
1235 5217 1423 5271 dimitti
1451 5224 1693 5289 possunt,
1718 5226 1823 5269 etc.

654 5288 859 5364 (a)lloc
887 5287 990 5364 est,
1017 5287 1278 5364 beneflcio
1299 5287 1694 5343 communionis
1719 5303 1782 5341 ac
1819 5287 2062 5356 pristina:
2102 5287 2186 5342 di-

583 5359 804 5433 gnitatis
829 5361 1074 5433 sci-Iesus
1104 5359 1327 5433 indulto.

657 5431 732 5504 (b)
756 5431 948 5496 Faber,
972 5432 1233 5504 asterisco
1256 5430 1342 5486 hic
1363 5431 1610 5504 apposito
1625 5429 1774 5504 quasi
1798 5429 1996 5504 aliquid
2015 5430 2173 5494 desit,

584 5501 721 5575 legit
765 5516 972 5571 postea,
1026 5503 1320 5572 spectabunt
1360 5502 1529 5575 diuidi
1565 5501 1718 5575 totius
1759 5503 1938 5575 mundi
1959 5506 2176 5574 profun-

593 5571 736 5639 dum,
763 5584 866 5630 etc.
906 5575 1007 5629 Pro
1035 5571 1345 5643 profundum
1367 5615 1381 5634 ,
1416 5587 1481 5626 eo
1509 5571 1716 5626 facilius
1744 5573 2017 5638 posuimus
2054 5571 2181 5641 pro-

590 5648 827 5769 Quodam.
851 5645 992 5714 quod
1018 5660 1138 5698 mox
1172 5651 1416 5698 recurrat
1435 5659 1538 5714 pax
1561 5643 1818 5711 profunda
1845 5646 2170 5699 subvertitur.

641 5730 724 5768 am
755 5715 1043 5769 snectabattt
1067 5731 1174 5769 uno
1200 5730 1258 5768 se
1287 5715 1392 5769 fert
1415 5713 1737 5769 archetvnus
1762 5729 1863 5766 ms.
1893 5713 2045 5769 Unde
2075 5717 2170 5769 iam

641 5730 724 5768 am
755 5713 1043 5788 spectabant
1067 5731 1174 5788 prs:
1200 5730 1258 5768 se
1287 5715 1392 5788 fert
1415 5713 1737 5788 archetypas
1762 5729 1863 5766 ms.
1893 5713 2045 5788 [inde
2069 5717 2177 5788 jam

600 5733 724 5769 nam
755 5733 1043 5788 spectabant
1067 5733 1174 5785 pm:
1200 5733 1258 5768 se
1287 5733 1392 5769 te".
1415 5733 1737 5782 archetypos
1762 5733 1863 5766 ms.
1896 5733 2045 5770 Ufltle
2093 5733 2177 5770 am

600 5785 760 5838 tiensu
791 5785 1000 5853 integro
1033 5784 1279 5845 habetur,
1311 5779 1550 5838 Ercleshv
1580 5780 1735 5835 latim
1759 5782 1936 5836 utendi
1965 5733 2179 5853 profani

2277 4667 2597 4730 aegrotantes
2642 4659 2694 4713 in
2742 4657 3022 4712 itineribus
3068 4656 3451 4712 deserebamus
3484 4667 3704 4727 propter
3762 4669 3890 4726 pcr-

2276 4766 2473 4823 paucos
2529 4750 2788 4806 scelestos
2837 4749 2966 4803 olim
3023 4749 3182 4819 digno
3234 4748 3515 4802 damnatos
3545 4789 3559 4812 ,
3609 4747 3871 4816 primitus

2285 4845 2551 4903 Ecclesiae
2603 4855 2792 4899 contra
2846 4843 2924 4898 fas
2959 4843 3353 4914 appetentes):
3399 4853 3662 4913 geretque
3705 4856 3890 4897 curam

2287 5007 2408 5058 dam
2473 5013 2816 5073 wternamque
2897 5018 3073 5072 pacem
3147 5001 3306 5056 diuidi
3378 5002 3713 5068 spectabant.
3781 5013 3888 5059 etc.

2285 5077 2540 5159 Proxime
2567 5075 2736 5132 Sirm.
2771 5089 2836 5130 ex
2861 5090 2962 5130 ms.
2987 5074 3223 5144 Remig.,
3250 5091 3339 5143 per
3369 5091 3515 5145 quos,
3550 5091 3655 5130 non
3684 5087 3890 5145 propter

2286 5149 2598 5292 fluiﬁigﬁ
2658 5216 2858 5272 audent
2901 5218 3100 5292 dicere
3130 5217 3196 5292 de
3240 5215 3615 5292 I’Iiitippopoli.
3649 5215 3754 5273 Sed
3808 5219 3894 5274 hic

2289 5288 2631 5373 impudenter
2660 5289 3047 5345 mentientibus
3074 5288 3207 5344 fides
3233 5288 3423 5345 merito
3454 5295 3678 5360 negetur
3701 5293 3751 5344 in
3783 5305 3893 5345 ρίου

2293 5369 2446 5416 teris.

2356 5433 2435 5502 (ά)
2469 5432 2658 5497 Sirm.,
2683 5433 3019 5497 iuvenescunt
3059 5432 3212 5485 enim.
3245 5428 3388 5502 l’i_tb.
3436 5445 3566 5502 ins”
3594 5430 3765 5486 iubere
3809 5434 3893 5488 vel

2275 5500 2458 5576 jubere
2487 5504 2885 5576 nesciuntenim
2907 5517 2926 5556 :
2953 5518 3017 5557 ex
3042 5519 3147 5576 quo
3179 5500 3413 5576 confecit
3432 5501 3610 5576 Faber
3633 5504 3881 5566 inhibere,

2284 5573 2390 5630 etc.
2429 5574 2573 5629 Satis
2604 5574 2924 5643 intelligitur
2972 5573 3100 5641 quid
3147 5573 3245 5626 sibi
3273 5575 3457 5637 velint,
3515 5575 3613 5627 etsi
3662 5577 3886 5628 verbum

2285 5645 2458 5714 ipsum
2501 5660 2610 5714 quo
2647 5646 2726 5699 usi
2777 5655 2902 5698 sunt
2932 5659 3038 5698 non
3071 5655 3218 5698 certo
3257 5644 3577 5714 perspicias.
3611 5643 3788 5714 Eque
3818 5645 3886 5698 ad

2284 5712 2474 5771 eorum
2505 5712 2830 5785 sententiam
2861 5712 3514 5785 pertinebuntquiuccre,
3545 5725 3636 5772 aut
3667 5712 3892 5770 inhibere

2290 5792 2365 5852 se”,
2397 5786 2480 5840 vel
2511 5796 2562 5842 se
2598 5783 2875 5839 continere}
