4270 6264
340 288 480 345 -675

357 407 424 459 de
453 407 607 462 nobis
638 408 945 482 imperium,
977 424 1139 489 atque
1163 421 1400 494 religiosi
1441 427 1794 500 imperatores
1818 476 1832 498 ,
1863 437 1959 492 tri-

359 496 509 564 buni,
561 506 618 554 et
651 499 818 558 duces
847 505 1117 566 dirissima
1165 515 1440 585 republica
1466 519 1535 575 de
1574 523 1954 595 episcoporum

358 590 468 646 vita
516 602 770 666 statuque
817 612 1221 679 exercerentur.
1255 607 1363 665 Sed
1414 627 1514 669 nec
1557 590 1739 686 populi
1764 590 1956 676 'silent.

355 682 544 740 Omnis
566 689 767 744 etenim
800 688 1113 751 fraternitas
1138 701 1389 758 omnibus
1417 704 1473 761 in
1512 682 1805 777 provinciis
1827 727 1953 768 sus-

354 790 521 846 pensa
550 793 616 834 ac
660 780 895 839 sollicita
923 798 1204 858 exspectat
1224 793 1278 848 in
1304 809 1466 865 quem
1497 796 1660 856 linem
1691 800 1808 858 bzec
1833 819 1952 859 ma-

356 867 533 926 lorum
583 873 822 943 procella
874 881 1158 937 succedat:
1205 900 1503 960 cursusque
1548 891 1665 963 ipse
1706 897 1954 965 publicus

353 964 572 1019 attritus
594 966 661 1021 ad
694 967 924 1026 nihilum
960 972 1262 1033 deducitur.
1288 979 1358 1036 Et
1398 983 1524 1053 quid
1548 964 1828 1056 pluribus?
1852 991 1954 1047 or-

354 1064 445 1114 tus
477 1074 810 1133 occasusque
858 1067 1045 1124 mundi
1076 1080 1295 1142 propter
1333 1091 1498 1132 unum
1531 1080 1616 1135 vel
1656 1084 1793 1139 duos
1818 1099 1953 1154 pau-

352 1164 558 1223 eosque
581 1153 880 1213 sceleratos
911 1159 1078 1231 impie
1101 1164 1400 1224 sentientes
1420 1180 1476 1223 et
1503 1172 1733 1242 turpiter
1764 1177 1954 1233 viven-

355 1249 438 1298 tes
488 1242 731 1302 funditus
760 1251 1013 1320 vertitur,
1060 1265 1117 1309 et
1159 1255 1293 1314 dura
1337 1274 1595 1333 saevaque
1632 1273 1954 1337 tempestate

355 1334 625 1404 turbatur,
678 1339 733 1394 in
756 1342 950 1410 quibus
989 1346 1135 1402 nulla
1194 1350 1470 1422 religionis
1499 1357 1705 1413 semina
1734 1334 1955 1420 resede.

363 1435 527 1482 runt:
551 1444 671 1500 qua:
698 1432 743 1485 si
779 1431 1116 1504 habuissent,
1158 1439 1499 1502 imitarentur
1521 1449 1838 1519 prophetam
1869 1455 1953 1509 di-

352 1528 598 1576 centem:
628 1520 837 1592 Tollite,
860 1536 909 1582 et
929 1530 1113 1586 mittite
1161 1550 1241 1589 me
1266 1535 1320 1588 in
1347 1552 1506 1603 mare,
1535 1550 1583 1594 et
1603 1544 1953 1614 u'anqnillabit

351 1628 494 1667 mare
512 1630 544 1668 a
563 1616 723 1685 vobis,
768 1622 977 1691 quando
1014 1621 1124 1680 haec
1149 1636 1419 1697 tempestas
1467 1644 1678 1705 prapter
1704 1653 1785 1692 me
1808 1643 1952 1711 facta

351 1717 427 1761 est
452 1706 624 1782 (lana:
668 1726 721 1796 t,
761 1712 870 1783 12)..
901 1715 1009 1773 Sed
1056 1719 1177 1777 ideo
1208 1720 1323 1779 haec
1351 1740 1457 1781 non
1491 1706 1949 1806 imitanturpquia

351 1817 455 1858 nec
497 1803 672 1872 justos
710 1819 1043 1877 sequuntur:
1073 1813 1149 1869 ita
1190 1825 1370 1874 autem
1409 1820 1800 1882 sceleratorum
1828 1803 1946 1884 otn-
1982 1849 2030 1909 Β

348 1895 496 1952 nium
547 1897 716 1956 duces
764 1914 1014 1974 quaerunt
1055 1906 1315 1967 Ecclesia:
1367 1914 1754 1989 principatum,
1787 1924 1941 1992 quasi

350 1988 566 2060 aliquod
597 1994 894 2063 tyrannidis
926 2012 1172 2069 regnum.

419 2078 513 2136 26.
541 2080 753 2139 Judicia
780 2088 1095 2159 synodorum
1119 2109 1221 2149 non
1247 2100 1596 2155 retractanda.
1617 2131 1689 2144 --
1706 2103 1819 2161 Nec
1847 2106 1952 2165 hoc

350 2183 571 2243 promer
596 2176 794 2233 bonum
822 2196 1038 2252 quoque
1059 2184 1291 2255 justitite
1320 2189 1621 2262 inquirunt.
1651 2196 1768 2254 Non
1800 2202 1947 2257 enim

348 2264 613 2323 Ecclesiis
655 2273 966 2339 consulunt,
1020 2278 1110 2348 qui
1143 2278 1289 2349 leges
1315 2281 1554 2354 juraque
1594 2287 1797 2357 divina,
1847 2291 1947 2364 (et)

358 2368 682 2418 cteterorum
714 2364 930 2423 decreta
955 2369 1253 2428 dissolvere
1278 2387 1655 2445 perconantur.
1683 2382 1943 2455 Propter.

349 2467 415 2507 ea
445 2455 582 2510 lianc
624 2458 919 2516 novitatem
950 2463 1316 2522 moliebantur
1342 2467 1622 2540 inducere,
1644 2490 1802 2545 quam
1823 2475 1945 2532 bor-

347 2554 434 2601 ret
461 2558 617 2604 vetus
655 2552 992 2609 consuetudo
1020 2555 1303 2626 Ecclesiae,
1326 2574 1387 2616 ut
1416 2563 1470 2618 in
1500 2567 1733 2624 concilio
1752 2569 1944 2627 Orien-

350 2638 490 2694 tales
513 2639 754 2712 episcopi
782 2645 1041 2716 quidquid
1079 2650 1216 2705 forte
1261 2655 1596 2725 statuissent,
1638 2661 1707 2715 ab
1732 2664 1944 2732 episco-

349 2736 434 2804 pis
480 2733 919 2794 Occidentalibus
965 2741 1345 2813 refricaretur;
1391 2749 1641 2809 similiter
1681 2754 1943 2827 quidquid

347 2822 775 2883 Occidentalium
810 2829 976 2903 662
1015 2835 1243 2903 partium
1285 2841 1547 2912 episcopi,
1605 2845 1674 2901 ab
1699 2822 1943 2906 Orienta-

346 2916 486 2972 libus
515 2920 832 2976 solveretur.
863 2923 970 2979 Sed
999 2926 1100 2981 hoe
1128 2944 1194 2982 ex
1225 2929 1317 2985 illo
1343 2946 1444 2987 suo
1474 2937 1798 3004 pravissimo
1817 2955 1944 2998 sen-

345 3022 409 3064 su
441 3010 762 3068 tractabant.
792 3013 989 3071 Verum
1017 3020 1256 3075 omnium
1283 3027 1791 3101 conciliorumjuste
1812 3034 1944 3105 legi-

345 3099 592 3173 timeque
612 3115 853 3162 actorum
897 3108 1110 3164 decreta
1159 3113 1419 3172 firmanda
1453 3159 1469 3185 ,
1515 3099 1778 3191 majorum
1807 3141 1941 3182 nos-

342 3201 550 3249 trorum
572 3206 719 3268 gesta
743 3199 1085 3270 consignant.
1119 3202 1251 3259 Nam
1279 3207 1333 3262 in
1364 3210 1498 3267 urbe
1526 3212 1697 3270 Roma
1725 3215 1801 3289 (a)
1833 3220 1936 3274 sub

338 3285 548 3344 Novato
600 3297 658 3346 et
694 3289 931 3348 Sabellio
979 3304 1033 3350 et
1081 3294 1370 3355 Valentino
1413 3302 1685 3362 haereticis
1734 3285 1933 3367 factum

339 3381 654 3450 concilium,
692 3383 763 3439 ab
809 3383 1174 3445 Orientalibus
1226 3394 1601 3453 conﬁrmatum
1660 3409 1745 3455 est
1796 3419 1810 3456 :
1879 3412 1937 3459 et

337 3471 534 3528 iterum
581 3474 635 3529 in
706 3474 927 3533 Oriente
965 3480 1067 3535 sub
1113 3481 1278 3538 Paulo
1317 3482 1394 3557 (ὁ)
1443 3486 1740 3546 SamOsatis
1792 3496 1935 3564 quod

336 3577 596 3627 statutum
642 3581 749 3641 est,
796 3575 867 3630 ab
912 3578 1168 3636 omnibus
1195 3592 1278 3637 est
1324 3584 1614 3654 signatum.
1648 3587 1731 3643 Ob
1772 3604 1931 3659 quam

335 3677 453 3717 rem
478 3664 762 3720 hortamur
803 3682 920 3736 vos,
952 3668 1291 3728 dilectissimi
1316 3673 1556 3744 Fratres,
1589 3680 1935 3737 consideran-

335 3763 418 3810 tcs
468 3756 718 3812 ordinem
750 3758 1131 3818 ecclesiastica:
1175 3764 1496 3837 disciplinas,
1534 3780 1590 3825 et
1620 3773 1739 3841 paci
1767 3775 1933 3830 totius

334 3848 485 3905 orbis
501 3851 871 3921 consulentes,
894 3855 1204 3927 corripiatis
1235 3874 1331 3914 eos
1358 3861 1450 3932 qui
1477 3863 1755 3921 sceleratis
1781 3882 1931 3921 com-

332 3943 632 4012 municant,
660 3954 719 4002 et
743 3947 921 4004 malos
941 3948 1011 4005 de
1037 3951 1284 4007 ecclesiis
1322 3954 1579 4012 radicitus
1607 3959 1927 4029 amputetis:

334 4044 392 4091 ut
422 4044 740 4106 tempestate
779 4047 970 4096 ruente
1000 4043 1241 4112 ipsorum
1269 4060 1455 4116 causa,
1489 4048 1742 4107 innatans
1771 4051 1928 4110 Chri-

330 4140 449 4189 stus
481 4136 740 4197 Dominus
777 4143 1030 4199 omnibns
1060 4145 1291 4216 imperet
1340 4149 1515 4205 ventis
1568 4152 1926 4225 procerisque

331 4231 615 4287 maritimis
644 4234 947 4306 discedere,
969 4247 1027 4295 et
1067 4241 1266 4296 tribuat
1291 4242 1550 4299 Ecclesia:
1590 4257 1791 4302 sanctas
1819 4263 1921 4318 pa-

330 4334 447 4378 cem
475 4335 786 4392 perpetuam
807 4340 864 4385 et
885 4332 1142 4401 quietam.

400 4412 493 4469 27.
536 4413 834 4491 Prwcipuos
864 4438 927 4478 ea:
951 4422 1371 4482 Occidentalibus
1390 4428 1677 4485 damnant:
1706 4448 1821 4490 cur.
1850 4466 1921 4476 —

328 4507 439 4566 Nos
468 4527 597 4570 vero
635 4517 764 4572 nulli
793 4518 1040 4589 injuriam
1084 4523 1330 4592 facimus,
1353 4524 1449 4581 sed
1486 4525 1619 4597 legis
1647 4539 1921 4602 praecepta

1274 306 1368 365 EX
1408 308 1638 369 OPERE
1677 314 2041 380 HISTORICO
2076 324 2558 391 FRAGMENTUM
2600 335 2687 393 ΙΙΙ.

3568 358 3676 417 674

1985 447 2043 511 Α
2072 457 2193 501 mus
2215 446 2285 500 ab
2311 447 2394 513 iis,
2417 452 2506 520 qui
2538 453 2796 509 volebant
2821 456 3081 516 Ecclesiae
3108 463 3387 522 catholicae
3418 474 3656 544 regulam

2060 551 2155 591 sua
2197 542 2462 609 pravitate
2500 546 2738 603 turbare.
2781 549 2886 605 Sed
2913 561 3038 611 ante
3076 557 3260 614 oculos
3303 542 3562 621 habentes
3590 569 3657 623 ti-

2059 642 2267 685 morem
2303 632 2413 700 Dei,
2461 636 2725 704 judicium
2769 637 2970 699 Christi
3000 659 3183 702 verum
3215 659 3270 706 et
3287 652 3489 719 justum
3519 672 3655 713 con-

2056 721 2381 790 siderantes,
2416 730 2617 786 nullius
2649 748 2935 803 personam
2981 742 3312 811 accepimus,
3340 762 3514 820 neque
3553 751 3654 808 ali-

2056 815 2145 871 cui
2192 822 2555 891 pepercimus,
2583 841 2691 896 quo
2735 828 2911 887 minus
2954 835 3378 896 ecclesiasticam
3409 842 3652 916 discipli-

2058 922 2179 962 nam
2205 925 2566 972 servaremus.
2599 916 2963 979 UndeJuIium
2996 927 3145 983 urbis
3166 929 3373 1001 Romae,
3409 934 3646 1010 Ossium,

2055 1010 2112 1054 et
2132 1000 2516 1075 Protogenem,
2547 1019 2602 1064 et
2628 1010 3008 1083 Gaudentium,
3033 1030 3088 1075 et
3110 1021 3453 1083 Maximinum
3484 1046 3513 1086 a
3532 1032 3654 1087 Tri-

2058 1092 2203 1147 veris
2232 1095 2511 1154 damnavit
2539 1114 2702 1159 omne
2730 1108 3020 1167 concilium
3063 1116 3357 1173 secundum
3382 1123 3650 1195 antiquis-

2054 1185 2245 1243 simam
2277 1190 2469 1264 leg’em,
2505 1206 2562 1251 ut
2598 1208 2850 1258 auctores
2895 1211 3293 1269 communionis
3319 1214 3560 1275 Marcelli
3597 1231 3652 1277 et

2055 1280 2338 1342 Athanasii
2368 1300 2800 1368 cancrorumquc
2829 1301 3236 1375 sceleratorum,
3270 1313 3467 1384 quique
3487 1318 3649 1374 etiam

2054 1372 2359 1436 homicidiis
2391 1383 2538 1440 Pauli
2566 1385 3145 1466 Conslantinopolilani
3168 1410 3223 1457 et
3247 1409 3485 1464 cruentis
3513 1414 3651 1467 acti-

2054 1468 2154 1524 bus
2174 1471 2293 1541 ejus
2308 1480 2861 1540 communicaverunt.
2888 1487 3243 1563 Protagenem
3268 1513 3501 1571 namque
3522 1519 3645 1562 esse

2054 1562 2564 1626 anathematizatum
2611 1590 2716 1631 una
2756 1592 2877 1634 cum
2926 1562 3201 1655 Marcello,
3254 1590 3648 1655 subscribendo

2055 1652 2368 1727 frequenter
2398 1667 2680 1721 sententiae
2706 1667 2760 1723 in
2790 1670 2961 1741 ipsum
2992 1677 3074 1731 vel
3117 1676 3171 1734 in
3200 1681 3317 1751 ejus
3344 1684 3542 1743 librum
3566 1689 3649 1745 in-

2057 1747 2214 1816 latae;
2242 1753 2440 1825 quique
2461 1759 2620 1814 etiam
2647 1760 2696 1815 in
2720 1762 2942 1820 Paulum
2987 1747 3643 1847 Constantinopolitanum

2055 1845 2377 1900 sententiam
2436 1847 2719 1920 dederunt,
2768 1858 2924 1914 etilli
2973 1870 3159 1929 postea
3205 1845 3643 1932 communicave-

2052 1943 2197 1989 runt.
2233 1934 2590 1998 Gaudentium
2613 1955 2815 2014 autem,
2846 1959 2904 2005 ut
2930 1951 3306 2016 immemorem
3337 1964 3644 2026 decessoris

2053 2027 2134 2080 sui
2163 2026 2374 2100 Cyriaci
2422 2033 2812 2094 subscribentis
2839 2048 3125 2104 sententiis
3157 2050 3206 2104 in
3234 2055 3529 2113 sceleratos
3555 2058 3641 2116 di-

2048 2130 2156 2187 gne
2190 2119 2389 2188 inlatis,
2446 2129 2904 2204 commixtumqtte
2944 2138 3261 2199 criminibus
3281 2144 3451 2214 Pauli,
3479 2167 3641 2221 quem

2050 2209 2214 2265 etiam
2246 2213 2586 2282 impudenter
2609 2220 2949 2281 defendebat.
2970 2228 3170 2289 Julinm
3195 2251 3325 2292 vero
3357 2209 3511 2298 urbis
3534 2242 3641 2300 Ro-

2050 2315 2172 2366 mae,
2221 2313 2278 2359 ut
2319 2308 2615 2380 principem
2658 2323 2713 2370 et
2744 2317 2939 2376 ducem
2997 2325 3279 2396 malorum,
3311 2334 3399 2402 qui
3430 2336 3637 2405 primus

2042 2389 2265 2459 jannam
2294 2404 2688 2461 communionis
2729 2410 3008 2469 sceleratis
3029 2428 3191 2488 atque
3215 2421 3482 2482 damnatis
3509 2445 3636 2499 ape-

2048 2483 2173 2552 ruit,
2205 2492 2527 2563 caaterisque
2555 2496 2757 2554 aditum
2790 2500 2919 2558 fecit
2949 2507 3017 2561 ad
3045 2483 3305 2570 solvenda
3330 2516 3453 2586 jura
3481 2483 3623 2576 divi-

2046 2592 2152 2632 na:
2201 2580 2632 2657 defendebatqne
2670 2592 3021 2655 Athanasium
3064 2580 3639 2683 prtesumenteratque

2045 2671 2323 2742 audacter,
2376 2678 2648 2737 hominem
2692 2685 2845 2757 cujus
2899 2705 2998 2745 nec
3052 2698 3215 2750 testes
3246 2712 3491 2768 noverat,
3537 2718 3639 2760 nec

2044 2776 2409 2824 accusatores.
2462 2771 2569 2829 Sed
2610 2774 2825 2834 Ossium
2855 2796 3079 2853 promer
3118 2791 3482 2860 supradictam
3511 2812 3639 2854 cau-

2044 2872 2181 2926 sam,
2216 2871 2268 2917 et
2287 2864 2450 2937 663
2481 2880 2703 2939 propter
2723 2872 3044 2934 beatissima:
3068 2886 3343 2942 memoria:
3376 2887 3634 2958 Marcum,

2042 2952 2129 3013 cui
2166 2968 2362 3024 graves
2408 2972 2628 3030 semper
2681 2963 2905 3035 injurias
2928 2969 3233 3043 inrugavit:
3275 2978 3370 3034 sed
3416 2983 3633 3051 etquod

2044 3047 2213 3102 malos
2241 3064 2431 3106 omnes
2458 3068 2556 3122 pro
2576 3056 2891 3115 criminibus
2915 3063 3027 3119 suis
3053 3065 3215 3138 digne
3238 3068 3524 3130 damnatos
3556 3084 3637 3131 to-

2042 3138 2114 3193 tis
2141 3141 2345 3196 viribus
2368 3143 2713 3216 defendebat,
2748 3163 2801 3206 et
2823 3154 2967 3225 quod
2994 3161 3298 3218 convixerit
3326 3163 3379 3220 in
3410 3165 3634 3225 Oriente

1964 3232 2009 3296 C
2041 3244 2163 3286 cum
2209 3236 2484 3292 sceleratis
2513 3254 2574 3293 ac
2594 3242 2833 3309 perditis.
2869 3246 3121 3318 Turpiter
3143 3266 3373 3325 namque
3404 3256 3629 3316 Paulino

2038 3325 2308 3393 quondam
2350 3327 2800 3402 episcopoDacite
2831 3338 3140 3397 individuus
3163 3347 3369 3404 amicus
3391 3348 3512 3417 fuit,
3538 3351 3636 3407 ho-

2038 3419 2173 3474 mini
2206 3421 2293 3491 qui
2328 3424 2501 3492 primo
2541 3426 2609 3482 de
2640 3431 2922 3489 maleficiis
2946 3434 3107 3491 fuerit
3150 3452 3434 3499 accusatus
3479 3455 3537 3501 et
3563 3446 3632 3505 de

2038 3509 2277 3568 Ecclesia
2328 3516 2536 3585 pulsus,
2577 3536 2753 3592 usque
2780 3524 2831 3578 in
2857 3525 3174 3584 hodiernum
3213 3531 3354 3589 diem
3400 3537 3451 3591 in
3492 3552 3625 3608 apo-

2035 3605 2198 3659 stasia
2250 3622 2570 3677 permanens
2595 3627 2714 3669 cum
2766 3620 3079 3676 concubinis
3124 3623 3341 3692 publice
3367 3638 3418 3682 et
3451 3644 3629 3686 mere-

2037 3695 2261 3752 tricibus
2293 3697 2606 3771 fornicetur,
2650 3706 2804 3775 cujus
2832 3710 3216 3768 maleﬁciorum
3259 3716 3428 3773 libros
3451 3718 3629 3776 Mace-

2034 3783 2230 3843 donius
2273 3790 2558 3862 cpiscopus
2617 3806 2780 3865 atque
2827 3803 3109 3857 confessor
3158 3819 3187 3857 a
3243 3805 3431 3876 Mopso
3475 3823 3629 3867 com-

2035 3873 2229 3931 bussit.
2283 3877 2391 3935 Sed
2444 3894 2495 3938 et
2547 3882 2622 3956 (ο)
2690 3886 2940 3945 Eustasio
2991 3903 3046 3947 et
3091 3873 3362 3962 Qnimatio
3439 3899 3625 3957 adhae-

2031 3971 2186 4026 rebat
2244 3974 2478 4043 pessime
2516 3986 2571 4033 et
2614 3993 2775 4036 carus
2827 3981 2949 4050 fuit,
3001 3985 3070 4042 de
3115 4005 3343 4059 quorutn
3369 3992 3495 4049 vitae
3541 3996 3628 4051 in-

2030 4063 2192 4120 famia
2226 4068 2369 4136 turpi
2393 4068 2684 4126 dicendum
2711 4072 2847 4129 nihil
2875 4085 2994 4132 est:
3026 4082 3209 4137 exitus
3236 4087 3380 4139 enim
3412 4086 3629 4144 illorum

2029 4171 2126 4213 eos
2171 4159 2419 4216 omnibus
2446 4160 2763 4220 declaravit.
2795 4167 2889 4223 llis
2915 4169 3095 4241 itaque
3138 4189 3201 4229 ac
3248 4177 3445 4233 talibus
3465 4179 3628 4249 junc-

2030 4260 2115 4306 tus
2143 4252 2213 4307 ab
2260 4253 2414 4309 initio
2440 4255 2652 4324 Ossius,
2678 4260 2958 4319 sceleratis
2989 4280 3205 4333 semper
3241 4268 3427 4326 favens
3448 4316 3462 4339 ,
3491 4287 3626 4330 con-

2030 4352 2108 4399 tra
2128 4342 2427 4401 Ecclesiam
2455 4351 2726 4419 veniebat,
2750 4363 2805 4408 et
2830 4355 3061 4412 inimicis
3085 4360 3177 4415 Dei
3194 4376 3408 4434 semper
3424 4366 3629 4425 ferebat

2026 4438 2305 4494 auxilium.
2327 4440 2672 4499 Maximinum
2702 4462 2831 4503 vero
2870 4464 2897 4502 a
2922 4450 3189 4521 Triveris,
3219 4468 3440 4528 propter
3477 4465 3623 4534 quod

2027 4532 2263 4604 collegas
2300 4544 2515 4592 nostros
2543 4537 2623 4610 (ά)
2670 4541 2978 4612 episcOpos,
3009 4561 3142 4615 quos
3191 4548 3257 4604 ad
3292 4532 3624 4631 Gallias—mi-

329 4621 630 4667 servamus.
659 4613 791 4671 Nam
815 4617 1051 4688 injuriati
1075 4623 1314 4693 graviter
1332 4634 1387 4680 ct
1425 4626 1569 4683 male
1596 4629 1809 4684 tractati
1834 4644 1917 4684 su-
1950 4621 2004 4683 Ι)
2028 4641 2293 4697 seramus,
2323 4629 2559 4686 noluerit
2586 4632 2881 4705 suscipere,
2910 4646 2966 4692 et
2986 4641 3237 4710 quoniam
3268 4644 3436 4703 Paulo
3482 4649 3626 4706 Con-

400 4772 474 4846 (η)
518 4773 629 4856 Hoc
672 4776 845 4847 ipsum
890 4790 1345 4856 nunc‘repetnnt,
1374 4784 1515 4856 quod
1543 4784 1649 4855 jam
1690 4802 1779 4843 an.
1810 4787 1911 4845 54f

327 4846 805 4942 cpnquestikerattt,
829 4865 948 4936 cum
970 4846 1188 4942 indigne
1218 4846 1621 4942 fere-nteiqtttod
1647 4857 1916 4942 .luliusab

326 4913 692 5014 Orientalibus
713 4913 990 5004 depositus
1028 4913 1150 5006 sedi
1196 4940 1308 4981 sua:
1350 4913 1694 5014 restituisset,
1727 4935 1917 5014 antio-

325 4985 465 5071 ehia:
503 4985 830 5071 congregati
876 4996 1292 5071 rescripserunt,
1344 5015 1448 5055 non
1500 4985 1693 5055 debere,
1718 5003 1782 5056 ab
1804 5003 1915 5071 ipso

324 5056 534 5127 discuti,
580 5056 639 5142 Osi"
658 5056 784 5131 quos
812 5063 912 5132 ipsi
957 5056 1183 5142 ecclesiis
1209 5056 1317 5122 suis
1336 5071 1591 5142 “petiere
1616 5056 1913 5138 voluissent,

323 5144 484 5202 neque
511 5131 644 5189 enim
671 5149 725 5187 se
752 5131 1124 5191 contradixisse
1169 5148 1307 5202 tunc,
1334 5131 1448 5195 cuin
1480 5140 1713 5196 Novatus
1737 5142 1916 5198 Eccle-

323 5199 403 5253 sia
424 5200 621 5277 ejectus
649 5214 742 5277 est.
772 5204 882 5277 Nisi
923 5206 1066 5276 quod
1114 5199 1437 5277 Antiochia),
1467 5223 1521 5265 ut
1555 5229 1698 5268 nunc
1722 5229 1786 5269 ex
1816 5218 1918 5269 So-

321 5284 473 5326 crate
501 5273 826 5345 a_udivimus,
854 5273 953 5332 lib.
975 5293 1035 5340 ιι,
1063 5294 1113 5332 c.
1140 5279 1228 5345 15,
1251 5290 1309 5335 et
1326 5273 1674 5337 conﬁrmatur
1693 5300 1721 5337 a
1750 5284 1918 5341 Solo-

327 5355 491 5397 meno
524 5343 618 5423 lib.
647 5360 729 5411 tn,
756 5363 807 5401 c.
831 5348 887 5423 δε
909 5349 1023 5403 sola
1040 5343 1226 5423 contra
1245 5350 1509 5406 Novatum
1528 5362 1676 5423 gesta
1712 5372 1918 5414 memo-

322 5424 447 5491 rant
472 5431 485 5466 :
511 5415 597 5470 cui
630 5433 774 5472 nunc
804 5418 1103 5491 adiungunt
1133 5420 1430 5491 Sabellium
1454 5415 1906 5483 ac'Valentinutn.

320 5481 570 5542 Romano
606 5495 805 5579 autem.
830 5481 1074 5579 concilio
1121 5490 1386 5579 Novatum
1415 5495 1744 5579 damnatum
1791 5515 1913 5579 esse

318 5566 529 5639 constat
557 5573 621 5613 ex
646 5558 900 5651 Eusebio,
934 5562 1028 5617 lib.
1062 5562 1373 5651 v.1.Hist.,hc.
1401 5566 1493 5651 κιρ.
1525 5570 1604 5623 An
1717 5569 1910 5651 eadem

317 5626 538 5705 civitate
584 5626 908 5705 Specinlibus
939 5634 1160 5704 synodis
1194 5626 1393 5705 pariter
1423 5637 1657 5694 datnnati
1686 5641 1793 5697 sint
1819 5641 1915 5699 Sa-

317 5697 514 5754 bellins
536 5715 598 5756 ac
622 5697 1127 5773 Valentinus,'nullo
1147 5697 1256 5762 alio
1283 5716 1529 5766 veterum
1561 5722 1913 5770 monumento

316 5779 472 5826 certo
499 5774 723 5828 scimus.

2101 4788 2201 4868 (b)__
2219 4788 2361 4868 Editi
2388 4804 2456 4868 ac
2479 4805 2581 4847 ms.
2604 4790 2775 4868 Pitb.,
2799 4795 3002 4854 Asonus
3022 4800 3115 4855 ait.
3146 4801 3334 4864 Melius
3361 4806 3524 4865 Sirm.
3557 4826 3623 4868 ex

2026 4874 2130 4916 ms.
2166 4860 2377 4931 Remig.
2415 4860 2728 4921 Samasatis.

2098 4932 2171 5015 ω
2210 4930 2267 5015 Si
2296 4930 2612 5022 E’uStatliius
2657 4937 3030 5022 Antiocltentts
3072 4943 3159 5001 hic
3186 4946 3534 5022 intelligatur,
3570 4953 3622 5011 ei
3688 4964 3693 4969 '

2023 5003 2291 5081 Opiniooi,
2316 5020 2421 5081 qua
2456 5006 2605 5062 illum
2620 5018 2674 5063 et
2693 5022 2819 5081 ante
2841 5013 3164 5072 Sardicense
3184 5003 3469 5078 concilium
3490 5003 3542 5080 et
3565 5025 3619 5081 in

2023 5074 2216 5166 e‘xsilio
2242 5075 2442 5166 {iniisse
2468 5089 2675 5166 putant,
2698 5080 2838 5166 Illinc
2872 5085 3050 5166 robur
3093 5074 3495 5166 accedebll‘ﬁu'm
3521 5112 3619 5166 pro

2027 5144 2329 5234 Quintatio,‘
2350 5146 2641 5234 legendum
2663 5144 2670 5148 ⁷
2692 5151 2935 5234 (αξηιαιὶςζ.
2967 5155 3109 5234 Duos
3138 5144 3616 5234 autem'C—ittta'tiros',

2021 5215 2675 5294 nnum_l>‘alti,‘alterum
2721 5222 2944 5290 Tarudi,
2970 5215 3313 5287 Athanasius

2057 5302 2142 5367 ag.
2195 5286 2320 5367 8l2_
2344 5301 2610 5367 memorat
2649 5293 2701 5367 in
2726 5286 2975 5367 exsilium
2999 5298 3070 5353 ab
3107 5286 3324 5367 Arionis
3344 5286 3615 5365 detrusus.

2064 5372 2205 5435 eque
2232 5357 2450 5435 tlubiutn
2482 5370 2589 5424 est,
2634 5364 2796 5420 alium
2840 5366 2929 5423 hic
2967 5384 2996 5422 a
3036 5357 3454 5432 Cimatioﬂl’alti—
3472 5357 3622 5435 2123;};

2016 5431 2199 5506 gnari;
2252 5431 2655 5506 quippeuquem
2704 5451 2768 5491 es
2811 5440 3004 5494 eodem
3050 5439 3348 5502 Athanasio
3400 5431 3468 5503 ad
3499 5431 3619 5506 iiii.

2012 5500 2531 5579 ,ρρριιηηρέιεχὸἹὸς
2570 5515 2692 5579 post
2712 5509 3006 5568 concilium
3038 5500 3468 5574 Alexandrinum
3490 5500 3619 5579 anni

2020 5568 2335 5644 362_adliuc
2361 5574 2418 5644 in
2478 5568 2612 5630 vivis
2642 5580 2915 5635 exstitisse
2944 5568 3295 5641 manifestum
3313 5568 3417 5644 est.

2093 5638 2177 5713 (ά)
2215 5642 2524 5727 Narcissum
2551 5648 2698 5727 scil.,
2728 5649 2941 5715 Marini.
2997 5638 3446 5727 Tbeoiln—roniret
3478 5662 3620 5720 Mar-

2020 5727 2142 5767 cum
2152 5728 2327 5792 ,_qt_tos
2341 5754 2371 5792 ,_
2388 5715 2600 5792 alutuot
2621 5735 2835 5792 menses
2881 5731 3004 5792 post
3045 5728 3332 5785 concilium
3349 5715 3613 5791 'A'ntioeh.

2018 5801 2107 5840 an.
2161 5783 2288 5856 541,
2323 5786 2392 5842 ab
2442 5783 2761 5848 E‘uscbianis
2793 5783 3619 5866 ad'Constantem“inv—Ovallias
