4270 6264
630 264 738 327 675

1835 268 2081 329 SANCTI
2120 248 2376 331 ﬂlLAltll
2416 253 2722 333 satscort

3824 270 3932 340 6'6

631 382 922 452 stmtinop.
946 382 1149 440 nefario
1175 381 1378 438 homini
1403 382 1687 454 acperdito
1708 383 1911 454 primus
1942 386 2056 455 ipse
2077 401 2224 442 corn-
2250 391 2306 453 Α
2330 387 2448 450 bus,
2496 402 2590 457 per
2608 402 2768 458 quem
2820 387 3228 444 sanctiﬁcantur
3266 387 3460 443 animae
3507 387 3561 444 in
3592 388 3764 460 ipsum
3797 390 3930 448 lide-

631 475 944 541 ruunicavit,
983 473 1203 544 etquod
1234 476 1347 544 ipse
1391 483 1553 530 tanta;
1605 474 1774 531 eladis
1808 490 1966 533 causa
2018 475 2136 543 fuit,
2169 486 2228 533 ιιι

632 566 833 622 Paulus
880 566 946 621 ad
992 566 1514 638 Constantinopolim
1559 568 1830 625 civitatem
1856 579 2226 637 revocaretur,

629 668 849 728 propter
874 657 1015 727 quod
1044 657 1331 715 homicidia
1374 659 1545 715 multa
1577 658 1714 717 facta
1743 667 1891 718 sunt.
1922 661 2097 717 Causa
2129 661 2229 732 igi-

632 760 719 805 tur
768 750 1179 807 homicidiorum
1234 761 1505 809 tantorum
1550 753 1665 824 ipse
1710 752 1830 820 fuit,
1871 753 1965 825 qui
2002 753 2227 813 Paulum

628 844 757 900 clirn
809 844 1118 903 damnatum
1148 845 1216 900 ad
1242 844 1768 918 Constantinopolim
1799 848 2096 905 revocavit.

578 920 592 933 ’
700 936 790 993 28.
835 938 1063 1004 Pr'Opter
1101 937 1199 993 has
1228 938 1389 1009 igitur
1417 954 1609 996 causas
1622 941 1826 1010 justum
1865 940 2020 999 duxit
2045 941 2227 997 conci-

629 1027 784 1096 lium,
809 1037 866 1084 ut
886 1028 1086 1089 Julium
1118 1030 1268 1087 urbis
1307 1031 1511 1096 Romae,
1540 1042 1596 1087 et
1620 1031 1858 1099 Ossium,
1891 1042 2229 1103 emterosque

629 1136 791 1190 supra
845 1132 1173 1181 memoratos
1193 1123 1521 1194 discingeret
1563 1132 1726 1196 atque
1763 1124 2068 1183 damnaret.
2094 1124 2228 1192 Quae

629 1231 751 1272 cum
775 1216 844 1271 ita
870 1217 999 1283 sint,
1026 1218 1303 1275 custodire
1331 1233 1427 1275 vos
1448 1218 1515 1274 ab
1537 1220 1669 1289 ipsis
1691 1228 1747 1276 et
1773 1220 2047 1277 abstinere
2062 1220 2227 1277 debev

631 1309 719 1375 tis,
768 1308 1103 1366 dilectissimi
1130 1309 1369 1379 Fratres,
1404 1326 1502 1368 uec
1530 1326 1627 1366 eos
1656 1311 1947 1383 aliquando
1975 1311 2043 1369 ad
2077 1327 2229 1368 com~

630 1400 942 1457 muniouem
985 1414 1219 1459 veStram
1247 1403 1566 1459 admittere:
1600 1404 1693 1461 scd
1743 1421 1844 1461 nec
1870 1405 2106 1475 ipsorum
2136 1405 2225 1461 lit.

632 1504 774 1549 teras
798 1494 1067 1563 accipere,
1118 1511 1221 1552 uec
1249 1496 1316 1551 ad
1348 1496 1468 1552 illos
1500 1496 1708 1552 litteras
1734 1497 2038 1557 dominicas
2070 1498 2225 1555 dare.

631 1583 697 1639 Et
726 1584 980 1657 quoniam
1003 1585 1327 1642 catholicam
1386 1599 1440 1643 et
1470 1589 1822 1659 apostolicam
1850 1589 2013 1645 ﬁdem
2040 1589 2228 1649 volue—

631 1687 757 1737 runt
780 1675 1075 1751 infringere
1098 1679 1133 1733 ii
1154 1680 1244 1751 qui
1269 1696 1389 1735 cum
1411 1680 1570 1737 Ossio
1594 1689 1772 1747 erant,
1801 1682 2228 1752 inducentcsque

2327 478 2452 533 liter
2478 477 2786 535 credentes.
2816 478 2918 552 [(b)
2950 479 3235 534 Credimus
3283 487 3340 534 et
3367 480 3419 534 in
3450 488 3694 535 sanctam
3744 482 3931 539 Eccle-

2326 571 2484 638 sism,
2519 572 2572 626 iu
2618 571 2990 628 remissionem
3040 581 3406 642 peccatorum,
3446 572 3501 626 in
3531 572 3715 628 carnis
3741 588 3925 630 resur-

2328 665 2658 729 rectionem,
2679 664 2736 720 in
2764 663 2930 719 vitam
2959 661 3267 736 aeternam]
3295 664 3424 719 Illos
3451 679 3579 720 vero
3606 665 3699 735 qui
3720 664 3924 732 dicunt,

2328 757 2409 813 Ex
2435 756 2488 811 ld
2534 755 2680 826 quod
2711 770 2817 811 non
2864 755 2967 813 fuit
2995 756 3135 811 ﬁlius
3185 755 3281 810 Dei
3324 756 3412 825 (ex
3436 768 3542 810 non
3583 755 3931 813 exstantibus

2328 861 2450 904 esse
2474 845 2667 902 Filium
2725 845 2867 918 Dei).
2895 855 2988 901 aut
3017 861 3083 902 es
3125 846 3226 900 alia
3258 846 3583 914 substantia,
3612 854 3668 902 et
3710 862 3819 903 non
3858 862 3930 903 ex

2331 942 2477 1008 Deo;
2501 951 2594 997 aut
2620 943 2711 1012 qui
2739 941 2950 1007 dicunt,
2969 940 3135 997 fuisse
3159 940 3453 1011 aliquando
3482 947 3696 1012 tempus
3718 940 3801 997 vel
3828 954 3929 995 sa:-

2327 1032 2511 1088 eulum
2580 1032 2799 1104 quando
2845 1047 2952 1089 non
3010 1031 3111 1089 fuit
3154 1031 3326 1097 ﬁlius,
3379 1031 3669 1088 hereticos
3712 1033 3935 1088 mmuat

2329 1133 2516 1180 saneta
2557 1134 2615 1180 et
2648 1124 2919 1182 catholica
2950 1125 3215 1181 Ecclesia.
3261 1122 3527 1183 Similiter
3554 1131 3610 1180 et
3656 1123 3801 1194 illos,
3826 1126 3924 1195 qui

2328 1217 2516 1272 dicunt
2545 1226 2655 1273 tres
2673 1232 2796 1274 esse
2825 1216 2998 1283 deos;
3033 1224 3128 1272 aut
3149 1216 3422 1272 Christum
3435 1230 3559 1271 -non
3576 1230 3699 1272 esse
3728 1216 3932 1283 Deum;

2330 1319 2422 1366 aut
2449 1318 2576 1365 ante
2609 1309 2737 1383 (leg.
2762 1310 2961 1367 saecula
2990 1325 3095 1365 non
3121 1307 3313 1381 fuisse)
3339 1324 3402 1365 ea
3431 1325 3597 1364 unum
3626 1326 3732 1364 non
3764 1310 3933 1367 fuisse

2327 1400 2624 1470 Christum,
2660 1418 2837 1475 neque
2875 1403 3042 1459 ﬁlium
3072 1403 3200 1464 Dei;
3235 1411 3329 1458 aut
3353 1404 3527 1474 ipsum
3559 1404 3708 1475 (eum
3755 1407 3930 1475 ipsum

2328 1494 2475 1564 esse)
2525 1495 2737 1551 Patrem
2780 1503 2837 1550 et
2884 1494 3079 1550 Filium
3127 1504 3182 1551 et
3226 1496 3487 1565 Spiritum
3513 1505 3797 1563 sanctum;
3838 1507 3935 1553 aut

2330 1602 2439 1640 non
2472 1594 2654 1640 nutum
2684 1586 2883 1652 lilium;
2914 1597 3006 1642 aut
3046 1603 3151 1643 non
3211 1589 3480 1643 sententia
3528 1586 3806 1661 (consilio)
3832 1605 3934 1646 ne-

2329 1696 2438 1751 que
2486 1681 2764 1737 voluntate
2792 1682 2964 1738 Deum
3014 1690 3221 1753 patrem
3261 1683 3516 1754 genuisse
3558 1682 3772 1739 illium:
3832 1684 3935 1741 hos

631 1786 824 1825 novam
855 1778 1057 1829 sectam
1105 1772 1184 1847 (a)
1227 1774 1385 1831 iudeo
1434 1775 1630 1830 cruniti
1674 1775 1911 1832 Marcelli
1938 1777 2103 1832 mixta
2133 1775 2233 1832 Sa-
2260 1770 2310 1841 B
2334 1790 2527 1830 omnes
2570 1776 2994 1832 anathematth
3018 1785 3073 1832 et
3102 1782 3418 1832 exsecratur
3446 1786 3631 1833 sancta
3660 1788 3714 1832 et
3741 1777 3936 1834 catho-

630 1863 792 1921 bellio
821 1876 875 1919 et
901 1864 1090 1929 Paulo,
1123 1866 1250 1922 inde
1276 1879 1479 1934 artem;
1527 1868 1838 1924 necessario
1858 1867 2230 1925 ordinavimus

631 1957 913 2014 catholicae
956 1958 1217 2015 Ecclesia:
1261 1959 1443 2023 fidem,
1471 1975 1634 2030 quam
1679 1968 2015 2031 negaverunt
2041 1974 2232 2028 supra-

631 2047 758 2103 dicti
806 2048 898 2118 qui
943 2063 1064 2103 cum
1110 2046 1267 2104 Ossio
1299 2058 1462 2114 sunt,
1490 2060 1546 2105 et
1574 2049 1826 2105 Marcello
1856 2048 2096 2105 bzeretici
2141 2048 2226 2122 (Ῑ.

632 2141 862 2198 Marcelli
905 2140 1177 2215 haeresim)
1212 2141 1564 2199 induxerunt.
1610 2142 1962 2214 Consequens
2015 2150 2121 2206 est,
2171 2150 2233 2197 ut

632 2235 867 2307 acceptis
898 2235 1095 2293 litteris
1131 2236 1333 2290 nostris
1354 2235 1552 2306 singuli
1598 2250 1923 2293 consensum
1950 2234 2079 2291 huic
2102 2249 2230 2291 seu-

635 2329 819 2385 tentizn
857 2327 1286 2397 commodantes,
1329 2328 1544 2386 decreta
1592 2336 1776 2384 nostra
1834 2331 2052 2398 propria
2096 2328 2231 2383 sub-

632 2422 926 2494 scriptione
952 2422 1195 2492 signetis.
1230 2422 1323 2480 Est
1349 2429 1529 2479 autem
1562 2420 1697 2479 lides
1710 2429 1895 2477 nostra
1910 2420 2036 2478 talis
2075 2419 2228 2493 (Viti.

640 2512 730 2577 lib.
765 2513 829 2567 de
850 2512 1081 2586 Synodis
1110 2530 1163 2571 η.
1194 2511 1312 2583 54).

703 2604 796 2669 29.
837 2604 1122 2660 Credimus
1150 2604 1204 2659 in
1233 2620 1397 2661 unum
1445 2605 1611 2663 Deum
1644 2614 1849 2675 patrem
1897 2602 2065 2677 εει
2112 2619 2235 2660 om-

636 2698 970 2769 nipotentem
997 2737 1013 2764 ,
1086 2697 1458 2753 institutorem
1512 2708 1569 2753 et
1613 2707 1916 2753 creatorem
1962 2696 2228 2759 omnium.

635 2807 701 2846 ex
724 2805 831 2861 quo
846 2792 1025 2847 omnis
1055 2793 1660 2863 creatura(paternitas)
1690 2793 1745 2848 in
1770 2792 1914 2851 colo
1929 2802 1983 2847 et
2004 2791 2060 2847 in
2089 2800 2233 2848 terra

634 2884 968 2939 nominatur.
1002 2883 1068 2937 Et
1090 2883 1144 2939 in
1206 2882 1535 2954 unigenitum
1568 2883 1738 2943 tilium
1783 2884 1903 2954 ejus
1945 2884 2230 2941 Dominum

639 2985 881 3031 nostrum
925 2973 1110 3033 Jesum
1152 2974 1449 3043 Christum,
1505 2976 1597 3046 qui
1644 2987 1771 3031 ante
1809 2990 1982 3031 aevum
2027 2976 2232 3047 (onmia

636 3067 859 3141 srecula)
886 3084 953 3124 ex
987 3068 1146 3123 Patre
1168 3077 1461 3140 generatus
1485 3078 1588 3135 est,
1622 3084 1687 3124 ex
1721 3068 1835 3124 Deo
1856 3068 2019 3135 Deus,
2049 3082 2115 3122 ex
2146 3068 2231 3123 lu-

2337 1868 2438 1922 lica
2471 1867 2734 1924 Ecclesia.
2764 1869 2903 1939 Opto
2933 1882 3029 1923 vos
3051 1869 3105 1924 irt
3140 1870 3369 1925 Domino
3404 1870 3545 1927 bene
3574 1870 3776 1926 valere.
3800 1871 3935 1949 ξρε-

2336 1960 2547 2031 phauns
2574 1961 2873 2033 Episcopus
2924 1960 3228 2032 Antiochia:
3273 1961 3572 2032 provincia
3606 1962 3784 2033 Syria
3834 1963 3935 2034 (al.

2336 2051 2618 2125 Sprecilae)
2663 2051 2842 2109 Cales
2880 2063 3012 2124 opto
3041 2069 3137 2110 vos
3181 2055 3237 2109 in
3267 2054 3496 2113 Domino
3541 2055 3681 2111 bene
3724 2055 3933 2113 velere.

2332 2144 2595 2219 Olimpins
2623 2146 2916 2219 episcopus
2945 2145 3201 2217 Doliceus
3229 2155 3361 2218 opto
3383 2160 3482 2203 vos
3508 2147 3561 2201 in
3591 2146 3820 2203 Domino
3837 2148 3934 2205 be-

2337 2253 2405 2292 ne
2463 2237 2663 2293 valere.
2708 2237 3001 2313 Gerontius
3026 2238 3717 2313 episcopushllampgapiae.
3746 2239 3938 2313 alieno-

2338 2328 2572 2398 phantus
2620 2330 2914 2416 episcopus
2955 2330 3024 2384 ab
3053 2329 3269 2399 Epheso
3291 2339 3421 2401 opto
3453 2344 3549 2386 vos
3597 2330 3653 2385 in
3702 2330 3936 2393 Domino

2336 2422 2476 2478 bene
2506 2409 2706 2479 valere.
2760 2409 2957 2478 Paulus
3005 2424 3298 2497 episcOpus
3324 2431 3453 2495 opto
3475 2438 3570 2479 vos
3615 2425 3667 2479 in
3700 2424 3934 2481 Domino

2338 2514 2478 2570 bene
2497 2514 2694 2570 valere.
2727 2512 2894 2588 665
2926 2514 3174 2591 Eulalins
3228 2514 3617 2593 episcopusjb
3636 2516 3941 2591 Amantius

2332 2617 2573 2679 optovos
2600 2609 2653 2663 in
2690 2607 2920 2665 Domino
2941 2609 3079 2664 bene
3116 2608 3680 2681 valere.bjacedonius
3720 2608 3936 2679 episeo-

2339 2716 2437 2770 pus
2454 2700 2524 2757 ab
2542 2699 2676 2757 Ama
2685 2703 2922 2777 rquetias
2935 2702 2990 2770 (a
3004 2700 3353 2774 Mopsvestia)
3364 2710 3496 2773 opto
3507 2716 3604 2757 vos
3624 2700 3677 2756 in
3701 2701 3936 2758 Domino

2336 2790 2478 2848 bene
2507 2793 2706 2849 valere.
2742 2792 3075 2865 Thelaphius
3101 2793 3395 2871 cpiscopus
3415 2792 3779 2875 aCalc_e__donia
3802 2804 3937 2866 Opto

2337 2897 2435 2940 vos
2467 2883 2520 2938 in
2549 2884 2776 2939 Domino
2799 2884 2937 2940 bene
2966 2885 3172 2940 valere.
3208 2870 3741 2967 scaciuseﬂptisenpus
3759 2901 3792 2967 a
3809 2884 3936 2941 Cte-

2337 2988 2491 3045 sarea
2510 2984 2638 3045 opto
2657 2990 2757 3030 vos
2776 2976 2834 3030 in
2873 2975 3101 3030 Domino
3113 2977 3254 3032 bene
3274 2975 3801 3055 valere.'l_‘beodorus
3812 2976 3936 3055 epi-

2337 3079 2534 3137 scopus
2554 3066 2659 3137 _ab_
2678 3067 2938 3135 Heraclea
2966 3076 3097 3138 opto
3116 3082 3212 3123 vos
3239 3068 3291 3123 in
3316 3068 3546 3124 Domino
3570 3068 3708 3125 bene
3729 3069 3934 3124 valere.

635 3177 698 3220 ce
727 3163 843 3230 lux,
873 3177 968 3232 per
983 3176 1142 3232 quem
1191 3161 1326 3215 facta
1374 3168 1502 3215 sunt
1525 3160 1707 3216 omnia
1729 3175 1849 3231 quae
1892 3159 1949 3214 iu
1996 3160 2150 3216 caelis
2178 3167 2235 3216 et
2260 3159 2306 3229 C
2342 3159 2665 3247 Quintianus
2694 3161 2982 3235 episcopus
3012 3161 3090 3235 (ε)
3114 3175 3143 3215 a
3167 3160 3316 3217 Tase
3337 3170 3469 3232 opto
3494 3175 3596 3217 vos
3623 3162 3678 3216 in
3708 3161 3938 3217 Domino

622 3272 756 3327 quae
778 3253 832 3309 in
862 3263 1027 3323 terra,
1054 3254 1280 3310 visibilis
1304 3253 1687 3318 etinvisibilia.
1718 3267 1903 3311 sermo
1918 3254 2095 3323 quisit
2114 3250 2232 3327 (qui

636 3364 721 3406 est
743 3349 1015 3422 verbum),
1046 3358 1102 3407 et
1138 3350 1427 3419 sapientia,
1457 3355 1514 3403 et
1540 3346 1733 3410 virtus,
1762 3355 1820 3400 et
1870 3345 2015 3413 vita,
2061 3356 2114 3401 et
2140 3345 2233 3403 lus

637 3458 787 3508 vera.
836 3444 926 3513 qui
976 3442 1031 3498 in
1063 3440 1371 3496 novissimis
1406 3440 1744 3509 temporibus
1766 3445 1987 3509 propter
2012 3451 2119 3492 nos
2147 3437 2231 3490 iu-

639 3539 821 3596 duerit
864 3536 1140 3592 hominem
1196 3536 1534 3608 (incarnatus
1582 3534 1716 3601 est),
1776 3542 1831 3588 et
1872 3541 2027 3587 natus
2066 3530 2137 3586 sit
2165 3530 2233 3587 de

638 3641 821 3688 sancta
865 3629 1088 3700 Virgine
1117 3628 1304 3691 Maria,
1331 3636 1387 3683 et
1426 3626 1736 3692 cruciﬁxus,
1769 3633 1826 3679 et
1868 3632 2134 3689 mortuus,
2179 3632 2234 3678 et

638 3724 889 3796 sepultus
910 3725 983 3781 sit
1019 3739 1031 3775 :
1082 3720 1238 3777 tertia
1263 3720 1350 3776 die
1377 3718 1671 3776 resurrexit
1703 3732 1734 3772 a
1781 3717 2032 3782 mortuis,
2064 3726 2119 3771 et
2148 3730 2236 3771 as-

638 3825 888 3889 sumptus
912 3818 966 3872 in
994 3815 1214 3880 calum,
1242 3813 1397 3870 sedet
1422 3814 1474 3867 in
1497 3813 1721 3871 dextera
1752 3811 1945 3874 Patris,
1975 3820 2235 3868 venturus

641 3909 695 3963 in
735 3908 842 3963 line
868 3905 1052 3962 mundi
1080 3904 1323 3976 judicare
1350 3905 1503 3961 vivos
1532 3913 1588 3960 et
1625 3914 1890 3971 mortuos,
1918 3910 1976 3958 et
2006 3902 2236 3959 reddere

644 3998 934 4068 unicuique
963 3997 1256 4054 secundum
1273 4011 1439 4067 opera
1467 4010 1602 4062 sua;
1630 3995 1789 4065 cuius
1808 4009 2033 4066 regnum
2060 3994 2237 4050 inces-

638 4095 811 4152 sabile
844 4103 1124 4164 permanet
1151 4092 1203 4148 iu
1248 4102 1447 4149 aeterna
1480 4092 1697 4149 saecula.
1727 4091 1826 4149 Est
1864 4090 2009 4151 enim
2039 4091 2236 4146 sedens

640 4188 695 4246 in
725 4189 949 4245 dextera
988 4185 1190 4255 Patris,
1219 4201 1328 4243 non
1357 4186 1530 4243 solum
1566 4185 1619 4241 in
1671 4186 1775 4244 isto
1812 4186 2034 4247 surculo,
2062 4185 2157 4240 sed
2183 4193 2238 4240 ct

642 4284 695 4339 in
722 4283 923 4337 futuro.
978 4281 1264 4339 Credimus
1308 4280 1360 4336 in
1395 4278 1655 4349 Spiritum
1685 4290 1958 4343 sanetum,
1982 4276 2088 4333 hoc
2131 4285 2234 4341 est,

641 4376 697 4432 in
742 4374 1094 4445 paracletum,
1119 4389 1280 4445 quem
1310 4372 1530 4428 mittens
1561 4368 1928 4444 (promittens)
1959 4369 2236 4440 Apostolis

644 4478 766 4540 post
808 4467 1235 4539 assumptionem
1281 4481 1430 4522 suam
1470 4464 1526 4521 in
1572 4464 1792 4530 coelum,
1842 4464 1989 4520 misit
2033 4463 2236 4529 docens

2346 3252 2487 3307 bene
2516 3254 2714 3309 valere.
2746 3254 2959 3310 Marcus
2978 3256 3266 3326 episcopus
3289 3255 3369 3323 ab,
3384 3252 3585 3325 Aretils
3603 3253 3936 3327 (Arethusa)

2334 3353 2465 3413 opto
2512 3360 2606 3400 vos
2632 3346 2685 3399 in
2715 3344 2943 3401 Domino
2958 3345 3094 3401 bene
3109 3345 3312 3401 valere.
3339 3346 3571 3425 Cyrotns
3591 3346 3881 3423 (ἔρριψε
3899 3359 3934 3401 a

2337 3436 2490 3493 Roeo
2510 3446 2639 3507 opto
2658 3451 2753 3492 vos
2772 3438 2824 3492 in
2842 3438 3070 3497 Domino
3096 3438 3233 3493 bene
3252 3439 3455 3493 valere.
3482 3438 3693 3513 Engeus
3721 3438 3936 3516 episco—

2337 3546 2445 3611 pus
2458 3530 2721 3611 abisicia‘
2753 3540 2881 3602 opto
2913 3547 3013 3586 vos
3052 3532 3107 3588 in
3157 3533 3386 3588 Domino
3426 3532 3565 3589 bene
3597 3533 3801 3588 valere.
3822 3535 3937 3606 An-

2340 3606 2833 3703 tonius—episcopus
2872 3639 2902 3679 ιι
2934 3623 3191 3703 zenmate
3208 3635 3338 3696 opto
3354 3639 3449 3680 vos
3477 3626 3530 3680 in
3550 3625 3776 3681 Domino
3795 3625 3937 3681 bene

2338 3700 2561 3772 valere.—
2601 3716 2868 3799 Antonius
2911 3700 3524 3795 episcOpusuaHDggimo
3566 3728 3695 3791 opto
3732 3735 3829 3775 vos
3878 3720 3936 3775 in

2342 3808 2571 3867 Domino
2599 3810 2736 3866 bene
2765 3810 2972 3867 valere.
3015 3812 3099 3885 (ά)
3118 3812 3262 3891 ρίριι
3293 3811 3937 3891 episcopuswm

2340 3910 2468 3981 opto
2509 3917 2605 3981 vos
2645 3906 2698 3958 in
2737 3904 2963 3960 Domino
3028 3903 3167 3961 bene
3204 3888 3421 3961 ‘valere.
3729 3888 3940 3976 episcoo

2342 4009 2443 4064 pus
2481 4012 2512 4050 a
2568 3996 2714 4069 Tyro
2761 4006 2891 4068 opto
2917 4012 3014 4053 vos
3060 3998 3114 4053 in
3154 3997 3553 4071 Dominobeue
3582 3997 3784 4054 valere.
3812 3996 3940 4067 ﬁu-

2339 4076 2535 4173 doxius
2596 4091 2882 4173 episcopus
2934 4107 2963 4144 a
3017 4090 3357 4173 Germanicis
3403 4102 3531 4163 opto
3577 4106 3678 4148 vos
3728 4094 3781 4148 in
3826 4093 3941 4147 Do.

2340 4168 2488 4239 mino
2531 4170 2703 4242 bene)
2723 4184 2924 4243 valere.
2949 4185 3236 4259 Dionysius
3263 4168 3550 4263 episcopus
3594 4187 3668 4256 ab
3692 4184 3941 4242 Alexan-

2340 4277 2454 4357 dria
2493 4276 2782 4349 provinciae
2820 4286 2948 4349 opto
3003 4294 3098 4333 vos
3148 4283 3204 4340 ἰ
3237 4278 3481 4343 Domino
3531 4277 3672 4335 bene
3727 4278 3937 4334 valere.

2338 4368 2682 4429 Macedonius
2706 4371 2995 4441 episcopus
3031 4387 3064 4429 ιι
3106 4370 3280 4428 Virito
3306 4381 3435 4441 opto
3472 4386 3567 4429 vos
3605 4370 3659 4426 in
3706 4372 3939 4427 Domino

2341 4463 2478 4518 boue
2506 4462 2707 4521 valere.
2736 4462 2809 4535 (ε)
2833 4462 3096 4539 Eusebius
3151 4464 3437 4535 episcopus
3484 4462 3774 4543 aVDor-la‘ui
3803 4470 3938 4533 opto

3582 3879 3809 3890 .4.“

638 4563 762 4622 illos
789 4572 841 4621 et
869 4564 1143 4623 instruens
1171 4560 1393 4632 (docere
1414 4558 1537 4615 illus
1565 4567 1620 4615 et
1642 4554 1934 4627 instruere)
1960 4555 2029 4615 de
2058 4558 2236 4614 omni-
2257 4547 2313 4613 D
2339 4569 2435 4611 vos
2465 4556 2518 4611 in
2573 4556 2804 4613 Domino
2851 4556 2991 4613 bene
3036 4556 3244 4615 valere.
3286 4540 3836 4633 Basiliu's’episcopus
3863 4557 3939 4613 ab

636 4726 960 4855 aniaggatos
1007 4737 1128 4781 esse
1170 4719 1340 4778 refert
1393 4716 1728 4777 Athanasius
1773 4714 1868 4775 lib.
1917 4714 1986 4773 de
2026 4716 2229 4791 Synod.

642 4816 695 4855 ι).
724 4808 751 4852 δ
836 4839 850 4852 .

639 4816 695 4872 p.
724 4808 850 4855 sua.

713 4893 792 4963 (a)
836 4892 891 4963 lu
920 4888 1249 4963 ms._Sirm.,
1282 4884 1445 4959 judeo
1496 4884 1716 4963 croniti._
1752 4881 2102 4963 Suspicamur
2145 4881 2231 4937 hic

638 4952 814 5020 notari
846 4961 1080 5017 Marcelli
1112 4952 1411 5014 doctrinam
1451 4971 1572 5010 cum
1618 4955 1818 5009 .ludaeis
1844 4952 2043 5021 lacere,
2077 4968 2231 5009 emn-

636 5052 743 5100 qne
765 5034 952 5090 Iudaeo
971 5047 1158 5087 errore
1185 5044 1308 5085 esse
1332 5028 1615 5100 imbutum.
1634 5025 1751 5079 Mox
1782 5024 2022 5100 proinde
2041 5037 2224 5089 artem,

637 5094 784 5163 idem
810 5104 1130 5162 Sirmnudus
1160 5103 1216 5156 in
1245 5117 1346 5156 ms.
1377 5099 1588 5169 lleruig.
1639 5094 1843 5169 reperit
1866 5094 2012 5150 luda
2038 5106 2227 5169 arteria:

638 5179 781 5233 unde
827 5176 1111 5245 legendum
1158 5183 1429 5245 putamus.
1485 5166 1672 5245 sectam
1697 5166 1887 5245 {uitreo
1912 5167 2224 5245 unit§_Mar-

636 5251 756 5304 calli
772 5238 925 5317 juxta
971 5238 1258 5302 Subelliunt
1281 5253 1328 5298 et
1350 5241 1586 5317 Paulum
1633 5240 2000 5317 ἱιιιιιιιιιιιιέιξιιιἴ
2026 5238 2228 5317 Verum

638 5310 797 5391 hujus
830 5320 929 5376 loci
958 5333 1151 5391 sensus
1186 5316 1359 5391 repeti
1388 5322 1566 5382 potest
1589 5327 1655 5367 ex
1688 5327 1835 5391 nutu.
1857 5310 1921 5391 β,
1952 5311 2038 5391 ubi
2066 5310 2225 5391 indu-

636 5380 777 5447 citiir
804 5390 1087 5446 Marcellus
1118 5380 1445 5443 assertiones
1476 5397 1603 5439 snas
1628 5399 1763 5436 nunc
1792 5380 2101 5450 [alsitatibus
2122 5380 2225 5436 Sa-

637 5462 798 5530 brllii,
826 5478 963 5515 nunc
986 5460 1196 5514 malitia:
1220 5457 1376 5511 Pauli
1404 5452 1805 5519 Snmosatensis,
1825 5452 2226 5530 nupcblasphe-

635 5521 822 5588 missi.
876 5543 1049 5601 aperte
1100 5531 1428 5602 permiscens,
1485 5540 1741 5602 uitamque
1781 5524 2133 5602 confusionem
2160 5521 2227 5577 de

635 5594 949 5675 supradictis
1006 5594 1237 5675 faciens:
1288 5600 1370 5654 vel
1420 5613 1489 5655 ex
1513 5594 1684 5675 _n_um.
1713 5594 1896 5675 4,_ubi
1926 5604 2226 5654 restaurans

638 5663 795 5729 Paul:
812 5663 1182 5730 Snmosittensis
1203 5681 1247 5726 et
1264 5678 1395 5724 artes
1421 5679 1471 5723 et
1490 5668 1636 5723 dolos
1661 5663 2008 5737 praedicatur.

715 5763 790 5833 (b)
830 5764 961 5828 Qua:
1012 5761 1220 5815 uncinis
1262 5759 1649 5829 comprehensa
1680 5764 1827 5825 sunt,
1878 5772 1985 5812 non
2011 5766 2225 5814 exstant

2340 4717 2405 4792 in
2427 4715 2661 4792 formula
2685 4715 2895 4792 sardic.
2925 4716 3198 4788 descripta
3222 4717 3317 4777 lib.
3341 4717 3410 4776 de
3430 4718 3636 4792 Synod.
3668 4733 3727 4777 n.
3756 4717 3850 4787 3t,
3876 4728 3940 4774 ut

2339 4790 2407 4843 ibi
2427 4788 2539 4859 jam
2570 4790 2804 4844 untavim
2814 4804 2897 4844 us.

2410 4857 2481 4929 (c)
2514 4857 2645 4929 Leg.
2676 4877 2710 4934 ᾳ
2732 4859 2874 4915 Gaza
2896 4860 2995 4934 :_is
3024 4862 3167 4919 enim
3205 4869 3289 4917 est
3336 4861 3429 4934 qui
3449 4862 3699 4933 Asclepz
3742 4861 3938 4934 sedem

2336 4941 2621 5001 usurparet
2642 4972 2657 4995 ,
2682 4932 2750 4987 de
2775 4944 2883 5003 quo
2910 4930 3289 5003 Fragmentum
3317 4930 3566 5004 superius
3593 4930 3739 4989 rium.
3768 4932 3824 4989 8.

2404 5023 2485 5098 (ά)
2526 5023 2623 5079 Hic
2643 5034 2755 5098 est,
2789 5034 3047 5098 quantum
3074 5029 3321 5097 augurari
3351 5027 3506 5095 licet,
3540 5025 3788 5084 Diaan
3814 5024 3938 5081 Cie—

2332 5096 2503 5170 sarem
2548 5099 2599 5149 in
2634 5096 2983 5170 Cappadocia
3033 5100 3350 5170 episcopus,
3377 5112 3542 5170 quem,
3571 5100 3935 5170 Sozomenns,

2335 5169 2428 5224 lib.
2451 5182 2510 5222 ιιι
2526 5208 2539 5225 .
2559 5183 2610 5222 c.
2630 5168 2685 5233 ὃ,
2709 5167 3047 5223 Antiocheno
3066 5167 3297 5224 concilio
3312 5167 3438 5224 anni
3484 5169 3584 5224 541
3624 5169 3939 5225 interfuisse

2336 5250 2623 5306 meruerat,
2636 5254 2905 5309 quemque
2918 5238 3145 5295 Basilius
3162 5242 3320 5309 epist.
3342 5255 3561 5305 Luxu.
3579 5242 3898 5297 testiﬁcatur
3916 5280 3935 5305 ,

2337 5325 2461 5365 cum
2493 5312 2544 5363 in
2575 5312 2980 5381 aegrotationem
3011 5326 3078 5366 ex
3106 5327 3210 5382 qua
3236 5322 3291 5367 et
3331 5323 3577 5368 mortuus
3599 5321 3685 5368 est
3707 5312 3938 5367 decum-

2332 5382 2484 5436 berct
2507 5391 2906 5453 ,7coutestatum
2949 5381 3207 5453 esse,se
3235 5382 3465 5453 simplici
3494 5385 3659 5439 corde
3699 5388 3751 5436 in
3790 5381 3934 5436 scri-

2334 5463 2479 5525 ptum
2502 5452 3115 5525 Coustantinopolitante
3142 5452 3265 5510 ﬁdei
3290 5459 3413 5525 (an.
3431 5456 3560 5519 300)
3584 5453 3936 5525 consensisse

2330 5524 2580 5593 quidem;
2603 5523 2697 5579 sed
2729 5522 2877 5579 nulla
2898 5525 2952 5580 in
2984 5540 3043 5580 re
3073 5524 3278 5581 irritam
3301 5522 3547 5582 voluisse
3573 5541 3695 5581 eam
3727 5522 3886 5579 tidem
3911 5563 3928 5588 ,

2332 5610 2452 5666 qtun
2479 5593 2673 5650 Nicaeae
2696 5597 2939 5666 exposita
2968 5596 3162 5653 fuerat.

2406 5685 2476 5759 (ι’)
2519 5685 2774 5762 Μέξηὰοξθ
2814 5686 3017 5762 editum
3047 5699 3163 5762 erat
3205 5688 3495 5762 Eufenius,
3535 5706 3656 5745 cum
3687 5689 3760 5762 iu_
3788 5702 3927 5742 mss.

2332 5757 2510 5817 exstet
2545 5757 2815 5814 Eusevius.
2857 5759 2954 5816 llic
2990 5757 3437 5833 episcopus'ejus
3479 5761 3629 5818 urbis
3678 5760 3885 5815 videtur
3910 5797 3927 5822 ,

3976 4105 4021 4133 /
