4224 6262
586 317 692 374 ὓ79

1776 305 2020 364 SANCTI
2063 304 2316 363 HILARII
2371 305 2678 366 EPISCOPI

3783 311 3892 370 680

586 431 682 495 tit,
720 429 999 484 Athanasio
1045 434 1213 497 negat.
1246 451 1318 465 —-
1345 423 1580 479 Studens
1625 421 1740 491 paci
1785 430 1840 476 et
1877 419 2186 476 concordia:
2214 435 2264 493 Α
2293 429 2436 476 teras
2466 422 2625 476 etiam
2653 421 2717 477 ad
2749 423 2999 479 eumdem
3030 439 3127 494 per
3155 426 3495 497 supradictas
3536 429 3886 497 presbyteros

589 521 954 576 ECCIC>iaI'lllll
982 561 994 584 ,
1023 529 1204 588 postea
1232 532 1389 586 quam
1433 515 1635 569 litteras
1683 514 1972 569 Charitatis
2016 514 2183 586 669

593 613 799 668 Vestra:
824 613 891 666 de
923 613 1139 666 nomine
1180 610 1456 664 Athanasii
1489 618 1542 662 ct
1566 617 1888 662 etetcrorum
1922 606 2088 660 factas
2116 604 2180 660 ad

587 719 783 758 nomen
811 703 939 758 Julii
964 703 1118 756 bona:
1148 700 1425 757 memoria:
1447 699 1684 769 episcopi
1713 699 1930 767 accepi;
1962 705 2178 753 secutus

587 795 930 851 traditionem
961 794 1258 864 majorum,
1289 793 1636 864 presbyteros
1665 793 1813 846 urbis
1844 789 2030 846 Roma:
2075 789 2180 843 Lu—

587 889 763 954 cium,
794 888 1016 942 Paulum
1045 894 1101 942 et
1127 885 1406 942 Helianum
1440 902 1470 941 e
1497 886 1665 940 latere
1692 900 1816 939 meo
1854 883 1920 937 ad
1952 883 2183 937 Alexan-

585 981 759 1036 driam
788 979 856 1034 ad
885 980 1248 1050 supradictum
1289 979 1638 1034 Athanasium
1683 977 1888 1038 direxi,
1916 985 1973 1028 ut
1998 975 2065 1030 ad
2095 991 2183 1028 ur-

585 1074 710 1130 bem
740 1073 965 1128 Romam
996 1073 1241 1128 veniret:
1273 1083 1331 1127 ut
1375 1074 1430 1127 in
1461 1071 1715 1142 praesenti
1763 1071 1814 1125 id
1837 1111 1851 1136 ,
1883 1069 2026 1141 quod
2077 1070 2180 1124 Ec‘

587 1171 768 1226 clesia:
797 1170 1076 1240 disciplina
1098 1169 1175 1240 (a)
1201 1171 1433 1237 exstitit,
1463 1175 1516 1224 in
1545 1185 1668 1226 eum
1692 1177 2038 1224 statueretur.
2063 1167 2181 1222 Lit-

591 1313 785 1369 terina.
827 1312 1005 1368 Primo
1053 1311 1195 1368 enim
1245 1312 1564 1366 Athanasius
1611 1311 1759 1364 nullo
1805 1324 2055 1380 umquam
2096 1309 2178 1363 vel

592 1383 698 1441 levi
728 1386 891 1439 verbo
921 1383 1150 1448 indicat,
1179 1382 1450 1437 Liberium
1479 1393 1602 1436 ante
1633 1382 1880 1436 exsilium
1916 1396 1947 1434 a
1976 1396 2069 1435 sua
2101 1381 2182 1447 ip-

590 1461 703 1512 sius
746 1458 1128 1510 communione
1168 1456 1476 1508 recessisse.
1537 1455 1650 1507 lmo
1699 1453 1750 1506 in
1798 1454 1902 1507 line
1957 1451 2184 1520 Apulos.

591 1529 658 1582 ad
687 1527 872 1581 Const.
906 1542 1022 1596 pag.
1055 1526 1157 1580 807
1179 1567 1193 1590 ,
1237 1524 1339 1579 hoc
1368 1524 1528 1580 aliert
1553 1525 1705 1596 velut
1743 1524 2060 1591 praeclarum
2108 1525 2190 1576 iit-

595 1601 859 1653 nocentia!
899 1595 1010 1652 sua:
1052 1598 1416 1651 testimonium
1441 1637 1454 1660 ,
1503 1596 1645 1665 quod
1698 1595 1790 1649 ille
1834 1596 2010 1647 omnia
2045 1596 2184 1665 pati,

591 1685 749 1740 quam
780 1671 947 1740 ipsius
977 1683 1205 1740 causam
1233 1667 1457 1736 prodere
1501 1664 1769 1740 titaluerit.
1807 1665 2004 1740 Deinde
2045 1664 2185 1740 idem

2289 515 2442 584 dedi,
2469 517 2661 586 quibus
2687 519 3079 586 continebatur,
3110 522 3250 592 quod
3279 524 3322 576 si
3348 537 3452 578 non
3473 523 3708 586 veniret,
3731 523 3893 578 sciret

2291 625 2349 665 se
2375 610 2609 666 alienum
2637 627 2758 668 esse
2789 613 2856 667 ab
2881 613 3141 670 Ecclesia:
3195 616 3457 672 Romanae
3487 619 3888 673 communione.

2295 702 2513 757 lteversi
2556 705 2718 774 igitur
2763 707 3058 778 presbyteri
3113 710 3495 766 nuntiaverunt
3538 727 3660 767 eum
3707 711 3892 766 venire

2288 793 2544 849 noluisse.
2578 796 2804 850 Secutus
2825 796 3058 869 denique
3086 799 3291 856 litteras
3319 800 3614 858 Charitatis
3643 801 3848 858 Vestra:
3868 844 3885 868 ,

2287 900 2422 954 quas
2448 885 2522 956 (b)
2553 887 2620 941 de
2652 889 2870 945 nomine
2897 892 3187 959 supradicti
3238 893 3521 950 Athanasii
3554 895 3618 950 ad
3661 911 3761 949 nos
3791 895 3890 950 de-

2291 978 2478 1043 distis,
2513 979 2694 1034 sciatis
2737 981 2816 1035 his
2846 981 3037 1038 litteris
3057 1026 3069 1048 ,
3100 1002 3230 1053 quas
3255 988 3320 1041 ad
3351 988 3759 1043 unanimitatem
3793 1005 3893 1044 no-

2291 1081 2456 1126 stram
2490 1070 2565 1143 (c)
2591 1073 2747 1137 dedi,
2781 1090 2867 1129 me
2894 1091 3014 1130 cum
3056 1078 3306 1134 omnibus
3333 1080 3485 1136 vobis
3513 1091 3569 1137 et
3615 1097 3736 1138 cum
3769 1082 3891 1135 uni-

2292 1167 2462 1221 versis
2489 1166 2758 1236 episcopis
2790 1167 3048 1225 Ecclesia:
3075 1171 3354 1228 catholica:
3401 1190 3584 1245 pacem
3638 1174 3838 1230 habere
3873 1189 3890 1232 :

2289 1316 2658 1384 tractaretur;
2688 1313 2855 1364 'recte
2905 1312 3293 1384 consequitur,
3347 1314 3621 1370 Liberium
3666 1315 3775 1384 jam
3821 1319 3891 1375 ab

2289 1393 2433 1458 anno
2458 1378 2592 1443 552,
2626 1378 2727 1433 hoc
2758 1390 2868 1458 est.
2904 1378 3244 1458 pontiﬁcatus
3271 1385 3350 1458 sui
3383 1387 3564 1451 initio,
3597 1378 3888 1444 concilium

2291 1452 2635 1523 petii_sse.get
2667 1452 2889 1519 petitum
2938 1453 3247 1521 Imperatori
3281 1457 3578 1523 placuisse;
3609 1459 3692 1511 vix
3742 1461 3889 1516 enim

2295 1521 2428 1576 illud
2460 1521 2656 1599 dudum
2682 1523 2853 1599 artius
2882 1533 3089 1592 potest,
3110 1521 3375 1599 quam—ad
3403 1544 3600 1582 annum
3649 1534 3894 1599 superio-

2293 1607 2406 1646 rem
2444 1594 2719 1668 rcstringi.
2766 1595 2844 1647 hx
2884 1610 2993 1668 quo
3035 1596 3237 1668 nullum
3281 1597 3600 1667 relinquitur
3640 1594 3850 1666 tempus
3876 1646 3892 1668 ,

2297 1680 2404 1732 quo
2437 1663 2763 1742 Athanasius
2810 1683 2835 1715 a
2883 1663 3381 1742 Liberioucilatus,
3433 1663 3489 1725 et
3534 1671 3603 1724 ab
3648 1663 3893 1742 ejusdem

592 1731 918 1815 Athanasius
946 1741 1034 1792 ubi
1076 1740 1146 1815 ad
1184 1731 1357 1815 sonu
1397 1752 1517 1815 pag.
1562 1738 1664 1815 857
1707 1736 1963 1815 praemisit
1993 1753 2005 1787 :
2040 1734 2190 1815 Libe-
2222 1731 2269 1791 B
2295 1731 2689 1815 Communione
2718 1748 2999 1815 separatus
3026 1737 3314 1815 judicetur.

593 1813 700 1866 rius
723 1823 836 1880 post
872 1821 1104 1865 exactum
1130 1811 1182 1864 in
1212 1810 1390 1863 exsilio
1421 1807 1679 1861 biennium
1709 1809 1928 1877 inﬂexus
1955 1816 2026 1861 est
2045 1847 2062 1872 ,
2092 1807 2190 1860 mi-

595 1879 774 1954 nisque
805 1884 982 1954 mortis
1015 1884 1080 1934 ad
1115 1881 1539 1954 subscriptionem
1583 1881 1824 1954 inductus
1863 1889 1980 1954 est;
2009 1879 2187 1932 statim

593 1949 814 2022 adjicit:
857 1952 1045 2008 Verum
1084 1952 1215 2006 illud
1257 1949 1425 2020 ipsum
1461 1959 1509 2004 et
1553 1966 1728 2004 eorum
1773 1949 2099 2022 violentiam,
2142 1958 2190 2022 et

598 2019 788 2080 Liberii
814 2026 867 2078 in
893 2025 1128 2079 limesint
1153 2019 1323 2076 odium
1343 2065 1355 2082 .
1390 2031 1435 2076 et
1473 2037 1616 2075 suum
1644 2037 1738 2092 pro
1778 2019 2054 2074 Athanasio
2079 2021 2190 2086 suf-

595 2097 850 2167 fragium,
879 2113 993 2150 cum
1035 2094 1218 2148 liberos
1254 2092 1467 2159 affectus
1495 2091 1708 2167 habebat
1727 2134 1740 2156 ,
1781 2093 1907 2167 satis
1934 2091 2184 2167 coarguit.

595 2161 836 2223 Alcerte
865 2167 994 2220 nihil
1022 2167 1146 2220 inde
1172 2180 1390 2219 causam
1416 2181 1566 2218 suam
1591 2164 1802 2234 juvaret
1821 2205 1834 2227 ,
1868 2165 1911 2216 si
1942 2161 2188 2216 Liberius

599 2239 755 2293 initio
806 2239 1180 2306 pontilicatus,
1233 2238 1445 2290 nemine
1490 2247 1748 2306 cogente,
1795 2235 2040 2306 ipsunra
2093 2248 2186 2306 sua

596 2303 976 2364 communione
1003 2307 1305 2377 repulisset.
1329 2305 1432 2360 Sed
1456 2314 1510 2360 et
1537 2305 1779 2359 Liberius
1807 2306 1920 2377 ipse
1943 2303 2010 2359 ab
2030 2303 2192 2377 Allia-

599 2382 751 2436 nasio
769 2375 1077 2435 damnando
1103 2394 1162 2432 se
1193 2393 1408 2444 semper
1434 2377 1784 2430 abhorruisse
1815 2376 1986 2444 palam
2010 2375 2187 2429 decla-

598 2463 718 2516 rat,
747 2468 867 2505 cum
902 2450 1136 2505 Eusebio
1163 2448 1413 2504 eunucho
1438 2450 1604 2518 ipsius
1626 2460 1810 2502 contra
1837 2446 2186 2518 Athanasium

598 2522 1052 2592 subscriptionem
1093 2521 1402 2592 esposcenti
1445 2517 1587 2588 apud
1629 2518 1888 2573 Athanas.
1922 2517 1987 2570 ad
2033 2517 2186 2592 Solit.

598 2610 652 2662 p.
709 2588 828 2649 855'
849 2593 1056 2647 fortiter
1098 2588 1388 2658 respondet
1409 2631 1423 2652 ,
1456 2606 1576 2644 eum
1608 2607 1752 2662 quem
1797 2606 1896 2662 non
1934 2604 2037 2641 una
2060 2630 2073 2654 ,
2102 2588 2190 2642 sed

587 2660 705 2738 jam
729 2668 898 2719 altera
915 2665 1142 2738 synodus
1167 2663 1322 2738 probe
1345 2661 1406 2738 ab
1431 2663 1569 2738 omni
1595 2661 1804 2714 crimine
1824 2660 2039 2738 liberum
2070 2675 2191 2738 pro-

596 2730 877 2803 nuntiavit,
905 2730 960 2790 εἱ
986 2733 1220 2789 Romana
1246 2731 1479 2788 Ecclesia
1518 2749 1632 2786 cum
1663 2749 1786 2800 pace
1814 2731 2042 2794 dimisit,
2081 2730 2187 2803 mi-

598 2811 744 2862 nime
773 2824 832 2862 se
864 2801 1034 2877 posse
1073 2806 1359 2868 damnare;
1392 2804 1884 2877 nequeabseutetn
1915 2801 2185 2877 aversari,

596 2896 779 2948 quem,
820 2872 987 2948 inquit
1015 2877 1171 2941 ibid.,
1199 2872 1498 2948 prtesentem
1520 2875 1792 2948 dileximus
1830 2882 1877 2927 et
1918 2872 2190 2948 [tabuimus

596 2945 650 3003 in
689 2959 862 3003 nostra
890 2945 1262 3002 communione.
1302 2947 1528 3000 Demum
1557 2961 1679 2999 cum
1715 2946 1828 2999 btec
1877 2960 1982 2998 non
2013 2945 2187 2997 solum

598 3020 788 3075 Retine
815 3022 1062 3074 eunucho
1089 3019 1348 3079 Eusebio.
1379 3017 1476 3071 sed
1508 3026 1562 3071 et
1607 3015 1890 3070 Mediolani
1917 3014 2183 3069 Constan-

601 3091 701 3157 tio,
739 3092 1089 3160 przesentihus
1132 3089 1380 3159 Epicteto
1419 3098 1470 3142 et
1502 3088 1765 3152 Eusebio,
1798 3100 2054 3160 respousa
2095 3085 2190 3160 _dc-

601 3155 807 3226 disse't;
841 3162 1039 3218 nemini
1086 3155 1338 3230 umquam
1368 3161 1516 3213 venit
1545 3175 1596 3212 in
1640 3169 1911 3230 mentem,
1942 3155 2187 3230 utAtha-

600 3236 805 3289 nasium
825 3233 936 3302 jam
965 3233 1128 3287 semel
1153 3227 1219 3286 ab
1249 3234 1364 3300 ipso
1382 3230 1691 3302 damnatum
1723 3229 1887 3302 fuisse
1904 3227 2180 3302 objiceret.

672 3305 753 3362 Ad
781 3298 896 3359 haec
919 3303 1245 3373 respondent
1270 3298 1517 3355 nonnulli
1536 3342 1553 3368 ,
1599 3300 1948 3354 Athanasium
1973 3298 2188 3373 modes-

599 3377 686 3432 tiae
715 3385 770 3431 et
793 3372 1040 3429 amicitia:
1067 3388 1230 3428 causa
1257 3373 1468 3426 Liberio
1493 3373 1601 3441 jam
1629 3381 1878 3426 correcto
1915 3377 1972 3424 et
2012 3372 2062 3424 in
2091 3386 2187 3425 sua

599 3447 984 3514 communione
1029 3445 1390 3514 perseveranti
1426 3444 1759 3512 pepercisse;
1792 3458 1853 3497 ac
1895 3441 2189 3514 prudenter

600 3521 881 3576 reticuisse
902 3560 917 3584 ,
947 3513 1091 3588 quad
1140 3517 1226 3570 ille
1267 3515 1471 3588 judicio
1500 3515 1757 3588 praecipiti
1802 3513 2145 3588 commiserat
2173 3530 2186 3566 :

599 3591 870 3647 Liberium
913 3585 1075 3653 vero,
1121 3601 1242 3642 cum
1283 3587 1635 3640 Orientalium
1679 3585 1870 3638 litteris
1917 3593 2191 3652 permotus

599 3672 780 3727 esset,
811 3661 947 3715 hanc
985 3659 1267 3729 epistolam
1310 3655 1591 3729 scripsisse
1621 3655 1869 3726 quidem,
1904 3655 1999 3708 sed
2030 3655 2098 3708 ab
2126 3670 2189 3709 ea

601 3736 652 3790 in
679 3737 850 3790 lucem
872 3727 1076 3787 edenda
1101 3729 1289 3784 litteris
1309 3727 1682 3800 [Egyptiormn
1707 3737 2186 3800 revocatumesse,

601 3807 774 3861 donec
819 3803 992 3860 exsilii
1036 3802 1352 3872 impatiens,
1390 3797 1494 3869 quo
1535 3798 1886 3872 Orientalium
1926 3797 2026 3872 sibi
2073 3814 2192 3866 gra-

602 3877 727 3932 tiam
755 3869 1249 3939 couciliaret,_eatn
1278 3872 1652 3940 divulgandam
1683 3869 2025 3940 existimarit.

674 3948 780 4003 Sed
807 3945 950 4016 quod
977 3944 1057 4016 illi
1085 3941 1246 4016 meris
1271 3939 1600 4016 conjecturis
1629 3939 2094 4016 nixi_de_l'endu_t_tt,_
2127 3955 2191 3994 ex

604 4019 735 4088 ipsis
764 4009 960 4071 Liberii
999 4015 1063 4069 ad
1095 4009 1398 4088 Orientales
1442 4014 1632 4088 litteris
1672 4010 1952 4088 refellitur.
1986 4009 2192 4065 Nedum

601 4083 746 4146 enim
773 4094 1002 4142 testetur
1031 4101 1091 4141 se
1111 4086 1220 4153 jam
1254 4085 1458 4156 pridem
1485 4083 1839 4156 Athanasium
1857 4083 2190 4156 damnasse;

605 4163 730 4216 hinc
773 4157 950 4230 potius
996 4167 1218 4230 excusat
1255 4153 1620 4230 damnationis
1657 4155 1796 4208 illius
1839 4153 2190 4230 dilationem:

601 4234 750 4304 quia,
775 4225 1210 4304 inquitnFragtti.
1240 4245 1290 4282 VI
1309 4269 1324 4294 ,
1354 4227 1475 4304 n55
1499 4267 1514 4292 ,
1553 4236 1838 4295 susceperat
1878 4225 2025 4304 illum
2053 4225 2196 4304 bona:

603 4299 859 4359 memoria:
880 4299 1053 4354 Julius
1093 4302 1361 4370 episctipus
1392 4300 1624 4370 decessor
1655 4315 1795 4351 meus
1817 4338 1830 4358 ,
1861 4313 1934 4370 ne
1963 4301 2095 4366 forte
2134 4303 2197 4370 ab

603 4377 774 4446 aliqua
807 4372 1168 4446 praevaricator
1185 4368 1474 4446 judicarer.
1503 4369 1567 4422 At
1592 4369 1688 4446 ubi
1726 4368 1967 4439 cognovi,
1994 4369 2197 4433 quando

608 4439 712 4499 [leo
741 4439 962 4515 placuit,
988 4444 1130 4513 juste
1157 4439 1243 4496 vos
1285 4439 1437 4515 illaut
1467 4441 1866 4515 condemnasse,
1885 4454 2026 4515 _inoa:
2064 4455 2188 4515 con-

2369 1805 2501 1872 Qute
2525 1821 2648 1859 cum
2680 1807 2750 1860 ita
2783 1807 2910 1869 sint,
2939 1807 3077 1861 hanc
3108 1811 3390 1878 epistolam
3422 1811 3492 1866 ab
3523 1813 3737 1868 Arianis
3762 1831 3872 1871 con

2294 1875 2470 1954 lictam
2516 1892 2757 1954 esse__eo
2803 1875 3169 1954 consentimus
3219 1880 3506 1948 libentius,
3554 1899 3661 1954 quo
3713 1887 3896 1954 plures

2294 1947 2855 2024 hujusmodiqlitteras
2899 1961 3008 2004 tum
3058 1951 3336 2006 Athanasii
3393 1947 3500 2008 tum
3551 1947 3895 2024 imperatoris

2293 2019 2534 2081 nomine,
2581 2021 2724 2072 circa
2764 2019 2903 2074 idem
2951 2033 3182 2089 tempus,
3222 2024 3289 2077 ab
3327 2025 3514 2080 iisdem
3551 2019 3724 2082 editas
3767 2045 3893 2085 esse

2291 2091 3164 2166 demonstranAthanasiusipse,
3209 2093 3436 2166 Apolog.
3486 2096 3551 2150 ad
3601 2098 3890 2155 Constant.

2295 2179 2346 2230 p.
2529 2170 2584 2215 et
2627 2162 2754 2241 {586.
2816 2161 2966 2241 Quod
3020 2167 3181 2218 etiam
3237 2161 3522 2241 conﬁrmat
3567 2168 3896 2241 Sardicense

2292 2235 2603 2292 concilium,
2647 2235 2697 2285 in
2741 2250 2846 2301 quo
2890 2235 3032 2288 lecta:
3075 2248 3191 2288 sunt
3244 2237 3428 2292 littera:
3471 2242 3623 2301 [artic
3660 2257 3691 2293 a
3719 2240 3896 2296 Theo-

2291 2303 2431 2379 gnito
2459 2303 2914 2379 _falsa:_adrersus
2955 2308 3291 2360 Athanasium
3337 2319 3386 2362 et
3432 2303 3776 2379 Marcellum,
3833 2325 3898 2369 ut

2292 2373 2596 2428 audivimus
2628 2373 2841 2444 Fragm.
2879 2391 2936 2440 ιι,
2970 2393 3022 2431 ιι,
3047 2379 3099 2432 5,
3220 2413 3229 2422 .

2370 2445 2639 2522 Exoritur_
2665 2445 2754 2522 hic
2781 2448 2947 2522 altera
2981 2450 3236 2522 quaestio,
3267 2451 3419 2521 cujus
3449 2453 3706 2508 nimirum
3744 2457 3888 2522 sint,

2292 2533 2413 2598 quae
2449 2518 2692 2598 epistolze
2742 2517 2866 2598 huic
2907 2520 3220 2598 appendicis
3274 2517 3347 2576 in'
3383 2526 3600 2598 modum
3650 2517 3895 2593 subjecta

2295 2597 2441 2662 sunt.
2473 2589 2571 2662 Qui
2603 2589 2908 2656 epistolam,
2944 2591 2976 2644 ii
3009 2607 3221 2661 quitque
3253 2595 3606 2662 appendicem
3641 2597 3710 2652 ab
3733 2589 3895 2652 Aria-

2293 2659 2377 2738 nis
2415 2659 2864 2738 conlictannesse
2907 2659 3435 2738 putant;:indignum
3477 2666 3620 2721 enim
3667 2669 3894 2734 Hilario,

2292 2732 2523 2812 digitum
2540 2728 2758 2810 Arianis
2780 2728 2922 2797 esse,
2951 2739 3008 2785 ut
3030 2728 3456 2812 laudetur'opus,
3479 2738 3621 2805 quod
3650 2728 3892 2795 omnium

2292 2803 2716 2870 indignationem
2778 2817 3066 2857 mereatur.
3122 2806 3253 2872 Quis
3311 2803 3503 2862 tamen
3549 2811 3600 2862 in
3660 2827 3724 2864 eo
3785 2829 3895 2866 non

2294 2881 2554 2941 agnoscat
2584 2888 2769 2926 vocem
2798 2874 3052 2928 catholici
3083 2879 3350 2941 praesulis,
3384 2880 3561 2933 irrit0s
3591 2886 3896 2938 enarrantis

2293 2945 2614 3024 Arianorum
2646 2956 2914 3024 conatus,_
2934 2959 2996 2998 ac
3027 2947 3302 3024 probantis
3341 2950 3663 3006 Sardicense
3694 2951 3897 3008 Cuiati-

2296 3015 2612 3154 lfititti,tquo
2665 3015 2979 3070 Athanasius
3022 3016 3287 3073 absolutus
3339 3032 3385 3074 et
3429 3022 3609 3076 Ariani
3665 3025 3898 3079 damnati

2320 3102 2476 3140 ueran
2516 3126 2527 3138 .

2320 3094 2500 3140 nerant
2516 3090 2527 3138 ἑ

2323 3156 2688 3238 "God‘el‘r‘idus
2733 3157 3038 3238 lle_rttt:tnt.,
3065 3170 3175 3238 not_.
3224 3162 3260 3216 5
3304 3162 3356 3216 in
3409 3180 3538 3238 cap.
3579 3162 3650 3218 25
3675 3165 3796 3220 libri
3842 3183 3896 3221 γι

2297 3227 2513 3310 Vith.
2542 3227 2844 3310 Athanasii,
2875 3236 3124 3310 Opinatur
3152 3233 3292 3310 hanc
3312 3227 3665 3304 appendicem
3691 3254 3795 3310 non
3827 3240 3896 3293 ad

2291 3301 2588 3378 proximam
2643 3301 2927 3378 epistolam
2987 3301 3610 3378 Liberi0_i'tscl;iplilltl,
3666 3309 3761 3363 sed
3820 3310 3889 3363 ad

2293 3371 2499 3450 litteras
2548 3371 2889 3450 Sardicensis
2930 3376 3122 3450 syn_odi
3173 3375 3239 3429 ad
3283 3371 3658 3450 Constantium
3687 3421 3702 3444 ,
3757 3396 3896 3450 quas

2294 3441 2532 3520 Hilarius
2573 3442 2883 3497 ad'calcem
2933 3441 2975 3520 ti
3011 3445 3316 3520 Fragmenti
3364 3441 3698 3516 exhibebat,
3727 3441 3896 3520 perti-

2294 3529 2444 3566 nere.
2475 3510 2534 3594 Si
2587 3524 2764 3594 tamen
2812 3519 3031 3594 propius
3075 3510 3478 3594 perpendamur
3521 3510 3675 3594 illius
3699 3510 3891 3585 verba,

2293 3599 2354 3669 ea
2389 3586 2558 3669 magis
2588 3585 2644 3665 in
2692 3589 3016 3669 proximam,
3049 3585 3223 3669 quatit
3251 3589 3303 3645 in
3335 3591 3895 3669 depcrditam_synodi

2293 3655 2632 3736 Sardicensis
2668 3659 2953 3736 epistolam
2983 3655 3290 3736 convenire
3329 3655 3627 3736 apparebit.
3659 3655 3746 3718 Ε(
3765 3680 3896 3719 vero

2296 3726 2420 3780 licet
2467 3737 2635 3781 totum
2679 3726 2780 3800 hoc
2829 3728 3018 3786 Hilarii
3062 3748 3198 3800 opus
3235 3726 3457 3789 omnino
3503 3735 3788 3789 confusura
3823 3739 3896 3790 sit

2295 3809 2454 3879 atque
2498 3799 2893 3879 perturbatum,
2935 3799 3302 3879 nullagtameu
3349 3807 3584 3879 occltrrit
3623 3809 3896 3875 appendix

2298 3870 2604 3950 hujusmodi
2634 3886 2660 3922 ει
2688 3873 2910 3950 proprio
2935 3873 3052 3928 loco
3077 3873 3283 3930 divulsa
3314 3887 3475 3950 atque
3502 3870 3781 3932 distracta.

2351 3944 2850 4022 ‘Oupcircanneque
2899 3943 3038 4022 hanc
3076 3961 3106 3998 e
3159 3963 3256 4001 suo
3305 3943 3407 4022 situ
3447 3960 3666 4012 motam,
3721 3965 3898 4018 neque

2297 4009 2501 4088 Hilario
2550 4009 2832 4088 indignam
2869 4019 3224 4088 arbitramur,
3279 4018 3373 4071 sed
3417 4033 3552 4088 quas
3600 4009 3898 4088 superioris

2297 4084 2537 4164 epistol-.c
2572 4083 2757 4164 laudes
2783 4084 3023 4164 plerique
3043 4083 3246 4164 putant,
3269 4083 3473 4164 meram
3496 4104 3615 4144 esse
3636 4083 3891 4145 Ironiam.

2297 4154 2844 4234 suspicamuretiam
2885 4154 3198 4234 Putatiiiuttr
3224 4171 3278 4214 et
3308 4160 3608 4231 Epictetum
3645 4163 3895 4230 epiStola:

2298 4224 2539 4302 ejusdem
2565 4225 2892 4302 architectos
2921 4230 3006 4284 hic
3031 4224 3429 4300 signiﬁcarifac
3457 4247 3557 4302 pro
3580 4224 3762 4286 audire
3784 4240 3896 4287 [nec

2300 4294 2595 4376 noluerunt,
2621 4297 2905 4376 legendum
2933 4316 3055 4376 esse
3075 4294 3262 4357 audere
3283 4294 3392 4356 [nec
3417 4294 3693 4376 potuerunt
3717 4320 3736 4358 :
3758 4308 3896 4359 adeo

2301 4375 2360 4449 ut
2395 4369 2468 4449 ab
2496 4368 2604 4449 “bis
2629 4370 2904 4449 ‘sednctus
2949 4371 3365 4449 Fortunatianns
3405 4368 3518 4449 (qui
3565 4376 3896 4449 Hieronymo

2303 4446 2461 4501 teste,
2495 4439 2588 4492 lib.
2609 4439 2676 4494 de
2698 4443 2893 4510 Script.
2919 4445 3049 4498 eccl.
3077 4458 3128 4498 e.
3156 4445 3223 4498 97
3257 4463 3268 4498 :
3294 4449 3359 4499 In
3382 4439 3478 4499 hoc
3497 4445 3708 4500 habetur
3731 4439 3899 4499 detes-

604 4497 811 4571 sensurm
838 4497 1162 4588 conuiiodavi
1208 4512 1465 4588 sententiis
1507 4514 1716 4588 uestris,
1739 4497 1864 4588 etc.’
1885 4509 2035 4564 Tunc
2077 4511 2186 4578 pri-
2222 4497 2271 4556 D
2297 4497 2494 4588 labilis,
2532 4511 2668 4588 quod
2711 4497 2965 4567 Liberium
2996 4497 3265 4569 divinante
3457 4497 3897 4588 epis-copitmipr—o

606 4604 752 4644 mum
808 4586 965 4656 igitur
1009 4584 1372 4640 Orientalibus
1416 4583 1777 4656 commodavit
1824 4595 2145 4656 coiisensum
2173 4622 2186 4646 ,

604 4674 728 4715 cum
752 4652 929 4715 exsilii
957 4656 1114 4711 tit-dio
1141 4657 1310 4710 victus
1337 4669 1366 4706 a
1401 4655 1618 4722 pristina
1647 4669 1742 4708 sua
1772 4652 2071 4708 constantia
2099 4668 2192 4706 ex-

606 4731 755 4786 cidit.
785 4732 918 4785 Eum
940 4737 1119 4782 autem
1151 4741 1436 4795 numquam
1465 4739 1624 4795 antea
1655 4723 2004 4778 Athanasium
2035 4722 2189 4795 dam-

607 4817 798 4863 nasse,
829 4809 1073 4870 apertum
1103 4811 1183 4870 est
1209 4812 1276 4870 ex
1298 4793 1549 4866 proximo
1587 4793 1911 4870 Fragmento
1937 4809 2083 4870 v,n.
2115 4793 2149 4847 2
2173 4837 2187 4861 ,

607 4875 695 4928 ubi
741 4867 961 4927 disertis
1009 4869 1188 4924 verbis
1225 4869 1501 4931 declarat,
1551 4882 1610 4920 se
1660 4867 1809 4919 Initio
1853 4867 2192 4934 pontiticatus

607 4944 961 4999 Orientalium
1001 4941 1216 5011 quidem
1264 4937 1470 4992 litteras
1499 4951 1682 5011 contra
1714 4935 2067 4992 Athanasium
2104 4953 2190 4990 ac-

605 5018 814 5085 cepisse
833 5054 847 5077 ,
881 5014 973 5068 sed
1003 5007 1078 5085 ei.
1111 5010 1266 5085 ﬁdem
1297 5025 1360 5064 ac
1389 5007 1720 5085 sententiam
1738 5023 1887 5062 suam
1911 5024 2018 5085 non
2041 5022 2186 5062 com-

607 5080 856 5142 modstsse
875 5125 891 5150 ,
924 5083 1060 5153 quod
1088 5083 1265 5135 eodeni
1307 5092 1529 5149 tempore
1555 5080 1811 5153 octoginta
1838 5081 2194 5153 episwporum

607 5149 976 5230 {Egyptiorum
997 5156 1060 5209 de
1081 5154 1362 5230 Athanasio
1389 5152 1638 5230 sententia
1657 5149 1996 5230 repugnabat.
2022 5149 2190 5216 Unde,

607 5223 813 5299 inq'u't't,
851 5240 1031 5282 contra
1077 5226 1299 5279 divinant
1345 5225 1504 5299 legem
1549 5227 1711 5299 visum
1757 5234 1860 5299 est,
1903 5223 2055 5299 etiam
2081 5238 2194 5275 cum

606 5294 962 5371 episcoporum
990 5313 1229 5352 numerus
1257 5313 1348 5371 pro
1389 5296 1669 5348 Athanasio
1699 5295 1863 5371 major
1895 5294 2190 5371 exsisteret,

605 5364 658 5427 in
691 5364 833 5441 parte
872 5372 1046 5441 aliqua
1085 5364 1744 5441 commodareconsensum
1774 5364 2047 5419 Athanasii
2095 5368 2187 5417 ad-

612 5437 862 5500 versariis
904 5437 1129 5496 numero
1172 5437 1530 5510 paucioribus.
1563 5438 1666 5493 Sed
1714 5447 1770 5490 et
1809 5453 1930 5510 cum
1978 5442 2192 5510 constet

608 5531 673 5570 ex
705 5513 1025 5584 Fragmento
1055 5529 1113 5574 ν.
1147 5507 1202 5564 ιι.
1238 5514 1260 5564 1
1294 5521 1348 5564 et
1379 5509 1411 5562 6
1436 5550 1459 5584 ,_
1482 5525 1590 5584 nec
1612 5507 2188 5584 uon_ex_subseqt_tenti

606 5601 754 5640 num.
780 5578 851 5652 4⁷,
880 5585 1150 5640 Liberium
1194 5596 1299 5635 non
1341 5581 1499 5634 modo
1546 5579 1831 5634 Mediolani
1862 5592 2015 5652 anno
2043 5578 2147 5632 554
2175 5619 2188 5640 .

605 5658 698 5712 sed
730 5667 783 5712 et
809 5656 1028 5711 Arelate
1055 5671 1143 5707 an.
1170 5652 1305 5717 555,
1334 5667 1364 5705 a
1390 5653 1704 5706 Constantia
1737 5666 1830 5717 per
1861 5651 2064 5719 legatos
2097 5665 2189 5716 pe-

608 5727 775 5791 tiisse,
801 5738 854 5781 ut
872 5726 1253 5796 juberet,sicut
1275 5724 1372 5792 ipsi
1388 5723 1718 5796 jamdudum
1740 5721 2005 5796 placuerat
2024 5761 2040 5784 ,
2071 5736 2191 5774 con-

611 5797 787 5850 cilium
825 5791 892 5850 ad
917 5794 1201 5865 Aquileiam
1228 5791 1563 5864 congregari,
1593 5809 1699 5862 quo
1732 5791 2010 5848 Athanasii
2031 5806 2192 5848 causa

2299 4581 2402 4666 ﬁde
2428 4581 2494 4666 ad
2515 4583 2752 4666 exsiliunt
2773 4595 3063 4666 pergentem
3087 4588 3282 4656 primus
3309 4581 3600 4666 sollicitauit
3625 4581 3682 4644 ac
3714 4581 3896 4666 fregit,

2298 4663 2345 4705 et
2374 4653 2933 4733 .ad_subs-criptioném
2978 4653 3227 4712 Itwreseos
3281 4659 3530 4729 compulit
3552 4659 3592 4725 ),
3646 4653 3895 4733 eaititlctii

2300 4725 2584 4806 epistolam
2612 4725 2839 4806 diversis
2863 4733 3132 4806 episeopts
3162 4725 3405 4806 miserit,
3425 4745 3604 4806 tlt_eos
3635 4735 3702 4784 ab
3729 4732 3894 4785 Atha-

2303 4799 2440 4848 nasd
2483 4801 2861 4871 communione
2906 4799 3203 4855 retraheret
3240 4819 3253 4855 :
3296 4803 3388 4856 sed
3431 4802 3561 4856 nihil
3605 4803 3900 4871 profecerit

2303 4875 2520 4938 tamen;
2550 4868 2675 4937 quia
2702 4869 2867 4938 probe
2889 4881 3072 4925 notum
3099 4883 3215 4927 erat
3244 4872 3513 4938 omnibus,
3542 4868 3894 4928 Athana~inm

2303 4937 2687 5021 Ingpttorum
2705 4937 2874 5021 opera
2891 4960 2932 5021 _a
2961 4937 3569 5021 Liberiicommunione
3600 4961 3891 5021 numquam

2297 5010 2586 5092 cxeidilse_.
2634 5010 2710 5092 Si.
2737 5012 2850 5092 haec
2889 5014 2958 5066 ita
2995 5015 3316 5092 se_ha_bent,
3344 5020 3477 5092 haec
3519 5010 3758 5085 epistola
3788 5032 3895 5070 non

2297 5095 2436 5162 anno
2467 5081 2871 5162 .552,sed_355,
2903 5086 3119 5154 quando
3159 5087 3210 5140 in
3241 5087 3492 5162 exsilium
3522 5081 3775 5162 expulsus
3812 5096 3900 5142 est

2303 5153 2571 5232 Liberius,
2598 5155 2825 5210 conﬁcta
2856 5153 2936 5208 sit,
2954 5172 3181 5232 necesse
3211 5169 3313 5212 est.
3351 5159 3483 5212 Eum
3509 5153 3685 5232 tamen
3716 5159 3898 5232 locum

2300 5221 2387 5276 hic
2427 5223 2500 5278 illi
2541 5225 2732 5299 damus
2766 5226 3064 5281 secundum
3112 5238 3346 5299 tempus,
3375 5245 3484 5299 quo
3516 5230 3658 5283 illam
3689 5230 3893 5284 editam

2298 5308 2419 5348 esse
2457 5298 2835 5352 conﬁnxerunt
2873 5299 3016 5354 illius
3055 5298 3326 5356 auctores.
3363 5298 3493 5356 Vide
3529 5311 3688 5356 notas
3718 5301 3771 5356 in
3803 5317 3895 5356 sc-

2299 5381 2469 5434 quens
2501 5367 2907 5436 Fragmentum.

2365 5437 2446 5504 (a)
2489 5439 2836 5514 Itestituitnus
2872 5443 3158 5499 lectionem
3198 5443 3432 5509 ms.,cui
3476 5445 3530 5499 in
3568 5443 3726 5499 editis
3759 5459 3896 5514 prte-

2295 5507 2460 5583 latum
2492 5519 2608 5563 erat
2635 5512 2815 5583 exigit.

2368 5576 2466 5649 (b).
2507 5582 2646 5646 Quid
2708 5576 2813 5656 sibi
2872 5583 3001 5640 velit
3062 5587 3125 5640 de
3197 5587 3432 5654 nomine,
3484 5586 3715 5644 Hilarius
3776 5587 3890 5656 ipse

2297 5648 2512 5777 33%;:
2561 5667 2634 5720 vr,
2686 5671 2739 5708 ιι.
2787 5654 2842 5720 4,
2894 5657 3301 5728 interpretatur,
3346 5659 3402 5712 id
3419 5648 3515 5715 Vest
3555 5663 3619 5714 de
3654 5648 3896 5712 condem-

2369 5792 2444 5864 (ε)
2485 5794 2719 5853 Verbum
2750 5798 2868 5855 dedi
2892 5801 3204 5873 supplemus
3229 5815 3297 5858 ex
3325 5820 3427 5862 ms.
3451 5802 3617 5860 Sirm.
3643 5801 3897 5860 Proxime
