4224 6262
372 302 472 357 631

1310 303 1403 359 EX
1442 303 1669 361 OPERE
1709 304 2071 364 HlSTOlllCO
2108 307 2586 365 FHAGMENTUM
2628 308 2694 365 V.

3565 320 3673 377 68:!

370 414 740 486 supradictttm
769 422 947 469 autem
975 413 1322 470 Athanasium
1352 416 1586 471 alienum
1611 434 1732 473 esse
1759 434 1787 472 a
1815 433 1961 474 com-

2142 438 2269 478 TIUlI
2309 439 2691 479 IMPERATORI}!
2724 442 2756 480 Α
2783 441 2996 482 LIBERIO
3035 442 3285 485 EPISCOPO
3325 444 3477 487 UBBIS
3515 449 3675 489 κομιῶ

373 508 631 563 munione
661 521 777 562 mea
802 507 916 561 sive
943 507 1198 562 Ecclesiae
1239 509 1528 576 Rontanzc,
1555 512 1719 582 670
1744 523 1795 567 et
1824 528 1971 569 con—

377 602 550 658 sortio
580 602 884 657 litterarum
925 601 1433 657 ecclesiasticarum.

441 695 496 750 2.
534 694 600 750 In
624 712 825 751 cassum
864 696 1085 765 conﬁcta
1120 696 1229 751 [nec
1257 696 1492 764 epistola.
1523 696 1646 751 Cur.
1666 726 1741 738 —
1784 716 1803 751 ι
1833 698 1970 766 Quid

371 788 423 842 in
456 786 540 842 bis
571 786 768 843 litteris
807 787 884 857 (a)
912 802 1020 843 non
1060 787 1398 855 sanctitatis,
1426 788 1552 858 quid
1578 803 1683 843 non
1726 805 1793 845 ex
1823 798 1971 845 metu

372 882 469 939 Dei
497 880 756 938 eveniens
798 880 916 937 est?
948 881 1057 937 Sed
1106 880 1381 937 Potamius
1408 890 1466 937 et
1494 881 1808 952 Epictetus,
1842 882 1970 938 dum

368 973 631 1029 damnare
677 971 824 1026 urbis
861 972 1050 1028 Romae
1076 973 1388 1044 episcopum
1435 973 1693 1045 gaudent,
1737 974 1877 1030 sicut
1918 976 1970 1031 in

371 1067 702 1124 Ariminensi
732 1069 943 1138 synodo
967 1067 1298 1134 continetur,
1322 1066 1512 1122 audire
1538 1066 1655 1123 haec
1682 1069 1975 1125 noluerunt

372 1166 436 1234 (Ι.
468 1163 668 1219 audere
697 1163 810 1219 haec
842 1161 1177 1235 potuerunt).
1206 1164 1345 1233 Quin
1370 1164 1531 1219 etiam
1555 1163 1973 1223 lt‘ortonatianns

380 1259 671 1328 episcopus
714 1258 999 1328 epistolam
1044 1257 1289 1313 eamdem
1324 1273 1534 1313 rursum
1572 1258 1803 1313 diversis
1856 1258 1973 1328 epi-

377 1352 561 1421 sc0pis
612 1353 853 1418 mittens,
882 1351 1014 1406 nihil
1063 1351 1304 1420 profecit.
1344 1349 1411 1407 lJt
1452 1337 1630 1405 autem
1679 1350 1732 1404 in
1784 1362 1973 1421 negata

373 1446 669 1502 Athanasio
694 1448 1077 1502 communione
1107 1446 1209 1500 sibi
1236 1444 1505 1517 potius(b)
1523 1453 1707 1500 essent
1734 1445 1973 1509 onerosi,

372 1553 599 1608 remque
648 1553 866 1594 omnem
918 1537 1022 1592 sibi
1076 1537 1301 1608 periculi
1346 1535 1623 1604 facerent,
1680 1537 1978 1593 dummodo

374 1634 507 1691 nihil
539 1632 848 1690 Sardiceusi
896 1632 1137 1704 Synodo,
1186 1648 1289 1702 qua
1336 1632 1665 1687 Athanasius
1696 1632 1978 1687 absolutus

375 1736 430 1783 et
463 1726 649 1782 Ariani
697 1726 936 1782 damnati
991 1725 1225 1791 fuerant,
1264 1725 1644 1795 decerperent;
1689 1725 1882 1781 litterae
1913 1741 1977 1780 ex

2144 530 2246 570 res
2286 532 2587 573 LUCIFERUI
2628 532 2918 575 εριεοοιιυιι
2958 518 3117 592 (circa
3143 539 3231 577 an.
3260 524 3423 595 554).

2206 630 2611 689 Gloriosissimo
2650 633 2969 691 Constantio
3006 638 3252 709 Augusto
3292 639 3541 699 Liberius

2721 727 3045 799 Episcopus.

2148 820 2198 873 l.
2240 817 2476 873 Liberius
2496 819 2772 874 concilium
2809 823 3119 890 expostulat.
3142 823 3537 879 (Iontttnteliosis
3568 842 3674 880 ser-

2072 911 2305 966 monibus
2350 910 2705 965 aConstautio
2753 912 2808 965 in
2849 913 3030 983 vulgus
3075 915 3270 985 sparsis
3298 917 3570 971 laceratur.
3607 948 3678 957 -—

2072 1003 2332 1068 Obsecro,
2367 1002 2807 1073 tranquillissime
2838 1004 3151 1075 imperator,
3173 1016 3234 1061 ut
3257 1008 3384 1063 mihi
3422 1008 3677 1081 benignas

2073 1109 2233 1149 aures
2256 1095 2543 1150 clementia
2569 1105 2653 1148 tua
2683 1096 2904 1161 tribuat,
2934 1095 3002 1167 (f)
3029 1113 3136 1168 quo
3177 1100 3342 1168 possit
3372 1111 3680 1155 mansuetu-

2075 1185 2185 1240 dini
2219 1194 2323 1241 tna:
2350 1186 2550 1242 utentis
2571 1202 2706 1241 mea:
2728 1189 3064 1257 propositum
3088 1205 3373 1259 apparere.
3406 1192 3479 1245 De
3501 1192 3683 1248 Chris-

2078 1277 2226 1332 tiano
2260 1278 2404 1333 enim
2438 1278 2767 1348 imperatore
2803 1288 2858 1335 et
2882 1292 3085 1336 sancta:
3113 1282 3388 1337 memoria:
3418 1282 3689 1340 Constan-

2078 1371 2173 1425 tini
2200 1370 2307 1425 lilio
2328 1371 2430 1427 hoc
2452 1370 2624 1441 ipsum
2644 1373 2761 1428 sine
2777 1379 3120 1429 cunctatione
3142 1390 3352 1430 mereor
3369 1375 3682 1445 impetrare.

2079 1462 2184 1519 Sed
2217 1464 2269 1517 in
2296 1479 2361 1519 eo
2393 1479 2480 1518 me
2509 1464 2760 1521 laborare
2804 1466 3079 1535 intelligo,
3113 1466 3235 1537 quia
3267 1470 3494 1537 repetita
3527 1471 3687 1524 satis-

2079 1553 2331 1621 factionc,
2366 1555 2684 1624 placabilem
2717 1557 2880 1611 etiam
2912 1556 3055 1612 circa
3086 1571 3209 1611 reos
3236 1561 3473 1613 animum
3507 1567 3683 1625 tuum,

2081 1645 2135 1700 in
2173 1646 2401 1717 gratiam
2439 1662 2613 1703 meam
2658 1663 2913 1703 revocare
2951 1665 3059 1704 non
3102 1665 3343 1720 possum.
3389 1651 3583 1707 Sermo
3609 1653 3686 1727 (g)

2082 1741 2228 1796 enim
2265 1742 2480 1811 pietatis
2510 1750 2615 1797 tua:
2641 1784 2654 1807 ,
2684 1742 3001 1813 jamdudum
3044 1745 3107 1799 ad
3146 1746 3399 1815 populum
3446 1748 3677 1816 missus,

375 1818 611 1890 Δίωνι)ιο
654 1818 731 1890 (ο)
756 1820 905 1875 omni
933 1826 1093 1889 ιιιιιυθ
1127 1818 1195 1874 ab
1224 1818 1547 1874 Alexandria
1578 1820 1758 1876 ηἶίεεαὶ
1788 1819 1975 1875 θάητο·
2002 1804 2052 1865 Β
2084 1849 2170 1889 me
2197 1834 2439 1903 quidem,
2463 1850 2620 1905 quem
2652 1804 2917 1904 patienter
2943 1838 3122 1893 omnia
3148 1804 3295 1895 lerre
3323 1856 3549 1897 necesse
3576 1804 3680 1910 est,

376 1915 574 1968 nebant
606 1930 619 1966 :
652 1914 908 1984 quoniam
958 1912 1145 1983 quales
1189 1912 1260 1966 ad
1288 1911 1486 1968 Julium
1520 1912 1727 1982 pridem
1757 1912 1825 1969 de
1851 1914 1974 1969 red-

378 2005 554 2062 denda
599 2004 682 2077 (di
723 2006 990 2061 exsulanti
1038 2004 1336 2061 Athanasio
1389 2006 1768 2061 communiune
1822 2016 1978 2061 erant

376 2099 612 2169 scripto,
665 2099 800 2155 tales
840 2115 980 2154 nunc
1015 2109 1069 2155 ιιι
1100 2098 1170 2155 de
1209 2099 1469 2169 subjectis
1518 2099 1865 2169 intelligetur,
1909 2098 1975 2153 ad

376 2191 649 2249 Liberium
682 2191 819 2249 data:
849 2200 976 2249 sunt
1004 2192 1072 2249 de
1104 2191 1322 2248 tuenda.
1359 2209 1378 2243 ι

550 2581 712 2659 671
736 2581 1218 2641 FRAGMENTUM
1256 2580 1300 2639 ν
1333 2584 1499 2658 (Alias
1528 2601 1567 2641 tt
1604 2586 1805 2658 partis).

382 2782 579 2823 tsctpt'r
617 2780 875 2823 EPISTOLA
897 2776 1221 2822 Lscx'ronul
1276 2763 1347 2838 (ε)
1386 2777 1547 2821 IISSA
1597 2782 1666 2821 AD
1709 2781 1974 2823 consun-

380 2892 535 2939 antea
570 2881 740 2949 magis
781 2880 1019 2947 placeret
1047 2891 1284 2933 vestram.
1320 2877 1655 2950 Quamquam
1700 2881 1767 2935 ad
1799 2882 1986 2936 unani-

381 2954 605 3008 mitatem
638 2963 863 3006 nostram
894 2952 969 3005 sic
999 2950 1125 3023 licet
1154 2950 1487 3022 intelligere,
1521 2953 1673 3023 quasi
1702 2952 1770 3006 ad
1796 2955 1982 3008 unani-

380 3027 608 3081 mitatem
633 3024 768 3078 inter
792 3038 885 3077 nos
908 3021 1228 3077 seruandam.

462 3115 539 3191 (a)
582 3113 911 3191 Gethzfridus
939 3114 1199 3191 Hermant
1225 3113 1317 3191 lib.
1339 3129 1410 3169 vn
1466 3114 1601 3191 Vita;
1628 3114 1978 3191 S._Atbanas.

381 3206 434 3245 c.
455 3185 651 3252 ticum
682 3185 1053 3259 Fortunatiani
1079 3195 1207 3240 ante
1233 3185 1442 3253 lapsum
1470 3186 1739 3259 laudabile
1760 3188 1979 3259 aliquod
2012 3185 2057 3248 C

384 3277 484 3330 pro
515 3259 623 3314 [ide
659 3258 926 3330 catholica
961 3259 1162 3312 tactum
1201 3272 1343 3330 nunc
1373 3258 1663 3330 memorari
1704 3274 1802 3327 pro
1832 3258 1981 3314 certo

384 3328 611 3397 habeat;
661 3328 952 3400 verisimile
999 3338 1180 3397 putat,
1233 3328 1517 3400 epistolam
1558 3330 1750 3400 synodi
1799 3330 1984 3385 Sardi—

383 3403 565 3459 ccnsis
590 3400 656 3455 ad
681 3397 1055 3455 Constantium
1100 3400 1327 3471 missam
1358 3398 1446 3453 hic
1485 3397 1797 3471 signiﬁcari.
1829 3400 1984 3457 Veri-

383 3474 562 3530 simile
602 3474 785 3527 tanTen
834 3486 940 3526 non
987 3478 1092 3534 est,
1144 3478 1203 3524 ιιι
1249 3470 1484 3525 Hilarius
1532 3470 1662 3525 nihil
1716 3472 1983 3540 profuisse

384 3544 579 3602 dixerit
604 3544 813 3598 litteras
835 3542 1173 3597 Sardicensis
1194 3540 1406 3610 synodi.
1432 3542 1584 3610 cujus
1604 3543 1979 3598 auctoritatem

384 3615 527 3687 apud
556 3628 749 3670 omnes
775 3614 955 3687 valere
983 3613 1163 3667 statim
1196 3612 1482 3687 signiﬁcat.
1506 3612 1852 3687 _Probabilius
1883 3616 1982 3687 ita-

384 3683 493 3760 que
540 3697 644 3752 est,
701 3696 760 3741 ut
806 3684 1063 3760 dixilnns,
1120 3683 1607 3760 pseudoepistolam
1659 3683 1856 3760 Liberii
1898 3686 1985 3740 hic

386 3754 614 3841 intelligi
651 3776 666 3812 :
705 3754 1321 3841 quam.Fo.r_tu_natia'nus
1360 3763 1482 3841 post
1520 3754 1726 3836 lapsum
1750 3756 1983 3841 .mitteus

385 3824 621 3886 diversis
650 3824 918 3897 episcopis
950 3825 1080 3880 nihil
1113 3825 1435 3894 profecerit;
1466 3824 1585 3894 quia
1605 3828 1763 3897 _apud
1793 3842 1985 3883 oinnes

387 3902 615 3957 multum
643 3895 859 3954 valebat
887 3897 1221 3968 Sardiconsis
1252 3898 1512 3968 synodus,
1546 3912 1575 3950 a
1605 3895 1825 3952 Liberio
1855 3913 1986 3955 con—

386 3972 595 4027 ﬁrmata
638 3979 919 4041 postquam
949 3967 1325 4040 Egyptiorum
1365 3967 1562 4024 litteris
1590 3968 1658 4023 de
1696 3969 1981 4025 Athanasii

391 4058 558 4101 causa
588 4039 787 4099 certior
816 4039 986 4095 factus
1013 4039 1114 4097 est.

464 4136 537 4209 (b)
573 4135 651 4190 Ita
684 4135 920 4191 correxit
955 4132 1159 4209 Faber;
1203 4147 1325 4187 cum
1364 4134 1622 4209 mendose
1652 4135 1705 4189 in
1746 4149 1846 4191 suo
1880 4150 1981 4191 ms.

390 4206 618 4264 haberet
642 4223 752 4261 esse
777 4206 1063 4269 onerosius,
1086 4215 1139 4260 et
1165 4216 1350 4275 postea
1376 4206 1586 4276 faceret,
1616 4223 1711 4277 pro
1736 4211 1982 4279 facerent.

464 4319 537 4391 (ο)
580 4318 733 4391 Editi
752 4334 817 4391 ex
841 4333 953 4391 ms.
976 4315 1144 4391 Pith.,_
1172 4317 1355 4391 litterae
1373 4334 1435 4373 ea:
1461 4317 1697 4391 Egypto
1718 4322 1989 4388 omniaque

391 4388 480 4445 (ια’
506 4388 870 4445 Alexandriam
917 4388 1036 4443 iisse
1064 4388 1445 4460 admonebant.
1499 4388 1651 4460 quam
1705 4392 1870 4460 qualis
1920 4393 1989 4445 ad

390 4462 589 4516 Iulium
618 4461 815 4531 pridem
846 4460 909 4513 de
944 4459 1202 4514 reddenda
1232 4459 1517 4515 exsultante
1542 4459 1820 4517 Athanasio
1850 4479 1990 4516 com-

392 4534 634 4587 munione
658 4540 803 4587 erant
825 4532 1047 4597 scriptw,
1081 4530 1195 4584 talis
1222 4548 1376 4595 nunc,
1412 4543 1516 4587 clc.
1550 4532 1720 4601 Quam
1750 4549 1893 4588 nunc
1920 4550 1984 4588 ex

395 4604 586 4659 iisdem
617 4602 733 4658 fere
756 4601 1190 4668 characteribus,
1224 4605 1363 4657 male
1392 4611 1548 4659 antea
1583 4606 1724 4659 inter
1748 4620 1806 4659 se
1836 4620 1982 4659 com-

394 4675 607 4745 positis.
642 4673 919 4728 oll'r’unus
945 4672 1255 4745 lectionem,
1287 4673 1571 4728 confirmat
1602 4676 1712 4745 ipsa
1746 4677 1985 4731 historian

393 4744 616 4801 veritas.
651 4745 841 4799 Exstat
862 4759 1092 4811 namque
1114 4744 1254 4814 apud
1286 4744 1633 4800 Athanasium
1659 4746 1812 4801 initio
1841 4747 1988 4815 Apo-

394 4817 503 4889 log.
536 4816 601 4870 ad
628 4819 845 4889 CttilSlq
877 4831 931 4884 p.
962 4815 1090 4879 722,
1122 4815 1500 4889 Alexandriam
1531 4818 1718 4889 synodi
1758 4819 1986 4889 epismla

395 4886 471 4943 ab
494 4888 640 4941 omni
671 4886 928 4958 Egypto,
969 4896 1021 4939 ct
1051 4895 1115 4958 ut,
1146 4896 1292 4958 notat
1320 4886 1385 4940 ad
1418 4886 1989 4945 illius’calcem'Atha-

395 4960 615 5024 nasius,
662 4957 728 5010 ad
766 4957 938 5029 omnes
964 4965 1010 5011 et
1044 4957 1116 5029 ad
1143 4957 1434 5029 episcopum
1466 4958 1753 5013 Romanum
1787 4960 1989 5015 Iulium

397 5032 452 5085 in
496 5031 723 5100 gratiam
776 5028 1056 5100 Athanasii
1112 5028 1368 5097 scripta:
1423 5045 1582 5099 quam
1638 5031 1987 5088 Sardicenses

400 5098 589 5171 Patres
632 5100 790 5171 Frag.
840 5115 895 5161 ιι,
929 5117 980 5152 ιι.
1015 5098 1068 5162 5,
1121 5100 1374 5171 laudant,
1417 5110 1472 5155 et
1510 5118 1656 5155 nttnt.
1694 5104 1761 5157 10
1812 5104 1880 5156 ab
1923 5104 1992 5162 80

400 5170 666 5241 episcopis
694 5170 959 5224 testantur
976 5185 1106 5241 esse
1136 5170 1374 5224 missam.
1406 5171 1645 5226 Alteram
1680 5188 1806 5229 vero
1831 5173 1990 5230 Libe-

400 5239 511 5298 rius
544 5239 658 5311 ipse
699 5242 943 5311 sequenti
974 5239 1296 5310 Fragtnento
1319 5258 1369 5305 v,
1408 5255 1795 5298 commemorat
1833 5246 1931 5301 sibi
1962 5263 1991 5300 a

401 5310 627 5370 totidem
679 5310 949 5384 Egyptiis
1004 5314 1272 5383 episcopis
1318 5328 1415 5382 pro
1458 5314 1649 5368 eodem
1701 5317 1995 5372 Athanasio

400 5386 581 5440 datam
632 5401 700 5439 eo
755 5388 871 5454 ipso
917 5394 1195 5454 tempore,
1247 5401 1353 5454 quo
1402 5384 1752 5441 Orientalium
1808 5397 1996 5443 contra

362 5532 367 5536 l
402 5458 657 5512 eumdem
699 5456 909 5511 litteras
953 5463 1253 5524 acceperat.

474 5548 556 5622 (ά)
598 5549 784 5622 ln_ms.
809 5549 1095 5622 exsultante
1116 5566 1135 5604 :
1162 5549 1437 5606 mendose.
1462 5549 1661 5619 Quales
1684 5552 1749 5607 ad
1774 5551 1996 5622 Jttlium,

405 5620 543 5695 tales
567 5620 938 5695 adgLibgiup
969 5621 1187 5695 scripta:
1226 5629 1352 5695 sunt
1382 5623 1574 5678 litterre
1606 5640 1618 5678 :
1648 5624 1771 5695 quia
1802 5633 1858 5677 nt
1888 5620 1999 5691 ille,

405 5693 481 5747 ita
520 5701 575 5747 et
609 5693 695 5747 hic
737 5692 808 5764 80
843 5692 1220 5764 Egyptiorutn
1261 5692 1635 5764 episcoporum
1666 5692 1897 5750 litteras
1950 5696 2002 5751 in

405 5765 635 5836 gratiam
661 5762 1176 5834 Athanasii—accepit
1200 5780 1213 5819 :
1240 5774 1292 5817 ut
1313 5763 1376 5818 de
1400 5765 1643 5839 subjectis
1667 5766 2000 5840 intelligetur,

1001 5859 1277 5918 Ρηιιοι..
1317 5855 1401 5918 Χ.

2012 4570 2069 4630 D

2083 1924 2375 1995 plurimum
2408 1926 2609 1982 lacerat
2642 1945 2655 1980 :
2692 1928 2789 1984 sed
2836 1930 3071 1985 animum
3124 1941 3294 1995 tuum,
3342 1935 3430 2003 qui
3480 1935 3690 1990 lenitati

2083 2034 2301 2089 semper
2344 2030 2517 2084 vacat,
2576 2021 2667 2091 qui
2718 2037 3033 2092 numquam,
3086 2034 3146 2077 ut
3184 2025 3446 2094 scriptum
3486 2035 3589 2093 cst,
3639 2029 3694 2083 in

2085 2130 2338 2171 occasum
2378 2114 2485 2170 dici
2526 2115 2858 2170 iracundiam
2900 2125 3113 2181 servat,
3148 2119 3388 2174 retinere
3425 2121 3566 2175 circa
3608 2136 3696 2175 mc

2089 2208 2513 2281 indignationem
2561 2208 2827 2265 miraculo
2868 2208 2997 2263 mihi
3048 2220 3153 2265 est.
3199 2211 3311 2281 Ego
3356 2212 3523 2280 enim,
3568 2212 3696 2267 reli-

2081 2303 2390 2374 giosissime
2430 2304 2755 2373 imperator,
2793 2313 2969 2358 tecum
3002 2320 3184 2359 veram
3228 2321 3413 2376 pacem
3444 2308 3692 2374 requiro,

2084 2411 2205 2465 qua:
2249 2411 2358 2449 non
2398 2394 2473 2450 sit
2499 2394 2683 2450 verbis
2731 2395 3031 2465 composita
3076 2395 3289 2451 interna
3339 2397 3697 2466 dispositione

2081 2485 2341 2551 fallaciaa,
2385 2487 2479 2542 sed
2513 2488 2797 2556 praeceptis
2832 2484 3251 2557 Evangeliorum
3297 2490 3696 2546 rationabiliter

2083 2581 2427 2636 conﬁrmata.
2476 2578 2593 2634 Non
2638 2578 2920 2633 Athanasii
2977 2587 3182 2633 tantum
3243 2581 3550 2649 negotium,
3598 2584 3695 2638 sed

2084 2673 2252 2729 multa
2289 2673 2393 2728 alia
2427 2673 2478 2726 in
2510 2672 2749 2727 medium
2781 2679 3082 2737 venerunt,
3118 2682 3340 2742 propter
3364 2690 3481 2745 quae
3513 2675 3699 2732 conci-

2082 2765 2211 2821 lium
2230 2765 2348 2821 lieri
2372 2763 2839 2820 mansuetudinem
2857 2772 3003 2819 tuam
3019 2762 3228 2819 fueram
3244 2765 3567 2835 deprecatus
3584 2766 3692 2839 (It):

2092 2890 2219 2950 puta
2250 2896 2317 2936 ex
2347 2879 2592 2950 sequenti
2614 2877 2951 2950 Fragmenta
2982 2893 3107 2950 num
3130 2876 3182 2950 2.
3215 2878 3370 2950 Quod
3402 2879 3699 2943 Fragmen-

2093 2949 2204 3007 tum
2247 2967 2368 3006 cum
2415 2949 2466 3003 in
2514 2949 2813 3021 archetypo
2850 2962 2953 3002 ms.
2996 2949 3049 3002 in
3092 2949 3259 3021 prima
3304 2949 3494 3004 horum
3531 2951 3701 3021 Frag-

2092 3030 2400 3078 mentorttm
2435 3032 2617 3092 parte,
2668 3019 2769 3092 hoc
2801 3028 2978 3073 autem
3001 3019 3164 3092 _quod
3200 3035 3306 3092 pra}
3336 3022 3580 3075 manibus
3617 3019 3701 3079 est

2090 3094 2144 3149 in
2190 3089 2449 3148 secunda
2479 3102 2685 3147 tantum
2740 3091 2915 3144 locum
2966 3089 3239 3154 obtineat;
3289 3090 3417 3147 hinc
3454 3094 3701 3161 sequitur

2092 3166 2153 3219 ιο
2180 3174 2465 3229 utramque
2491 3175 2697 3232 partem
2724 3161 2791 3215 ad
2817 3161 3075 3215 Hilarium
3106 3163 3401 3232 pertinere,
3432 3180 3534 3220 nec
3558 3168 3700 3222 bene

2088 3251 2117 3290 a
2151 3234 2432 3290 Bloudello
2463 3231 2519 3289 et
2545 3234 2663 3288 aliis
2693 3231 2965 3304 nonnullis
2996 3231 3114 3287 eam
3147 3233 3222 3288 illi
3256 3234 3455 3288 auferri
3487 3251 3608 3304 qua:
3638 3238 3691 3293 in

2084 3322 2188 3361 ms.
2239 3309 2408 3376 prima
2453 3315 2566 3360 est:
2614 3304 2680 3358 2°
2706 3303 3153 3376 Fragmentorum
3195 3304 3443 3359 ordinem
3493 3303 3543 3360 in
3585 3324 3689 3364 ms.

2086 3374 2361 3434 inversum
2402 3392 2555 3440 esse,
2587 3375 2876 3447 siquidem
2899 3376 2947 3429 ei
2977 3374 3223 3442 quintum
3250 3376 3521 3431 invenitur
3551 3394 3692 3447 pra:-

2084 3452 2361 3519 positum,
2404 3450 2489 3502 cui
2539 3446 2935 3519 subjiciendum
2978 3460 3099 3519 esse
3124 3447 3357 3519 llilarius
3397 3446 3689 3516 declarat;

2085 3516 2142 3576 5⁰
2171 3521 2392 3575 Nicolao
2418 3519 2596 3574 Fabro
2620 3518 2863 3583 licuisse,
2885 3532 3040 3585 quam
3069 3516 3248 3589 ingms.
3282 3518 3510 3581 primam
3540 3536 3695 3589 repe-

2087 3593 2155 3646 rit
2209 3591 2370 3662 hujus
2415 3590 2598 3657 Operis
2652 3598 2892 3662 partem.
2949 3587 3189 3662 secundo
3246 3589 3523 3662 dumtaxat
3576 3587 3698 3647 loco

2085 3663 2249 3718 edere
2280 3658 2311 3715 ἐ
2344 3661 2560 3715 demum
2605 3673 2712 3713 non
2755 3658 2930 3712 minus
2974 3658 3137 3712 licere
3179 3659 3335 3712 nobis
3367 3659 3693 3729 Fragmenta

2085 3733 2295 3803 singula
2341 3732 2621 3786 meliorem
2655 3729 2708 3803 in
2744 3729 2990 3803 ordinent
3023 3729 3554 3803 disponere._Neque
3580 3734 3694 3787 lucc

2088 3799 2297 3873 neg'arit
2317 3804 2622 3871 quisquam,
2653 3800 2756 3853 nisi
2788 3802 2880 3873 qui
2907 3799 3061 3873 illud,
3096 3810 3151 3851 ut
3174 3801 3239 3873 de
3266 3799 3508 3873 subiectis
3538 3802 3691 3855 intel-

2087 3869 2292 3947 ligiztur,
2327 3869 2469 3947 lo_rte
2496 3873 2638 3947 volet
2682 3885 2787 3925 non
2817 3870 2883 3947 ad
2911 3869 3183 3947 subjectas
3218 3870 3425 3947 Liberii
3446 3871 3687 3947 litteras,

2087 3941 2183 4001 sed
2224 3945 2291 4001 ad
2336 3944 2713 4015 Egyptiorum
2742 3941 3029 4012 epistolam
3069 3957 3189 4012 qua:
3228 3941 3355 3997 hinc
3382 3943 3453 3998 sit
3480 3943 3688 4015 dilapsa

2085 4017 2301 4073 referri.

2163 4105 2250 4234 (εἰ)
2278 4105 2510 4163 Luciferi
2546 4105 2798 4159 nimirum
2823 4102 3397 4173 cpiscopiCalaritani,
3423 4105 3693 4164 Pancratii

2163 4197 2215 4234 es
2255 4179 2429 4234 Vlel‘l.
2480 4188 2533 4231 et
2583 4177 2768 4231 Hilarii
2818 4176 3035 4231 diaconi
3078 4194 3091 4229 :
3133 4192 3361 4234 quorum
3415 4181 3691 4233 cnnsortio

2091 4176 2394 4264 presbyteri
2415 4188 2533 4264 ,ᾔει
2572 4177 2787 4264 Illilari‘i’
2818 4176 3035 4264 diacpni
3064 4194 3091 4259 ,ε
3133 4192 3382 4264 qqorum"
3415 4181 3691 4264 cntisortio

2084 4246 2373 4322 junxit'lse
2427 4248 2692 4322 Eusebius
2746 4246 3130 4322 Vercellensis,
3187 4246 3383 4322 Libt-rii
3416 4248 3689 4322 epistola,

2090 4319 2249 4394 quam
2276 4321 2543 4394 Baronius
2568 4320 2635 4373 ad
2662 4335 2751 4394 a_n_.
2785 4319 2912 4377 554.
2934 4336 2989 4394 n.
3019 4319 3074 4379 2,
3101 4319 3382 4394 describit,
3413 4321 3687 4394 invitatus.

2091 4389 2241 4449 l'lanc
2270 4403 2389 4461 post
2418 4392 2654 4447 deletum
2688 4390 3049 4457 Magnentium
3082 4389 3523 4461 celebratamque
3552 4390 3687 4448 Are-

2093 4466 2297 4521 latense
2317 4463 2444 4517 anni
2466 4462 2572 4517 555
2595 4463 2883 4516 conciltnm
2943 4461 3072 4515 iniss
3092 4477 3160 4514 rm
3209 4476 3330 4516 esse
3361 4476 3466 4517 non
3490 4462 3686 4518 obscu-

2093 4553 2210 4591 rum
2238 4532 2563 4590 est.Valesio
2581 4543 2783 4597 autem,
2807 4530 3364 4602 animadversionilnts
3386 4534 3437 4586 in
3462 4550 3579 4602 cap.
3614 4534 3682 4589 '57

2095 4608 2189 4662 lib.
2225 4622 2258 4660 ιι
2290 4604 2548 4668 Socratis,
2592 4620 2710 4659 eam
2739 4604 2805 4657 ad
2857 4619 3056 4657 annum
3090 4602 3197 4657 556
3225 4601 3491 4658 tliﬂ‘erenti
3525 4601 3685 4659 neuio

2090 4679 2385 4732 asscntitur
2428 4694 2439 4728 :
2483 4690 2605 4729 cum
2650 4674 2898 4731 Liberius
2941 4675 3039 4729 hac
3086 4673 3349 4743 legatione
3394 4676 3684 4729 concilium

2090 4749 2387 4805 obtinuerit
2413 4747 2556 4818 quod
2587 4762 2727 4801 anno
2756 4745 2864 4802 555
2893 4744 3177 4800 Mediolani
3220 4746 3549 4818 celebratum
3581 4756 3684 4801 est.

2092 4821 2279 4891 Itaque
2312 4817 2452 4875 inter
2476 4819 2994 4891 eruditosAconveuit
3017 4859 3031 4883 ,
3061 4832 3178 4871 eam
3210 4833 3353 4891 anno
3380 4817 3484 4891 355
3512 4818 3685 4891 scrip-

2093 4886 2207 4946 tani
2231 4907 2381 4956 esse,
2410 4901 2464 4946 et
2494 4900 2550 4944 ut
2582 4899 2700 4955 post
2727 4889 3012 4943 Baroniutn
3046 4897 3195 4958 putat
3221 4887 3491 4943 Antonius
3518 4886 3684 4958 Pagi,

2092 4978 2214 5018 cum
2260 4963 2435 5017 adhuc
2476 4961 2529 5015 in
2569 4960 2758 5016 Galliis
2803 4971 2988 5084 ageret
3023 4960 3387 5025 Constantius,
3433 4962 3521 5030 qui
3555 4963 3690 5014 Am-

2095 5036 2299 5084 miano.
2325 5042 2460 5084 teste
2490 5033 2581 5084 lib.
2610 5048 2721 5084 xtv.
2750 5046 2799 5084 c.
2874 5074 2889 5084 .
2919 5030 3020 5084 sub
3058 5030 3299 5084 ciu~dem
3332 5032 3454 5084 anni
3488 5030 3690 5084 exitum

2095 5036 2299 5099 miaoo,
2325 5042 2460 5091 teste
2490 5033 2581 5087 lib.
2610 5048 2721 5097 xiv,
2750 5046 2799 5087 c.
2832 5030 2889 5098 4,
2919 5030 3020 5085 sub
3058 5030 3299 5101 eju~dem
3332 5032 3454 5084 anni
3488 5030 3693 5085 exitum

2093 5105 2150 5160 in
2194 5104 2399 5159 Italiam
2443 5104 2509 5159 ad
2558 5104 2779 5157 hiberna
2817 5101 3062 5156 secessit.
3110 5101 3364 5155 Eamdem
3409 5102 3694 5169 epistolam

2094 5175 2358 5230 Baronius
2388 5176 2454 5229 ad
2491 5191 2580 5228 an.
2614 5174 2744 5237 554,
2779 5191 2833 5227 ιι.
2858 5172 2915 5235 2,
2945 5172 3228 5240 exscripsit
3274 5188 3338 5226 ex
3367 5172 3690 5228 bibliotheca

2095 5245 2311 5301 Patrum
2335 5245 2467 5301 edit.
2491 5245 2744 5312 Paris.,in
2768 5260 2871 5314 qua
2893 5255 3067 5298 exstat
3089 5243 3229 5298 inter
3249 5242 3479 5298 Luciferi
3496 5243 3693 5314 Opera.

2173 5338 2242 5411 (f)
2284 5337 2436 5407 Apud
2464 5337 2683 5401 Baron.,
2718 5353 2817 5403 quo
2845 5336 3077 5411 possint;
3105 5346 3161 5389 et
3186 5349 3311 5389 mox
3336 5335 3535 5403 aperire
3554 5376 3569 5402 ,
3603 5350 3701 5405 pro

2103 5408 2389 5481 apparere;
2416 5418 2472 5465 et
2496 5419 2654 5481 antea
2681 5418 2822 5481 opto,
2852 5424 2949 5479 pro
2977 5408 3202 5461 obsecro.

2177 5478 2257 5554 (g)
2298 5482 2481 5554 Qualis
2504 5480 2670 5554 fuerit
2687 5478 2773 5554 hic
2794 5478 2994 5554 sermo,
3018 5478 3268 5554 augurari
3292 5479 3417 5533 licet
3436 5493 3500 5533 ex
3526 5478 3703 5534 verbis

2110 5550 2260 5609 num}
2292 5553 2345 5619 5,
2375 5551 2566 5621 quibus
2595 5550 2840 5608 Liberius
2864 5552 3228 5607 innocentiam
3258 5564 3411 5605 suam
3442 5559 3643 5605 tuetur.

2188 5625 2269 5694 Ut)
2309 5622 2466 5677 Anno
2521 5622 2802 5694 superiore
2847 5638 2942 5693 per
2972 5621 3705 5694 VincentiumCapuanum,

2114 5695 2203 5765 qui
2222 5692 2437 5750 Arelate
2452 5709 2574 5751 cum
2595 5693 2808 5749 Arianis
2828 5692 2884 5749 in
2898 5692 3177 5751 Athanasii
3198 5692 3708 5751 condemnatiouent

2117 5768 2415 5826 consensit.

3213 5858 3296 5920 22
