4224 6262
550 279 663 337 685

1792 266 2040 337 SANCTI
2071 212 2333 335 illm]!
2367 266 2683 339 EPISGOPI

3757 270 3865 331 68‘

555 401 611 449 ut
649 397 775 448 ante
816 390 995 447 omnia
1016 430 1031 457 ,
1070 384 1214 459 quod
1265 385 1576 457 specialiter
1611 390 1761 454 optat
1811 382 2008 443 mentis
2052 391 2161 438 tuae
2185 381 2239 442 Δ
2264 385 2522 456 cogitare.
2554 383 2734 440 Testis
2762 391 2940 439 autem
2968 381 3099 439 mihi
3127 390 3212 441 est
3245 382 3419 449 Deus,
3454 383 3606 440 testis
3635 391 3717 440 est
3750 394 3859 439 tota

554 497 685 554 erga
715 483 879 539 Deum
907 481 1116 539 sincera
1155 478 1410 549 devotio,
1438 492 1560 535 cum
1590 477 1713 534 ﬁdei
1743 492 1905 533 causa
1927 518 1942 545 ,
1974 478 2026 543 in
2053 493 2158 547 qua

560 576 731 643 prima
782 572 939 628 nobis
985 585 1111 641 spes
1149 580 1233 627 est
1278 569 1345 625 ad
1395 569 1588 635 Deum,
1638 569 1925 641 diligenter
1973 569 2160 627 fuisset

553 668 716 740 672
743 673 964 721 tractata
991 662 1087 735 (α).
1117 677 1185 717 ne
1205 677 1412 730 eorum,
1436 662 1525 734 qui
1552 673 1790 717 nostram
1816 664 1957 718 circa
1987 662 2159 718 Deum

553 757 949 815 observantiam
975 756 1159 812 mirari
1182 755 1402 820 debent,
1422 764 1644 826 possent
1668 755 1828 810 ﬁniri.
1852 755 1918 809 Et
1937 754 2157 825 dignum

550 853 723 907 fuerat
751 850 845 905 Dei
871 849 1101 916 cultore,
1135 848 1355 919 dignum
1388 848 1615 919 imperio
1648 858 1739 901 tuo
1764 846 1910 918 quod
1943 844 2147 901 Christi

551 946 752 1020 pietate
780 946 982 1017 regitur
1003 955 1057 1000 et
1093 955 1344 1014 augetur,
1374 943 1820 1014 specialiterlioc
1850 942 2025 1012 ipsum
2057 956 2155 1013 pro

552 1040 854 1097 reverentia
889 1049 1089 1095 sanctte
1126 1038 1440 1110 religionis,
1482 1037 1565 1093 cui
1601 1035 1895 1107 prudenter
1921 1037 2159 1091 intentus

554 1148 637 1203 es,
660 1133 999 1191 clementiam
1020 1142 1164 1189 tuam
1195 1133 1350 1189 nobis
1375 1130 1442 1186 ad
1471 1131 1589 1186 haec
1641 1130 1983 1202 impetranda
2018 1128 2184 1202 prie?

554 1234 721 1282 stare.

621 1319 678 1374 ‘2.
722 1318 943 1375 Litteras
968 1319 1313 1375 Orientalium
1334 1319 1681 1392 suppressisse
1710 1316 1843 1388 falso
1863 1327 2155 1373 accusatur.

554 1409 659 1466 Cur
705 1412 778 1468 eis
823 1412 1079 1481 ﬁdemnon
1121 1410 1379 1468 habuerit.
1437 1441 1508 1451 ——
1549 1410 1655 1467 Sed
1694 1411 1848 1467 multi
1893 1410 2152 1466 Ecclesia:

558 1505 800 1561 membra
852 1505 1094 1560 lacerare
1152 1504 1437 1571 festinant,
1492 1502 1583 1573 qui
1640 1502 2022 1558 conﬁnxerunt
2070 1516 2159 1558 me

551 1599 762 1657 litteras
796 1597 1196 1669 suppressisse,
1238 1612 1308 1653 ne
1348 1594 1574 1652 crimina
1621 1594 1772 1666 ejus,
1814 1609 1973 1666 quem
2013 1593 2161 1650 dice-

546 1695 748 1751 bantur
778 1693 1192 1757 condemnasse,
1226 1689 1368 1761 apud
1393 1704 1585 1745 omnes
1608 1695 1875 1758 paterent.
1908 1687 1985 1760 (b)
2014 1689 2160 1754 Quas

2262 490 2382 533 cum
2410 477 2522 532 suis
2545 475 2805 533 membris
2825 475 3090 541 Ecclesia,
3119 490 3207 531 me
3234 474 3341 531 ﬁde
3359 484 3414 531 et
3442 483 3589 531 metu
3610 475 3665 530 in
3691 475 3858 533 Deum

2262 584 2439 624 meum
2464 577 2656 624 cuncta
2699 568 2968 623 mundana
2999 569 3073 624 ita
3092 608 3108 637 ,
3140 577 3200 633 ut
3225 567 3535 638 evangelica
3565 575 3621 623 et
3642 576 3865 639 aposto-

2260 660 2362 717 lica
2385 662 2522 716 ratio
2547 660 2811 732 praecipit,
2834 660 3049 721 calcare
3073 670 3239 730 atque
3254 660 3514 727 calcasse.
3535 657 3655 719 Non
3679 658 3863 716 furore

2264 755 2575 822 temerario,
2595 752 2691 809 sed
2710 752 3007 813 constituto
3025 761 3185 824 atque
3211 752 3498 810 observato
3511 751 3635 822 jure
3654 751 3860 819 divino,

2261 858 2421 919 atque
2467 848 2520 902 in
2563 845 2670 902 alio
2708 846 3015 913 ministerio
3054 845 3427 907 ecclesiastico
3468 843 3687 912 vivens,
3729 843 3864 900 nihil

2262 956 2360 1013 per
2385 941 2549 1017 673
2574 940 2893 1011 iactantiam
2921 983 2934 1009 ,
2977 939 3111 996 nihil
3135 955 3230 1011 per
3256 940 3445 1010 gloriae
3468 939 3819 1008 cupiditatem
3846 978 3863 1005 ,

2259 1035 2406 1107 quod
2433 1036 2501 1090 ad
2540 1036 2714 1106 legem
2744 1034 3054 1106 pertinebat
3083 1034 3298 1105 implevi
3336 1050 3349 1088 :
3382 1042 3436 1089 et
3464 1032 3541 1094 ,ad
3571 1032 3712 1097 istud
3739 1030 3865 1088 ofﬁ—

2259 1131 2404 1186 cium
2429 1172 2444 1199 ,
2475 1130 2626 1186 testis
2654 1138 2739 1186 est
2768 1128 2899 1184 mihi
2930 1128 3073 1185 Deus
3102 1144 3277 1192 meus.
3310 1126 3516 1183 invitus
3539 1126 3776 1190 accessi;
3808 1124 3865 1181 in

2260 1236 2369 1295 quo
2415 1224 2575 1293 cupio
2616 1222 2837 1294 quidem
2884 1222 3003 1277 sine
3050 1221 3259 1276 otl‘ensa
3314 1220 3452 1289 Dei,
3502 1219 3760 1291 quamdiu
3800 1220 3857 1277 in

2260 1314 2463 1371 saeculo
2486 1314 2659 1380 luero.
2706 1328 3048 1386 permanere.
3077 1313 3144 1369 Et
3169 1328 3460 1384 numquam
3488 1327 3605 1368 mea
3633 1317 3867 1381 statuta,

2261 1405 2358 1464 sed
2385 1406 2703 1477 apostolica,
2728 1416 2786 1467 ut
2808 1414 2993 1462 essent
3018 1420 3234 1475 semper
3258 1406 3471 1465 ﬁrmata
3493 1415 3547 1461 et
3567 1404 3863 1473 custodita,

2263 1498 2482 1571 perfeci.
2505 1500 2732 1556 Secutus
2769 1513 2975 1555 morem
3003 1498 3355 1568 ordinemque
3386 1496 3656 1567 majorum
3683 1537 3698 1560 ,
3724 1495 3858 1552 nihil

2261 1594 2387 1650 addi
2434 1594 2767 1666 episcopatui
2814 1593 2964 1650 urbis
3006 1593 3227 1657 Romae.
3276 1591 3405 1651 nihil
3452 1591 3619 1649 minui
3668 1604 3865 1662 passus

2262 1701 2382 1743 sum
2416 1704 2431 1741 :
2460 1696 2515 1742 et
2543 1686 2689 1741 illam
2722 1684 2882 1741 ﬁdem
2915 1700 3163 1747 servans.
3186 1700 3307 1755 qua:
3332 1699 3430 1755 per
3455 1684 3864 1743 successionem

553 1787 675 1842 illas
724 1786 966 1841 litteras?
1006 1784 1400 1856 Episcoporum
1442 1781 1820 1849 Orientalium,
1867 1791 1921 1835 et
1951 1780 2156 1853 [Egyp-
2183 1774 2231 1847 B
2261 1786 2532 1833 tantorum
2581 1777 2961 1848 episcoporum
3011 1775 3285 1841 cucurrit,
3328 1791 3395 1832 ex
3440 1775 3636 1845 quibus
3679 1776 3864 1848 plures

551 1882 780 1946 tiorum;
824 1878 1020 1952 quibus
1058 1876 1113 1931 in
1162 1876 1416 1931 omnibus
1461 1875 1649 1930 eadem
1696 1873 1751 1929 in
1800 1874 2157 1931 Athanasium

547 1974 777 2030 crimina
806 1971 1259 2026 continebantur?
1281 1970 1351 2023 At
1380 1968 1513 2023 satis
1534 1966 1791 2022 omnibus
1815 1967 2021 2022 clarum
2048 1975 2154 2033 est,

548 2081 652 2121 nec
676 2064 957 2137 quisquam
1002 2071 1202 2132 negat,
1248 2075 1347 2117 nos
1382 2058 1736 2115 Orientalium
1776 2060 1986 2114 litteras
2027 2059 2155 2113 inti-

547 2173 748 2224 niasse,
781 2155 975 2226 legisse
1006 2153 1285 2220 Ecclesiae,
1325 2152 1522 2221 legisse
1548 2151 1801 2213 concilio,
1842 2162 2005 2221 atque
2039 2150 2155 2206 haec

549 2252 712 2308 etiam
745 2247 1131 2313 Orientalibus,
1160 2245 1525 2315 respondisse;
1555 2244 1643 2315 qui
1675 2242 1837 2298 ﬁdem
1862 2252 1916 2298 et
1942 2241 2014 2314 (c)
2034 2258 2160 2297 sen-

552 2342 773 2401 tentiam
798 2356 906 2395 non
926 2335 1391 2394 contmodavimus
1414 2344 1679 2404 nostram,
1702 2334 1845 2406 quod
1860 2334 1941 2406 (d)
1963 2334 2157 2390 eodem

560 2446 805 2505 tempore
848 2431 923 2504 (ε)
967 2432 1239 2501 octoginta
1279 2429 1656 2500 episcoporum
1684 2427 2059 2501 Aigyptiorum
2091 2427 2159 2484 de

549 2524 850 2583 Athanasio
874 2523 1145 2579 sententia
1170 2523 1526 2593 repugnabat,
1556 2537 1717 2592 quain
1740 2522 1992 2577 similiter
2020 2522 2159 2577 reci-

553 2620 790 2675 tavimus
826 2625 988 2686 atque
1034 2614 1425 2669 insinuavimus
1471 2615 1740 2686 episcopis
1788 2615 1953 2671 Italis.
2002 2615 2158 2672 Unde

550 2720 740 2767 contra
763 2706 999 2763 divinam
1045 2708 1219 2777 legem
1252 2705 1422 2760 visum
1454 2715 1537 2762 est
1568 2706 1765 2773 etiam,
1794 2722 1917 2762 eum
1948 2708 2158 2778 episco-

556 2818 748 2874 porum
779 2814 1039 2856 numerus
1081 2814 1178 2867 pro
1205 2796 1504 2853 Athanasio
1548 2799 1721 2868 major
1755 2799 2072 2867 exsisteret,
2104 2801 2160 2856 in

556 2904 711 2967 parte
739 2895 916 2964 aliqua
944 2888 1293 2946 commodare
1316 2904 1664 2947 consensum.
1702 2890 1829 2945 Haec
1858 2891 2079 2961 scripta,
2111 2890 2158 2946 si

561 2987 679 3044 Deo
724 2984 884 3040 ﬁdem
939 2983 1011 3056 (ι’)
1053 2982 1218 3038 debet
1262 2981 1531 3039 Eusebius
1578 2980 1669 3053 qui
1713 2981 1908 3038 missus
1956 2981 2155 3051 fuerat,

556 3077 821 3136 festinans
870 3074 939 3133 ad
985 3075 1221 3132 Africam
1271 3076 1429 3131 nobis
1483 3074 1702 3145 reliquit
1746 3094 1759 3131 :
1808 3092 1928 3146 quae
1977 3085 2157 3133 tamen

2263 1879 2531 1942 martyres
2587 1870 2952 1936 exstiterunt,
3017 1867 3279 1926 illibatam
3328 1867 3590 1925 custodiri
3646 1882 3866 1938 semper

2263 1972 2484 2034 empto.

2332 2053 2388 2109 4.
2451 2052 2576 2110 Cum
2608 2053 2959 2111 Orientalibus
2985 2070 3079 2109 cur
3102 2055 3485 2111 communicare
3531 2063 3763 2124 nequeat.
3789 2082 3865 2095 —

2263 2150 2503 2220 Denique
2537 2150 2646 2219 jam
2694 2164 2782 2204 ine
2817 2150 3029 2225 aperire
3070 2163 3287 2205 causam
3316 2148 3502 2220 pietati
3531 2156 3634 2203 tuae
3663 2147 3865 2209 sollici-

2265 2243 2394 2298 tudo
2414 2243 2781 2298 ecclesiastica
2810 2250 2971 2313 atque
3001 2243 3112 2313 ipsa
3138 2242 3354 2297 devotio
3403 2241 3712 2312 persuadet.
3771 2241 3862 2298 Si-

2259 2334 2518 2406 gniﬁcant
2536 2334 2843 2390 Orientales
2861 2377 2876 2400 ,
2912 2334 3030 2404 paci
3055 2345 3253 2391 unatrae
3271 2334 3412 2390 velle
3429 2334 3699 2405 conjungi.
3726 2333 3857 2402 Quae

2261 2438 2344 2484 est
2371 2444 2475 2498 pax
2498 2470 2513 2492 ,
2544 2427 2969 2483 clementissime
3002 2428 3317 2497 imperator,
3347 2442 3470 2483 cum
3495 2428 3605 2482 sint
3631 2443 3697 2484 ex
3744 2445 3860 2498 par.

2265 2521 2405 2576 tibus
2431 2520 2561 2591 ipsis
2602 2527 2834 2590 quatuor
2886 2520 3124 2592 episcopi
3174 2519 3559 2590 Demophilus,
3614 2519 3862 2579 Macedo-

2262 2613 2748 2682 nius,Eudnxius,
2786 2614 3106 2687 Martyrius,
3160 2615 3249 2686 qui
3304 2623 3428 2669 ante
3477 2630 3650 2669 annos
3701 2627 3858 2685 octo,

2259 2723 2381 2764 cum
2410 2707 2547 2780 apud
2576 2707 2651 2782 (g)
2683 2707 3042 2763 Mediolanum
3104 2709 3213 2762 Arii
3272 2690 3623 2764 sententiami
3645 2708 3863 2765 haereti-

2260 2818 2378 2858 cant
2408 2803 2705 2857 noluissent
2735 2802 3030 2870 damnare,
3067 2802 3135 2857 de
3173 2803 3406 2858 concilio
3460 2804 3656 2858 animis
3706 2802 3860 2859 iratis

2262 2896 2543 2951 exierunt?
2574 2894 2778 2950 Horum
2805 2895 2850 2950 si
2883 2894 2963 2950 fas
2993 2905 3075 2950 est
3104 2897 3387 2951 sententiis
3406 2938 3420 2963 ,
3448 2896 3610 2967 quale
3632 2898 3734 2964 sit,
3766 2904 3863 2953 aut

2260 2990 2386 3061 quid
2424 2989 2645 3061 periculi
2677 2989 2909 3054 habeat,
2946 2988 3294 3053 commodare
3320 3004 3665 3057 consensum,
3694 2988 3865 3061 tequi-

2264 3092 2346 3140 tas
2366 3094 2420 3139 et
2444 3084 2733 3147 clementia
2760 3092 2847 3141 tua
2876 3084 3075 3153 poterit
3101 3083 3394 3149 aestimare,
3448 3083 3563 3140 Non
3617 3091 3701 3145 est
3755 3097 3856 3138 no-

555 3180 747 3241 postea
774 3170 952 3227 omnia
983 3168 1209 3235 scripta,
1240 3182 1307 3222 ne
1336 3166 1405 3221 ad
1432 3165 1827 3237 impetrandum
1855 3166 1994 3224 forte
2022 3183 2153 3224 con-
2181 3161 2226 3224 C
2262 3192 2385 3239 vnni
2407 3219 2418 3239 ,
2440 3177 2581 3247 quod
2613 3191 2753 3231 nunc
2773 3176 3047 3232 subtiliter
3067 3185 3123 3231 et
3144 3176 3246 3231 sub
3275 3176 3564 3232 occasione
3616 3175 3854 3231 nominis

553 3266 739 3320 cilium
767 3263 1050 3330 deessent,
1084 3261 1399 3318 Vincentius
1428 3261 1515 3332 qui
1544 3276 1667 3319 cum
1698 3263 1909 3320 czeteris
1951 3264 2151 3321 missus

553 3357 731 3414 fuerat
756 3356 1035 3414 Arelatum
1060 3354 1303 3426 pertulit.

629 3451 683 3506 5.
726 3447 1038 3505 Criminibus
1094 3447 1191 3503 sibi
1219 3463 1251 3500 a
1279 3445 1578 3502 Constantio
1603 3447 1833 3518 conﬁctis
1863 3464 1917 3504 se
1944 3460 2154 3522 purgat.

556 3575 627 3589 —-
648 3545 806 3601 Videt
838 3544 999 3616 igitur
1028 3542 1314 3615 prudentia
1334 3550 1441 3606 tua,
1469 3540 1604 3596 nihil
1623 3539 1676 3595 in
1709 3542 1946 3598 animum
1978 3561 2157 3601 meum

555 3637 843 3705 introisse,
886 3633 1029 3707 quod
1062 3635 1173 3690 Deo
1198 3631 1562 3693 servientibus
1593 3647 1698 3689 non
1728 3633 1949 3704 dignum
1982 3635 2157 3695 fuerat

626 3774 710 3849 (α)
748 3776 944 3849 Baron.
983 3789 1073 3828 nec
1113 3772 1431 3849 eor_um.__An
1463 3770 1656 3826 tea/mre
1693 3787 1877 3849 eorum
1901 3773 1986 3828 vel
2030 3781 2153 3849 tunc

557 3841 649 3906 aui
677 3841 862 3903 dehinc
890 3861 1085 3915 eorum,
1124 3841 1408 3915 subaudito
1440 3853 1623 3912 postea
1654 3843 1918 3915 vocabulo
1948 3847 2153 3902 cum?

629 3919 705 3990 (ὁ)
744 3913 1005 3975 Αιίςιςθι
1062 3931 1163 3990 ms.
1210 3913 1728 3990 Pithmano,__quus_i
1769 3914 1887 3971 illas
1935 3916 2153 3990 litteras.

559 3984 904 4045 Pricl‘eriinus
942 4003 1064 4059 cum
1110 3986 1332 4059 Baron._
1361 4001 1488 4059 quas
1532 3984 1661 4059 illus
1691 3984 1919 4052 litteras,
1962 3989 2156 4059 supple

562 4059 946 4143 suppressisse?
978 4058 1070 4113 His
1097 4058 1274 4143 verbis
1310 4055 1555 4143 fu'ndlitus.
1586 4056 1689 4109 ruit
1717 4071 1901 4139 eorum
1946 4055 2153 4143 opinio,

559 4125 1014 4203 QII-i'supOl'itll'ellt
1047 4129 1327 4203 epistolam
1355 4125 2155 4203 Liberiinomineinscriptam

559 4197 617 4259 tit
642 4197 930 4274 genuinam
953 4200 1240 4274 recipiunt.
1266 4197 1366 4266 Qui
1383 4199 1536 4274 enini
1564 4198 1918 4274 Orientalium
1950 4201 2161 4258 litteras

560 4269 929 4345 suppressisse
972 4270 1313 4345 insimulatus
1352 4270 1438 4345 sit,
1492 4269 1535 4323 si
1588 4270 1668 4323 eis
1718 4284 1924 4345 morem
1964 4288 2163 4340 gerens

560 4340 791 4401 Romam
820 4343 1171 4399 Athanasium
1195 4340 1457 4405 citaverit,
1493 4354 1556 4395 ac
1584 4341 1925 4409 postmodum
1954 4360 1983 4396 a
2012 4359 2161 4402 com-

566 4417 823 4471 munione
851 4429 947 4471 sua
975 4412 1316 4469 renioverit?

638 4486 711 4556 (c)
755 4485 894 4540 Pitli.
928 4502 1057 4551 ms.,
1089 4481 1568 4556 scientiaiit,_.\lztgis
1590 4482 1905 4556 placetcum
1937 4486 2160 4552 Baron.,

564 4552 887 4611 sententiam.
924 4556 1072 4619 llius,
1106 4569 1312 4610 necnon
1363 4552 1515 4623 Frag.
1554 4552 1626 4619 vi,
1659 4570 1711 4607 n.
1765 4555 1817 4622 5,
1858 4556 1925 4611 ab
1972 4559 2163 4614 eodem

571 4626 781 4684 Litterin
810 4628 1089 4683 audiemus
1119 4625 1442 4680 commodare
1472 4640 1791 4680 consensum.

642 4698 718 4770 (ιι)
764 4700 1016 4753 ΕιίιιΙιξιἯῐ
1047 4698 1237 4762 Faber,
1287 4713 1343 4751 eo
1396 4706 1641 4764 tempore,
1676 4698 1918 4770 quantivis
1960 4700 2013 4754 in
2056 4714 2161 4755 suo

571 4786 673 4825 nis.
701 4767 993 4838 reperissct
1015 4770 1190 4822 eodem
1213 4778 1434 4839 tempore
1452 4782 1475 4839 7:
1499 4767 1769 4839 quomodo
1792 4769 1953 4822 etiam
1981 4780 2160 4827 exstat

569 4842 709 4916 apud
744 4836 935 4896 Baron.
975 4841 1107 4916 llinc
1139 4836 1349 4916 rursum
1383 4836 1664 4916 refellitur,
1696 4839 1835 4908 quod
1870 4841 2159 4916 ad__del’en-

568 4910 797 4967 dendam
825 4911 1119 4982 superioris
1145 4910 1387 4982 epistolae
1416 4910 1692 4982 veritatem
1726 4912 1966 4982 nonnulli
1998 4929 2163 4968 exco-

569 4986 826 5055 gitarunt,
859 4979 1111 5036 nimirum
1130 4981 1411 5055 Liberium
1434 4979 2006 5055 litterisOrientalium
2040 5000 2161 5052 per-

572 5051 777 5109 inotum
806 5069 925 5126 eam
956 5052 1257 5126 sei-ipsisse,
1282 5052 1377 5106 sed
1399 5051 1465 5104 ab
1494 5066 1554 5102 ea
1583 5051 1788 5126 edenda
1816 5052 1935 5119 aliis
1958 5055 2161 5126 .‘Egyp—

573 5126 767 5180 tiorum
822 5123 1014 5179 litteris
1058 5124 1218 5177 fuisse
1264 5132 1593 5177 revocatum.
1639 5120 1740 5190 Qui
1782 5130 1925 5178 enim
1968 5120 2163 5184 eodem

572 5206 815 5269 tempore
855 5195 1203 5269 Orientalium
1251 5193 1493 5269 simulet
1538 5191 1913 5264 Egyptioruni
1959 5198 2165 5269 litteras

572 5264 879 5335 acceperit,
927 5266 971 5322 si
1026 5266 1237 5321 illorum
1288 5264 1478 5319 litteris
1528 5277 1835 5337 permotus,
1892 5270 2038 5337 prius
2096 5268 2164 5324 ad

575 5338 927 5394 Athanasium
960 5339 1324 5408 presbyteros
1368 5335 1599 5408 miserit.
1642 5352 1704 5391 ac
1752 5335 2040 5395 missorum
2071 5356 2168 5396 ex-

574 5410 833 5535 sipecltgrit
879 5406 1334 5479 reditum,quam
1363 5408 1433 5463 ab
1472 5406 1710 5479 Egypto
1749 5409 2041 5481 quidquam
2072 5427 2168 5467 au-

574 5496 690 5535 ιιι-θ

572 5491 712 5536 «tiret

649 5551 720 5623 (c)
762 5551 921 5621 Apud
949 5552 1143 5608 Baron‘.
1170 5550 1500 5625 septuaginta
1512 5551 1758 5625 quinque.
1793 5550 1959 5625 Magis
1989 5553 2165 5623 placet

575 5621 706 5696 cum
738 5625 939 5678 nostris
984 5639 1116 5696 mss.
1159 5621 1435 5696 ocloqinta.
1482 5621 1731 5696 Namque
1767 5621 2024 5696 episcopi,
2066 5626 2161 5696 qui

571 5694 783 5763 Fragm.
836 5710 892 5761 ii,
937 5702 991 5749 n‘.
1043 5693 1097 5759 5,
1141 5709 1208 5750 es
1252 5693 1488 5765 Ergypto
1512 5694 1591 5765 adi
1628 5693 1828 5749 Julium
1870 5693 2158 5765 scripsisse

567 5776 955 5833 memorantur,
988 5780 1136 5820 num.
1174 5765 1239 5821 10
1280 5764 1522 5834 ejusdem
1554 5764 1768 5837 Fragnt.
1799 5764 2156 5836 perhibentur

2262 3267 2543 3324 Athanasii
2573 3276 2885 3323 attentatur.
2911 3267 3342 3327 Manentlittera:
3401 3267 3693 3324 Alexandri
3737 3267 3856 3339 epi-

2266 3362 2413 3434 seopi
2430 3362 2556 3417 olim
2578 3361 2643 3418 ad
2666 3362 3005 3435 Sylvestruin
3032 3370 3233 3420 sancta:
3262 3362 3537 3429 memoria:
3559 3361 3865 3429 deSIinatgc,

2265 3456 2463 3525 quibus
2520 3455 2843 3526 significavit
2896 3465 3022 3510 ante
3072 3454 3468 3511 ordinationem
3549 3454 3865 3520 Athanasii,

2266 3550 2347 3624 (Ιι)
2378 3548 2625 3605 undecim
2683 3555 2789 3604 tam
2818 3548 3161 3620 presbyteros
3189 3561 3350 3618 quam
3380 3547 3555 3620 etiam
3573 3546 3858 3612 diacones,

2265 3642 2408 3714 quod
2434 3640 2548 3697 Arii
2578 3638 2828 3696 haeresim
2858 3648 3235 3710 sequerentur,
3268 3654 3329 3696 se
3358 3638 3582 3696 ecclesia
3613 3638 3864 3708 ejeeisse,

2259 3777 2530 3847 octoginta
2569 3774 2861 3829 eXstitisse.
2905 3774 3105 3840 Quales
3143 3782 3324 3847 autem
3364 3772 3434 3847 ad
3474 3772 3693 3847 Iulium,
3726 3773 3865 3847 tales

2260 3848 2327 3904 ad
2356 3842 2627 3903 Liberium
2661 3848 2870 3901 litteras
2894 3886 2907 3912 ,
2942 3847 3043 3899 hoc
3072 3854 3155 3901 est
3185 3842 3255 3900 ab
3287 3842 3476 3911 iisdem
3500 3888 3512 3909 ,
3547 3844 3600 3915 in
3631 3846 3864 3915 gratiam

2260 3918 2539 3976 Athanasii
2563 3916 2717 3971 datas
2740 3932 2882 3982 esse,
2915 3916 3202 3986 postremis
3224 3916 3519 3986 superioris
3547 3914 3860 3988 Fragmenti

2261 3990 2443 4047 verbis
2484 3988 2805 4043 audivimus.

2338 4061 2416 4132 (ι’)
2458 4057 2845 4132 Baron._habet
2873 4056 3183 4113 Tlieosebius
3210 4076 3229 4115 :
3256 4067 3311 4116 et
3353 4058 3499 4127 moi,
3547 4067 3659 4131 post
3694 4058 3873 4113 omnia

2260 4129 2524 4201 scripta...
2557 4129 2821 4184 Arelalum
2859 4131 3101 4201 pervenit.

2338 4200 2418 4275 (gl
2448 4203 2575 4256 Post
2602 4200 2955 4275 Athanasium
2983 4202 3075 4275 lib.
3098 4202 3168 4275 d_e
3188 4201 3397 4275 Synod.
3431 4218 3554 4275 pag.
3574 4200 3705 4267 895,
3732 4216 3861 4258 nar.

2268 4271 2641 4343 rat"Socrates
2674 4272 2769 4328 ιιι).
2804 4287 2862 4336 ιι,
2890 4287 2939 4327 c.
2976 4271 3063 4343 l9.
3119 4271 3699 4331 Orientales—triennio
3741 4282 3865 4343 post

2266 4346 2554 4400 concilium
2581 4342 2833 4399 Antioch.
2864 4342 2992 4397 anni
3020 4343 3157 4409 541,
3189 4346 3455 4415 prolixam
3498 4343 3621 4400 ﬁdei
3655 4342 3867 4400 formu-

2268 4416 2378 4472 lam
2408 4419 2799 4484 conscripsisse
2823 4457 2836 4479 ,
2864 4431 3092 4484 eamque
3125 4432 3219 4486 per
3242 4417 3547 4483 Endoxium
3572 4458 3588 4481 ,
3620 4415 3869 4471 Macedo-

2273 4489 2417 4541 nium
2449 4499 2502 4542 et
2535 4488 2848 4557 Martyrium
2871 4486 2936 4540 ad
2961 4490 3244 4553 episconoe.
3274 4488 3443 4547 italiae
3492 4488 3724 4541 misisse.
3787 4488 3869 4543 Ex

2274 4559 2484 4613 illorum
2516 4557 2889 4631 adventunata
2925 4558 3134 4631 videtur
3158 4560 3315 4631 hujus
3357 4560 3570 4615 concilii
3613 4559 3863 4631 occasio,

2190 4635 2244 4697 D
2273 4631 2322 4684 ilt
2357 4635 2461 4699 (tuo
2494 4637 2719 4700 quatuor
2749 4627 2826 4683 illi
2852 4629 3087 4700 cpisctipi
3141 4627 3252 4686 Arii
3299 4632 3575 4700 hicresitn,
3604 4629 3867 4684 damnare

2271 4699 2607 4755 recusarunt.
2652 4700 2803 4754 Unde
2824 4699 3000 4754 obiter
3045 4702 3432 4768 oh<ervatnus,
3464 4702 3515 4756 id
3546 4699 3869 4755 Occidenta-

2267 4772 2409 4828 libus
2444 4773 2609 4825 moris
2643 4771 2839 4834 fuisse,
2875 4784 2931 4825 ut
2962 4772 3012 4824 in
3041 4774 3283 4826 CiIltCiiilS
3307 4773 3418 4829 suis
3476 4788 3599 4827 cum
3651 4773 3867 4827 eti-teris

2267 4843 2567 4897 limresibtts
2616 4841 2874 4896 Arianam
2933 4843 3399 4898 condemnandam
3473 4854 3864 4912 tirOponercnt.

2266 4915 2419 4981 Quod
2444 4914 2585 4968 enim
2610 4914 2711 4985 Ιιςιιε
2734 4928 2876 4968 anno
2905 4928 2932 4966 a
2963 4914 3233 4985 prmdictis
3286 4914 3557 4985 episcopis
3578 4955 3591 4976 ,
3646 4914 3747 4985 huc
3784 4916 3867 4985 ip-

2265 5001 2384 5044 sum
2408 5002 2548 5041 anno
2596 4983 2700 5039 347
2729 4999 2760 5037 ιι
2784 4983 3001 5041 Valente
3030 4992 3083 5039 ct
3106 4983 3331 5040 Ursacio
3350 4986 3400 5040 in
3429 4985 3621 5041 eadem
3643 4983 3867 5040 civitate

2267 5069 2513 5112 etinctum
2545 5054 2679 5120 fuit,
2711 5065 2768 5109 ut
2820 5058 2917 5124 ipal
2941 5057 3217 5111 declarant
3276 5056 3432 5127 Frag.
3477 5072 3538 5122 tt,
3570 5074 3622 5109 ιι.
3667 5056 3760 5110 2t).
3810 5056 3869 5117 Id

2270 5144 2484 5200 quoque
2514 5128 2813 5182 Arelatensi
2839 5127 3047 5199 syno'lo
3073 5129 3197 5183 anni
3237 5129 3367 5200 535A
3393 5130 3692 5200 praestitum
3738 5142 3866 5200 esse

2272 5197 2399 5254 mox
2427 5201 2725 5253 audiemus.
2762 5197 3189 5265 EtAtnanasius,
3222 5202 3314 5254 lih.
3338 5197 3404 5252 de
3426 5197 3629 5268 Synod.
3660 5215 3712 5268 p.
3733 5199 3866 5267 876,

2274 5271 2427 5325 testis
2449 5280 2563 5334 est,
2596 5268 2819 5324 Arimini
2848 5268 3165 5337 patefactam
3184 5288 3243 5325 ea
3294 5267 3506 5325 ratione
3560 5267 3723 5337 fuiaSc
3754 5267 3866 5326 Va-

2274 5342 2434 5396 lentis
2459 5354 2510 5396 ei
2542 5341 2743 5396 Ursacii
2799 5343 3081 5395 vafritiem.
3116 5342 3383 5411 Episcopis
3429 5342 3598 5409 enini,
3657 5341 3862 5409 inquit,

2274 5411 2673 5482 proponentibus
2702 5423 2752 5465 ut
2783 5422 2979 5466 caetera:
2995 5429 3114 5471 cum
3138 5413 3330 5468 Arianu
3356 5414 3724 5479 danutarentur
3753 5413 3864 5482 fita-

2275 5480 2409 5537 reses
2426 5527 2439 5550 ,
2471 5484 2775 5554 reliquisque
2798 5485 3029 5538 omnibus
3055 5484 3123 5538 ad
3148 5485 3204 5537 id
3226 5483 3655 5549 consentientibus
3673 5524 3688 5553 ,
3758 5480 3865 5538 Va-

2276 5555 2385 5608 lens
2411 5564 2459 5607 et
2492 5552 2738 5609 Ursucius
2763 5571 2878 5608 cum
2901 5556 3051 5610 sociis
3072 5556 3381 5617 abnuerunt.

2348 5624 2425 5697 (Ii)
2458 5625 2660 5681 Horum
2688 5627 3033 5698 Athanasius,
3067 5627 3133 5681 ad
3151 5627 3291 5681 Solit.
3327 5641 3378 5698 p.
3406 5625 3535 5692 858,
3563 5625 3869 5698 catalogutn

2272 5698 2487 5769 videtur
2510 5706 2697 5751 texere
2717 5739 2730 5761 ,
2763 5697 2853 5752 tibi
2877 5698 3232 5768 conqueritur
3249 5697 3389 5769 quod
3420 5698 3630 5752 Arionis
3657 5739 3671 5759 ,
3703 5697 3868 5769 neque

2266 5767 2375 5823 illis
2406 5770 2608 5824 novitiis
2629 5810 2645 5839 ,
2678 5770 2769 5824 sed
2798 5767 3046 5825 veteranis
3070 5785 3132 5824 ac
3153 5767 3417 5843 jam‘olim
3466 5785 3584 5825 cum
3625 5769 3751 5825 Aria
3800 5768 3869 5823 ab
