4224 6262
314 5683 343 5706 δ

416 347 523 404 68)

1343 351 1437 407 EX
1473 349 1705 409 OPERE
1744 352 2111 412 HISTORICO
2152 355 2637 415 FRAGMENTUM
2676 360 2767 418 VI.

3612 372 3715 430 (90

415 481 510 523 sus
536 468 590 523 in
628 467 878 523 exsilium
896 464 973 539 (a)
992 466 1253 564 universa
1284 466 1337 522 in
1368 466 1579 564 irritum
1610 466 1852 535 deduxit,
1878 470 2014 526 scri-
2038 476 2091 536 Α
2116 473 2402 530 sententiis
2428 476 2648 542 vestris,
2699 476 3015 549 litterasque
3044 494 3207 552 super
3234 484 3454 543 nomine
3501 486 3619 556 ejus
3643 490 3717 564 (e)

414 560 549 617 bens
580 560 1089 631 praevaricatoribus
1118 559 1387 616 hmreticis
1413 560 1650 628 Arianis,
1678 562 1770 633 qui
1803 564 1856 618 in
1887 578 2014 618 san-

414 666 559 709 ctum
602 650 959 708 Athanasium
1007 651 1369 708 orthodoxum
1416 652 1729 724 episcopum
1763 653 2012 727 (b)inju-

411 754 551 802 stam
578 744 752 800 tulere
776 744 1154 800 sententiam.»

414 884 789 941 Dilectissimis
858 885 1114 939 fratribus
1175 883 1503 957 presbyteris
1545 895 1598 940 ct
1672 886 2009 958 coepiscopis

485 978 874 1045 Orientalibus,
904 976 1153 1033 Liberius
1205 974 1364 1049 (circa
1395 978 1547 1047 ﬁnem
1572 995 1659 1032 an.
1689 977 1846 1052 557).

482 1114 536 1169 5.
586 1112 694 1168 Pro
727 1112 920 1168 deifico
938 1111 1130 1168 timore
1151 1120 1334 1167 sancta
1363 1111 1494 1167 fides
1517 1121 1693 1168 vestra
1714 1114 1883 1185 678
1900 1114 2009 1170 Deo

408 1207 619 1279 cognita
650 1216 736 1262 est
762 1216 815 1261 et
838 1205 1147 1261 hominibus
1175 1205 1331 1260 bona:
1361 1206 1671 1261 voluntatis.
1728 1206 1881 1263 Sicut
1920 1208 2003 1263 lex

406 1298 667 1371 loquitur,
712 1296 867 1353 Iusta
882 1297 1137 1372 judicate,
1157 1297 1257 1368 ﬁlii
1283 1298 1544 1352 hominum
1565 1300 1583 1364 (
1596 1297 1737 1353 Psal.
1768 1314 1894 1361 Lvn.
1919 1297 2000 1368 2),

406 1406 505 1462 ego
532 1390 891 1447 Athanasium
920 1387 991 1462 (c)
1019 1404 1127 1444 non
1156 1386 1419 1444 defendo:
1456 1389 1550 1444 sed
1580 1391 1706 1460 quia
1740 1405 1999 1458 suscepe-

402 1496 487 1543 rat
517 1485 667 1541 illum
717 1484 874 1540 bona:
915 1484 1192 1540 memoria:
1216 1483 1392 1539 Julius
1418 1484 1705 1555 episcopus
1735 1484 2001 1540 decessor

404 1595 557 1637 meus
589 1622 603 1646 ,
658 1578 885 1635 verebar
926 1592 993 1633 ne
1040 1576 1177 1633 forte
1202 1577 1280 1649 (ά)
1320 1577 1388 1632 ab
1412 1577 1593 1647 aliquo
1620 1578 2003 1648 praevaricator

397 1670 697 1743 iudicarer.
737 1670 809 1725 At
834 1667 922 1726 ubi
951 1668 1205 1740 cognovi,
1238 1668 1453 1738 quando
1479 1669 1586 1725 Deo
1611 1667 1833 1740 placuit,
1855 1670 1999 1739 justo

2118 563 2199 636 (id
2224 573 2297 620 est
2318 566 2381 619 de
2406 568 2827 627 condemnatione
2855 572 3066 645 ipsius),
3099 590 3195 645 per
3216 575 3438 634 fratrem
3471 563 3715 640 nostrum

2118 654 2569 714 Fortunatianum
2625 659 2747 715 dedi
2800 662 3153 732 perferendas
3204 667 3273 723 ad
3330 669 3714 741 imperatorem

2116 747 2515 807 ConSIantium.
2546 753 2732 825 Itaque
2759 766 2944 812 amoto
2972 758 3270 817 Athanasio
3307 764 3380 836 (f)
3404 780 3434 819 a
3463 781 3714 823 commu-

2115 844 2279 901 nione
2303 848 2543 902 omnium
2572 858 2837 915 nostrum,
2869 852 3020 923 cujus
3043 870 3141 909 nec
3162 856 3403 926 epistolis
3428 874 3458 913 a
3482 876 3568 916 me
3594 876 3717 918 sus-

2110 936 2356 1005 cipienda
2412 951 2560 1007 sunt,
2622 941 2745 997 dico
2783 959 2871 999 me
2898 960 3020 1000 cum
3048 946 3299 1005 omnibus
3327 952 3481 1008 vobis
3509 962 3565 1009 et
3590 969 3712 1012 cum

2112 1031 2385 1086 universis
2435 1034 2705 1104 epiacnpis
2732 1034 3098 1094 Orientalibus
3141 1054 3238 1096 seu
3288 1058 3384 1111 per
3430 1048 3714 1105 universas

2112 1124 2418 1193 provincias
2454 1140 2640 1194 pacem
2670 1136 2724 1182 et
2757 1128 3165 1187 ttnanimitatem
3201 1132 3425 1191 habere.

2182 1213 2235 1269 6.
2281 1214 2555 1270 Sirmiensi
2604 1218 2727 1284 ﬁdei
2764 1219 3054 1275 subscribit.
3096 1252 3167 1263 —
3212 1223 3384 1293 Nam,
3443 1238 3501 1283 ut
3527 1231 3708 1286 verius

2108 1308 2315 1374 sciatis,
2345 1325 2430 1364 me
2457 1310 2533 1382 (g)
2555 1326 2680 1367 vera
2712 1312 2815 1367 fide
2844 1330 2938 1383 per
2965 1314 3108 1370 hanc
3136 1318 3420 1388 epistolam
3450 1338 3512 1378 ea
3541 1324 3709 1395 loqui,

2108 1398 2358 1454 dominus
2389 1411 2443 1456 et
2474 1401 2641 1461 frater
2672 1419 2822 1459 meus
2847 1410 3152 1465 communis
3179 1412 3560 1484 Demophilus,
3605 1419 3695 1488 qui

2107 1491 2358 1563 dignatus
2389 1502 2474 1549 est
2503 1510 2600 1565 pro
2626 1510 2721 1551 sua
2748 1498 3127 1555 benevolentia
3157 1502 3318 1559 fidem
3353 1505 3435 1577 (Ii)
3469 1517 3704 1564 vestram

2107 1593 2162 1639 et
2190 1585 2509 1641 catholicam
2541 1601 2834 1659 exponere,
2867 1605 2990 1661 qute
3015 1592 3214 1649 Sirmio
3255 1610 3284 1649 a
3318 1596 3559 1664 pluribus
3588 1600 3701 1653 fra-

2110 1678 2283 1734 tribus
2323 1689 2377 1734 et
2415 1681 2758 1753 coepiscopis
2796 1684 2995 1739 nostris
3027 1693 3254 1741 tractata
3280 1732 3294 1757 ,
3322 1691 3564 1759 exposita
3587 1734 3601 1756 ,
3648 1702 3703 1747 ct

400 1781 499 1822 vos
517 1766 668 1822 illum
696 1765 1110 1829 condemnasse,
1142 1777 1268 1817 mox
1294 1777 1619 1818 consensum
1653 1762 1991 1819 commodavi
2021 1750 2070 1811 Β
2096 1781 2344 1843 suscepta
2366 1782 2451 1828 est
2475 1772 2625 1845 (Hec
2653 1750 2714 1846 (ἶ)
2744 1788 2817 1831 est
2852 1778 3074 1848 perﬁdia
3100 1750 3319 1847 Ariona,
3345 1750 3441 1836 hoc
3467 1800 3561 1855 ego
3589 1750 3688 1837 no.

479 1929 553 2000 (a)
587 1926 711 1982 Post
739 1939 997 1989 exactum,
1024 1926 1188 2000 inquit
1225 1926 1498 2000 Albanas.
1525 1926 1588 2000 ad
1608 1926 1763 1982 Solit.
1798 1944 1848 1997 Ρ.
1869 1930 1994 1997 857,

401 2002 455 2056 in
485 1998 668 2054 exsilio
716 2000 976 2053 biennium
1026 1998 1245 2068 inﬂexus
1290 2008 1385 2064 est,
1429 1998 1681 2069 minisque
1730 2002 1908 2054 mortis
1932 2002 2001 2055 ad

401 2072 823 2136 subscriptionem
852 2071 1092 2123 inductus
1120 2081 1213 2122 est.
1276 2070 1353 2123 Ex
1408 2084 1516 2136 quo
1556 2069 1790 2123 efficitur
1816 2112 1831 2137 ,
1888 2079 2000 2128 tres

401 2144 798 2211 snbsequentes
823 2141 1081 2211 epistolas
1109 2148 1342 2211 exeunte
1364 2154 1509 2195 anno
1535 2140 1640 2194 557
1667 2182 1682 2207 ,
1729 2149 1822 2196 aut
1850 2154 1998 2197 certe

403 2210 624 2271 ineunte
652 2211 782 2276 558.
811 2213 1040 2281 scriptas
1068 2226 1211 2266 esse.
1272 2210 1454 2266 Facile
1474 2212 1636 2266 etiam
1674 2211 1889 2279 aliquod
1923 2214 1998 2268 in-

400 2295 484 2340 ter
529 2299 622 2340 eas
672 2283 1016 2338 intervallum
1062 2281 1228 2337 fuisse
1269 2283 1638 2337 concedimus.
1705 2282 1839 2337 Nam
1868 2283 1994 2339 dum

401 2356 592 2412 Romae
616 2356 891 2410 desiderio
918 2354 1152 2423 ﬂagrans
1177 2352 1422 2408 Liberius
1462 2354 1532 2407 ab
1558 2354 1642 2406 his
1665 2394 1682 2416 .
1732 2369 1763 2407 a
1802 2356 1998 2425 quibus

405 2428 682 2498 sperabat,
725 2442 784 2480 se
812 2425 941 2480 nihil
963 2426 1139 2498 juvari
1164 2434 1458 2498 cerneret;
1496 2425 1732 2498 aliorum,
1756 2426 1997 2498 subinde

402 2495 560 2569 opem
589 2498 930 2567 implorabat.
960 2496 1111 2552 Unde
1127 2495 1365 2569 primam
1395 2496 1460 2551 ad
1486 2511 1685 2569 annum
1715 2495 1839 2561 357,
1864 2498 1998 2569 alias

402 2566 468 2624 ad
498 2569 642 2631 358,
670 2566 677 2567 ⁷
702 2568 974 2638 pertinere
1022 2566 1302 2638 probabile
1346 2576 1449 2622 est.
1502 2566 1734 2621 Litteras
1776 2568 1994 2638 easdem

402 2636 984 2709 tlescripsitﬁBarunius
1010 2640 1074 2693 ad
1098 2654 1187 2691 an.
1213 2636 1341 2703 557,
1368 2654 1420 2692 η.
1450 2639 1520 2692 54
1543 2680 1557 2703 ,
1597 2653 1731 2705 quas
1758 2638 1808 2691 in
1839 2636 1997 2693 Cres-

401 2712 629 2767 coniana
670 2711 991 2766 collectione
1012 2725 1076 2765 ae
1103 2709 1313 2764 duobus
1345 2709 1627 2764 codicibus
1666 2723 1726 2764 se
1773 2719 1993 2765 nactum

403 2798 523 2840 esse
555 2792 783 2837 testatur
804 2798 859 2837 η.
886 2783 975 2837 52.

476 2854 552 2927 (ὑ)
580 2854 655 2927 lta
685 2854 850 2927 Sirm.
882 2869 984 2927 ms.
1010 2853 1157 2927 Alias
1182 2852 1622 2927 autem,_i_njnste.

476 2855 528 2927 (ι)
580 2854 655 2908 lta
685 2854 850 2910 Sirm.
882 2869 984 2909 ms.
1010 2854 1157 2907 Alias
1182 2860 1383 2917 autem,
1414 2854 1622 2922 injuste.

474 2854 552 2996 (cl
576 2926 629 2979 In
657 2940 759 2978 ms.
794 2924 939 2980 Pith.
970 2941 1071 2978 non
1102 2922 1328 2996 defendi.
1396 2922 1561 2996 l_\‘_obis
1598 2924 1768 2994 magis
1798 2926 1997 2996 proba-

400 2992 491 3051 tur
518 2992 640 3053 eum
672 2996 906 3051 Baronio
949 3012 1049 3050 non
1104 2994 1345 3065 defendo.
1400 2992 1535 3049 Nam
1578 2992 1718 3066 quod
1762 2992 1997 3053 Athana-

400 3070 539 3123 sium
566 3078 722 3122 antea
752 3067 1077 3131 defenderit,
1111 3065 1354 3133 pluribus
1382 3065 1613 3120 constat.

2105 1946 2224 2013 eam
2245 1948 2308 2013 _s_e
2334 1934 2637 2013 suscepisse
2659 1935 2737 2013 ait
2759 1935 2949 2013 fidem,
2971 1950 3085 2008 qum
3113 1938 3366 1995 Simiam
3410 1958 3443 1995 a
3468 1943 3701 2013 pluribus

2103 2006 2349 2074 fratribus
2374 2016 2419 2059 et
2439 2007 2763 2080 coepiscopis
2788 2006 3497 2080 nostrisVtractata,e:t:posit¢i,
3528 2026 3574 2069 et
3587 2032 3698 2070 sus-

2100 2086 2248 2154 cepta
2280 2085 2352 2129 est
2397 2077 2459 2129 ab
2505 2078 2738 2154 omnibus
2776 2079 2865 2154 q_u_i
2907 2081 2958 2154 in
3000 2085 3237 2154 prtesenli
3265 2077 3538 2153 fuerunt:
3568 2103 3690 2154 quae

2100 2149 2271 2223 verba
2320 2161 2440 2201 cum
2486 2149 2739 2223 secundae
2774 2149 3103 2223 _S_irm_ieosis
3141 2149 3387 2208 formulae
3430 2149 3700 2223 prooemio

2100 2219 2235 2271 satis
2276 2219 2621 2274 conveniant.
2681 2219 2737 2274 In
2768 2220 3030 2276 Blondelli
3084 2225 3404 2279 sententiam
3433 2219 3699 2283 Petavius

2104 2291 2245 2364 notis
2274 2287 2325 2343 in
2355 2290 2624 2364 Epiphan.
2657 2307 2777 2364 pag.
2803 2293 2929 2364 516,
2970 2296 3304 2362 propendet:
3335 2299 3580 2364 quamvis
3607 2298 3697 2353 Li-

2103 2358 2311 2441 berium
2336 2358 2620 2441 ablueresi
2652 2358 2809 2441 facile
2832 2358 3045 2441 liberari
3071 2358 3235 2441 posse
3262 2358 3564 2435 censeat,si
3584 2372 3669 2441 pri
3680 2402 3699 2412 -

2101 2445 2245 2484 mam
2266 2432 2557 2510 _dumtax_at
2588 2432 2857 2510 przedicta:
2886 2433 3135 2510 fortttttla)
3165 2446 3369 2505 partem
3392 2480 3406 2501 ,
3449 2432 3554 2510 qua
3584 2432 3698 2495 'ho-

2102 2502 2351 2557 mousion
2386 2513 2442 2557 et
2485 2502 2823 2559 homaeusion
2865 2502 3197 2561 reticendum
3229 2523 3349 2563 esse
3374 2502 3689 2574 decernunt.

2102 2574 2252 2654 pacis
2280 2583 2335 2627 ct
2357 2574 2555 2654 quietis
2594 2574 2771 2628 studio
2796 2574 3009 2630 dicatur
3035 2592 3159 2633 esse
3200 2581 3535 2654 complexus.
3581 2582 3687 2637 Sed

2144 2645 2223 2696 nis
2248 2658 2371 2699 eum
2399 2645 2622 2719 primam
2642 2653 2867 2719 tantum
2916 2656 3123 2719 partem
3166 2645 3471 2719 suscepisse
3494 2667 3689 2707 conce-

2139 2725 2215 2794 at,
2236 2730 2264 2768 a
2291 2730 2399 2784 quo
2425 2715 2604 2794 audit,
2631 2715 2785 2794 [Ιαῃσ
2822 2715 2931 2794 ego
2947 2717 3133 2794 libenti
3146 2715 3546 2794 animoisuscepi
3570 2766 3585 2790 ,
3634 2727 3688 2779 in

2102 2784 2246 2858 nullo
2278 2787 2606 2858 contradigti?
2628 2785 2734 2841 Sed
2759 2784 2898 2858 quod
2926 2789 3286 2845 certissimum
3315 2784 3514 2847 ibidem
3540 2784 3690 2850 assc-

2100 2858 2171 2928 rit
2193 2856 2475 2923 Petavius,
2508 2856 2791 2913 Liberium
2814 2859 2934 2914 SCll.
2962 2862 3146 2928 prima:
3174 2860 3453 2917 Sirmiensi
3482 2863 3689 2920 formu-

2100 2924 2168 3005 ξω
2193 2941 2297 2980 non
2321 2928 2707 3005 subscripsisse
2729 2970 2751 3005 ,_
2791 2928 2892 2985 bac
2913 2924 3016 3005 una
3046 2932 3254 2987 ratione
3278 2935 3408 2988 satis
3434 2934 3536 2989 levi
3567 2951 3690 3005 pro-

2099 2995 2191 3051 bat
2210 3015 2236 3071 _:
2283 2999 2419 3071 quia
2459 2995 2710 3054 nimirum
2738 3000 2854 3055 haec
2891 3003 3062 3071 prima
3088 3004 3322 3058 ecthesis
3345 3005 3539 3060 Liberii
3568 2995 3685 3061 ἠοη

2098 3069 2261 3146 modo
2291 3069 2731 3146 restitutionem,
2774 3069 2981 3146 sed—et
3007 3072 3269 3146 exsilium
3318 3079 3680 3146 praecesserit.

474 3140 554 3213 (d)
610 3139 759 3222 Alias
787 3155 851 3222 ex
890 3154 992 3193 ms.
1025 3135 1190 3201 Pith.,
1295 3138 1489 3222 aliquo.
1538 3137 1614 3193 Ex
1643 3138 1877 3196 Baronio
1902 3155 1992 3196 re-
2021 3158 2066 3222 C
2097 3138 2259 3222 Quasi
2279 3142 2746 3222 veroquiexsilio
2772 3141 2895 3222 ideo
2913 3145 3169 3199 multatus
3197 3135 3687 3222 erat,__qnodAthao

399 3208 656 3281 vocamus
685 3210 748 3265 ab
771 3210 966 3281 aliqua,
1014 3208 1384 3264 consentiente
1418 3208 1580 3264 Sirm.
1608 3225 1709 3264 ms.

476 3280 551 3354 (ε)
584 3283 708 3337 llaec
726 3280 884 3336 verba
912 3281 1228 3354 charactere
1244 3294 1271 3330 a
1300 3281 1510 3336 cmtcris
1527 3281 1795 3354 distincto
1813 3282 1994 3351 expri-

406 3355 477 3408 mi
513 3351 717 3421 primus
745 3355 953 3410 curavit
982 3351 1187 3416 Faber;
1220 3366 1280 3406 ea
1313 3358 1492 3405 tamen
1517 3364 1572 3406 ut
1599 3352 1800 3408 Liberii
1826 3355 1987 3409 intel-

402 3423 532 3479 lexit
564 3424 845 3490 Baronius,
888 3440 1061 3494 neque
1080 3432 1232 3478 certo
1253 3432 1467 3477 constat
1490 3439 1556 3477 an
1592 3439 1697 3479 non
1732 3425 1877 3480 illius
1902 3441 1991 3481 re-

402 3511 525 3551 vera
551 3496 679 3551 sint.

470 3568 541 3637 (Γ)
572 3566 726 3637 Apud
760 3567 984 3633 Baron.,
1013 3574 1184 3620 amoto
1207 3564 1517 3630 Athanasio,
1560 3582 1716 3635 super
1742 3583 1843 3634 quo
1885 3578 1992 3622 sla-

399 3648 506 3692 tulu
533 3641 760 3693 omnium
788 3650 1010 3693 vestrum
1045 3655 1076 3691 α
1119 3653 1197 3691 me
1233 3653 1348 3689 cum
1385 3638 1502 3689 sede
1531 3638 1815 3706 apostolica
1836 3640 1993 3693 susci-

397 3710 584 3782 pienda
610 3720 745 3777 sunt,
770 3711 904 3776 dico,
929 3721 1035 3766 etc.
1064 3726 1079 3776 ;
1105 3717 1155 3762 et
1184 3724 1307 3761 mox
1332 3750 1345 3773 ,
1366 3708 1634 3775 unitatem,
1668 3724 1773 3763 non
1800 3712 1989 3763 unani-

397 3783 642 3835 mitulem.

472 3851 549 3923 (g)
577 3852 633 3907 lu
667 3853 1072 3923 exemplaribus
1100 3849 1319 3907 Baronii
1350 3892 1385 3923 ,ί
1424 3867 1504 3905 me
1524 3865 1691 3904 veram
1716 3851 1870 3923 ﬁdem
1901 3868 1994 3920 per

402 3922 534 3994 nunc
561 3922 1024 3993 epistolantmemn
1054 3923 1312 3994 proloqui.
1361 3922 1552 3977 POSIea
1591 3922 1887 3977 desiderari
1916 3925 1991 3976 vi-

400 3993 577 4067 detur.
607 4012 759 4065 quam
776 3993 1065 4067 proposuit.

470 4065 549 4134 (Ii)
593 4067 650 4122 In
700 4065 850 4138 prius
876 4065 1121 4138 vulgatis
1172 4065 1513 4138 desideratur
1538 4075 1797 4138 vestram,
1846 4066 1988 4134 quod

470 4082 549 4134 in)
593 4082 650 4122 ιιι
700 4082 850 4138 prius
893 4082 977 4121 vut
1021 4082 1121 4120 atts
1172 4082 1513 4120 aestueratur
1538 4082 1755 4118 vestram
1784 4105 1796 4122 .
1846 4082 1988 4134 quon

395 4140 709 4205 supplemus
753 4154 819 4193 ex
853 4153 955 4193 ms.
982 4082 1132 4193 ⁵ἑηιιι.
1191 4138 1317 4206 Ejus
1348 4136 1468 4191 loco
1497 4137 1548 4190 in
1579 4151 1710 4191 mss.
1742 4135 1907 4191 Sirm.
1937 4146 1993 4193 et

394 4207 591 4264 Baron.
626 4217 805 4264 exstat
829 4226 1017 4264 verum.

468 4278 531 4352 (ὅ)
574 4281 719 4335 Ilanc
741 4290 943 4346 not:nn,
964 4296 1029 4336 ex
1054 4295 1155 4349 qua
1181 4279 1410 4333 maxima
1440 4280 1582 4334 inter
1607 4279 1847 4352 eruditos
1862 4293 1992 4334 eon-

401 4349 665 4407 troversia
700 4363 821 4405 nata
852 4361 954 4413 cst,
980 4353 1175 4406 Baron.
1210 4353 1274 4404 ad
1308 4366 1396 4404 an.
1419 4352 1548 4415 357,
1575 4367 1629 4403 η.
1651 4349 1741 4416 54,
1769 4362 1989 4418 praetcr-

396 4424 565 4477 misit.
589 4423 645 4476 ln
679 4422 973 4493 appendice
1008 4435 1183 4481 tamen
1216 4422 1559 4491 postmodum
1590 4420 1985 4493 confessusest,

401 4496 645 4550 eamdem
676 4491 735 4549 se
755 4491 816 4547 in
849 4494 1123 4549 (Irescmtii
1156 4494 1473 4548 collectione
1502 4491 1788 4561 reperisse.
1817 4492 1989 4546 Porro

1226 4544 1701 4637 ἰῆἱίιὶίιεὶἐῂᾦὲίιξιῄ
1735 4578 1825 4617 an.
2021 4544 2067 4604 Ι)

392 4649 580 4691 contra
608 4632 892 4692 Pliniiuntn
918 4639 1137 4706 scripta,
1166 4639 1334 4691 altera
1365 4634 1475 4690 Osii
1505 4632 1724 4706 nomine
1751 4649 1843 4688 an.
1883 4635 1987 4691 557

392 4709 607 4777 vulgata
636 4750 650 4773 ,
700 4720 969 4777 postrema
1004 4705 1190 4764 mense
1214 4706 1352 4769 Maio
1375 4723 1463 4760 an.
1518 4706 1623 4761 559
1658 4705 1840 4769 edita;
1883 4707 1991 4762 dis-

394 4789 583 4848 putant
630 4780 864 4844 eruditi,
921 4795 1083 4849 quam
1135 4779 1223 4832 hic
1268 4778 1517 4833 Liberius
1570 4791 1630 4831 se
1687 4778 1993 4847 suscepisse

390 4850 552 4907 dicat.

465 4923 625 4977 Solus
647 4923 915 4988 Valesius,
940 4917 1868 4976 animadversiouilmsinSozomeni
1899 4920 1992 4975 lib.

393 5008 449 5048 tv
476 5038 489 5062 ,
526 5010 575 5051 c.
609 4994 697 5058 14,
739 4996 1014 5049 existimat
1053 4994 1264 5047 tertiam
1321 4991 1408 5047 hic
1448 4991 1775 5056 memorari;
1827 5007 1987 5060 quam

392 5061 535 5121 inter
550 5082 742 5120 omnes
769 5066 881 5120 fere
903 5061 1407 5120 convcnitnondunt
1436 5063 1600 5117 fuisse
1614 5062 1835 5127 editam,
1865 5078 1986 5117 cum

393 5138 508 5190 han:
540 5138 785 5193 Liberius
805 5138 1088 5192 scriberet.
1118 5135 1219 5189 Alii
1244 5135 1461 5204 quidem
1485 5133 1817 5204 arbitrantur
1840 5135 1985 5187 illum

390 5208 631 5266 adfuisse
661 5210 869 5271 Sirmii,
917 5224 1036 5263 cum
1061 5207 1133 5261 ibi
1164 5202 1420 5275 prtedicta
1454 5202 1681 5258 formula
1705 5204 1846 5275 edita
1876 5213 1982 5272 est,

391 5282 549 5350 eique
570 5280 957 5344 subscripsisse
986 5295 999 5332 :
1048 5278 1141 5333 sed
1171 5294 1291 5331 cum
1317 5278 1445 5350 illuc
1473 5289 1576 5329 non
1596 5275 1707 5350 nisi
1736 5274 1988 5350 Orienta-

392 5346 520 5404 linin
544 5350 730 5406 favore
759 5351 831 5405 sit
856 5359 1077 5405 vocatus
1102 5392 1118 5415 ,
1169 5363 1343 5416 neque
1386 5348 1522 5400 hanc
1559 5346 1628 5400 ab
1652 5347 1731 5401 eis
1756 5348 1982 5413 gratiam

390 5423 495 5477 nisi
521 5426 620 5479 hac
648 5423 873 5492 epistola
900 5421 1235 5490 impetrarit;
1271 5432 1494 5474 necesse
1520 5425 1601 5471 est
1628 5426 1682 5470 nt
1713 5416 1986 5492 fidem‘ltic

390 5509 450 5548 se
485 5492 630 5548 dicat
670 5489 1160 5563 suscepisse’aliam
1187 5532 1200 5557 ,
1237 5503 1396 5561 quam
1428 5504 1547 5560 qua:
1572 5501 1693 5542 cum
1726 5489 1986 5544 Sirmium

388 5565 938 5641 petrettitsslitasst-
1074 5635 1085 5641 -
1310 5632 1320 5641 .
1412 5639 1417 5641 _
1668 5628 1681 5641 .

467 5635 781 5691 Blondellus
808 5636 1007 5703 aliique
1037 5635 1218 5703 plures
1238 5632 1426 5686 volunt
1458 5673 1473 5698 ,
1504 5630 1777 5703 Liberium
1808 5631 1877 5686 de
1904 5646 1990 5687 se-

390 5707 881 5786 cunda_Sit'miepsi
912 5700 1351 5786 fornittlauloqui;
1378 5712 1489 5757 tum
1517 5700 1801 5786 quia-hanc
1828 5716 1987 5784 unam

466 5777 636 5833 rlidizn
666 5779 885 5832 nomine
907 5784 1061 5833 notat
1089 5773 1319 5831 Ililariuq
1346 5817 1360 5839 ,
1392 5789 1512 5828 cum
1540 5782 1726 5828 contra
1763 5773 1988 5840 primam

417 5848 491 5903 ib.
518 5849 586 5906 de
608 5847 843 5919 Synodis
872 5849 1062 5919 probet
1091 5856 1381 5904 etexcuset
1406 5861 1420 5909 ;
1451 5855 1560 5899 tum
1588 5844 1709 5913 quia
1738 5841 1988 5898 Liberius

2098 3213 2252 3266 nasio
2280 3227 2343 3267 ac
2372 3212 2494 3267 fidei
2520 3212 2755 3269 Nicaeum
2774 3214 3058 3270 adhaerens
3080 3256 3095 3278 ,
3135 3231 3300 3271 novas
3324 3212 3681 3275 orientalium

2097 3282 2356 3353 formulas
2385 3285 2617 3353 probare
2647 3296 2948 3340 recusasset
2976 3303 2990 3350 ;
3040 3301 3145 3341 non
3171 3286 3223 3341 id
3251 3302 3413 3343 omne
3435 3305 3577 3343 nunc
3599 3291 3684 3345 ef-

2096 3352 2238 3408 ficiat
2269 3395 2283 3417 ,
2334 3352 2478 3411 unde
2505 3356 2573 3411 ab
2601 3357 2793 3411 exsilio
2814 3367 3095 3412 revocetur
3121 3399 3136 3421 ,
3171 3359 3299 3414 dum
3322 3371 3376 3414 et
3400 3359 3684 3417 Athanasii

2094 3438 2310 3479 Causam
2340 3440 2399 3480 se
2420 3426 2673 3483 deserere
2694 3469 2709 3493 ,
2741 3437 2793 3481 et
2821 3427 3099 3483 Sirmiensi
3130 3428 3254 3485 fidei
3281 3440 3467 3485 contra
3495 3431 3683 3487 Photi-

2096 3511 2245 3569 n_nm,
2280 3512 2419 3566 quae,
2453 3514 2574 3552 cum
2602 3499 2867 3569 relegatus
2888 3511 2991 3563 est,
3024 3503 3162 3569 apud
3176 3500 3481 3558 Orientales
3503 3505 3681 3559 novis-

2095 3566 2231 3639 sima
2258 3579 2393 3631 erat,
2423 3583 2482 3624 se
2511 3566 2896 3639 subscripsisse
2924 3566 3255 3625 testificatur.

2166 3637 2518 3712 Gravioribus
2536 3637 2821 3712 momentis
2848 3640 3037 3695 nititur
3057 3642 3257 3712 opinio,
3287 3656 3393 3710 qua
3416 3643 3684 3701 Baronius

2096 3708 2295 3777 aliique
2319 3709 2589 3783 Liberium
2611 3709 2860 3765 secundae
2881 3708 3390 3767 ecthesi‘b‘irmieimi
3406 3715 3681 3783 subscrip-

2096 3783 2233 3851 sisse
2257 3790 2469 3851 negant.
2499 3781 2678 3834 Primo
2708 3785 2849 3835 enim
2880 3783 3095 3851 quando
3114 3784 3226 3838 lure
3250 3785 3552 3851 conscripta
3578 3781 3680 3850 est,

2096 3798 2233 3833 Stsse
2257 3798 2469 3849 negant.
2500 3798 2678 3834 ιιι-ιηιο
2708 3798 2849 3835 enim
2920 3798 3095 3835 uanae
3114 3798 3226 3838 mre
3250 3798 3552 3851 conscripta
3578 3798 3679 3850 est,

2092 3850 2201 3920 jam
2232 3850 2438 3923 obierat
2467 3851 2782 3907 Theodorus
2809 3869 2824 3916 ;
2874 3798 3166 3922 gecropius
3197 3868 3353 3919 vero,
3385 3855 3679 3923 Eudoxius,

2096 3930 2228 3986 etc.,
2262 3922 2462 3976 Sirmio
2492 3923 2753 3986 aberant;
2782 3923 2996 3977 demum
3042 3925 3089 3978 ei
3116 3925 3182 3980 ad
3213 3941 3273 3979 se
3306 3925 3498 3980 delata
3529 3922 3682 3983 aceré

2097 3991 2233 4047 rime
2260 3992 2522 4047 adversati
2565 4005 2689 4048 sunt
2722 3994 2967 4058 Basilius,
2996 3995 3334 4052 Macedonius
3354 4039 3370 4060 ,
3397 3997 3671 4063 Silvanus,

2096 4072 2202 4117 etc.
2231 4079 2366 4132 quos
2384 4074 2562 4119 tamen
2594 4080 2785 4120 omnes
2813 4065 2948 4120 infra
2979 4067 3239 4122 habemus
3277 4070 3395 4138 ejus
3438 4071 3683 4125 formula:

2095 4149 2213 4190 esse
2240 4145 2506 4201 auctores,
2536 4138 2620 4191 cui
2668 4152 2726 4191 se
2750 4139 3091 4193 consensisse
3128 4138 3545 4195 dicitl.iberius.
3597 4141 3679 4195 Ad

2096 4205 2497 4279 timet-relamat
2524 4208 2772 4263 Petavius
2797 4250 2809 4269 .
2844 4209 3141 4279 subjectam
3181 4210 3531 4279 appendicem
3571 4225 3682 4266 non

2094 4278 2164 4333 ab
2193 4277 2415 4342 Hilario,
2446 4279 2537 4334 sed
2571 4280 2637 4334 ab
2669 4280 2909 4347 homine,
2946 4277 3043 4348 qui
3068 4277 3285 4336 Ariana}
3308 4293 3471 4336 sectae
3497 4280 3681 4336 divor-

2096 4352 2165 4403 tia
2198 4351 2467 4416 nesciret,
2497 4349 2662 4422 fuisse
2684 4350 2943 4406 additam.
2972 4352 3045 4406 Ita
3070 4352 3230 4406 etiam
3256 4351 3479 4407 verbum
3508 4355 3677 4422 requi-

2093 4422 2308 4474 rendum
2332 4463 2346 4486 ,
2371 4419 2593 4494 quodin
2624 4422 2788 4492 ipsius
2820 4423 2923 4478 fine
2958 4431 3167 4488 exstat,
3197 4425 3247 4477 in
3275 4426 3502 4494 gratiam
3525 4419 3682 4479 Peta-

2092 4495 2266 4566 vianze
2309 4492 2592 4566 sententia:
2627 4495 3011 4564 interpretatur
3042 4492 3350 4566 nonnemo;
3395 4495 3548 4566 quasi
3580 4496 3676 4549 ad-

2096 4563 2377 4617 ditamenti
2402 4563 2559 4629 hujus
2589 4563 2783 4619 auctor
2810 4566 3046 4620 incertus
3074 4579 3137 4620 ac
3164 4565 3359 4620 dubius
3380 4607 3393 4629 ,
3414 4563 3428 4566 ’
3447 4582 3563 4621 rem
3595 4575 3682 4621 to-

2099 4643 2208 4689 tam
2234 4633 2548 4703 diligentius
2577 4637 2955 4690 excutiendam
2998 4637 3098 4690 hac
3128 4636 3311 4690 nntula
3339 4636 3682 4691 admetteret.

2101 4705 2208 4761 Sed
2252 4721 2348 4769 pro
2395 4705 2552 4775 hujus
2602 4706 2915 4776 appendicis
2941 4708 3168 4761 veritate
3187 4706 3341 4761 adest
3371 4724 3476 4761 non
3507 4708 3681 4763 solum

2102 4793 2205 4831 ms.
2257 4776 2546 4841 Pitbmani,
2576 4780 2669 4832 sed
2697 4789 2749 4833 et
2779 4779 3155 4835 Cresconianm
3183 4778 3520 4833 collectionis
3554 4793 3685 4834 auc-

2104 4850 2313 4903 toritas.
2355 4848 2541 4918 Neque
2579 4850 2761 4904 animo
2802 4850 3069 4905 succurrit
3097 4894 3108 4912 ,
3158 4864 3186 4903 a
3213 4865 3320 4920 quo
3343 4858 3402 4906 et
3425 4866 3587 4920 quam
3610 4850 3680 4904 ob

2105 4934 2321 4975 causam
2353 4921 2689 4990 totepiscopi
2720 4922 3044 4985 excepitati:
3096 4938 3324 4991 quorum
3356 4921 3570 4976 nomina
3606 4922 3687 4973 in-

2107 4993 2493 5059 terpolatorem
2537 5007 2716 5045 rerum
2748 4993 3068 5048 Arianarum
3123 4992 3307 5048 rudem
3348 4997 3398 5047 ei
3446 4992 3688 5061 profecto

2093 5078 2198 5116 non
2224 5063 2468 5127 sapient,
2517 5064 2606 5132 qui
2647 5062 2916 5119 Liberium
2942 5063 3226 5120 Sirmiensi
3251 5062 3369 5117 lidei
3420 5066 3543 5118 anni
3576 5063 3677 5118 551

2092 5134 2481 5202 subscripsisse
2505 5133 2779 5189 defendet.
2813 5136 2964 5202 Quod
2983 5135 3046 5189 ad
3067 5134 3288 5189 verbum
3315 5134 3680 5205 requirendum

2091 5205 2306 5270 attinet,
2335 5207 2650 5261 amanuensi
2672 5207 2805 5261 alias
2826 5208 2987 5261 etiam
3011 5207 3322 5261 dormitanti
3351 5222 3447 5273 pro
3471 5205 3578 5262 alio
3610 5208 3681 5258 ir-

2092 5276 2329 5345 repsisse
2358 5276 2515 5331 facile
2545 5277 2848 5346 cogitatur;
2898 5278 3131 5332 maxime
3158 5292 3280 5331 cum
3301 5276 3420 5347 ejus
3437 5276 3558 5332 loco
3578 5275 3683 5332 Ba-

2092 5349 2279 5402 ronius
2306 5350 2359 5402 in
2382 5361 2512 5418 mss.
2547 5350 2659 5401 suis
2683 5349 2948 5418 repererit
2973 5358 3020 5402 et
3040 5347 3155 5403 alii.
3197 5348 3310 5402 Hoc
3333 5347 3555 5403 verbum
3578 5347 3680 5418 alio

2092 5428 2173 5475 ter
2223 5420 2460 5488 explicat
2487 5416 2803 5486 Salmasius,
2835 5420 2974 5473 notis
3023 5420 3075 5474 in
3106 5418 3424 5474 Tertulliani
3472 5420 3571 5476 lib.
3609 5416 3679 5473 de

2096 5490 2270 5546 Pallio
2295 5506 2347 5561 p.
2373 5489 2505 5545 425.
2549 5495 2625 5545 Ac
2648 5490 2823 5559 primo
2851 5490 3067 5560 quidem
3091 5490 3377 5551 observat.
3428 5492 3680 5560 antiquos

2096 5562 2349 5617 librarios
2389 5563 2620 5616 litteram
2651 5562 2771 5615 riis
2824 5561 2956 5616 locis
2998 5576 3273 5629 apponere
3310 5562 3499 5616 solitos
3528 5576 3673 5629 esse,

2095 5633 2292 5704 quibus
2340 5631 2542 5704 aliquid
2573 5631 2803 5704 deesset
2844 5631 2909 5686 ad
2965 5634 3247 5704 sententia:
3285 5632 3680 5704 integritatem,

2095 5702 2239 5772 quod
2272 5704 2470 5774 requiri
2498 5703 2722 5759 deberet
2742 5713 2798 5759 et
2826 5704 3157 5773 investigari.
3197 5702 3364 5772 Cujus
3386 5702 3462 5758 rei
3491 5719 3678 5758 exem-

2099 5775 2185 5844 pla
2216 5774 2445 5845 singulis
2475 5774 2586 5830 fere
2615 5776 2819 5843 paginis
2847 5775 3068 5830 exhibet
3094 5776 3345 5844 antiquus
3376 5786 3430 5830 et
3456 5789 3680 5845 accura-

2099 5855 2186 5901 tus
2232 5844 2403 5901 codex
2439 5845 2655 5916 Majoris
2685 5846 2995 5903 monasterii
3026 5846 3230 5902 Turon.
3264 5846 3552 5917 plerosque
3591 5844 3684 5900 Hi-
