4224 6262
508 366 574 419 till
588 368 605 421 Ι

506 481 633 549 tavi,
662 495 761 534 non
791 486 1047 547 apostata.
1084 474 1321 529 Liberius
1361 469 1660 543 sequentia)
1695 488 1713 526 :
1745 471 1812 526 ab
1855 469 2106 526 omnibus
2137 471 2183 530 Α

508 578 601 644 qui
656 576 709 628 in
765 569 1018 642 praesenti
1066 567 1316 634 fuerunt;
1365 564 1506 621 hanc
1549 580 1654 636 ego
1693 562 1879 619 libenti
1925 565 2109 619 animo

511 666 681 740 619
705 662 782 737 (α)
810 660 1028 730 θυεεερί
1082 659 1100 732 (
1133 660 1418 712 Anathema
1448 657 1537 712 tibi
1565 674 1596 711 a
1622 672 1701 711 me
1726 656 1918 710 dictant
1945 695 1959 720 ,
2019 654 2109 708 Li:

509 758 640 824 beri,
689 767 736 811 et
764 754 916 810 sociis
948 754 1097 821 tuis),
1123 752 1178 806 in
1214 751 1361 806 nullo
1384 746 1683 806 contradixi
1712 789 1726 814 ,
1785 750 2109 803 consensum

516 846 954 916 accommodavi,
1023 844 1160 898 hanc
1214 842 1621 913 sequoryhtec
1666 857 1695 895 a
1751 855 1837 895 me
1899 847 2114 895 tenetur

514 942 738 1016 (lterum
782 940 872 994 tibi
906 937 1179 992 anathema
1209 946 1255 991 et
1285 937 1452 1003 tertio,
1499 935 1861 1004 prtevaricator
1886 932 2108 1003 Liberi).

516 1036 662 1094 Sane
712 1032 998 1104 petendam
1048 1028 1254 1085 credidi
1279 1030 1625 1084 sanctitatem
1655 1035 1933 1093 vestram,
1988 1026 2112 1098 quia

511 1128 621 1200 jam
653 1125 945 1198 pervidetis
998 1125 1050 1177 in
1097 1122 1350 1178 omnibus
1385 1137 1471 1176 me
1501 1120 1658 1176 vobis
1682 1128 2110 1176 consentaneum

510 1231 669 1288 esse,
718 1218 1013 1291 dignemini
1059 1216 1332 1272 communi
1382 1215 1610 1270 consilio
1639 1230 1702 1270 ac
1742 1214 1924 1270 smdio
1952 1214 2107 1270 labo-

510 1329 656 1381 rare,
686 1323 952 1382 quatenus
974 1310 1041 1365 de
1070 1308 1263 1366 exsilio
1280 1308 1390 1378 jam
1423 1308 1683 1375 dimittar,
1739 1315 1795 1363 et
1821 1306 1890 1362 ad
1916 1305 2107 1363 sedem

507 1420 630 1479 qua:
659 1405 787 1461 mihi
819 1403 1079 1461 divinitus
1106 1399 1311 1458 credita
1339 1409 1423 1457 est
1451 1409 1722 1457 revertar.

509 1573 633 1629 larii
672 1572 724 1625 in
764 1570 1004 1640 psalmos
1029 1567 1313 1640 Tractatns
1333 1563 1640 1640 continens.
1689 1562 1827 1640 Tum
1859 1562 2111 1640 opinatur

502 1646 737 1699 litteram
767 1633 1079 1711 prmdictain
1140 1641 1207 1692 ab
1240 1637 1422 1711 aliquo
1468 1634 1712 1711 studioso
1759 1633 1809 1686 in
1842 1648 1935 1711 ora
1988 1633 2110 1711 libri

509 1703 784 1777 notatam,-
805 1728 905 1781 qua
935 1716 1180 1764 moneret
1206 1703 1592 1781 requirendum
1627 1718 1749 1781 esse
1779 1706 1998 1781 quinam
2029 1703 2106 1781 illi

507 1794 693 1840 es~ent
736 1776 1120 1838 itii'nominati
1151 1821 1166 1844 ,
1215 1792 1513 1847 quarmnve
1539 1777 1815 1830 civitatum
1842 1776 2104 1845 episcopi.

511 1858 619 1912 Nos
646 1864 826 1909 autem
850 1853 986 1930 han_c
1008 1861 1189 1930 notam
1214 1848 1866 1930 app_osi_t.amsu5picamnr
1888 1858 2106 1930 propter
2138 1871 2185 1930 Β

509 1940 674 1983 unum
705 1940 900 1980 nomen
929 1922 1146 1988 Iunior,
1179 1920 1323 1989 quod
1345 1918 1668 1987 adjectivnm
1704 1918 1872 1985 magis
1896 1918 2109 1972 videtur

509 2014 669 2069 quam
705 1996 979 2069 proprium
1015 2036 1028 2056 ,
1075 2006 1129 2047 et
1171 1990 1312 2069 apud
1347 1989 1643 2069 Baronium
1667 2002 1771 2042 non
1808 1997 2105 2069 comparet.

513 2058 1050 2125 i’ostreino'verhum
1084 2058 1467 2133 requirendum,
1504 2058 1645 2129 quod
1669 2061 1947 2133 marginali
1981 2071 2109 2114 nota

517 2139 1008 2210 resigniﬁcabatur,
1038 2135 1105 2187 ab
1129 2130 1309 2210 aliqua
1340 2134 1391 2210 in
1421 2140 1624 2210 textum
1653 2130 2110 2210 translatumesse

509 2201 801 2280 conjisctat.
833 2208 927 2262 His
953 2206 1020 2280 de
1050 2205 1218 2259 verbo
1247 2202 1613 2280 requirendum
1638 2201 1865 2265 notatis,
1912 2201 1979 2254 ad
2028 2203 2110 2256 in-

510 2273 754 2339 stitutam
782 2279 1141 2349 questioneni
1170 2273 1472 2349 redeamus.

585 2353 639 2409 Si
664 2342 859 2407 Liberii
889 2347 1267 2418 expendantur
1297 2344 1458 2418 verba
1486 2384 1500 2406 ,
1533 2343 1774 2418 planum
1806 2342 1895 2397 ﬁet
1923 2342 1987 2418 ad
2024 2357 2111 2398 se-~

518 2424 748 2479 cundam
780 2412 1136 2475 Sirmiensem
1167 2416 1449 2471 formulam
1475 2414 1695 2469 minime
1724 2427 1845 2468 esse
1869 2412 2112 2468 referen-

514 2490 1009 2550 daAlrientalilius
1039 2488 1183 2544 enim
1216 2488 1418 2554 primas
1449 2486 1655 2539 litteras
1684 2499 1810 2540 suas
1838 2484 2108 2552 inscribit,-

514 2576 625 2619 tnm
659 2564 727 2619 de
774 2562 915 2617 datis
954 2561 1019 2615 ad
1048 2558 1350 2614 Orientales
1386 2556 1579 2611 litteris
1613 2555 1889 2610 Ursacium
1920 2565 1974 2611 et
2000 2555 2110 2611 Vn-

515 2636 714 2691 lentem
735 2676 750 2700 ,
797 2649 862 2689 ac
891 2629 1230 2700 postmodum
1260 2628 1604 2700 Vincentium
1641 2637 1694 2681 et
1709 2625 1873 2700 Italos
1886 2627 2109 2700 episco-

515 2722 615 2777 pos
643 2696 1118 2761 studiose-monet.
1152 2699 1307 2777 Unde
1332 2713 1465 2777 vero
1495 2707 1635 2777 tanta
1665 2697 1789 2777 eiin
1805 2696 2111 2777 Orientales

516 2768 735 2837 ﬁducia.
770 2777 870 2830 nisi
905 2777 1026 2842 quia
1056 2778 1243 2828 eorum
1277 2770 1400 2825 ﬁdei
1428 2768 1840 2842 subscripsisset
1868 2770 1892 2842 2
1943 2769 2110 2842 Atqui

519 2847 882 2904 Orientalium
916 2838 1049 2899 lides
1079 2843 1178 2901 alia
1212 2852 1319 2897 tum
1354 2855 1458 2895 non
1489 2851 1632 2901 erat,
1673 2841 1774 2894 nisi
1798 2841 1970 2909 prima
1994 2838 2111 2894 Sir-

520 2921 746 2973 miensis
778 2933 882 2971 una
921 2931 1043 2969 eum
1091 2911 1636 2981 pseudo-Sardiceusi
1673 2920 1727 2965 et
1749 2910 2107 2966 Antiochena.

520 2988 728 3044 Deinde
775 2990 818 3042 si
867 2980 1120 3040 secundae
1149 2984 1558 3050 subscripsisset
1583 3018 1597 3043 .
1633 2982 1773 3050 apud
1803 2980 2111 3036 Orientales

521 3061 702 3113 dicere,
736 3074 840 3113 non
869 3058 1054 3111 debuit
1080 3070 1139 3108 se
1179 3053 1487 3119 suscepisse
1514 3053 1669 3121 ﬁdem
1696 3062 1913 3106 vestram
1944 3061 1989 3104 et
2017 3068 2109 3104 ca-

519 3130 766 3185 tholicam
787 3144 901 3197 qua:
915 3126 1108 3181 Sirmio
1129 3142 1159 3177 a
1191 3125 1422 3190 pluribus
1448 3123 1693 3193 [ratribus
1720 3131 1769 3197 et
1796 3122 2110 3197 coepiscopis

524 3202 715 3255 nostris
738 3193 981 3262 tractata,
1014 3197 1244 3262 exposita
1269 3205 1315 3249 et
1331 3204 1565 3263 suscepta
1592 3202 1683 3247 est.
1716 3193 1847 3248 Nam
1872 3193 2107 3248 seennda

1715 350 1960 412 SANCTI
2004 347 2263 409 lllLMlll
2303 349 2613 408 El‘lSCOPl

3706 343 3813 397 (illi

2288 469 2341 522 'I.
2369 467 2518 522 Fidei
2548 469 2658 538 ejus
2702 468 2789 537 qui
2824 474 3081 520 auctores.
3136 494 3205 505 —-
3260 461 3581 519 «Perﬁdiam
3627 472 3810 515 autem

2212 560 2359 631 apud
2390 560 2645 616 Sirmium
2673 559 3024 628 descriptam,
3055 558 3221 631 ego
3263 572 3424 628 quam
3476 555 3604 611 dicit
3643 553 3806 608 Libe-

2213 658 2323 711 rius
2348 654 2695 718 catholicam,
2723 669 2752 707 a
2783 652 3099 723 DemOphilo
3122 652 3223 706 sibi
3243 650 3568 721 expositam,
3599 647 3651 702 hi
3682 656 3811 702 sunt

2213 747 2303 818 qui
2334 746 2768 815 conscripserunt
2807 763 2821 799 :
2853 744 3154 809 Narcissus,
3189 741 3530 807 Theodorus,
3558 740 3807 808 Basilius,

2214 840 2491 895 Eudoxius
2516 883 2530 906 ,
2562 839 2933 907 DemOphilus,
2966 836 3261 905 Cecropius
3284 878 3300 900 ,
3330 836 3602 902 Silvanus,
3636 833 3804 890 Ursa-
3844 856 3853 863 ·

2220 933 2357 997 cius,
2400 931 2619 999 Valens,
2653 931 2935 1000 Evagrius,
2970 928 3042 1002 (b)
3071 929 3356 1001 liyrenius,
3391 922 3807 996 Exuperantins,

2222 1027 2598 1090 Terentianus,
2642 1027 2717 1099 (c)
2773 1026 2996 1089 Bassus,
3034 1023 3391 1088 Gaudentius,
3440 1012 3809 1089 Macedonius,

2218 1120 2298 1192 (d)
2328 1116 2590 1185 Martinus,
2623 1120 2857 1184 Acticus,
2893 1118 3086 1181 Julius,
3122 1118 3368 1183 Surinus,
3412 1115 3723 1185 Simplicius
3753 1124 3811 1170 et

2219 1211 2291 1288 (ε)
2316 1214 2530 1282 Junior,
2570 1210 3003 1284 (requirendum)
3032 1224 3221 1267 omnes
3250 1209 3548 1267 haeretici.»

2215 1571 2269 1618 et
2294 1563 2431 1620 intra
2459 1571 2673 1632 tempus
2692 1564 2971 1619 exstitisse
3014 1562 3141 1617 olim
3172 1561 3546 1632 asserentibus
3568 1604 3582 1625 ,
3630 1571 3817 1632 postea

2214 1648 2347 1689 vero
2373 1631 2655 1689 Sirmiensi
2695 1633 2832 1701 lide,
2894 1633 3196 1704 Ancyranis
3231 1631 3478 1704 decretis
3528 1631 3817 1699 illiiSll‘alﬂ,

2214 1712 2341 1761 ante
2371 1708 2611 1775 tempora
2660 1714 2713 1760 et
2745 1721 2809 1759 ex
2845 1706 2935 1759 Dei
2975 1702 3274 1775 substantia
3299 1703 3683 1759 conﬁtentibus
3704 1749 3717 1768 ,
3750 1704 3819 1760 ad

2213 1786 2396 1831 verum
2423 1773 2582 1831 ﬁdem
2611 1776 2877 1845 prolicere
2902 1776 2997 1829 iuit
3017 1819 3029 1838 .
3055 1783 3111 1829 et
3131 1773 3366 1840 quodam
3400 1775 3565 1829 modo
3583 1776 3817 1830 catlinlia

2215 1862 2311 1902 cos
2336 1848 2587 1903 evadere.
2620 1845 2819 1902 Contra
2848 1847 3066 1902 Liberio
3092 1847 3407 1900 Sirmiensis
3441 1845 3563 1900 ﬁdei
3590 1847 3809 1900 confes-

2213 1920 2366 1973 sione
2388 1926 2629 1973 sanctam
2669 1918 3148 1973 consulistantialis
3179 1917 3339 1972 tidem
3374 1917 3753 1986 supprimenti,
3786 1934 3817 1972 a

2216 2004 2342 2043 vera
2371 1989 2476 2044 iide
2500 1989 2733 2044 deﬁcere
2759 1988 2859 2044 luit
2885 2031 2898 2049 .
2937 2000 2991 2043 et
3019 1988 3285 2059 perﬁdum
3309 1998 3473 2057 atque
3501 1987 3820 2045 hzereticum

2213 2060 2444 2129 quadam
2473 2062 2683 2115 ratione
2710 2060 2848 2115 ﬁeri.
2904 2060 3189 2115 Hzrreticis
3215 2061 3360 2114 enim
3388 2062 3818 2126 communicaris,

2215 2140 2270 2186 et
2297 2130 2553 2186 credendi
2583 2133 2757 2199 legem
2778 2171 2793 2193 .
2825 2147 2985 2200 quam
3014 2131 3273 2185 liaeretico
3302 2144 3467 2185 sensu
3499 2132 3626 2185 tueb
3645 2142 3813 2195 mtur,

2213 2203 2461 2272 quamvis
2490 2202 2770 2258 intellectu
2793 2202 3061 2257 catholico
3083 2201 3151 2255 ab
3179 2201 3568 2272 eisrecipiens,
3597 2200 3818 2257 haeresis

2214 2270 2396 2343 partes
2422 2273 2858 2329 communiebat:
2886 2272 3188 2343 catholicus
3215 2271 3319 2328 lide
3345 2282 3399 2328 et
3425 2270 3670 2328 interiori
3685 2289 3817 2327 con-

2213 2342 2465 2411 scientia,
2492 2345 2881 2400 communione
2908 2359 2972 2399 ac
2999 2342 3138 2399 forte
3168 2343 3329 2398 etiam
3357 2358 3576 2398 rumore
3601 2344 3817 2411 publico

2213 2413 2539 2479 haereticus;
2569 2431 2675 2485 quo
2695 2415 2762 2469 de
2793 2431 3010 2470 rumore
3034 2416 3291 2484 legendus
3318 2413 3673 2481 Sozomenus,
3709 2415 3806 2470 lib.

2213 2501 2289 2550 tv,
2307 2501 2364 2558 re.
2388 2486 2489 2558 l5.
2529 2486 2609 2541 Eo
2636 2500 2796 2558 sensu
2822 2485 3317 2558 intelligendusest
3338 2487 3699 2558 Hieronymus
3718 2485 3813 2541 lib.

2217 2572 2234 2612 ι
2284 2557 2351 2611 de
2379 2556 2578 2625 Script.
2604 2557 2749 2613 ‘eccl.
2773 2558 2976 2614 dixisse
3002 2555 3017 2624 ,
3053 2557 3324 2613 Liberium
3362 2571 3392 2610 a
3425 2555 3816 2612 Fortunatiano

2219 2628 2290 2681 ad
2340 2629 2765 2698 subscriptionem
2811 2633 3061 2685 haereseos
3107 2628 3445 2697 compulsum
3496 2643 3638 2683 esse.
3696 2629 3815 2694 Quo

2212 2708 2425 2764 Spectat
2454 2700 2657 2754 etillud
2672 2699 2870 2755 Auxilii
2894 2700 2992 2755 lib.
3024 2717 3039 2754 ι
3070 2701 3137 2755 de
3159 2699 3590 2755 ordinationibus
3610 2713 3663 2755 c.
3699 2698 3771 2754 25
3795 2718 3810 2755 :

2218 2769 2347 2843 Quis
2372 2772 2559 2843 nesciat
2595 2772 2732 2838 quod
2757 2771 2994 2827 Liberius
3021 2814 3037 2839 ,
3091 2773 3189 2825 heu
3220 2770 3348 2843 proh
3381 2771 3569 2825 dolor!
3601 2772 3811 2826 Aridum

2216 2841 2396 2895 hwresi
2424 2843 2765 2912 subscripsit?
3221 2841 3229 2843 ⁷
3740 2901 3745 2904 .

2288 2912 2363 2982 (α)
2401 2912 2698 2977 Baronius,
2734 2914 2938 2983 suscepi
2980 2914 3034 2967 in
3066 2913 3215 2968 nullo
3255 2914 3627 2968 contradicens.
3673 2914 3812 2970 Sane

2213 2985 2486 3054 petendam
2542 2986 2774 3050 credidi,
2831 2987 2896 3039 iis
2953 2985 3171 3039 omissis
3215 3000 3335 3054 qua:
3383 2984 3464 3047 his
3496 2985 3809 3054 interposita

2214 3064 2358 3107 sunt.
2410 3055 2667 3122 Quamvis
2708 3067 2888 3112 autem
2935 3056 2987 3111 in
3028 3055 3316 3121 novissima
3336 3055 3571 3109 editione
3598 3072 3659 3111 ea
3694 3057 3808 3125 ipsa

2213 3124 2579 3180 additamenta
2626 3128 2678 3181 in
2717 3126 2994 3183 Cresconii
3050 3125 3371 3181 Culleolione
3410 3142 3468 3181 sc
3514 3124 3811 3189 oll'endiS~e

2215 3194 2483 3259 fateatur;
2526 3213 2589 3252 ea
2640 3208 2817 3252 tamen
2854 3197 3035 3252 Ililarii
3068 3213 3187 3253 esse
3214 3213 3434 3267 prorsus
3472 3209 3652 3268 negat.
3699 3194 3810 3252 Nn-

524 3289 550 3325 a
583 3274 710 3325 Solis
730 3257 1162 3326 Occidenialibm
1192 3265 1415 3338 Ursaeio
1441 3304 1455 3328 ,
1478 3257 1719 3338 'Vale‘nte
1737 3305 1752 3328 ,
1804 3265 2105 3330 Germiuio,
2135 3257 2182 3321 C
2216 3275 2354 3338 atras
2375 3282 2436 3323 ea
2466 3257 2532 3323 ile
2555 3285 2615 3323 re
2642 3270 2978 3337 conjecturas
3001 3257 3306 3338 preponere
3324 3269 3453 3324 satis
3471 3257 3807 3326 habebimus.

525 3343 770 3396 Ρςιιειηιίο
800 3353 847 3393 ct
878 3340 1004 3394 Osio
1028 3337 1268 3405 exposita
1293 3346 1406 3401 est;
1437 3349 1499 3389 ac
1522 3335 1746 3405 proinde
1775 3339 1825 3389 in
1856 3350 1972 3389 eam
2007 3352 2115 3391 non

525 3414 669 3467 Cadit
691 3423 928 3466 vestram.
966 3410 1146 3479 Longe
1168 3407 1347 3461 minus
1367 3407 1619 3460 convenit
1642 3422 1745 3460 vox
1780 3405 2112 3470 catholicam,

523 3500 643 3553 qum
665 3484 744 3537 vix
788 3483 1041 3537 Sirmium
1068 3493 1287 3553 egressa
1306 3489 1417 3553 est,
1449 3490 1569 3553 cum
1599 3492 1719 3553 eam
1749 3491 1939 3553 omnes
1960 3493 2112 3531 aver-

523 3547 625 3608 sati
655 3564 796 3609 sunt.
846 3554 1027 3622 Neque
1050 3547 1274 3604 dicenda
1300 3549 1397 3602 fuit
1427 3566 1457 3601 a
1489 3547 1719 3622 pluribus
1744 3547 1988 3622 fratribus
2019 3564 2112 3622 ea:-

524 3626 712 3691 posita;
747 3626 901 3693 cujus
935 3618 1014 3677 vel
1044 3629 1550 3693 sexrauctnrcsnon
1572 3618 1734 3693 facile
1765 3619 2109 3693 excogitaris.

524 3688 793 3750 Praeterea
814 3688 859 3749 si
884 3695 1043 3748 ﬁdem
1071 3691 1309 3747 Valentis
1330 3688 1601 3747 etUrsacii
1630 3705 1792 3759 Opera
1808 3690 2111 3758 expositam

523 3769 759 3837 recepit;
798 3782 895 3822 cur
927 3781 1032 3819 non
1068 3762 1345 3837 contendit
1384 3762 1597 3816 illorum
1630 3762 1861 3837 primum
1892 3771 2113 3828 captare

524 3833 750 3905 gratiam
777 3879 793 3903 ,
841 3838 929 3907 qui
973 3846 1027 3907 et
1053 3834 1193 3904 apud
1226 3834 1603 3907 imperatorem
1640 3833 1926 3907 plurimum
1962 3842 2114 3907 pote-

524 3903 666 3973 rant,
698 3919 752 3965 et
781 3911 833 3963 in
855 3903 970 3976 ejus
984 3903 1255 3961 Comitatu
1275 3913 1385 3959 tum
1401 3903 1779 3957 versabantur?
1798 3903 1930 3970 Quis
1949 3903 2111 3959 etiam

523 3989 701 4049 neget,
738 3978 1109 4049 Demophilum
1138 3990 1283 4044 saepe
1303 3976 1509 4049 smptus
1535 3984 1692 4028 antea
1733 3985 1966 4049 tentasse
1992 4013 2007 4039 ,
2053 3983 2113 4031 ut

522 4043 794 4105 Liberium
837 4043 1156 4103 ad'Arianas
1191 4043 1759 4115 partes—inﬂeCteret?
1818 4043 1924 4101 Sed
1953 4056 2110 4101 antea

520 4121 725 4176 nullam
750 4122 1067 4177 Arianarum
1097 4120 1326 4188 partium
1341 4117 1500 4171 tidem
1525 4117 1881 4188 recentiorem
1908 4116 1957 4170 ei
1985 4119 2111 4172 sub-

521 4191 863 4248 scribendatn
903 4187 1109 4245 oil‘crre
1138 4188 1354 4258 potuit,
1408 4202 1568 4256 tinam
1604 4187 1958 4258 Sirmieusem
1998 4188 2108 4256 pris

522 4278 687 4318 mam.
729 4263 1007 4326 Mittimus,
1034 4262 1119 4315 vix
1143 4257 1257 4314 tum
1285 4258 1576 4315 secundam
1606 4260 1844 4327 potuisse
1865 4257 2109 4314 Berream

519 4332 870 4398 deferri.cum
889 4334 1131 4388 Liberius
1160 4332 1339 4398 lapsus
1361 4339 1465 4385 est.
1497 4330 1734 4399 Denique
1752 4329 2107 4395 Sozomenus;

516 4404 611 4459 lib.
633 4420 709 4471 tv,
737 4404 892 4469 c.15,
928 4404 1082 4459 testis
1106 4413 1208 4464 est,
1234 4401 1530 4466 Liberium,
1559 4398 1682 4454 cum
1700 4398 1955 4471 Sirmium
1989 4415 2109 4468 per-

518 4470 783 4541 venisset,
812 4475 1211 4531 confessiouem
1238 4474 1455 4529 dedisse
1477 4512 1493 4539 ,
1534 4487 1636 4541 qua
1668 4486 1754 4525 eos
1792 4471 1878 4536 qui
1911 4470 2109 4527 Filium

517 4539 803 4601 secundum
832 4546 1172 4601 substantiam
1192 4554 1239 4598 et
1263 4560 1353 4615 per
1380 4539 1554 4615 omnia
1584 4539 1734 4595 Patri
1764 4542 1981 4615 similem
2003 4559 2106 4598 non

516 4634 625 4672 esse
650 4627 951 4681 assererem,
974 4618 1168 4671 alienos
1183 4616 1246 4670 ab
1264 4611 1494 4668 Ecclesia
1509 4613 1896 4685 pronuntiabat.
1922 4611 2105 4684 Neque

515 4687 619 4742 hoc
644 4690 883 4744 facturus
914 4698 1032 4744 erat
1055 4724 1070 4754 ,
1115 4688 1163 4742 si
1196 4686 1442 4756 proxime
1479 4695 1634 4740 antea
1665 4684 1979 4739 substantia:
2009 4700 2105 4740 vo-

514 4760 764 4815 cabulum
788 4760 1117 4815 damnasset.

585 4851 676 4924 At,
703 4854 930 4924 inquies,
956 4852 999 4924 si
1029 4850 1263 4924 Hilarius
1283 4849 1554 4924 Liberium
1601 4848 1788 4919 primae
1820 4847 2101 4924 Sirm_ien_si

506 4923 710 4977 ecthesi
740 4919 1085 4979 consensisse
1109 4922 1404 4985 intellexit;
1436 4934 1534 4974 cur
1560 4934 1701 4987 eam,
1731 4932 1889 4987 quam
1916 4919 2009 4975 lib.
2030 4921 2101 4979 de

507 4992 739 5067 Synodis
770 4996 962 5067 probat
990 5001 1338 5067 et‘excusat,
1385 5007 1525 5045 nunc
1572 4990 1850 5067 perﬁdiam
1893 4993 2097 5048 vocat?

499 5062 624 5138 Jam
643 5062 791 5120 libris
812 5067 879 5121 de
894 5063 1127 5138 Synodis
1149 5071 1201 5118 et
1224 5065 1273 5116 in
1299 5062 1672 5138 constantiam
1689 5062 2094 5138 demonstrasse

500 5137 660 5190 nobis
684 5132 966 5204 videmtir',
1032 5142 1323 5203 numquam
1358 5133 1562 5188 Hilario
1606 5132 1885 5204 probatam
1928 5132 2095 5192 fuisse

500 5205 856 5264 Sirmiensem
885 5203 978 5263 aut
1031 5207 1191 5260 aliam
1223 5204 1580 5261 Orientalium
1634 5203 1815 5258 ﬁdem.
1867 5205 1980 5259 lmo
2025 5219 2093 5262 ex

499 5293 566 5332 eo
593 5279 736 5348 quod
780 5281 856 5334 ait
878 5278 929 5333 in
958 5276 1241 5333 Constant.
1272 5288 1326 5330 n.
1359 5274 1466 5330 24:
1518 5275 1781 5343 Quidquid
1811 5286 1995 5345 praeter
2025 5278 2093 5344 ﬁ-

499 5347 622 5403 dem
641 5366 794 5404 unam
822 5361 913 5413 est,
943 5350 1191 5419 perﬁdia,
1245 5364 1346 5401 non
1373 5347 1501 5417 ﬁdes
1532 5356 1605 5401 est
1653 5349 2090 5404 :consectarium

493 5430 577 5490 est
616 5422 778 5476 etiam
820 5421 1049 5490 primam
1075 5419 1467 5490 Sirmiensem,
1513 5422 1711 5489 quippe
1740 5432 1861 5489 quas
1887 5430 2083 5490 prater

493 5489 765 5546 Nicaenam
792 5489 892 5557 est,
919 5503 1041 5547 esse
1064 5490 1359 5559 perlldiam.
1393 5489 1575 5560 Neuue
1596 5489 1971 5560 inconstantia:
1990 5504 2084 5545 ar-

494 5563 738 5631 guendos
766 5570 849 5618 est
872 5557 1104 5617 Hilarius
1124 5603 1139 5629 ,
1181 5561 1325 5633 quod
1355 5557 1601 5616 eamdem
1630 5559 1753 5614 lidei
1778 5557 2081 5617 confessio-

494 5648 616 5686 nem
643 5649 764 5688 cum
796 5634 1062 5689 laudasset
1087 5633 1221 5687 alias
1246 5674 1259 5698 ,
1291 5644 1433 5687 nunc
1462 5634 1658 5686 acriter
1685 5640 1871 5701 carpat
1898 5646 1961 5685 ac
1991 5642 2080 5689 res

496 5705 816 5775 prehendat.
867 5706 1109 5775 Namque
1140 5712 1217 5775 ut
1251 5702 1493 5775 illidigni
1516 5712 1657 5775 sunt
1692 5701 1887 5775 laude,
1931 5704 2020 5773 qui
2050 5717 2081 5758 a

498 5774 639 5843 malo
666 5776 957 5839 recedunt,
995 5771 1070 5828 iia
1099 5774 1186 5843 qui
1210 5789 1238 5827 a
1260 5771 1711 5843 blino'deﬁciunt,
1744 5774 1937 5827 merito
1953 5771 2085 5843 sunt

485 5842 845 5912 vituperandi.
891 5845 962 5913 At
987 5842 1502 5899 veroOrientalibus
1526 5883 1541 5912 ,
1592 5842 1785 5899 Filium
1815 5857 1881 5897 ex
1912 5842 2084 5909 nihilo

2223 3337 2355 3391 Cum
2386 3340 2435 3391 in
2457 3355 2557 3393 ms.
2590 3340 2730 3395 Pith.
2766 3353 2883 3410 post
2915 3337 3133 3394 verbum
3165 3340 3364 3410 suscepi
3393 3380 3409 3404 ,
3458 3354 3564 3395 uno
3587 3342 3808 3395 eodem-

2221 3423 2324 3481 que
2346 3419 2598 3464 ctintcxtu
2629 3409 2907 3481 sequatur,
2935 3411 3157 3466 Sanctus
3185 3409 3415 3464 Hilarius
3437 3414 3709 3466 anathema
3731 3414 3809 3466 illi

2220 3480 2342 3531 dicit
2364 3495 2381 3533 :
2401 3482 2673 3535 anathema
2698 3480 2786 3535 tibi
2813 3500 2841 3534 a
2868 3498 2970 3547 me,
3001 3492 3131 3549 etc.,
3162 3483 3444 3547 Opinamur
3480 3483 3594 3538 lucc
3622 3484 3806 3549 verba,

2221 3550 2446 3623 Sanctus
2476 3550 2712 3607 Hilarius
2743 3554 3017 3607 auat/tenta
3046 3553 3125 3607 illi
3170 3553 3292 3606 dicit
3326 3592 3340 3617 ,
3402 3554 3453 3607 in
3503 3555 3807 3623 antiquiore

2221 3622 2514 3691 exemplari
2541 3625 2607 3678 ad
2633 3624 2930 3693 marginem
2959 3623 3237 3678 dumtaxat
3266 3624 3535 3693 adscripta
3559 3622 3679 3681 esse
3702 3666 3715 3684 .
3746 3641 3810 3681 ac

2222 3694 2562 3765 postmodum
2578 3695 2823 3765 imperiti
2852 3693 3074 3765 alicujus
3102 3695 3300 3748 librarii
3330 3710 3493 3765 opera
3517 3697 3568 3751 in
3605 3705 3807 3751 tz-xtnm

2218 3762 2525 3836 irrepsisse.
2574 3758 2787 3836 Ex'quo
2817 3758 3121 3827 conﬁcitur,
3158 3765 3211 3818 l"
3237 3780 3340 3819 nun
3369 3758 3625 3822 recentes
3683 3784 3806 3823 esse

2220 3833 2527 3906 hujusmodi
2554 3833 3022 3906 interpolationes;
3052 3836 3109 3889 9.“
3166 3837 3273 3905 jam
3307 3838 3374 3890 ab
3403 3839 3635 3905 antiquis
3667 3849 3805 3893 tem-

2221 3905 2443 3974 poribus
2475 3905 2733 3962 Hilarium
2761 3922 2979 3972 earum,
3035 3906 3146 3961 imo
3200 3907 3363 3977 totius
3387 3906 3612 3977 hujusce
3639 3911 3807 3965 eolle-

2217 3976 2412 4032 Ctionis
2439 3988 2714 4034 auctorem
2744 3980 2909 4033 fuisse
2945 3978 3231 4033 creditum.
3274 3976 3543 4034 Praeterea
3578 3980 3794 4035 ferven-

2220 4048 2428 4121 tissimo
2451 4049 2648 4121 Christi
2678 4050 2984 4106 Coniessori
3011 4051 3064 4103 in
3093 4049 3367 4105 hominem
3388 4093 3403 4117 ,
3443 4052 3535 4121 qui
3562 4052 3805 4121 quamvis

2218 4118 2269 4173 in
2301 4133 2511 4197 summa
2538 4119 2798 4176 Ecclesiae
2817 4112 3419 4197 dignitate'coustitutus
3441 4112 3694 4197 {Domini
3728 4133 3807 4177 ta-

2217 4205 2338 4244 tnen
2363 4190 2445 4245 sui
2465 4206 2683 4246 causam
2717 4190 2944 4260 turpitér
2964 4190 3288 4258 deseruerit,
3313 4195 3599 4248 anathema
3623 4194 3806 4251 dicere

2217 4260 2435 4333 licuisse
2475 4265 2738 4332 Apostolo
2783 4272 3005 4319 auctore
3046 4262 3156 4332 jam
3203 4265 3567 4333 probavimus.
3621 4265 3727 4321 Sed
3760 4264 3805 4321 si

2218 4330 2354 4406 forte
2378 4334 2489 4388 haec
2518 4330 2880 4406 additamenta
2916 4330 3116 4388 Hilario
3142 4330 3246 4388 non
3263 4344 3389 4390 sunt
3409 4336 3648 4406 indigna,
3679 4352 3804 4392 cum

2214 4404 2448 4477 primum
2481 4405 2677 4460 Liberii
2703 4406 2909 4474 lapsum
2937 4405 3182 4470 rescivit;
3206 4406 3371 4460 nihilo
3403 4404 3580 4462 minus
3596 4408 3665 4461 ab
3687 4408 3806 4477 ipso

2215 4475 2429 4530 videtur
2454 4476 2712 4541 alienum,
2742 4488 2798 4531 ut
2829 4477 3079 4548 cumhoc
3104 4492 3240 4547 opus
3261 4492 3414 4532 suum
3449 4477 3662 4534 Liberio
3691 4475 3801 4548 jam

2213 4555 2461 4602 correcto
2492 4548 2543 4602 in
2571 4548 2843 4618 publicum
2870 4547 3148 4613 emiserit,
3202 4565 3265 4604 ea
3300 4559 3408 4603 tum
3439 4565 3544 4604 non
3574 4547 3805 4607 eras’erit

2135 4648 2187 4709 Β
2214 4630 2433 4709 prorsus
2460 4621 3023 4709 atquensuppresserit.

2290 4688 2367 4759 (b)
2405 4687 2462 4742 in
2487 4687 2588 4745 m's.
2613 4687 2777 4746 Sirm.
2803 4699 2860 4745 ut
2887 4698 2943 4746 et
2965 4690 3105 4761 apud
3131 4690 3326 4746 Baron.
3362 4688 3612 4747 Ireuaaus.
3666 4692 3805 4747 Eva-

2212 4761 2384 4831 grius,
2416 4762 2507 4830 qui
2533 4772 2688 4816 antea
2721 4763 3025 4821 nominatur
3056 4803 3070 4828 ,
3122 4762 3239 4831 ipse
3260 4762 3398 4816 forte
3427 4772 3508 4818 est
3532 4762 3801 4818 Mitilcnes

2211 4829 2401 4906 insula:
2427 4829 2734 4906 episcopus,
2756 4834 2847 4904 qui
2871 4835 2921 4887 in
2951 4829 3283 4890 Seleuciensi
3308 4831 3513 4906 synodo
3569 4835 3638 4890 ab
3662 4836 3802 4892 Aea-

2206 4901 2273 4956 cii
2303 4912 2453 4970 parte
2475 4901 2642 4959 stetit.

2278 4971 2351 5047 (c)
2382 4973 2646 5030 Baronius
2688 4990 2751 5030 ex
2789 4989 2917 5047 mss.
2965 4975 3078 5031 suis
3107 4976 3373 5045 expressit
3395 4974 3605 5032 Bustus.
3651 4975 3797 5033 inter

2203 5043 2628 5122 subscriptiones
2649 5043 3220 5122 pseudo-Sardicensis
3232 5048 3423 5120 synodi
3447 5048 3642 5119 legitur
3663 5047 3797 5103 Bas-

2199 5130 2291 5188 sus
2313 5117 2581 5188 episcopus
2605 5136 2636 5172 a
2654 5118 2776 5173 Car.
3204 5178 3209 5187 ν

2272 5185 2349 5260 (d)
2385 5185 2591 5258 Remig.
2624 5204 2723 5244 ms.
2758 5188 2898 5260 apud
2926 5189 3092 5245 Sirm.
3115 5231 3131 5254 ,
3167 5188 3408 5259 Martius,
3435 5190 3788 5259 Atticus,etc.

2196 5254 2380 5331 Multo
2395 5254 2563 5329 magis
2583 5254 2932 5315 arridet'haac
2962 5260 3174 5315 Baronii
3199 5254 3405 5325 lectio,
3423 5254 3657 5331 Marcus,
3686 5265 3791 5317 Ae-

2197 5327 2322 5404 tius,
2343 5326 2542 5394 Julius,
2572 5331 2867 5404 Severinus,
2900 5333 2989 5401 qui
3019 5331 3239 5404 quidem,
3266 5333 3406 5404 apud
3433 5326 3789 5404 Epiphanium

2196 5400 2493 5469 Ancyranaa
2515 5403 2707 5474 synodi
2735 5400 3377 5474 subscribit'epistolze'mt
3394 5400 3554 5471 inira,
3572 5404 3786 5473 Fraem.

2196 5474 2469 5553 avninter
2499 5473 2594 5528 eos
2625 5484 2941 5553 recenselur
2961 5517 2977 5542 ,
3025 5490 3162 5545 quos
3188 5473 3498 5532 Germinius
3540 5477 3787 5546 rescripti

2192 5542 2275 5594 sui
2306 5542 2457 5596 initio
2486 5550 2780 5615 nuncupat.

2261 5633 2329 5705 (ε)
2360 5631 2648 5711 [neodem
2667 5653 2768 5693 ms.
2799 5645 2862 5711 et,
2883 5638 3054 5711 ctgteri
3076 5640 3312 5711 juniores
3336 5626 3518 5710 quibus
3543 5640 3782 5707 credidit,

2190 5718 2373 5780 omnes
2421 5707 2867 5780 Iiwretici._Apnd
2924 5707 3119 5764 Baron.
3161 5707 3518 5780 simpliciter,
3569 5721 3617 5764 et
3668 5713 3782 5778 alii,

2189 5775 2405 5831 omissis
2423 5778 2652 5834 caeteris.
2686 5778 2739 5835 lu
2763 5781 2905 5854 illius
2928 5789 3108 5836 autem
3133 5775 3431 5854 appendice
3454 5782 3520 5837 ad
3546 5775 3781 5850 H.555,

2192 5860 2405 5911 rursum
2447 5851 2941 5931 comparetluniur
2986 5854 3127 5923 inter
3173 5851 3267 5914 eos
3306 5854 3612 5921 nominatus
3636 5897 3651 5926 ,
3690 5854 3782 5935 qui
