4224 6262
423 340 534 396 695

1356 332 1453 389 ex
1490 320 1720 389 orent:
1762 310 2131 387 ms'roatco
2173 318 2651 385 FRAGMEN‘I'UM
2693 325 2782 384 vr.

3620 329 3725 386 694

420 450 581 530 681
622 453 755 511 Item
783 450 1029 510 Liberius
1062 450 1139 525 (a)
1166 442 1235 507 de
1260 448 1475 517 exsilio,
1509 447 1989 517 Ursacio,Valenti
2016 447 2069 508 Α
2166 445 2222 501 9.
2266 442 2484 501 Romam
2523 446 2712 500 remitti
2755 445 2905 501 enixe
2949 452 3118 517 rogat.
3156 442 3246 485 ⁷-
3297 443 3368 501 Et
3414 443 3519 501 hoc
3556 444 3719 500 etiam

1027 573 1083 622 et
1113 562 1412 622 Germiuio.

488 725 543 781 8.
583 721 817 779 Liberius
854 720 918 776 ab
948 719 1219 776 Athanasii
1242 718 1597 773 communione
1634 726 1917 789 separatus.
1947 748 2021 760 --

417 816 550 886 Quia
577 817 690 872 scio
729 829 824 869 vos
855 812 996 871 ﬁlios
1023 813 1168 883 pacis
1195 825 1337 875 esse.
1363 809 1587 880 diligere
1607 810 1767 866 etiam
1784 824 2017 866 concor-

415 914 558 970 diam
585 920 639 967 et
686 910 946 964 unitatem
998 905 1256 963 Ecclesiae
1287 903 1599 969 catholicas;
1648 903 1850 959 idcirco
1909 919 2015 960 non

2121 538 2266 594 scire
2291 551 2390 593 vos
2408 537 2558 607 volo,
2589 536 2733 607 quod
2754 537 2975 596 fratrem
2997 536 3446 593 Fortunatianum
3469 538 3538 611 (Γ)
3562 538 3716 609 petii,

2125 637 2184 683 ut
2212 642 2335 684 cum
2367 628 2564 686 litteris
2610 628 2747 686 meis
2796 630 2864 686 ad
2908 629 3390 687 clementissimum
3424 631 3718 703 imperato-

2121 732 2236 775 rem
2266 719 2643 776 Constantium
2670 723 2967 793 Augustum
2997 730 3265 794 pergeret,
3290 729 3476 794 petere
3501 732 3557 779 tit
3577 722 3723 779 bono

2121 810 2271 881 pacis
2301 821 2356 868 et
2378 814 2708 880 concordiae,
2733 815 2787 870 iu
2816 831 2919 887 qua
2946 816 3121 888 pietas
3149 816 3267 888 ejus
3303 830 3519 888 semper
3552 817 3721 893 682

2121 906 2377 975 exsultat,
2408 923 2496 964 me
2542 909 2612 964 ad
2664 910 2949 966 ecclesiam
2997 912 3129 966 mihi
3183 911 3443 967 divinitus
3470 913 3719 968 traditam

416 1006 594 1074 aliqua
617 1002 943 1057 necessitate
970 998 1306 1069 compulsus,
1332 996 1445 1051 Deo
1473 1003 1608 1051 teste
1635 995 1778 1063 dico,
1804 995 1900 1052 sed
1921 1011 2018 1065 pro
2114 998 2303 1069 jubeat
2323 1002 2523 1056 reverti
2549 1020 2562 1055 ;
2593 1009 2654 1056 ut
2684 1003 3022 1074 temporibus
3052 1004 3220 1075 ipsius
3264 1003 3506 1060 Romana
3549 1006 3723 1062 eccle-

416 1101 561 1157 bono
593 1099 738 1169 pacis
763 1108 816 1152 et
846 1095 1174 1162 concordiae,
1216 1108 1336 1165 quae
1370 1094 1629 1165 martyrio
1653 1094 2011 1164 praeponitur,

415 1194 501 1250 bis
532 1192 726 1249 litteris
750 1191 1019 1248 convenio
1052 1203 1168 1253 vos,
1201 1187 1405 1242 domini
1436 1186 1511 1258 (ὁ)
1562 1187 1753 1241 fratres
1803 1186 2014 1243 charis-

414 1287 558 1343 simi.
591 1285 893 1356 Cognoscat
915 1284 1097 1354 itaque
1113 1280 1398 1351 prudentia
1414 1289 1613 1341 vestra.
1634 1277 2009 1347 Athanasium,

413 1381 502 1453 qui
528 1377 908 1434 Alexandrina:
930 1376 1174 1431 ecclesiae
1192 1375 1476 1445 episcopus
1502 1372 1571 1446 (c)
1598 1372 1714 1439 fuit,
1740 1388 1767 1427 a
1787 1388 1873 1428 me
1895 1388 2015 1430 esse

412 1474 724 1531 damnatum
755 1472 927 1543 prius,
959 1485 1120 1540 fluam
1151 1468 1218 1525 ad
1241 1469 1554 1538 comitatum
1579 1470 1749 1524 sancti
1785 1470 2014 1540 impera-

413 1568 546 1622 toris
585 1566 792 1620 litteras
831 1562 1184 1619 Orientalium
1240 1561 1569 1616 destinarem
1610 1561 2010 1630 episc0porum,

412 1668 465 1716 et
492 1659 562 1714 ab
588 1656 835 1713 ecclesiae
863 1655 1118 1709 Romanae
1135 1652 1519 1709 communione
1542 1667 1663 1707 esse
1679 1663 2009 1722 separatum,

411 1754 569 1811 sicuti
598 1751 678 1827 (ά)
704 1758 839 1807 teste
866 1759 948 1807 est
990 1763 1150 1804 omne
1190 1747 1586 1819 presbyterium
1629 1745 1889 1818 Romanae
1922 1762 2012 1804 θος

2119 1093 2198 1147 sia
2228 1093 2427 1149 nullam
2460 1095 2724 1150 sustineat
2767 1097 3194 1153 tribulationem.
3242 1097 3326 1153 Me
3371 1109 3549 1153 autem
3596 1114 3719 1153 cum

2118 1186 2372 1243 omnibus
2420 1188 2574 1245 vobis
2617 1190 2886 1260 episcopis
2932 1191 3186 1247 Ecclesia:
3218 1190 3498 1247 catholicas
3529 1207 3717 1263 pacem

2118 1277 2339 1347 habere,
2375 1278 2459 1334 bis
2491 1281 2687 1336 litteris
2713 1271 2851 1337 meis
2873 1299 3028 1352 aequo
3051 1291 3106 1339 et
3132 1284 3361 1354 simplici
3385 1284 3567 1340 animo
3584 1284 3722 1340 scire

2117 1371 2349 1439 debetis,
2402 1372 2600 1429 fratres
2645 1373 2973 1430 charissimi.
3036 1375 3284 1446 Magnum
3334 1375 3409 1448 (g)
3463 1376 3717 1431 solatium

2118 1466 2262 1521 enim
2296 1466 2453 1522 vobis
2486 1468 2537 1521 in
2569 1466 2657 1523 die
2678 1469 3054 1524 retributionis
3082 1469 3400 1540 acquiretis,
3426 1471 3469 1524 si
3500 1484 3597 1540 per
3626 1485 3721 1526 vos

2116 1573 2225 1628 pax
2270 1560 2514 1616 ecclesiae
2566 1561 2828 1616 Romanae
2882 1562 3043 1618 fuerit
3082 1560 3311 1618 reddita.
3358 1562 3511 1619 Scire
3538 1571 3717 1622 autem

2115 1670 2214 1726 per
2252 1670 2350 1711 vos
2377 1656 2506 1712 volo
2537 1655 2702 1712 etiam
2752 1655 2951 1714 fratres
2999 1664 3055 1714 et
3101 1657 3456 1729 coepiscopos
3503 1665 3722 1713 nostros

2116 1747 2424 1819 Epictetum
2453 1757 2508 1806 et
2544 1748 2896 1817 Auxentium,
2930 1765 3115 1820 pacem
3149 1765 3239 1807 me
3276 1760 3333 1807 et
3379 1751 3739 1806 communio-'

409 1848 614 1904 clesiaa.
674 1846 800 1903 Sola
844 1843 960 1900 haec
1002 1857 1164 1899 causa
1195 1841 1313 1907 fuit,
1348 1851 1406 1896 ut
1448 1840 1654 1896 tardius
1691 1840 1909 1896 viderer
1947 1839 2014 1897 de
2043 1832 2093 1893 B
2119 1855 2241 1895 nem
2270 1841 2698 1897 ecclesiasticam
2725 1857 2848 1898 cum
2895 1841 3028 1913 ipsis
3069 1841 3268 1899 habere
3314 1860 3328 1895 :
3373 1856 3510 1913 quos
3557 1842 3723 1899 credo

409 1941 632 1997 nomine
660 1937 833 2010 ipsius
861 1936 1072 1992 litteras
1110 1933 1177 1989 ad
1209 1932 1406 1988 fratres
1435 1940 1490 1988 et
1525 1932 1879 2002 coepiscopos
1906 1947 2006 1988 no-

412 2043 559 2090 stros
583 2028 893 2088 Orientales
920 2027 1073 2096 dare,
1109 2038 1165 2081 ut
1190 2024 1350 2097 legati
1380 2024 1450 2097 (c)
1475 2026 1582 2080 mei
1610 2038 1745 2095 quos
1780 2025 1848 2080 ab
1878 2024 2013 2081 urbe

408 2126 578 2181 Roma
609 2124 676 2181 ad
727 2124 1043 2178 comitatum
1091 2119 1420 2183 direxeram,
1473 2132 1570 2173 seu
1626 2117 1864 2188 episcopi
1919 2118 2009 2189 qui

404 2218 617 2275 fuerant
640 2215 929 2288 deportati,
961 2223 1015 2270 et
1046 2213 1145 2284 ipsi
1175 2226 1279 2268 una
1313 2226 1438 2268 cum
1468 2210 1576 2281 his,
1629 2210 1675 2267 si
1721 2210 1837 2267 fieri
1879 2223 2006 2283 pos-

406 2321 512 2381 set,
536 2311 606 2368 de
633 2308 824 2367 exsilio
852 2316 1254 2365 revocarentur.

407 2503 596 2553 contra
611 2493 964 2551 Athanasium
979 2488 1367 2548 Mediolanensi
1398 2489 1454 2545 in
1474 2488 1703 2545 concilio
1733 2487 2012 2559 subscrip-

409 2577 618 2623 serunt.
664 2568 739 2623 De
778 2566 944 2622 verbo
972 2563 1333 2635 requirendum
1360 2563 1491 2617 satis
1520 2559 1876 2617 disseruimus
1906 2575 2001 2616 su-

448 2655 611 2694 Ci‘lUS.

408 2654 889 2781 pell'lalisieliquanto
916 2714 1039 2779 post
1068 2720 1228 2781 quam
1249 2703 1587 2781 superiorem
1616 2702 1682 2757 ad
1705 2701 2009 2781 Orientales

415 2772 629 2848 scripsit
660 2772 940 2842 epistolam
976 2772 1258 2846 raucoque
1284 2772 1426 2832 circa
1451 2774 1661 2848 initium
1701 2774 1830 2848 anui
1876 2772 2005 2848 §§§.

407 2844 560 2910 Hauc
600 2852 876 2907 Batonius
914 2860 974 2905 ut
1007 2844 1296 2919 genuinam
1345 2844 1714 2919 descriliitgad
1758 2860 1847 2899 an.
1877 2845 2004 2919 35'],

408 2941 463 2979 n.
494 2923 584 2978 55.
610 2926 680 2978 At
703 2922 969 2978 sententia
1000 2915 1286 2976 retractata
1321 2920 1372 2973 in
1406 2916 1715 2985 Appendiee
1761 2932 1879 2986 pag.
1911 2915 2004 2982 25,

407 2995 763 3050 adulterinum
796 3009 913 3047 eam
941 3007 1064 3048 esse
1095 2992 1226 3050 vult.
1260 2999 1315 3045 et
1340 2989 1408 3043 ab
1437 2989 1527 3054 iis,
1558 3004 1585 3039 a
1618 2987 1812 3057 quibus
1842 3001 2007 3054 supe-

409 3068 521 3122 rius
550 3066 905 3136 fragmentum
938 3061 1323 3136 tvgcoulictam.
1375 3058 1668 3136 Bostrenum
1699 3058 1841 3112 illius
1880 3071 2008 3112 sen-

409 3137 593 3193 tentia:
632 3131 936 3191 subscribit
987 3134 1192 3193 Biuius.
1243 3147 1343 3187 nec
1390 3131 1636 3186 Labbeus
1694 3138 2006 3198 repugnat:

407 3225 509 3280 qua
542 3209 749 3283 ratione
781 3206 1030 3278 permoti,
1065 3222 1185 3259 mox
1215 3203 1567 3274 expendetur.
1600 3204 1669 3255 At
1694 3210 1840 3283 certe
1865 3200 2005 3254 inte-

406 3278 509 3336 rim
545 3278 846 3334 concedant
876 3291 1094 3333 necesse
1127 3287 1229 3337 est,
1258 3290 1375 3329 eam
1411 3289 1585 3344 neque
1613 3278 1848 3326 auctoris
1884 3286 2008 3326 nos-

406 3353 473 3407 tri
494 3350 697 3419 judicio
738 3348 985 3405 falsitatis
1026 3347 1192 3403 fuisse
1232 3343 1564 3419 suapectam,
1592 3356 1774 3419 neque
1803 3344 1944 3413 stylo
1972 3356 2000 3395 a
2032 3343 2077 3408 C

416 3414 626 3478 carioris
658 3420 1186 3490 Pontificisejusdcm
1218 3419 1411 3472 litteris
1439 3414 1723 3490 dissidere.

496 3493 572 3561 (ὁ)
601 3494 929 3549 Coneinnius
951 3485 1088 3560 apud
1113 3491 1333 3553 Baron.,
1356 3488 1550 3541 domini
1569 3488 1664 3540 mei
1689 3485 1996 3561 charissimi.

485 3555 565 3648 gi)’
597 3566 800 3648 Bitonis.
834 3555 996 3621 Sirmi
1031 3572 1322 3648 utcumque
1348 3569 1683 3641 restaurator
1720 3558 1804 3611 llic
1829 3555 2001 3648 luens,

406 3629 500 3708 qui
529 3629 594 3690 ex
628 3635 768 3690 Pith.
792 3644 973 3708 antea
1001 3633 1078 3688 sic
1109 3629 1505 3708 vulgatuserat
1535 3647 1547 3684 :
1579 3629 1852 3708 episcOpus
1882 3629 1999 3708 fuit,

408 3698 704 3777 priusquam
731 3707 798 3762 ad
823 3707 1118 3761 comitatum
1167 3698 1330 3758 sancti
1360 3698 1684 3777 imperatoris
1722 3698 2003 3777 secundum

392 3767 603 3831 'litteras
638 3777 975 3832 Orientalium
1010 3778 1388 3843 episcoporum,
1412 3767 1459 3829 et
1504 3775 1566 3827 ab
1608 3771 1856 3827 Ecclesia:
1897 3767 2003 3822 Ro—

408 3865 577 3903 mamn
601 3850 954 3902 communione
979 3858 1244 3912 separatus
1271 3856 1365 3912 est,
1396 3845 1546 3901 sicuti
1586 3853 1708 3897 teste
1746 3851 1842 3905 est,
1890 3850 2001 3895 etc.

408 3919 564 3990 Apud
596 3919 882 3975 Beronium
910 3929 1113 3982 autem,
1159 3918 1429 3987 episcOpus
1462 3918 1577 3990 fuit,
1611 3916 1911 3990 priusquam
1932 3912 2000 3966 ad

407 3988 707 4046 comitatum
734 3992 897 4046 sancti
946 3990 1270 4061 imperatoris
1317 3989 1673 4061 peruenissem,
1723 3988 2004 4061 secundum

408 4063 604 4116 litteras
634 4061 977 4117 Orientalium
1008 4056 1367 4130 episcoporum
1389 4064 1451 4114 ab
1478 4056 1722 4111 Ecclesia:
1748 4056 2003 4130 _Roma_nae

410 4135 765 4187 communione
789 4150 897 4188 esse
922 4126 1239 4203 separatum:
1260 4130 1388 4199 Qum
1413 4130 1576 4186 verba
1598 4144 1717 4182 cum
1745 4126 2003 4203 Baronius

408 4208 479 4259 ita
512 4206 793 4275 intelligat,
842 4197 992 4273 quasi
1025 4204 1176 4275 dicat
1219 4197 1485 4275 Liberius,
1504 4216 1564 4256 se
1597 4209 1727 4275 ante
1751 4197 2001 4254 exsilium

409 4289 589 4337 suum,
624 4271 932 4346 priusquam
973 4273 1041 4328 ad
1086 4273 1428 4342 imperatoris
1474 4271 1783 4346 comitatum
1820 4284 2005 4346 accer-

408 4348 543 4401 situs
567 4340 920 4415 pervenisSet,
940 4340 1231 4401 secundum
1252 4346 1459 4401 litteras
1508 4341 1858 4415 Orientalium
1885 4340 2002 4415 epi-

408 4412 693 4489 scoporum
723 4417 1064 4489 pontificatus
1087 4416 1167 4470 sui
1195 4417 1345 4489 initio
1373 4412 2002 4489 acceptas,Athana._sium

409 4488 479 4543 ab
506 4483 752 4545 ecclesia:
775 4489 1033 4544 Romana:
1053 4486 1433 4542 communione
1458 4483 1770 4556 separasse;
1801 4486 1844 4539 si
1865 4483 2003 4556 bene

410 4560 683 4631 intelligit,
720 4560 1064 4631 totamrhauc
1092 4559 1372 4626 epistolam
1413 4559 1478 4613 iis
1520 4555 1710 4631 merito
1735 4555 2000 4619 attribuit,

409 4629 856 4701 quisuperiorem
888 4630 1186 4701 fragmento
1216 4645 1265 4684 tv
1294 4630 1516 4701 relatam
1551 4629 1837 4701 cuderunt.

481 4696 675 4757 Sed'ex
711 4696 1155 4772 lectionefqttam
1202 4700 1354 4755 nobis
1396 4702 1701 4772 suppeditat
1730 4696 2000 4772 Sirmoudl

405 4788 510 4827 ms.
559 4773 661 4829 hoc
715 4775 890 4844 potius
923 4769 1132 4827 videtur
1172 4773 1418 4828 Liberius
1440 4769 1735 4844 declarare,
1762 4769 2002 4825 Athana-

406 4844 547 4898 sium
580 4860 607 4897 a
631 4860 691 4899 se
712 4843 860 4916 prius
886 4860 1006 4916 esse
1035 4844 1369 4907 damnatum,
1402 4843 1657 4916 «manuari
1701 4848 1997 4912 imperato-

406 4918 486 4970 ris
510 4913 825 4971 comitaium
848 4915 1261 4971 deSIinaretaut
1283 4916 1423 4981 quod
1466 4916 1529 4969 ad
1559 4913 1865 4970 Orientales
1912 4930 2003 4969 su-

407 4986 712 5057 perioribus
744 4987 935 5042 litteris
963 4988 1274 5052 scripserat,
1300 4999 1390 5041 aut
1417 4987 1558 5054 quod
1587 4987 1662 5040 illi
1689 4989 1753 5038 ad
1783 4986 2001 5042 easdem

408 5059 831 5183 Bescripserant;
868 5059 1032 5130 idque
1061 5058 1318 5113 Romana:
1344 5058 1591 5114 ecclesize
1614 5058 1723 5128 jam
1755 5071 1814 5111 se
1840 5060 2004 5128 signi-

450 5144 622 5183 casse.

450 5144 622 5184 casse.

480 5208 594 5264 lmo
655 5216 870 5278 recepta
939 5209 1079 5264 ultro
1118 5208 1336 5264 Baronii
1380 5208 1632 5274 lectione,
1680 5206 1880 5263 Liberii
1938 5210 2004 5267 ad

409 5279 814 5349 imperatorem,
856 5280 1005 5335 salva
1034 5282 1190 5350 hujus
1234 5280 1492 5350 epistola;
1518 5283 1763 5343 veritate,
1799 5278 2002 5335 intelli-

408 5346 564 5416 getur
590 5353 873 5417 adventus,
902 5368 1009 5407 non
1048 5346 1286 5421 quidem,
1338 5358 1395 5405 ut
1444 5346 1533 5405 ille
1587 5350 1996 5421 interpretatur,

408 5421 577 5476 Roma
609 5422 966 5478 Mediolanum
1004 5418 1143 5477 unde
1191 5423 1458 5494 relegatus
1492 5432 1595 5489 est,
1643 5418 1739 5494 sed
1788 5418 2000 5491 Beroea,

408 5508 518 5575 quo
567 5494 840 5575 relegatus
880 5504 1016 5559 erat,
1060 5492 1337 5575 Βίιιῳῇεηιίἶ
1385 5493 1543 5548 Certe
1584 5510 1647 5575 es
1676 5492 2000 5561 Sozomeno,

409 5564 505 5619 lib.
536 5580 608 5629 tv,
650 5580 701 5619 c.
764 5566 853 5631 l5,
901 5574 1113 5620 constat
1163 5564 1453 5623 Liberium.
1507 5567 1740 5621 nondum
1784 5578 2003 5632 accepta

411 5635 638 5690 Romam
667 5635 973 5691 revertendi
1004 5646 1284 5705 pote~tate,
1311 5637 1565 5691 Sirmium
1615 5637 1703 5693 ubi
1748 5638 2002 5693 Vt'l‘Stlba-

413 5713 500 5760 tur
534 5710 826 5777 imperator
853 5710 1174 5764 accersitum
1201 5722 1342 5762 esse.
1380 5707 1531 5763 Nunc
1564 5709 1722 5779 igitur
1753 5708 2003 5763 testifica-

414 5786 500 5850 tur
544 5793 603 5834 se
650 5779 961 5850 priusquam
1003 5780 1106 5835 hoc
1132 5780 1236 5834 iter
1266 5778 1605 5850 coniecisset.
1652 5778 2003 5835 Athanasium

413 5849 702 5909 damnassie
730 5849 1011 5912 secundum
1038 5852 1233 5913 litteras
1256 5849 1621 5916 Orientalium;
1652 5850 1753 5906 hoc
1788 5860 1887 5918 eat,
1919 5850 2004 5907 vel

2114 1942 2388 2005 gratanter
2418 1934 2535 1990 haec
2555 1946 2928 2007 suscepturos.
2961 1935 3299 2008 Quicumque
3326 1944 3505 1991 autem
3528 1951 3558 1990 a
3585 1951 3720 2007 pace

2114 2036 2167 2085 et
2191 2027 2481 2086 concordia
2502 2041 2711 2097 nostra,
2730 2044 2852 2101 quas
2868 2044 2965 2100 per
2985 2030 3171 2085 orbem
3197 2038 3485 2096 terrarum,
3502 2030 3721 2086 volente

2118 2122 2250 2189 Deo,
2281 2122 2494 2178 firmata
2514 2134 2621 2189 est,
2653 2121 3001 2188 dissenserit;
3026 2121 3163 2177 sciat
3180 2136 3241 2177 se
3263 2130 3569 2192 separatum
3596 2137 3720 2179 esse

2111 2230 2143 2270 a
2183 2223 2369 2271 nostra
2414 2215 2816 2271 communione.
2883 2213 2961 2287 (Ιι)
3002 2211 3398 2269 Prteoaricatori
3446 2213 3723 2269 anathema

2110 2324 2216 2365 una
2234 2325 2350 2364 cum
2370 2308 2576 2365 Arionis
2591 2325 2622 2363 a
2638 2324 2720 2364 me
2736 2308 2953 2365 dictum.

2111 2490 2410 2546 secundum
2433 2489 2665 2545 formam
2689 2489 2973 2546 sententia:
2997 2489 3192 2545 litteris
3214 2488 3565 2547 Orientalium
3586 2504 3720 2547 con-

2117 2563 2366 2632 signata},
2411 2562 2499 2617 vel
2547 2561 2896 2629 obsequendo
2946 2560 3146 2632 litteris
3198 2559 3573 2632 Orientalium,
3626 2562 3717 2632 qui

2116 2630 2259 2687 hanc
2302 2630 2581 2687 Athanasii
2612 2631 3118 2687 condemnationem
3152 2640 3259 2684 tam
3293 2631 3601 2700 importune
3642 2630 3710 2688 ab

2113 2703 2232 2772 ipso
2286 2712 2597 2774 exegerant.
2650 2704 2705 2757 lu
2751 2703 2836 2756 his
2886 2703 3027 2755 nulla
3061 2701 3288 2757 habetur
3315 2714 3437 2757 cum
3469 2703 3703 2772 pseudo-

2115 2775 2340 2845 epistola
2373 2775 2653 2843 superiore
2680 2775 3080 2829 convenientia.

2190 2844 2268 2915 (ά)
2312 2847 2463 2915 Apud
2491 2846 2713 2912 Baron.,
2747 2846 2888 2899 testis
2917 2855 3009 2899 est.
3066 2847 3148 2899 An
3195 2844 3412 2899 Liberio
3459 2844 3711 2899 usitatum

2113 2916 2216 2985 fuit
2245 2918 2381 2970 testis
2415 2926 2462 2970 et
2490 2925 2633 2982 teste,
2683 2915 2957 2983 quomodo
3003 2916 3157 2985 nobis
3198 2915 3366 2985 ﬁdelis
3414 2924 3469 2985 et
3512 2915 3711 2984 fidele?

2112 2984 2567 3055 Conjeclare'est
2617 2980 2830 3041 ex'lmc
2863 2987 3004 3051 loco,
3052 2980 3325 3042 Liberium
3372 2980 3553 3038 statim
3592 2995 3713 3055 post

2113 3057 2473 3112 defectionem
2500 3059 2647 3113 clero
2684 3057 2930 3112 Romano
2962 3058 3168 3112 litteras
3198 3055 3481 3127 scripsisse
3508 3056 3572 3109 iis
3597 3058 3711 3112 fere

2113 3128 2340 3188 similes.
2363 3143 2495 3198 quas
2543 3128 2822 3184 Vincentio
2864 3127 3015 3184 dedit
3044 3145 3058 3181 :
3089 3125 3323 3198 quibus,
3349 3134 3407 3198 ut
3429 3125 3712 3198 habemus

2113 3200 2277 3265 infra,
2314 3196 2475 3254 enixe
2499 3215 2620 3255 eum
2649 3210 2820 3270 rogat,
2865 3211 2917 3252 ut
2947 3199 3016 3254 de
3046 3196 3139 3254 sua
3183 3214 3305 3270 cum
3349 3196 3712 3270 Orientalibus

2112 3286 2245 3341 pace
2275 3287 2433 3340 quam
2469 3271 2696 3341 primum
2718 3267 3107 3341 imperatorem
3135 3269 3425 3325 certiorem
3455 3267 3635 3324 faciat.

2183 3361 2255 3434 (ε)
2294 3360 2444 3417 Alias
2470 3376 2593 3434 cum
2622 3378 2723 3417 ms.
2755 3362 2922 3425 Pith.,
2954 3370 3028 3434 ut
3069 3362 3225 3433 legati
3265 3370 3313 3417 et
3345 3360 3712 3434 quos._Melius

2108 3431 2322 3488 Baconii
2345 3433 2695 3503 exemplaria,
2724 3444 2777 3487 ut
2808 3433 2961 3504 legati
2982 3434 3101 3499 mei,
3120 3431 3231 3503 'per
3253 3446 3389 3504 alios
3417 3431 3536 3487 scil.
3592 3434 3708 3504 epi-

2109 3506 2301 3559 stolam
2334 3507 2597 3573 superiori
2636 3502 2933 3574 fragmento
2951 3502 3173 3558 relatam
3216 3504 3284 3558 ad
3330 3502 3705 3558 ConStantium

2108 3576 2272 3630 misit.
2305 3577 2424 3631 Mox
2452 3592 2542 3630 seu
2580 3573 2803 3647 episcopi
2855 3573 3077 3647 perinde
3118 3584 3224 3642 est,
3268 3582 3432 3643 atque
3475 3575 3629 3629 simul
3656 3584 3705 3629 et

2106 3648 2289 3719 reliqui
2309 3648 2556 3719 episcogi.

2184 3713 2253 3789 (ἴ)
2290 3713 2445 3786 A'pud
2485 3713 2687 3789 'Baron.
2732 3726 2790 3770 ut
2831 3717 3025 3789 in_ms.
3093 3715 3258 3789 Sirm.
3315 3713 3541 3789 epistola
3593 3715 3710 3772 haec

2108 3786 2314 3843 auctior
2336 3798 2509 3842 exstat
2535 3791 2585 3841 in
2620 3786 2762 3842 hunc
2796 3787 3013 3843 modum
3049 3803 3062 3840 :
3092 3786 3231 3856 petii,
3263 3794 3317 3839 ut
3346 3786 3539 3841 litteras
3566 3802 3705 3841 meas

2108 3860 2177 3912 ad
2235 3860 2682 3913 clementissimum
2734 3860 3089 3929 imperatorem
3147 3859 3392 3929 perferat,
3452 3873 3582 3928 quas
3636 3860 3705 3912 ad

2112 3929 2398 3984 Orientales
2429 3930 2693 3998 episcopos
2730 3928 2848 4002 feci,
2897 3940 2951 3983 ut
2995 3930 3183 3983 scirent
3234 3928 3332 3997 ipsi
3388 3945 3493 3982 una
3537 3946 3707 3984 secum

2080 4002 2379 4056 'Athanasii
2405 4003 2759 4055 communione
2780 4019 2860 4055 me
2885 4017 2992 4055 esse
3018 4009 3311 4071 separatum
3343 4016 3361 4054 :
3388 4016 3517 4071 quas
3555 4002 3706 4054 credo

2109 4074 2244 4143 quod
2273 4073 2434 4143 pietas
2460 4073 2622 4144 ipsius
2649 4088 2741 4142 pro
2764 4072 3061 4144 bonopacis
3106 4071 3428 4144 gratulanter
3464 4073 3706 4144 accipiet,

2109 4141 2324 4213 auarum
2351 4143 2629 4215 exemplar
2650 4141 2821 4215 etiam
2838 4141 3453 4215 Philagrio'imperatoris
3476 4141 3708 4197 eunucho

2111 4212 2296 4286 prodat
2340 4212 2449 4286 (vel
2496 4212 2553 4286 ut
2581 4214 2737 4269 habet
2766 4213 2932 4286 Sicut.
2962 4212 3115 4267 etiam
3142 4212 3359 4286 Hilario
3384 4213 3707 4286 imperatoris

2111 4283 2251 4356 ﬁdeli
2275 4283 2457 4339 direxi.
2492 4284 2787 4355 Pervideat)
2817 4284 3042 4340 charitns
3068 4295 3253 4348 vestra,
3298 4283 3405 4338 lucc
3444 4283 3524 4337 me
3561 4285 3707 4338 benio

2107 4372 2209 4429 gno
2237 4365 2283 4410 et
2312 4358 2567 4410 innocenti
2596 4358 2766 4410 animo
2794 4358 3028 4429 gessisse.
3061 4357 3388 4429 Quapropter
3416 4356 3496 4411 Itis
3520 4356 3706 4410 litteris

2108 4425 2501 4501 meisconvenio
2528 4443 2615 4482 vos
2646 4439 2699 4501 et
2720 4425 2917 4501 adjuro
2946 4425 3246 4501 perﬂeum
3268 4433 3695 4501 omnipotentem,

2109 4510 2154 4571 et
2187 4499 2446 4552 (.‘hristum
2467 4497 2641 4553 Iesum
2670 4496 2833 4571 ﬁlium
2870 4496 2982 4571 ejus
3020 4496 3420 4571 (Sirmtﬂatldlt
3436 4497 3629 4571 Deum)
3657 4506 3707 4554 et

2115 4570 2392 4641 Dominum
2422 4581 2651 4624 nostrum
2681 4569 2851 4636 (solus
2887 4568 3083 4624 Baron.
3117 4568 3335 4638 subjicit
3358 4581 3406 4622 et
3453 4568 3709 4641 Spiritum

2106 4640 2403 4713 sanctum),
2437 4653 2492 4695 ut
2522 4642 2801 4712 dignemini
2827 4644 2898 4695 ad
2939 4642 3390 4695 clementissimum
3427 4640 3708 4709 imperatos

2035 4735 2082 4795 D
2108 4730 2225 4795 rent
2247 4714 2595 4795 Constantium
2626 4714 2910 4795 Augustum
2953 4724 3188 4795 pergere,
3216 4723 3262 4795 et
3294 4720 3460 4795 petere
3490 4724 3546 4795 ut
3576 4714 3707 4795 bona

2112 4786 2273 4856 pacis,
2300 4796 2406 4840 etc.
2434 4789 2565 4851 Qun:
2598 4785 2756 4840 verba
2788 4801 2892 4856 non
2928 4785 3088 4839 modo
3120 4783 3389 4856 iutricata,
3414 4783 3507 4837 sed
3528 4783 3699 4856 etin-

2114 4854 2487 4925 terpolationis
2517 4867 2642 4911 sunt
2685 4855 2841 4913 valde
2886 4864 3154 4925 suspecta.
3211 4855 3349 4923 Quid
3399 4856 3542 4909 enim
3592 4854 3710 4925 haec

2114 4920 2325 4993 sonant,
2379 4930 2479 4983 nisi
2525 4929 2794 4983 Liberium
2824 4920 3067 4999 prius'ail
3099 4920 3438 4999 Orientales,
3454 4940 3613 4995 quam
3628 4923 3707 4999 ad

2114 4999 2492 5069 imperatorem
2525 4995 2901 5066 scripsisse,’et
2936 5000 3141 5053 litteras
3163 5014 3189 5050 a
3226 5014 3299 5069 se
3310 4998 3373 5053 ad
3404 4995 3708 5069 Orientales

2116 5068 2342 5134 scriptas
2375 5078 2561 5139 pustea
2618 5071 2683 5124 ad
2717 5072 3094 5136 imperatorem
3143 5085 3238 5137 per
3263 5068 3707 5123 Fortunatianum

2118 5142 2368 5197 misisse?
2394 5143 2637 5211 quamvis
2675 5154 3023 5210 supru,uum.
3058 5140 3111 5201 4,
3143 5140 3207 5193 ad
3237 5139 3540 5194 Orientales
3574 5140 3711 5211 scri-

2117 5211 2270 5274 bens,
2300 5209 2516 5267 eosdem
2544 5209 2760 5266 moneat
2799 5222 2858 5267 se
2885 5212 2993 5281 jam
3037 5220 3211 5281 antea,
3241 5211 3449 5265 litteras
3488 5209 3708 5265 dedisse

2111 5298 2208 5353 per
2227 5284 2667 5338 Fortunatiauum
2690 5284 2756 5336 ad
2781 5280 3160 5352 imperatorem
3182 5280 3558 5336 Constantium
3585 5296 3709 5353 per-

2111 5350 2381 5409 ferendas.
2425 5355 2624 5409 Contra
2672 5350 2994 5415 nitida—est,
3047 5361 3104 5407 et
3154 5353 3419 5422 superiori
3466 5350 3711 5420 epistolae

2108 5441 2329 5495 prorsus
2370 5435 2727 5507 consentanea
2758 5426 2941 5491 lectio,
2967 5437 3127 5496 quam
3168 5421 3235 5479 ex
3279 5438 3381 5479 ms.
3423 5421 3567 5479 Pith.
3610 5438 3708 5479 ex-

2110 5512 2350 5568 pressam
2387 5505 2699 5551 retinemus.

2182 5568 2257 5639 (g)
2301 5566 2519 5629 Baron.,
2572 5582 2808 5638 magnum
2869 5565 3031 5639 etiam,
3078 5566 3342 5639 prtcmiunt
3386 5566 3707 5639 uobistelc.

2112 5635 2276 5694 snio.
2303 5655 2405 5692 ms.
2440 5635 2675 5709 magnum
2705 5639 2837 5693 enim
2854 5635 3123 5709 prtemiunt
3146 5636 3283 5693 vobis
3313 5637 3367 5691 in
3383 5637 3466 5691 die
3492 5635 3707 5692 tribula-

2108 5710 2261 5765 tionis
2286 5711 2575 5781 acquiretis.

2152 5781 2260 5908 1(ντὶ)
2304 5776 2451 5838 llanc
2500 5782 2660 5838 etiam
2712 5782 2897 5837 nolam
2951 5781 3207 5838 exhibent
3261 5776 3477 5838 Baronii
3520 5792 3703 5837 exem-

2172 5868 2302 5908 ara.
2832 5894 2839 5903 .
3264 5890 3267 5893 η

2113 5868 2302 5925 plana.
2832 5894 2839 5903 .
