4224 6262
503 306 609 361 893

580 559 666 616 10.
688 560 934 617 Urbicnm
960 562 1057 616 sibi
1086 574 1316 634 ereptum
1337 565 1495 622 dolet.
1523 598 1594 610 —
1619 568 1735 625 Non
1780 570 1974 638 doceo,
2007 573 2100 628 sed

502 654 771 710 admoneo
805 662 1049 710 sanetum
1090 658 1326 712 animum
1362 670 1531 724 tuum,
1563 661 1733 719 frater
1761 664 2098 731 cbarissime,

502 760 570 800 eo
615 745 758 813 quod
788 746 1054 817 colloquia
1105 750 1242 804 mala
1293 768 1473 809 mores
1524 753 1697 810 bonos
1745 768 2105 829 corrumpunt

502 835 545 909 (Ι
601 836 746 903 Cor.,
792 854 881 903 xv,
914 838 1030 909 55).
1062 840 1276 897 Insidiae
1309 843 1590 901 hominum
1651 849 1912 904 malorum
1963 850 2100 907 bene

502 928 596 984 tibi
628 930 860 999 cognitae
888 941 1035 997 sunt,
1089 934 1230 989 unde
1271 936 1336 990 ad
1370 939 1510 994 hunc
1556 939 1796 995 laborem
1828 944 2046 1010 perveni
2083 960 2096 997 :

499 1031 555 1075 et
577 1037 671 1075 ora
693 1021 858 1094 683
883 1031 940 1077 ut
977 1024 1063 1079 det
1098 1025 1357 1083 Dominus
1387 1030 1748 1103 tolerantiam.
1797 1033 2095 1090 Dilectissi-

499 1129 620 1169 tnus
644 1114 785 1169 ﬁlius
816 1132 968 1171 meus
994 1116 1225 1175 Urbicus
1252 1120 1532 1188 diaconus,
1558 1140 1716 1193 quem
1751 1126 1975 1182 videbar
1998 1128 2097 1182 ha-

498 1204 627 1259 hcrc
658 1208 931 1273 solatium,
962 1224 993 1263 a
1027 1226 1111 1265 me
1142 1226 1238 1282 per
1260 1211 1547 1269 Venerimn
1576 1225 1822 1287 agentem
1856 1218 1906 1272 in
1936 1219 2099 1275 rebus

502 1296 746 1353 sublatus
774 1307 874 1354 est.
1695 1313 1700 1318 '

570 1390 593 1442 1
610 1389 629 1444 ί
647 1430 657 1441 .
678 1391 788 1454 Quo
801 1392 1236 1449 nomine'redilum
1251 1396 1312 1450 ab
1326 1398 1507 1452 exsilio
1522 1399 1839 1469 deprecetur.
1883 1432 1951 1443 —
1964 1403 2099 1458 Sau-

480 1479 665 1558 ‘clitali
696 1478 773 1553 (b)
819 1492 925 1538 tuae
956 1485 1363 1555 signiﬁcandum
1400 1492 1626 1558 credidi,
1667 1510 1752 1549 me
1780 1494 1848 1550 de
1869 1508 2097 1552 conten-

496 1556 644 1627 tione
666 1572 752 1626 illa
783 1589 812 1627 a
846 1577 1064 1631 nomine
1086 1578 1369 1636 Athanasii
1391 1584 1703 1651 recessisse,
1729 1598 1782 1640 et
1807 1587 1872 1641 ad
1903 1588 2098 1644 fratres

494 1673 547 1717 et
569 1665 921 1735 coepiscoiios
953 1678 1168 1725 nostros
1189 1669 1493 1729 Orientales
1523 1674 1731 1737 litteras
1769 1676 1985 1733 dedisce
2029 1679 2097 1734 de

498 1767 664 1823 super
696 1759 915 1814 nomine
957 1760 1099 1831 ejus.
1133 1762 1287 1819 Unde
1327 1765 1473 1834 quia,
1509 1765 1620 1821 Deo
1650 1767 1887 1831 volente,
1912 1779 1969 1824 et
1994 1788 2095 1839 pax

495 1848 652 1902 vobis
697 1850 896 1920 ubique
954 1863 1057 1919 est,
1107 1854 1415 1927 dignaberis
1465 1861 1757 1915 convenire
1809 1862 2095 1935 epise0pos

496 1951 720 1996 cunctos
746 1943 1082 2014 Campaniae,
1112 1958 1167 2002 ct
1220 1948 1337 2005 haec
1368 1950 1474 2007 illis
1497 1952 1793 2017 insinuare,
1822 1967 1878 2011 et
1905 1973 1971 2012 ex
2010 1958 2095 2029 ip-

496 2046 681 2087 sorum
710 2049 938 2091 numero
969 2053 1074 2092 una
1104 2054 1228 2094 cum
1257 2041 1484 2111 epistola
1512 2045 1800 2113 vestra,de
1830 2049 2097 2104 unanimi-

493 2132 603 2179 tate
629 2134 815 2181 nostra
846 2136 902 2183 et
941 2144 1073 2198 pace
1095 2130 1158 2184 ad
1183 2132 1668 2191 clementissimum
1708 2138 2094 2207 imperatorem

497 2218 741 2271 scribere.
770 2234 879 2288 quo
909 2223 1111 2290 possim
1134 2231 1191 2277 et
1237 2238 1337 2295 ego
1374 2226 1441 2281 de
1472 2229 1689 2283 tristitia
1732 2246 1924 2302 magna
1954 2232 2094 2290 libe-

495 2309 625 2362 rari.
660 2307 729 2361 Et
786 2326 943 2365 manu
995 2313 1155 2384 ipsius
1207 2332 1225 2368 :
1280 2315 1425 2373 Deus
1469 2329 1521 2374 te
1561 2321 1885 2378 incolumem
1915 2334 2098 2379 custo-

497 2401 629 2469 diat,
658 2402 730 2475 (c)
760 2402 941 2459 frater.
975 2405 1107 2460 Item
1146 2425 1301 2462 manu
1330 2411 1494 2481 ipsius
1515 2413 1719 2484 paginw
1746 2417 2046 2487 perscripr
2076 2435 2095 2473 :

490 2492 624 2548 Cum
643 2495 894 2551 omnibus
911 2499 1183 2567 episc0pis
1203 2499 1571 2559 Orientalibus
1599 2520 1784 2574 pacem
1807 2508 2090 2577 habemus,

493 2598 548 2645 et
574 2591 853 2647 vobiscum
885 2609 1005 2664 ego.
1038 2595 1121 2650 Me
1143 2596 1208 2650 ad
1240 2596 1410 2654 Deum
1436 2600 1666 2665 absolvi,
1694 2617 1789 2657 vos
1813 2604 2054 2660 videritis
2078 2625 2090 2661 :

496 2685 540 2739 si
559 2684 838 2741 volueritis
859 2703 945 2742 me
968 2688 1020 2744 iu
1041 2690 1235 2745 exsilio
1256 2690 1511 2761 deﬁcere,
1534 2694 1638 2751 erit
1663 2695 1807 2753 Deus
1827 2697 1993 2769 judex
2014 2700 2095 2754 iu-

493 2790 578 2835 lCl‘
607 2794 695 2836 me
720 2789 776 2836 et
804 2795 922 2837 VOS.

745 2938 1220 2997 FRAGMENTUM
1259 2941 1351 2998 γη
1381 2943 1551 3015 (Alias
1573 2961 1611 3001 ιι
1636 2949 1843 3017 partis).

489 3051 691 3108 luem?
722 3069 1011 3109 EXEIPLUH
1045 3054 1123 3128 (ά)
1149 3072 1414 3114 Εριετοιε
1436 3057 1758 3116 CONSTANTII
1791 3078 2091 3120 IIIPERATO-

565 3163 649 3201 R18
693 3163 762 3202 AD
802 3163 1083 3204 EPISCOPOS
1135 3165 1347 3219 ITALOS,
1390 3168 1478 3217 QUI
1516 3169 1572 3209 IN
1610 3171 1918 3211 ARIHINENSI
1955 3173 2088 3213 CON-

1681 318 1926 377 SANCTI
1966 321 2222 378 HILARII
2265 323 2569 381 EPISCOPI

579 424 713 480 Item
753 425 826 482 de
854 426 1049 483 exsilio
1077 427 1152 500 (a)
1198 426 1448 486 Liberius
1490 431 1774 490 Vincentio
1805 436 1915 508 (an.
1946 437 2098 509 558).
2128 437 2177 496 A
2203 446 2457 507 oportere
2497 453 2716 508 operam
2764 439 2895 495 dare

3701 328 3807 382 696

2945 458 2958 495 :
3003 454 3127 496 cum
3166 441 3414 511 proiecto
3440 451 3494 498 et
3521 441 3807 514 episcopo-

2207 544 2323 584 rum
2353 531 2401 585 id
2431 531 2609 585 olﬁcio
2630 542 2890 602 congruat
2915 574 2929 599 ,
2962 544 3015 587 et
3037 533 3185 588 salus
3214 534 3454 589 omnium
3484 535 3643 606 longe
3669 534 3804 590 latc-

2205 640 2308 695 que
2356 626 2674 695 pupulorum
2722 625 2823 680 hoc
2872 624 3184 682 fundamine
3228 628 3541 683 roboretur.
3576 627 3680 683 Sed
3714 644 3802 684 res

2204 721 2483 776 admonuit
2511 722 2752 775 instituta
2786 737 2974 777 rursus
3000 722 3416 777 exsistere.Non
3438 723 3580 778 enim
3607 722 3801 792 aliquis

2205 814 2425 870 deﬁnita
2444 815 2706 885 geminari
2736 814 3067 885 superﬂuum
3099 816 3381 885 iudicabit,
3428 834 3549 873 cum
3578 820 3650 891 (f)
3684 835 3802 875 cre-

2203 907 2297 962 bra
2330 909 2673 963 consueverit
2715 908 3014 964 admonitio
3040 924 3239 977 augere
3264 910 3537 965 cumulum
3566 911 3801 982 diligen-

2204 1003 2310 1058 tiae.
2343 1001 2436 1056 His
2463 1002 2533 1055 ita
2566 1018 2625 1057 se
2650 1002 2992 1067 habentibus,
3019 1003 3087 1060 de
3114 1003 3221 1060 ﬁde
3241 1012 3405 1075 atque
3430 1007 3634 1063 unitate
3661 1017 3801 1062 trac-

2203 1094 2301 1149 tari
2333 1093 2533 1149 debere
2561 1106 2851 1166 cognoscat
2886 1096 3173 1153 sinceritas
3220 1109 3421 1161 vestra,
3476 1108 3531 1154 et
3579 1115 3798 1169 operam

2201 1186 2352 1252 dare,
2379 1194 2436 1240 ut
2460 1187 2840 1244 ecclesiasticis
2868 1190 3030 1244 rebus
3056 1189 3191 1246 ordo
3217 1200 3530 1261 competens
3554 1192 3800 1262 praebea-

2201 1288 2308 1337 tur.
2345 1281 2619 1337 Discurret
2648 1297 2881 1352 namque
2901 1292 3220 1338 cunctorum
3248 1285 3581 1355 prosperitas
3602 1286 3801 1355 ubique

2204 1372 2547 1442 pepulorum,
2579 1381 2634 1428 et
2678 1374 2967 1429 concordia
3001 1375 3101 1429 lida
3147 1377 3453 1432 servabitur
3479 1376 3649 1450 684
3674 1392 3800 1434 cum

2205 1465 2418 1535 penitus
2458 1466 2747 1535 amputatis
2791 1464 2867 1538 (g)
2906 1482 3005 1522 nec
3057 1467 3363 1538 bujusmodi
3411 1471 3801 1541 quaestionibus

2201 1559 2409 1613 cunctis
2441 1558 2699 1612 sectando
2735 1561 3113 1616 commoverit.

2272 1654 2325 1708 2.
2359 1653 2478 1709 Non
2509 1654 2571 1709 de
2603 1656 2946 1712 Orientalium
2974 1662 3163 1714 causis.
3205 1692 3276 1702 —
3307 1662 3413 1717 Res
3441 1662 3541 1717 ista
3570 1678 3675 1719 non
3706 1664 3804 1721 de-

2203 1748 2380 1804 betita
2417 1752 2770 1806 intentionem
2800 1753 2961 1808 animi
2988 1752 3066 1825 (Ii)
3090 1754 3301 1826 longius
3322 1772 3615 1828 propagare
3647 1777 3659 1812 :
3692 1775 3800 1813 non

2135 1840 2172 1897 Β
2201 1845 2345 1900 enim
2377 1846 2444 1901 de
2472 1846 2840 1904 Orientalibus
2861 1850 3131 1921 episcopis
3161 1852 3213 1906 in
3242 1854 3473 1908 concilio
3495 1865 3678 1911 vestro
3708 1873 3802 1926 pa-

2197 1939 2326 1993 titur
2352 1940 2491 1994 ratio
2521 1940 2723 2011 aliquid
2754 1941 2985 1996 deﬁniri.
3018 1943 3249 1999 Proinde
3273 1962 3437 2015 super
3460 1947 3547 2003 bis
3570 1958 3798 2013 tantum,

2196 2044 2316 2100 quae
2376 2030 2441 2085 ad
2494 2046 2591 2087 vos
2643 2033 2919 2103 pertinere
2970 2037 3253 2107 cognoscit
3302 2040 3539 2108 gravitas
3590 2053 3794 2109 vestra,

2195 2128 2431 2177 tractare
2465 2121 2676 2178 debetis
2714 2142 2727 2178 :
2776 2132 2830 2179 et
2874 2126 3159 2196 completis
3204 2129 3458 2186 celeriter
3500 2132 3799 2200 universis,

2194 2216 2573 2269 consentiente
2605 2230 2877 2272 consensu
2902 2217 3091 2272 decem
3137 2220 3349 2277 mittere
3393 2222 3461 2278 ad
3484 2225 3799 2280 comitatum

2196 2320 2396 2369 meum,
2428 2315 2488 2360 ut
2519 2307 2819 2376 prudentia:
2859 2320 3058 2365 vestra:
3102 2312 3372 2378 prioribus
3430 2315 3622 2370 litteris
3670 2317 3799 2387 (non

2197 2397 2416 2471 exstant)
2443 2400 2827 2457 intimavimus.
2856 2402 3099 2459 Pracdicti
3126 2405 3268 2460 enim
3301 2416 3592 2472 potuerunt
3613 2411 3793 2464 omni-

2195 2491 2295 2547 bus
2321 2507 2442 2562 quae
2471 2493 2673 2549 eisdem
2697 2494 2997 2552 Orientales
3022 2501 3402 2569 proposuerint
3436 2502 3793 2572 respondere,

2194 2584 2278 2639 vel
2307 2592 2540 2641 tractare
2561 2585 2630 2641 de
2655 2585 2789 2652 ﬁde;
2818 2597 2879 2642 ut
2903 2589 3049 2644 exitu
3069 2594 3394 2659 competenti
3411 2595 3586 2649 omnis
3608 2610 3758 2665 quaes

2197 2678 2271 2732 tio
2297 2678 2639 2743 terminetur,
2667 2687 2721 2734 et
2749 2679 3070 2751 ambiguitas
3089 2684 3351 2752 sopiatur.
3385 2685 3514 2754 Quae
3555 2702 3677 2741 cum
3724 2689 3798 2742 ita

2194 2771 2304 2824 sint
2328 2770 2587 2827 adversus
2607 2771 2907 2829 Orientales
2939 2772 3073 2829 nihil
3103 2784 3339 2833 statuere
3367 2793 3464 2832 vos
3509 2790 3724 2849 oportet
3778 2800 3793 2835 :

2197 2872 2286 2917 aut
2310 2863 2353 2920 si
2381 2864 2580 2935 aliquid
2610 2865 2885 2922 volueritis
2924 2878 3110 2923 contra
3137 2869 3356 2925 eosdem
3388 2871 3658 2940 praedictis
3694 2874 3795 2929 ab-

2196 2955 2440 3011 sentibus
2462 2955 2728 3023 deﬁnire;
2761 2958 2838 3025 id,
2870 2959 3011 3030 quod
3060 2960 3219 3017 fuerit
3266 2971 3603 3033 usurpatum,
3638 2965 3793 3020 irrito

2196 3059 2482 3105 evanescet
2509 3049 2723 3106 ell'ectu.
2747 3050 2867 3107 Non
2892 3053 3035 3107 enim
3060 3053 3149 3107 illa
3180 3054 3322 3109 vires
3348 3055 3547 3112 habere
3586 3059 3786 3127 poterit

2195 3142 2458 3209 deﬁnitio,
2490 3144 2574 3199 cui
2606 3153 2787 3200 nostra
2819 3154 3018 3201 statuta
3048 3154 3311 3201 testantur
3365 3149 3474 3218 jam
3517 3165 3659 3204 nunc
3705 3167 3794 3205 ro-

566 3255 709 3295 οηιο
736 3239 806 3311 (ε)
831 3256 1220 3298 mmmam“
1250 3244 1409 3316 (άαιω
1435 3245 1518 3300 die
1543 3245 1614 3300 εγ
1644 3248 1788 3314 magi,
1817 3265 1907 3304 an.
1932 3249 2085 3322 559).
2116 3222 2161 3285 C
2195 3235 2296 3290 bur
2324 3246 2377 3291 et
2412 3237 2621 3305 c0piam
2652 3237 2747 3303 (al.
2786 3236 3021 3310 cupiam)
3049 3237 3326 3307 denegari.
3372 3239 3502 3308 Quae
3551 3255 3672 3296 cum
3722 3243 3792 3297 ita

492 3361 680 3420 Victor
728 3364 1078 3422 Constantius
1133 3369 1399 3424 maximus
1449 3370 1808 3435 triumphator
1874 3389 2091 3445 semper

1001 3464 1274 3533 Augustus
1300 3465 1587 3534 episcopis.

565 3572 616 3626 i.
643 3572 725 3628 De
750 3574 853 3644 ﬁde
882 3582 1079 3629 tantum
1109 3577 1163 3630 in
1193 3576 1423 3633 Concilio
1446 3582 1796 3637 tractandam.
1846 3614 1914 3624 —
1950 3584 2090 3641 Con-

491 3668 668 3723 tinent
716 3667 898 3737 priora
941 3668 1209 3736 instituta,
1263 3670 1631 3741 Venerabiles,
1675 3676 2084 3734 sanctimoniam

487 3760 622 3832 legis
659 3761 825 3816 rebus
870 3760 1258 3818 ecclesiasticis
1289 3763 1404 3818 niti.
1458 3764 1599 3822 Satis
1653 3781 1923 3840 superque
1965 3786 2089 3840 per-

485 3853 761 3924 speximus
782 3853 975 3910 litteris
997 3854 1067 3909 ad
1096 3864 1331 3911 nostram
1360 3858 1702 3927 prudentiam
1724 3861 2083 3932 datis,iisdem

559 4063 638 4135 (a)
670 4060 920 4117 Proxime
951 4070 1071 4130 post
1093 4060 1308 4135 litteras
1327 4061 1697 4120 Orientalibus
1718 4065 1892 4134 datas,
1920 4078 1996 4135 et,
2025 4080 2083 4125 ιιι

483 4130 1424 4206 opi'namur,__anteq_uatn_Ursacio,
1470 4134 1676 4190 Valenti
1720 4150 1774 4191 et
1802 4130 2081 4197 Ge'rmi'nio

484 4202 769 4262 scriberet.
798 4203 898 4259 Hic
926 4204 1071 4258 enim
1092 4202 1318 4275 Liberii,
1353 4206 1437 4258 ubi
1465 4220 1495 4260 a
1521 4207 1746 4275 pristina
1775 4213 2077 4266 constantia

482 4293 580 4332 sua
606 4275 822 4340 cecidit,
853 4275 1150 4350 litterarum
1173 4273 1311 4331 ordo
1335 4279 1491 4330 statui
1519 4273 1696 4347 potest
1725 4296 1739 4330 :
1766 4290 1819 4350 ut
1844 4284 2076 4350 primum

482 4349 887 4416 imperatorem,
923 4347 1222 4417 eodemque
1245 4355 1488 4416 tempore
1523 4351 1727 4404 clerum
1772 4347 2076 4410 Romanum

480 4418 904 4489 mutatiiconsilii
934 4419 1016 4472 sui
1048 4433 1144 4489 per
1173 4417 1614 4475 Fortunatianmn
1645 4423 1910 4478 certiores
1936 4423 2078 4481 fece-

479 4493 571 4555 rit,
600 4488 798 4543 deinde
827 4487 1130 4545 Orientales
1163 4504 1259 4558 per
1304 4491 1510 4545 litteras
1551 4493 1842 4557 monuerit,
1872 4510 1932 4550 se
1951 4511 2073 4552 cum

478 4561 585 4617 illis
613 4559 814 4615 habere
855 4574 1063 4629 pacem,
1112 4571 1166 4614 et
1210 4562 1279 4615 ab
1317 4561 1594 4616 Athanasii
1624 4562 1938 4618 defensione
1964 4567 2075 4621 dis-

477 4632 739 4696 cessisse;
772 4640 882 4684 tum
910 4630 1212 4701 Vincentio,
1237 4632 1460 4701 ejusque
1480 4647 1644 4700 opera
1670 4637 1877 4689 cunctis
1912 4637 2072 4692 Cam-

476 4704 650 4774 panize
684 4700 973 4774 episcopis,
1006 4700 1442 4774 communionem
1476 4718 1599 4758 cum
1638 4705 1995 4762 Orientalibus
2037 4726 2068 4764 a

2198 3330 2329 3394 sint,
2374 3331 2750 3386 moderatione
2793 3332 3071 3403 religionis
3126 3333 3527 3388 venerabilibus
3579 3335 3793 3389 antisti-

2199 3425 2341 3481 tibus
2363 3436 2727 3480 consentanea
2758 3425 2968 3483 debetis
2987 3428 3294 3483 veneranda
3324 3426 3616 3496 perﬁcere;
3644 3439 3700 3483 ut
3738 3428 3792 3483 id

2197 3521 2340 3591 quod
2372 3521 2559 3591 religio
2586 3523 2839 3593 postulat,
2870 3523 3267 3593 explicetur,et
3294 3523 3438 3595 quod
3470 3522 3645 3579 audiri
3671 3539 3792 3594 pro-

2199 3612 2345 3668 hibet
2377 3613 2440 3685 (i)
2472 3655 2485 3678 ,
2515 3615 2693 3669 nullus
2724 3625 2966 3682 usurpet.
3018 3615 3275 3669 Divinitas
3325 3630 3420 3670 vos
3464 3626 3645 3672 servet
3692 3633 3792 3689 per

2195 3706 2395 3762 multos
2422 3721 2615 3773 annos,
2648 3706 2908 3762 Parentes
2939 3703 3013 3781 (j)
3048 3706 3116 3762 K.
3145 3708 3261 3763 Dat.
3289 3724 3340 3763 vt
3369 3707 3586 3765 kalend.
3611 3709 3792 3780 juuias

2194 3798 2428 3854 Eusebio
2457 3807 2512 3855 et
2532 3798 2723 3870 Ypatio
2744 3814 2924 3855 conss.

2191 4081 2246 4126 ut
2276 4076 2673 4157 controversias
2717 4075 2787 4132 de
2826 4076 2930 4133 ﬁde
2957 4080 3188 4150 primum
3232 4091 3626 4151 componerent
3649 4093 3787 4155 prac-

2188 4157 2353 4215 cepit.

2261 4237 2334 4309 (e)
2376 4238 2432 4292 In
2458 4238 2617 4300 edit.,
2644 4252 3003 4298 convenerunt.
3027 4242 3146 4299 Non
3182 4244 3322 4300 male
3351 4256 3530 4301 tamen
3567 4250 3618 4303 in
3653 4265 3783 4305 mss.

2186 4320 2566 4383 convenerant;
2596 4325 2717 4365 cum
2748 4313 2834 4367 hic
2866 4314 3052 4368 Hilarii
3074 4331 3253 4370 sermo
3284 4318 3374 4383 sit,
3407 4333 3511 4373 non
3539 4320 3752 4376 scribeu

2187 4381 2316 4432 tium
2345 4381 2748 4457 episcoporum.
2796 4389 2934 4438 Ante
2987 4386 3329 4454 repasuimus
3364 4381 3698 4457 Constantii;
3731 4406 3782 4448 ct

2189 4460 2307 4530 post
2335 4449 2704 4530 Constantius;
2728 4471 2953 4530 eumgex
2998 4449 3100 4511 ﬁde
3132 4474 3233 4515 ms.
3277 4461 3425 4530 prius
3463 4449 3787 4519 obtinuisset

2185 4520 2508 4577 Constantini
2534 4537 2587 4579 el
2613 4525 2994 4582 Constantinus.

2250 4616 2318 4685 (ι’)
2360 4614 2530 4682 Alias,
2562 4634 2677 4671 cuin
2706 4618 2858 4673 rebus
2881 4636 2900 4673 :
2931 4620 3020 4675 ubi
3042 4637 3109 4676 ex
3141 4638 3243 4677 ms.
3271 4623 3437 4680 Sirm.
3484 4627 3782 4684 restituitur

2178 4702 2295 4738 cum
2331 4686 2530 4769 crebra.
2583 4692 2778 4755 Antea,
2827 4690 2945 4747 loco
2991 4694 3271 4765 geminari,
3333 4697 3502 4768 magis
3545 4697 3784 4769 placeret

473 4760 534 4830 se
563 4760 745 4828 initam
767 4760 1111 4844 sign'iﬁcarit;
1144 4784 1504 4853 ac_postremo
1531 4791 1661 4853 curri
1683 4776 1746 4853 ad
1783 4760 2071 4853 impera—to:
2098 4794 2148 4853 ι)
2177 4760 2479 4853 θείωξυξανί·

474 4845 552 4901 ris
580 4846 891 4900 comitatum
925 4853 1190 4913 pergeret,
1221 4844 1413 4899 litteris
1453 4845 1593 4900 datis
1622 4844 1871 4906 ValcntiI
1909 4848 2068 4905 Ursae

472 4916 559 4972 cio
589 4925 643 4971 et
671 4914 973 4979 Germinio,
1004 4925 1113 4968 tum
1143 4915 1336 4969 horum
1381 4916 1864 4983 perditissimorum
1897 4922 2068 4977 homi-

471 5002 623 5052 num,
676 4998 786 5068 tiim
841 4986 923 5068 his
988 4985 1220 5068 nequitia
1274 4988 1724 5068 notrinl'eriorum
1755 4989 1980 5068 Epicteti
2011 5005 2066 5050 et

471 5057 729 5133 itusentii
762 5057 990 5133 gratiam
1022 5057 1144 5133 ‘sihi
1200 5058 1419 5133 tentarit
1447 5060 1758 5133 conciliare.
1785 5057 2066 5133 Egregium

470 5126 721 5184 humanm
750 5126 1065 5206 fragilitatis
1095 5131 1425 5206 esemplum.
1466 5131 1551 5184 eui
1576 5145 1720 5206 saepe
1769 5126 2067 5206 tanto'gra-

468 5200 588 5256 vius
616 5200 861 5255 imminet
891 5199 1265 5268 praecipitium,
1306 5213 1511 5272 quanto
1541 5202 1749 5257 videtur
1771 5199 1982 5261 elatior.

542 5290 618 5417 (l2
656 5290 712 5344 In
757 5306 858 5344 ms.
888 5290 1053 5345 Sirm.
1102 5292 1267 5347 verbo
1314 5295 1574 5347 sanctitati
1614 5296 1898 5366 subjicitur
1926 5316 2063 5369 vero,

543 5380 571 5415 ιι
641 5361 929 5417 Baronium
956 5371 1134 5417 autem
1165 5365 1533 5417 praemittitur.
1562 5376 1609 5417 et
1638 5368 1772 5417 ideo.

467 5361 609 5432 apud
641 5361 929 5417 Baronium
956 5371 1134 5417 autem
1165 5365 1533 5433 praemittitur,
1562 5376 1609 5420 et
1638 5361 1772 5422 ideo.

540 5455 612 5528 (c)
650 5456 804 5529 Apud
835 5455 1073 5529 iBaron.,
1129 5457 1332 5511 domine
1370 5461 1528 5529 frater
1566 5458 1882 5517 charissima.
1929 5461 2062 5518 Item

462 5527 621 5603 manu
642 5527 804 5597 ipsius
826 5528 879 5603 in
906 5528 1083 5581 eadem
1105 5530 1295 5603 pagina
1328 5527 1637 5599 conscripta.
1682 5530 1835 5602 Legit
1869 5532 2058 5603 Sirm.,

461 5598 653 5668 pagina
674 5598 975 5668 perscripta,
1005 5612 1111 5653 non
1141 5598 1345 5670 pagina:
1374 5603 1690 5670 perscriptae.

549 5688 608 5759 ά)
647 5686 903 5762 Epistula:
922 5689 1057 5762 huic
1086 5690 1379 5744 auctoritas
1398 5692 1685 5747 acceditex
1718 5693 2041 5762 Sozomeno,

673 5773 725 5811 c.
764 5759 847 5833 l7,
885 5758 983 5833 u_bi_
1026 5760 1233 5833 litteras
1272 5771 1535 5833 memorat
1587 5764 1926 5833 imperatoris
1972 5758 2038 5824 ad

549 5688 608 5759 ά)
647 5688 903 5755 Epistola:
929 5689 1050 5744 huic
1086 5690 1379 5744 auctoritas
1398 5692 1685 5747 acceditex
1718 5693 2036 5762 Sozomeno,

673 5773 725 5811 c.
764 5759 847 5820 17,
885 5758 975 5812 ubi
1026 5760 1233 5814 litteras
1272 5771 1535 5816 memorat
1587 5764 1926 5833 itnp-ratoris
1972 5769 2036 5824 ad

256 5688 986 5895 «Arimini
1009 5843 1073 5883 ac
1111 5829 1371 5887 Seleucia:
1422 5844 1798 5902 congregatos,
1840 5838 2036 5907 quibus

716 6016 845 6147 τις

2246 4848 2325 4921 (g)
2366 4848 2549 4931 lnms.
2579 4852 2748 4931 Ρίιιι..
2797 4856 3203 4931 nehujusntodi.
3252 4860 3534 4917 Mallemus
3580 4863 3644 4918 de
3681 4866 3783 4918 lm-

2170 4921 2430 4995 jusmodi,
2452 4926 2756 4991 supplendo
2782 4921 2979 4982 deinde
3000 4929 3173 4995 rebus,
3203 4932 3271 4986 de
3293 4932 3397 4987 ﬁde
3420 4935 3538 4990 scil.
3571 4945 3626 4990 et
3657 4938 3780 4991 uni-

2178 5000 2285 5045 tate
2318 5018 2333 5046 .
2360 4994 2544 5072 sicque.
2571 4996 2661 5072 hic
2691 4998 2795 5072 erit
2816 4999 3048 5072 integer
3081 4994 3272 5056 sensus
3332 5021 3345 5055 :
3394 5021 3512 5058 cum
3575 5008 3779 5072 penitus

2174 5065 2453 5145 amputatis
2471 5067 2544 5145 ‘de
2563 5064 2758 5145 (rebus)
2805 5064 3103 5143 hujusinodi
3141 5076 3504 5141 quwsu'onibus
3553 5064 3775 5145 cunctis,

2176 5132 2313 5202 (qua:
2347 5134 2488 5208 sunt)
2515 5132 2758 5193 sectanda
2776 5132 3165 5198 conimonuerit:
3197 5145 3299 5200 Res
3329 5158 3496 5201 tamen
3520 5150 3640 5215 ista,
3666 5132 3775 5206 etc:

2247 5227 2327 5299 (Ιι)
2368 5228 2700 5287 Vocabulum
2724 5234 2925 5303 longius
2956 5250 3020 5291 ex
3047 5253 3147 5292 ms.
3175 5238 3340 5295 Sirm.
3370 5240 3640 5311 adjicitur.

2245 5319 2317 5400 (ii
2354 5321 2655 5400 Faber_bi_c
2676 5325 2948 5400 adjecerat
2972 5330 3126 5391 ratio,
3158 5332 3232 5385 uti
3255 5333 3486 5400 videtur,
3510 5337 3772 5394 adductus

2168 5392 2765 5481 verbissuperioribui,
2795 5397 3069 5481 .Nonnenirn
3101 5401 3163 5455 de
3195 5392 3610 5481 Orientalibus...
3632 5392 3770 5481 pati1

2167 5472 2251 5538 tur
2273 5465 2403 5525 ratio
2428 5466 2624 5534 ali'juid
2649 5469 2874 5538 deﬁniri.
2909 5469 3015 5527 Sed
3047 5472 3162 5527 Itzec
3189 5489 3291 5529 vox
3318 5478 3469 5530 abest
3495 5495 3521 5531 a
3558 5465 3686 5534 nis's.
3716 5492 3774 5536 et

2163 5532 2319 5616 adest
2348 5532 2541 5616 nomen
2571 5532 2774 5616 religio,
2808 5540 3048 5616 adquod
3082 5546 3303 5616 verbum
3348 5532 3577 5616 prohibet
3618 5532 3769 5606 corn;

2164 5603 2323 5691 modo
2351 5605 2638 5691 referatur.
2660 5603 2894 5691 Siquid
2926 5603 3264 5691 'mutandum
3310 5603 3474 5685 esset,
3526 5603 3771 5691 pro—xime

2161 5676 2352 5731 audere
2374 5693 2471 5748 pro
2500 5683 2670 5736 audiri
2697 5676 2925 5738 libenter
2950 5686 3344 5756 reciperetnus.

2144 5849 2160 5895 ι
2201 5772 2285 5899 “(i)
2332 5770 2439 5854 [lac
2466 5774 2645 5831 littera
2698 5778 2730 5831 Ις
2784 5796 2979 5838 nomen
3048 5781 3320 5838 carissimi
3362 5784 3649 5841 commode
3690 5785 3774 5842 in-

2165 5855 2196 5896 e
2243 5858 2437 5899 exeris.

2165 5855 2437 5900 CHCXCI'IS.
