  <div class='ocr_page' id='page_1' title='image "/cluster/home/n/w/nwhite01/storage/ocr_20150623/10/hvd.32044096580386/354.png"; bbox 0 0 4224 6262; ppageno 0'>
   <div class='ocr_carea' id='block_1_1' title="bbox 340 390 443 445">
    <p class='ocr_par' dir='ltr' id='par_1_1' title="bbox 340 390 443 445">
     <span class='ocr_line' id='line_1_1' title="bbox 340 390 443 445; baseline 0 -1"><span class='ocrx_word' id='word_1_1' title='bbox 340 390 443 445; x_wconf 72' lang='grc'><strong>607</strong></span> 
     </span>
    </p>
   </div>
   <div class='ocr_carea' id='block_1_2' title="bbox 1280 384 2705 447">
    <p class='ocr_par' dir='ltr' id='par_1_2' title="bbox 1280 384 2705 447">
     <span class='ocr_line' id='line_1_2' title="bbox 1280 384 2705 447; baseline 0.001 -2"><span class='ocrx_word' id='word_1_2' title='bbox 1280 390 1367 445; x_wconf 80' lang='lat' dir='ltr'><strong>EX</strong></span> <span class='ocrx_word' id='word_1_3' title='bbox 1411 387 1636 443; x_wconf 66' lang='lat' dir='ltr'><strong>OPICRE</strong></span> <span class='ocrx_word' id='word_1_4' title='bbox 1677 384 2039 443; x_wconf 77' lang='lat' dir='ltr'><strong>HISTORICO</strong></span> <span class='ocrx_word' id='word_1_5' title='bbox 2070 386 2550 444; x_wconf 70' lang='lat' dir='ltr'><strong>FRAGMENTUM</strong></span> <span class='ocrx_word' id='word_1_6' title='bbox 2588 389 2705 447; x_wconf 82' lang='lat' dir='ltr'><strong>VII.</strong></span> 
     </span>
    </p>
   </div>
   <div class='ocr_carea' id='block_1_3' title="bbox 3534 389 3641 443">
    <p class='ocr_par' dir='ltr' id='par_1_3' title="bbox 3534 389 3641 443">
     <span class='ocr_line' id='line_1_3' title="bbox 3534 389 3641 443; baseline 0.019 -2"><span class='ocrx_word' id='word_1_7' title='bbox 3534 389 3641 443; x_wconf 73' lang='lat'><strong>698</strong></span> 
     </span>
    </p>
   </div>
   <div class='ocr_carea' id='block_1_4' title="bbox 338 500 3643 576">
    <p class='ocr_par' dir='ltr' id='par_1_4' title="bbox 338 500 3643 576">
     <span class='ocr_line' id='line_1_4' title="bbox 338 500 3643 576; baseline 0.001 -18"><span class='ocrx_word' id='word_1_8' title='bbox 338 502 532 576; x_wconf 86' lang='lat' dir='ltr'><strong>Incipit</strong></span> <span class='ocrx_word' id='word_1_9' title='bbox 580 505 658 575; x_wconf 85' lang='lat' dir='ltr'><strong>(o)</strong></span> <span class='ocrx_word' id='word_1_10' title='bbox 710 503 943 575; x_wconf 81' lang='lat' dir='ltr'><strong>deﬁnitio</strong></span> <span class='ocrx_word' id='word_1_11' title='bbox 992 503 1268 570; x_wconf 80' lang='lat' dir='ltr'><strong>catholica,</strong></span> <span class='ocrx_word' id='word_1_12' title='bbox 1297 502 1467 556; x_wconf 84' lang='lat' dir='ltr'><strong>habito</strong></span> <span class='ocrx_word' id='word_1_13' title='bbox 1496 502 1560 555; x_wconf 84' lang='lat' dir='ltr'><strong>ab</strong></span> <span class='ocrx_word' id='word_1_14' title='bbox 1590 500 1821 555; x_wconf 78' lang='lat' dir='ltr'><strong>erunibus</strong></span> <span class='ocrx_word' id='word_1_15' title='bbox 1851 517 1937 553; x_wconf 85' lang='lat' dir='ltr'><strong>ca—</strong></span> <span class='ocrx_word' id='word_1_16' title='bbox 1961 503 2014 562; x_wconf 75' lang='grc' dir='ltr'><strong>Α</strong></span> <span class='ocrx_word' id='word_1_17' title='bbox 2041 501 2403 573; x_wconf 72' lang='lat' dir='ltr'><strong>conscriptam</strong></span> <span class='ocrx_word' id='word_1_18' title='bbox 2428 517 2459 556; x_wconf 91' lang='lat' dir='ltr'><strong>a</strong></span> <span class='ocrx_word' id='word_1_19' title='bbox 2489 517 2548 558; x_wconf 91' lang='lat' dir='ltr'><strong>se</strong></span> <span class='ocrx_word' id='word_1_20' title='bbox 2572 501 2755 570; x_wconf 93' lang='lat' dir='ltr'><strong>ﬁdem,</strong></span> <span class='ocrx_word' id='word_1_21' title='bbox 2786 519 2947 575; x_wconf 88' lang='lat' dir='ltr'><strong>quam</strong></span> <span class='ocrx_word' id='word_1_22' title='bbox 2978 504 3219 575; x_wconf 84' lang='lat' dir='ltr'><strong>recipere</strong></span> <span class='ocrx_word' id='word_1_23' title='bbox 3248 518 3350 560; x_wconf 90' lang='lat' dir='ltr'><strong>nos</strong></span> <span class='ocrx_word' id='word_1_24' title='bbox 3371 519 3479 559; x_wconf 92' lang='lat' dir='ltr'><strong>non</strong></span> <span class='ocrx_word' id='word_1_25' title='bbox 3511 503 3643 561; x_wconf 87' lang='lat' dir='ltr'><strong>lice-</strong></span> 
     </span>
    </p>
   </div>
   <div class='ocr_carea' id='block_1_5' title="bbox 407 597 1934 667">
    <p class='ocr_par' dir='ltr' id='par_1_5' title="bbox 407 597 1934 667">
     <span class='ocr_line' id='line_1_5' title="bbox 407 597 1934 667; baseline -0.004 -15"><span class='ocrx_word' id='word_1_26' title='bbox 407 597 613 652; x_wconf 78' lang='lat' dir='ltr'><strong>thoiicis</strong></span> <span class='ocrx_word' id='word_1_27' title='bbox 641 598 921 666; x_wconf 79' lang='lat' dir='ltr'><strong>episcopis,</strong></span> <span class='ocrx_word' id='word_1_28' title='bbox 956 600 1261 667; x_wconf 76' lang='lat' dir='ltr'><strong>priusquam</strong></span> <span class='ocrx_word' id='word_1_29' title='bbox 1290 611 1382 667; x_wconf 83' lang='lat' dir='ltr'><strong>per</strong></span> <span class='ocrx_word' id='word_1_30' title='bbox 1426 604 1679 649; x_wconf 79' lang='lat' dir='ltr'><strong>terrenam</strong></span> <span class='ocrx_word' id='word_1_31' title='bbox 1705 602 1934 661; x_wconf 85' lang='lat' dir='ltr'><strong>potesta-</strong></span> 
     </span>
    </p>
   </div>
   <div class='ocr_carea' id='block_1_6' title="bbox 406 684 1934 749">
    <p class='ocr_par' dir='ltr' id='par_1_6' title="bbox 406 684 1934 749">
     <span class='ocr_line' id='line_1_6' title="bbox 406 684 1934 749; baseline -0.005 -4"><span class='ocrx_word' id='word_1_32' title='bbox 406 700 505 745; x_wconf 86' lang='lat' dir='ltr'><strong>tem</strong></span> <span class='ocrx_word' id='word_1_33' title='bbox 547 690 710 744; x_wconf 85' lang='lat' dir='ltr'><strong>territi</strong></span> <span class='ocrx_word' id='word_1_34' title='bbox 765 689 1120 744; x_wconf 77' lang='lat' dir='ltr'><strong>Itwreticorum</strong></span> <span class='ocrx_word' id='word_1_35' title='bbox 1159 687 1416 742; x_wconf 86' lang='lat' dir='ltr'><strong>consortio</strong></span> <span class='ocrx_word' id='word_1_36' title='bbox 1466 687 1821 749; x_wconf 83' lang='lat' dir='ltr'><strong>sociarentur,</strong></span> <span class='ocrx_word' id='word_1_37' title='bbox 1880 684 1934 738; x_wconf 87' lang='lat' dir='ltr'><strong>in</strong></span> 
     </span>
    </p>
   </div>
   <div class='ocr_carea' id='block_1_7' title="bbox 402 781 1280 854">
    <p class='ocr_par' dir='ltr' id='par_1_7' title="bbox 402 781 1280 854">
     <span class='ocr_line' id='line_1_7' title="bbox 402 781 1280 854; baseline -0.003 -16"><span class='ocrx_word' id='word_1_38' title='bbox 402 784 623 838; x_wconf 81' lang='lat' dir='ltr'><strong>concilio</strong></span> <span class='ocrx_word' id='word_1_39' title='bbox 646 783 953 836; x_wconf 78' lang='lat' dir='ltr'><strong>Ariminensi</strong></span> <span class='ocrx_word' id='word_1_40' title='bbox 984 782 1092 854; x_wconf 89' lang='lat' dir='ltr'><strong>(an.</strong></span> <span class='ocrx_word' id='word_1_41' title='bbox 1126 781 1280 851; x_wconf 82' lang='grc'><strong>559).</strong></span> 
     </span>
    </p>
   </div>
   <div class='ocr_carea' id='block_1_8' title="bbox 407 889 1927 953">
    <p class='ocr_par' dir='ltr' id='par_1_8' title="bbox 407 889 1927 953">
     <span class='ocr_line' id='line_1_8' title="bbox 407 889 1927 953; baseline -0.006 -1"><span class='ocrx_word' id='word_1_42' title='bbox 407 898 460 953; x_wconf 81' lang='grc'><strong>5.</strong></span> <span class='ocrx_word' id='word_1_43' title='bbox 518 895 669 950; x_wconf 80' lang='lat' dir='ltr'><strong>Fidei</strong></span> <span class='ocrx_word' id='word_1_44' title='bbox 694 894 924 949; x_wconf 75' lang='lat' dir='ltr'><strong>Nicwnte</strong></span> <span class='ocrx_word' id='word_1_45' title='bbox 947 894 1081 948; x_wconf 80' lang='lat' dir='ltr'><strong>nihil</strong></span> <span class='ocrx_word' id='word_1_46' title='bbox 1108 892 1403 948; x_wconf 72' lang='lat' dir='ltr'><strong>addentium</strong></span> <span class='ocrx_word' id='word_1_47' title='bbox 1423 901 1510 946; x_wconf 87' lang='lat' dir='ltr'><strong>aut</strong></span> <span class='ocrx_word' id='word_1_48' title='bbox 1536 889 1927 946; x_wconf 82' lang='lat' dir='ltr'><strong>detrahendum.</strong></span> 
     </span>
    </p>
   </div>
   <div class='ocr_carea' id='block_1_9' title="bbox 329 984 1929 1057">
    <p class='ocr_par' dir='ltr' id='par_1_9' title="bbox 329 984 1929 1057">
     <span class='ocr_line' id='line_1_9' title="bbox 329 984 1929 1057; baseline -0.006 -11"><span class='ocrx_word' id='word_1_49' title='bbox 329 1020 400 1031; x_wconf 91' lang='lat'><strong><em>—</em></strong></span> <span class='ocrx_word' id='word_1_50' title='bbox 434 991 525 1046; x_wconf 86' lang='lat' dir='ltr'><strong>Sic</strong></span> <span class='ocrx_word' id='word_1_51' title='bbox 567 989 839 1044; x_wconf 82' lang='lat' dir='ltr'><strong>credimus</strong></span> <span class='ocrx_word' id='word_1_52' title='bbox 873 988 1086 1057; x_wconf 93' lang='lat' dir='ltr'><strong>placere</strong></span> <span class='ocrx_word' id='word_1_53' title='bbox 1107 988 1358 1041; x_wconf 90' lang='lat' dir='ltr'><strong>omnibus</strong></span> <span class='ocrx_word' id='word_1_54' title='bbox 1385 1000 1542 1056; x_wconf 85' lang='lat' dir='ltr'><strong>posse</strong></span> <span class='ocrx_word' id='word_1_55' title='bbox 1572 984 1877 1049; x_wconf 70' lang='lat' dir='ltr'><strong>catholicis,</strong></span> <span class='ocrx_word' id='word_1_56' title='bbox 1898 996 1929 1037; x_wconf 91' lang='lat' dir='ltr'><strong>a</strong></span> 
     </span>
    </p>
   </div>
   <div class='ocr_carea' id='block_1_10' title="bbox 326 1074 1927 1157">
    <p class='ocr_par' dir='ltr' id='par_1_10' title="bbox 326 1074 1927 1157">
     <span class='ocr_line' id='line_1_10' title="bbox 326 1074 1927 1157; baseline -0.006 -17"><span class='ocrx_word' id='word_1_57' title='bbox 326 1084 584 1157; x_wconf 81' lang='lat' dir='ltr'><strong>symbolo</strong></span> <span class='ocrx_word' id='word_1_58' title='bbox 610 1092 835 1153; x_wconf 86' lang='lat' dir='ltr'><strong>accepto</strong></span> <span class='ocrx_word' id='word_1_59' title='bbox 866 1095 965 1136; x_wconf 90' lang='lat' dir='ltr'><strong>nos</strong></span> <span class='ocrx_word' id='word_1_60' title='bbox 989 1079 1246 1136; x_wconf 86' lang='lat' dir='ltr'><strong>recedere</strong></span> <span class='ocrx_word' id='word_1_61' title='bbox 1276 1094 1381 1134; x_wconf 91' lang='lat' dir='ltr'><strong>non</strong></span> <span class='ocrx_word' id='word_1_62' title='bbox 1403 1087 1679 1149; x_wconf 84' lang='lat' dir='ltr'><strong>oportere,</strong></span> <span class='ocrx_word' id='word_1_63' title='bbox 1708 1074 1851 1149; x_wconf 90' lang='lat' dir='ltr'><strong>quod</strong></span> <span class='ocrx_word' id='word_1_64' title='bbox 1876 1077 1927 1130; x_wconf 92' lang='lat' dir='ltr'><strong>in</strong></span> 
     </span>
    </p>
   </div>
   <div class='ocr_carea' id='block_1_11' title="bbox 324 1176 1929 1246">
    <p class='ocr_par' dir='ltr' id='par_1_11' title="bbox 324 1176 1929 1246">
     <span class='ocr_line' id='line_1_11' title="bbox 324 1176 1929 1246; baseline -0.006 -11"><span class='ocrx_word' id='word_1_65' title='bbox 324 1179 619 1235; x_wconf 82' lang='lat' dir='ltr'><strong>collatione</strong></span> <span class='ocrx_word' id='word_1_66' title='bbox 653 1176 790 1245; x_wconf 89' lang='lat' dir='ltr'><strong>apud</strong></span> <span class='ocrx_word' id='word_1_67' title='bbox 820 1189 1009 1230; x_wconf 91' lang='lat' dir='ltr'><strong>omnes</strong></span> <span class='ocrx_word' id='word_1_68' title='bbox 1039 1176 1306 1246; x_wconf 87' lang='lat' dir='ltr'><strong>integrum</strong></span> <span class='ocrx_word' id='word_1_69' title='bbox 1345 1186 1795 1244; x_wconf 81' lang='lat' dir='ltr'><strong>recognovtmus;</strong></span> <span class='ocrx_word' id='word_1_70' title='bbox 1828 1184 1929 1226; x_wconf 92' lang='lat' dir='ltr'><strong>nec</strong></span> 
     </span>
    </p>
   </div>
   <div class='ocr_carea' id='block_1_12' title="bbox 324 1263 1927 1339">
    <p class='ocr_par' dir='ltr' id='par_1_12' title="bbox 324 1263 1927 1339">
     <span class='ocr_line' id='line_1_12' title="bbox 324 1263 1927 1339; baseline -0.005 -13"><span class='ocrx_word' id='word_1_71' title='bbox 324 1286 356 1327; x_wconf 90' lang='lat' dir='ltr'><strong>a</strong></span> <span class='ocrx_word' id='word_1_72' title='bbox 388 1271 494 1326; x_wconf 86' lang='lat' dir='ltr'><strong>ﬁde</strong></span> <span class='ocrx_word' id='word_1_73' title='bbox 517 1285 850 1334; x_wconf 71' lang='lat' dir='ltr'><strong>recessuros,</strong></span> <span class='ocrx_word' id='word_1_74' title='bbox 884 1284 1043 1339; x_wconf 91' lang='lat' dir='ltr'><strong>quam</strong></span> <span class='ocrx_word' id='word_1_75' title='bbox 1070 1283 1166 1337; x_wconf 87' lang='lat' dir='ltr'><strong>per</strong></span> <span class='ocrx_word' id='word_1_76' title='bbox 1193 1268 1505 1337; x_wconf 74' lang='lat' dir='ltr'><strong>prophetas,</strong></span> <span class='ocrx_word' id='word_1_77' title='bbox 1543 1281 1574 1320; x_wconf 90' lang='lat' dir='ltr'><strong>a</strong></span> <span class='ocrx_word' id='word_1_78' title='bbox 1626 1264 1739 1319; x_wconf 91' lang='lat' dir='ltr'><strong>Deo</strong></span> <span class='ocrx_word' id='word_1_79' title='bbox 1768 1263 1927 1318; x_wconf 91' lang='lat' dir='ltr'><strong>Patre</strong></span> 
     </span>
    </p>
   </div>
   <div class='ocr_carea' id='block_1_13' title="bbox 326 1356 1925 1434">
    <p class='ocr_par' dir='ltr' id='par_1_13' title="bbox 326 1356 1925 1434">
     <span class='ocr_line' id='line_1_13' title="bbox 326 1356 1925 1434; baseline -0.006 -15"><span class='ocrx_word' id='word_1_80' title='bbox 326 1379 425 1434; x_wconf 88' lang='lat' dir='ltr'><strong>per</strong></span> <span class='ocrx_word' id='word_1_81' title='bbox 472 1364 745 1419; x_wconf 79' lang='lat' dir='ltr'><strong>Christum</strong></span> <span class='ocrx_word' id='word_1_82' title='bbox 799 1362 1082 1417; x_wconf 87' lang='lat' dir='ltr'><strong>Dominum</strong></span> <span class='ocrx_word' id='word_1_83' title='bbox 1147 1367 1389 1415; x_wconf 90' lang='lat' dir='ltr'><strong>nostrum</strong></span> <span class='ocrx_word' id='word_1_84' title='bbox 1437 1358 1666 1414; x_wconf 80' lang='lat' dir='ltr'><strong>docente</strong></span> <span class='ocrx_word' id='word_1_85' title='bbox 1724 1356 1925 1425; x_wconf 84' lang='lat' dir='ltr'><strong>Spiritu</strong></span> 
     </span>
    </p>
   </div>
   <div class='ocr_carea' id='block_1_14' title="bbox 328 1450 1925 1526">
    <p class='ocr_par' dir='ltr' id='par_1_14' title="bbox 328 1450 1925 1526">
     <span class='ocr_line' id='line_1_14' title="bbox 328 1450 1925 1526; baseline -0.006 -13"><span class='ocrx_word' id='word_1_86' title='bbox 328 1466 538 1520; x_wconf 74' lang='lat' dir='ltr'><strong>Sancto,</strong></span> <span class='ocrx_word' id='word_1_87' title='bbox 570 1466 624 1511; x_wconf 91' lang='lat' dir='ltr'><strong>et</strong></span> <span class='ocrx_word' id='word_1_88' title='bbox 655 1457 706 1509; x_wconf 92' lang='lat' dir='ltr'><strong>in</strong></span> <span class='ocrx_word' id='word_1_89' title='bbox 735 1455 1030 1526; x_wconf 89' lang='lat' dir='ltr'><strong>evangeliis</strong></span> <span class='ocrx_word' id='word_1_90' title='bbox 1058 1463 1112 1509; x_wconf 89' lang='lat' dir='ltr'><strong>et</strong></span> <span class='ocrx_word' id='word_1_91' title='bbox 1138 1454 1189 1507; x_wconf 91' lang='lat' dir='ltr'><strong>in</strong></span> <span class='ocrx_word' id='word_1_92' title='bbox 1221 1453 1478 1524; x_wconf 84' lang='lat' dir='ltr'><strong>apostolis</strong></span> <span class='ocrx_word' id='word_1_93' title='bbox 1512 1450 1762 1506; x_wconf 88' lang='lat' dir='ltr'><strong>omnibus</strong></span> <span class='ocrx_word' id='word_1_94' title='bbox 1808 1464 1925 1504; x_wconf 84' lang='lat' dir='ltr'><strong>sus-</strong></span> 
     </span>
    </p>
   </div>
   <div class='ocr_carea' id='block_1_15' title="bbox 321 1543 1925 1618">
    <p class='ocr_par' dir='ltr' id='par_1_15' title="bbox 321 1543 1925 1618">
     <span class='ocr_line' id='line_1_15' title="bbox 321 1543 1925 1618; baseline -0.005 -15"><span class='ocrx_word' id='word_1_95' title='bbox 321 1549 589 1618; x_wconf 87' lang='lat' dir='ltr'><strong>cepimus,</strong></span> <span class='ocrx_word' id='word_1_96' title='bbox 622 1558 679 1601; x_wconf 92' lang='lat' dir='ltr'><strong>ut</strong></span> <span class='ocrx_word' id='word_1_97' title='bbox 706 1563 803 1616; x_wconf 84' lang='lat' dir='ltr'><strong>per</strong></span> <span class='ocrx_word' id='word_1_98' title='bbox 835 1546 1175 1601; x_wconf 88' lang='lat' dir='ltr'><strong>traditionem</strong></span> <span class='ocrx_word' id='word_1_99' title='bbox 1216 1554 1429 1617; x_wconf 86' lang='lat' dir='ltr'><strong>patrum</strong></span> <span class='ocrx_word' id='word_1_100' title='bbox 1469 1543 1764 1599; x_wconf 87' lang='lat' dir='ltr'><strong>secundum</strong></span> <span class='ocrx_word' id='word_1_101' title='bbox 1802 1557 1925 1596; x_wconf 90' lang='lat' dir='ltr'><strong>suc-</strong></span> 
     </span>
    </p>
   </div>
   <div class='ocr_carea' id='block_1_16' title="bbox 320 1634 1922 1712">
    <p class='ocr_par' dir='ltr' id='par_1_16' title="bbox 320 1634 1922 1712">
     <span class='ocr_line' id='line_1_16' title="bbox 320 1634 1922 1712; baseline -0.004 -15"><span class='ocrx_word' id='word_1_102' title='bbox 320 1643 624 1697; x_wconf 89' lang='lat' dir='ltr'><strong>cessionem</strong></span> <span class='ocrx_word' id='word_1_103' title='bbox 677 1641 1047 1712; x_wconf 82' lang='lat' dir='ltr'><strong>apostolorum</strong></span> <span class='ocrx_word' id='word_1_104' title='bbox 1112 1654 1282 1709; x_wconf 90' lang='lat' dir='ltr'><strong>usqne</strong></span> <span class='ocrx_word' id='word_1_105' title='bbox 1344 1638 1732 1693; x_wconf 85' lang='lat' dir='ltr'><strong>adtractatum</strong></span> <span class='ocrx_word' id='word_1_106' title='bbox 1781 1634 1922 1707; x_wconf 87' lang='lat' dir='ltr'><strong>apud</strong></span> 
     </span>
    </p>
   </div>
   <div class='ocr_carea' id='block_1_17' title="bbox 317 1729 1921 1799">
    <p class='ocr_par' dir='ltr' id='par_1_17' title="bbox 317 1729 1921 1799">
     <span class='ocr_line' id='line_1_17' title="bbox 317 1729 1921 1799; baseline -0.004 -11"><span class='ocrx_word' id='word_1_107' title='bbox 317 1732 553 1788; x_wconf 60' lang='lat' dir='ltr'><strong>Nicaeam</strong></span> <span class='ocrx_word' id='word_1_108' title='bbox 598 1733 835 1787; x_wconf 88' lang='lat' dir='ltr'><strong>habitum</strong></span> <span class='ocrx_word' id='word_1_109' title='bbox 859 1742 1046 1788; x_wconf 88' lang='lat' dir='ltr'><strong>contra</strong></span> <span class='ocrx_word' id='word_1_110' title='bbox 1088 1729 1363 1796; x_wconf 63' lang='lat' dir='ltr'><strong>haeresim,</strong></span> <span class='ocrx_word' id='word_1_111' title='bbox 1404 1743 1525 1799; x_wconf 63' lang='lat' dir='ltr'><strong>quae</strong></span> <span class='ocrx_word' id='word_1_112' title='bbox 1551 1738 1677 1782; x_wconf 89' lang='lat' dir='ltr'><strong>tunc</strong></span> <span class='ocrx_word' id='word_1_113' title='bbox 1710 1737 1921 1797; x_wconf 91' lang='lat' dir='ltr'><strong>tempo-</strong></span> 
     </span>
    </p>
   </div>
   <div class='ocr_carea' id='block_1_18' title="bbox 319 1823 1919 1897">
    <p class='ocr_par' dir='ltr' id='par_1_18' title="bbox 319 1823 1919 1897">
     <span class='ocr_line' id='line_1_18' title="bbox 319 1823 1919 1897; baseline -0.004 -16"><span class='ocrx_word' id='word_1_114' title='bbox 319 1828 395 1882; x_wconf 86' lang='lat' dir='ltr'><strong>ris</strong></span> <span class='ocrx_word' id='word_1_115' title='bbox 424 1835 823 1891; x_wconf 79' lang='lat' dir='ltr'><strong>exsurrexerat,</strong></span> <span class='ocrx_word' id='word_1_116' title='bbox 854 1827 1084 1897; x_wconf 72' lang='lat' dir='ltr'><strong>pesitum</strong></span> <span class='ocrx_word' id='word_1_117' title='bbox 1116 1839 1257 1880; x_wconf 93' lang='lat' dir='ltr'><strong>nunc</strong></span> <span class='ocrx_word' id='word_1_118' title='bbox 1281 1839 1447 1895; x_wconf 88' lang='lat' dir='ltr'><strong>usque</strong></span> <span class='ocrx_word' id='word_1_119' title='bbox 1470 1832 1765 1894; x_wconf 81' lang='lat' dir='ltr'><strong>permanet.</strong></span> <span class='ocrx_word' id='word_1_120' title='bbox 1789 1823 1919 1890; x_wconf 84' lang='lat' dir='ltr'><strong>Qui-</strong></span> 
     </span>
    </p>
   </div>
   <div class='ocr_carea' id='block_1_19' title="bbox 2038 594 3636 668">
    <p class='ocr_par' dir='ltr' id='par_1_19' title="bbox 2038 594 3636 668">
     <span class='ocr_line' id='line_1_19' title="bbox 2038 594 3636 668; baseline 0.003 -20"><span class='ocrx_word' id='word_1_121' title='bbox 2038 594 2149 649; x_wconf 89' lang='lat' dir='ltr'><strong>bat.</strong></span> <span class='ocrx_word' id='word_1_122' title='bbox 2180 594 2299 650; x_wconf 86' lang='lat' dir='ltr'><strong>Jam</strong></span> <span class='ocrx_word' id='word_1_123' title='bbox 2330 595 2546 665; x_wconf 84' lang='lat' dir='ltr'><strong>quidem</strong></span> <span class='ocrx_word' id='word_1_124' title='bbox 2581 597 2818 653; x_wconf 82' lang='lat' dir='ltr'><strong>lueretici</strong></span> <span class='ocrx_word' id='word_1_125' title='bbox 2845 597 3076 653; x_wconf 88' lang='lat' dir='ltr'><strong>antehae</strong></span> <span class='ocrx_word' id='word_1_126' title='bbox 3106 595 3265 654; x_wconf 89' lang='lat' dir='ltr'><strong>nobis</strong></span> <span class='ocrx_word' id='word_1_127' title='bbox 3303 597 3636 668; x_wconf 86' lang='lat' dir='ltr'><strong>pronuntiati</strong></span> 
     </span>
    </p>
   </div>
   <div class='ocr_carea' id='block_1_20' title="bbox 2036 688 3634 759">
    <p class='ocr_par' dir='ltr' id='par_1_20' title="bbox 2036 688 3634 759">
     <span class='ocr_line' id='line_1_20' title="bbox 2036 688 3634 759; baseline 0.001 -16"><span class='ocrx_word' id='word_1_128' title='bbox 2036 697 2183 755; x_wconf 90' lang='lat' dir='ltr'><strong>sunt,</strong></span> <span class='ocrx_word' id='word_1_129' title='bbox 2217 698 2273 744; x_wconf 89' lang='lat' dir='ltr'><strong>et</strong></span> <span class='ocrx_word' id='word_1_130' title='bbox 2298 689 2482 745; x_wconf 90' lang='lat' dir='ltr'><strong>multis</strong></span> <span class='ocrx_word' id='word_1_131' title='bbox 2508 690 2700 746; x_wconf 86' lang='lat' dir='ltr'><strong>diebus</strong></span> <span class='ocrx_word' id='word_1_132' title='bbox 2727 701 2810 746; x_wconf 89' lang='lat' dir='ltr'><strong>est</strong></span> <span class='ocrx_word' id='word_1_133' title='bbox 2840 690 3252 759; x_wconf 86' lang='lat' dir='ltr'><strong>comprobatum</strong></span> <span class='ocrx_word' id='word_1_134' title='bbox 3286 708 3299 745; x_wconf 90' lang='lat'><strong>:</strong></span> <span class='ocrx_word' id='word_1_135' title='bbox 3324 703 3458 759; x_wconf 90' lang='lat' dir='ltr'><strong>quos</strong></span> <span class='ocrx_word' id='word_1_136' title='bbox 3491 696 3547 745; x_wconf 90' lang='lat' dir='ltr'><strong>et</strong></span> <span class='ocrx_word' id='word_1_137' title='bbox 3565 688 3634 744; x_wconf 88' lang='lat' dir='ltr'><strong>ad</strong></span> 
     </span>
    </p>
   </div>
   <div class='ocr_carea' id='block_1_21' title="bbox 2037 782 3641 847">
    <p class='ocr_par' dir='ltr' id='par_1_21' title="bbox 2037 782 3641 847">
     <span class='ocr_line' id='line_1_21' title="bbox 2037 782 3641 847; baseline 0.001 -11"><span class='ocrx_word' id='word_1_138' title='bbox 2037 790 2274 836; x_wconf 89' lang='lat' dir='ltr'><strong>nostram</strong></span> <span class='ocrx_word' id='word_1_139' title='bbox 2306 782 2742 838; x_wconf 76' lang='lat' dir='ltr'><strong>communionem</strong></span> <span class='ocrx_word' id='word_1_140' title='bbox 2773 799 2881 840; x_wconf 91' lang='lat' dir='ltr'><strong>non</strong></span> <span class='ocrx_word' id='word_1_141' title='bbox 2907 784 3226 840; x_wconf 81' lang='lat' dir='ltr'><strong>admisimus</strong></span> <span class='ocrx_word' id='word_1_142' title='bbox 3254 825 3268 847; x_wconf 91' lang='lat'><strong>,</strong></span> <span class='ocrx_word' id='word_1_143' title='bbox 3292 798 3426 840; x_wconf 89' lang='lat' dir='ltr'><strong>voce</strong></span> <span class='ocrx_word' id='word_1_144' title='bbox 3454 793 3641 839; x_wconf 88' lang='lat' dir='ltr'><strong>nostra</strong></span> 
     </span>
    </p>
   </div>
   <div class='ocr_carea' id='block_1_22' title="bbox 2033 873 3639 947">
    <p class='ocr_par' dir='ltr' id='par_1_22' title="bbox 2033 873 3639 947">
     <span class='ocr_line' id='line_1_22' title="bbox 2033 873 3639 947; baseline 0.002 -19"><span class='ocrx_word' id='word_1_145' title='bbox 2033 873 2354 930; x_wconf 91' lang='lat' dir='ltr'><strong>damnantes</strong></span> <span class='ocrx_word' id='word_1_146' title='bbox 2406 890 2504 931; x_wconf 88' lang='lat' dir='ltr'><strong>eos</strong></span> <span class='ocrx_word' id='word_1_147' title='bbox 2555 886 2874 947; x_wconf 60' lang='lat' dir='ltr'><strong>praesentes.</strong></span> <span class='ocrx_word' id='word_1_148' title='bbox 2906 876 3060 932; x_wconf 85' lang='lat' dir='ltr'><strong>Nune</strong></span> <span class='ocrx_word' id='word_1_149' title='bbox 3100 878 3295 932; x_wconf 88' lang='lat' dir='ltr'><strong>iterum</strong></span> <span class='ocrx_word' id='word_1_150' title='bbox 3326 876 3455 947; x_wconf 90' lang='lat' dir='ltr'><strong>quid</strong></span> <span class='ocrx_word' id='word_1_151' title='bbox 3484 875 3639 932; x_wconf 83' lang='lat' dir='ltr'><strong>vobis</strong></span> 
     </span>
    </p>
   </div>
   <div class='ocr_carea' id='block_1_23' title="bbox 2034 966 3640 1040">
    <p class='ocr_par' dir='ltr' id='par_1_23' title="bbox 2034 966 3640 1040">
     <span class='ocr_line' id='line_1_23' title="bbox 2034 966 3640 1040; baseline 0.001 -20"><span class='ocrx_word' id='word_1_152' title='bbox 2034 966 2242 1036; x_wconf 88' lang='lat' dir='ltr'><strong>placet,</strong></span> <span class='ocrx_word' id='word_1_153' title='bbox 2271 968 2468 1022; x_wconf 89' lang='lat' dir='ltr'><strong>iterum</strong></span> <span class='ocrx_word' id='word_1_154' title='bbox 2518 966 2702 1034; x_wconf 89' lang='lat' dir='ltr'><strong>dicite,</strong></span> <span class='ocrx_word' id='word_1_155' title='bbox 2736 978 2794 1023; x_wconf 88' lang='lat' dir='ltr'><strong>ut</strong></span> <span class='ocrx_word' id='word_1_156' title='bbox 2846 969 3185 1040; x_wconf 87' lang='lat' dir='ltr'><strong>singulorum</strong></span> <span class='ocrx_word' id='word_1_157' title='bbox 3237 967 3640 1037; x_wconf 84' lang='lat' dir='ltr'><strong>subscriptione</strong></span> 
     </span>
    </p>
   </div>
   <div class='ocr_carea' id='block_1_24' title="bbox 2033 1059 3632 1132">
    <p class='ocr_par' dir='ltr' id='par_1_24' title="bbox 2033 1059 3632 1132">
     <span class='ocr_line' id='line_1_24' title="bbox 2033 1059 3632 1132; baseline 0.002 -19"><span class='ocrx_word' id='word_1_158' title='bbox 2033 1059 2295 1114; x_wconf 90' lang='lat' dir='ltr'><strong>ﬁrmetur.</strong></span> <span class='ocrx_word' id='word_1_159' title='bbox 2326 1060 2574 1116; x_wconf 86' lang='lat' dir='ltr'><strong>Universi</strong></span> <span class='ocrx_word' id='word_1_160' title='bbox 2622 1062 2863 1132; x_wconf 88' lang='lat' dir='ltr'><strong>episcopi</strong></span> <span class='ocrx_word' id='word_1_161' title='bbox 2894 1061 3149 1117; x_wconf 82' lang='lat' dir='ltr'><strong>dixerunt</strong></span> <span class='ocrx_word' id='word_1_162' title='bbox 3180 1079 3193 1115; x_wconf 88' lang='lat'>:</span> <span class='ocrx_word' id='word_1_163' title='bbox 3225 1062 3409 1117; x_wconf 85' lang='lat' dir='ltr'><strong>Placet</strong></span> <span class='ocrx_word' id='word_1_164' title='bbox 3441 1070 3497 1114; x_wconf 91' lang='lat' dir='ltr'><strong>ut</strong></span> <span class='ocrx_word' id='word_1_165' title='bbox 3520 1060 3632 1116; x_wconf 70' lang='lat' dir='ltr'><strong>ha:-</strong></span> 
     </span>
    </p>
   </div>
   <div class='ocr_carea' id='block_1_25' title="bbox 2029 1152 3637 1225">
    <p class='ocr_par' dir='ltr' id='par_1_25' title="bbox 2029 1152 3637 1225">
     <span class='ocr_line' id='line_1_25' title="bbox 2029 1152 3637 1225; baseline 0.001 -20"><span class='ocrx_word' id='word_1_166' title='bbox 2029 1153 2183 1208; x_wconf 89' lang='lat' dir='ltr'><strong>retiei</strong></span> <span class='ocrx_word' id='word_1_167' title='bbox 2216 1152 2296 1225; x_wconf 77' lang='lat' dir='ltr'><strong>(Ir)</strong></span> <span class='ocrx_word' id='word_1_168' title='bbox 2320 1167 2397 1208; x_wconf 93' lang='lat' dir='ltr'><strong>ss.</strong></span> <span class='ocrx_word' id='word_1_169' title='bbox 2427 1152 2775 1218; x_wconf 89' lang='lat' dir='ltr'><strong>damnentur,</strong></span> <span class='ocrx_word' id='word_1_170' title='bbox 2805 1169 2914 1225; x_wconf 91' lang='lat' dir='ltr'><strong>quo</strong></span> <span class='ocrx_word' id='word_1_171' title='bbox 2944 1155 3114 1225; x_wconf 82' lang='lat' dir='ltr'><strong>possit</strong></span> <span class='ocrx_word' id='word_1_172' title='bbox 3146 1153 3387 1209; x_wconf 76' lang='lat' dir='ltr'><strong>Ecclesia</strong></span> <span class='ocrx_word' id='word_1_173' title='bbox 3415 1152 3521 1208; x_wconf 87' lang='lat' dir='ltr'><strong>fide</strong></span> <span class='ocrx_word' id='word_1_174' title='bbox 3546 1152 3637 1208; x_wconf 85' lang='lat' dir='ltr'><strong>in-</strong></span> 
     </span>
    </p>
   </div>
   <div class='ocr_carea' id='block_1_26' title="bbox 2028 1248 3634 1320">
    <p class='ocr_par' dir='ltr' id='par_1_26' title="bbox 2028 1248 3634 1320">
     <span class='ocr_line' id='line_1_26' title="bbox 2028 1248 3634 1320; baseline 0.001 -18"><span class='ocrx_word' id='word_1_175' title='bbox 2028 1261 2316 1313; x_wconf 85' lang='lat' dir='ltr'><strong>concussa,</strong></span> <span class='ocrx_word' id='word_1_176' title='bbox 2345 1262 2467 1318; x_wconf 73' lang='lat' dir='ltr'><strong>qua:</strong></span> <span class='ocrx_word' id='word_1_177' title='bbox 2500 1261 2630 1302; x_wconf 91' lang='lat' dir='ltr'><strong>vere</strong></span> <span class='ocrx_word' id='word_1_178' title='bbox 2682 1248 2972 1316; x_wconf 89' lang='lat' dir='ltr'><strong>catholica,</strong></span> <span class='ocrx_word' id='word_1_179' title='bbox 3005 1258 3090 1305; x_wconf 90' lang='lat' dir='ltr'><strong>est</strong></span> <span class='ocrx_word' id='word_1_180' title='bbox 3113 1249 3166 1303; x_wconf 91' lang='lat' dir='ltr'><strong>in</strong></span> <span class='ocrx_word' id='word_1_181' title='bbox 3194 1264 3327 1320; x_wconf 88' lang='lat' dir='ltr'><strong>pace</strong></span> <span class='ocrx_word' id='word_1_182' title='bbox 3376 1258 3634 1320; x_wconf 89' lang='lat' dir='ltr'><strong>perpetua</strong></span> 
     </span>
    </p>
   </div>
   <div class='ocr_carea' id='block_1_27' title="bbox 2029 1354 2376 1411">
    <p class='ocr_par' dir='ltr' id='par_1_27' title="bbox 2029 1354 2376 1411">
     <span class='ocr_line' id='line_1_27' title="bbox 2029 1354 2376 1411; baseline 0.003 -15"><span class='ocrx_word' id='word_1_183' title='bbox 2029 1354 2376 1411; x_wconf 83' lang='lat' dir='ltr'><strong>permanere.</strong></span> 
     </span>
    </p>
   </div>
   <div class='ocr_carea' id='block_1_28' title="bbox 2190 1477 3448 1553">
    <p class='ocr_par' dir='ltr' id='par_1_28' title="bbox 2190 1477 3448 1553">
     <span class='ocr_line' id='line_1_28' title="bbox 2190 1477 3448 1553; baseline 0.002 -21"><span class='ocrx_word' id='word_1_184' title='bbox 2190 1477 2359 1550; x_wconf 74' lang='lat'><strong>686</strong></span> <span class='ocrx_word' id='word_1_185' title='bbox 2395 1494 2657 1535; x_wconf 65' lang='lat' dir='ltr'><strong>aereum:</strong></span> <span class='ocrx_word' id='word_1_186' title='bbox 2688 1478 2754 1553; x_wconf 80' lang='grc' dir='ltr'><strong>(ἱ)</strong></span> <span class='ocrx_word' id='word_1_187' title='bbox 2783 1495 3094 1537; x_wconf 76' lang='lat' dir='ltr'><strong>sopsatoats</strong></span> <span class='ocrx_word' id='word_1_188' title='bbox 3122 1496 3448 1538; x_wconf 72' lang='lat' dir='ltr'><strong>PRAGIBNTI.</strong></span> 
     </span>
    </p>
   </div>
   <div class='ocr_carea' id='block_1_29' title="bbox 2026 1589 3635 1665">
    <p class='ocr_par' dir='ltr' id='par_1_29' title="bbox 2026 1589 3635 1665">
     <span class='ocr_line' id='line_1_29' title="bbox 2026 1589 3635 1665; baseline 0.002 -20"><span class='ocrx_word' id='word_1_189' title='bbox 2026 1589 2306 1646; x_wconf 87' lang='lat' dir='ltr'><strong>Damnatio</strong></span> <span class='ocrx_word' id='word_1_190' title='bbox 2334 1590 2666 1659; x_wconf 76' lang='lat' dir='ltr'><strong>blasphemia:</strong></span> <span class='ocrx_word' id='word_1_191' title='bbox 2692 1590 2827 1660; x_wconf 83' lang='lat' dir='ltr'><strong>Arii,</strong></span> <span class='ocrx_word' id='word_1_192' title='bbox 2859 1603 2906 1647; x_wconf 84' lang='lat' dir='ltr'><strong>et</strong></span> <span class='ocrx_word' id='word_1_193' title='bbox 2936 1595 3189 1664; x_wconf 76' lang='lat' dir='ltr'><strong>expositio</strong></span> <span class='ocrx_word' id='word_1_194' title='bbox 3231 1594 3450 1665; x_wconf 79' lang='lat' dir='ltr'><strong>integra:</strong></span> <span class='ocrx_word' id='word_1_195' title='bbox 3478 1603 3525 1649; x_wconf 81' lang='lat' dir='ltr'><strong>et</strong></span> <span class='ocrx_word' id='word_1_196' title='bbox 3546 1612 3635 1649; x_wconf 85' lang='lat' dir='ltr'><strong>ca-</strong></span> 
     </span>
    </p>
   </div>
   <div class='ocr_carea' id='block_1_30' title="bbox 2096 1682 3631 1753">
    <p class='ocr_par' dir='ltr' id='par_1_30' title="bbox 2096 1682 3631 1753">
     <span class='ocr_line' id='line_1_30' title="bbox 2096 1682 3631 1753; baseline 0.002 -17"><span class='ocrx_word' id='word_1_197' title='bbox 2096 1682 2304 1737; x_wconf 74' lang='lat' dir='ltr'><strong>tholica:</strong></span> <span class='ocrx_word' id='word_1_198' title='bbox 2329 1682 2472 1750; x_wconf 81' lang='lat' dir='ltr'><strong>ﬁdei,</strong></span> <span class='ocrx_word' id='word_1_199' title='bbox 2500 1699 2656 1753; x_wconf 84' lang='lat' dir='ltr'><strong>quam</strong></span> <span class='ocrx_word' id='word_1_200' title='bbox 2698 1685 2942 1738; x_wconf 79' lang='lat' dir='ltr'><strong>catholici</strong></span> <span class='ocrx_word' id='word_1_201' title='bbox 2970 1684 3024 1739; x_wconf 85' lang='lat' dir='ltr'><strong>in</strong></span> <span class='ocrx_word' id='word_1_202' title='bbox 3060 1694 3283 1741; x_wconf 85' lang='lat' dir='ltr'><strong>tractatu</strong></span> <span class='ocrx_word' id='word_1_203' title='bbox 3316 1686 3631 1740; x_wconf 80' lang='lat' dir='ltr'><strong>Ariminensi</strong></span> 
     </span>
    </p>
   </div>
   <div class='ocr_carea' id='block_1_31' title="bbox 2094 1776 3303 1850">
    <p class='ocr_par' dir='ltr' id='par_1_31' title="bbox 2094 1776 3303 1850">
     <span class='ocr_line' id='line_1_31' title="bbox 2094 1776 3303 1850; baseline 0.008 -23"><span class='ocrx_word' id='word_1_204' title='bbox 2094 1776 2446 1845; x_wconf 76' lang='lat' dir='ltr'><strong>ﬁrrrtavcrurtt,</strong></span> <span class='ocrx_word' id='word_1_205' title='bbox 2481 1786 2528 1832; x_wconf 83' lang='lat' dir='ltr'><strong>et</strong></span> <span class='ocrx_word' id='word_1_206' title='bbox 2554 1792 2710 1830; x_wconf 85' lang='lat' dir='ltr'><strong>manu</strong></span> <span class='ocrx_word' id='word_1_207' title='bbox 2744 1793 2839 1832; x_wconf 78' lang='lat' dir='ltr'><strong>sua</strong></span> <span class='ocrx_word' id='word_1_208' title='bbox 2866 1779 3303 1850; x_wconf 71' lang='lat' dir='ltr'><strong>subscripserunt.</strong></span> 
     </span>
    </p>
   </div>
   <div class='ocr_carea' id='block_1_32' title="bbox 319 1888 3624 1989">
    <p class='ocr_par' dir='ltr' id='par_1_32' title="bbox 319 1888 3624 1989">
     <span class='ocr_line' id='line_1_32' title="bbox 319 1888 3624 1989; baseline 0.002 -46"><span class='ocrx_word' id='word_1_209' title='bbox 319 1919 422 1975; x_wconf 67' lang='lat' dir='ltr'><strong>bus</strong></span> <span class='ocrx_word' id='word_1_210' title='bbox 449 1920 702 1975; x_wconf 63' lang='lat' dir='ltr'><strong>omnum</strong></span> <span class='ocrx_word' id='word_1_211' title='bbox 742 1888 1172 1973; x_wconf 50' lang='lat' dir='ltr'><strong>Ill,’(,’adden‘lum</strong></span> <span class='ocrx_word' id='word_1_212' title='bbox 1231 1888 1433 1989; x_wconf 39' lang='lat' dir='ltr'><strong>aliud”</strong></span> <span class='ocrx_word' id='word_1_213' title='bbox 1470 1888 1781 1982; x_wconf 50' lang='lat' dir='ltr'><strong>&#39;crodimus’</strong></span> <span class='ocrx_word' id='word_1_214' title='bbox 1816 1888 1915 1971; x_wconf 48' lang='lat' dir='ltr'><strong>hec</strong></span> <span class='ocrx_word' id='word_1_215' title='bbox 1947 1893 1994 1953; x_wconf 87' lang='grc' dir='ltr'><strong>Β</strong></span> <span class='ocrx_word' id='word_1_216' title='bbox 2022 1983 2035 1989; x_wconf 21' lang='grc' dir='ltr'>μ</span> <span class='ocrx_word' id='word_1_217' title='bbox 2095 1889 2448 1959; x_wconf 73' lang='lat' dir='ltr'><strong>Blasphemia:</strong></span> <span class='ocrx_word' id='word_1_218' title='bbox 2479 1888 2591 1945; x_wconf 84' lang='lat' dir='ltr'><strong>Arii</strong></span> <span class='ocrx_word' id='word_1_219' title='bbox 2621 1889 2747 1946; x_wconf 82' lang='lat' dir='ltr'><strong>licet</strong></span> <span class='ocrx_word' id='word_1_220' title='bbox 2788 1893 3017 1948; x_wconf 87' lang='lat' dir='ltr'><strong>antehac</strong></span> <span class='ocrx_word' id='word_1_221' title='bbox 3075 1894 3291 1950; x_wconf 77' lang='lat' dir='ltr'><strong>fuerunt</strong></span> <span class='ocrx_word' id='word_1_222' title='bbox 3320 1894 3585 1950; x_wconf 73' lang='lat' dir='ltr'><strong>damnata:</strong></span> <span class='ocrx_word' id='word_1_223' title='bbox 3608 1936 3624 1960; x_wconf 94' lang='lat'><strong>,</strong></span> 
     </span>
    </p>
   </div>
   <div class='ocr_carea' id='block_1_33' title="bbox 318 2011 1915 2085">
    <p class='ocr_par' dir='ltr' id='par_1_33' title="bbox 318 2011 1915 2085">
     <span class='ocr_line' id='line_1_33' title="bbox 318 2011 1915 2085; baseline -0.002 -17"><span class='ocrx_word' id='word_1_224' title='bbox 318 2014 483 2068; x_wconf 89' lang='lat' dir='ltr'><strong>minui</strong></span> <span class='ocrx_word' id='word_1_225' title='bbox 510 2028 666 2084; x_wconf 80' lang='lat' dir='ltr'><strong>posse</strong></span> <span class='ocrx_word' id='word_1_226' title='bbox 686 2012 1024 2067; x_wconf 85' lang='lat' dir='ltr'><strong>manifestum</strong></span> <span class='ocrx_word' id='word_1_227' title='bbox 1042 2020 1144 2068; x_wconf 90' lang='lat' dir='ltr'><strong>est.</strong></span> <span class='ocrx_word' id='word_1_228' title='bbox 1162 2011 1342 2066; x_wconf 80' lang='lat' dir='ltr'><strong>Placet</strong></span> <span class='ocrx_word' id='word_1_229' title='bbox 1355 2012 1652 2085; x_wconf 63' lang='lat' dir='ltr'><strong>assurgo</strong></span> <span class='ocrx_word' id='word_1_230' title='bbox 1669 2013 1797 2065; x_wconf 86' lang='lat' dir='ltr'><strong>nihil</strong></span> <span class='ocrx_word' id='word_1_231' title='bbox 1818 2028 1915 2065; x_wconf 89' lang='lat' dir='ltr'><strong>no-</strong></span> 
     </span>
    </p>
   </div>
   <div class='ocr_carea' id='block_1_34' title="bbox 316 2103 1914 2174">
    <p class='ocr_par' dir='ltr' id='par_1_34' title="bbox 316 2103 1914 2174">
     <span class='ocr_line' id='line_1_34' title="bbox 316 2103 1914 2174; baseline -0.003 -15"><span class='ocrx_word' id='word_1_232' title='bbox 316 2122 441 2159; x_wconf 90' lang='lat' dir='ltr'><strong>vum</strong></span> <span class='ocrx_word' id='word_1_233' title='bbox 466 2104 582 2160; x_wconf 87' lang='lat' dir='ltr'><strong>ﬁeri</strong></span> <span class='ocrx_word' id='word_1_234' title='bbox 609 2121 622 2158; x_wconf 90' lang='lat'><strong>:</strong></span> <span class='ocrx_word' id='word_1_235' title='bbox 653 2106 967 2159; x_wconf 83' lang='lat' dir='ltr'><strong>substantiae</strong></span> <span class='ocrx_word' id='word_1_236' title='bbox 997 2119 1211 2174; x_wconf 87' lang='lat' dir='ltr'><strong>quoque</strong></span> <span class='ocrx_word' id='word_1_237' title='bbox 1234 2120 1429 2158; x_wconf 83' lang='lat' dir='ltr'><strong>nomen</strong></span> <span class='ocrx_word' id='word_1_238' title='bbox 1461 2112 1518 2158; x_wconf 89' lang='lat' dir='ltr'><strong>et</strong></span> <span class='ocrx_word' id='word_1_239' title='bbox 1542 2120 1678 2169; x_wconf 91' lang='lat' dir='ltr'><strong>rem,</strong></span> <span class='ocrx_word' id='word_1_240' title='bbox 1714 2117 1743 2155; x_wconf 90' lang='lat' dir='ltr'><strong>a</strong></span> <span class='ocrx_word' id='word_1_241' title='bbox 1775 2103 1914 2157; x_wconf 91' lang='lat' dir='ltr'><strong>mul-</strong></span> 
     </span>
    </p>
   </div>
   <div class='ocr_carea' id='block_1_35' title="bbox 319 2196 1909 2267">
    <p class='ocr_par' dir='ltr' id='par_1_35' title="bbox 319 2196 1909 2267">
     <span class='ocr_line' id='line_1_35' title="bbox 319 2196 1909 2267; baseline -0.001 -15"><span class='ocrx_word' id='word_1_242' title='bbox 319 2199 386 2253; x_wconf 90' lang='lat' dir='ltr'><strong>tis</strong></span> <span class='ocrx_word' id='word_1_243' title='bbox 418 2199 620 2253; x_wconf 84' lang='lat' dir='ltr'><strong>sanctis</strong></span> <span class='ocrx_word' id='word_1_244' title='bbox 649 2198 942 2267; x_wconf 85' lang='lat' dir='ltr'><strong>Seripturis</strong></span> <span class='ocrx_word' id='word_1_245' title='bbox 989 2198 1311 2253; x_wconf 88' lang='lat' dir='ltr'><strong>insinuatam</strong></span> <span class='ocrx_word' id='word_1_246' title='bbox 1363 2197 1629 2251; x_wconf 88' lang='lat' dir='ltr'><strong>mentibus</strong></span> <span class='ocrx_word' id='word_1_247' title='bbox 1690 2196 1909 2264; x_wconf 87' lang='lat' dir='ltr'><strong>nostris,</strong></span> 
     </span>
    </p>
   </div>
   <div class='ocr_carea' id='block_1_36' title="bbox 315 2289 1910 2361">
    <p class='ocr_par' dir='ltr' id='par_1_36' title="bbox 315 2289 1910 2361">
     <span class='ocr_line' id='line_1_36' title="bbox 315 2289 1910 2361; baseline -0.001 -16"><span class='ocrx_word' id='word_1_248' title='bbox 315 2291 563 2347; x_wconf 88' lang='lat' dir='ltr'><strong>obtinere</strong></span> <span class='ocrx_word' id='word_1_249' title='bbox 605 2290 807 2347; x_wconf 88' lang='lat' dir='ltr'><strong>debere</strong></span> <span class='ocrx_word' id='word_1_250' title='bbox 845 2291 930 2346; x_wconf 90' lang='lat' dir='ltr'><strong>sui</strong></span> <span class='ocrx_word' id='word_1_251' title='bbox 969 2290 1295 2344; x_wconf 84' lang='lat' dir='ltr'><strong>ﬁrmitatem.</strong></span> <span class='ocrx_word' id='word_1_252' title='bbox 1332 2290 1502 2356; x_wconf 88' lang='lat' dir='ltr'><strong>Quam</strong></span> <span class='ocrx_word' id='word_1_253' title='bbox 1543 2305 1657 2345; x_wconf 89' lang='lat' dir='ltr'><strong>rem</strong></span> <span class='ocrx_word' id='word_1_254' title='bbox 1684 2289 1759 2361; x_wconf 89' lang='lat' dir='ltr'><strong>(b)</strong></span> <span class='ocrx_word' id='word_1_255' title='bbox 1789 2304 1910 2343; x_wconf 92' lang='lat' dir='ltr'><strong>cum</strong></span> 
     </span>
    </p>
   </div>
   <div class='ocr_carea' id='block_1_37' title="bbox 314 2381 1909 2440">
    <p class='ocr_par' dir='ltr' id='par_1_37' title="bbox 314 2381 1909 2440">
     <span class='ocr_line' id='line_1_37' title="bbox 314 2381 1909 2440; baseline -0.002 -1"><span class='ocrx_word' id='word_1_256' title='bbox 314 2400 415 2439; x_wconf 91' lang='lat' dir='ltr'><strong>suo</strong></span> <span class='ocrx_word' id='word_1_257' title='bbox 436 2386 656 2440; x_wconf 90' lang='lat' dir='ltr'><strong>nomine</strong></span> <span class='ocrx_word' id='word_1_258' title='bbox 679 2384 922 2440; x_wconf 86' lang='lat' dir='ltr'><strong>Ecclesia</strong></span> <span class='ocrx_word' id='word_1_259' title='bbox 954 2383 1216 2438; x_wconf 87' lang='lat' dir='ltr'><strong>catholica</strong></span> <span class='ocrx_word' id='word_1_260' title='bbox 1265 2397 1385 2436; x_wconf 90' lang='lat' dir='ltr'><strong>eum</strong></span> <span class='ocrx_word' id='word_1_261' title='bbox 1436 2382 1682 2437; x_wconf 87' lang='lat' dir='ltr'><strong>doctrina</strong></span> <span class='ocrx_word' id='word_1_262' title='bbox 1720 2381 1909 2437; x_wconf 89' lang='lat' dir='ltr'><strong>deilica</strong></span> 
     </span>
    </p>
   </div>
   <div class='ocr_carea' id='block_1_38' title="bbox 315 2473 1909 2546">
    <p class='ocr_par' dir='ltr' id='par_1_38' title="bbox 315 2473 1909 2546">
     <span class='ocr_line' id='line_1_38' title="bbox 315 2473 1909 2546; baseline -0.001 -17"><span class='ocrx_word' id='word_1_263' title='bbox 315 2490 532 2546; x_wconf 86' lang='lat' dir='ltr'><strong>semper</strong></span> <span class='ocrx_word' id='word_1_264' title='bbox 561 2474 806 2533; x_wconf 81' lang='lat' dir='ltr'><strong>conliteri</strong></span> <span class='ocrx_word' id='word_1_265' title='bbox 829 2482 884 2529; x_wconf 83' lang='lat' dir='ltr'><strong>et</strong></span> <span class='ocrx_word' id='word_1_266' title='bbox 910 2474 1149 2544; x_wconf 82' lang='lat' dir='ltr'><strong>proﬁteri</strong></span> <span class='ocrx_word' id='word_1_267' title='bbox 1197 2476 1497 2529; x_wconf 79' lang='lat' dir='ltr'><strong>consuevit.</strong></span> <span class='ocrx_word' id='word_1_268' title='bbox 1535 2474 1669 2529; x_wconf 89' lang='lat' dir='ltr'><strong>lluic</strong></span> <span class='ocrx_word' id='word_1_269' title='bbox 1715 2473 1909 2528; x_wconf 81' lang='lat' dir='ltr'><strong>defini-</strong></span> 
     </span>
    </p>
   </div>
   <div class='ocr_carea' id='block_1_39' title="bbox 316 2564 1910 2637">
    <p class='ocr_par' dir='ltr' id='par_1_39' title="bbox 316 2564 1910 2637">
     <span class='ocr_line' id='line_1_39' title="bbox 316 2564 1910 2637; baseline -0.003 -15"><span class='ocrx_word' id='word_1_270' title='bbox 316 2568 443 2622; x_wconf 88' lang='lat' dir='ltr'><strong>tioni</strong></span> <span class='ocrx_word' id='word_1_271' title='bbox 476 2583 664 2624; x_wconf 89' lang='lat' dir='ltr'><strong>omnes</strong></span> <span class='ocrx_word' id='word_1_272' title='bbox 688 2568 742 2623; x_wconf 90' lang='lat' dir='ltr'><strong>in</strong></span> <span class='ocrx_word' id='word_1_273' title='bbox 775 2582 937 2622; x_wconf 90' lang='lat' dir='ltr'><strong>unum</strong></span> <span class='ocrx_word' id='word_1_274' title='bbox 966 2564 1219 2622; x_wconf 89' lang='lat' dir='ltr'><strong>catholici</strong></span> <span class='ocrx_word' id='word_1_275' title='bbox 1250 2566 1620 2637; x_wconf 88' lang='lat' dir='ltr'><strong>conspirantes</strong></span> <span class='ocrx_word' id='word_1_276' title='bbox 1638 2565 1910 2634; x_wconf 86' lang='lat' dir='ltr'><strong>subscrip-</strong></span> 
     </span>
    </p>
   </div>
   <div class='ocr_carea' id='block_1_40' title="bbox 311 2672 522 2717">
    <p class='ocr_par' dir='ltr' id='par_1_40' title="bbox 311 2672 522 2717">
     <span class='ocr_line' id='line_1_40' title="bbox 311 2672 522 2717; baseline -0.009 0"><span class='ocrx_word' id='word_1_277' title='bbox 311 2672 522 2717; x_wconf 90' lang='lat' dir='ltr'><strong>serunt.</strong></span> 
     </span>
    </p>
   </div>
   <div class='ocr_carea' id='block_1_41' title="bbox 381 2752 1911 2824">
    <p class='ocr_par' dir='ltr' id='par_1_41' title="bbox 381 2752 1911 2824">
     <span class='ocr_line' id='line_1_41' title="bbox 381 2752 1911 2824; baseline 0.001 -17"><span class='ocrx_word' id='word_1_278' title='bbox 381 2753 438 2808; x_wconf 71' lang='grc'><strong>4.</strong></span> <span class='ocrx_word' id='word_1_279' title='bbox 503 2753 703 2809; x_wconf 84' lang='lat' dir='ltr'><strong>Eodem</strong></span> <span class='ocrx_word' id='word_1_280' title='bbox 767 2754 820 2808; x_wconf 91' lang='lat' dir='ltr'><strong>in</strong></span> <span class='ocrx_word' id='word_1_281' title='bbox 875 2752 1105 2808; x_wconf 88' lang='lat' dir='ltr'><strong>concilio</strong></span> <span class='ocrx_word' id='word_1_282' title='bbox 1180 2765 1463 2824; x_wconf 85' lang='lat' dir='ltr'><strong>postquam</strong></span> <span class='ocrx_word' id='word_1_283' title='bbox 1518 2761 1776 2809; x_wconf 87' lang='lat' dir='ltr'><strong>statutum</strong></span> <span class='ocrx_word' id='word_1_284' title='bbox 1826 2762 1911 2808; x_wconf 87' lang='lat' dir='ltr'><strong>est</strong></span> 
     </span>
    </p>
   </div>
   <div class='ocr_carea' id='block_1_42' title="bbox 312 2844 1907 2917">
    <p class='ocr_par' dir='ltr' id='par_1_42' title="bbox 312 2844 1907 2917">
     <span class='ocr_line' id='line_1_42' title="bbox 312 2844 1907 2917; baseline 0.001 -18"><span class='ocrx_word' id='word_1_285' title='bbox 312 2844 443 2900; x_wconf 88' lang='lat' dir='ltr'><strong>nihil</strong></span> <span class='ocrx_word' id='word_1_286' title='bbox 476 2845 680 2901; x_wconf 89' lang='lat' dir='ltr'><strong>debere</strong></span> <span class='ocrx_word' id='word_1_287' title='bbox 712 2857 988 2916; x_wconf 86' lang='lat' dir='ltr'><strong>paternam</strong></span> <span class='ocrx_word' id='word_1_288' title='bbox 1020 2845 1189 2899; x_wconf 90' lang='lat' dir='ltr'><strong>minui</strong></span> <span class='ocrx_word' id='word_1_289' title='bbox 1235 2846 1602 2912; x_wconf 88' lang='lat' dir='ltr'><strong>traditionem,</strong></span> <span class='ocrx_word' id='word_1_290' title='bbox 1631 2845 1792 2901; x_wconf 87' lang='lat' dir='ltr'><strong>etiam</strong></span> <span class='ocrx_word' id='word_1_291' title='bbox 1815 2847 1907 2917; x_wconf 90' lang='lat' dir='ltr'><strong>qui</strong></span> 
     </span>
    </p>
   </div>
   <div class='ocr_carea' id='block_1_43' title="bbox 309 2936 1911 3008">
    <p class='ocr_par' dir='ltr' id='par_1_43' title="bbox 309 2936 1911 3008">
     <span class='ocr_line' id='line_1_43' title="bbox 309 2936 1911 3008; baseline -0.001 -16"><span class='ocrx_word' id='word_1_292' title='bbox 309 2946 497 2992; x_wconf 89' lang='lat' dir='ltr'><strong>contra</strong></span> <span class='ocrx_word' id='word_1_293' title='bbox 529 2936 669 2993; x_wconf 85' lang='lat' dir='ltr'><strong>hanc</strong></span> <span class='ocrx_word' id='word_1_294' title='bbox 698 2937 1012 3003; x_wconf 87' lang='lat' dir='ltr'><strong>veniebant,</strong></span> <span class='ocrx_word' id='word_1_295' title='bbox 1052 2937 1291 2990; x_wconf 90' lang='lat' dir='ltr'><strong>omnium</strong></span> <span class='ocrx_word' id='word_1_296' title='bbox 1326 2938 1378 2991; x_wconf 90' lang='lat' dir='ltr'><strong>in</strong></span> <span class='ocrx_word' id='word_1_297' title='bbox 1405 2954 1566 2993; x_wconf 91' lang='lat' dir='ltr'><strong>unum</strong></span> <span class='ocrx_word' id='word_1_298' title='bbox 1591 2938 1911 3008; x_wconf 88' lang='lat' dir='ltr'><strong>conspiran-</strong></span> 
     </span>
    </p>
   </div>
   <div class='ocr_carea' id='block_1_44' title="bbox 312 3027 1909 3100">
    <p class='ocr_par' dir='ltr' id='par_1_44' title="bbox 312 3027 1909 3100">
     <span class='ocr_line' id='line_1_44' title="bbox 312 3027 1909 3100; baseline 0.002 -18"><span class='ocrx_word' id='word_1_299' title='bbox 312 3030 442 3083; x_wconf 88' lang='lat' dir='ltr'><strong>timn</strong></span> <span class='ocrx_word' id='word_1_300' title='bbox 473 3028 702 3099; x_wconf 85' lang='lat' dir='ltr'><strong>spiritali</strong></span> <span class='ocrx_word' id='word_1_301' title='bbox 731 3045 866 3086; x_wconf 84' lang='lat' dir='ltr'><strong>voce</strong></span> <span class='ocrx_word' id='word_1_302' title='bbox 893 3038 1021 3084; x_wconf 86' lang='lat' dir='ltr'><strong>sunt</strong></span> <span class='ocrx_word' id='word_1_303' title='bbox 1042 3027 1305 3083; x_wconf 86' lang='lat' dir='ltr'><strong>damnati.</strong></span> <span class='ocrx_word' id='word_1_304' title='bbox 1334 3029 1500 3100; x_wconf 88' lang='lat' dir='ltr'><strong>Cujus</strong></span> <span class='ocrx_word' id='word_1_305' title='bbox 1529 3038 1787 3085; x_wconf 89' lang='lat' dir='ltr'><strong>tractatus</strong></span> <span class='ocrx_word' id='word_1_306' title='bbox 1807 3029 1909 3085; x_wconf 93' lang='lat' dir='ltr'><strong>hoc</strong></span> 
     </span>
    </p>
   </div>
   <div class='ocr_carea' id='block_1_45' title="bbox 307 3123 903 3196">
    <p class='ocr_par' dir='ltr' id='par_1_45' title="bbox 307 3123 903 3196">
     <span class='ocr_line' id='line_1_45' title="bbox 307 3123 903 3196; baseline -0.002 -18"><span class='ocrx_word' id='word_1_307' title='bbox 307 3134 385 3178; x_wconf 72' lang='grc' dir='ltr'><strong>εει</strong></span> <span class='ocrx_word' id='word_1_308' title='bbox 410 3124 718 3194; x_wconf 81' lang='lat' dir='ltr'><strong>exemplum</strong></span> <span class='ocrx_word' id='word_1_309' title='bbox 885 3144 903 3177; x_wconf 74' lang='grc' dir='ltr'><strong><em>ι</em></strong></span> 
     </span>
    </p>
   </div>
   <div class='ocr_carea' id='block_1_46' title="bbox 698 3240 1537 3311">
    <p class='ocr_par' dir='ltr' id='par_1_46' title="bbox 698 3240 1537 3311">
     <span class='ocr_line' id='line_1_46' title="bbox 698 3240 1537 3311; baseline -0.002 -16"><span class='ocrx_word' id='word_1_310' title='bbox 698 3256 919 3297; x_wconf 73' lang='lat' dir='ltr'><strong>sesamo</strong></span> <span class='ocrx_word' id='word_1_311' title='bbox 942 3257 1010 3297; x_wconf 77' lang='grc' dir='ltr'><strong>ετ</strong></span> <span class='ocrx_word' id='word_1_312' title='bbox 1036 3257 1228 3297; x_wconf 64' lang='grc' dir='ltr'><strong>γιηιτιο</strong></span> <span class='ocrx_word' id='word_1_313' title='bbox 1248 3240 1331 3311; x_wconf 82' lang='lat' dir='ltr'><strong>(d)</strong></span> <span class='ocrx_word' id='word_1_314' title='bbox 1359 3255 1537 3296; x_wconf 76' lang='lat' dir='ltr'><strong>conss.</strong></span> 
     </span>
    </p>
   </div>
   <div class='ocr_carea' id='block_1_47' title="bbox 528 3354 1686 3429">
    <p class='ocr_par' dir='ltr' id='par_1_47' title="bbox 528 3354 1686 3429">
     <span class='ocr_line' id='line_1_47' title="bbox 528 3354 1686 3429; baseline -0.001 -20"><span class='ocrx_word' id='word_1_315' title='bbox 528 3370 603 3409; x_wconf 81' lang='lat' dir='ltr'><strong>xu</strong></span> <span class='ocrx_word' id='word_1_316' title='bbox 643 3355 748 3411; x_wconf 79' lang='lat' dir='ltr'><strong>kal.</strong></span> <span class='ocrx_word' id='word_1_317' title='bbox 798 3357 1008 3426; x_wconf 86' lang='lat' dir='ltr'><strong>augusti</strong></span> <span class='ocrx_word' id='word_1_318' title='bbox 1040 3357 1150 3429; x_wconf 88' lang='lat' dir='ltr'><strong>(die</strong></span> <span class='ocrx_word' id='word_1_319' title='bbox 1179 3355 1244 3409; x_wconf 76' lang='grc'><strong>21</strong></span> <span class='ocrx_word' id='word_1_320' title='bbox 1272 3355 1374 3425; x_wconf 90' lang='lat' dir='ltr'><strong>jul.</strong></span> <span class='ocrx_word' id='word_1_321' title='bbox 1403 3371 1494 3410; x_wconf 89' lang='lat' dir='ltr'><strong>an.</strong></span> <span class='ocrx_word' id='word_1_322' title='bbox 1528 3354 1686 3422; x_wconf 77' lang='lat'><strong>559.)</strong></span> 
     </span>
    </p>
   </div>
   <div class='ocr_carea' id='block_1_48' title="bbox 375 3468 1905 3541">
    <p class='ocr_par' dir='ltr' id='par_1_48' title="bbox 375 3468 1905 3541">
     <span class='ocr_line' id='line_1_48' title="bbox 375 3468 1905 3541; baseline 0.001 -18"><span class='ocrx_word' id='word_1_323' title='bbox 375 3468 509 3523; x_wconf 91' lang='lat' dir='ltr'><strong>Cum</strong></span> <span class='ocrx_word' id='word_1_324' title='bbox 541 3470 678 3539; x_wconf 86' lang='lat' dir='ltr'><strong>apud</strong></span> <span class='ocrx_word' id='word_1_325' title='bbox 728 3471 904 3526; x_wconf 83' lang='lat' dir='ltr'><strong>locum</strong></span> <span class='ocrx_word' id='word_1_326' title='bbox 938 3470 1334 3526; x_wconf 79' lang='lat' dir='ltr'><strong>Ariminensem</strong></span> <span class='ocrx_word' id='word_1_327' title='bbox 1368 3470 1746 3539; x_wconf 82' lang='lat' dir='ltr'><strong>episcoporum</strong></span> <span class='ocrx_word' id='word_1_328' title='bbox 1778 3486 1905 3541; x_wconf 80' lang='lat' dir='ltr'><strong>syn-</strong></span> 
     </span>
    </p>
   </div>
   <div class='ocr_carea' id='block_1_49' title="bbox 301 3560 1902 3631">
    <p class='ocr_par' dir='ltr' id='par_1_49' title="bbox 301 3560 1902 3631">
     <span class='ocr_line' id='line_1_49' title="bbox 301 3560 1902 3631; baseline 0.001 -16"><span class='ocrx_word' id='word_1_329' title='bbox 301 3561 439 3616; x_wconf 89' lang='lat' dir='ltr'><strong>odus</strong></span> <span class='ocrx_word' id='word_1_330' title='bbox 485 3562 675 3618; x_wconf 91' lang='lat' dir='ltr'><strong>fuisset</strong></span> <span class='ocrx_word' id='word_1_331' title='bbox 713 3564 958 3631; x_wconf 73' lang='lat' dir='ltr'><strong>collecta,</strong></span> <span class='ocrx_word' id='word_1_332' title='bbox 1018 3574 1072 3619; x_wconf 91' lang='lat' dir='ltr'><strong>et</strong></span> <span class='ocrx_word' id='word_1_333' title='bbox 1124 3572 1406 3618; x_wconf 88' lang='lat' dir='ltr'><strong>tractatum</strong></span> <span class='ocrx_word' id='word_1_334' title='bbox 1462 3561 1648 3616; x_wconf 88' lang='lat' dir='ltr'><strong>fuisset</strong></span> <span class='ocrx_word' id='word_1_335' title='bbox 1676 3560 1743 3615; x_wconf 91' lang='lat' dir='ltr'><strong>de</strong></span> <span class='ocrx_word' id='word_1_336' title='bbox 1775 3562 1902 3629; x_wconf 76' lang='lat' dir='ltr'><strong>title,</strong></span> 
     </span>
    </p>
   </div>
   <div class='ocr_carea' id='block_1_50' title="bbox 301 3653 1904 3728">
    <p class='ocr_par' dir='ltr' id='par_1_50' title="bbox 301 3653 1904 3728">
     <span class='ocr_line' id='line_1_50' title="bbox 301 3653 1904 3728; baseline -0.002 -18"><span class='ocrx_word' id='word_1_337' title='bbox 301 3666 356 3711; x_wconf 91' lang='lat' dir='ltr'><strong>et</strong></span> <span class='ocrx_word' id='word_1_338' title='bbox 379 3655 606 3712; x_wconf 90' lang='lat' dir='ltr'><strong>sedisset</strong></span> <span class='ocrx_word' id='word_1_339' title='bbox 654 3658 836 3711; x_wconf 90' lang='lat' dir='ltr'><strong>animo</strong></span> <span class='ocrx_word' id='word_1_340' title='bbox 861 3656 989 3728; x_wconf 90' lang='lat' dir='ltr'><strong>quid</strong></span> <span class='ocrx_word' id='word_1_341' title='bbox 1018 3656 1103 3723; x_wconf 76' lang='lat' dir='ltr'><strong>agi</strong></span> <span class='ocrx_word' id='word_1_342' title='bbox 1142 3655 1406 3716; x_wconf 83' lang='lat' dir='ltr'><strong>deberet;</strong></span> <span class='ocrx_word' id='word_1_343' title='bbox 1449 3653 1747 3707; x_wconf 84' lang='lat' dir='ltr'><strong>Grecianns</strong></span> <span class='ocrx_word' id='word_1_344' title='bbox 1788 3655 1904 3722; x_wconf 88' lang='lat' dir='ltr'><strong>epi-</strong></span> 
     </span>
    </p>
   </div>
   <div class='ocr_carea' id='block_1_51' title="bbox 300 3747 1898 3820">
    <p class='ocr_par' dir='ltr' id='par_1_51' title="bbox 300 3747 1898 3820">
     <span class='ocr_line' id='line_1_51' title="bbox 300 3747 1898 3820; baseline -0.001 -16"><span class='ocrx_word' id='word_1_345' title='bbox 300 3764 555 3819; x_wconf 86' lang='lat' dir='ltr'><strong>scopusa</strong></span> <span class='ocrx_word' id='word_1_346' title='bbox 598 3750 749 3806; x_wconf 88' lang='lat' dir='ltr'><strong>Calle</strong></span> <span class='ocrx_word' id='word_1_347' title='bbox 796 3751 970 3806; x_wconf 82' lang='lat' dir='ltr'><strong>dixit:</strong></span> <span class='ocrx_word' id='word_1_348' title='bbox 1002 3752 1268 3817; x_wconf 87' lang='lat' dir='ltr'><strong>Quantum</strong></span> <span class='ocrx_word' id='word_1_349' title='bbox 1312 3749 1384 3820; x_wconf 78' lang='grc' dir='ltr'><strong>(ε)</strong></span> <span class='ocrx_word' id='word_1_350' title='bbox 1428 3748 1627 3813; x_wconf 88' lang='lat' dir='ltr'><strong>decuit,</strong></span> <span class='ocrx_word' id='word_1_351' title='bbox 1677 3747 1898 3803; x_wconf 86' lang='lat' dir='ltr'><strong>Fratres</strong></span> 
     </span>
    </p>
   </div>
   <div class='ocr_carea' id='block_1_52' title="bbox 298 3836 1898 3916">
    <p class='ocr_par' dir='ltr' id='par_1_52' title="bbox 298 3836 1898 3916">
     <span class='ocr_line' id='line_1_52' title="bbox 298 3836 1898 3916; baseline -0.001 -19"><span class='ocrx_word' id='word_1_352' title='bbox 298 3842 629 3907; x_wconf 86' lang='lat' dir='ltr'><strong>charissimi,</strong></span> <span class='ocrx_word' id='word_1_353' title='bbox 654 3843 920 3899; x_wconf 87' lang='lat' dir='ltr'><strong>catholica</strong></span> <span class='ocrx_word' id='word_1_354' title='bbox 972 3836 1212 3916; x_wconf 79' lang='lat' dir='ltr'><strong>synodus</strong></span> <span class='ocrx_word' id='word_1_355' title='bbox 1242 3842 1552 3912; x_wconf 90' lang='lat' dir='ltr'><strong>patientiam</strong></span> <span class='ocrx_word' id='word_1_356' title='bbox 1609 3840 1815 3906; x_wconf 90' lang='lat' dir='ltr'><strong>habuit,</strong></span> <span class='ocrx_word' id='word_1_357' title='bbox 1844 3842 1898 3896; x_wconf 76' lang='lat' dir='ltr'><strong>et</strong></span> 
     </span>
    </p>
   </div>
   <div class='ocr_carea' id='block_1_53' title="bbox 297 3931 1894 4007">
    <p class='ocr_par' dir='ltr' id='par_1_53' title="bbox 297 3931 1894 4007">
     <span class='ocr_line' id='line_1_53' title="bbox 297 3931 1894 4007; baseline -0.003 -17"><span class='ocrx_word' id='word_1_358' title='bbox 297 3935 440 4006; x_wconf 89' lang='lat' dir='ltr'><strong>piam</strong></span> <span class='ocrx_word' id='word_1_359' title='bbox 466 3933 533 4007; x_wconf 71' lang='grc' dir='ltr'><strong>(ι’)</strong></span> <span class='ocrx_word' id='word_1_360' title='bbox 562 3935 864 3991; x_wconf 86' lang='lat' dir='ltr'><strong>Ecclesiam</strong></span> <span class='ocrx_word' id='word_1_361' title='bbox 914 3937 1110 3991; x_wconf 90' lang='lat' dir='ltr'><strong>totiens</strong></span> <span class='ocrx_word' id='word_1_362' title='bbox 1150 3935 1395 3990; x_wconf 82' lang='lat' dir='ltr'><strong>exhibuit</strong></span> <span class='ocrx_word' id='word_1_363' title='bbox 1428 3932 1578 4003; x_wconf 83' lang='lat' dir='ltr'><strong>juxta</strong></span> <span class='ocrx_word' id='word_1_364' title='bbox 1610 3931 1894 3989; x_wconf 89' lang='lat' dir='ltr'><strong>Ursacium</strong></span> 
     </span>
    </p>
   </div>
   <div class='ocr_carea' id='block_1_54' title="bbox 295 4026 1896 4099">
    <p class='ocr_par' dir='ltr' id='par_1_54' title="bbox 295 4026 1896 4099">
     <span class='ocr_line' id='line_1_54' title="bbox 295 4026 1896 4099; baseline -0.003 -14"><span class='ocrx_word' id='word_1_365' title='bbox 295 4039 349 4085; x_wconf 91' lang='lat' dir='ltr'><strong>et</strong></span> <span class='ocrx_word' id='word_1_366' title='bbox 377 4029 683 4095; x_wconf 85' lang='lat' dir='ltr'><strong>Valentem,</strong></span> <span class='ocrx_word' id='word_1_367' title='bbox 704 4027 1063 4092; x_wconf 87' lang='lat' dir='ltr'><strong>Germinium,</strong></span> <span class='ocrx_word' id='word_1_368' title='bbox 1092 4028 1284 4085; x_wconf 89' lang='lat' dir='ltr'><strong>Gaium</strong></span> <span class='ocrx_word' id='word_1_369' title='bbox 1310 4026 1414 4099; x_wconf 77' lang='lat' dir='ltr'><strong>(g);</strong></span> <span class='ocrx_word' id='word_1_370' title='bbox 1446 4028 1533 4095; x_wconf 89' lang='lat' dir='ltr'><strong>qui</strong></span> <span class='ocrx_word' id='word_1_371' title='bbox 1564 4027 1760 4082; x_wconf 83' lang='lat' dir='ltr'><strong>totiens</strong></span> <span class='ocrx_word' id='word_1_372' title='bbox 1777 4041 1896 4080; x_wconf 92' lang='lat' dir='ltr'><strong>mu-</strong></span> 
     </span>
    </p>
   </div>
   <div class='ocr_carea' id='block_1_55' title="bbox 298 4108 1891 4194">
    <p class='ocr_par' dir='ltr' id='par_1_55' title="bbox 298 4108 1891 4194">
     <span class='ocr_line' id='line_1_55' title="bbox 298 4108 1891 4194; baseline -0.003 -17"><span class='ocrx_word' id='word_1_373' title='bbox 298 4123 462 4179; x_wconf 90' lang='lat' dir='ltr'><strong>tando</strong></span> <span class='ocrx_word' id='word_1_374' title='bbox 482 4108 623 4194; x_wconf 83' lang='lat' dir='ltr'><strong>quod</strong></span> <span class='ocrx_word' id='word_1_375' title='bbox 642 4121 1003 4183; x_wconf 84' lang='lat' dir='ltr'><strong>crediderant,</strong></span> <span class='ocrx_word' id='word_1_376' title='bbox 1028 4136 1218 4177; x_wconf 90' lang='lat' dir='ltr'><strong>omnes</strong></span> <span class='ocrx_word' id='word_1_377' title='bbox 1238 4121 1497 4175; x_wconf 83' lang='lat' dir='ltr'><strong>ecclesias</strong></span> <span class='ocrx_word' id='word_1_378' title='bbox 1520 4120 1891 4184; x_wconf 90' lang='lat' dir='ltr'><strong>turbaverunt,</strong></span> 
     </span>
    </p>
   </div>
   <div class='ocr_carea' id='block_1_56' title="bbox 293 4211 1892 4271">
    <p class='ocr_par' dir='ltr' id='par_1_56' title="bbox 293 4211 1892 4271">
     <span class='ocr_line' id='line_1_56' title="bbox 293 4211 1892 4271; baseline -0.003 0"><span class='ocrx_word' id='word_1_379' title='bbox 293 4226 350 4271; x_wconf 89' lang='lat' dir='ltr'><strong>et</strong></span> <span class='ocrx_word' id='word_1_380' title='bbox 380 4232 522 4271; x_wconf 73' lang='lat' dir='ltr'><strong>nime</strong></span> <span class='ocrx_word' id='word_1_381' title='bbox 559 4226 823 4271; x_wconf 79' lang='lat' dir='ltr'><strong>cooantur</strong></span> <span class='ocrx_word' id='word_1_382' title='bbox 849 4214 1166 4269; x_wconf 74' lang='lat' dir='ltr'><strong>lm-retieum</strong></span> <span class='ocrx_word' id='word_1_383' title='bbox 1200 4214 1436 4268; x_wconf 90' lang='lat' dir='ltr'><strong>animum</strong></span> <span class='ocrx_word' id='word_1_384' title='bbox 1468 4227 1622 4266; x_wconf 88' lang='lat' dir='ltr'><strong>suum</strong></span> <span class='ocrx_word' id='word_1_385' title='bbox 1650 4211 1892 4267; x_wconf 88' lang='lat' dir='ltr'><strong>inserere</strong></span> 
     </span>
    </p>
   </div>
   <div class='ocr_carea' id='block_1_57' title="bbox 292 4302 1887 4361">
    <p class='ocr_par' dir='ltr' id='par_1_57' title="bbox 292 4302 1887 4361">
     <span class='ocr_line' id='line_1_57' title="bbox 292 4302 1887 4361; baseline -0.004 0"><span class='ocrx_word' id='word_1_386' title='bbox 292 4306 489 4361; x_wconf 63' lang='lat' dir='ltr'><strong>animis</strong></span> <span class='ocrx_word' id='word_1_387' title='bbox 515 4305 856 4360; x_wconf 86' lang='lat' dir='ltr'><strong>Christianis.</strong></span> <span class='ocrx_word' id='word_1_388' title='bbox 888 4305 1213 4360; x_wconf 83' lang='lat' dir='ltr'><strong>Snbvertere</strong></span> <span class='ocrx_word' id='word_1_389' title='bbox 1225 4304 1367 4358; x_wconf 89' lang='lat' dir='ltr'><strong>enim</strong></span> <span class='ocrx_word' id='word_1_390' title='bbox 1392 4302 1579 4357; x_wconf 89' lang='lat' dir='ltr'><strong>volunt</strong></span> <span class='ocrx_word' id='word_1_391' title='bbox 1604 4310 1887 4357; x_wconf 85' lang='lat' dir='ltr'><strong>tractatum</strong></span> 
     </span>
    </p>
   </div>
   <div class='ocr_carea' id='block_1_58' title="bbox 294 4394 1883 4470">
    <p class='ocr_par' dir='ltr' id='par_1_58' title="bbox 294 4394 1883 4470">
     <span class='ocr_line' id='line_1_58' title="bbox 294 4394 1883 4470; baseline -0.005 -15"><span class='ocrx_word' id='word_1_392' title='bbox 294 4399 538 4455; x_wconf 90' lang='lat' dir='ltr'><strong>habitum</strong></span> <span class='ocrx_word' id='word_1_393' title='bbox 570 4399 710 4470; x_wconf 90' lang='lat' dir='ltr'><strong>apud</strong></span> <span class='ocrx_word' id='word_1_394' title='bbox 740 4399 972 4454; x_wconf 69' lang='lat' dir='ltr'><strong>Nicmam</strong></span> <span class='ocrx_word' id='word_1_395' title='bbox 998 4440 1011 4463; x_wconf 93' lang='lat'><strong>,</strong></span> <span class='ocrx_word' id='word_1_396' title='bbox 1066 4400 1152 4468; x_wconf 86' lang='lat' dir='ltr'><strong>qui</strong></span> <span class='ocrx_word' id='word_1_397' title='bbox 1182 4397 1389 4467; x_wconf 86' lang='lat' dir='ltr'><strong>positus</strong></span> <span class='ocrx_word' id='word_1_398' title='bbox 1417 4403 1497 4449; x_wconf 83' lang='lat' dir='ltr'><strong>est</strong></span> <span class='ocrx_word' id='word_1_399' title='bbox 1516 4402 1701 4451; x_wconf 83' lang='lat' dir='ltr'><strong>contra</strong></span> <span class='ocrx_word' id='word_1_400' title='bbox 1730 4394 1883 4448; x_wconf 85' lang='lat' dir='ltr'><strong>Aria-</strong></span> 
     </span>
    </p>
   </div>
   <div class='ocr_carea' id='block_1_59' title="bbox 291 4490 1886 4559">
    <p class='ocr_par' dir='ltr' id='par_1_59' title="bbox 291 4490 1886 4559">
     <span class='ocr_line' id='line_1_59' title="bbox 291 4490 1886 4559; baseline -0.005 -9"><span class='ocrx_word' id='word_1_401' title='bbox 291 4509 414 4550; x_wconf 90' lang='lat' dir='ltr'><strong>nam</strong></span> <span class='ocrx_word' id='word_1_402' title='bbox 442 4493 689 4549; x_wconf 69' lang='lat' dir='ltr'><strong>haeresim</strong></span> <span class='ocrx_word' id='word_1_403' title='bbox 721 4501 778 4549; x_wconf 89' lang='lat' dir='ltr'><strong>et</strong></span> <span class='ocrx_word' id='word_1_404' title='bbox 824 4501 1072 4548; x_wconf 69' lang='lat' dir='ltr'><strong>caeteras.</strong></span> <span class='ocrx_word' id='word_1_405' title='bbox 1101 4491 1413 4546; x_wconf 86' lang='lat' dir='ltr'><strong>Attulerunt</strong></span> <span class='ocrx_word' id='word_1_406' title='bbox 1439 4490 1594 4545; x_wconf 89' lang='lat' dir='ltr'><strong>nobis</strong></span> <span class='ocrx_word' id='word_1_407' title='bbox 1626 4499 1886 4559; x_wconf 65' lang='lat' dir='ltr'><strong>prseterea</strong></span> 
     </span>
    </p>
   </div>
   <div class='ocr_carea' id='block_1_60' title="bbox 2022 1983 3620 2062">
    <p class='ocr_par' dir='ltr' id='par_1_60' title="bbox 2022 1983 3620 2062">
     <span class='ocr_line' id='line_1_60' title="bbox 2022 1983 3620 2062; baseline 0.004 -24"><span class='ocrx_word' id='word_1_408' title='bbox 2022 1983 2258 2038; x_wconf 90' lang='lat' dir='ltr'><strong>latebant</strong></span> <span class='ocrx_word' id='word_1_409' title='bbox 2282 1994 2459 2040; x_wconf 87' lang='lat' dir='ltr'><strong>tamen</strong></span> <span class='ocrx_word' id='word_1_410' title='bbox 2480 1989 2703 2044; x_wconf 66' lang='lat' dir='ltr'><strong>occulta:</strong></span> <span class='ocrx_word' id='word_1_411' title='bbox 2723 2005 2738 2052; x_wconf 85' lang='lat'>;</span> <span class='ocrx_word' id='word_1_412' title='bbox 2757 1989 2881 2057; x_wconf 86' lang='lat' dir='ltr'><strong>quia</strong></span> <span class='ocrx_word' id='word_1_413' title='bbox 2903 2004 3023 2044; x_wconf 90' lang='lat' dir='ltr'><strong>eum</strong></span> <span class='ocrx_word' id='word_1_414' title='bbox 3039 1989 3445 2059; x_wconf 78' lang='lat' dir='ltr'><strong>blaSphemasse</strong></span> <span class='ocrx_word' id='word_1_415' title='bbox 3467 1991 3620 2062; x_wconf 85' lang='lat' dir='ltr'><strong>igno-</strong></span> 
     </span>
    </p>
   </div>
   <div class='ocr_carea' id='block_1_61' title="bbox 2018 2075 3625 2152">
    <p class='ocr_par' dir='ltr' id='par_1_61' title="bbox 2018 2075 3625 2152">
     <span class='ocr_line' id='line_1_61' title="bbox 2018 2075 3625 2152; baseline 0.006 -23"><span class='ocrx_word' id='word_1_416' title='bbox 2018 2075 2254 2131; x_wconf 85' lang='lat' dir='ltr'><strong>rabatur.</strong></span> <span class='ocrx_word' id='word_1_417' title='bbox 2291 2076 2485 2133; x_wconf 88' lang='lat' dir='ltr'><strong>Verum</strong></span> <span class='ocrx_word' id='word_1_418' title='bbox 2515 2081 2726 2136; x_wconf 79' lang='lat' dir='ltr'><strong>favente</strong></span> <span class='ocrx_word' id='word_1_419' title='bbox 2759 2081 2867 2135; x_wconf 86' lang='lat' dir='ltr'><strong>Deo</strong></span> <span class='ocrx_word' id='word_1_420' title='bbox 2897 2092 3243 2152; x_wconf 88' lang='lat' dir='ltr'><strong>procuratum</strong></span> <span class='ocrx_word' id='word_1_421' title='bbox 3273 2094 3376 2149; x_wconf 87' lang='lat' dir='ltr'><strong>est,</strong></span> <span class='ocrx_word' id='word_1_422' title='bbox 3406 2095 3462 2139; x_wconf 90' lang='lat' dir='ltr'><strong>ut</strong></span> <span class='ocrx_word' id='word_1_423' title='bbox 3488 2098 3625 2139; x_wconf 89' lang='lat' dir='ltr'><strong>con-</strong></span> 
     </span>
    </p>
   </div>
   <div class='ocr_carea' id='block_1_62' title="bbox 2015 2170 3617 2246">
    <p class='ocr_par' dir='ltr' id='par_1_62' title="bbox 2015 2170 3617 2246">
     <span class='ocr_line' id='line_1_62' title="bbox 2015 2170 3617 2246; baseline 0.006 -23"><span class='ocrx_word' id='word_1_424' title='bbox 2015 2170 2220 2226; x_wconf 87' lang='lat' dir='ltr'><strong>stitntis</strong></span> <span class='ocrx_word' id='word_1_425' title='bbox 2252 2171 2407 2227; x_wconf 88' lang='lat' dir='ltr'><strong>nobis</strong></span> <span class='ocrx_word' id='word_1_426' title='bbox 2456 2173 2596 2244; x_wconf 88' lang='lat' dir='ltr'><strong>apud</strong></span> <span class='ocrx_word' id='word_1_427' title='bbox 2624 2174 2927 2229; x_wconf 83' lang='lat' dir='ltr'><strong>Ariminum</strong></span> <span class='ocrx_word' id='word_1_428' title='bbox 2958 2175 3076 2246; x_wconf 85' lang='lat' dir='ltr'><strong>ejus</strong></span> <span class='ocrx_word' id='word_1_429' title='bbox 3107 2176 3360 2246; x_wconf 86' lang='lat' dir='ltr'><strong>pestifera</strong></span> <span class='ocrx_word' id='word_1_430' title='bbox 3392 2176 3617 2232; x_wconf 57' lang='lat' dir='ltr'><strong>haeresis</strong></span> 
     </span>
    </p>
   </div>
   <div class='ocr_carea' id='block_1_63' title="bbox 2014 2266 3612 2339">
    <p class='ocr_par' dir='ltr' id='par_1_63' title="bbox 2014 2266 3612 2339">
     <span class='ocr_line' id='line_1_63' title="bbox 2014 2266 3612 2339; baseline 0.003 -21"><span class='ocrx_word' id='word_1_431' title='bbox 2014 2274 2372 2335; x_wconf 88' lang='lat' dir='ltr'><strong>repeteretur.</strong></span> <span class='ocrx_word' id='word_1_432' title='bbox 2410 2266 2479 2321; x_wconf 88' lang='lat' dir='ltr'><strong>Et</strong></span> <span class='ocrx_word' id='word_1_433' title='bbox 2532 2267 2653 2323; x_wconf 87' lang='lat' dir='ltr'><strong>ideo</strong></span> <span class='ocrx_word' id='word_1_434' title='bbox 2683 2267 2845 2323; x_wconf 89' lang='lat' dir='ltr'><strong>simul</strong></span> <span class='ocrx_word' id='word_1_435' title='bbox 2899 2274 3021 2325; x_wconf 85' lang='lat' dir='ltr'><strong>cum</strong></span> <span class='ocrx_word' id='word_1_436' title='bbox 3081 2268 3198 2339; x_wconf 86' lang='lat' dir='ltr'><strong>ejus</strong></span> <span class='ocrx_word' id='word_1_437' title='bbox 3256 2267 3612 2337; x_wconf 80' lang='lat' dir='ltr'><strong>blasphemiis</strong></span> 
     </span>
    </p>
   </div>
   <div class='ocr_carea' id='block_1_64' title="bbox 2013 2361 3621 2433">
    <p class='ocr_par' dir='ltr' id='par_1_64' title="bbox 2013 2361 3621 2433">
     <span class='ocr_line' id='line_1_64' title="bbox 2013 2361 3621 2433; baseline 0.003 -19"><span class='ocrx_word' id='word_1_438' title='bbox 2013 2375 2203 2415; x_wconf 90' lang='lat' dir='ltr'><strong>omnes</strong></span> <span class='ocrx_word' id='word_1_439' title='bbox 2254 2376 2468 2430; x_wconf 90' lang='lat' dir='ltr'><strong>quoque</strong></span> <span class='ocrx_word' id='word_1_440' title='bbox 2498 2361 2758 2428; x_wconf 68' lang='lat' dir='ltr'><strong>haereses,</strong></span> <span class='ocrx_word' id='word_1_441' title='bbox 2782 2378 2904 2433; x_wconf 72' lang='lat' dir='ltr'><strong>qua:</strong></span> <span class='ocrx_word' id='word_1_442' title='bbox 2932 2363 3165 2418; x_wconf 86' lang='lat' dir='ltr'><strong>antehac</strong></span> <span class='ocrx_word' id='word_1_443' title='bbox 3190 2373 3621 2420; x_wconf 78' lang='lat' dir='ltr'><strong>exsurrexerunt</strong></span> 
     </span>
    </p>
   </div>
   <div class='ocr_carea' id='block_1_65' title="bbox 2011 2453 3612 2527">
    <p class='ocr_par' dir='ltr' id='par_1_65' title="bbox 2011 2453 3612 2527">
     <span class='ocr_line' id='line_1_65' title="bbox 2011 2453 3612 2527; baseline 0.003 -21"><span class='ocrx_word' id='word_1_444' title='bbox 2011 2462 2199 2508; x_wconf 89' lang='lat' dir='ltr'><strong>contra</strong></span> <span class='ocrx_word' id='word_1_445' title='bbox 2228 2453 2552 2511; x_wconf 88' lang='lat' dir='ltr'><strong>catholicam</strong></span> <span class='ocrx_word' id='word_1_446' title='bbox 2598 2465 2654 2512; x_wconf 91' lang='lat' dir='ltr'><strong>et</strong></span> <span class='ocrx_word' id='word_1_447' title='bbox 2683 2457 3036 2527; x_wconf 89' lang='lat' dir='ltr'><strong>apostolicam</strong></span> <span class='ocrx_word' id='word_1_448' title='bbox 3080 2457 3445 2521; x_wconf 88' lang='lat' dir='ltr'><strong>traditionem,</strong></span> <span class='ocrx_word' id='word_1_449' title='bbox 3470 2457 3612 2512; x_wconf 90' lang='lat' dir='ltr'><strong>sicut</strong></span> 
     </span>
    </p>
   </div>
   <div class='ocr_carea' id='block_1_66' title="bbox 2005 2542 3617 2617">
    <p class='ocr_par' dir='ltr' id='par_1_66' title="bbox 2005 2542 3617 2617">
     <span class='ocr_line' id='line_1_66' title="bbox 2005 2542 3617 2617; baseline 0.002 -19"><span class='ocrx_word' id='word_1_450' title='bbox 2005 2542 2324 2611; x_wconf 85' lang='lat' dir='ltr'><strong>jamdudum</strong></span> <span class='ocrx_word' id='word_1_451' title='bbox 2356 2545 2623 2601; x_wconf 69' lang='lat' dir='ltr'><strong>damnata:</strong></span> <span class='ocrx_word' id='word_1_452' title='bbox 2666 2554 2796 2601; x_wconf 89' lang='lat' dir='ltr'><strong>sunt</strong></span> <span class='ocrx_word' id='word_1_453' title='bbox 2840 2547 3128 2617; x_wconf 67' lang='lat' dir='ltr'><strong>pra°teritis</strong></span> <span class='ocrx_word' id='word_1_454' title='bbox 3172 2546 3422 2603; x_wconf 84' lang='lat' dir='ltr'><strong>conciliis</strong></span> <span class='ocrx_word' id='word_1_455' title='bbox 3452 2555 3507 2602; x_wconf 91' lang='lat' dir='ltr'><strong>et</strong></span> <span class='ocrx_word' id='word_1_456' title='bbox 3537 2549 3617 2602; x_wconf 88' lang='lat' dir='ltr'><strong>di-</strong></span> 
     </span>
    </p>
   </div>
   <div class='ocr_carea' id='block_1_67' title="bbox 2012 2636 3620 2708">
    <p class='ocr_par' dir='ltr' id='par_1_67' title="bbox 2012 2636 3620 2708">
     <span class='ocr_line' id='line_1_67' title="bbox 2012 2636 3620 2708; baseline 0.004 -20"><span class='ocrx_word' id='word_1_457' title='bbox 2012 2636 2184 2689; x_wconf 87' lang='lat' dir='ltr'><strong>versis</strong></span> <span class='ocrx_word' id='word_1_458' title='bbox 2215 2636 2266 2689; x_wconf 90' lang='lat' dir='ltr'><strong>in</strong></span> <span class='ocrx_word' id='word_1_459' title='bbox 2316 2636 2467 2702; x_wconf 86' lang='lat' dir='ltr'><strong>locis,</strong></span> <span class='ocrx_word' id='word_1_460' title='bbox 2519 2652 2617 2691; x_wconf 88' lang='lat' dir='ltr'><strong>nos</strong></span> <span class='ocrx_word' id='word_1_461' title='bbox 2662 2653 2878 2708; x_wconf 90' lang='lat' dir='ltr'><strong>quoque</strong></span> <span class='ocrx_word' id='word_1_462' title='bbox 2907 2638 3231 2693; x_wconf 87' lang='lat' dir='ltr'><strong>damnamus</strong></span> <span class='ocrx_word' id='word_1_463' title='bbox 3266 2656 3279 2693; x_wconf 90' lang='lat'><strong>:</strong></span> <span class='ocrx_word' id='word_1_464' title='bbox 3312 2649 3365 2693; x_wconf 91' lang='lat' dir='ltr'><strong>et</strong></span> <span class='ocrx_word' id='word_1_465' title='bbox 3393 2638 3620 2695; x_wconf 84' lang='lat' dir='ltr'><strong>anathe-</strong></span> 
     </span>
    </p>
   </div>
   <div class='ocr_carea' id='block_1_68' title="bbox 2012 2728 3614 2798">
    <p class='ocr_par' dir='ltr' id='par_1_68' title="bbox 2012 2728 3614 2798">
     <span class='ocr_line' id='line_1_68' title="bbox 2012 2728 3614 2798; baseline 0.004 -18"><span class='ocrx_word' id='word_1_466' title='bbox 2012 2728 2333 2781; x_wconf 79' lang='lat' dir='ltr'><strong>malizamus</strong></span> <span class='ocrx_word' id='word_1_467' title='bbox 2369 2744 2487 2795; x_wconf 91' lang='lat' dir='ltr'><strong>eos,</strong></span> <span class='ocrx_word' id='word_1_468' title='bbox 2518 2731 2606 2798; x_wconf 90' lang='lat' dir='ltr'><strong>qui</strong></span> <span class='ocrx_word' id='word_1_469' title='bbox 2639 2729 2825 2784; x_wconf 89' lang='lat' dir='ltr'><strong>dicunt</strong></span> <span class='ocrx_word' id='word_1_470' title='bbox 2875 2730 3046 2785; x_wconf 87' lang='lat' dir='ltr'><strong>lilium</strong></span> <span class='ocrx_word' id='word_1_471' title='bbox 3077 2731 3172 2786; x_wconf 86' lang='lat' dir='ltr'><strong>Dei</strong></span> <span class='ocrx_word' id='word_1_472' title='bbox 3198 2732 3268 2786; x_wconf 89' lang='lat' dir='ltr'><strong>de</strong></span> <span class='ocrx_word' id='word_1_473' title='bbox 3324 2732 3487 2787; x_wconf 86' lang='lat' dir='ltr'><strong>nullis</strong></span> <span class='ocrx_word' id='word_1_474' title='bbox 3518 2748 3614 2789; x_wconf 79' lang='lat' dir='ltr'><strong>ex-</strong></span> 
     </span>
    </p>
   </div>
   <div class='ocr_carea' id='block_1_69' title="bbox 2015 2821 3609 2898">
    <p class='ocr_par' dir='ltr' id='par_1_69' title="bbox 2015 2821 3609 2898">
     <span class='ocr_line' id='line_1_69' title="bbox 2015 2821 3609 2898; baseline 0.003 -20"><span class='ocrx_word' id='word_1_475' title='bbox 2015 2821 2306 2888; x_wconf 89' lang='lat' dir='ltr'><strong>stantibus,</strong></span> <span class='ocrx_word' id='word_1_476' title='bbox 2336 2830 2392 2877; x_wconf 92' lang='lat' dir='ltr'><strong>et</strong></span> <span class='ocrx_word' id='word_1_477' title='bbox 2423 2822 2490 2877; x_wconf 91' lang='lat' dir='ltr'><strong>de</strong></span> <span class='ocrx_word' id='word_1_478' title='bbox 2508 2823 2614 2879; x_wconf 89' lang='lat' dir='ltr'><strong>alia</strong></span> <span class='ocrx_word' id='word_1_479' title='bbox 2647 2824 2872 2895; x_wconf 84' lang='lat' dir='ltr'><strong>(supple,</strong></span> <span class='ocrx_word' id='word_1_480' title='bbox 2906 2823 3254 2898; x_wconf 86' lang='lat' dir='ltr'><strong>substantia),</strong></span> <span class='ocrx_word' id='word_1_481' title='bbox 3289 2835 3344 2882; x_wconf 91' lang='lat' dir='ltr'><strong>et</strong></span> <span class='ocrx_word' id='word_1_482' title='bbox 3389 2841 3495 2882; x_wconf 90' lang='lat' dir='ltr'><strong>non</strong></span> <span class='ocrx_word' id='word_1_483' title='bbox 3539 2826 3609 2882; x_wconf 87' lang='lat' dir='ltr'><strong>de</strong></span> 
     </span>
    </p>
   </div>
   <div class='ocr_carea' id='block_1_70' title="bbox 2012 2914 3618 2986">
    <p class='ocr_par' dir='ltr' id='par_1_70' title="bbox 2012 2914 3618 2986">
     <span class='ocr_line' id='line_1_70' title="bbox 2012 2914 3618 2986; baseline 0.002 -16"><span class='ocrx_word' id='word_1_484' title='bbox 2012 2914 2125 2971; x_wconf 91' lang='lat' dir='ltr'><strong>Deo</strong></span> <span class='ocrx_word' id='word_1_485' title='bbox 2145 2924 2300 2986; x_wconf 89' lang='lat' dir='ltr'><strong>patre</strong></span> <span class='ocrx_word' id='word_1_486' title='bbox 2330 2925 2516 2971; x_wconf 89' lang='lat' dir='ltr'><strong>natum</strong></span> <span class='ocrx_word' id='word_1_487' title='bbox 2568 2917 2735 2972; x_wconf 89' lang='lat' dir='ltr'><strong>Deum</strong></span> <span class='ocrx_word' id='word_1_488' title='bbox 2779 2933 2965 2974; x_wconf 90' lang='lat' dir='ltr'><strong>verum</strong></span> <span class='ocrx_word' id='word_1_489' title='bbox 3018 2919 3087 2974; x_wconf 91' lang='lat' dir='ltr'><strong>de</strong></span> <span class='ocrx_word' id='word_1_490' title='bbox 3138 2919 3249 2975; x_wconf 91' lang='lat' dir='ltr'><strong>Deo</strong></span> <span class='ocrx_word' id='word_1_491' title='bbox 3277 2935 3430 2976; x_wconf 90' lang='lat' dir='ltr'><strong>vero.</strong></span> <span class='ocrx_word' id='word_1_492' title='bbox 3477 2920 3544 2976; x_wconf 87' lang='lat' dir='ltr'><strong>Et</strong></span> <span class='ocrx_word' id='word_1_493' title='bbox 3573 2919 3618 2976; x_wconf 90' lang='lat' dir='ltr'><strong>si</strong></span> 
     </span>
    </p>
   </div>
   <div class='ocr_carea' id='block_1_71' title="bbox 2009 3004 3618 3078">
    <p class='ocr_par' dir='ltr' id='par_1_71' title="bbox 2009 3004 3618 3078">
     <span class='ocr_line' id='line_1_71' title="bbox 2009 3004 3618 3078; baseline 0.004 -16"><span class='ocrx_word' id='word_1_494' title='bbox 2009 3008 2131 3078; x_wconf 86' lang='lat' dir='ltr'><strong>quis</strong></span> <span class='ocrx_word' id='word_1_495' title='bbox 2161 3008 2375 3064; x_wconf 87' lang='lat' dir='ltr'><strong>Patrem</strong></span> <span class='ocrx_word' id='word_1_496' title='bbox 2425 3017 2482 3066; x_wconf 92' lang='lat' dir='ltr'><strong>et</strong></span> <span class='ocrx_word' id='word_1_497' title='bbox 2510 3004 2705 3066; x_wconf 84' lang='lat' dir='ltr'><strong>Filium</strong></span> <span class='ocrx_word' id='word_1_498' title='bbox 2734 3010 2870 3067; x_wconf 91' lang='lat' dir='ltr'><strong>duos</strong></span> <span class='ocrx_word' id='word_1_499' title='bbox 2903 3012 3058 3077; x_wconf 89' lang='lat' dir='ltr'><strong>deos,</strong></span> <span class='ocrx_word' id='word_1_500' title='bbox 3086 3013 3190 3069; x_wconf 89' lang='lat' dir='ltr'><strong>hoc</strong></span> <span class='ocrx_word' id='word_1_501' title='bbox 3219 3023 3323 3077; x_wconf 88' lang='lat' dir='ltr'><strong>est,</strong></span> <span class='ocrx_word' id='word_1_502' title='bbox 3356 3029 3460 3067; x_wconf 90' lang='lat' dir='ltr'><strong>non</strong></span> <span class='ocrx_word' id='word_1_503' title='bbox 3493 3022 3618 3069; x_wconf 89' lang='lat' dir='ltr'><strong>nota</strong></span> 
     </span>
    </p>
   </div>
   <div class='ocr_carea' id='block_1_72' title="bbox 2010 3099 3617 3174">
    <p class='ocr_par' dir='ltr' id='par_1_72' title="bbox 2010 3099 3617 3174">
     <span class='ocr_line' id='line_1_72' title="bbox 2010 3099 3617 3174; baseline 0.004 -19"><span class='ocrx_word' id='word_1_504' title='bbox 2010 3100 2078 3174; x_wconf 85' lang='lat' dir='ltr'><strong>(f.</strong></span> <span class='ocrx_word' id='word_1_505' title='bbox 2108 3099 2261 3174; x_wconf 87' lang='lat' dir='ltr'><strong>nata)</strong></span> <span class='ocrx_word' id='word_1_506' title='bbox 2289 3101 2397 3156; x_wconf 90' lang='lat' dir='ltr'><strong>duo</strong></span> <span class='ocrx_word' id='word_1_507' title='bbox 2439 3102 2702 3174; x_wconf 90' lang='lat' dir='ltr'><strong>principia</strong></span> <span class='ocrx_word' id='word_1_508' title='bbox 2733 3104 2955 3169; x_wconf 81' lang='lat' dir='ltr'><strong>dixerit,</strong></span> <span class='ocrx_word' id='word_1_509' title='bbox 2988 3117 3042 3161; x_wconf 90' lang='lat' dir='ltr'><strong>et</strong></span> <span class='ocrx_word' id='word_1_510' title='bbox 3071 3120 3175 3161; x_wconf 90' lang='lat' dir='ltr'><strong>non</strong></span> <span class='ocrx_word' id='word_1_511' title='bbox 3208 3105 3386 3161; x_wconf 87' lang='lat' dir='ltr'><strong>Patris</strong></span> <span class='ocrx_word' id='word_1_512' title='bbox 3411 3116 3465 3161; x_wconf 90' lang='lat' dir='ltr'><strong>et</strong></span> <span class='ocrx_word' id='word_1_513' title='bbox 3494 3106 3617 3162; x_wconf 82' lang='lat' dir='ltr'><strong>Filii</strong></span> 
     </span>
    </p>
   </div>
   <div class='ocr_carea' id='block_1_73' title="bbox 2010 3194 3619 3268">
    <p class='ocr_par' dir='ltr' id='par_1_73' title="bbox 2010 3194 3619 3268">
     <span class='ocr_line' id='line_1_73' title="bbox 2010 3194 3619 3268; baseline 0.004 -23"><span class='ocrx_word' id='word_1_514' title='bbox 2010 3209 2171 3247; x_wconf 88' lang='lat' dir='ltr'><strong>unam</strong></span> <span class='ocrx_word' id='word_1_515' title='bbox 2205 3194 2461 3249; x_wconf 85' lang='lat' dir='ltr'><strong>deitatem</strong></span> <span class='ocrx_word' id='word_1_516' title='bbox 2494 3194 2833 3265; x_wconf 87' lang='lat' dir='ltr'><strong>proﬁteatur,</strong></span> <span class='ocrx_word' id='word_1_517' title='bbox 2867 3198 3153 3252; x_wconf 87' lang='lat' dir='ltr'><strong>anathema</strong></span> <span class='ocrx_word' id='word_1_518' title='bbox 3209 3198 3300 3253; x_wconf 79' lang='lat' dir='ltr'><strong>sit.</strong></span> <span class='ocrx_word' id='word_1_519' title='bbox 3331 3197 3386 3253; x_wconf 89' lang='lat' dir='ltr'><strong>Si</strong></span> <span class='ocrx_word' id='word_1_520' title='bbox 3415 3200 3537 3268; x_wconf 83' lang='lat' dir='ltr'><strong>quis</strong></span> <span class='ocrx_word' id='word_1_521' title='bbox 3563 3205 3619 3253; x_wconf 88' lang='lat' dir='ltr'><strong>et</strong></span> 
     </span>
    </p>
   </div>
   <div class='ocr_carea' id='block_1_74' title="bbox 1932 3284 3614 3354">
    <p class='ocr_par' dir='ltr' id='par_1_74' title="bbox 1932 3284 3614 3354">
     <span class='ocr_line' id='line_1_74' title="bbox 1932 3284 3614 3354; baseline 0.002 -16"><span class='ocrx_word' id='word_1_522' title='bbox 1932 3288 1977 3350; x_wconf 84' lang='lat' dir='ltr'><strong>C</strong></span> <span class='ocrx_word' id='word_1_523' title='bbox 2012 3284 2181 3339; x_wconf 90' lang='lat' dir='ltr'><strong>ﬁlium</strong></span> <span class='ocrx_word' id='word_1_524' title='bbox 2211 3284 2303 3341; x_wconf 89' lang='lat' dir='ltr'><strong>Dei</strong></span> <span class='ocrx_word' id='word_1_525' title='bbox 2333 3295 2638 3341; x_wconf 87' lang='lat' dir='ltr'><strong>creaturam</strong></span> <span class='ocrx_word' id='word_1_526' title='bbox 2668 3288 2752 3343; x_wconf 88' lang='lat' dir='ltr'><strong>vel</strong></span> <span class='ocrx_word' id='word_1_527' title='bbox 2780 3286 3041 3342; x_wconf 79' lang='lat' dir='ltr'><strong>facturam</strong></span> <span class='ocrx_word' id='word_1_528' title='bbox 3073 3289 3297 3354; x_wconf 74' lang='lat' dir='ltr'><strong>dixerit,</strong></span> <span class='ocrx_word' id='word_1_529' title='bbox 3327 3289 3614 3343; x_wconf 86' lang='lat' dir='ltr'><strong>anathema</strong></span> 
     </span>
    </p>
   </div>
   <div class='ocr_carea' id='block_1_75' title="bbox 2006 3377 3616 3451">
    <p class='ocr_par' dir='ltr' id='par_1_75' title="bbox 2006 3377 3616 3451">
     <span class='ocr_line' id='line_1_75' title="bbox 2006 3377 3616 3451; baseline 0.002 -20"><span class='ocrx_word' id='word_1_530' title='bbox 2006 3378 2098 3431; x_wconf 88' lang='lat' dir='ltr'><strong>sit.</strong></span> <span class='ocrx_word' id='word_1_531' title='bbox 2131 3377 2188 3434; x_wconf 85' lang='lat' dir='ltr'><strong>Si</strong></span> <span class='ocrx_word' id='word_1_532' title='bbox 2221 3379 2343 3449; x_wconf 87' lang='lat' dir='ltr'><strong>quis</strong></span> <span class='ocrx_word' id='word_1_533' title='bbox 2372 3379 2536 3433; x_wconf 90' lang='lat' dir='ltr'><strong>Deum</strong></span> <span class='ocrx_word' id='word_1_534' title='bbox 2588 3378 2804 3435; x_wconf 85' lang='lat' dir='ltr'><strong>Patrem</strong></span> <span class='ocrx_word' id='word_1_535' title='bbox 2858 3379 3034 3449; x_wconf 90' lang='lat' dir='ltr'><strong>ipsum</strong></span> <span class='ocrx_word' id='word_1_536' title='bbox 3085 3380 3154 3435; x_wconf 87' lang='lat' dir='ltr'><strong>de</strong></span> <span class='ocrx_word' id='word_1_537' title='bbox 3200 3380 3363 3435; x_wconf 79' lang='lat' dir='ltr'><strong>Maria</strong></span> <span class='ocrx_word' id='word_1_538' title='bbox 3390 3379 3616 3451; x_wconf 76' lang='lat' dir='ltr'><strong>Virgine</strong></span> 
     </span>
    </p>
   </div>
   <div class='ocr_carea' id='block_1_76' title="bbox 2008 3471 3613 3542">
    <p class='ocr_par' dir='ltr' id='par_1_76' title="bbox 2008 3471 3613 3542">
     <span class='ocr_line' id='line_1_76' title="bbox 2008 3471 3613 3542; baseline 0.002 -19"><span class='ocrx_word' id='word_1_539' title='bbox 2008 3482 2214 3536; x_wconf 86' lang='lat' dir='ltr'><strong>natum,</strong></span> <span class='ocrx_word' id='word_1_540' title='bbox 2248 3471 2608 3542; x_wconf 79' lang='lat' dir='ltr'><strong>eamdemque</strong></span> <span class='ocrx_word' id='word_1_541' title='bbox 2661 3483 2864 3542; x_wconf 89' lang='lat' dir='ltr'><strong>patrem</strong></span> <span class='ocrx_word' id='word_1_542' title='bbox 2917 3482 2973 3527; x_wconf 89' lang='lat' dir='ltr'><strong>ct</strong></span> <span class='ocrx_word' id='word_1_543' title='bbox 3014 3472 3181 3527; x_wconf 88' lang='lat' dir='ltr'><strong>lilium</strong></span> <span class='ocrx_word' id='word_1_544' title='bbox 3236 3474 3453 3535; x_wconf 84' lang='lat' dir='ltr'><strong>dixerit,</strong></span> <span class='ocrx_word' id='word_1_545' title='bbox 3479 3488 3613 3527; x_wconf 88' lang='lat' dir='ltr'><strong>ana-</strong></span> 
     </span>
    </p>
   </div>
   <div class='ocr_carea' id='block_1_77' title="bbox 2006 3561 3609 3634">
    <p class='ocr_par' dir='ltr' id='par_1_77' title="bbox 2006 3561 3609 3634">
     <span class='ocr_line' id='line_1_77' title="bbox 2006 3561 3609 3634; baseline 0.001 -19"><span class='ocrx_word' id='word_1_546' title='bbox 2006 3561 2185 3617; x_wconf 91' lang='lat' dir='ltr'><strong>thema</strong></span> <span class='ocrx_word' id='word_1_547' title='bbox 2216 3562 2304 3617; x_wconf 90' lang='lat' dir='ltr'><strong>sit.</strong></span> <span class='ocrx_word' id='word_1_548' title='bbox 2339 3563 2394 3619; x_wconf 93' lang='lat' dir='ltr'><strong>Si</strong></span> <span class='ocrx_word' id='word_1_549' title='bbox 2422 3563 2543 3634; x_wconf 84' lang='lat' dir='ltr'><strong>quis</strong></span> <span class='ocrx_word' id='word_1_550' title='bbox 2573 3563 2742 3619; x_wconf 86' lang='lat' dir='ltr'><strong>ﬁlium</strong></span> <span class='ocrx_word' id='word_1_551' title='bbox 2776 3563 2869 3618; x_wconf 89' lang='lat' dir='ltr'><strong>Dei</strong></span> <span class='ocrx_word' id='word_1_552' title='bbox 2896 3563 2965 3619; x_wconf 91' lang='lat' dir='ltr'><strong>de</strong></span> <span class='ocrx_word' id='word_1_553' title='bbox 2993 3564 3153 3617; x_wconf 80' lang='lat' dir='ltr'><strong>Maria</strong></span> <span class='ocrx_word' id='word_1_554' title='bbox 3184 3563 3396 3617; x_wconf 89' lang='lat' dir='ltr'><strong>initium</strong></span> <span class='ocrx_word' id='word_1_555' title='bbox 3426 3579 3609 3633; x_wconf 81' lang='lat' dir='ltr'><strong>sump-</strong></span> 
     </span>
    </p>
   </div>
   <div class='ocr_carea' id='block_1_78' title="bbox 2003 3654 3610 3724">
    <p class='ocr_par' dir='ltr' id='par_1_78' title="bbox 2003 3654 3610 3724">
     <span class='ocr_line' id='line_1_78' title="bbox 2003 3654 3610 3724; baseline -0.001 -14"><span class='ocrx_word' id='word_1_556' title='bbox 2003 3654 2144 3710; x_wconf 87' lang='lat' dir='ltr'><strong>sisse</strong></span> <span class='ocrx_word' id='word_1_557' title='bbox 2191 3654 2413 3722; x_wconf 79' lang='lat' dir='ltr'><strong>dixerit,</strong></span> <span class='ocrx_word' id='word_1_558' title='bbox 2445 3656 2530 3710; x_wconf 91' lang='lat' dir='ltr'><strong>vel</strong></span> <span class='ocrx_word' id='word_1_559' title='bbox 2579 3655 2747 3710; x_wconf 89' lang='lat' dir='ltr'><strong>fuisse</strong></span> <span class='ocrx_word' id='word_1_560' title='bbox 2799 3665 3016 3724; x_wconf 90' lang='lat' dir='ltr'><strong>tempus</strong></span> <span class='ocrx_word' id='word_1_561' title='bbox 3064 3655 3279 3724; x_wconf 87' lang='lat' dir='ltr'><strong>quando</strong></span> <span class='ocrx_word' id='word_1_562' title='bbox 3328 3670 3433 3708; x_wconf 90' lang='lat' dir='ltr'><strong>non</strong></span> <span class='ocrx_word' id='word_1_563' title='bbox 3489 3665 3610 3711; x_wconf 89' lang='lat' dir='ltr'><strong>erat</strong></span> 
     </span>
    </p>
   </div>
   <div class='ocr_carea' id='block_1_79' title="bbox 2006 3747 3604 3819">
    <p class='ocr_par' dir='ltr' id='par_1_79' title="bbox 2006 3747 3604 3819">
     <span class='ocr_line' id='line_1_79' title="bbox 2006 3747 3604 3819; baseline -0.001 -17"><span class='ocrx_word' id='word_1_564' title='bbox 2006 3748 2148 3803; x_wconf 88' lang='lat' dir='ltr'><strong>ﬁlius</strong></span> <span class='ocrx_word' id='word_1_565' title='bbox 2172 3789 2186 3814; x_wconf 95' lang='lat'><strong>,</strong></span> <span class='ocrx_word' id='word_1_566' title='bbox 2209 3749 2495 3803; x_wconf 87' lang='lat' dir='ltr'><strong>anathema</strong></span> <span class='ocrx_word' id='word_1_567' title='bbox 2543 3750 2630 3802; x_wconf 89' lang='lat' dir='ltr'><strong>sit.</strong></span> <span class='ocrx_word' id='word_1_568' title='bbox 2660 3748 2716 3803; x_wconf 92' lang='lat' dir='ltr'><strong>Si</strong></span> <span class='ocrx_word' id='word_1_569' title='bbox 2762 3750 2879 3819; x_wconf 81' lang='lat' dir='ltr'><strong>quis</strong></span> <span class='ocrx_word' id='word_1_570' title='bbox 2909 3747 3076 3802; x_wconf 87' lang='lat' dir='ltr'><strong>ﬁlitnn</strong></span> <span class='ocrx_word' id='word_1_571' title='bbox 3102 3748 3193 3802; x_wconf 89' lang='lat' dir='ltr'><strong>Dei</strong></span> <span class='ocrx_word' id='word_1_572' title='bbox 3223 3762 3328 3802; x_wconf 91' lang='lat' dir='ltr'><strong>non</strong></span> <span class='ocrx_word' id='word_1_573' title='bbox 3360 3762 3484 3801; x_wconf 89' lang='lat' dir='ltr'><strong>vere</strong></span> <span class='ocrx_word' id='word_1_574' title='bbox 3516 3747 3604 3801; x_wconf 89' lang='lat' dir='ltr'><strong>in-</strong></span> 
     </span>
    </p>
   </div>
   <div class='ocr_carea' id='block_1_80' title="bbox 1998 3839 3601 3911">
    <p class='ocr_par' dir='ltr' id='par_1_80' title="bbox 1998 3839 3601 3911">
     <span class='ocr_line' id='line_1_80' title="bbox 1998 3839 3601 3911; baseline -0.002 -14"><span class='ocrx_word' id='word_1_575' title='bbox 1998 3841 2379 3897; x_wconf 88' lang='lat' dir='ltr'><strong>enarrabiliter</strong></span> <span class='ocrx_word' id='word_1_576' title='bbox 2406 3841 2472 3896; x_wconf 91' lang='lat' dir='ltr'><strong>de</strong></span> <span class='ocrx_word' id='word_1_577' title='bbox 2498 3842 2608 3896; x_wconf 90' lang='lat' dir='ltr'><strong>Deo</strong></span> <span class='ocrx_word' id='word_1_578' title='bbox 2639 3852 2791 3911; x_wconf 86' lang='lat' dir='ltr'><strong>patre</strong></span> <span class='ocrx_word' id='word_1_579' title='bbox 2837 3851 3044 3905; x_wconf 92' lang='lat' dir='ltr'><strong>natum,</strong></span> <span class='ocrx_word' id='word_1_580' title='bbox 3076 3839 3169 3895; x_wconf 89' lang='lat' dir='ltr'><strong>sed</strong></span> <span class='ocrx_word' id='word_1_581' title='bbox 3198 3840 3511 3910; x_wconf 75' lang='lat' dir='ltr'><strong>adoptivum</strong></span> <span class='ocrx_word' id='word_1_582' title='bbox 3537 3839 3601 3893; x_wconf 89' lang='lat' dir='ltr'><strong>ﬁ-</strong></span> 
     </span>
    </p>
   </div>
   <div class='ocr_carea' id='block_1_81' title="bbox 1996 3932 3605 4003">
    <p class='ocr_par' dir='ltr' id='par_1_81' title="bbox 1996 3932 3605 4003">
     <span class='ocr_line' id='line_1_81' title="bbox 1996 3932 3605 4003; baseline 0 -15"><span class='ocrx_word' id='word_1_583' title='bbox 1996 3935 2124 3989; x_wconf 90' lang='lat' dir='ltr'><strong>lium</strong></span> <span class='ocrx_word' id='word_1_584' title='bbox 2156 3932 2374 3998; x_wconf 79' lang='lat' dir='ltr'><strong>dixerit,</strong></span> <span class='ocrx_word' id='word_1_585' title='bbox 2427 3933 2715 3988; x_wconf 88' lang='lat' dir='ltr'><strong>anathema</strong></span> <span class='ocrx_word' id='word_1_586' title='bbox 2763 3934 2852 3988; x_wconf 91' lang='lat' dir='ltr'><strong>sit.</strong></span> <span class='ocrx_word' id='word_1_587' title='bbox 2886 3933 3095 4003; x_wconf 84' lang='lat' dir='ltr'><strong>Siquis</strong></span> <span class='ocrx_word' id='word_1_588' title='bbox 3147 3932 3313 3987; x_wconf 85' lang='lat' dir='ltr'><strong>filium</strong></span> <span class='ocrx_word' id='word_1_589' title='bbox 3363 3933 3459 3988; x_wconf 92' lang='lat' dir='ltr'><strong>Dei</strong></span> <span class='ocrx_word' id='word_1_590' title='bbox 3511 3943 3605 3988; x_wconf 91' lang='lat' dir='ltr'><strong>aut</strong></span> 
     </span>
    </p>
   </div>
   <div class='ocr_carea' id='block_1_82' title="bbox 2000 4024 3602 4096">
    <p class='ocr_par' dir='ltr' id='par_1_82' title="bbox 2000 4024 3602 4096">
     <span class='ocr_line' id='line_1_82' title="bbox 2000 4024 3602 4096; baseline 0 -16"><span class='ocrx_word' id='word_1_591' title='bbox 2000 4026 2378 4096; x_wconf 89' lang='lat' dir='ltr'><strong>temporalem,</strong></span> <span class='ocrx_word' id='word_1_592' title='bbox 2406 4033 2501 4079; x_wconf 91' lang='lat' dir='ltr'><strong>aut</strong></span> <span class='ocrx_word' id='word_1_593' title='bbox 2522 4024 2800 4079; x_wconf 88' lang='lat' dir='ltr'><strong>hominem</strong></span> <span class='ocrx_word' id='word_1_594' title='bbox 2831 4025 3027 4092; x_wconf 90' lang='lat' dir='ltr'><strong>solmn,</strong></span> <span class='ocrx_word' id='word_1_595' title='bbox 3051 4034 3107 4081; x_wconf 89' lang='lat' dir='ltr'><strong>et</strong></span> <span class='ocrx_word' id='word_1_596' title='bbox 3133 4041 3239 4081; x_wconf 90' lang='lat' dir='ltr'><strong>non</strong></span> <span class='ocrx_word' id='word_1_597' title='bbox 3270 4036 3396 4081; x_wconf 91' lang='lat' dir='ltr'><strong>ante</strong></span> <span class='ocrx_word' id='word_1_598' title='bbox 3420 4027 3602 4081; x_wconf 89' lang='lat' dir='ltr'><strong>omnia</strong></span> 
     </span>
    </p>
   </div>
   <div class='ocr_carea' id='block_1_83' title="bbox 1998 4117 3599 4189">
    <p class='ocr_par' dir='ltr' id='par_1_83' title="bbox 1998 4117 3599 4189">
     <span class='ocr_line' id='line_1_83' title="bbox 1998 4117 3599 4189; baseline -0.001 -16"><span class='ocrx_word' id='word_1_599' title='bbox 1998 4118 2195 4174; x_wconf 57' lang='lat' dir='ltr'><strong>saecula</strong></span> <span class='ocrx_word' id='word_1_600' title='bbox 2225 4117 2294 4173; x_wconf 92' lang='lat' dir='ltr'><strong>de</strong></span> <span class='ocrx_word' id='word_1_601' title='bbox 2344 4119 2457 4174; x_wconf 86' lang='lat' dir='ltr'><strong>Deo</strong></span> <span class='ocrx_word' id='word_1_602' title='bbox 2511 4126 2664 4189; x_wconf 85' lang='lat' dir='ltr'><strong>patre</strong></span> <span class='ocrx_word' id='word_1_603' title='bbox 2711 4130 2894 4173; x_wconf 83' lang='lat' dir='ltr'><strong>natum</strong></span> <span class='ocrx_word' id='word_1_604' title='bbox 2944 4118 3283 4188; x_wconf 89' lang='lat' dir='ltr'><strong>proﬁteatur,</strong></span> <span class='ocrx_word' id='word_1_605' title='bbox 3315 4119 3599 4174; x_wconf 90' lang='lat' dir='ltr'><strong>anathema</strong></span> 
     </span>
    </p>
   </div>
   <div class='ocr_carea' id='block_1_84' title="bbox 1995 4211 3595 4282">
    <p class='ocr_par' dir='ltr' id='par_1_84' title="bbox 1995 4211 3595 4282">
     <span class='ocr_line' id='line_1_84' title="bbox 1995 4211 3595 4282; baseline 0.001 -17"><span class='ocrx_word' id='word_1_606' title='bbox 1995 4213 2086 4266; x_wconf 90' lang='lat' dir='ltr'><strong>sit.</strong></span> <span class='ocrx_word' id='word_1_607' title='bbox 2120 4211 2175 4266; x_wconf 90' lang='lat' dir='ltr'><strong>Si</strong></span> <span class='ocrx_word' id='word_1_608' title='bbox 2209 4211 2330 4281; x_wconf 86' lang='lat' dir='ltr'><strong>quis</strong></span> <span class='ocrx_word' id='word_1_609' title='bbox 2360 4212 2534 4267; x_wconf 85' lang='lat' dir='ltr'><strong>Patris</strong></span> <span class='ocrx_word' id='word_1_610' title='bbox 2586 4222 2642 4267; x_wconf 91' lang='lat' dir='ltr'><strong>et</strong></span> <span class='ocrx_word' id='word_1_611' title='bbox 2668 4213 2791 4268; x_wconf 88' lang='lat' dir='ltr'><strong>Filii</strong></span> <span class='ocrx_word' id='word_1_612' title='bbox 2838 4223 2893 4268; x_wconf 90' lang='lat' dir='ltr'><strong>et</strong></span> <span class='ocrx_word' id='word_1_613' title='bbox 2937 4212 3172 4282; x_wconf 89' lang='lat' dir='ltr'><strong>Spiritus</strong></span> <span class='ocrx_word' id='word_1_614' title='bbox 3226 4215 3401 4269; x_wconf 89' lang='lat' dir='ltr'><strong>sancti</strong></span> <span class='ocrx_word' id='word_1_615' title='bbox 3431 4229 3595 4269; x_wconf 91' lang='lat' dir='ltr'><strong>unam</strong></span> 
     </span>
    </p>
   </div>
   <div class='ocr_carea' id='block_1_85' title="bbox 1996 4304 3594 4373">
    <p class='ocr_par' dir='ltr' id='par_1_85' title="bbox 1996 4304 3594 4373">
     <span class='ocr_line' id='line_1_85' title="bbox 1996 4304 3594 4373; baseline 0.002 -15"><span class='ocrx_word' id='word_1_616' title='bbox 1996 4319 2280 4373; x_wconf 85' lang='lat' dir='ltr'><strong>personam</strong></span> <span class='ocrx_word' id='word_1_617' title='bbox 2302 4312 2397 4359; x_wconf 86' lang='lat' dir='ltr'><strong>aut</strong></span> <span class='ocrx_word' id='word_1_618' title='bbox 2418 4316 2524 4360; x_wconf 91' lang='lat' dir='ltr'><strong>tres</strong></span> <span class='ocrx_word' id='word_1_619' title='bbox 2553 4304 2884 4361; x_wconf 82' lang='lat' dir='ltr'><strong>substantias</strong></span> <span class='ocrx_word' id='word_1_620' title='bbox 2911 4304 3112 4359; x_wconf 89' lang='lat' dir='ltr'><strong>divisas</strong></span> <span class='ocrx_word' id='word_1_621' title='bbox 3152 4305 3371 4371; x_wconf 71' lang='lat' dir='ltr'><strong>dixerit,</strong></span> <span class='ocrx_word' id='word_1_622' title='bbox 3403 4313 3457 4361; x_wconf 89' lang='lat' dir='ltr'><strong>et</strong></span> <span class='ocrx_word' id='word_1_623' title='bbox 3486 4321 3594 4361; x_wconf 89' lang='lat' dir='ltr'><strong>non</strong></span> 
     </span>
    </p>
   </div>
   <div class='ocr_carea' id='block_1_86' title="bbox 1996 4395 3577 4466">
    <p class='ocr_par' dir='ltr' id='par_1_86' title="bbox 1996 4395 3577 4466">
     <span class='ocr_line' id='line_1_86' title="bbox 1996 4395 3577 4466; baseline 0.003 -18"><span class='ocrx_word' id='word_1_624' title='bbox 1996 4396 2245 4464; x_wconf 79' lang='lat' dir='ltr'><strong>perfectae</strong></span> <span class='ocrx_word' id='word_1_625' title='bbox 2273 4395 2552 4451; x_wconf 85' lang='lat' dir='ltr'><strong>Trinitatis</strong></span> <span class='ocrx_word' id='word_1_626' title='bbox 2584 4412 2741 4450; x_wconf 90' lang='lat' dir='ltr'><strong>unam</strong></span> <span class='ocrx_word' id='word_1_627' title='bbox 2767 4397 3023 4451; x_wconf 83' lang='lat' dir='ltr'><strong>deitatem</strong></span> <span class='ocrx_word' id='word_1_628' title='bbox 3076 4395 3412 4466; x_wconf 84' lang='lat' dir='ltr'><strong>proﬁteatur.</strong></span> <span class='ocrx_word' id='word_1_629' title='bbox 3442 4411 3577 4452; x_wconf 80' lang='lat' dir='ltr'><strong>ana-</strong></span> 
     </span>
    </p>
   </div>
   <div class='ocr_carea' id='block_1_87' title="bbox 1995 4489 3591 4565">
    <p class='ocr_par' dir='ltr' id='par_1_87' title="bbox 1995 4489 3591 4565">
     <span class='ocr_line' id='line_1_87' title="bbox 1995 4489 3591 4565; baseline 0.002 -20"><span class='ocrx_word' id='word_1_630' title='bbox 1995 4492 2177 4545; x_wconf 85' lang='lat' dir='ltr'><strong>thema</strong></span> <span class='ocrx_word' id='word_1_631' title='bbox 2193 4492 2281 4547; x_wconf 87' lang='lat' dir='ltr'><strong>sit.</strong></span> <span class='ocrx_word' id='word_1_632' title='bbox 2313 4489 2369 4548; x_wconf 90' lang='lat' dir='ltr'><strong>Si</strong></span> <span class='ocrx_word' id='word_1_633' title='bbox 2401 4493 2520 4561; x_wconf 84' lang='lat' dir='ltr'><strong>quis</strong></span> <span class='ocrx_word' id='word_1_634' title='bbox 2553 4492 2720 4546; x_wconf 87' lang='lat' dir='ltr'><strong>filium</strong></span> <span class='ocrx_word' id='word_1_635' title='bbox 2753 4492 2843 4546; x_wconf 86' lang='lat' dir='ltr'><strong>Dei</strong></span> <span class='ocrx_word' id='word_1_636' title='bbox 2869 4508 2989 4548; x_wconf 86' lang='lat' dir='ltr'><strong>esse</strong></span> <span class='ocrx_word' id='word_1_637' title='bbox 3015 4504 3140 4548; x_wconf 89' lang='lat' dir='ltr'><strong>ante</strong></span> <span class='ocrx_word' id='word_1_638' title='bbox 3162 4493 3343 4548; x_wconf 86' lang='lat' dir='ltr'><strong>onmia</strong></span> <span class='ocrx_word' id='word_1_639' title='bbox 3372 4494 3591 4565; x_wconf 85' lang='lat' dir='ltr'><strong>quidem</strong></span> 
     </span>
    </p>
   </div>
   <div class='ocr_carea' id='block_1_88' title="bbox 362 4625 3594 4702">
    <p class='ocr_par' dir='ltr' id='par_1_88' title="bbox 362 4625 3594 4702">
     <span class='ocr_line' id='line_1_88' title="bbox 362 4625 3594 4702; baseline 0.001 -18"><span class='ocrx_word' id='word_1_640' title='bbox 362 4632 440 4700; x_wconf 81' lang='grc' dir='ltr'><strong>(α)</strong></span> <span class='ocrx_word' id='word_1_641' title='bbox 482 4630 791 4686; x_wconf 80' lang='lat' dir='ltr'><strong>Monimenti</strong></span> <span class='ocrx_word' id='word_1_642' title='bbox 813 4629 970 4699; x_wconf 91' lang='lat' dir='ltr'><strong>hujus</strong></span> <span class='ocrx_word' id='word_1_643' title='bbox 992 4628 1273 4683; x_wconf 89' lang='lat' dir='ltr'><strong>veritatem</strong></span> <span class='ocrx_word' id='word_1_644' title='bbox 1296 4625 1635 4682; x_wconf 88' lang='lat' dir='ltr'><strong>conﬁrmabit</strong></span> <span class='ocrx_word' id='word_1_645' title='bbox 1658 4641 1891 4698; x_wconf 90' lang='lat' dir='ltr'><strong>sequens</strong></span> <span class='ocrx_word' id='word_1_646' title='bbox 1917 4635 1972 4695; x_wconf 76' lang='grc' dir='ltr'><strong>Ι)</strong></span> <span class='ocrx_word' id='word_1_647' title='bbox 1996 4639 2047 4683; x_wconf 93' lang='lat' dir='ltr'><strong>et</strong></span> <span class='ocrx_word' id='word_1_648' title='bbox 2075 4626 2451 4702; x_wconf 66' lang='lat' dir='ltr'><strong>Demophilum</strong></span> <span class='ocrx_word' id='word_1_649' title='bbox 2485 4639 2775 4702; x_wconf 84' lang='lat' dir='ltr'><strong>recenset:</strong></span> <span class='ocrx_word' id='word_1_650' title='bbox 2824 4630 2997 4702; x_wconf 80' lang='lat' dir='ltr'><strong>cujus.</strong></span> <span class='ocrx_word' id='word_1_651' title='bbox 3054 4639 3242 4702; x_wconf 89' lang='lat' dir='ltr'><strong>utpote</strong></span> <span class='ocrx_word' id='word_1_652' title='bbox 3280 4630 3594 4697; x_wconf 83' lang='lat' dir='ltr'><strong>Orientalis,</strong></span> 
     </span>
    </p>
   </div>
   <div class='ocr_carea' id='block_1_89' title="bbox 289 4700 665 4771">
    <p class='ocr_par' dir='ltr' id='par_1_89' title="bbox 289 4700 665 4771">
     <span class='ocr_line' id='line_1_89' title="bbox 289 4700 665 4771; baseline 0 -14"><span class='ocrx_word' id='word_1_653' title='bbox 289 4700 665 4771; x_wconf 80' lang='lat' dir='ltr'><strong>fragmentum.</strong></span> 
     </span>
    </p>
   </div>
   <div class='ocr_carea' id='block_1_90' title="bbox 386 4769 1599 4845">
    <p class='ocr_par' dir='ltr' id='par_1_90' title="bbox 386 4769 1599 4845">
     <span class='ocr_line' id='line_1_90' title="bbox 386 4769 1599 4845; baseline -0.003 -19"><span class='ocrx_word' id='word_1_654' title='bbox 386 4772 434 4845; x_wconf 74' lang='grc' dir='ltr'><strong>ὑ)</strong></span> <span class='ocrx_word' id='word_1_655' title='bbox 456 4772 611 4839; x_wconf 86' lang='lat' dir='ltr'><strong>Puta,</strong></span> <span class='ocrx_word' id='word_1_656' title='bbox 636 4772 951 4829; x_wconf 68' lang='lat' dir='ltr'><strong>substantia:</strong></span> <span class='ocrx_word' id='word_1_657' title='bbox 978 4772 1194 4845; x_wconf 85' lang='lat' dir='ltr'><strong>nomine</strong></span> <span class='ocrx_word' id='word_1_658' title='bbox 1221 4769 1599 4845; x_wconf 46' lang='lat' dir='ltr'><strong>signiﬁcatam:</strong></span> 
     </span>
    </p>
   </div>
   <div class='ocr_carea' id='block_1_91' title="bbox 382 4839 1887 4917">
    <p class='ocr_par' dir='ltr' id='par_1_91' title="bbox 382 4839 1887 4917">
     <span class='ocr_line' id='line_1_91' title="bbox 382 4839 1887 4917; baseline -0.002 -20"><span class='ocrx_word' id='word_1_659' title='bbox 382 4839 432 4917; x_wconf 84' lang='lat' dir='ltr'><strong>c)</strong></span> <span class='ocrx_word' id='word_1_660' title='bbox 458 4847 771 4917; x_wconf 80' lang='lat' dir='ltr'><strong>Exemplum</strong></span> <span class='ocrx_word' id='word_1_661' title='bbox 797 4846 938 4917; x_wconf 85' lang='lat' dir='ltr'><strong>idem</strong></span> <span class='ocrx_word' id='word_1_662' title='bbox 976 4842 1324 4910; x_wconf 48' lang='lat' dir='ltr'><strong>Athanasius,</strong></span> <span class='ocrx_word' id='word_1_663' title='bbox 1351 4857 1451 4896; x_wconf 89' lang='lat' dir='ltr'><strong>suo</strong></span> <span class='ocrx_word' id='word_1_664' title='bbox 1476 4841 1544 4896; x_wconf 89' lang='lat' dir='ltr'><strong>de</strong></span> <span class='ocrx_word' id='word_1_665' title='bbox 1565 4839 1800 4912; x_wconf 77' lang='lat' dir='ltr'><strong>Synodis</strong></span> <span class='ocrx_word' id='word_1_666' title='bbox 1824 4840 1887 4894; x_wconf 92' lang='lat' dir='ltr'><strong>li-</strong></span> 
     </span>
    </p>
   </div>
   <div class='ocr_carea' id='block_1_92' title="bbox 288 4914 987 4984">
    <p class='ocr_par' dir='ltr' id='par_1_92' title="bbox 288 4914 987 4984">
     <span class='ocr_line' id='line_1_92' title="bbox 288 4914 987 4984; baseline -0.001 -14"><span class='ocrx_word' id='word_1_667' title='bbox 288 4914 553 4984; x_wconf 29' lang='lat' dir='ltr'><strong>brn,’pag.</strong></span> <span class='ocrx_word' id='word_1_668' title='bbox 586 4917 713 4983; x_wconf 85' lang='lat'><strong>879,</strong></span> <span class='ocrx_word' id='word_1_669' title='bbox 739 4915 987 4971; x_wconf 82' lang='lat' dir='ltr'><strong>inseruit.</strong></span> 
     </span>
    </p>
   </div>
   <div class='ocr_carea' id='block_1_93' title="bbox 359 4982 1883 5061">
    <p class='ocr_par' dir='ltr' id='par_1_93' title="bbox 359 4982 1883 5061">
     <span class='ocr_line' id='line_1_93' title="bbox 359 4982 1883 5061; baseline -0.002 -20"><span class='ocrx_word' id='word_1_670' title='bbox 359 4982 447 5061; x_wconf 37' lang='lat' dir='ltr'><strong>(d)&#39;</strong></span> <span class='ocrx_word' id='word_1_671' title='bbox 474 4982 564 5044; x_wconf 86' lang='lat' dir='ltr'><strong>Sic</strong></span> <span class='ocrx_word' id='word_1_672' title='bbox 613 5003 714 5042; x_wconf 91' lang='lat' dir='ltr'><strong>ms.</strong></span> <span class='ocrx_word' id='word_1_673' title='bbox 763 4986 906 5041; x_wconf 84' lang='lat' dir='ltr'><strong>Pith.</strong></span> <span class='ocrx_word' id='word_1_674' title='bbox 944 4989 1050 5053; x_wconf 89' lang='lat' dir='ltr'><strong>hic,</strong></span> <span class='ocrx_word' id='word_1_675' title='bbox 1103 4999 1287 5055; x_wconf 88' lang='lat' dir='ltr'><strong>supra,</strong></span> <span class='ocrx_word' id='word_1_676' title='bbox 1336 4993 1391 5040; x_wconf 92' lang='lat' dir='ltr'><strong>et</strong></span> <span class='ocrx_word' id='word_1_677' title='bbox 1443 4982 1770 5055; x_wconf 90' lang='lat' dir='ltr'><strong>Fragmento</strong></span> <span class='ocrx_word' id='word_1_678' title='bbox 1796 4998 1883 5038; x_wconf 89' lang='lat' dir='ltr'><strong>se-</strong></span> 
     </span>
    </p>
   </div>
   <div class='ocr_carea' id='block_1_94' title="bbox 285 5061 802 5129">
    <p class='ocr_par' dir='ltr' id='par_1_94' title="bbox 285 5061 802 5129">
     <span class='ocr_line' id='line_1_94' title="bbox 285 5061 802 5129; baseline -0.002 -17"><span class='ocrx_word' id='word_1_679' title='bbox 285 5061 490 5129; x_wconf 87' lang='lat' dir='ltr'><strong>quenti,</strong></span> <span class='ocrx_word' id='word_1_680' title='bbox 524 5076 628 5114; x_wconf 90' lang='lat' dir='ltr'><strong>non</strong></span> <span class='ocrx_word' id='word_1_681' title='bbox 670 5075 802 5114; x_wconf 85' lang='lat' dir='ltr'><strong>coss.</strong></span> 
     </span>
    </p>
   </div>
   <div class='ocr_carea' id='block_1_95' title="bbox 356 5146 1886 5224">
    <p class='ocr_par' dir='ltr' id='par_1_95' title="bbox 356 5146 1886 5224">
     <span class='ocr_line' id='line_1_95' title="bbox 356 5146 1886 5224; baseline -0.001 -21"><span class='ocrx_word' id='word_1_682' title='bbox 356 5151 509 5224; x_wconf 80' lang='lat' dir='ltr'><strong>(e)|n</strong></span> <span class='ocrx_word' id='word_1_683' title='bbox 542 5150 673 5224; x_wconf 79' lang='lat' dir='ltr'><strong>edit.</strong></span> <span class='ocrx_word' id='word_1_684' title='bbox 706 5161 762 5203; x_wconf 92' lang='lat' dir='ltr'><strong>ut</strong></span> <span class='ocrx_word' id='word_1_685' title='bbox 786 5150 840 5205; x_wconf 92' lang='lat' dir='ltr'><strong>in</strong></span> <span class='ocrx_word' id='word_1_686' title='bbox 889 5165 1020 5224; x_wconf 74' lang='lat' dir='ltr'><strong>ms._</strong></span> <span class='ocrx_word' id='word_1_687' title='bbox 1041 5151 1244 5224; x_wconf 71' lang='lat' dir='ltr'><strong>dicunt.</strong></span> <span class='ocrx_word' id='word_1_688' title='bbox 1293 5149 1372 5224; x_wconf 64' lang='lat' dir='ltr'><strong>Es</strong></span> <span class='ocrx_word' id='word_1_689' title='bbox 1400 5161 1577 5224; x_wconf 74' lang='lat' dir='ltr'><strong>grteCa</strong></span> <span class='ocrx_word' id='word_1_690' title='bbox 1603 5146 1886 5224; x_wconf 81' lang='lat' dir='ltr'><strong>Athanasii</strong></span> 
     </span>
    </p>
   </div>
   <div class='ocr_carea' id='block_1_96' title="bbox 286 5218 1885 5296">
    <p class='ocr_par' dir='ltr' id='par_1_96' title="bbox 286 5218 1885 5296">
     <span class='ocr_line' id='line_1_96' title="bbox 286 5218 1885 5296; baseline -0.004 -19"><span class='ocrx_word' id='word_1_691' title='bbox 286 5218 556 5296; x_wconf 74' lang='lat' dir='ltr'><strong>versione,</strong></span> <span class='ocrx_word' id='word_1_692' title='bbox 585 5222 680 5284; x_wconf 54' lang='lat' dir='ltr'><strong>ira;</strong></span> <span class='ocrx_word' id='word_1_693' title='bbox 705 5230 969 5296; x_wconf 78' lang='grc' dir='ltr'><strong>προσῆκον</strong></span> <span class='ocrx_word' id='word_1_694' title='bbox 990 5218 1069 5288; x_wconf 80' lang='grc' dir='ltr'><strong>ἧν,</strong></span> <span class='ocrx_word' id='word_1_695' title='bbox 1091 5220 1297 5276; x_wconf 91' lang='lat' dir='ltr'><strong>nullum</strong></span> <span class='ocrx_word' id='word_1_696' title='bbox 1322 5220 1545 5275; x_wconf 90' lang='lat' dir='ltr'><strong>dubium</strong></span> <span class='ocrx_word' id='word_1_697' title='bbox 1575 5227 1658 5273; x_wconf 88' lang='lat' dir='ltr'><strong>est</strong></span> <span class='ocrx_word' id='word_1_698' title='bbox 1706 5219 1885 5287; x_wconf 81' lang='lat' dir='ltr'><strong>legen-</strong></span> 
     </span>
    </p>
   </div>
   <div class='ocr_carea' id='block_1_97' title="bbox 284 5292 786 5350">
    <p class='ocr_par' dir='ltr' id='par_1_97' title="bbox 284 5292 786 5350">
     <span class='ocr_line' id='line_1_97' title="bbox 284 5292 786 5350; baseline 0.002 -3"><span class='ocrx_word' id='word_1_699' title='bbox 284 5292 415 5349; x_wconf 89' lang='lat' dir='ltr'><strong>dum</strong></span> <span class='ocrx_word' id='word_1_700' title='bbox 445 5309 568 5349; x_wconf 89' lang='lat' dir='ltr'><strong>esse</strong></span> <span class='ocrx_word' id='word_1_701' title='bbox 598 5292 786 5350; x_wconf 81' lang='lat' dir='ltr'><strong>decuit.</strong></span> 
     </span>
    </p>
   </div>
   <div class='ocr_carea' id='block_1_98' title="bbox 356 5380 1886 5457">
    <p class='ocr_par' dir='ltr' id='par_1_98' title="bbox 356 5380 1886 5457">
     <span class='ocr_line' id='line_1_98' title="bbox 356 5380 1886 5457; baseline -0.004 -16"><span class='ocrx_word' id='word_1_702' title='bbox 356 5385 424 5457; x_wconf 81' lang='grc' dir='ltr'><strong>(Ι)</strong></span> <span class='ocrx_word' id='word_1_703' title='bbox 457 5386 639 5453; x_wconf 83' lang='lat' dir='ltr'><strong>Forte,</strong></span> <span class='ocrx_word' id='word_1_704' title='bbox 683 5397 731 5441; x_wconf 85' lang='lat' dir='ltr'><strong>et</strong></span> <span class='ocrx_word' id='word_1_705' title='bbox 760 5386 900 5455; x_wconf 79' lang='lat' dir='ltr'><strong>pium</strong></span> <span class='ocrx_word' id='word_1_706' title='bbox 942 5401 995 5440; x_wconf 82' lang='lat' dir='ltr'><strong>se</strong></span> <span class='ocrx_word' id='word_1_707' title='bbox 1034 5383 1265 5438; x_wconf 80' lang='lat' dir='ltr'><strong>Ecclesia</strong></span> <span class='ocrx_word' id='word_1_708' title='bbox 1298 5384 1481 5438; x_wconf 76' lang='lat' dir='ltr'><strong>totiens</strong></span> <span class='ocrx_word' id='word_1_709' title='bbox 1507 5380 1739 5437; x_wconf 70' lang='lat' dir='ltr'><strong>exhibuit</strong></span> <span class='ocrx_word' id='word_1_710' title='bbox 1765 5397 1886 5454; x_wconf 79' lang='lat' dir='ltr'><strong>ergo</strong></span> 
     </span>
    </p>
   </div>
   <div class='ocr_carea' id='block_1_99' title="bbox 289 5454 727 5522">
    <p class='ocr_par' dir='ltr' id='par_1_99' title="bbox 289 5454 727 5522">
     <span class='ocr_line' id='line_1_99' title="bbox 289 5454 727 5522; baseline 0.005 -11"><span class='ocrx_word' id='word_1_711' title='bbox 289 5454 585 5522; x_wconf 73' lang='lat' dir='ltr'><strong>Ursocium,</strong></span> <span class='ocrx_word' id='word_1_712' title='bbox 621 5465 727 5514; x_wconf 90' lang='lat' dir='ltr'><strong>etc.</strong></span> 
     </span>
    </p>
   </div>
   <div class='ocr_carea' id='block_1_100' title="bbox 357 5543 1882 5620">
    <p class='ocr_par' dir='ltr' id='par_1_100' title="bbox 357 5543 1882 5620">
     <span class='ocr_line' id='line_1_100' title="bbox 357 5543 1882 5620; baseline -0.009 -11"><span class='ocrx_word' id='word_1_713' title='bbox 357 5549 432 5620; x_wconf 81' lang='lat' dir='ltr'><strong>(g)</strong></span> <span class='ocrx_word' id='word_1_714' title='bbox 468 5549 561 5605; x_wconf 86' lang='lat' dir='ltr'><strong>His</strong></span> <span class='ocrx_word' id='word_1_715' title='bbox 587 5550 736 5607; x_wconf 86' lang='lat' dir='ltr'><strong>addit</strong></span> <span class='ocrx_word' id='word_1_716' title='bbox 768 5550 1096 5607; x_wconf 74' lang='lat' dir='ltr'><strong>Athanasius</strong></span> <span class='ocrx_word' id='word_1_717' title='bbox 1121 5548 1449 5620; x_wconf 59' lang='lat' dir='ltr'><strong>Auxentium.</strong></span> <span class='ocrx_word' id='word_1_718' title='bbox 1475 5545 1574 5614; x_wconf 87' lang='lat' dir='ltr'><strong>Qui</strong></span> <span class='ocrx_word' id='word_1_719' title='bbox 1607 5546 1651 5602; x_wconf 92' lang='lat' dir='ltr'><strong>si</strong></span> <span class='ocrx_word' id='word_1_720' title='bbox 1677 5543 1732 5600; x_wconf 90' lang='lat' dir='ltr'><strong>in</strong></span> <span class='ocrx_word' id='word_1_721' title='bbox 1761 5547 1882 5620; x_wconf 65' lang='lat' dir='ltr'><strong>Ari-</strong></span> 
     </span>
    </p>
   </div>
   <div class='ocr_carea' id='block_1_101' title="bbox 282 5617 1877 5693">
    <p class='ocr_par' dir='ltr' id='par_1_101' title="bbox 282 5617 1877 5693">
     <span class='ocr_line' id='line_1_101' title="bbox 282 5617 1877 5693; baseline -0.003 -16"><span class='ocrx_word' id='word_1_722' title='bbox 282 5617 516 5677; x_wconf 79' lang='lat' dir='ltr'><strong>minensi</strong></span> <span class='ocrx_word' id='word_1_723' title='bbox 572 5624 784 5693; x_wconf 84' lang='lat' dir='ltr'><strong>synodo</strong></span> <span class='ocrx_word' id='word_1_724' title='bbox 824 5622 1140 5677; x_wconf 89' lang='lat' dir='ltr'><strong>nominatim</strong></span> <span class='ocrx_word' id='word_1_725' title='bbox 1191 5620 1380 5693; x_wconf 69' lang='lat' dir='ltr'><strong>fuisset</strong></span> <span class='ocrx_word' id='word_1_726' title='bbox 1409 5617 1718 5693; x_wconf 81' lang='lat' dir='ltr'><strong>damnatus,</strong></span> <span class='ocrx_word' id='word_1_727' title='bbox 1746 5617 1877 5673; x_wconf 89' lang='lat' dir='ltr'><strong>nihil</strong></span> 
     </span>
    </p>
   </div>
   <div class='ocr_carea' id='block_1_102' title="bbox 280 5689 1878 5759">
    <p class='ocr_par' dir='ltr' id='par_1_102' title="bbox 280 5689 1878 5759">
     <span class='ocr_line' id='line_1_102' title="bbox 280 5689 1878 5759; baseline -0.003 -11"><span class='ocrx_word' id='word_1_728' title='bbox 280 5703 397 5748; x_wconf 88' lang='lat' dir='ltr'><strong>erat</strong></span> <span class='ocrx_word' id='word_1_729' title='bbox 445 5689 646 5759; x_wconf 65' lang='lat' dir='ltr'><strong>causae,</strong></span> <span class='ocrx_word' id='word_1_730' title='bbox 686 5711 785 5750; x_wconf 89' lang='lat' dir='ltr'><strong>cur</strong></span> <span class='ocrx_word' id='word_1_731' title='bbox 830 5693 974 5748; x_wconf 90' lang='lat' dir='ltr'><strong>illam</strong></span> <span class='ocrx_word' id='word_1_732' title='bbox 1011 5703 1193 5758; x_wconf 87' lang='lat' dir='ltr'><strong>postea</strong></span> <span class='ocrx_word' id='word_1_733' title='bbox 1242 5689 1567 5750; x_wconf 80' lang='lat' dir='ltr'><strong>Mediolani,</strong></span> <span class='ocrx_word' id='word_1_734' title='bbox 1613 5689 1878 5744; x_wconf 87' lang='lat' dir='ltr'><strong>adversus</strong></span> 
     </span>
    </p>
   </div>
   <div class='ocr_carea' id='block_1_103' title="bbox 281 5759 1872 5833">
    <p class='ocr_par' dir='ltr' id='par_1_103' title="bbox 281 5759 1872 5833">
     <span class='ocr_line' id='line_1_103' title="bbox 281 5759 1872 5833; baseline -0.002 -15"><span class='ocrx_word' id='word_1_735' title='bbox 281 5764 544 5819; x_wconf 84' lang='lat' dir='ltr'><strong>Hilarium</strong></span> <span class='ocrx_word' id='word_1_736' title='bbox 592 5776 835 5820; x_wconf 82' lang='lat' dir='ltr'><strong>nostrum</strong></span> <span class='ocrx_word' id='word_1_737' title='bbox 889 5764 1213 5833; x_wconf 85' lang='lat' dir='ltr'><strong>disputans,</strong></span> <span class='ocrx_word' id='word_1_738' title='bbox 1266 5769 1548 5831; x_wconf 88' lang='lat' dir='ltr'><strong>tantopere</strong></span> <span class='ocrx_word' id='word_1_739' title='bbox 1580 5759 1872 5833; x_wconf 75' lang='lat' dir='ltr'><strong>jactitaret.</strong></span> 
     </span>
    </p>
   </div>
   <div class='ocr_carea' id='block_1_104' title="bbox 281 5832 1871 5907">
    <p class='ocr_par' dir='ltr' id='par_1_104' title="bbox 281 5832 1871 5907">
     <span class='ocr_line' id='line_1_104' title="bbox 281 5832 1871 5907; baseline -0.003 -18"><span class='ocrx_word' id='word_1_740' title='bbox 281 5835 468 5907; x_wconf 78' lang='lat' dir='ltr'><strong>Longe</strong></span> <span class='ocrx_word' id='word_1_741' title='bbox 498 5837 676 5892; x_wconf 88' lang='lat' dir='ltr'><strong>minus</strong></span> <span class='ocrx_word' id='word_1_742' title='bbox 718 5832 1023 5891; x_wconf 88' lang='lat' dir='ltr'><strong>audiendus</strong></span> <span class='ocrx_word' id='word_1_743' title='bbox 1064 5842 1149 5889; x_wconf 88' lang='lat' dir='ltr'><strong>est</strong></span> <span class='ocrx_word' id='word_1_744' title='bbox 1186 5834 1458 5907; x_wconf 86' lang='lat' dir='ltr'><strong>Socrates,</strong></span> <span class='ocrx_word' id='word_1_745' title='bbox 1487 5833 1578 5888; x_wconf 91' lang='lat' dir='ltr'><strong>lib.</strong></span> <span class='ocrx_word' id='word_1_746' title='bbox 1607 5847 1667 5907; x_wconf 81' lang='lat' dir='ltr'><strong>n,</strong></span> <span class='ocrx_word' id='word_1_747' title='bbox 1696 5847 1746 5886; x_wconf 88' lang='lat' dir='ltr'><strong>c.</strong></span> <span class='ocrx_word' id='word_1_748' title='bbox 1779 5832 1871 5907; x_wconf 77' lang='lat'><strong>57,</strong></span> 
     </span>
    </p>
   </div>
   <div class='ocr_carea' id='block_1_105' title="bbox 281 5903 1870 5980">
    <p class='ocr_par' dir='ltr' id='par_1_105' title="bbox 281 5903 1870 5980">
     <span class='ocr_line' id='line_1_105' title="bbox 281 5903 1870 5980; baseline -0.003 -18"><span class='ocrx_word' id='word_1_749' title='bbox 281 5905 372 5962; x_wconf 86' lang='lat' dir='ltr'><strong>ubi</strong></span> <span class='ocrx_word' id='word_1_750' title='bbox 396 5903 517 5962; x_wconf 70' lang='lat' dir='ltr'><strong>cum</strong></span> <span class='ocrx_word' id='word_1_751' title='bbox 547 5916 781 5980; x_wconf 88' lang='lat' dir='ltr'><strong>quatuor</strong></span> <span class='ocrx_word' id='word_1_752' title='bbox 799 5907 1191 5978; x_wconf 79' lang='lat' dir='ltr'><strong>praedictisnon</strong></span> <span class='ocrx_word' id='word_1_753' title='bbox 1217 5904 1377 5961; x_wconf 88' lang='lat' dir='ltr'><strong>modo</strong></span> <span class='ocrx_word' id='word_1_754' title='bbox 1401 5903 1750 5967; x_wconf 78' lang='lat' dir='ltr'><strong>Auxentium,</strong></span> <span class='ocrx_word' id='word_1_755' title='bbox 1777 5903 1870 5957; x_wconf 82' lang='lat' dir='ltr'><strong>sed</strong></span> 
     </span>
    </p>
   </div>
   <div class='ocr_carea' id='block_1_106' title="bbox 1996 4698 3597 4773">
    <p class='ocr_par' dir='ltr' id='par_1_106' title="bbox 1996 4698 3597 4773">
     <span class='ocr_line' id='line_1_106' title="bbox 1996 4698 3597 4773; baseline 0.002 -18"><span class='ocrx_word' id='word_1_756' title='bbox 1996 4715 2157 4755; x_wconf 86' lang='lat' dir='ltr'><strong>eausa</strong></span> <span class='ocrx_word' id='word_1_757' title='bbox 2198 4698 2264 4754; x_wconf 84' lang='lat' dir='ltr'><strong>ad</strong></span> <span class='ocrx_word' id='word_1_758' title='bbox 2297 4698 2605 4773; x_wconf 75' lang='lat' dir='ltr'><strong>Orientales</strong></span> <span class='ocrx_word' id='word_1_759' title='bbox 2649 4716 2719 4755; x_wconf 77' lang='lat' dir='ltr'><strong>ex</strong></span> <span class='ocrx_word' id='word_1_760' title='bbox 2777 4701 3041 4769; x_wconf 80' lang='lat' dir='ltr'><strong>superiori</strong></span> <span class='ocrx_word' id='word_1_761' title='bbox 3098 4698 3439 4770; x_wconf 79' lang='lat' dir='ltr'><strong>imperatoris</strong></span> <span class='ocrx_word' id='word_1_762' title='bbox 3462 4720 3597 4773; x_wconf 65' lang='lat' dir='ltr'><strong>priu-</strong></span> 
     </span>
    </p>
   </div>
   <div class='ocr_carea' id='block_1_107' title="bbox 1996 4771 3593 4845">
    <p class='ocr_par' dir='ltr' id='par_1_107' title="bbox 1996 4771 3593 4845">
     <span class='ocr_line' id='line_1_107' title="bbox 1996 4771 3593 4845; baseline 0.003 -20"><span class='ocrx_word' id='word_1_763' title='bbox 1996 4781 2153 4839; x_wconf 90' lang='lat' dir='ltr'><strong>cepto</strong></span> <span class='ocrx_word' id='word_1_764' title='bbox 2185 4773 2484 4845; x_wconf 84' lang='lat' dir='ltr'><strong>pertinebat</strong></span> <span class='ocrx_word' id='word_1_765' title='bbox 2534 4771 2639 4845; x_wconf 86' lang='lat' dir='ltr'><strong>Sed</strong></span> <span class='ocrx_word' id='word_1_766' title='bbox 2661 4784 2715 4845; x_wconf 83' lang='lat' dir='ltr'><strong>et</strong></span> <span class='ocrx_word' id='word_1_767' title='bbox 2744 4774 3032 4828; x_wconf 90' lang='lat' dir='ltr'><strong>concilium</strong></span> <span class='ocrx_word' id='word_1_768' title='bbox 3064 4789 3241 4828; x_wconf 87' lang='lat' dir='ltr'><strong>rerum</strong></span> <span class='ocrx_word' id='word_1_769' title='bbox 3260 4789 3288 4828; x_wconf 91' lang='lat' dir='ltr'><strong>a</strong></span> <span class='ocrx_word' id='word_1_770' title='bbox 3319 4790 3377 4829; x_wconf 84' lang='lat' dir='ltr'><strong>se</strong></span> <span class='ocrx_word' id='word_1_771' title='bbox 3405 4771 3593 4845; x_wconf 86' lang='lat' dir='ltr'><strong>gesta-</strong></span> 
     </span>
    </p>
   </div>
   <div class='ocr_carea' id='block_1_108' title="bbox 1996 4843 3594 4916">
    <p class='ocr_par' dir='ltr' id='par_1_108' title="bbox 1996 4843 3594 4916">
     <span class='ocr_line' id='line_1_108' title="bbox 1996 4843 3594 4916; baseline 0.004 -20"><span class='ocrx_word' id='word_1_772' title='bbox 1996 4858 2113 4896; x_wconf 87' lang='lat' dir='ltr'><strong>rum</strong></span> <span class='ocrx_word' id='word_1_773' title='bbox 2133 4844 2416 4897; x_wconf 88' lang='lat' dir='ltr'><strong>certiorem</strong></span> <span class='ocrx_word' id='word_1_774' title='bbox 2444 4843 2642 4916; x_wconf 79' lang='lat' dir='ltr'><strong>faciens</strong></span> <span class='ocrx_word' id='word_1_775' title='bbox 2662 4843 3594 4916; x_wconf 78' lang='lat' dir='ltr'><strong>imperatorem,subsequentiFrag-</strong></span> 
     </span>
    </p>
   </div>
   <div class='ocr_carea' id='block_1_109' title="bbox 1998 4913 3594 4983">
    <p class='ocr_par' dir='ltr' id='par_1_109' title="bbox 1998 4913 3594 4983">
     <span class='ocr_line' id='line_1_109' title="bbox 1998 4913 3594 4983; baseline 0.003 -17"><span class='ocrx_word' id='word_1_776' title='bbox 1998 4922 2202 4978; x_wconf 90' lang='lat' dir='ltr'><strong>meoto,</strong></span> <span class='ocrx_word' id='word_1_777' title='bbox 2244 4930 2392 4968; x_wconf 92' lang='lat' dir='ltr'><strong>num.</strong></span> <span class='ocrx_word' id='word_1_778' title='bbox 2434 4913 2491 4979; x_wconf 77' lang='grc'><strong>2,</strong></span> <span class='ocrx_word' id='word_1_779' title='bbox 2522 4915 2669 4969; x_wconf 89' lang='lat' dir='ltr'><strong>solos</strong></span> <span class='ocrx_word' id='word_1_780' title='bbox 2715 4914 3017 4980; x_wconf 83' lang='lat' dir='ltr'><strong>Valentem,</strong></span> <span class='ocrx_word' id='word_1_781' title='bbox 3050 4913 3353 4983; x_wconf 84' lang='lat' dir='ltr'><strong>Ursacium,</strong></span> <span class='ocrx_word' id='word_1_782' title='bbox 3378 4913 3594 4973; x_wconf 82' lang='lat' dir='ltr'><strong>Genui-</strong></span> 
     </span>
    </p>
   </div>
   <div class='ocr_carea' id='block_1_110' title="bbox 1998 4983 3231 5042">
    <p class='ocr_par' dir='ltr' id='par_1_110' title="bbox 1998 4983 3231 5042">
     <span class='ocr_line' id='line_1_110' title="bbox 1998 4983 3231 5042; baseline 0.004 -4"><span class='ocrx_word' id='word_1_783' title='bbox 1998 4984 2143 5038; x_wconf 90' lang='lat' dir='ltr'><strong>nium</strong></span> <span class='ocrx_word' id='word_1_784' title='bbox 2171 4993 2225 5039; x_wconf 90' lang='lat' dir='ltr'><strong>et</strong></span> <span class='ocrx_word' id='word_1_785' title='bbox 2251 4983 2441 5040; x_wconf 85' lang='lat' dir='ltr'><strong>Gaium</strong></span> <span class='ocrx_word' id='word_1_786' title='bbox 2490 4995 2757 5040; x_wconf 80' lang='lat' dir='ltr'><strong>memorat</strong></span> <span class='ocrx_word' id='word_1_787' title='bbox 2781 5001 2810 5039; x_wconf 93' lang='lat' dir='ltr'><strong>a</strong></span> <span class='ocrx_word' id='word_1_788' title='bbox 2835 5001 2897 5042; x_wconf 86' lang='lat' dir='ltr'><strong>se</strong></span> <span class='ocrx_word' id='word_1_789' title='bbox 2927 4990 3231 5042; x_wconf 85' lang='lat' dir='ltr'><strong>damnatos.</strong></span> 
     </span>
    </p>
   </div>
   <div class='ocr_carea' id='block_1_111' title="bbox 2069 5055 3591 5129">
    <p class='ocr_par' dir='ltr' id='par_1_111' title="bbox 2069 5055 3591 5129">
     <span class='ocr_line' id='line_1_111' title="bbox 2069 5055 3591 5129; baseline 0.004 -21"><span class='ocrx_word' id='word_1_790' title='bbox 2069 5055 2146 5126; x_wconf 80' lang='lat' dir='ltr'><strong>(It)</strong></span> <span class='ocrx_word' id='word_1_791' title='bbox 2180 5055 2284 5110; x_wconf 88' lang='lat' dir='ltr'><strong>Pro</strong></span> <span class='ocrx_word' id='word_1_792' title='bbox 2314 5057 2512 5126; x_wconf 71' lang='lat' dir='ltr'><strong>duplici</strong></span> <span class='ocrx_word' id='word_1_793' title='bbox 2544 5056 2649 5129; x_wconf 78' lang='lat' dir='ltr'><strong>SS.</strong></span> <span class='ocrx_word' id='word_1_794' title='bbox 2680 5059 2822 5126; x_wconf 92' lang='lat' dir='ltr'><strong>quod</strong></span> <span class='ocrx_word' id='word_1_795' title='bbox 2854 5060 3193 5129; x_wconf 88' lang='lat' dir='ltr'><strong>interpetrari</strong></span> <span class='ocrx_word' id='word_1_796' title='bbox 3252 5058 3408 5114; x_wconf 90' lang='lat' dir='ltr'><strong>liceat</strong></span> <span class='ocrx_word' id='word_1_797' title='bbox 3434 5076 3591 5127; x_wconf 81' lang='lat' dir='ltr'><strong>supra</strong></span> 
     </span>
    </p>
   </div>
   <div class='ocr_carea' id='block_1_112' title="bbox 1990 5127 3590 5210">
    <p class='ocr_par' dir='ltr' id='par_1_112' title="bbox 1990 5127 3590 5210">
     <span class='ocr_line' id='line_1_112' title="bbox 1990 5127 3590 5210; baseline 0.005 -31"><span class='ocrx_word' id='word_1_798' title='bbox 1990 5129 2189 5210; x_wconf 67' lang='lat' dir='ltr'><strong>scripti,</strong></span> <span class='ocrx_word' id='word_1_799' title='bbox 2230 5142 2421 5210; x_wconf 43' lang='lat' dir='ltr'><strong>graece.</strong></span> <span class='ocrx_word' id='word_1_800' title='bbox 2451 5127 2590 5210; x_wconf 78' lang='lat' dir='ltr'><strong>apud</strong></span> <span class='ocrx_word' id='word_1_801' title='bbox 2651 5129 2912 5184; x_wconf 81' lang='lat' dir='ltr'><strong>Athanas.</strong></span> <span class='ocrx_word' id='word_1_802' title='bbox 2943 5127 3120 5185; x_wconf 60' lang='lat' dir='ltr'><strong>esstat</strong></span> <span class='ocrx_word' id='word_1_803' title='bbox 3154 5130 3383 5185; x_wconf 87' lang='lat' dir='ltr'><strong>verbum</strong></span> <span class='ocrx_word' id='word_1_804' title='bbox 3412 5153 3590 5210; x_wconf 78' lang='grc' dir='ltr'><strong>προειο</strong></span> 
     </span>
    </p>
   </div>
   <div class='ocr_carea' id='block_1_113' title="bbox 1992 5197 2509 5273">
    <p class='ocr_par' dir='ltr' id='par_1_113' title="bbox 1992 5197 2509 5273">
     <span class='ocr_line' id='line_1_113' title="bbox 1992 5197 2509 5273; baseline -0.012 -17"><span class='ocrx_word' id='word_1_805' title='bbox 1992 5200 2213 5273; x_wconf 47' lang='lat' dir='ltr'><strong>praeiret.</strong></span> <span class='ocrx_word' id='word_1_806' title='bbox 2258 5197 2509 5273; x_wconf 15' lang='lat' dir='ltr'><strong>prtedicti‘.</strong></span> 
     </span>
    </p>
   </div>
   <div class='ocr_carea' id='block_1_114' title="bbox 2062 5267 3588 5341">
    <p class='ocr_par' dir='ltr' id='par_1_114' title="bbox 2062 5267 3588 5341">
     <span class='ocr_line' id='line_1_114' title="bbox 2062 5267 3588 5341; baseline 0.005 -21"><span class='ocrx_word' id='word_1_807' title='bbox 2062 5267 2125 5341; x_wconf 76' lang='grc' dir='ltr'><strong>(ἱ)</strong></span> <span class='ocrx_word' id='word_1_808' title='bbox 2156 5269 2308 5341; x_wconf 74' lang='lat' dir='ltr'><strong>Quod</strong></span> <span class='ocrx_word' id='word_1_809' title='bbox 2354 5270 2617 5338; x_wconf 90' lang='lat' dir='ltr'><strong>sequitur,</strong></span> <span class='ocrx_word' id='word_1_810' title='bbox 2661 5268 2911 5324; x_wconf 86' lang='lat' dir='ltr'><strong>Nicolans</strong></span> <span class='ocrx_word' id='word_1_811' title='bbox 2964 5270 3139 5326; x_wconf 85' lang='lat' dir='ltr'><strong>Faber</strong></span> <span class='ocrx_word' id='word_1_812' title='bbox 3168 5272 3373 5339; x_wconf 89' lang='lat' dir='ltr'><strong>primus</strong></span> <span class='ocrx_word' id='word_1_813' title='bbox 3422 5272 3474 5326; x_wconf 89' lang='lat' dir='ltr'><strong>in</strong></span> <span class='ocrx_word' id='word_1_814' title='bbox 3505 5272 3588 5328; x_wconf 90' lang='lat' dir='ltr'><strong>lu-</strong></span> 
     </span>
    </p>
   </div>
   <div class='ocr_carea' id='block_1_115' title="bbox 1990 5338 3583 5409">
    <p class='ocr_par' dir='ltr' id='par_1_115' title="bbox 1990 5338 3583 5409">
     <span class='ocr_line' id='line_1_115' title="bbox 1990 5338 3583 5409; baseline 0.004 -15"><span class='ocrx_word' id='word_1_815' title='bbox 1990 5338 2107 5394; x_wconf 85' lang='lat' dir='ltr'><strong>cem</strong></span> <span class='ocrx_word' id='word_1_816' title='bbox 2162 5338 2331 5395; x_wconf 89' lang='lat' dir='ltr'><strong>edidit</strong></span> <span class='ocrx_word' id='word_1_817' title='bbox 2361 5381 2377 5405; x_wconf 93' lang='lat'><strong>,</strong></span> <span class='ocrx_word' id='word_1_818' title='bbox 2435 5354 2541 5393; x_wconf 87' lang='lat' dir='ltr'><strong>non</strong></span> <span class='ocrx_word' id='word_1_819' title='bbox 2582 5341 2797 5409; x_wconf 81' lang='lat' dir='ltr'><strong>quidem</strong></span> <span class='ocrx_word' id='word_1_820' title='bbox 2848 5356 2913 5395; x_wconf 83' lang='lat' dir='ltr'><strong>ex</strong></span> <span class='ocrx_word' id='word_1_821' title='bbox 2945 5341 3131 5397; x_wconf 85' lang='lat' dir='ltr'><strong>codice</strong></span> <span class='ocrx_word' id='word_1_822' title='bbox 3171 5338 3489 5407; x_wconf 71' lang='lat' dir='ltr'><strong>Pithmano,</strong></span> <span class='ocrx_word' id='word_1_823' title='bbox 3517 5361 3583 5399; x_wconf 82' lang='lat' dir='ltr'><strong>ex</strong></span> 
     </span>
    </p>
   </div>
   <div class='ocr_carea' id='block_1_116' title="bbox 1993 5409 3580 5480">
    <p class='ocr_par' dir='ltr' id='par_1_116' title="bbox 1993 5409 3580 5480">
     <span class='ocr_line' id='line_1_116' title="bbox 1993 5409 3580 5480; baseline 0.006 -20"><span class='ocrx_word' id='word_1_824' title='bbox 1993 5424 2099 5476; x_wconf 86' lang='lat' dir='ltr'><strong>quo</strong></span> <span class='ocrx_word' id='word_1_825' title='bbox 2129 5410 2403 5480; x_wconf 80' lang='lat' dir='ltr'><strong>superiora</strong></span> <span class='ocrx_word' id='word_1_826' title='bbox 2435 5409 2752 5480; x_wconf 75' lang='lat' dir='ltr'><strong>Fragmenta</strong></span> <span class='ocrx_word' id='word_1_827' title='bbox 2780 5412 2938 5475; x_wconf 80' lang='lat' dir='ltr'><strong>eruit,</strong></span> <span class='ocrx_word' id='word_1_828' title='bbox 2974 5413 3066 5467; x_wconf 86' lang='lat' dir='ltr'><strong>sed</strong></span> <span class='ocrx_word' id='word_1_829' title='bbox 3100 5429 3164 5466; x_wconf 83' lang='lat' dir='ltr'><strong>ex</strong></span> <span class='ocrx_word' id='word_1_830' title='bbox 3213 5414 3498 5479; x_wconf 85' lang='lat' dir='ltr'><strong>Dcrvensi,</strong></span> <span class='ocrx_word' id='word_1_831' title='bbox 3529 5418 3580 5470; x_wconf 90' lang='lat' dir='ltr'><strong>in</strong></span> 
     </span>
    </p>
   </div>
   <div class='ocr_carea' id='block_1_117' title="bbox 1991 5478 3582 5552">
    <p class='ocr_par' dir='ltr' id='par_1_117' title="bbox 1991 5478 3582 5552">
     <span class='ocr_line' id='line_1_117' title="bbox 1991 5478 3582 5552; baseline 0.004 -19"><span class='ocrx_word' id='word_1_832' title='bbox 1991 5495 2098 5550; x_wconf 91' lang='lat' dir='ltr'><strong>quo</strong></span> <span class='ocrx_word' id='word_1_833' title='bbox 2126 5478 2355 5536; x_wconf 76' lang='lat' dir='ltr'><strong>habetur</strong></span> <span class='ocrx_word' id='word_1_834' title='bbox 2373 5478 2788 5552; x_wconf 73' lang='lat' dir='ltr'><strong>posteitemplar</strong></span> <span class='ocrx_word' id='word_1_835' title='bbox 2815 5483 2935 5536; x_wconf 88' lang='lat' dir='ltr'><strong>ﬁdei</strong></span> <span class='ocrx_word' id='word_1_836' title='bbox 2973 5483 3224 5548; x_wconf 64' lang='lat' dir='ltr'><strong>Nicmnaa,</strong></span> <span class='ocrx_word' id='word_1_837' title='bbox 3257 5493 3311 5539; x_wconf 90' lang='lat' dir='ltr'><strong>et</strong></span> <span class='ocrx_word' id='word_1_838' title='bbox 3342 5478 3582 5550; x_wconf 75' lang='lat' dir='ltr'><strong>proxime</strong></span> 
     </span>
    </p>
   </div>
   <div class='ocr_carea' id='block_1_118' title="bbox 1984 5551 3580 5623">
    <p class='ocr_par' dir='ltr' id='par_1_118' title="bbox 1984 5551 3580 5623">
     <span class='ocr_line' id='line_1_118' title="bbox 1984 5551 3580 5623; baseline 0.004 -18"><span class='ocrx_word' id='word_1_839' title='bbox 1984 5562 2110 5605; x_wconf 88' lang='lat' dir='ltr'><strong>ante</strong></span> <span class='ocrx_word' id='word_1_840' title='bbox 2139 5551 2451 5623; x_wconf 81' lang='lat' dir='ltr'><strong>Symbolum</strong></span> <span class='ocrx_word' id='word_1_841' title='bbox 2504 5551 2561 5608; x_wconf 91' lang='lat' dir='ltr'><strong>S.</strong></span> <span class='ocrx_word' id='word_1_842' title='bbox 2619 5552 2914 5607; x_wconf 85' lang='lat' dir='ltr'><strong>Athanasio</strong></span> <span class='ocrx_word' id='word_1_843' title='bbox 2941 5556 3292 5623; x_wconf 83' lang='lat' dir='ltr'><strong>adscriptum.</strong></span> <span class='ocrx_word' id='word_1_844' title='bbox 3337 5555 3406 5611; x_wconf 90' lang='lat' dir='ltr'><strong>Ut</strong></span> <span class='ocrx_word' id='word_1_845' title='bbox 3435 5561 3580 5612; x_wconf 89' lang='lat' dir='ltr'><strong>nullo</strong></span> 
     </span>
    </p>
   </div>
   <div class='ocr_carea' id='block_1_119' title="bbox 1983 5622 3579 5692">
    <p class='ocr_par' dir='ltr' id='par_1_119' title="bbox 1983 5622 3579 5692">
     <span class='ocr_line' id='line_1_119' title="bbox 1983 5622 3579 5692; baseline 0.006 -18"><span class='ocrx_word' id='word_1_846' title='bbox 1983 5622 2353 5692; x_wconf 65' lang='lat' dir='ltr'><strong>commodiore</strong></span> <span class='ocrx_word' id='word_1_847' title='bbox 2397 5622 2516 5678; x_wconf 90' lang='lat' dir='ltr'><strong>loco</strong></span> <span class='ocrx_word' id='word_1_848' title='bbox 2566 5625 2745 5692; x_wconf 89' lang='lat' dir='ltr'><strong>potuit</strong></span> <span class='ocrx_word' id='word_1_849' title='bbox 2796 5625 2928 5687; x_wconf 87' lang='lat' dir='ltr'><strong>edi,</strong></span> <span class='ocrx_word' id='word_1_850' title='bbox 2985 5626 3056 5679; x_wconf 90' lang='lat' dir='ltr'><strong>ita</strong></span> <span class='ocrx_word' id='word_1_851' title='bbox 3088 5622 3247 5680; x_wconf 79' lang='lat' dir='ltr'><strong>etiam</strong></span> <span class='ocrx_word' id='word_1_852' title='bbox 3289 5643 3317 5680; x_wconf 89' lang='lat' dir='ltr'><strong>a</strong></span> <span class='ocrx_word' id='word_1_853' title='bbox 3365 5631 3579 5685; x_wconf 70' lang='lat' dir='ltr'><strong>caneris</strong></span> 
     </span>
    </p>
   </div>
   <div class='ocr_carea' id='block_1_120' title="bbox 1982 5690 3572 5765">
    <p class='ocr_par' dir='ltr' id='par_1_120' title="bbox 1982 5690 3572 5765">
     <span class='ocr_line' id='line_1_120' title="bbox 1982 5690 3572 5765; baseline 0.006 -20"><span class='ocrx_word' id='word_1_854' title='bbox 1982 5690 2339 5765; x_wconf 72' lang='lat' dir='ltr'><strong>Fragmentis,</strong></span> <span class='ocrx_word' id='word_1_855' title='bbox 2372 5710 2491 5765; x_wconf 81' lang='lat' dir='ltr'><strong>qua:</strong></span> <span class='ocrx_word' id='word_1_856' title='bbox 2537 5690 2730 5748; x_wconf 78' lang='lat' dir='ltr'><strong>nomen</strong></span> <span class='ocrx_word' id='word_1_857' title='bbox 2787 5694 2970 5750; x_wconf 82' lang='lat' dir='ltr'><strong>Hilarii</strong></span> <span class='ocrx_word' id='word_1_858' title='bbox 3005 5712 3113 5765; x_wconf 83' lang='lat' dir='ltr'><strong>prte</strong></span> <span class='ocrx_word' id='word_1_859' title='bbox 3142 5713 3203 5753; x_wconf 90' lang='lat' dir='ltr'><strong>se</strong></span> <span class='ocrx_word' id='word_1_860' title='bbox 3236 5698 3433 5763; x_wconf 86' lang='lat' dir='ltr'><strong>ferunt,</strong></span> <span class='ocrx_word' id='word_1_861' title='bbox 3463 5702 3572 5755; x_wconf 81' lang='lat' dir='ltr'><strong>dis-</strong></span> 
     </span>
    </p>
   </div>
   <div class='ocr_carea' id='block_1_121' title="bbox 1979 5764 3570 5836">
    <p class='ocr_par' dir='ltr' id='par_1_121' title="bbox 1979 5764 3570 5836">
     <span class='ocr_line' id='line_1_121' title="bbox 1979 5764 3570 5836; baseline 0.005 -20"><span class='ocrx_word' id='word_1_862' title='bbox 1979 5764 2152 5833; x_wconf 87' lang='lat' dir='ltr'><strong>tingui</strong></span> <span class='ocrx_word' id='word_1_863' title='bbox 2192 5764 2399 5821; x_wconf 78' lang='lat' dir='ltr'><strong>debuit.</strong></span> <span class='ocrx_word' id='word_1_864' title='bbox 2425 5766 2685 5833; x_wconf 85' lang='lat' dir='ltr'><strong>Quocirca</strong></span> <span class='ocrx_word' id='word_1_865' title='bbox 2713 5764 3028 5836; x_wconf 86' lang='lat' dir='ltr'><strong>appendieis</strong></span> <span class='ocrx_word' id='word_1_866' title='bbox 3061 5769 3279 5824; x_wconf 91' lang='lat' dir='ltr'><strong>nomine</strong></span> <span class='ocrx_word' id='word_1_867' title='bbox 3307 5786 3449 5825; x_wconf 86' lang='lat' dir='ltr'><strong>nunc</strong></span> <span class='ocrx_word' id='word_1_868' title='bbox 3470 5772 3570 5824; x_wconf 87' lang='lat' dir='ltr'><strong>do-</strong></span> 
     </span>
    </p>
   </div>
   <div class='ocr_carea' id='block_1_122' title="bbox 1978 5837 3575 5911">
    <p class='ocr_par' dir='ltr' id='par_1_122' title="bbox 1978 5837 3575 5911">
     <span class='ocr_line' id='line_1_122' title="bbox 1978 5837 3575 5911; baseline 0.006 -23"><span class='ocrx_word' id='word_1_869' title='bbox 1978 5848 2183 5911; x_wconf 82' lang='lat' dir='ltr'><strong>natur:</strong></span> <span class='ocrx_word' id='word_1_870' title='bbox 2226 5851 2328 5911; x_wconf 83' lang='lat' dir='ltr'><strong>qua</strong></span> <span class='ocrx_word' id='word_1_871' title='bbox 2380 5837 2597 5911; x_wconf 50' lang='lat' dir='ltr'><strong>lﬁlicaeno</strong></span> <span class='ocrx_word' id='word_1_872' title='bbox 2645 5839 2900 5895; x_wconf 89' lang='lat' dir='ltr'><strong>tractatui</strong></span> <span class='ocrx_word' id='word_1_873' title='bbox 2932 5847 3110 5895; x_wconf 89' lang='lat' dir='ltr'><strong>utrum</strong></span> <span class='ocrx_word' id='word_1_874' title='bbox 3159 5840 3291 5897; x_wconf 86' lang='lat' dir='ltr'><strong>nihil</strong></span> <span class='ocrx_word' id='word_1_875' title='bbox 3321 5841 3575 5911; x_wconf 88' lang='lat' dir='ltr'><strong>addatur,</strong></span> 
     </span>
    </p>
   </div>
   <div class='ocr_carea' id='block_1_123' title="bbox 1975 5906 2453 5979">
    <p class='ocr_par' dir='ltr' id='par_1_123' title="bbox 1975 5906 2453 5979">
     <span class='ocr_line' id='line_1_123' title="bbox 1975 5906 2453 5979; baseline 0.004 -20"><span class='ocrx_word' id='word_1_876' title='bbox 1975 5908 2205 5979; x_wconf 80' lang='lat' dir='ltr'><strong>quisque</strong></span> <span class='ocrx_word' id='word_1_877' title='bbox 2237 5906 2453 5965; x_wconf 82' lang='lat' dir='ltr'><strong>viderit.</strong></span> 
     </span>
    </p>
   </div>
  </div>
