4282 6250
677 268 780 335 ius

1874 274 2122 355 SANCTl
2159 263 2417 352 tltLAittt
2457 266 2761 355 EPiSCQPl

3875 277 3980 345 703

681 391 1745 468 (a)itteosconstituerent.Quiconvictas
1767 392 2279 461 conscientitndnlor
2304 398 2360 475 ᾼ
2382 411 2474 455 cur
2514 397 2735 467 similent
2767 394 3053 465 secundum
3084 394 3403 481 Scripturas.
3432 427 3504 439 --
3537 415 3556 457 ι
3592 397 3724 455 Nam
3763 398 3817 455 in
3844 415 3976 455 con-

679 502 782 559 est,
805 489 1070 546 deterreri
1100 501 1421 557 quemquam
1449 485 1729 557 agnitione,
1753 483 2024 543 veritatis!
2056 484 2112 542 Si
2136 485 2273 557 liber

679 583 781 639 iste
814 579 1055 637 Valentis
1082 586 1139 635 et
1166 576 1371 637 Ursacii
1418 592 1524 633 non
1570 587 1653 632 est
1681 574 1803 641 lidei
1850 588 2049 633 veStrte
2085 592 2101 643 ;
2143 575 2271 657 quid

677 676 795 744 ejus
824 672 1158 733 damnationi
1189 685 1295 729 non
1325 668 1703 743 acquiescitis?
1729 668 1891 727 Anne
1917 684 2026 726 non
2056 669 2271 745 publico

678 768 895 823 humani
924 766 1138 837 generis
1169 780 1394 825 assensu
1424 766 1568 825 inter
1590 779 1780 825 omnes
1804 764 2079 833 convenit,
2105 780 2272 825 vene-

676 877 804 917 num
831 861 1031 919 malum
1055 875 1202 927 esse,
1232 869 1285 917 et
1313 860 1517 927 (tandem
1546 859 1851 915 innocentis
1873 859 2079 917 crimen
2109 872 2231 915 esse
2250 898 2266 929 ,

674 962 725 1009 et
760 953 1090 1024 impietatem
1118 952 1172 1007 in
1201 951 1478 1009 dominum
1506 950 1790 1006 horrorem
1814 950 1969 1007 esse?
1994 947 2103 1007 Sed
2124 948 2271 1021 quis-

673 1061 777 1118 que
807 1045 925 1103 inec
951 1045 1127 1103 delata
1159 1059 1264 1101 non
1295 1044 1537 1109 damnat,
1572 1058 1797 1099 necesse
1822 1054 1907 1100 est
1933 1057 2122 1103 eorum
2149 1056 2272 1103 sese

671 1139 833 1197 studii
868 1140 1077 1199 socium
1108 1140 1460 1210 proﬁteatur:
1505 1139 1627 1208 quia
1658 1152 1818 1194 nemo
1844 1146 1968 1209 est,
2018 1138 2108 1209 qui
2158 1151 2269 1195 non

672 1243 727 1290 et
756 1249 877 1304 quas
917 1233 1092 1291 oderit
1137 1242 1395 1304 coarguat
1416 1272 1432 1298 ,
1463 1240 1520 1291 et
1546 1247 1665 1303 qua:
1692 1248 1799 1289 non
1828 1233 2069 1303 coarguit
2098 1230 2264 1305 695

673 1327 885 1398 probet.
914 1326 991 1397 (ὁ)
1014 1326 1143 1383 Post
1172 1326 1439 1398 synodum
1472 1326 1616 1383 enim
1649 1326 2052 1389 Seleuciensem
2080 1367 2095 1397 ,
2126 1327 2269 1385 Cun-

671 1419 1077 1493 stantinopolim
1104 1418 1388 1475 venientes
1407 1459 1424 1483 ,
1454 1417 1582 1489 quid
1609 1426 1693 1473 est
1717 1417 1860 1487 quod
1891 1419 2071 1481 statim
2116 1417 2268 1489 dam-

669 1518 810 1573 natis
835 1514 1106 1571 hinreticis
1135 1527 1232 1569 vos
1270 1512 1536 1584 jungitist
1580 1511 1698 1568 Non
1729 1511 1959 1573 dill‘ertis
1990 1513 2042 1568 iu
2086 1511 2269 1583 aliquo

669 1617 881 1679 tempus
910 1606 1177 1673 adeundi,
1212 1620 1385 1677 neque
1406 1606 1475 1665 de
1504 1604 1783 1677 prudentis
1809 1605 2018 1665 ratione
2045 1604 2260 1673 consilii

666 1703 901 1774 aliquam
929 1702 1083 1759 vobis
1106 1716 1315 1757 moram
1343 1700 1411 1755 ad
1443 1697 1900 1770 percunctandum
1929 1697 2261 1768 impenditis.

2375 496 2537 545 ventu
2586 487 2875 543 multorum
2906 502 3002 543 vos
3046 489 3381 559 arguentium
3409 531 3423 557 ,
3456 505 3554 547 cur
3579 490 3738 546 etiam
3767 489 3838 564 (ί)
3868 506 3977 549 non

2374 590 2679 641 creaturam
2712 582 2807 649 Dei
2837 581 3005 641 lilium
3034 581 3323 653 diceretis;
3354 584 3709 659 respondistis
3728 626 3745 659 ,
3773 584 3977 645 sanctis

2372 672 2810 745 Ariminensibus
2879 691 2987 731 non
3043 674 3317 733 Christum
3364 687 3666 739 creaturam
3722 690 3975 750 negatum

2371 766 2561 836 fuisse,
2591 767 2688 829 sed
2717 768 3032 826 dissimilem
3063 771 3273 829 exteris
3300 770 3563 829 creaturis
3596 788 3609 825 :
3642 771 3766 855 quia
3802 772 3856 828 in
3901 788 3968 829 eo

2371 860 2515 931 quod
2548 860 2749 919 dictum
2780 863 2872 929 sit,
2901 878 3005 917 non
3026 879 3132 919 esse
3161 874 3385 935 creatum
3408 864 3546 931 velut
3569 872 3781 919 crateras
3802 863 3979 935 factu—

2372 971 2497 1037 ras,
2532 971 2640 1021 non
2672 956 2751 1029 (g)
2784 955 2906 1026 quia
2936 956 3139 1012 creatio
3168 971 3278 1027 non
3328 957 3420 1027 sit,
3467 956 3564 1031 sed
3608 955 3911 1031 excipiatur
3944 973 3976 1017 ιι

2372 1048 2589 1105 caeteris
2614 1067 2627 1103 :
2661 1059 2723 1107 ut
2746 1049 2874 1105 licet
2899 1065 3004 1117 non
3036 1048 3314 1109 dissimilis
3339 1050 3555 1109 caeteris
3581 1050 3672 1115 sit,
3705 1060 3885 1121 tamen
3915 1058 3979 1106 ut

2378 1141 2496 1212 ipse
2526 1141 2670 1197 aliud
2700 1157 2806 1203 nou
2835 1141 2926 1198 sit.
2970 1142 3134 1215 Quasi
3179 1157 3308 1199 vero
3338 1141 3441 1197 ulla
3472 1150 3720 1211 creatura
3745 1143 3864 1199 aliis
3904 1144 3977 1198 sit

2373 1232 2567 1291 similis
2590 1275 2606 1305 ,
2637 1243 2694 1289 ut
2735 1233 2958 1305 angelus
2990 1231 3236 1301 homini,
3269 1232 3432 1305 homo
3460 1231 3582 1300 avi,
3610 1233 3726 1291 avis
3758 1233 3971 1303 pecudi.

2379 1325 2505 1382 Haec
2551 1328 2595 1384 si
2643 1328 2898 1394 mentior,
2932 1334 3098 1385 testes
3143 1334 3272 1382 sunt
3313 1327 3404 1397 qui
3454 1317 3760 1393 audierunt.
3817 1326 3974 1393 Quod

2372 1420 2416 1474 si
2464 1431 2517 1476 et
2584 1420 2686 1491 ipsi
2745 1422 3028 1485 tacebunt,
3079 1421 3315 1492 loquitur
3360 1434 3570 1476 mecum
3626 1418 3882 1475 defensus
3936 1435 3964 1473 a

2370 1514 2527 1570 vobis
2574 1515 2892 1586 impiissime
2919 1515 3051 1570 liber
3083 1521 3279 1579 vester,
3307 1514 3361 1570 in
3392 1529 3499 1585 quo
3525 1522 3583 1568 ut
3610 1516 3804 1569 vitrum
3836 1513 3968 1585 Ityn-

2369 1606 2576 1673 cintlto,
2608 1608 2679 1663 ita
2718 1606 2885 1669 Filius
2922 1608 3105 1672 Patri,
3133 1616 3190 1665 et
3218 1607 3331 1665 Deo
3357 1604 3606 1663 Christus
3634 1604 3845 1675 alienus
3865 1617 3968 1663 est.

2372 1700 2602 1767 Deinde,
2635 1702 2686 1759 in
2715 1716 2824 1771 quo
2850 1700 3020 1773 ωε
3041 1699 3321 1763 audientes
3347 1698 3615 1765 fefellistis
3636 1739 3652 1765 ,
3686 1709 3744 1757 ut
3768 1716 3877 1767 non
3905 1701 3973 1755 de

665 1793 883 1850 Adeunt
924 1792 1121 1853 deinde
1175 1808 1271 1846 vos
1319 1807 1423 1847 non
1477 1791 1941 1846 communicantes
1996 1789 2267 1861 episcopis
2297 1783 2346 1859 Β
2374 1793 2534 1848 nullis
2560 1792 2897 1853 exstantibus
2925 1794 3030 1861 sit,
3072 1793 3166 1853 sed
3197 1808 3261 1847 ea;
3282 1790 3429 1861 Deo;
3470 1792 3725 1864 numquid
3764 1801 3819 1848 et
3846 1794 3973 1864 quia

669 1887 862 1960 synodi
892 1886 1052 1958 legati
1076 1872 1381 1943 Orientales
1408 1924 1423 1951 ,
1472 1892 1620 1954 gesta
1662 1882 1842 1939 omnia
1892 1880 2154 1945 edocent,
2190 1878 2261 1951 (ο)

662 1980 972 2039 damnatam
1030 1992 1247 2050 quoque
1303 1975 1552 2035 hatresim
1583 1974 1960 2047 demonstrant
2008 1991 2021 2027 :
2081 1986 2264 2028 nonne

660 2072 989 2143 Oportuisset
1043 2086 1140 2129 vos
1186 2070 1377 2129 saltem
1423 2068 1510 2125 vel
1556 2083 1698 2125 nunc
1743 2068 2010 2127 absistere
2049 2064 2168 2137 (ιι),
2209 2075 2265 2127 ει

660 2174 975 2223 cunctarum
1026 2162 1480 2233 disceptationum
1526 2170 1767 2229 tenorem
1808 2159 2035 2219 arbitrio
2083 2175 2264 2217 reser-

658 2257 816 2315 vari?
846 2256 954 2315 Sed
982 2257 1167 2315 nescio
1189 2255 1344 2327 cujus
1374 2255 1660 2317 voluntatis
1692 2264 1889 2313 vestrae
1915 2255 2251 2325 conscientia

657 2353 789 2409 recti
830 2351 1091 2422 judicium
1138 2365 1245 2407 non
1293 2349 1592 2423 recepistis.
1648 2347 1853 2405 Vestris
1904 2347 2046 2407 enim
2076 2348 2257 2409 statim

659 2443 1023 2515 aggregamini
1045 2484 1061 2509 ,
1105 2451 1160 2498 et
1185 2441 1645 2513 blasphemiarum
1676 2446 1981 2499 vestrarum
2010 2454 2258 2499 commu-

654 2539 870 2595 nionem
902 2534 975 2608 (e)
1016 2536 1193 2600 luitis:
1224 2549 1326 2595 nec
1354 2534 1407 2593 id
1442 2534 1636 2591 saltem
1667 2533 1878 2593 consilii
1904 2533 2138 2600 sumitis,
2168 2532 2254 2588 sin

654 2629 825 2699 pudor
852 2628 1064 2700 aliquos
1092 2627 1402 2697 fefellisset,
1444 2625 1842 2695 Ariminensem
1867 2623 2133 2696 synodum
2159 2639 2256 2683 ex:-

651 2720 851 2779 timari.
885 2720 1076 2783 Delum
1099 2723 1244 2779 enim
1268 2725 1507 2775 vestrum
1532 2716 1586 2773 in
1605 2732 1711 2775 non
1733 2714 2252 2783 attatbematizandis

648 2811 842 2871 vestris
862 2812 1044 2871 statim
1077 2810 1411 2882 prodidistis.

717 2911 775 2969 ὅ.
827 2907 1114 2976 Perﬁdiam
1136 2908 1224 2977 qui
1254 2906 1596 2977 prodiderint.
1644 2904 1747 2971 Qui
1788 2904 1955 2974 ﬁlium
1988 2902 2162 2961 nolint
2194 2914 2254 2961 ut

644 3012 857 3058 smteras
885 3006 1136 3074 facturas.
1171 3000 1275 3068 Qui
1298 3000 1455 3055 uelint
1502 3017 1566 3059 ea:
1608 3000 1738 3057 Deo.
1796 3001 1897 3066 Qui
1949 3009 2250 3067 (sternunt;

644 3167 741 3235 ait,
769 3174 824 3221 ut
854 3163 920 3220 de
949 3163 1146 3220 caeteris
1173 3180 1275 3235 non
1305 3163 1589 3235 calnntnier
1613 3202 1627 3227 ,
1658 3160 1762 3217 hoc
1786 3160 1885 3218 sibi
1917 3161 2053 3228 vnit,
2086 3172 2142 3217 ut
2170 3160 2240 3219 de
2267 3162 2314 3228 Ο
2348 3170 2635 3235 negantem
2676 3161 2808 3217 tolle
2848 3169 2975 3217 ante
3003 3160 3292 3235 dissimilis.
3324 3162 3417 3235 Alta

642 3233 854 3294 emteris
884 3253 989 3292 non
1018 3234 1340 3291 contendant
1366 3248 1430 3288 ac
1460 3233 1605 3288 litem
1644 3247 1913 3287 moveam.

715 3307 794 3379 (a)
846 3306 1148 3378 Legendutn
1170 3307 1231 3379 in
1257 3322 1316 3360 eo
1353 3313 1444 3360 aut
1465 3306 1525 3379 in
1553 3322 1684 3369 eum,
1716 3303 1835 3361 scil.
1866 3304 1956 3373 qui
1986 3318 2242 3379 suscepe-

641 3376 746 3436 rat.
775 3376 1043 3436 wSubinde
1094 3378 1339 3448 vulgati,
1387 3377 1475 3445 qui
1521 3379 1813 3449 conjuncta!
1863 3376 2237 3431 conscientias:

640 3451 994 3508 emendantur
1022 3465 1087 3504 ex
1108 3453 1427 3520 archetypo.
1494 3490 1501 3499 .

712 3520 786 3645 ςῡ)
828 3522 909 3578 Ad
940 3518 1586 3591 Constantinopolitanam
1612 3518 1879 3590 synodum
1928 3518 2045 3572 haec
2094 3533 2233 3572 non-

737 3594 771 3645 li
799 3592 1077 3645 referunt.
1110 3591 1259 3645 ouasi
1289 3591 1323 3643 ii
1364 3591 1825 3645 llonstantinoooli
1859 3589 2132 3643 lueretieis
2175 3603 2233 3645 se

641 3589 777 3649 nulli
799 3592 1040 3648 referunt
1063 3634 1077 3660 ,
1110 3591 1259 3661 quasi
1289 3589 1323 3643 ii
1364 3589 1825 3658 llonstantitmpoli
1859 3589 2132 3661 lueretieis
2175 3603 2237 3645 se

633 3663 877 3736 juuxisse
909 3664 993 3717 hic
1015 3674 1352 3736 arguantur,
1371 3661 1462 3731 qui
1488 3671 1645 3715 antea
1672 3660 1935 3736 Seleucia:
1964 3674 2237 3736 convene-

638 3731 781 3791 rant.
812 3734 883 3791 At
910 3750 977 3790 ex
1006 3731 1165 3789 dictis
1182 3732 1290 3802 jam
1321 3732 1507 3802 liquet.
1541 3747 1603 3788 ea
1626 3732 1693 3786 ad
1716 3731 2234 3803 legatorutn_Arint_i-

638 3807 823 3871 nensis
872 3802 1069 3879 synodi
1111 3804 1163 3859 in
1183 3799 1333 3879 '_eatn
1377 3799 1572 3879 urbem
1621 3799 1901 3879 accessum
1952 3799 2237 3879 reforenda

636 3891 780 3949 esse,
810 3872 1166 3949 qui':tbso|uta
1190 3874 1517 3949 Seleuciensi
1550 3872 2236 3949 synodoConstantinopo-

636 3948 728 4003 lim
756 3945 1032 4004 venientes
1058 3989 1074 4014 ,
1102 3945 1372 4001 damnatis
1394 3945 1461 4000 ab
1487 3960 1549 3999 ea
1581 3945 1860 4001 haereticis
1880 3983 1895 4011 ,
1925 3945 2087 4000 etiam
2118 3959 2235 3999 ιιιοο

638 4020 760 4091 niti,
783 4036 842 4091 se
864 4019 1089 4091 jungere
1114 4032 1225 4091 non
1246 4016 1600 4091 distulerunt.

710 4090 781 4164 (ι’)
809 4085 880 4146 Ιιι⁷
895 4085 996 4164 nisi
1023 4089 1192 4164 Pith.,
1213 4088 1605 4164 dominantem:
1631 4086 1896 4164 cuifavet
1912 4085 2045 4164 illud
2079 4102 2229 4164 num.

637 4162 664 4234 1
694 4205 709 4227 ,
754 4156 817 4217 ne
846 4161 1050 4234 penitus
1085 4160 1358 4234 dominans
1379 4162 1495 4232 jam
1520 4160 1658 4234 intra
1697 4156 1984 4234 [itﬁuium
2024 4159 2234 4213 ἀίει-θείς

634 4229 927 4305 incalescat.
952 4232 1069 4288 Non
1098 4231 1239 4287 male
1274 4229 1695 4305 tam'envidetur
1717 4229 1903 4305 Faber
1922 4238 2233 4305 reposuisse

635 4303 933 4360 damnatam
960 4322 980 4360 :
1020 4318 1141 4359 cum
1183 4300 1424 4371 proxime
1458 4303 1751 4357 habeatur:
1800 4300 1941 4367 Quid
1971 4309 2044 4355 est
2093 4300 2232 4371 quod

633 4379 805 4429 statim
827 4377 1081 4431 damnatis
1110 4374 1360 4428 htzreticis
1381 4389 1467 4426 vos
1483 4372 1736 4445 jungitis?

708 4448 789 4522 (du)
822 4448 957 4503 liditi
986 4491 999 4511 ,
1026 4445 1213 4502 relicto
1237 4445 1393 4522 unius
1424 4452 1517 4497 aut
1544 4444 1766 4522 duarum
1794 4456 1982 4522 vocum
2003 4444 2188 4522 _spatio
2213 4484 2229 4511 ,

2372 1886 2472 1940 hoc
2500 1900 2530 1940 a
2566 1884 2717 1941 vobis
2745 1884 2946 1953 dictum
2974 1884 3046 1940 sit
3074 1925 3091 1950 ,
3123 1883 3402 1947 simulatio
3445 1900 3557 1951 non
3589 1884 3804 1956 patuit?
3846 1900 3974 1943 cum

2368 1977 2492 2039 ideo
2523 1993 2630 2035 non
2658 1976 2727 2035 de
2758 1976 2920 2039 nullis
2946 1977 3282 2037 exstantibus
3304 2020 3319 2047 ,
3362 1977 3458 2047 sed
3486 1993 3554 2033 ex
3590 1979 3697 2039 Deo
3717 2020 3732 2045 ,
3768 1994 3973 2047 secun-

2365 2068 2495 2125 dum
2540 2080 2774 2135 vestram
2805 2069 3197 2141 professionem
3230 2070 3341 2141 sit,
3373 2066 3498 2143 quia
3525 2069 3701 2126 eidem
3722 2069 3973 2129 voluntas

2365 2163 2433 2225 ad
2462 2163 2536 2229 id,
2569 2163 2713 2237 quod
2742 2163 3022 2237 subsistat,
3051 2162 3334 2229 exordium
3354 2162 3535 2221 fuerit.
3560 2161 3784 2219 Mentior
3800 2162 3973 2219 sane?

2361 2258 2407 2313 si
2442 2273 2548 2315 non
2596 2259 2647 2317 in
2679 2258 3035 2315 conventibus
3080 2271 3176 2327 per
3216 2256 3638 2323 conventionem
3679 2255 3845 2313 libelli
3873 2257 3960 2312 sui

2360 2349 2727 2411 Orientalibus
2760 2347 2844 2427 (Ιι)
2874 2349 3171 2409 damnastis
3200 2364 3330 2425 eos,
3360 2349 3452 2420 qui
3481 2364 3592 2405 non
3620 2347 3687 2407 de
3716 2348 3971 2405 substan-

2362 2442 2434 2507 tia
2464 2441 2665 2511 habere
2695 2441 2746 2511 id
2777 2441 2921 2517 quod
2946 2453 3106 2501 natus
3136 2450 3240 2505 est.
3269 2441 3366 2499 sed
3393 2440 3462 2499 de
3492 2441 3766 2499 voluntate
3792 2438 3966 2496 dixis-

2361 2542 2505 2589 sent.
2554 2531 2834 2588 Ai'ternum
2859 2547 3078 2604 quoque
3104 2549 3226 2588 cum
3253 2531 3416 2589 Patre
3444 2548 3567 2593 esse
3616 2532 3973 2609 proﬁtemini.

2366 2625 2506 2685 Vere
2545 2642 2677 2685 sane
2701 2627 2946 2689 dixeritis
2974 2669 2990 2705 ,
3029 2628 3075 2685 si
3106 2643 3214 2703 nep
3242 2627 3596 2687 reclamatum
3626 2627 3754 2689 milii
3782 2635 3969 2696 esset,

2362 2735 2459 2778 cur
2490 2732 2617 2781 ante
2644 2731 2883 2795 tempora
2912 2729 3114 2778 aeterna
3141 2721 3212 2778 de
3240 2737 3372 2779 vero
3402 2732 3555 2796 patre
3601 2722 3666 2797 (ί)
3710 2721 3822 2781 Deo
3870 2738 3972 2780 νε-

2362 2831 2479 2871 rum
2505 2816 2839 2888 unigenitum
2872 2816 3038 2877 Deum
3063 2826 3247 2875 natum
3268 2816 3693 2889 praedicassctis:
3728 2827 3971 2881 matter-

2358 2906 2500 2967 nitas
2526 2910 2577 2965 ei
2604 2923 2728 2967 cum
2760 2909 2916 2965 Patre
2963 2909 3278 2980 angelorum
3317 2910 3731 2983 animarumque
3768 2910 3970 2969 buma-

2360 3018 2553 3061 narum
2579 3043 2596 3071 ,
2632 3001 2705 3077 (j)
2736 3016 2843 3069 non
2868 3002 2978 3075 jam
3005 3002 3336 3081 anteriprum
3369 3003 3464 3077 sit,
3496 3002 3592 3077 sed
3639 3001 3967 3065 futurorum.

3540 3163 3657 3221 nior
3680 3170 3735 3219 et
3757 3161 3970 3233 perspi-

2344 3234 2499 3288 cuinr
2520 3235 2626 3289 erit
2657 3236 2773 3287 haec
2803 3234 3076 3288 sententia
3105 3249 3120 3288 :
3163 3249 3268 3287 nou
3311 3233 3409 3299 hoc
3439 3233 3642 3293 dictum
3684 3245 3765 3291 est
3784 3277 3800 3302 ,
3842 3235 3967 3303 quia

2340 3306 2530 3375 creatio
2563 3321 2666 3359 non
2684 3307 2753 3360 sit
2781 3345 2796 3369 ,
2823 3303 2913 3359 sed
2933 3306 3057 3375 quia
3082 3306 3370 3375 excipiatur
3400 3323 3437 3363 α
3485 3306 3683 3365 ceteris
3705 3320 3725 3360 :
3764 3314 3821 3367 ιιι
3846 3306 3967 3360 licet

2341 3374 2610 3499 dissgnilis
2637 3375 2835 3459 steteris
2861 3374 2967 3442 sit,
3016 3374 3090 3430 ita
3116 3386 3289 3432 tamen
3320 3377 3390 3432 sit
3412 3377 3728 3443 dissimilis,
3758 3387 3817 3435 ιιι
3851 3377 3966 3446 ipse

2341 3462 2374 3498 a
2397 3463 2448 3499 tu
2516 3463 2621 3499 non
2648 3457 2736 3499 sit.

2341 3447 2488 3500 aliud
2516 3463 2621 3501 non
2648 3447 2736 3501 sit.

2413 3516 2503 3591 (lt)
2544 3517 2701 3592 Puta,
2735 3532 2863 3592 eum
2888 3516 3182 3592 Sirmiiab
3210 3516 3514 3592 Ancyrana:
3540 3518 3741 3592 synodi
3768 3518 3964 3592 legatis

2341 3588 2626 3651 conventi.
2657 3588 3064 3647 definitionibus
3087 3591 3297 3649 illorum
3319 3588 3665 3647 subscribere
3688 3588 3963 3659 compulsi

2340 3668 2499 3732 sunt.
2534 3661 2728 3730 quibus
2754 3660 3086 3732 damnantur
3109 3701 3125 3724 ,
3168 3661 3260 3732 qui
3290 3659 3489 3719 Filium
3524 3678 3651 3720 vere
3677 3671 3734 3718 et
3760 3675 3963 3723 secont-

2339 3730 2473 3786 dum
2521 3729 2876 3787 substantiam
2923 3729 3090 3802 lilium
3118 3729 3240 3789 esse
3282 3743 3519 3802 negant;
3558 3742 3653 3789 aut
3701 3732 3795 3800 qui
3828 3749 3958 3795 eum

2340 3810 2555 3857 tantum
2600 3802 2899 3858 secundum
2938 3799 3238 3859 efﬁcaciam
3270 3799 3461 3863 ﬁlium.
3494 3815 3549 3860 et
3586 3799 3810 3861 Patrem
3842 3805 3961 3867 dis-

2336 3874 2542 3929 similis
2588 3872 2693 3929 sibi
2721 3873 2972 3931 essentia:
3001 3881 3205 3938 patrem
3227 3889 3349 3930 esse
3372 3874 3668 3931 affirmant.
3705 3874 3825 3933 Viti.
3853 3877 3954 3936 lib.

2337 3943 2406 3998 de
2426 3945 2635 4016 Synod.
2670 3960 2725 3999 ιι.
2758 3942 2835 4016 ιι
2865 3954 2932 4016 et_
2967 3943 3057 4016 i9.
3103 3946 3373 4002 Praeterea
3413 3944 3777 4015 Epiphanius,
3810 3948 3953 4008 liter.

2336 4013 2521 4081 mitti,
2545 4015 2862 4072 earumdem
2899 4013 3250 4073 Orientalium
3273 4013 3832 4083 libellum-describit,
3880 4023 3955 4081 ad

2334 4091 2489 4155 cujus
2511 4092 2715 4142 catcem
2745 4102 2894 4157 num,
2918 4086 3012 4152 22,
3042 4087 3243 4157 legitur
3272 4104 3286 4141 :
3316 4087 3517 4157 Siquis
3552 4105 3657 4143 non
3690 4089 3745 4145 in
3775 4094 3955 4148 cuiui-

2335 4103 2489 4155 cnyns
2511 4103 2715 4142 caicem
2745 4103 2894 4141 num.
2918 4103 3012 4152 zz,
3042 4103 3098 4142 te
3139 4103 3243 4143 ιιιιι·
3272 4104 3286 4141 :
3316 4103 3378 4144 at
3401 4105 3517 4157 quis
3552 4105 3657 4143 non
3690 4105 3745 4145 tu
3775 4106 3953 4148 autut-

2335 4156 2426 4211 bus
2453 4158 2672 4212 similem
2702 4175 2819 4228 esse
2859 4156 3009 4213 Patri
3063 4103 3282 4223 Itﬂilium,
3323 4159 3755 4226 quemadmodum
3809 4165 3953 4228 patri

2333 4229 2519 4284 similis
2548 4238 2621 4284 est
2647 4227 2790 4299 [ilius
2809 4244 2829 4295 ;
2856 4228 2946 4283 sed
2968 4229 3229 4285 uoluntate
3248 4232 3493 4297 similem,
3516 4227 3815 4289 substantia
3832 4233 3952 4289 dis-

2332 4300 2551 4354 similem
2568 4317 2676 4354 esse
2694 4299 2903 4365 dixerit,
2920 4302 3192 4357 anathema
3218 4302 3283 4357 sit
3299 4317 3317 4356 :
3337 4303 3495 4372 eique
3518 4302 3823 4363 delinitiOni
3848 4321 3921 4363 uo
3934 4336 3951 4347 -

2334 4372 2575 4427 minatim
2602 4372 2883 4429 Valentem
2912 4373 3303 4442 subscripsisse
3352 4374 3693 4431 testiﬁcatur.
3740 4375 3947 4444 Antea,

2334 4456 2431 4513 pro
2458 4444 2512 4497 in
2536 4444 2887 4506 conuentibus,
2912 4444 3051 4499 hirta
3090 4443 3377 4513 legendum
3420 4445 3831 4503 conniventibus.
3884 4443 3948 4505 ln

634 4512 929 4643 prinf'erunt
966 4534 1085 4573 cum
1131 4533 1233 4571 ms.
1263 4514 1527 4597 adsistere.
1590 4514 1791 4597 Mutato
1832 4512 1866 4565 d
1910 4513 1963 4567 in
1996 4514 2026 4568 ὁ
2052 4514 2227 4570 locum
2255 4548 2310 4609 Β
2339 4512 2437 4568 hac
2457 4516 2602 4569 enim
2625 4528 2814 4570 eorum
2842 4512 3239 4584 subscriptione
3262 4513 3569 4597 Orientales
3596 4516 3949 4575 conniventi:

654 4605 777 4643 tunc
802 4592 1144 4643 resarcimus.
1195 4589 1364 4642 Antea
1411 4597 1573 4640 etiam
1620 4600 1791 4643 manus
1823 4586 2057 4643 placeret
2084 4595 2228 4643 tunc.
2337 4597 2464 4638 usos
2511 4599 2635 4641 esse
2685 4594 2837 4643 notat
2890 4600 2957 4641 ac
2985 4585 3165 4641 laudat
3216 4586 3473 4643 lltlarius.
3500 4587 3690 4643 lib.de
3726 4588 3945 4643 Svnod.

676 4605 777 4645 unc
802 4592 1144 4646 resarcimus.
1195 4589 1364 4642 Antea
1411 4587 1573 4640 etiam
1620 4588 1791 4654 magis
1823 4586 2057 4649 placeret
2084 4595 2228 4655 tunc,

632 4677 790 4732 quam
821 4678 981 4727 nunc;
1012 4660 1115 4714 hoc
1139 4658 1281 4714 enim
1307 4656 1410 4713 sibi
1440 4660 1544 4711 vult
1582 4675 1596 4732 ς
1636 4655 1932 4732 ilaereticis
1961 4656 2228 4713 damnatis

633 4727 1027 4789 inconsiderate
1057 4746 1152 4787 vos
1175 4734 1401 4799 iungere
1431 4742 1538 4783 non
1565 4727 1824 4783 debuisus
1854 4745 1868 4782 :
1902 4738 1956 4799 at
1982 4743 2103 4799 eum
2133 4742 2227 4785 en-

630 4819 746 4858 rum
774 4805 1021 4859 haeresim
1050 4797 1199 4857 vobis
1219 4800 1660 4855 demonstrarunt
1677 4797 1998 4855 Orientales.
2029 4798 2223 4855 saltem

629 4884 757 4931 tunc
779 4892 874 4930 vos
900 4876 967 4929 ab
991 4875 1206 4928 illorum
1229 4872 1487 4925 societate
1508 4872 1772 4927 ab~istere
1797 4872 2055 4938 Oportnit.

703 4945 775 5019 (e)
819 4948 871 4999 ln
906 4944 1189 5019 Pitltmauo
1225 4942 1444 5019 codice,
1485 4943 1748 5019 minuitis,
1781 4942 1992 5019 Διιροῇῦᾀ
2034 4943 2221 5019 saltem

627 5011 858 5074 consiliis
888 5016 1127 5088 sumptis,
1159 5025 1261 5070 etc.
1314 5013 1613 5088 Retinenda
1648 5013 1848 5088 Nicolai
1888 5011 2044 5088 Fabri
2091 5030 2215 5088 cor-

627 5092 815 5161 rectio.
863 5091 969 5147 Sed
1002 5085 1247 5161 Quamvis
1277 5087 1362 5161 lue
1393 5085 1600 5161 aliquid
1630 5085 1819 5141 deesse
1838 5085 2168 5161 existimarit
2195 5124 2213 5150 ,

626 5160 835 5234 integra
867 5152 1258 5234 niibis'videtur
1282 5156 1444 5234 lectio
1472 5152 1547 5234 eo
1583 5172 1747 5213 sensu
1779 5175 1792 5211 :
1836 5152 2019 5234 Neque
2032 5157 2211 5234 etiam

625 5232 670 5287 si
696 5229 785 5303 ιιιῖὶ
817 5235 1045 5305 primum
1072 5231 1188 5287 falsi
1219 5233 1420 5305 essent,
1451 5239 1504 5285 et
1534 5231 1588 5305 in
1615 5229 2068 5305 errore_nonnilt_i_l
2101 5242 2215 5300 pm

628 5300 832 5376 pudore
859 5305 1234 5376 detinerentur
1257 5343 1287 5376 ,_
1318 5301 1508 5356 saltem
1558 5301 1853 5356 immutatis
1882 5300 2210 5376 consilium,

626 5369 712 5432 ubi
755 5378 1036 5433 advertere
1059 5373 1320 5431 debuistis
1362 5385 1598 5437 vestrum
1624 5387 1866 5429 errorem
1893 5376 2058 5427 totius
2093 5369 2212 5425 Ari-

626 5450 885 5504 minensis
931 5448 1118 5522 synodi
1151 5443 1480 5522 existimari.
1532 5444 1809 5522 Frequens
1853 5442 1996 5497 enim
2025 5450 2113 5522 est
2154 5443 2210 5522 in

623 5522 856 5601 antiquis
882 5513 1033 5577 libris
1058 5516 1295 5601 animari
1319 5555 1335 5581 ,
1368 5530 1466 5586 pro
1510 5513 1793 5601 existi'nmri
1820 5524 1913 5568 aut
1931 5513 2209 5601 festinaui.

699 5584 767 5661 (ﬂ
810 5592 970 5648 Forte
990 5635 1004 5660 ,
1036 5608 1129 5646 cur
1156 5584 1309 5661 etiam
1338 5584 1439 5642 non
1466 5597 1762 5661 erecturum
1789 5601 1899 5642 esse
1922 5584 2019 5640 Dei
2042 5585 2213 5656 ﬁlium

625 5657 733 5719 ηοίί
747 5657 1007 5729 diceretis,
1032 5664 1107 5718 uti
1135 5657 1408 5739 postulare
1428 5659 1637 5717 videtur
1657 5661 1957 5716 subnexum
1987 5672 2214 5728 respon-

627 5748 778 5873 sug’)
827 5804 1048 5875 Supple,
1089 5804 1183 5863 hoc
1222 5806 1414 5862 dictum
1438 5816 1513 5862 est
1548 5816 1650 5857 :ae
1674 5810 1863 5872 postea
1891 5799 2212 5869 particulam

2337 4597 2492 4711 :solsz,
2511 4599 2635 4641 esse
2685 4594 2837 4653 notat
2890 4600 2957 4641 ac
2985 4585 3165 4641 laudat
3216 4586 3473 4655 Hilarius,
3500 4587 3690 4647 lib.de
3726 4588 3945 4660 Synod.

2338 4670 2394 4710 li.
2423 4664 2512 4710 υἷ’).

2406 4727 2471 4799 (i)
2510 4727 2587 4783 Ita
2626 4726 2985 4799 emendamus
3010 4744 3024 4782 :
3054 4743 3177 4785 eum
3205 4744 3274 4785 ex
3318 4743 3422 4787 ms.
3472 4729 3617 4789 Pitlt.
3662 4729 3943 4799 vulgatum

2329 4797 2500 4865 esset,
2532 4799 2596 4854 de
2624 4814 2743 4872 vero
2777 4811 2921 4870 patre
2952 4797 3122 4872 Deum
3168 4816 3345 4857 verum
3380 4802 3712 4872 unigenitum
3768 4799 3942 4858 Deum

2329 4879 2509 4927 natum
2540 4869 2922 4941 pradicassem.
2980 4871 3203 4929 Planum
3252 4882 3337 4929 est
3376 4871 3465 4929 hic
3486 4869 3611 4927 eam
3646 4872 3941 4930 formulam

2329 4942 2570 5013 refutari,
2623 4957 2689 4996 ex
2738 4958 2843 5013 qua
2915 4945 3214 5011 Auxentius
3282 4955 3464 5010 postea
3521 4942 3800 5013 proleSsus
3851 4954 3942 5000 est

2324 5011 2598 5086 Qltrtstum
2637 5011 2770 5086 ante?
2801 5014 2975 5069 omnia
3004 5024 3232 5086 tempore
3259 5023 3438 5073 natum
3468 5011 3634 5075 Deum
3659 5030 3845 5073 vastus
3869 5017 3940 5084 ﬁ-

2325 5081 2456 5137 lium
2482 5100 2545 5139 ea:
2570 5100 2689 5138 vero
2714 5081 2827 5139 Deo
2856 5093 3021 5154 patre.
3058 5081 3213 5153 Quod
3260 5098 3443 5155 autem
3482 5086 3587 5143 sub
3640 5086 3722 5145 Itis
3756 5081 3940 5145 verbis

2323 5158 2471 5211 virus
2502 5157 2688 5221 lateat,
2716 5155 2975 5224 Hilarius,
3000 5156 3097 5213 lib.
3146 5167 3338 5217 contra
3382 5156 3637 5217 eumdem
3690 5155 3937 5216 Auscut.

2326 5242 2377 5278 ιι.
2409 5228 2442 5281 5
2470 5239 2523 5280 et
2555 5226 2610 5293 7,
2643 5226 2867 5297 detegit.

2399 5297 2489 5373 (ᾖ),
2514 5297 2783 5373 Relictum
2814 5298 2900 5353 hic
2929 5308 3051 5356 erat
3074 5301 3333 5373 spatium,
3364 5314 3474 5370 qua
3517 5300 3670 5373 plura
3716 5298 3940 5361 deside-

2324 5368 2457 5424 rari
2475 5369 2646 5425 lector
2667 5368 3074 5427 admoneretur.
3104 5368 3317 5441 Integra
3345 5368 3535 5437 tamen
3568 5373 3781 5429 censui
3837 5385 3941 5440 po-

2325 5448 2427 5495 test
2453 5442 2627 5496 oratio
2654 5459 2669 5495 :
2696 5456 2798 5511 qua
2840 5457 2961 5497 eam
3012 5443 3314 5522 dumtaxat,
3339 5458 3459 5514 qua:
3478 5444 3795 5522 angelorum
3816 5441 3944 5503 aui-

2321 5526 2639 5585 ntarutttque
2689 5524 2993 5585 nostrarum
3070 5521 3290 5585 propria
3356 5527 3482 5582 est,
3559 5521 3934 5585 :meruttatem

2316 5580 2641 5640 Christo’ab
2683 5582 2901 5640 Arianis
2944 5580 3188 5645 attribui'
3212 5580 3605 5651 admonemur;
3634 5585 3787 5655 quasi
3838 5583 3940 5641 ille

2319 5670 2425 5709 noti
2472 5655 2827 5727 anteriurum,
2874 5656 2973 5713 sed
3028 5657 3332 5717 futurorum
3374 5667 3624 5727 respectu
3655 5657 3727 5715 sit
3756 5664 3935 5727 (gler-

2320 5740 2440 5781 nus.
2475 5724 2548 5778 Ita
2569 5726 2710 5794 apud
2740 5728 2970 5784 Arianos
2996 5742 3105 5791 non
3136 5745 3241 5787 una
3266 5740 3384 5788 erat
3414 5723 3733 5787 aeternitatis
3763 5723 3936 5789 Gltri-

2320 5797 2386 5853 sti
2408 5795 2771 5868 intelligenda)
2801 5799 2938 5857 ratio
2965 5799 3035 5857 ad
3061 5813 3215 5861 suam
3254 5802 3499 5873 ipsorum
3540 5800 3793 5861 haeresim
3840 5812 3939 5867 stc-
