4224 6262
668 259 769 315 711

1903 253 2151 312 SANCTI
2191 251 2445 311 HILARH
2485 252 2788 312 EPISCOPI

3875 251 3979 307 712

665 366 787 423 dent
821 368 1019 425 diaboli
1045 378 1102 426 et
1130 367 1499 432 consnirantia
1533 366 1794 423 adversus
1823 364 2122 421 Ecclesiam
2154 365 2259 419 Do-
2291 372 2343 431 Α
2366 364 2582 420 cibilem
2613 366 2993 436 prazdicemus,
3035 365 3131 422 sed
3165 364 3309 435 quod
3341 364 3566 436 impium
3596 365 3670 420 sit
3698 367 3937 421 maxime
3957 408 3974 431 ,

665 459 800 514 mini
842 461 1227 516 hmreticortnn
1277 459 1492 529 ingenia
1540 458 1931 530 cognorimus,
1972 456 2055 529 (η)
2085 465 2144 510 ιιι
2185 455 2263 510 di-

662 557 763 613 visi
805 557 859 612 in
892 558 1136 628 partibus
1164 555 1404 612 Orientis
1447 564 1610 626 atque
1655 552 1965 609 Occidentis
1986 595 2000 617 ,
2033 551 2262 607 diversis

665 649 899 705 invicem
930 648 1275 718 Opinionihus
1316 648 1650 703 falleremur.
1696 645 1831 702 Nam
1864 646 2044 716 plures
2070 659 2262 700 nume-

659 758 758 809 ro,
790 742 880 813 qui
912 752 1005 797 aut
1033 740 1267 799 Arimini
1296 751 1385 796 aut
1417 740 1609 798 Nicmm
1641 737 1922 812 (Thraciis)
1952 737 2259 806 adfuerunt,

659 834 764 889 sub
808 834 1131 889 auctoritate
1174 835 1338 890 vestri
1403 833 1637 888 nominis
1686 831 1753 887 ad
1799 831 1929 886 usiac
1982 830 2257 886 silentium

668 934 795 980 sunt
840 924 1016 981 coacti
1066 942 1079 979 :
1128 923 1272 995 quod
1320 923 1545 981 verbum
1596 938 1628 977 a
1668 921 1822 978 vobis
1866 922 2138 993 quondam
2181 921 2255 993 (b)

668 1027 858 1074 contra
891 1015 1351 1072 Ariomanitarnm
1398 1014 1650 1071 haeresim
1682 1013 1956 1070 inventum
1982 1055 1998 1083 ,
2040 1029 2070 1068 a
2102 1012 2260 1069 nobis

655 1126 871 1183 semper
896 1119 1085 1167 sancte
1119 1110 1461 1182 ﬁdeliterque
1492 1118 1800 1177 susceptum
1826 1118 1935 1164 est.

724 1203 780 1257 2.
817 1202 932 1268 Quo
965 1219 1116 1258 sensu
1145 1201 1372 1273 synodus
1402 1201 1706 1256 homousion
1747 1200 2107 1272 amplectatur.
2138 1196 2255 1253 Ho-

654 1297 898 1353 maeusion
930 1314 1031 1352 non
1060 1298 1274 1368 respuit.
1321 1326 1391 1338 —-
1416 1295 1552 1352 Nam
1594 1294 1917 1351 homousion
1948 1309 2255 1349 sermonem

650 1391 718 1447 ad
755 1406 937 1447 veram
985 1399 1042 1447 et
1085 1391 1378 1463 legitimam
1426 1406 1492 1445 ex
1530 1389 1645 1444 Deo
1676 1399 1827 1460 patre
1869 1386 2127 1458 unigeniti
2162 1387 2253 1442 Dei

656 1481 994 1538 nativitatem
1041 1497 1228 1538 sumus
1256 1482 1529 1554 amplexi,
1575 1481 1913 1538 detestantes
1954 1480 2252 1535 secundum

656 1573 874 1633 Sabellii
908 1574 1273 1645 blasphemias
1296 1574 1466 1644 ipsam
1500 1573 1776 1637 unionem,
1812 1588 1985 1642 neque
2015 1571 2253 1642 aliquam

656 1679 862 1739 partem
898 1666 1075 1723 Patris
1101 1682 1227 1723 esse
1256 1666 1454 1723 Filium
1479 1666 1882 1738 intelligentes;
1915 1664 2009 1721 sed
2041 1680 2108 1721 ex
2140 1673 2254 1720 toto

2371 457 2481 511 Deo
2531 467 2833 529 temporum
2867 467 3080 528 tempus
3123 458 3338 527 aliquod
3380 456 3686 521 anteferre;
3724 472 3848 512 cum
3893 458 3975 527 ip-

2374 561 2492 603 sum
2524 549 2655 604 illud
2680 592 2694 616 ,
2722 561 2997 621 antequam
3024 560 3318 605 nasceretur
3365 566 3467 605 non
3500 552 3596 614 {uit
3614 592 3628 614 ,
3662 552 3735 604 sit
3764 560 3975 618 tempo-

2364 640 2461 695 ris.
2515 640 2621 697 Sed
2664 649 2720 697 et
2758 641 3102 699 obedientem
3134 657 3351 714 quoque
3389 642 3535 698 Patri
3568 640 3765 698 Filium
3806 643 3971 698 etiam

2364 748 2533 805 usque
2578 735 2645 789 ad
2699 745 2929 792 mortem
2983 739 3196 804 crocis,
3249 736 3547 792 secundum
3593 736 3967 792 inﬁrmitatem

2362 826 2633 898 adsumpti
2680 827 2936 894 hominis,
2983 844 3088 884 non
3124 844 3381 900 negamus
3414 844 3579 884 :cum
3606 829 3723 899 ipse
3772 829 3841 885 de
3868 829 3971 885 ad-

2362 937 2556 977 scensu
2586 937 2685 977 suo
2715 923 2781 977 ad
2813 923 2981 979 rmlos
3019 923 3228 979 locutus
3259 925 3330 978 sit
3365 940 3377 977 ε
3414 922 3476 980 Si
3522 923 3803 995 diligeretis
3846 940 3965 991 me,

2367 1017 2658 1086 gauderetis
2696 1017 2817 1088 quia
2858 1019 2987 1072 vado
3018 1017 3086 1070 ad
3134 1014 3382 1082 Patrem;
3426 1017 3546 1088 quia
3597 1015 3756 1070 Pater
3799 1018 3970 1089 major

2358 1082 2439 1163 me
2460 1119 2533 1163 est
2562 1082 2739 1182 (Jonn.
2766 1126 2882 1174 stv,
2907 1109 3023 1176 28).
3054 1109 3155 1164 Per
3176 1108 3330 1179 cujus
3354 1082 3533 1163 carnis
3560 1082 3962 1179 susceptionem

2366 1214 2465 1255 nos
2510 1199 2612 1256 sibi
2645 1200 2839 1257 fratres
2886 1215 3304 1271 conuuncupare
3349 1200 3601 1271 dignatus
3645 1212 3727 1257 est
3779 1200 3961 1274 (Joan.

2357 1308 2448 1359 xx,
2480 1291 2595 1367 i7),
2625 1310 2747 1349 cum
2771 1293 2826 1349 in
2855 1292 3026 1348 forma
3056 1294 3154 1349 Dei
3185 1307 3434 1359 manens,
3463 1294 3635 1348 forma
3666 1295 3805 1349 servi
3833 1309 3963 1351 esse

2356 1384 2545 1440 voluit.

2426 1479 2484 1534 «ι.
2517 1478 2679 1551 Lapsi
2721 1489 3002 1535 retractant
3036 1480 3175 1546 quod
3214 1488 3502 1552 gesserunt.
3533 1477 3744 1534 Errat-is
3770 1490 3958 1535 aucto-

2355 1588 2439 1627 res
2470 1572 2737 1628 damnant.
2786 1574 3000 1641 Itaque,
3041 1571 3518 1637 Charissimi,cum
3545 1588 3611 1628 ex
3644 1572 3835 1628 litteris
3863 1588 3961 1627 ve-

2356 1668 2486 1721 stris
2528 1666 2579 1720 in
2610 1669 2747 1721 usizze
2788 1666 3005 1721 silentio
3042 1664 3283 1722 fraudem
3314 1680 3373 1720 se
3401 1680 3612 1736 passam
3636 1663 3959 1735 simplicitas

645 1771 808 1833 atque
837 1761 1074 1831 perfecto
1116 1760 1425 1817 innascibtli
1467 1760 1578 1817 Deo
1603 1803 1617 1828 ,
1647 1769 1818 1816 totum
1851 1768 2013 1830 atque
2039 1759 2249 1830 perfec-
2276 1760 2325 1821 Β
2353 1768 2536 1815 nostra
2587 1770 2911 1831 cognoscat;
2945 1760 3105 1815 etiam
3155 1760 3407 1830 pietatem
3435 1774 3621 1814 eorum
3650 1801 3664 1823 ,
3698 1760 3787 1829 qui
3828 1760 3955 1815 Ari-

644 1860 758 1909 tum
801 1854 1135 1925 unigenitum
1168 1853 1335 1909 Deum
1369 1859 1586 1920 natum,
1620 1853 1779 1907 unius
1800 1868 1830 1908 a
1867 1853 2023 1908 nobis
2046 1852 2248 1907 ideirco

640 1946 811 2019 699
838 1945 920 2001 vel
961 1946 1113 2007 usize,
1129 1946 1214 2001 vel
1252 1944 1571 2001 substantia:
1610 1960 1731 2001 cum
1784 1947 1893 2001 Deo
1935 1955 2087 2016 patre
2118 1959 2249 1999 con-

647 2040 873 2103 fessunt,
920 2052 987 2093 ne
1017 2046 1267 2094 creatura
1308 2038 1510 2108 potius,
1553 2046 1645 2092 aut
1672 2036 1911 2109 adeptio,
1946 2048 2036 2093 aut
2060 2038 2248 2108 appel-

644 2133 778 2189 latio
820 2135 1115 2191 videretur.
1151 2133 1222 2188 Et
1264 2134 1387 2205 quia
1419 2148 1489 2189 ex
1524 2131 1644 2202 ipso
1674 2139 1858 2197 esset,
1902 2137 1961 2184 ut
1992 2143 2062 2185 ex
2095 2136 2246 2199 patre

639 2225 873 2294 ﬁlius,ut
892 2242 962 2283 ex
985 2227 1096 2283 Deo
1120 2227 1282 2292 Deus,
1298 2236 1437 2282 utex
1451 2225 1645 2282 virtute
1665 2225 1857 2291 virtus,
1883 2233 1939 2278 ut
1957 2238 2025 2278 ex
2053 2222 2243 2293 spiritu

641 2319 870 2390 spiritus
893 2362 910 2389 ,
940 2330 1001 2375 ut
1021 2320 1203 2376 lumen
1237 2334 1308 2375 ex
1337 2319 1567 2385 lumine;
1597 2315 1999 2373 similitudinem
2028 2329 2244 2386 quoque

642 2411 762 2482 ejus
777 2411 843 2468 ad
867 2412 1032 2468 Deum
1053 2420 1256 2482 patrem
1282 2426 1387 2466 non
1411 2410 1564 2466 inviti
1580 2409 1858 2465 audientes
1876 2406 2101 2482 (quippe
2116 2421 2240 2461 cum

634 2501 813 2577 imago
842 2503 1135 2561 invisibilis
1164 2503 1257 2559 Dei
1279 2502 1375 2575 sit)
1406 2501 1634 2573 (Coloss.
1665 2517 1704 2567 ι,
1738 2499 1851 2567 15),
1881 2499 1977 2555 sed
2002 2513 2120 2553 eam
2147 2513 2239 2553 so-

638 2596 748 2653 lam
776 2596 1191 2653 similitudinem
1220 2596 1437 2668 dignam
1469 2593 1536 2649 ad
1561 2594 1789 2650 ~Patrem
1831 2591 2197 2662 intelligentes
2221 2629 2237 2655 ,

634 2706 757 2763 qua:
801 2691 916 2746 veri
952 2690 1043 2747 Dei
1084 2689 1157 2746 sit
1186 2690 1254 2745 ad
1298 2690 1466 2745 Deum
1509 2702 1696 2744 verum
1729 2704 1742 2740 :
1787 2686 1857 2741 ita
1886 2696 1945 2740 ut
1976 2699 2081 2740 non
2107 2684 2239 2739 unio

636 2780 956 2849 divinitatis,
986 2780 1083 2838 sed
1110 2780 1288 2837 unitas
1315 2780 1646 2851 intelligatur
1671 2797 1686 2844 ;
1723 2779 1845 2848 quia
1874 2778 2002 2834 unio
2029 2779 2101 2832 sit
2126 2777 2238 2832 sin-

634 2875 839 2945 gularis
858 2916 874 2942 ,
906 2874 1085 2930 unitas
1126 2889 1258 2929 vero
1287 2873 1587 2930 secundum
1618 2873 1921 2928 nativitatis
1951 2873 2233 2927 veritatem

626 2964 907 3034 plenitudo
928 2976 938 2987 '
961 2966 1233 3020 nascentis
1281 2966 1351 3020 sit
1383 2982 1397 3019 :
1432 2963 1666 3019 maxime
1686 2978 1807 3018 cum
1834 2963 2089 3017 Dominus
2116 2961 2235 3031 ipse

626 3056 787 3115 Jesus
815 3057 1067 3113 Christus
1104 3057 1172 3113 ad
1210 3057 1504 3127 discipulos
1533 3071 1662 3113 suos
1700 3057 1774 3110 sit
1803 3055 2077 3127 professus
2102 3096 2119 3121 ,
2152 3054 2233 3110 di-

2352 1853 2502 1908 mino
2531 1853 3059 1922 Constantinopolim
3090 1861 3451 1922 reverterunt,
3482 1862 3778 1909 conventus
3799 1896 3815 1919 ,
3846 1855 3959 1909 sic-

2354 1956 2413 2000 ut
2459 1946 2691 2016 epistola
2723 1948 2798 2016 (c)
2830 1955 3006 2001 vestra
3053 1956 3306 2001 contenta
3350 1954 3609 2011 testatur,
3655 1962 3829 2018 neque
3855 1962 3955 2003 eos

2350 2037 2418 2093 ad
2455 2048 2721 2093 tantarum
2769 2036 3235 2106 blasphemiarum
3272 2038 3677 2094 damnationem
3709 2040 3957 2109 potuisse

2347 2134 2676 2204 compellere
2698 2176 2712 2200 ,
2741 2134 2905 2206 700
2933 2132 3105 2189 ﬁdelis
3133 2132 3390 2189 dominici
3416 2132 3653 2188 nominis
3681 2132 3953 2203 prtedica-

2347 2235 2435 2282 tor
2478 2226 2642 2281 frater
2690 2237 2875 2281 noster
2911 2224 3146 2280 Hilarius
3185 2225 3515 2282 nuntiaverit
3549 2242 3562 2278 :
3596 2239 3696 2279 nos
3730 2239 3949 2295 quoque

2349 2318 2417 2373 ab
2439 2318 2523 2373 his
2549 2318 2818 2380 omnibus,
2845 2334 2962 2388 qua!
2993 2333 3088 2387 per
3104 2318 3465 2388 ignorantiam
3484 2333 3766 2389 perperam
3790 2328 3945 2389 gesta

2344 2420 2491 2476 sunt,
2523 2408 2809 2466 referimus
2839 2427 2851 2464 :
2884 2410 3211 2466 Auxentium
3249 2419 3303 2466 et
3334 2409 3615 2467 Ursacium
3659 2426 3724 2465 ac
3751 2410 3951 2465 Valen-

2349 2510 2482 2566 tem,
2496 2499 2709 2569 Gaium,
2734 2501 3022 2571 Megasinm
3042 2512 3095 2557 et
3119 2501 3388 2558 Justinum
3407 2500 3488 2575 (tl)
3506 2504 3950 2559 excommunica-

2343 2600 2429 2646 tos
2455 2592 2726 2649 habemus
2756 2594 3053 2649 secundum
3086 2595 3291 2649 litteras
3320 2604 3525 2649 vestras
3557 2614 3570 2649 :
3600 2604 3655 2650 et
3678 2607 3847 2662 certe,
3881 2606 3947 2653 ut

2342 2682 2609 2749 diximus,
2645 2684 2802 2755 juxta
2840 2683 3021 2740 fratris
3058 2687 3227 2741 nostri
3273 2686 3456 2742 Hilarii
3490 2687 3878 2757 professionem
3911 2732 3928 2754 ,

2339 2775 2511 2847 quise
2538 2792 2722 2846 pacem
2745 2792 2865 2832 cunt
2892 2779 2973 2833 his
2998 2780 3084 2849 qni
3123 2777 3311 2833 horum
3336 2788 3676 2835 sectarentur
3697 2796 3941 2849 errores,

2345 2866 2651 2924 habiturum
2710 2871 2924 2940 negavit
2967 2888 2979 2926 :
3027 2871 3388 2943 blasphetnias
3437 2890 3650 2944 quoque
3698 2890 3889 2930 omnes
3923 2917 3941 2941 ,

2337 2975 2472 3031 quas
2509 2961 2705 3016 litteris
2742 2960 2938 3016 vestris
2976 2963 3282 3032 subjecistis
3305 3003 3322 3027 ,
3370 2963 3711 3028 damnamus,
3764 2966 3944 3021 maxi-

2338 3065 2530 3122 meque
2554 3065 2741 3107 eorum
2765 3053 3075 3109 sacerdotes
3096 3065 3372 3125 apostatas
3398 3067 3730 3127 respuentes,
3757 3061 3848 3128 qui
3876 3060 3940 3114 in

626 3162 760 3204 cens
792 3164 806 3202 :
837 3146 953 3220 Ego
989 3158 1035 3203 et
1068 3146 1228 3203 Pater
1263 3165 1425 3204 unum
1461 3165 1636 3203 sumus
1662 3145 1843 3219 (Joan.
1879 3162 1938 3214 κ,
1970 3145 2096 3219 50);
2125 3163 2232 3218 quo
2260 3152 2307 3216 ο
2338 3143 2453 3200 loca
2486 3143 2708 3200 fratrum
2736 3145 3112 3217 indignissime
3147 3147 3508 3203 exsulantium
3534 3190 3551 3217 ,
3583 3150 3939 3218 quorumdam

626 3254 736 3295 non
761 3240 934 3295 solum
960 3239 1277 3295 charitatem
1300 3254 1420 3311 quae
1438 3240 1504 3295 ad
1528 3240 1740 3295 Patrem
1762 3247 1863 3305 est,
1890 3238 1985 3295 sed
2012 3245 2069 3294 et
2088 3238 2229 3293 divi-

632 3332 858 3387 nitatem
890 3348 1009 3397 qua:
1053 3332 1149 3388 Dei
1184 3347 1252 3387 ex
1287 3332 1398 3389 Deo
1438 3341 1518 3387 est
1548 3374 1561 3398 ,
1596 3331 1897 3402 signiﬁcat;
1930 3330 2227 3387 secundum

622 3424 755 3481 illttd
781 3443 794 3479 :
822 3425 925 3494 Qui
946 3442 1028 3483 me
1047 3426 1193 3493 vidit,
1220 3426 1345 3482 vidit
1367 3436 1415 3481 et
1437 3425 1653 3482 Patrent
1682 3426 1867 3499 (Joan.
1897 3442 2005 3494 λιν,
2029 3425 2124 3498 9);
2149 3436 2224 3495 et,

628 3516 692 3572 Si
730 3517 857 3571 mihi
901 3534 1003 3573 non
1034 3519 1186 3573 vultis
1224 3519 1450 3585 credere,
1477 3519 1557 3573 vel
1582 3517 1820 3590 operibus
1846 3519 1973 3573 meis
2013 3518 2223 3585 credite,

619 3608 742 3679 quia
775 3608 931 3666 Pater
949 3610 1003 3664 in
1026 3626 1104 3666 me
1127 3619 1231 3679 est,
1263 3620 1314 3665 et
1342 3626 1434 3682 ego
1459 3610 1513 3664 in
1536 3609 1695 3665 Patre
1725 3610 1903 3681 (Joan.
1945 3626 2002 3677 ι,
2036 3609 2150 3678 58).

688 3702 744 3758 5.
775 3698 947 3757 Filius
967 3713 1086 3757 ante
1106 3712 1326 3774 tempus.
1344 3701 1507 3758 Patre
1529 3704 1699 3758 minor
1720 3703 1774 3757 in
1794 3703 1962 3773 forma
1983 3703 2135 3757 servi.
2155 3733 2226 3743 ——

615 3792 769 3850 Hane
818 3794 987 3865 igitur
1037 3794 1196 3851 ﬁdem
1250 3809 1469 3865 semper
1490 3805 1758 3863 tenentes,
1804 3803 1861 3849 et
1887 3794 2221 3861 tenebimus,

615 3886 952 3944 detestantes
995 3904 1208 3960 quoque
1235 3904 1331 3945 eos
1375 3888 1697 3962 quirdicunt
1725 3931 1741 3956 ,
1786 3887 1911 3943 Non
1957 3898 2067 3943 erat
2106 3897 2225 3943 ante

614 3994 773 4051 quam
801 3992 1095 4038 nasceretur
1118 3997 1138 4036 :
1166 3998 1273 4038 non
1298 3982 1442 4054 quod
1473 3983 1810 4053 unigenitum
1841 3983 2009 4038 Deum
2037 3981 2222 4039 innas-

615 4096 912 4154 minantem
927 4096 1411 4168 viderunt,abjecta
1425 4098 1570 4153 omni
1588 4097 1929 4153 cunctatione
1947 4096 2182 4152 Occiden
2193 4127 2211 4140 -

617 4169 802 4241 talium
820 4170 1185 4241 patrocinium
1217 4171 1517 4241 qumsiisse.
1551 4169 1662 4225 Sed
1687 4184 1808 4223 cum
1841 4171 1944 4223 hoc
1972 4169 2211 4241 ofﬁcium

612 4240 715 4296 sibi
758 4239 982 4296 minime
1011 4239 1293 4311 sperarent
1324 4255 1419 4310 per
1447 4239 1805 4296 Ariminensis
1836 4240 2029 4311 synodi
2065 4241 2214 4306 lega-

612 4318 718 4378 tOs,
745 4327 881 4381 quos
911 4326 1033 4367 eum
1073 4311 1397 4368 adversariis
1422 4313 1535 4366 suis
1563 4314 1824 4366 societate
1849 4320 1907 4366 et
1952 4311 2210 4366 haeretica

649 4382 875 4438 ravitate
899 4382 1217 4452 coniunctos
1256 4382 1591 4449 cernebant;
1625 4383 1753 4437 illud
1781 4384 1849 4436 ab
1880 4382 2085 4437 Hilario
2116 4396 2211 4450 per

632 4453 819 4508 itteras
844 4456 1138 4522 expetiere.
1172 4454 1243 4509 lis
1286 4464 1465 4510 autem
1499 4453 1722 4515 litteris,
1750 4463 1811 4506 ut
1833 4468 1899 4508 ex
1930 4453 2203 4522 sequenti-

2331 3246 2426 3292 aut
2467 3238 2809 3308 ignoratione
2854 3248 2947 3294 aut
2992 3240 3267 3307 impietate
3307 3238 3383 3310 (ε)
3440 3251 3568 3296 sunt
3613 3242 3936 3298 substituti:

2331 3329 2656 3399 pollicentes
2689 3330 2791 3385 hoc
2812 3345 2996 3385 coram
3033 3332 3143 3386 Deo
3182 3341 3344 3403 atque
3370 3331 3532 3387 etiam
3561 3333 3885 3389 confitentes
3909 3376 3927 3401 ,

2332 3430 2390 3474 ut
2418 3420 2647 3491 quisque
2677 3420 2782 3489 ltis,
2810 3437 2934 3494 qua:
2963 3424 3273 3489 statuimus,
3309 3426 3447 3479 intra
3478 3425 3681 3481 Gallias
3708 3437 3938 3498 putave-

2332 3513 2401 3567 rit
2421 3514 2788 3583 reuitendum,
2823 3532 2850 3569 a
2878 3507 3263 3572 couuﬁunione
3294 3533 3358 3573 ac
3390 3516 3523 3595 sede
3549 3519 3933 3576 sitsacerdotii

2330 3608 2689 3678 abjieiendus.
2734 3609 2922 3681 Neque
2949 3612 3094 3667 enim
3121 3651 3135 3676 ,
3171 3620 3228 3665 ut
3251 3611 3386 3666 alias
3410 3652 3425 3677 ,
3466 3620 3562 3665 aut
3586 3596 3931 3669 occasionem

2341 3702 2673 3773 praedicandi
2701 3705 2768 3775 (ι’)
2812 3720 2915 3759 non
2956 3704 3263 3759 damnando
3286 3704 3605 3774 permittens
3630 3746 3644 3769 ,
3674 3715 3765 3760 aut
3791 3721 3927 3761 cou-

2329 3804 2411 3850 tra
2442 3795 2609 3851 Deum
2650 3808 2704 3853 et
2732 3795 2935 3852 Christi
2960 3798 3219 3869 unigeniti
3252 3796 3348 3854 Dei
3380 3800 3715 3869 majestatem
3744 3801 3926 3866 aliter,

2327 3903 2486 3958 quam
2534 3904 2636 3944 nos
2665 3889 2732 3944 de
2765 3890 3033 3945 homousii
3085 3891 3478 3961 signiﬁcatione
3534 3892 3800 3949 sentimus
3828 3892 3931 3949 ob-

2328 3984 2508 4038 nitens
2531 4026 2546 4051 ,
2581 3984 2773 4055 dignus
2804 3984 2907 4039 erit
2937 3985 3225 4040 sanctitate
3254 3984 3545 4041 sacerdotii
3572 3988 3807 4041 nominis
3833 3990 3929 4057 ju-

2319 4097 2602 4153 litudinem
2630 4099 2796 4171 probe
2821 4098 3149 4171 intellectam
3179 4115 3285 4155 non
3311 4112 3594 4171 respuunt.
3622 4102 3738 4160 για.
3776 4105 3825 4160 1.·
3849 4106 3925 4162 de

2319 4171 2519 4240 synod.
2548 4186 2602 4223 n.
2635 4170 2708 4225 68
2736 4181 2789 4226 et
2818 4170 2910 4236 88,
2938 4182 2993 4227 et
3019 4170 3115 4226 lib.
3148 4176 3199 4227 in
3230 4173 3419 4227 Const.
3451 4190 3506 4227 n.
3539 4176 3633 4229 22.

2392 4239 2468 4314 (e)
2497 4239 2651 4296 Alias
2677 4257 2760 4316 ex
2802 4257 2904 4295 ms.
2968 4244 3149 4308 Pittt.,
3182 4252 3358 4298 nostra
3385 4257 3618 4300 contenta
3659 4257 3878 4302 testatur
3901 4291 3922 4316 ,

2314 4312 2478 4387 neque
2506 4328 2589 4365 eos
2617 4312 2686 4365 ad
2714 4322 2910 4387 tantam
2931 4329 3042 4387 rem
3073 4316 3525 4387 blasphemiarum.
3559 4318 3639 4372 Ex
3669 4312 3922 4387 superini-

2313 4386 2390 4436 ris
2422 4381 2730 4453 Fragmenti
2760 4385 3055 4440 collatione
3097 4381 3272 4441 locum
3307 4386 3451 4442 hunc
3490 4389 3560 4443 ita
3590 4381 3924 4445 emendave-

2313 4468 2503 4508 ramus
2530 4495 2545 4529 ,
2574 4470 2710 4529 cum
2749 4454 3221 4529 Hertnmitiutngac
3268 4458 3615 4514 Sirmondunt
3646 4463 3920 4529 comperi-

608 4523 710 4598 bus
733 4516 1048 4598 perpi‘cuum
1077 4536 1181 4598 est,
1211 4526 1309 4595 ipsi
1336 4527 1387 4579 in
1410 4526 1603 4598 primis
1631 4516 2027 4598 signiﬁcabant,
2049 4537 2111 4598 se
2137 4524 2205 4578 ab
2231 4516 2287 4577 D
2308 4540 2431 4598 mus
2462 4516 2618 4580 nobis
2660 4528 3088 4584 consentientes.
3120 4527 3215 4583 Ille
3253 4539 3410 4585 antea
3440 4531 3752 4598 impietatem
3771 4516 3921 4586 'nial-

607 4595 842 4652 inimicis
869 4595 963 4651 ﬁlii
996 4596 1091 4652 Dei
1116 4612 1236 4652 esse
1265 4597 1572 4666 depositus,
1619 4596 1759 4665 quod
1791 4610 1979 4666 eorum
2010 4595 2202 4649 adver-

607 4676 857 4738 sarentur
880 4668 1248 4738 blasphemlis,
1281 4665 1349 4722 ac
1372 4667 1689 4722 substantia:
1730 4665 2049 4721 vocabulum
2072 4680 2203 4721 con-

604 4737 938 4809 stantissime
965 4737 1379 4809 propugnarent.
1394 4779 1408 4792 .

680 4807 757 4880 (τι)
790 4806 1314 4866 Νοιειιευῑοιῐιειιιιε
1352 4809 1446 4863 lib.
1475 4823 1548 4873 tv,
1582 4823 1635 4863 e.
1680 4808 1748 4863 i9
1773 4851 1788 4874 ,
1824 4806 2201 4864 Occidentales

604 4892 714 4934 non
746 4892 839 4933 sua
871 4888 1087 4948 Sponte,
1119 4881 1214 4936 sed
1244 4880 1598 4935 Orientalium
1630 4894 1790 4934 causa
1818 4894 1847 4933 a
1883 4881 2199 4935 substantiae

605 4965 740 5006 voce
790 4953 1121 5018 recessisse,
1150 4955 1301 5021 quasi
1351 4951 1501 5007 illam
1547 4964 1737 5005 omnes
1780 4959 2193 5021 aversarentur;

604 5023 750 5093 (cum
789 5031 977 5078 contra
1025 5020 1214 5078 omnes
1243 5064 1257 5088 ,
1290 5021 1524 5092 demptis
1552 5022 1781 5093 paucis,
1826 5020 2019 5077 Filium
2050 5021 2193 5075 Patri

601 5092 899 5164 substantia
920 5095 1181 5164 hsimilem
1232 5092 1611 5164 asscrerent);
1661 5108 1863 5162 eosque
1912 5102 2195 5163 propterea

602 5162 797 5219 Nic-axe
827 5163 883 5218 in
910 5163 1141 5221 Thracia
1171 5165 1262 5220 diu
1288 5162 1557 5221 detentos'
1581 5177 1703 5220 esse
1731 5206 1745 5231 ,
1777 5179 1844 5219 ne
1884 5162 2021 5219 forte
2052 5163 2197 5219 frau-

601 5233 735 5305 dem,
755 5236 1246 5305 deprehenderent.
1543 5239 1551 5248 '

624 5312 641 5391 λ
672 5304 749 5391 (ὁ)
770 5304 1298 5391 ΔΙδζζιιιίιιιιιιΔῌὶιξτιειιο
1335 5307 1565 5391 concilio
1592 5322 1691 5391 an.-
1711 5307 1819 5390 5ξὸ
1839 5348 1853 5374 ,
1874 5305 2189 5391 quodncptn

597 5375 965 5435 Orientalibus
992 5380 1332 5450 potissimum
1358 5387 1654 5445 constaret,
1676 5378 1808 5449 ipsis
1835 5378 1995 5433 etiam
2022 5376 2190 5433 Galli-

596 5451 718 5505 cani
772 5450 1009 5520 episcopi
1056 5452 1203 5506 vocis
1249 5452 1556 5506 Itomousion
1608 5451 1976 5505 inventionem
2043 5457 2194 5520 tanto

601 5521 847 5594 tribuunt
870 5519 1144 5594 libentius,
1170 5537 1275 5592 quo
1297 5536 1390 5578 eos
1417 5523 1584 5594 magis
1598 5522 1664 5576 ad
1680 5521 1808 5577 illttd
1827 5519 2190 5591 recipiendum

597 5592 853 5647 excitent.
888 5591 1023 5647 Tum
1057 5591 1413 5649 illud’nomen
1440 5591 1528 5664 pio
1553 5601 1603 5647 et
1633 5594 1908 5664 catholico
1938 5606 2101 5646 sensu
2128 5607 2188 5647 se

596 5674 814 5730 semper
850 5664 1157 5732 suscepisse
1192 5662 1469 5720 insinuant
1495 5664 1675 5720 verbis
1716 5663 1785 5718 ad
1830 5662 2017 5718 Hilarii
2062 5676 2189 5717 sen-

600 5732 821 5786 tentiam
851 5734 1312 5800 accommodatis;
1340 5737 1498 5806 cujus
1522 5735 1684 5791 etiam
1715 5734 1783 5790 ad
1826 5734 1995 5791 instar
2034 5734 2186 5789 simi-

2308 4596 2423 4670 l_et_,
2468 4612 2628 4667 quam
2678 4598 2957 4670 pietatem,
3006 4599 3439 4670 suifragaturque
3479 4596 3754 4658 Sirio-indi
3803 4619 3908 4657 ms.

2307 4666 2607 4743 Episeopos
2630 4666 2809 4723 tamen
2833 4673 3005 4740 magis
3023 4666 3203 4735 decet,
3224 4683 3282 4726 ut
3303 4666 3446 4742 quod
3460 4674 3689 4743 simplici
3717 4678 3904 4729 elocu-

2307 4741 2454 4793 tione
2473 4739 2744 4794 diceretur
2770 4756 2857 4795 eos
2877 4739 3175 4807 conventas,
3199 4744 3271 4796 ob
3294 4739 3555 4799 honorem
3568 4739 3632 4799 'et
3658 4761 3915 4801 reveren-

2306 4811 2454 4884 tiam
2491 4811 2799 4884 sacerdotii
2854 4812 3040 4867 dicant
3090 4814 3332 4884 pietatem
3387 4832 3564 4870 eorum
3614 4829 3909 4871 conventas.

2303 4881 2458 4957 Quod
2485 4881 2542 4957 in
2573 4882 2729 4957 hunc
2750 4884 2968 4957 modum
3008 4881 3324 4957 perspicuus
3358 4885 3456 4941 ﬁet
3484 4905 3498 4940 :
3527 4904 3644 4941 cum
3669 4888 3824 4942 etiam
3845 4889 3913 4957 [i-

2303 4951 2435 5026 delis
2474 4949 2741 5026 Dominici
2781 4949 3346 5024 nominis—prtedicator
3367 4958 3527 5026 frater
3559 4968 3730 5014 noster
3749 4949 3913 5012 Hila-

2303 5025 2413 5101 rius
2459 5024 2788 5089 nuntiaserit,
2849 5036 3125 5101 conventas
3176 5024 3425 5101 (clarius.
3473 5032 3770 5085 convenisse
3796 5031 3907 5101 eos)

2306 5096 2547 5171 pietatem
2576 5112 2753 5171 eorum
2779 5099 2870 5171 qui
2909 5097 3139 5171 Arimino
3170 5096 3668 5171 Constantinopolim
3690 5096 3912 5156 reuerte-

2303 5176 2449 5231 runt,
2472 5167 2845 5244 sicut-epistola
2858 5180 3023 5244 uestra
3051 5169 3326 5244 (proximo
3353 5167 3683 5244 Fragmenta
3708 5174 3903 5239 relata,

2301 5247 2358 5291 et
2398 5252 2505 5292 una
2555 5253 2679 5294 eum
2725 5237 3157 5314 Hilarii_|itteris
3177 5240 3244 5295 ad
3289 5257 3388 5314 nos
3429 5237 3632 5314 tu'issis)
3663 5237 3905 5298 contenta

2305 5316 2540 5373 testatur,
2571 5325 2731 5379 neque
2759 5310 2944 5385 eos
2966 5322 3225 5385 tantarum
3247 5310 3691 5383 blasphemiarum
3732 5317 3902 5385 (quae,

2305 5388 2364 5434 ut
2411 5395 2572 5449 supra
2624 5390 2809 5436 monet
2848 5381 3106 5449 Hilarius,
3152 5385 3506 5440 Orientalium
3548 5381 3752 5442 litteris
3770 5381 3902 5442 sub-

2301 5465 2457 5528 nexa;
2483 5452 2680 5528 erant)
2715 5454 3097 5528 damnationem
3121 5456 3341 5520 potuisse
3367 5456 3693 5528 compellere.

2373 5522 2453 5594 (ά)
2490 5521 2851 5598 Αιίιιιιιιθιιειε
2877 5527 3070 5597 synodi
3111 5528 3339 5598 legatos,
3386 5538 3444 5583 ut
3467 5521 3698 5584 habetur
3743 5529 3898 5585 initio

2299 5591 2611 5665 Fragmenti
2632 5591 2953 5665 superioris.

2371 5663 2447 5744 le)
2487 5665 2643 5744 Puta,
2672 5663 3273 5744 Constantinopolitana
3302 5670 3512 5744 synodo
3533 5671 3661 5728 anni
3690 5671 3820 5728 360.

2366 5733 2436 5808 (Γ)
2476 5736 2561 5793 An
2587 5737 2745 5807 forte,
2772 5733 3092 5810 prtedieuniii
3119 5733 3472 5800 anemision
3494 5744 3836 5816 permittens?
