4224 6262
587 319 696 374 715

1807 309 2052 368 SANCTI
2091 310 2355 372 HILARII
2394 310 2702 376 EPISCOPI

3786 319 3894 376 7i6

591 444 662 497 tit.
705 436 962 494 Liberius.
993 463 1065 477 -
1108 432 1397 504 Imperitize
1441 431 1657 503 culpam
1685 432 1968 490 oblitterat
1994 435 2191 506 resipi-
2214 452 2271 516 Α
2292 438 2414 496 leve
2440 447 2495 496 et
2520 441 2806 496 remissum
2839 438 3075 503 videtur,
3106 445 3395 509 recuperet
3423 435 3478 493 id
3509 435 3654 510 quod
3673 450 3770 508 per
3798 454 3887 491 as-

589 549 770 590 sccns.
800 531 913 586 Hoc
928 537 1106 584 autem
1137 526 1204 581 de
1228 526 1521 596 Scripturis
1541 528 1743 581 sanctis
1771 526 2058 583 advertere
2082 535 2190 583 est.

591 624 855 682 Pietatem
895 619 965 675 ad
992 617 1174 674 omnia
1204 616 1394 675 utilem
1429 632 1552 674 esse
1598 617 1829 689 legimus
1855 660 1871 685 ,
1916 620 2003 674 cui
2048 618 2194 674 cedit

592 714 890 787 corporalis
914 712 1251 778 exercitatio,
1281 712 1531 782 quamvis
1561 719 1617 765 et
1641 711 1762 780 ipsa
1791 711 2040 768 utilitatis
2060 710 2193 768 reti-

592 817 715 865 neat
736 806 757 862 l'
763 815 944 863 ructus
964 823 976 858 :
1007 819 1168 876 quam
1193 802 1509 860 sectandam
1530 803 1689 859 nobis
1709 804 1875 860 etiam
1895 804 2036 859 ratio
2058 811 2195 859 tem-

592 901 740 973 poris
768 898 1054 970 praesentis
1091 897 1356 968 exposcit.
1383 895 1460 967 (α)
1483 897 1597 951 Non
1621 896 1766 952 enim
1791 896 1837 952 si
1859 895 2026 966 aliqui
2048 895 2194 952 forte

588 994 679 1065 qui
705 992 809 1048 hoc
858 990 1021 1047 studii
1050 997 1286 1061 gerunt,
1329 989 1542 1044 ratione
1591 988 1864 1059 provisam
1909 987 2194 1045 destruere

483 1075 488 1079 ’
585 1083 931 1156 impudenter
982 1082 1202 1139 saeviori
1252 1096 1526 1147 censura;
1568 1079 1674 1136 hoc
1708 1081 2097 1138 :estimaverint
2137 1089 2195 1138 et

591 1192 815 1245 novare,
845 1175 988 1246 quod
1011 1177 1126 1245 jam
1157 1190 1220 1229 ex
1246 1173 1550 1244 apostolica
1563 1173 1890 1232 auctoritate
1922 1174 2192 1230 munitum

591 1277 677 1325 est
701 1269 769 1324 de
796 1268 1016 1338 pietate,
1051 1282 1172 1322 cum
1205 1265 1405 1322 dictum
1438 1275 1542 1332 est,
1578 1281 1685 1321 non
1711 1280 1836 1322 esse
1857 1266 2189 1336 parcendum

589 1361 675 1416 his
713 1361 803 1431 qui
830 1360 970 1431 apud
1024 1360 1331 1416 Ariminum
1359 1360 1676 1431 ignorantes
1702 1368 1972 1430 egerunt,
1995 1361 2196 1431 quibus

589 1453 800 1509 nescire
823 1453 1112 1519 inlicitum,
1136 1452 1235 1508 fuit
1260 1462 1476 1522 captum
1493 1453 1664 1508 errori
1695 1452 1962 1516 incidere,
1987 1453 2194 1510 idcirco

593 1545 793 1600 veritas
834 1543 1141 1616 repedanda
1167 1553 1268 1600 est.
1305 1544 1411 1601 Sed
1440 1544 1594 1610 mihi,
1627 1545 1713 1599 cui
1735 1545 1990 1600 convenit
2011 1546 2195 1602 omnia

590 1637 871 1695 moderate
899 1637 1240 1708 perpendere
1264 1678 1280 1704 ,
1310 1636 1547 1692 maxime
1577 1652 1698 1690 cum
1729 1645 1787 1691 et
1805 1635 2050 1708 Egyptii
2077 1653 2197 1693 om-

592 1745 689 1783 nes
739 1738 794 1785 et
844 1730 917 1800 (b)
965 1730 1156 1784 Achivi
1205 1730 1445 1784 accusati
1498 1729 1822 1784 sententiam
1872 1738 2195 1798 receperunt

2293 534 2479 589 tutiam
2501 534 2766 590 rectitatis
2804 532 3079 587 amiserat.
3109 531 3310 588 Verum
3338 531 3385 586 si
3411 530 3610 602 aliquis
3637 538 3750 585 tam
3777 538 3892 584 sto-

2291 625 2413 681 lidae
2434 627 2652 693 mentis,
2685 625 2826 698 quod
2856 625 2996 681 haud
3021 625 3188 683 credo
3222 669 3236 693 ,
3277 625 3440 682 fuerit
3467 625 3722 681 inventus
3746 666 3760 689 ,
3798 624 3886 695 qui

2293 730 2400 773 non
2429 719 2603 774 solum
2628 717 2764 773 nolit
2808 718 3054 776 converti
3079 717 3384 773 antidotum
3430 715 3704 786 recipiens
3743 715 3893 771 sani-

2292 810 2448 878 tatis;
2497 810 2568 884 (e)
2598 825 2867 868 venenum
2907 811 3166 880 virusque
3211 811 3411 866 noxius
3448 822 3570 865 sese
3617 807 3896 864 vindicare

2293 901 2622 959 crediderit:
2671 912 2726 960 et
2755 904 2968 960 ratione
2996 903 3245 960 vincetur
3269 943 3285 970 ,
3313 910 3372 958 et
3397 899 3609 958 auctori
3650 899 3896 972 perﬁdiae

2293 994 2505 1066 perdite
2529 993 2838 1067 deputatus,
2858 995 3120 1054 Ecclesia;
3143 994 3429 1053 catholica
3449 992 3682 1066 spiritali
3703 993 3896 1064 vigore

2295 1087 2582 1159 plectetur.

2336 1235 2464 1277 neu
2493 1226 2780 1279 EXEMPLUM
2808 1221 2890 1296 (ί)
2918 1236 3194 1281 εριετοωε
3230 1235 3596 1280 ertscoronuu
3633 1235 3855 1278 tuens.

2296 1356 2672 1416 Dilectissimis
2698 1359 2956 1417 fratribus
2985 1375 3082 1432 per
3107 1359 3381 1433 Illyricum
3422 1360 3585 1416 ﬁdem
3611 1367 3898 1431 paternam

2366 1454 2732 1509 retinentibus
2764 1496 2780 1521 ,
2835 1455 3076 1526 episcopi
3127 1455 3294 1510 Italiae
3347 1454 3400 1510 in
3449 1453 3683 1510 Domino
3735 1459 3897 1509 reter-

2368 1559 2489 1598 nam
2513 1545 2740 1602 salutem

2367 1638 2419 1692 '5.
2466 1635 2591 1692 Itali
2630 1637 2847 1693 Arimini
2889 1637 3094 1694 statutis
3119 1639 3352 1695 rescissis
3399 1636 3631 1695 Nicwnw
3674 1638 3799 1709 ﬁdei
3840 1653 3897 1692 se

2295 1731 2534 1786 reddunt.
2569 1761 2638 1772 ——
2673 1731 2843 1787 Divini
2874 1734 3118 1788 muneris
3142 1735 3312 1803 gratia
3346 1732 3422 1806 (g)
3449 1774 3465 1802 ,
3500 1741 3557 1788 ut
3597 1730 3900 1789 secundum

590 1822 794 1889 multis,
821 1821 1149 1892 parcendum
1177 1819 1392 1892 quidem
1424 1821 1508 1875 his
1537 1819 1609 1876 de
1632 1821 1827 1891 quibus
1854 1835 2018 1891 supra
2051 1834 2192 1877 trac-
2224 1848 2274 1911 Β
2297 1822 2615 1892 Apostolum
2647 1837 2839 1878 omnes
2865 1839 3033 1879 unum
3073 1837 3264 1894 sapere
3297 1865 3312 1888 ,
3355 1838 3548 1880 omnes
3575 1840 3742 1879 unum
3769 1837 3904 1877 con-

599 1916 854 1982 tavimus,
883 1923 1133 1970 auctores
1162 1929 1294 1970 vero
1319 1929 1441 1970 esse
1482 1912 1839 1981 damnandos,
1863 1914 1955 1985 qui
1979 1914 2195 1984 obliqua

592 2019 646 2064 et
675 2011 904 2080 maligna
957 2009 1119 2081 703
1162 2008 1464 2064 subtilitate
1493 2016 1550 2064 et
1578 2008 1814 2078 caligine
1855 2007 2199 2066 offenderunt

592 2103 961 2159 innocentium
993 2118 1185 2158 sensus
1211 2145 1226 2169 ,
1269 2117 1367 2173 per
1392 2117 1512 2172 qum
1563 2101 1810 2157 velamen
1865 2101 2195 2158 obducerent

587 2197 827 2265 veritati,
864 2197 1116 2254 tenebras
1145 2196 1318 2252 lucem
1355 2235 1370 2261 ,
1421 2204 1476 2252 et
1515 2194 1692 2251 lucem
1729 2195 1986 2251 tenebras
2011 2195 2197 2254 vendi-

592 2301 791 2348 tantes.

661 2388 718 2441 2.
749 2386 862 2452 Quo
887 2392 1036 2456 pacto
1079 2384 1330 2454 ignoscat.
1379 2381 1547 2454 Igitur
1590 2381 1780 2452 siquis
1832 2381 2190 2452 ignorationis

591 2489 810 2552 captum
862 2479 1189 2549 resipiscens
1243 2477 1512 2532 sermonis
1567 2485 1767 2531 nostra
1820 2475 2194 2532 advocationis

595 2573 670 2648 (ο)
700 2573 1027 2631 brevissima
1075 2571 1206 2626 illud
1252 2573 1402 2627 virus
1444 2572 1500 2626 in
1548 2583 1608 2625 se
1657 2567 1975 2640 pestiferum
2009 2569 2193 2625 Ariani

594 2669 863 2739 dogmatis
910 2665 1199 2722 subdolum
1231 2679 1293 2719 ac
1324 2665 1670 2720 tenebrosum
1699 2663 1872 2718 fuerat
1911 2672 2195 2733 expertus,

593 2771 876 2833 reparatus
903 2761 1217 2824 exhauriat;
1246 2758 1598 2824 condemnet,
1627 2755 2114 2828 vehementiusque
2144 2757 2198 2812 in

595 2863 846 2910 auctores
873 2852 991 2922 ejus
1017 2852 1286 2919 insaiviat,
1308 2865 1446 2921 quos
1467 2851 1521 2904 in
1548 2865 1610 2906 se
1634 2849 1908 2906 violentos
1945 2857 2205 2920 expertus

597 2956 683 3003 est
705 2991 719 3014 ,
755 2954 1035 3016 totumque
1063 2960 1124 3001 se
1152 2943 1275 3000 ﬁdei
1304 2943 1620 3015 apostolicae
1643 2952 1698 2999 et
1725 2943 2008 2999 catholicae
2029 2958 2202 3013 usque

598 3038 666 3094 ad
690 3037 922 3094 Nicaeum
962 3036 1156 3108 synodi
1207 3035 1290 3106 (ά)
1321 3044 1648 3091 conventum
1681 3035 1748 3090 de
1792 3037 2004 3104 integro
2050 3049 2203 3088 man-

597 3131 761 3201 cipet.
807 3129 913 3184 Per
941 3143 1101 3199 quam
1142 3126 1566 3196 professionem,
1615 3125 1832 3183 etiamsi
1877 3123 2200 3196 quibusdam

2309 1917 2450 1973 [lteri
2501 1916 2850 1987 cmperimus.
2901 1917 2972 1972 Et
3009 1927 3269 1987 quantum
3315 1917 3379 1971 ad
3428 1915 3638 1971 Italiam
3681 1914 3902 1984 quidem

2299 2008 2553 2081 pertinet,
2576 2023 2700 2063 cum
2730 2008 2855 2064 ﬁdei
2887 2019 3127 2079 paternae
3152 2050 3168 2076 ,
3221 2009 3324 2064 hoc
3354 2016 3459 2075 est,
3490 2008 3632 2079 apud
3654 2007 3895 2063 Nicaeam

2303 2102 2518 2169 scriptae
2543 2115 2603 2156 se
2633 2101 2904 2168 reddidit,
2938 2100 3183 2157 fraudem
3206 2113 3370 2172 quam
3423 2116 3582 2172 passa
3632 2109 3716 2156 est
3760 2099 3910 2171 apud

2301 2194 2605 2250 Ariminum
2634 2208 3065 2265 recognoscens:
3101 2193 3378 2266 Illyricum
3407 2193 3570 2249 etiam
3592 2191 3762 2250 Deum
3791 2192 3913 2248 ele-

2301 2287 2469 2343 menti
2499 2297 2631 2342 nutu
2659 2289 2973 2358 respexisse
2998 2287 3338 2360 gaudemus;
3385 2297 3442 2342 et
3466 2285 3745 2343 consortio
3784 2286 3915 2341 inli-

2296 2379 2554 2445 delitatis,
2579 2395 2689 2451 quo
2713 2380 3041 2451 gravabatur
3059 2421 3075 2447 ,
3103 2380 3336 2452 abjecto,
3359 2378 3604 2452 7Mea
3632 2393 3752 2449 qua:
3781 2385 3913 2434 sunt

2297 2483 2462 2530 rectae
2503 2477 2784 2531 sententiae
2820 2474 3053 2546 probare
3103 2475 3338 2545 cmpisse
3363 2475 3718 2547 gratulamur.
3763 2473 3904 2529 Nos-

2299 2575 2437 2620 tram
2469 2565 2650 2638 igitur,
2683 2566 3023 2623 dilectissimi
3064 2566 3287 2623 Fratres
3316 2608 3330 2634 ,
3359 2581 3525 2621 unam
3551 2565 3914 2637 eamdemque

2297 2659 2527 2730 accipite
2579 2659 2790 2714 ﬁrmam
2845 2659 3250 2730 subscriptione
3295 2657 3648 2715 sententiam.
3704 2656 3914 2714 Niccni

2305 2759 2563 2807 tractatus
2587 2752 2852 2808 adversus
2874 2750 3064 2807 Arium
3097 2751 3507 2822 Sabelliumque
3533 2792 3548 2818 ,
3577 2750 3738 2820 cujus
3766 2750 3916 2804 Pho-

2304 2846 2449 2902 tinus
2481 2847 2734 2918 partiaria
2764 2845 3078 2902 haereditate
3105 2845 3394 2901 damnatur
3422 2886 3439 2912 ,
3482 2845 3700 2901 decreta
3725 2856 3919 2900 serva-

2305 2923 2444 2994 mus.
2475 2939 2835 2994 Ariminensis
2861 2937 3078 2994 concilii
3104 2945 3305 2993 statuta
3335 2934 3690 3007 quorumdam
3741 2935 3917 3005 tergi-

2304 3031 2896 3100 versatione‘corrupta
2930 3069 2947 3095 ,
2989 3044 3262 3086 consensu
3315 3028 3558 3090 omnium
3608 3027 3920 3098 provincia-

2305 3139 2424 3178 rum
2456 3164 2472 3192 ,
2499 3122 2621 3193 jure
2652 3122 3048 3189 rescindimus;
3080 3137 3310 3193 quorum
3365 3122 3528 3178 etiam
3581 3121 3916 3193 exemplaria

599 3286 734 3344 ordo
759 3292 1035 3357 gestorum
1052 3299 1081 3357 :_
1101 3279 1406 3357 utgsynodis
1429 3279 1660 3357 primum
1689 3277 2200 3357 Alexandriaeanno
2225 3278 2272 3342 C
2305 3287 2401 3357 set
2417 3280 2656 3357 construi
2679 3297 2692 3334 :
2719 3277 2890 3357 Igitur
2918 3277 3106 3357 siquis
3136 3277 3271 3357 illud
3299 3277 3440 3357 uirus
3464 3279 3519 3333 in
3539 3295 3594 3357 se
3614 3277 3917 3350 pestiferum

602 3357 732 3421 362,
753 3349 818 3412 εἷο
843 3354 1039 3411 deinde
1069 3353 1122 3408 in
1153 3349 1351 3407 Achaia
1377 3350 1688 3421 celebratis,
1719 3349 1862 3420 quod
1891 3351 1943 3405 in
1971 3350 2078 3406 illis
2105 3351 2201 3406 de-

601 3420 809 3487 cretum
828 3438 931 3490 est,
951 3425 1228 3479 Romanus
1244 3421 1486 3492 pontifex
1508 3420 1878 3492 conﬁrmarit;
1903 3422 2046 3490 quod
2068 3438 2199 3478 vero

603 3503 695 3557 ille
720 3497 1074 3560 conlirmarit,
1108 3491 1272 3564 aliqui
1306 3493 1419 3566 (qui
1455 3493 1559 3547 nisi
1603 3491 1967 3566 Luciferiani?
2001 3496 2019 3562 )
2056 3502 2197 3548 tam-

603 3585 766 3641 quam
796 3569 959 3624 nimis
983 3566 1146 3621 molle
1179 3562 1242 3619 ac
1281 3562 1568 3641 remissum
1600 3562 1940 3641 rcscindere_
1962 3574 2201 3641 tentave-

606 3635 744 3698 rint:
767 3654 1001 3712 quorum
1024 3652 1097 3712 ne,
1112 3644 1295 3712 serpat
1324 3637 1557 3712 schisma
1580 3649 1643 3712 ac
1664 3648 1826 3712 prava
1854 3635 2059 3702 Opinio,
2080 3636 2202 3712 lucc

605 3706 824 3770 rursum
860 3726 890 3764 a
923 3709 1140 3776 Liberio
1184 3707 1380 3778 scripta
1428 3709 1501 3761 sit
1529 3707 1753 3778 epistola
1787 3745 1804 3770 ,
1859 3721 1978 3777 quae
2012 3706 2202 3763 subse-

605 3783 1160 3856 quentioccasionem
1191 3779 1406 3856 videtur
1432 3777 1748 3856 praebuisse.

683 3854 758 3925 (a)
792 3854 947 3909 Hunc
975 3853 1148 3906 locum
1172 3850 1262 3904 diu
1290 3857 1344 3904 et
1371 3856 1578 3903 attente
1616 3848 1905 3903 lustrantes
1929 3855 2088 3925 atque
2115 3864 2200 3925 re-

611 3918 1020 3996 cognoscentes,
1049 3937 1149 3977 nec
1174 3935 1279 3996 non
1311 3935 1436 3996 cum
1468 3933 1648 3996 rerum
1676 3927 1945 3996 gestarum
1974 3921 2199 3976 historia

612 3989 1019 4066 comparantes,
1033 3993 1221 4063 paucis
1251 3989 1846 4066 mutatisredintegrari
1893 4006 2052 4066 posse
2079 4007 2202 4066 per-

613 4057 967 4138 speximusin
1003 4057 1168 4138 hunc
1190 4064 1440 4138 modum;
1477 4057 1598 4138 Non
1638 4057 1772 4138 enim
1800 4062 1846 4115 si
1875 4057 2034 4138 dliqui
2074 4057 2208 4138 forte

613 4133 754 4203 sunt,
778 4142 860 4207 qui
893 4137 988 4190 hoc
1011 4135 1170 4190 studii
1213 4143 1394 4202 gerunt
1423 4133 1582 4207 (scil.
1615 4134 1779 4200 rem),
1811 4133 2011 4188 ratione
2039 4133 2206 4207 provi-

617 4227 728 4265 sam
749 4204 1008 4263 destruere
1036 4207 1356 4277 impudenter
1383 4204 1584 4258 etauio-ri
1605 4219 1858 4277 censura;
1889 4208 1985 4256 hoc
2027 4205 2206 4258 existi-

617 4282 860 4335 mauerint
887 4280 969 4350 (se
1001 4274 1178 4344 posse)
1218 4285 1548 4350 exauctorare
1573 4274 1712 4350 quod
1729 4277 1846 4346 jam
1891 4290 1953 4328 ea:
2000 4283 2207 4350 aposto-

621 4354 718 4406 lica
750 4346 1062 4406 auctoritate
1101 4348 1353 4400 munitum
1381 4355 1454 4401 est
1475 4347 1537 4398 de
1577 4346 1765 4410 pietate
1787 4386 1802 4410 ,
1847 4347 2206 4400 contendentes

619 4439 725 4477 non
749 4437 856 4475 esse
884 4419 1199 4492 parcendum
1219 4420 1297 4492 his
1326 4419 1417 4492 qui
1438 4416 1576 4492 apud
1599 4417 2208 4492 Ariminum__ignorantes

622 4503 831 4565 egerunt
863 4487 1330 4565 (aeurkerrarunt).
1382 4487 1576 4565 Quilms
1610 4489 1815 4565 _nescire
1857 4487 2093 4565 illicitum
2130 4487 2208 4561 (id

622 4559 726 4629 est,
755 4564 898 4632 quod
927 4563 1168 4617 illicitum
1213 4559 1350 4625 erat,
1382 4559 1505 4630 hoc)
1546 4559 1641 4627 fuit
1671 4568 1878 4632 captum
1923 4559 2049 4632 (hoc
2082 4559 2204 4632 est,

623 4628 902 4702 laqueum)
924 4634 1112 4687 erroris
1153 4632 1413 4696 incidere;
1458 4628 1650 4682 idcirco
1679 4631 1914 4683 severitas
1947 4628 2210 4701 (discipli-

626 4723 710 4762 na:
737 4705 838 4775 eis)
882 4704 1206 4774 rependenda
1252 4707 1370 4757 est?
1399 4703 1503 4756 Sed
1533 4702 1656 4775 mihi
1680 4742 1694 4765 ,
1726 4703 1808 4753 cui
1839 4703 2067 4775 convenit
2097 4717 2209 4775 om:

623 4781 712 4831 nia
760 4770 1018 4829 moderate
1063 4775 1372 4842 perpendere
1398 4815 1412 4838 ,
1451 4774 1672 4824 maxime
1712 4787 1826 4824 cum
1875 4783 1921 4824 et
1964 4770 2209 4841 Aigyptii

627 4863 800 4902 onmes
827 4855 874 4900 et
899 4847 1076 4899 Achivi
1101 4847 1228 4898 hanc
1264 4847 1488 4897 mlunate
1526 4843 1826 4895 sententiam
1876 4853 2156 4912 receperint
2190 4885 2204 4908 ,

623 4923 786 4973 uisum
811 4928 903 4982 est,
930 4919 1240 4985 parcendum
1262 4916 1465 4986 quidem
1493 4914 1570 4965 Itis
1599 4914 1660 4986 de
1679 4914 1861 4986 quibus
1890 4931 2047 4980 supra
2075 4924 2212 4986 trac-

625 4992 861 5052 tavimus,
894 4992 982 5058 qui
1012 4985 1452 5055 nitnirum'supra
1494 4985 1619 5058 dicti
1642 4993 1789 5058 sunt
1819 4985 1868 5036 in
1902 4986 2109 5058 erroris
2135 4985 2213 5039 la-

626 5078 820 5132 quequ
857 5055 927 5114 ita
962 5059 1233 5132 incrdisse,
1268 5068 1327 5112 ut
1370 5059 1532 5112 illassa
1585 5055 1706 5110 ﬁdei
1736 5055 2065 5111 conscientia
2095 5055 2211 5112 hie-

625 5135 807 5188 reticis
835 5131 1192 5186 consenserit.

701 5206 778 5274 (ὁ)
833 5203 943 5258 Hoc
968 5204 1078 5271 jam
1144 5200 1481 5274 interpretati
1519 5212 1720 5274 sumus
1774 5199 1842 5274 de
1895 5198 2102 5274 synodo
2157 5197 2212 5256 in

627 5270 830 5330 Achaia
882 5270 1042 5346 paulo
1082 5284 1202 5344 post
1246 5271 1658 5326 Achundrinam
1705 5270 2210 5346 habitaulu‘quam

629 5349 852 5417 respicit
881 5342 1378 5417 Atltana'sius,cmn
1413 5355 1550 5417 tout._
1577 5355 1616 5394 tt
1659 5355 1712 5409 p.
1746 5344 1835 5417 d0,
1865 5358 1892 5394 a
1922 5342 2210 5417 R_uliniun_0

628 5413 927 5481 consultus,
958 5417 1171 5486 quidde
1199 5416 1279 5468 his
1309 5413 1651 5486 sentiendum
1677 5414 1760 5480 qui
1783 5414 2075 5486 necessitate
2096 5415 2208 5483 qni-

630 5491 744 5543 dem
771 5490 896 5556 acti,
919 5484 1009 5542 sed
1033 5503 1136 5542 non
1158 5487 1364 5542 omnino
1393 5485 1676 5556 proﬂigati,
1693 5500 1724 5536 a
1745 5485 1848 5554 ﬁde
1867 5484 2166 5538 aberrarunt
2187 5500 2210 5548 ;

627 5561 925 5640 respondet
941 5557 1319 5640 habitaseadc
1427 5555 1689 5640 synodos,
1709 5557 1949 5640 primum
1965 5557 2207 5640 Alexan-

622 5625 778 5694 driae,
809 5647 870 5685 ac
893 5631 1088 5702 deinde
1113 5630 1180 5684 ab
1209 5629 1272 5684 iis
1301 5628 1393 5702 qui
1423 5625 1686 5702 Graeciam
1712 5625 1954 5702 incolunt
1980 5668 1994 5692 ,
2014 5635 2132 5702 etc.

693 5701 766 5772 (ο)
789 5704 843 5757 in
868 5701 1151 5757 Pithteano
1175 5695 1632 5772 ms.,:benissima:
1655 5695 1907 5772 forte‘pro
1925 5699 2205 5772 lenissima.

629 5769 756 5826 mox
781 5777 831 5826 in
861 5787 964 5825 ms.
1003 5773 1167 5833 Sirm,
1201 5769 1537 5834 latebrosum,
1569 5781 1676 5821 non
1707 5770 2046 5824 tenebrosum.
2077 5770 2209 5825 Ora-

626 5845 700 5897 tio
725 5855 938 5897 rursum
959 5840 1047 5896 hic
1069 5841 1324 5910 perplexa
1347 5849 1400 5896 et
1425 5839 1734 5910 perturbata
1757 5842 1835 5897 sic
1859 5841 2055 5898 clarius
2086 5856 2211 5911 pos-

2235 4673 2289 4734 D

2309 3351 2491 3405 Ariani
2511 3349 2768 3422 dogmatis
2801 3349 3078 3406 subdolum
3105 3367 3167 3404 ac
3195 3349 3506 3422 latebrosum
3523 3349 3707 3422 fuerat
3732 3349 3917 3421 exper-

2307 3431 2388 3476 tus
2409 3440 2428 3488 ;
2464 3420 2597 3477 illud
2620 3424 2732 3491 jam
2751 3464 2768 3489 ,
2791 3422 3041 3477 sermonis
3075 3421 3241 3475 nostri
3269 3420 3628 3491 adhortatione
3652 3420 3918 3475 lenissima

2305 3505 2599 3564 reparatus,
2623 3490 2677 3549 et
2696 3494 3037 3565 ignorationis
3060 3503 3269 3562 captum
3317 3492 3457 3565 (seu,
3485 3490 3549 3545 ab
3574 3492 3916 3565 ignorationis

2307 3563 2486 3638 captu)
2518 3563 2822 3638 resipiscens
2840 3607 2856 3634 ,
2885 3565 3156 3619 exhauriat
3198 3573 3246 3618 et
3276 3563 3612 3629 condemnet,
3640 3563 3913 3618 uehemen-

2308 3636 2528 3704 tiusque.
2561 3636 2666 3691 etc.

2380 3707 2465 3780 (ά)
2490 3707 2615 3780 Haec
2643 3707 3006 3780 illustrantur_
3002 3705 3126 3762 aliis
3161 3704 3362 3761 Liberii
3408 3705 3588 3780 verbis
3615 3704 3757 3776 apud
3804 3705 3909 3759 So-

2307 3776 2472 3862 crati,
2502 3778 2594 3862 lib;
2619 3795 2702 3862 μγ,
2731 3795 2782 3834 c.
2818 3778 2919 3832 12:
2961 3776 3106 3860 Hanc
3137 3788 3309 3831 autem
3352 3777 3658 3862 catholicam
3690 3788 3737 3831 et
3769 3794 3914 3862 topo-

2308 3850 2540 3922 s_t_olicam
2557 3849 2711 3915 [idem
2734 3865 2843 3904 esse
2862 3851 3207 3921 agnoscimus,
3226 3864 3341 3918 qua:
3362 3865 3518 3922 usque
3539 3847 3612 3922 ad
3634 3847 3917 3902 concilium

2311 3920 2586 3976 Nicaznum
2615 3924 2814 3990 integra
2835 3931 2883 3974 et
2901 3920 3214 3974 inconcussa
3241 3920 3549 3987 permansit.

2384 3991 2456 4064 (e)
2490 3993 2670 4064 Forte,
2703 3992 3071 4064 verumetiam
3099 4005 3346 4064 venenum
3374 3993 3614 4064 virusque
3656 3990 3826 4060 notius
3858 4005 3918 4042 se

2311 4060 2459 4132 posse
2481 4062 2742 4117 vindicare
2771 4060 3044 4116 crediderit
3075 4077 3093 4115 :
3122 4069 3169 4116 et
3197 4063 3396 4117 ratione
3432 4060 3678 4132 uincetur,
3710 4071 3757 4114 et
3782 4076 3914 4132 quc-

2311 4131 2502 4188 toribns
2533 4133 2800 4203 perﬁdiae,
2834 4144 2943 4188 etc.
2980 4133 3132 4186 Haud
3173 4134 3331 4203 longe
3359 4131 3624 4203 absimilis
3668 4131 3913 4203 esttlnis

2308 4200 2552 4272 epistolze
2581 4200 2822 4275 ejusdem
2846 4203 3043 4275 Liberii
3072 4200 3438 4260 Orientalibus
3467 4202 3607 4259 datze
3642 4200 3782 4274 apud
3807 4203 3915 4258 So-

2310 4287 2510 4331 cratem
2540 4273 2632 4331 lib.
2659 4292 2731 4338 tv.
2759 4291 2808 4331 c.
2846 4273 2932 4329 12.

2384 4348 2466 4420 ti)
2491 4347 2606 4401 Non
2638 4357 2720 4420 est
2748 4345 3100 4420 disjungenda
3130 4345 3248 4401 huic
3276 4346 3502 4420 epistola
3528 4361 3558 4400 a
3602 4348 3915 4420 superiore,

2311 4419 2398 4472 cui
2430 4433 2548 4473 eam
2581 4420 2647 4472 ab
2678 4418 2881 4472 llilario
2907 4420 3144 4486 junctam
3169 4431 3223 4473 et
3259 4418 3626 4473 continuatam
3672 4418 3794 4476 esse
3825 4419 3918 4474 in-

2313 4490 2456 4544 dicat
2492 4490 2919 4561 particulagitem.
2956 4488 3103 4543 Illam
3136 4489 3378 4543 nonnulli
3410 4489 3666 4561 scriptam
3718 4500 3907 4561 putant

2315 4562 2560 4632 proxime
2589 4571 2709 4628 post
2734 4559 3001 4632 Illyricam
3032 4561 3295 4632 synodum
3336 4562 3462 4615 anni
3485 4559 3643 4632 5765.,
3671 4559 3738 4616 At
3778 4576 3914 4616 con-

2317 4635 2500 4685 venire
2531 4631 2672 4686 inter
2696 4630 2886 4685 omnes
2917 4630 3098 4698 debet,
3129 4630 3290 4685 Italos
3325 4646 3446 4685 cum
3481 4630 3668 4686 Hilarii
3700 4633 3908 4699 nostri,

2318 4715 2429 4756 tum
2463 4703 2676 4757 Eusebii
2721 4703 3080 4756 Vercellensis
3111 4703 3446 4772 aliorumque
3472 4716 3672 4772 opera,
3711 4704 3922 4758 Arimi-

2319 4775 2502 4829 nensis
2528 4773 2741 4828 concilii
2791 4775 3007 4828 decreta
3055 4785 3179 4827 ante
3209 4789 3412 4827 annum
3453 4773 3560 4828 5o5
3599 4773 3906 4830 rescidisse.

2319 4845 2504 4914 Neque
2532 4861 2660 4900 vero
2691 4845 2758 4898 ab
2787 4846 2851 4898 iis
2881 4845 3224 4914 ahroga‘ndis,
3259 4843 3453 4914 quibus
3490 4844 3640 4898 inviti
3666 4846 3911 4914 decepti-

2321 4933 2424 4986 que
2451 4925 2860 4980 coosenserant,
2889 4916 2977 4968 diu
3008 4914 3345 4986 multumque
3372 4915 3721 4971 ahhurruere.
3753 4915 3914 4972 Unde

2321 4987 2568 5042 Liberius
2595 4987 2735 5056 apud
2764 4987 3041 5042 Socratem
3069 4987 3161 5040 hb.
3207 5003 3282 5050 tv,
3306 5002 3357 5040 c.
3392 4987 3478 5051 12,
3507 4986 3573 5041 ad
3606 4987 3912 5042 Orientales

2321 5058 2602 5132 Lampsaci
2629 5057 3239 5132 Congregutosnondum
3265 5058 3440 5132 habita
3467 5056 3678 5132 Illyrica
3701 5059 3914 5132 synodo

2322 5131 2573 5185 rescribit
2597 5172 2611 5192 ,
2639 5145 2813 5184 ames
2842 5129 3180 5183 Ariminensis
3225 5131 3428 5182 concilii
3458 5129 3798 5195 blasphemia:
3846 5131 3912 5183 ab

2320 5202 2427 5255 illis
2446 5202 2707 5273 ipsis,_qui
2737 5212 2855 5273 tunc
2894 5217 2983 5272 per
3011 5197 3247 5271 fraudem
3294 5200 3496 5273 decepti
3541 5202 3702 5273 fuisse
3729 5198 3910 5273 niden-

2321 5283 2428 5337 tur,
2465 5265 2793 5326 anathemate
2819 5265 3091 5326 damnatas
3121 5288 3248 5337 esse,
3277 5281 3321 5324 et
3349 5265 3609 5326 universos
3636 5272 3690 5324 in
3732 5265 3912 5326 Nicae-

2321 5359 2442 5396 nam
2471 5343 2625 5413 ﬁdem
2651 5343 3064 5410 conspirantibus
3083 5344 3267 5396 animis
3291 5343 3624 5397 consensisse.
3657 5341 3715 5398 Si
3741 5341 3910 5413 igitur

2321 5413 2433 5486 Itali
2473 5411 2846 5486 'Arimineusis
2881 5413 3092 5468 concilii
3114 5419 3512 5486 statutagnunc
3534 5411 3788 5486 primum
3821 5411 3913 5468 hic

2320 5483 2468 5538 irrita
2511 5486 2806 5551 declarant,
2839 5485 2938 5540 hoc
2966 5486 3032 5538 ad
3057 5501 3254 5540 annum
3287 5483 3393 5540 363
3421 5497 3511 5539 aut
3534 5483 3638 5539 564
3668 5483 3915 5540 referen-

2319 5557 2445 5611 dum
2470 5572 2590 5613 esse
2620 5557 2827 5611 nullum
2851 5557 3069 5610 dubium
3101 5564 3204 5613 est.
3227 5555 3391 5611 Forte
3427 5555 3591 5611 etiam
3617 5557 3797 5612 statim
3827 5561 3914 5609 at-

2320 5643 2422 5696 que
2453 5627 2529 5682 eis
2557 5628 2761 5682 reddita
2786 5637 2867 5682 est
2894 5626 3146 5698 superior,
3179 5627 3386 5688 Liberii,
3416 5625 3642 5698 epistola
3664 5669 3679 5692 ,
3709 5641 3912 5682 convc-

2322 5699 2530 5770 nientes
2559 5700 2608 5752 in
2651 5715 2811 5770 unum
2837 5698 2976 5770 hanc
3007 5713 3219 5770 summo
3237 5713 3518 5770 consensu
3546 5699 3904 5769 scripserunt.

2395 5769 2469 5840 (ῃ)
2501 5768 2741 5842 Verbum
2767 5778 2851 5842 est
2868 5769 2956 5825 hic
2982 5769 3195 5842 videtur
3218 5768 3535 5836 desiderari,
3556 5779 3614 5826 et
3633 5768 3758 5827 mox
3787 5783 3910 5842 par-

2321 5841 2484 5898 ticula
2512 5858 2624 5897 cum
2653 5841 2954 5899 redundare
2979 5849 3102 5898 ante
3124 5841 3246 5910 ﬁdei
3270 5849 3515 5912 paternw.
