4224 6262
525 309 656 366 719

1764 293 2010 353 SANCTI
2051 292 2307 352 lllLARll
2343 293 2647 352 EPISCOPI

3722 293 3827 353 720

524 448 634 504 bile
661 459 783 501 esse
811 441 1077 506 videatur,
1105 436 1229 508 quia
1257 432 1578 504 per.omnia
1625 432 1859 488 similem
1893 447 2014 488 esse
2043 431 2134 487 Fi-

2240 422 2312 464 ter
2351 411 2560 484 judicat
2587 425 2912 480 quemquam,
2936 411 3026 465 sed
3048 426 3195 466 omne
3209 410 3469 484 judicium
3502 410 3639 466 dedit
3661 410 3822 479 Filio,

528 541 660 596 lium
686 537 828 594 Patri
869 530 1193 605 proﬁtearis.
1245 528 1299 583 Si
1339 528 1482 582 enim
1529 527 1609 582 sic
1635 537 1707 592 te,
1749 527 1892 581 sicut
1923 527 2130 596 optavi-

527 650 672 700 mus,
695 630 900 688 sentire
938 624 1155 695 scriptis
1208 622 1312 677 tuis
1355 619 1824 685 manifestaveris;
1855 619 2128 690 querelam

527 743 629 801 pro
657 723 852 794 injuria
881 736 912 775 a
937 717 1259 790 quibusdam
1283 715 1498 771 clericis
1529 714 1634 770 luis
1657 712 1899 768 Palladio
1919 722 1974 767 et
1996 711 2130 768 Gaio

524 820 784 878 fratribus
812 823 866 872 et
893 810 1236 883 coepiscopis
1280 809 1486 866 nostris
1517 808 1712 862 factam
1747 805 1813 878 (f.
1840 805 2032 876 facta),
2063 804 2131 860 li-

525 925 613 974 cet
640 911 901 976 nolueris,
931 908 1072 964 sicut
1104 905 1276 976 prima
1323 903 1679 959 conventione
1706 899 2013 956 admonitus
2047 913 2127 966 es,

527 1005 820 1078 exquirere
867 999 934 1055 ad
982 996 1400 1054 aestimationem
1443 1005 1586 1048 tuam
1625 993 1703 1065 (a)
1737 992 1988 1061 pertinet,
2023 989 2130 1046 illis

524 1103 733 1158 scilicet
777 1093 1158 1168 praestantibus
1205 1105 1300 1159 pro
1354 1103 1451 1144 sua
1488 1087 1796 1142 temeritate
1837 1085 2126 1140 rationem.

525 1194 654 1251 Haec
684 1206 782 1262 per
809 1184 1211 1244 Secundianum
1235 1180 1636 1252 presbyterum,
1666 1177 1996 1234 Pullentium
2019 1175 2130 1232 lec-

527 1298 736 1350 torem,
789 1290 845 1337 et
888 1277 1287 1334 Candidianum
1345 1273 1675 1329 exorcistam
1731 1271 2130 1328 transmisimus

523 1376 784 1438 Charitati
842 1385 944 1429 ture
998 1386 1072 1426 xv
1126 1367 1381 1423 calendas
1424 1367 1704 1438 ianuarias
1751 1366 1908 1438 (anno
1954 1364 2125 1435 566),

526 1473 786 1530 Gratiano
834 1463 1173 1524 nobilissimo
1223 1459 1284 1514 P.
1309 1469 1368 1516 et
1405 1459 1680 1532 Dagalaifo
1708 1472 1913 1526 conss,
1939 1473 2128 1514 exem-

527 1565 676 1638 plum
708 1575 879 1635 penes
908 1575 1008 1616 nos
1037 1560 1354 1615 retinentes.

751 1694 1234 1755 FRAGMENTUM
1273 1690 1371 1747 xv
1409 1689 1586 1760 (Alias
1639 1703 1652 1742 ι
1697 1681 1906 1757 partis).

2233 514 2290 557 ut
2340 520 2512 559 omnes
2543 505 2882 573 honori/lceat
2930 502 3124 560 Filium
3159 504 3292 559 sicut
3331 505 3674 574 honorificam
3722 505 3829 561 Pa-

2233 607 2360 652 trem
2392 596 2571 669 (Joan.
2606 612 2663 662 v,
2690 595 2784 663 22,
2839 596 2975 669 25);
3008 606 3063 652 et
3107 599 3302 652 iterum
3347 598 3431 652 cui
3463 597 3622 653 Pater
3668 597 3825 664 dixit,

2234 687 2511 744 Faciamus
2539 689 2802 746 hominem
2831 689 2897 743 ad
2921 689 3197 760 imaginem
3224 699 3271 744 et
3295 689 3682 744 similitudinem
3709 706 3829 744 nos-

2233 792 2366 837 tram
2395 781 2548 854 (Gen.
2579 799 2620 850 ι,
2645 782 2764 852 26),
2791 798 2894 839 nec
2917 782 3074 850 dixit,
3108 783 3174 837 ad
3205 782 3495 854 imaginem
3524 791 3695 851 tuam,
3713 783 3829 849 .vel,

2231 874 2297 929 ad
2328 873 2617 944 imaginem
2651 891 2850 941 meam,
2889 889 2958 930 ne
2985 875 3217 946 aliquam
3244 873 3741 931 dissimilitudinem
3774 876 3830 932 in

2232 968 2356 1025 Filii
2409 970 2494 1025 sui
2549 969 2832 1026 divinitate
2880 968 3284 1025 demonstraret
3329 986 3344 1024 :
3397 966 3492 1024 sed
3538 976 3830 1039 propterea

2231 1062 2532 1130 conjunxit,
2575 1063 2646 1114 ad
2669 1063 2947 1134 imaginem
2979 1071 3028 1116 et
3072 1061 3456 1116 similitudinem
3495 1073 3745 1128 nostram,
3775 1070 3832 1116 ut

2231 1153 2424 1210 Filium
2457 1170 2614 1210 suum
2640 1154 2744 1209 sibi
2784 1153 3016 1209 similem
3043 1169 3138 1224 per
3167 1154 3346 1208 omnia
3375 1153 3541 1209 Deum
3575 1154 3831 1208 manifes-

2233 1255 2394 1301 taret.
2429 1246 2628 1303 lterum
2659 1245 3021 1318 Evangelista,
3061 1244 3295 1301 Vidimus
3315 1244 3536 1318 gloriam
3564 1249 3698 1319 ejus,
3721 1246 3834 1318 glo-

2232 1341 2363 1394 riam
2387 1339 2537 1410 quasi
2565 1338 2814 1410 unigeniti
2834 1356 2867 1392 a
2898 1337 3077 1404 Patre,
3104 1340 3312 1409 plenum
3335 1337 3504 1408 gratia
3531 1348 3578 1392 et
3603 1339 3830 1394 ueritate.

2231 1431 2412 1499 (Joan.
2440 1447 2477 1496 t,
2514 1435 2650 1500 xw.)
2683 1431 2749 1485 Et
2780 1421 3073 1500 ApoStolus
3095 1429 3162 1484 ad
3188 1427 3523 1495 Corinthios,
3556 1428 3622 1484 In
3648 1429 3835 1500 quibus

2232 1524 2375 1580 Deus
2402 1525 2557 1594 hujus
2581 1523 2760 1579 steculi
2779 1523 3054 1578 excaecauit
3081 1531 3273 1578 mentes
3308 1522 3624 1593 infidelium,
3651 1531 3707 1576 ut
3732 1537 3838 1576 non

2231 1615 2545 1688 refulgerent
2574 1614 2951 1669 illuminatione
2979 1613 3247 1686 Evangelii
3268 1614 3453 1686 gloria:
3478 1612 3689 1678 Christi,
3721 1629 3838 1684 qua

2232 1720 2306 1766 est
2333 1712 2501 1782 imago
2532 1709 2630 1765 Dei
2661 1708 2729 1780 (ll
2755 1707 2878 1765 Cor.
2911 1724 2986 1777 ιν,
3018 1706 3098 1778 ι).
3124 1709 3191 1764 Ει
3212 1709 3408 1765 iterum
3430 1707 3574 1764 idem
3598 1708 3836 1778 Aposto-

526 1831 722 1876 INCIPIT
752 1827 1086 1872 nescmrruu
1115 1808 1190 1884 (b)
1221 1821 1460 1865 senum"
1499 1819 1567 1860 an
1592 1816 1889 1866 RUl‘lANUM,
1927 1813 2128 1854 PALLA-
2159 1813 2208 1875 Β
2235 1803 2350 1859 lus:
2388 1801 2458 1857 Et
2485 1803 2749 1857 transtulit
2795 1819 2888 1857 nos
2914 1803 2968 1856 in
2989 1817 3145 1872 regno
3173 1800 3270 1872 filii
3309 1799 3576 1855 charitatis
3614 1816 3741 1863 sum,
3783 1801 3840 1854 in

874 1921 1027 1970 mou,
1071 1918 1140 1959 er
1180 1912 1436 1958 cernuos
1479 1897 1587 1969 (an.
1617 1893 1773 1966 567).

524 2031 769 2090 Dominis
801 2027 1085 2086 Fratribus
1110 2018 1540 2094 religiosissimis
1571 2015 1823 2079 Rufiano,
1856 2007 2124 2074 Palladio,

594 2123 878 2188 Severino,
905 2119 1112 2185 Niobae,
1157 2114 1472 2179 Heliodoro,
1504 2101 1760 2173 Romulo,
1795 2104 2041 2160 Muciano
2074 2109 2129 2155 et

597 2215 874 2274 Stercorio
897 2209 1209 2268 Germinius
1239 2209 1293 2261 in
1318 2204 1546 2260 Domino
1571 2200 1820 2256 salutem.

597 2311 650 2366 Ι.
681 2305 878 2362 Filium
905 2303 1054 2358 Patri
1075 2317 1164 2374 per
1195 2297 1366 2353 omnia
1384 2294 1604 2350 similem
1630 2305 1739 2345 esse
1783 2297 1828 2341 ct
1858 2283 2132 2374 traditione

526 2412 574 2458 et
602 2397 890 2470 Scripturis
917 2373 1111 2448 doceri.
1137 2421 1210 2432 —
1230 2386 1426 2444 Vitalis
1452 2385 1518 2441 V.
1547 2383 1609 2439 C.
1637 2382 1712 2450 (ο)
1740 2375 2030 2470 niilitantis
2076 2373 2132 2427 in

523 2489 702 2550 officio
730 2468 992 2544 sublimis
1032 2482 1379 2539 Praefectura:
1417 2476 1696 2533 relatione
1738 2468 2130 2538 comperimus,

523 2585 836 2642 desiderare
854 2579 1204 2637 Sanctitatem
1230 2583 1486 2637 vestram,
1519 2566 1810 2638 significari
1846 2562 2007 2636 707
2037 2575 2134 2615 ro-

529 2677 615 2733 bls
645 2682 832 2746 aperte
856 2671 983 2744 quid
1016 2678 1122 2736 est,
1156 2665 1299 2738 quod
1331 2663 1400 2720 de
1430 2661 1533 2717 fide
1568 2669 1752 2714 nostra
1775 2653 2009 2717 Valenti,
2033 2650 2135 2708 Ur-

527 2771 698 2836 sacio,
730 2768 868 2826 Gaio
905 2773 961 2821 et
988 2763 1154 2820 Paulo
1196 2759 1505 2830 displiceat.
1553 2751 1935 2810 Necessarium
1973 2747 2137 2811 duxi,

530 2863 615 2918 his
657 2861 852 2916 litteris
899 2853 1326 2928 patefaciendum
1369 2847 1656 2907 Sanctitati
1697 2855 1920 2909 vestrae,
1978 2851 2034 2897 et
2060 2839 2135 2904 id,

528 2952 674 3024 quod
705 2953 757 3006 in
783 2951 936 3007 vobis
957 2947 1089 3018 ipsis
1112 2945 1182 3000 ab
1206 2944 1362 3000 initio
1388 2957 1508 2998 esse
1529 2938 1766 3004 confido,
1797 2932 2141 3024 dicereaNos

529 3023 637 3101 hoc
666 3043 809 3115 quod
839 3051 894 3097 et
916 3056 947 3095 a
973 3038 1215 3111 patribus
1246 3033 1504 3089 traditum
1533 3030 1862 3098 accepimus,
1910 3037 1965 3081 et
1997 3023 2138 3079 divi-

533 3142 618 3194 nis
639 3133 933 3206 Scripturis
959 3130 1103 3203 quod
1131 3127 1302 3184 semel
1337 3123 1646 3183 didicimus,
1682 3129 1737 3178 et
1757 3117 2001 3190 quotidie
2037 3116 2139 3172 do-

2229 1915 2328 1968 qno
2379 1897 2623 1952 habemus
2665 1897 3070 1963 redemptionem
3111 1906 3161 1951 et
3212 1895 3562 1952 remissionem
3588 1905 3839 1970 peccato-

2230 2007 2368 2057 rum,
2404 1991 2494 2062 qui
2522 1999 2597 2044 est
2628 1990 2802 2061 imago
2837 1989 2932 2044 Dei
2955 1988 3247 2052 invisibilis,
3275 1989 3644 2062 primogenitus
3671 1990 3837 2045 omnis

2231 2094 2480 2140 creatura
2509 2082 2730 2152 (Coloss.
2766 2100 2807 2150 ι,
2842 2085 2910 2140 i5
2932 2095 2981 2138 et
3005 2081 3194 2154 seqq.).
3224 2082 3290 2138 Et
3313 2085 3506 2138 iterum
3533 2082 3675 2138 idem
3693 2085 3841 2151 Apo.

2231 2174 2404 2230 stolus
2433 2193 2445 2229 :
2475 2175 2642 2247 708
2669 2173 2780 2228 Hoc
2826 2175 2962 2228 enim
3004 2175 3186 2230 sentite
3233 2175 3287 2227 in
3317 2173 3477 2240 vobis,
3522 2176 3659 2245 quod
3704 2184 3754 2230 et
3784 2175 3841 2229 in

2233 2267 2438 2323 Christo
2466 2266 2612 2334 Iesu,
2659 2269 2747 2336 qui
2789 2283 2905 2320 cum
2934 2267 2987 2321 in
3015 2267 3184 2338 forma
3218 2264 3315 2321 Dei
3352 2276 3501 2328 esset,
3550 2281 3652 2320 non
3698 2266 3842 2336 rapi-

2235 2376 2352 2413 nam
2384 2358 2668 2414 arbitratus
2699 2368 2773 2413 εει
2809 2375 2862 2412 se
2910 2375 3017 2412 esse
3045 2360 3295 2429 (aqualem
3335 2355 3468 2424 Deo,
3522 2358 3612 2414 sed
3656 2367 3843 2413 semet-

2235 2452 2406 2518 ipsum
2451 2451 2730 2506 ea'inaniuit
2761 2452 2977 2521 formam
3029 2451 3158 2504 servi
3195 2449 3476 2520 accipiens,
3505 2450 3557 2503 in
3595 2449 3846 2505 similitu-

2240 2543 2364 2598 dine
2387 2543 2652 2598 hominum
2679 2546 2844 2614 factus
2877 2540 3104 2613 (Philip.
3130 2558 3190 2608 tt,
3221 2541 3253 2596 5
3283 2551 3330 2596 et
3358 2539 3544 2615 seqq.).
3572 2541 3704 2610 Quis
3731 2558 3842 2596 non

2239 2639 2525 2709 intelligat,
2559 2639 2682 2708 quia
2715 2636 3169 2707 quemadmodum
3213 2635 3510 2692 secundum
3559 2637 3703 2693 servi
3733 2635 3843 2691 for-

2241 2747 2382 2787 mam
2413 2747 2537 2786 vera
2567 2729 2666 2786 fuit
2703 2745 2833 2785 caro
2863 2739 3042 2784 nostra
3091 2729 3143 2783 in
3172 2727 3425 2796 Christo;
3457 2729 3528 2785 ita
3566 2729 3698 2786 etin
3736 2728 3835 2784 Dei

2242 2825 2415 2879 forma
2457 2838 2581 2878 vera
2604 2821 2673 2876 sit
2701 2822 2954 2877 divinitas
2985 2821 3165 2876 Patris
3202 2821 3254 2877 in
3288 2821 3466 2877 Filio?
3496 2820 3564 2877 Et
3591 2821 3791 2878 iterum
3827 2839 3843 2875 :

2253 2917 2429 2973 Videte
2452 2935 2512 2972 ne
2537 2918 2650 2988 quis
2678 2931 2764 2970 vos
2787 2915 2995 2971 seducat
3018 2931 3107 2985 per
3135 2914 3522 2986 philosOphiam
3553 2925 3600 2969 et
3626 2914 3838 2969 inanem

2245 3011 2510 3081 fallaciam
2551 3008 2831 3064 secundum
2859 3006 3190 3064 traditionem
3231 3006 3520 3074 hominum,
3554 3006 3844 3063 secundum

2246 3102 2493 3156 elementa
2539 3101 2696 3175 hujus
2737 3100 2936 3166 mundi,
2986 3110 3032 3154 et
3064 3115 3167 3154 non
3207 3097 3492 3156 secundum
3535 3099 3847 3164 Christum;

531 3191 740 3295 contus,
764 3191 1046 3283 Christum
1091 3221 1185 3277 Dei
1222 3220 1389 3274 ﬁlium
1424 3214 1708 3271 Dominum
1758 3219 2002 3266 nostrum
2039 3223 2134 3278 Per
2162 3195 2207 3258 Ο
2238 3197 2358 3266 quia
2382 3196 2566 3295 ξ’ζίηδθ
2597 3196 2793 3295 habita}
2821 3193 2986 3295 olim“
3006 3191 3273 3295 plenum.“
3294 3191 3575 3295 ἀξιώδὶωίὶδ
3605 3207 3848 3295 (mm.

534 3323 716 3382 omnia
761 3317 908 3375 Patri
964 3314 1220 3377 similem,
1268 3317 1490 3379 excepta
1537 3304 1910 3369 innativitate,
1969 3301 2138 3355 Deum

537 3417 607 3472 de
640 3413 770 3477 Deo,
805 3410 987 3465 lumen
1022 3405 1092 3462 de
1124 3402 1346 3467 lumine,
1377 3400 1630 3454 virtutem
1658 3395 1727 3451 de
1750 3394 1972 3458 virtute,
2006 3392 2143 3446 inte-

535 3525 691 3581 grum
724 3506 792 3560 de
831 3503 1066 3574 integro,
1112 3495 1414 3568 perfectum
1459 3491 1528 3546 de
1557 3488 1990 3581 perfecto,_ante
2035 3499 2139 3538 sm-

535 3579 651 3656 cula
677 3606 730 3652 et
753 3606 880 3650 ante
906 3591 1185 3656 universa,
1214 3601 1335 3656 quae
1367 3581 1592 3652 intelligi
1634 3581 1719 3634 vel
1747 3579 1854 3635 dici
1889 3584 2140 3647 possunt,

537 3691 804 3764 genitum,
829 3683 984 3755 cujus
1003 3681 1340 3738 nativitatem
1364 3691 1522 3731 nemo
1545 3673 1646 3728 scit
1671 3671 1771 3726 nisi
1791 3671 1939 3726 solus
1957 3669 2143 3735 Pater,

539 3759 659 3854 ipso
681 3781 821 3837 Filio
849 3777 1139 3832 udserente
1162 3788 1174 3824 :
1208 3769 1342 3838 Quia
1367 3783 1513 3822 nemo
1531 3765 1668 3819 novit
1696 3763 1890 3817 Filium
1912 3761 2010 3815 nisi
2039 3759 2141 3813 Pa-

544 3853 642 3942 ter,
676 3888 837 3943 neque
870 3869 1077 3922 Patrem
1098 3865 1211 3935 quis
1235 3863 1371 3916 nouit
1394 3860 1491 3914 nisi
1522 3857 1717 3924 Filius,
1745 3867 1790 3911 et
1819 3853 1901 3908 cui
1928 3853 2145 3908 uoluerit

543 3968 718 4024 Filius
741 3965 965 4020 revelare
993 3958 1212 4034 (Matth.
1245 3973 1319 4024 xi,
1351 3952 1444 4025 Ξῖ)
1475 3972 1488 4007 :
1529 3968 1625 4022 per
1653 3967 1814 4022 quem
1845 3947 1984 4005 facta
2019 3957 2145 4005 sunt

541 4063 748 4126 omnia,
777 4061 894 4115 sine
919 4069 1028 4128 quo
1057 4053 1257 4108 factum
1297 4059 1382 4104 est
1413 4046 1570 4110 nihil,
1597 4043 1898 4102 secundum
1930 4041 2146 4098 divinas

543 4170 708 4213 voces
737 4152 902 4224 ipsius
949 4143 1251 4210 Salvatnris
1296 4139 1468 4196 nostri
1515 4137 1639 4195 Filii
1679 4135 1956 4192 dicentis:
1988 4133 2146 4189 Pater

544 4267 687 4308 meus
708 4261 864 4318 usque
890 4241 1041 4298 modo
1064 4247 1329 4310 operatur,
1349 4244 1396 4290 et
1426 4235 1718 4305 ego'operor
1738 4229 1915 4301 (Joan.
1946 4224 2142 4298 v,18);

545 4355 600 4401 et
627 4345 846 4405 iterum,
883 4337 1230 4402 Quaecumque
1258 4328 1394 4383 enim
1415 4324 1581 4380 Pater
1610 4324 1754 4394 facit,
1773 4323 1882 4376 hinc
1907 4328 1951 4374 et
1973 4318 2147 4374 simili-

543 4449 619 4493 ter
649 4432 698 4488 F
701 4435 819 4488 ilius
838 4430 958 4503 facit
1004 4423 1196 4500 (lbid.,
1235 4418 1368 4492 19);.
1397 4427 1452 4472 et
1482 4417 1701 4482 iterum,
1745 4412 1857 4484 Ego
1899 4421 1948 4467 et
1986 4409 2148 4466 Pater

542 4544 709 4585 unum
735 4539 910 4580 sumus
933 4517 1114 4592 (Joan.
1147 4531 1202 4578 x.
1232 4513 1363 4582 50);
1397 4521 1450 4566 et
1481 4508 1700 4571 iterum,
1751 4506 1854 4574 Qui
1888 4520 1967 4559 me
1993 4504 2142 4570 vidit,

2239 3289 2354 3341 liter
2383 3286 2610 3361 (Coloss.
2642 3302 2699 3348 tt,
2727 3283 2806 3356 8).
2837 3285 2893 3340 Si
2926 3299 3058 3357 ergo
3080 3285 3257 3340 omnis
3288 3283 3566 3354 plenitudo
3593 3282 3850 3338 divinita-

2243 3379 2312 3434 tis
2335 3379 2598 3435 inhabitat
2620 3380 2671 3433 in
2688 3378 2927 3444 Christo,
2953 3378 3063 3448 jam
3088 3393 3195 3432 non
3213 3392 3277 3433 ex
3302 3384 3454 3446 parte
3481 3375 3674 3432 similis
3703 3385 3842 3431 etex

2242 3480 2398 3541 parte
2436 3469 2736 3533 dissimilis,
2797 3469 2939 3524 sicut
2986 3483 3129 3523 nunc
3169 3475 3438 3532 asserunt,
3480 3466 3572 3536 qui
3619 3475 3846 3536 propter

2242 3565 2646 3620 contentionem
2688 3579 2800 3619 sum
2833 3562 3072 3619 libidinis
3102 3572 3397 3619 retrorsum
3435 3563 3719 3630 abeuntes,
3751 3576 3844 3617 se-

2245 3660 2504 3728 metipsos
2533 3673 2563 3712 a
2594 3657 2751 3713 nobis
2780 3663 3114 3711 averterunt.
3692 3651 3694 3654 ’

2315 3751 2369 3805 9...
2404 3752 2532 3820 Qua:
2562 3752 2615 3805 iu
2649 3751 2961 3805 contrariuut
2991 3749 3282 3817 afferuntur
3307 3749 3392 3812 qui
3416 3748 3748 3821 explicanda.
3772 3777 3848 3792 —-

2245 3842 2376 3898 Nam
2409 3843 2552 3912 quod
2582 3851 2771 3915 putant
2814 3857 2875 3898 se
2903 3858 2998 3913 pro
3039 3827 3233 3913 magno
3269 3840 3339 3897 de
3375 3841 3573 3896 divinis
3612 3841 3851 3912 Scriptu-

2245 3934 2321 3989 ris
2347 3933 2615 4004 proferre,
2646 3943 2704 3989 ut
2729 3933 2914 3989 dicant
2939 3931 3216 3989 Christum
3257 3934 3515 3988 iacturam
3547 3942 3602 3989 et
3629 3943 3850 3990 creatu-

2247 4041 2362 4082 ram
2394 4043 2408 4080 :
2437 4043 2467 4082 e
2493 4029 2767 4082 contrario
2796 4041 2898 4082 nos
2934 4025 3229 4081 secundum
3263 4025 3571 4095 Scripturas
3617 4025 3852 4082 dicimus

2247 4121 2409 4186 viam,
2443 4130 2494 4176 et
2519 4119 2762 4191 januam,
2802 4129 2855 4174 et
2885 4118 3118 4190 lapidem
3166 4117 3508 4185 offensionis,
3550 4127 3608 4174 et
3638 4127 3851 4190 petram

2247 4215 2510 4284 scandali,
2539 4223 2594 4272 et
2620 4214 3049 4282 fundamentum,
3087 4222 3144 4271 et
3168 4211 3471 4276 brachium,
3514 4222 3572 4270 et
3607 4228 3848 4280 manum,

2249 4320 2302 4364 et
2327 4309 2670 4378 sapientiam,
2699 4319 2754 4365 et
2778 4308 3024 4374 verbum,
3049 4317 3106 4364 et
3125 4323 3346 4378 agnum,
3364 4313 3420 4362 et
3439 4321 3620 4372 ovem,
3651 4314 3710 4362 et
3721 4320 3852 4378 pas-

2250 4414 2443 4469 torem,
2472 4412 2526 4458 et
2545 4401 2904 4471 sacerdotem,
2931 4411 2986 4457 et
3017 4406 3206 4465 vitem,
3236 4399 3478 4469 etdiem,
3499 4411 3555 4458 et
3579 4400 3705 4455 alia.
3741 4399 3848 4458 Sed

2251 4485 2367 4551 [nec
2394 4496 2574 4551 omnia
2605 4495 2685 4550 sic
2715 4495 3062 4567 intelligimus
3090 4505 3144 4550 et
3171 4495 3422 4564 dicimus,
3454 4507 3513 4552 ut
3540 4495 3769 4551 virtutes
3789 4500 3847 4548 et

697 4628 745 4676 et
770 4580 980 4672 Patrem
1005 4608 1192 4685 (Joan.
1225 4580 1340 4672 xiv,
1368 4600 1466 4674 9);
1521 4610 1575 4656 et
1619 4600 1838 4662 iterum,
1877 4594 2148 4664 Quomodo
2176 4580 2227 4640 D
2252 4591 2597 4660 Operationes
2640 4590 2734 4644 lilii
2777 4587 2873 4643 Dei
2912 4588 3308 4659 intelligamus,
3351 4605 3455 4647 non
3511 4598 3570 4645 ut
3605 4587 3848 4644 divinam

547 4715 706 4771 Pater
725 4713 884 4767 vitam
912 4706 1059 4761 habet
1082 4705 1138 4757 in
1166 4698 1460 4769 semetipso,
1486 4693 1559 4747 ita
1587 4691 1729 4745 dedit
1756 4699 1805 4745 et
1831 4686 1968 4742 Filio
1992 4688 2148 4742 vitam

548 4809 731 4864 habere
751 4806 805 4859 in
831 4799 1103 4868 semetipso
1128 4791 1309 4865 (Joun.
1336 4804 1390 4852 v,
1410 4785 1505 4857 96)
1525 4800 1540 4849 ;
1564 4793 1621 4839 et
1641 4785 1859 4846 iterum,
1883 4780 2031 4835 Sicut
2053 4779 2152 4834 Pa-

548 4911 622 4954 ter
637 4898 850 4954 suscitat
878 4898 1111 4946 mortuos
1138 4895 1185 4940 et
1214 4880 1458 4950 uiviﬁcat,
1488 4878 1561 4930 ita
1602 4883 1650 4929 et
1682 4872 1856 4928 Filius
1882 4887 2007 4942 quos
2043 4870 2148 4926 uult

545 4979 1123 5062 uiviﬁcat(lbid.,21);
1153 4986 1210 5032 et
1231 4977 1453 5036 iterum,
1481 4966 1784 5024 Creditisin
1809 4965 1995 5032 Deum,
2025 4975 2076 5062 et
2091 4965 2145 5019 in

546 5105 626 5144 me
646 5057 838 5141 credite
861 5078 1044 5152 (Joan.
1077 5089 1189 5138 XIV,
1217 5067 1270 5141 l)
1298 5085 1312 5135 ;
1344 5075 1399 5124 et
1421 5067 1636 5129 iterum,
1667 5061 1846 5131 Neque
1874 5061 2010 5116 enim
2036 5057 2146 5112 Pa-

617 5251 698 5319 (a)
719 5247 778 5302 ln
801 5260 904 5300 ms.
945 5240 1137 5319 Sirm.,
1170 5247 1269 5316 non
1301 5225 1657 5319 pertinent.
1688 5224 1900 5319 scilicet;

620 5292 697 5392 ὶῑί
722 5292 1346 5392 animianimi“
1377 5298 1679 5392 ειὶὲδξεηθηην
1707 5310 1846 5392 ,ξνξὶθ
1862 5292 2139 5392 Χ3¹θὶιξὶεν

549 5363 1035 5454 υτξζιὲἰῖξπῖἶειῖῗεί
1063 5363 1240 5439 Pauli,
1275 5389 1381 5428 non
1416 5363 1654 5454 'Ruliaui,
1684 5363 1980 5454 ί
2010 5372 2140 5454 et?“

795 5434 1050 5524 inscripta
1077 5459 1190 5525 est;
1210 5434 1440 5525 qumque
1503 5455 1593 5525 ton
1616 5436 2009 5525 [per.y.i!taletni,
2045 5434 2139 5525 sed

546 5507 1103 5608 ὗὲἴέἔειὶῖἶῖιῖεἶῗυηιν
1158 5507 1492 5608 ξυᾘθηίίυηὶ
1521 5507 2137 5608 θίηίέ³ἷ¹ἱ¹ῖέῗῗέ¹ῗὲ¹¹ηξὲ¹

544 5581 922 5661 δξίθιῖἶῖιᾷἶη
955 5581 1135 5651 tamen
1165 5589 1290 5661 huic
1315 5583 1656 5661 occasionem
1690 5581 1986 5661 pnebuisse
2005 5591 2137 5632 con-

544 5649 970 5733 Eéit'e'iitiiiiifén
986 5649 1005 5720 εί
1022 5674 1081 5720 ιιι
1103 5659 1195 5733 qui
1213 5673 1277 5736 _se
1298 5655 1546 5736 epistola
1573 5667 1685 5736 sua?
1705 5649 2022 5736 οξξρηξριιηρ,
2042 5662 2134 5736 in}:

551 5720 1001 5803 I.23'é'€i'-i£ia.iéie
1045 5720 1304 5803 superius
1327 5720 1505 5803 testati
1524 5730 1698 5803 _sunt,
1732 5720 1875 5803 illud
1906 5720 2134 5803 subinde

549 5789 1129 5888 iiiiiiEuiii"i¢é§iim.'
1152 5797 1308 5869 Quod
1346 5800 1488 5855 nacti
1524 5789 1814 5860 Rufiauus;
1834 5789 2131 5857 Palladius,

2254 4686 2375 4755 ejus
2421 4699 2487 4738 ex
2523 4683 2682 4739 Patre
2730 4683 3068 4738 nativitatem
3116 4682 3490 4754 hujuscemodi
3537 4680 3849 4738 nominibus

2254 4792 2659 4850 comparemus;
2692 4777 2816 4848 quia
2847 4791 2912 4832 ex
2957 4776 3129 4832 nihilo
3159 4777 3340 4833 omnia
3370 4793 3468 4849 per
3495 4776 3688 4832 Filium
3712 4775 3850 4830 facta

2255 4883 2402 4940 sunt,
2442 4871 2612 4929 Filius
2641 4880 2817 4928 autem
2869 4885 2979 4927 non
3010 4886 3077 4926 ex
3109 4871 3302 4940 nihilo,
3334 4869 3528 4927 sedex
3557 4869 3671 4927 Deo
3699 4879 3854 4940 [utre

2255 4978 2336 5022 est
2358 4966 2592 5037 genitus.

2324 5059 2378 5114 5.
2421 5057 2646 5112 Valentis
2666 5055 3039 5123 inconstantia,
3064 5065 3112 5110 et
3131 5055 3254 5125 ﬁdei
3281 5071 3312 5109 a
3357 5054 3536 5110 Marco
3581 5051 3854 5108 Arethusia

2250 5219 2542 5276 Severinus
2582 5234 2647 5276 ac
2677 5219 2832 5284 socii,
2861 5217 2929 5273 ab
2958 5218 3190 5289 ipsumet
3222 5217 3503 5274 Germinio
3529 5215 3733 5289 rescire
3760 5214 3858 5289 de-

2251 5292 2640 5356 sideraverint,
2687 5289 2814 5360 quid
2862 5291 2914 5344 in
2948 5287 3121 5361 ipsius
3167 5290 3274 5346 fide
3321 5290 3567 5354 Ursacio,
3613 5287 3851 5361 Valenti,

2248 5362 2382 5417 Gaio
2410 5378 2458 5417 et
2495 5363 2668 5434 Paulo
2689 5358 3021 5434 displiceret.
3037 5359 3152 5417 lllis
3184 5361 3285 5416 hoc
3316 5365 3584 5434 rescripto
3611 5358 3740 5434 facit
3766 5358 3854 5415 sa;

2251 5436 2320 5488 tis
2353 5450 2366 5486 :
2401 5433 2545 5502 quod
2579 5430 2804 5502 proinde
2835 5434 3112 5502 aliquanto
3144 5439 3263 5502 post
3307 5431 3622 5502 prmdictatrt
3643 5430 3855 5498 cpisto-

2247 5505 2378 5585 lam,
2408 5501 2511 5560 hoc
2542 5516 2647 5571 est,
2679 5519 2783 5559 non
2812 5501 2970 5574 longe
2994 5515 3115 5574 post
3143 5501 3270 5560 anni
3294 5501 3399 5559 567
3423 5504 3598 5570 initia,
3624 5502 3851 5557 missum

2240 5585 2310 5630 διι
2341 5589 2565 5631 necesse
2596 5585 2702 5631 est.

2312 5645 2383 5718 (c)
2420 5646 2559 5702 Editi
2588 5662 2658 5718 ex
2696 5660 2800 5701 ms.
2835 5645 3008 5718 Pith.,
3053 5662 3190 5718 nunc
3220 5645 3350 5718 :ubi
3378 5650 3446 5718 ex
3472 5644 3639 5718 Sirm_.
3678 5643 3848 5700 resti-

2239 5715 2438 5774 tuiinus
2459 5734 2506 5772 υ,
2537 5734 2585 5772 c.
2612 5717 2664 5772 id
2686 5731 2791 5781 eSt,
2819 5717 2915 5773 viri
2940 5717 3235 5774 clarissimi.
3259 5716 3448 5774 Simile
3470 5715 3727 5773 mendum
3770 5731 3841 5770 ex

2238 5789 2432 5848 eodem
2453 5803 2554 5846 ius.
2591 5789 2754 5846 Sirm.
2782 5789 2894 5861 jam
2917 5787 3238 5862 castigatum
3259 5799 3346 5846 est
3369 5789 3588 5860 Fragm.
3619 5802 3701 5857 nt,
3727 5787 3844 5844 n.5.
