4224 6262
403 316 504 373 721

1299 321 1388 377 EX
1428 319 1655 378 OPERE
1697 320 2063 382 HISTORICO
2100 324 2585 385 FRAGMENTUM
2627 330 2744 386 XV.

3599 338 3700 394 722

402 435 555 490 edita:
595 437 819 491 occasio.
848 466 916 478 -—
945 437 1108 492 Miror
1148 447 1324 494 autem
1368 438 1681 509 praedictum
1719 439 1997 498 Valentem
2027 455 2081 515 Α
2104 457 2226 499 cum
2249 444 2319 501 ab
2346 445 2598 501 omnibus
2629 447 2787 504 nobis
2813 447 2890 522 (ο)
2914 449 3147 506 electum
3172 450 3330 509 fidem
3357 451 3613 519 dictasse,
3647 459 3696 512 in

399 538 492 583 aut
537 528 769 585 oblitum
825 545 970 597 esse,
1026 542 1114 586 aut
1157 541 1306 587 certe
1356 531 1585 588 subdole
1630 532 1999 600 dissimulare,

398 620 526 692 quid
559 623 611 676 in
666 621 993 693 praeteritum
1047 634 1255 694 gestum
1297 623 1691 696 definitumque
1738 625 1828 682 sit.
1861 625 1992 681 Nam

399 713 500 768 sub
543 712 699 768 bona:
739 713 1017 770 memoria:
1047 713 1364 771 Constantio
1395 717 1741 786 imperatore,
1779 717 1993 785 quando

399 805 542 862 inter
582 806 843 877 quosdam
888 817 1128 878 coeperat
1179 823 1300 863 esse
1345 811 1414 864 de
1455 810 1561 864 lide
1602 809 1894 872 dissensio.
1938 811 1990 865 in

397 911 690 968 conspectu
733 899 976 969 ejusdem
1017 900 1379 970 imperatoris,
1426 903 1788 973 praesentibus
1819 902 1990 959 Geor-

397 990 487 1061 gio
503 990 758 1062 episcopo
782 990 1274 1047 Alexandrinorum
1307 992 1581 1057 Ecclesiat,
1606 992 1682 1065 (a)
1713 993 1995 1050 Pancratio

399 1083 805 1149 Pelusinorum,
867 1083 1064 1138 Basilio
1120 1084 1377 1154 episcopo
1433 1093 1560 1139 tunc
1613 1085 1991 1155 Anqniritano,

399 1185 667 1248 praesente
693 1175 856 1232 etiam
899 1177 1017 1246 ipso
1047 1175 1273 1231 Valente
1308 1186 1358 1231 et
1401 1175 1647 1242 Ursacio,
1679 1186 1738 1233 et
1761 1179 1834 1250 (ὁ)
1875 1193 1992 1234 mea

398 1269 690 1342 parvitate,
722 1280 845 1341 post
871 1269 1108 1326 habitam
1141 1283 1310 1341 usque
1334 1271 1386 1325 in
1414 1285 1628 1327 noctem
1655 1271 1724 1328 de
1755 1273 1859 1329 fide
1884 1274 1993 1330 dis-

400 1364 734 1436 putationem
762 1372 817 1420 et
847 1362 915 1418 ad
961 1371 1162 1418 certam
1194 1363 1435 1436 regulam
1480 1364 1820 1435 perductam,
1853 1367 1994 1423 Mar-

469 1553 546 1624 (a)
591 1551 794 1626 Vocem
839 1550 1145 1626 funeratio,
1178 1569 1298 1624 quze
1328 1555 1476 1625 prius
1518 1553 1724 1619 deerat,
1769 1555 1990 1626 supple-

393 1641 514 1682 mns
543 1641 614 1701 ex
640 1625 732 1680 lib.
765 1640 800 1680 ll
831 1624 1096 1692 Socratis,
1132 1640 1254 1696 cap.
1287 1624 1380 1682 29.

465 1716 544 1789 (ὁ)
573 1716 663 1773 Sic
692 1715 978 1785 legendum
1008 1731 1129 1772 esse
1167 1718 1558 1785 sentiebamus,
1589 1733 1694 1774 non
1723 1727 1781 1774 ut
1812 1720 1982 1789 prius,

393 1799 440 1844 et
462 1791 598 1914 ἥξω
625 1789 893 1869 pravitate,
919 1803 1040 1843 cum
1071 1791 1391 1845 sententiam
1422 1799 1660 1846 nostram
1694 1807 1793 1846 ms.
1820 1791 1982 1846 Sirnt.

392 1877 492 1916 con
517 1871 749 1914 trmavit.

468 1951 539 2024 (ο)
569 1952 642 2007 lta
665 1951 1062 2024 emendandum
1093 1968 1213 2008 esse
1242 1961 1476 2019 constat,
1513 1954 1636 2009 licet
1656 1964 1816 2009 antea
1841 1955 1982 2010 obti-

393 2025 508 2079 nuit
539 2027 772 2096 ejectum.
805 2023 1063 2090 Qna'nam
1093 2025 1158 2078 sit
1192 2024 1283 2078 illa
1314 2026 1449 2080 fides
1493 2039 1523 2078 a
1553 2025 1730 2080 Marco
1759 2025 1980 2092 dictata,

395 2096 505 2161 ubi,
549 2095 772 2167 quando
794 2104 849 2150 et
878 2108 986 2167 qua
1014 2097 1300 2150 occasione
1324 2096 1466 2152 edita
1501 2098 1592 2160 sit,
1627 2111 1768 2152 nunc
1801 2099 1983 2167 paucis

391 2177 476 2222 est
497 2166 896 2222 disserendum.
927 2165 1056 2219 Eam
1083 2167 1261 2221 Sirmii
1295 2167 1492 2222 editam
1524 2167 1690 2222 fuisse
1713 2165 1868 2223 facile
1887 2168 1985 2223 de-

392 2238 744 2310 prehenditur
771 2255 839 2292 ex
868 2237 1047 2291 verbis
1077 2238 1315 2310 Socratis
1344 2238 1436 2292 lib.
1474 2253 1531 2305 tt,
1566 2254 1686 2308 cap.
1712 2238 1783 2294 20
1809 2249 1865 2294 et
1885 2238 1978 2304 50,

393 2308 642 2382 quamvis
673 2310 744 2364 ibi
768 2318 900 2382 _tres
927 2322 1226 2382 conventus
1256 2308 1580 2382 Sirtnienses
1623 2309 1980 2382 confundens,

392 2379 556 2438 multa
586 2382 732 2436 veris
759 2379 889 2434 falsa
922 2381 1306 2434 intermisceat.
1330 2379 1462 2434 Nam
1491 2396 1612 2434 cum
1633 2395 1762 2435 vere
1784 2381 1985 2437 scribat

393 2453 660 2526 synodum
703 2467 864 2526 anno
893 2453 995 2508 551
1029 2451 1208 2506 Sirmii
1249 2450 1510 2526 adversus
1540 2451 1983 2526 Photinum_esse

391 2521 720 2580 celebratam
751 2543 766 2590 ;
800 2523 989 2579 falsum
1015 2532 1100 2578 est
1125 2523 1264 2591 quod
1295 2523 1390 2583 ait,
1415 2524 1464 2577 ei
1488 2523 1795 2578 interfuisse
1815 2521 1984 2578 Geor-

391 2597 538 2666 gium
583 2595 925 2651 Alexandria:
965 2595 1300 2666 episcopum,
1333 2595 1531 2663 quippe
1556 2595 1644 2666 qui
1696 2596 1818 2666 huic
1856 2596 1986 2648 civi-

393 2664 489 2722 iati
519 2682 662 2720 anno
688 2667 966 2722 dumtaxat
994 2664 1120 2730 356,
1157 2665 1441 2736 praafecms
1483 2676 1587 2720 est.
1616 2664 1819 2722 Deinde
1860 2679 1983 2720 eum

390 2739 603 2794 Veritati
632 2748 1055 2795 consentaneum
1084 2737 1154 2792 sit
1179 2735 1321 2803 quod
1354 2745 1637 2800 memorat,
1673 2739 1724 2791 iu
1751 2753 1818 2791 eo
1850 2751 1984 2791 con-

392 2820 554 2865 ventu
577 2810 880 2874 Sirmiensi,
913 2811 966 2865 in
993 2824 1101 2880 quo
1128 2806 1394 2876 Georgius
1419 2806 1985 2880 Alexandrinusprze-

389 2896 517 2936 scus
573 2881 798 2945 aderat,
850 2895 882 2934 a
928 2878 1126 2936 Basilio
1173 2884 1456 2949 Ancyrano
1509 2878 1772 2948 acerrime
1821 2878 1986 2934 fuisse

389 2953 722 3023 disputatum
748 2967 764 3017 ;
790 2951 866 3023 illi,
893 2964 1069 3023 tamen
1094 2950 1501 3023 concedendum
1527 2966 1631 3023 non
1657 2960 1761 3014 est,
1788 2949 1986 3023 Basilio

392 3020 502 3079 tum
529 3022 844 3095 certaminis
862 3022 1154 3095 quidquam
1176 3035 1296 3095 cum
1323 3022 1550 3095 Photino
1579 3020 1764 3095 fuisse,
1789 3023 1831 3074 si
1862 3021 1982 3091 qui-

389 3096 512 3150 dem
545 3094 671 3150 huic
696 3094 806 3165 jam
837 3092 995 3165 longe
1019 3092 1174 3147 antea
1202 3092 1448 3162 deposito
1469 3093 1746 3165 Germiuio
1772 3106 1988 3165 succos:

389 3176 558 3222 serat.
595 3163 734 3220 Vere
763 3163 1203 3220 etiam‘audierat
1245 3165 1498 3220 Socrates
1527 3163 1815 3218 formulam
1863 3163 1986 3218 lidei

389 3239 442 3292 in
475 3236 731 3307 praedicto
760 3247 1026 3292 conventu
1057 3251 1087 3289 a
1131 3235 1320 3307 Marco
1348 3233 1646 3307 Arethusia
1683 3233 1940 3307 dictatam
1970 3251 1983 3287 :

389 3305 486 3364 sed
522 3313 622 3364 hoc
645 3307 778 3362 falso
803 3308 868 3364 ad
899 3307 1056 3363 fidem
1079 3318 1266 3361 contra
1298 3306 1585 3360 Photinmn
1615 3305 1872 3372 scriptam
1900 3321 1983 3362 re-

391 3357 622 3445 {alia};
646 3357 772 3450 at;
799 3357 1062 3450 aisais};
1087 3357 1690 3450 '6eatiirit';.ia;;n_aat;
1706 3357 1982 3432 auiae-
2014 3357 2060 3421 C

389 3463 621 3518 cretum,
648 3447 862 3505 similem
891 3447 1013 3506 esse
1045 3466 1133 3517 per
1153 3451 1328 3503 ontnia
1357 3448 1508 3502 Patri
1534 3447 1749 3502 Filium.

463 3545 582 3600 Jam
604 3560 734 3599 vero
755 3543 1010 3599 convenit
1032 3543 1173 3597 inter
1198 3557 1410 3606 omnes,
1435 3549 1761 3595 conventum
1787 3540 1855 3595 de
1879 3556 1988 3610 quo

394 3614 482 3670 hic
512 3620 686 3686 agitur
710 3626 832 3684 post
857 3618 1198 3686 Ancyrauam
1226 3612 1491 3686 synodum
1524 3617 1647 3686 anni
1690 3611 1794 3686 558
1819 3611 1987 3686 fuisse

395 3682 662 3758 habitum.
695 3682 878 3758 Neque
901 3682 1078 3740 minus
1094 3683 1553 3758 cons_t_are__del_)et,
1585 3684 1717 3758 nihil
1745 3682 1798 3735 in
1825 3698 1891 3736 eo
1917 3683 1987 3758 d_e

394 3757 627 3813 Photino
651 3753 850 3823 actum,
881 3758 976 3812 sed
1008 3765 1171 3810 totam
1217 3755 1394 3809 Basilii
1439 3753 1855 3819 disputationem
1893 3753 1987 3807 ad-

392 3846 586 3884 versus
611 3829 924 3884 Sirmiensis
965 3827 1313 3897 blasphemiae
1357 3834 1606 3897 auctores
1644 3840 1706 3877 ac
1752 3824 1987 3879 fautores

394 3902 686 3955 eXstitisse.
740 3901 817 3955 Ex
847 3899 987 3954 ltbt'o
1025 3896 1202 3952 autem
1231 3897 1298 3951 tle
1351 3896 1584 3968 Synudis
1629 3905 1836 3968 certum
1867 3906 1984 3968 est,

395 3972 649 4046 Basilium
677 3971 918 4042 aliosque
944 3969 1247 4046 Orientales
1283 3965 1426 4022 anno
1451 3966 1578 4032 558,
1613 3965 1838 4046 _Ancyra
1858 3967 1984 4046 .Sir-

395 4045 561 4100 mium
611 4039 962 4113 properantes
989 4039 1063 4095 ibi
1097 4040 1374 4113 Valentem
1416 4053 1479 4092 ac
1515 4039 1700 4113 socios
1721 4039 1983 4105 Coegisse,

398 4123 455 4168 nt
485 4108 763 4183 lidei-ipsis
796 4115 1085 4180 propositae
1111 4111 1260 4170 διὼδι
1281 4111 1516 4183 ribcrent
1536 4151 1550 4172 ,
1582 4124 1644 4162 ac
1671 4108 1988 4162 damnarent

396 4187 537 4255 quod
565 4181 720 4255 paulo
747 4193 872 4238 ante
895 4187 1149 4255 fecerant.
1181 4181 1332 4247 Quod
1364 4199 1467 4255 non
1497 4182 1623 4255 sine
1647 4193 1845 4255 tnagnn
1870 4194 1990 4247 par-

399 4249 530 4311 tium
558 4249 906 4311 contentione
935 4254 1131 4308 factum
1161 4271 1321 4308 nemo
1364 4253 1567 4307 inficias
1614 4252 1754 4305 ierit.
1805 4249 1989 4318 Neque

399 4329 608 4396 negabit
639 4331 946 4398 quisquam,
979 4325 1239 4398 Basiliutn
1264 4339 1329 4379 ac
1356 4326 1564 4398 socios,
1613 4338 1731 4398 enm
1760 4319 1990 4391 Ancyra:

399 4393 522 4454 ante
548 4393 752 4454 Pascha
781 4393 1181 4457 convenissent.
1208 4395 1462 4450 Sirmium
1485 4407 1610 4449 ante
1635 4393 1987 4448 Pentecosten

437 4472 680 4526 ervi-nire
706 4470 962 4537 potuisse.
1000 4468 1262 4534 Quocirca
1285 4467 1426 4535 quod
1450 4463 1591 4534 apud
1631 4463 1988 4537 Epiphaniam

437 4487 680 4526 ttt‘Vt'ltll‘e
706 4487 962 4537 pouttsse.
1000 4487 1262 4534 QUOCII‘Ca
1285 4487 1426 4535 quuu
1450 4487 1591 4534 apuu
1631 4487 1988 4533 nptpttaltlulu

399 4487 532 4596 βίω.
565 4557 754 4608 Lxxnt,
785 4559 836 4594 ιι.
868 4539 962 4601 22,
991 4540 1217 4596 habetur
1238 4540 1304 4591 de
1327 4537 1724 4608 subscriptione
1751 4533 1991 4608 Valentis

398 4623 545 4668 nocte
579 4605 902 4668 Pentecostes
936 4614 1047 4680 jam
1072 4609 1446 4672 illucescentis,
1478 4607 1543 4661 ad
1573 4605 1989 4680 coactatnillam

397 4685 848 4754 subscriptionem
867 4677 1154 4754 commode
1173 4681 1398 4744 referas,
1421 4693 1583 4754 quant
1607 4677 1788 4734 Sirmii
1810 4677 1991 4748 Ancy-

401 4771 547 4810 ramc
574 4749 762 4826 synodi
803 4756 958 4826 ιυετιιὶ
1004 4752 1286 4826 a_Vale_ute
1325 4763 1389 4826 ac
1415 4749 1578 4826 sociis
1617 4758 1987 4826 extorseruiii:
2017 4749 2071 4810 D

401 4827 553 4894 Quod
586 4818 628 4881 si
660 4828 729 4880 ita
763 4818 879 4888 est:
895 4825 981 4879 hic
1013 4823 1321 4894 Germinius
1347 4821 1416 4894 de
1437 4820 1664 4894 formula
1696 4835 1839 4894 anno
1885 4818 1992 4874 558

403 4890 543 4951 edita
573 4912 878 4952 sermonem
925 4896 1105 4951 habet.
1142 4893 1471 4963 Epiphanius
1500 4893 1642 4946 enim
1668 4890 1815 4963 quod
1849 4901 1996 4944 nocte

394 4971 510 5040 jam
549 4968 887 5040 illttcescentis
914 4960 1259 5040 Pentecostcs,
1292 4963 1392 5018 hoc
1419 4960 1764 5040 itetnnarrat
1795 4960 1992 5040 factum

405 5031 548 5105 esse,
580 5039 795 5107 quando
824 5038 945 5094 lidei
990 5037 1355 5107 subscriptum
1381 5051 1481 5105 qua
1505 5031 1556 5086 F
1561 5033 1680 5087 ilius
1709 5049 1798 5101 per
1823 5033 1996 5086 omnia

406 5110 554 5165 Patri
579 5105 762 5165 similis
787 5125 893 5163 esse
921 5109 1184 5177 deﬁnitur.
1208 5105 1347 5161 ’Alia
1377 5115 1637 5176 praeterea
1674 5111 1997 5159 succurrunt

403 5181 457 5238 in
489 5183 648 5253 hujus
675 5181 945 5252 opinionis
969 5179 1217 5250 gratiam.

477 5275 636 5331 Plura
667 5285 844 5330 tamen
891 5273 1069 5327 favent
1095 5273 1379 5326 sententiae
1424 5269 1631 5327 Nicolai
1679 5269 1858 5335 Fabri,
1894 5286 1998 5340 qua

406 5348 681 5404 existimat
722 5361 842 5401 eam
873 5363 899 5396 a
931 5343 1209 5400 Germinio
1257 5343 1478 5398 indicari
1526 5340 1838 5405 formulam,
1876 5358 1998 5411 quas

407 5419 613 5484 Sirmii,
643 5417 968 5486 imperatore
995 5425 1280 5486 prmsente,
1309 5430 1360 5469 ιιι
1394 5413 1515 5486 ίιίτιι.
1538 5413 1653 5482 jun.
1686 5413 1922 5486 Eusebio
1942 5425 1998 5468 et

409 5491 639 5615 Hygatio
665 5485 832 5571 coss...
863 5485 1005 5542 edita
1028 5496 1129 5568 est,
1153 5495 1208 5540 et
1234 5485 1618 5568 anAthanasio
1642 5525 1654 5546 ,
1684 5485 1776 5540 lib.
1811 5485 1879 5566 de
1895 5485 1996 5566 Sy-

409 5578 479 5615 no
524 5601 537 5615 .
559 5577 610 5615 ι).
645 5560 772 5615 875.
800 5569 1022 5614 inserta.
1045 5557 1224 5612 Primo
1237 5573 1378 5611 enim
1402 5571 1454 5610 tn
1478 5571 1594 5612 eam
1610 5563 1866 5611 c0uvetut
1884 5556 1996 5611 dies

407 5555 537 5618 nod.
559 5577 610 5630 p.
645 5560 772 5622 875,
800 5561 1022 5614 inserta.
1045 5556 1224 5630 Primo
1234 5559 1382 5630 enim
1402 5555 1454 5630 in
1478 5555 1866 5630 eatncouvenit
1884 5555 2000 5611 dies

411 5636 479 5689 ab
494 5627 796 5703 Epiphanio
815 5640 1056 5703 notatus,
1081 5628 1211 5682 Nam
1231 5628 1460 5682 Eusebio
1478 5638 1531 5682 et
1558 5627 1792 5703 llypatio
1818 5642 1997 5703 coss"

415 5705 518 5760 hoc
545 5696 640 5760 est
666 5703 774 5760 559
815 5719 987 5768 anno,
1036 5701 1382 5754 Pentecostes
1414 5715 1516 5753 nox
1556 5696 1624 5752 in'
1650 5715 1700 5752 xi
1746 5696 1849 5752 ltal.
1879 5697 1997 5763 jun.

417 5775 704 5832 incidebat.
736 5773 941 5829 Deinde
969 5786 1088 5826 cum
1119 5770 1303 5827 scribit
1337 5769 1685 5842 Epiphanius,
1728 5769 2002 5842 Valentem

419 5846 772 5917 professionis
818 5845 891 5901 ibi
944 5842 1106 5900 editae
1143 5840 1448 5911 exemplum
1494 5840 1696 5898 habere
1739 5841 2000 5904 voluisse,

2096 551 2203 608 qua
2240 536 2345 593 lide
2382 538 2462 594 sic
2491 541 2858 611 conscriptum
2901 551 3030 601 est:
3066 542 3266 600 Filium
3302 546 3522 602 similem
3547 547 3697 604 Patri

2099 645 2191 700 per
2219 631 2416 697 omnia,
2445 643 2501 686 ut
2532 644 2724 689 sancta
2749 633 2928 689 dicunt
2949 644 2998 691 et
3027 635 3212 692 docent
3242 637 3534 709 Scriptum
3555 657 3574 695 :
3605 658 3699 697 cu-

2090 722 2181 794 jus
2212 724 2437 796 integrae
2464 726 2788 796 professioni
2817 729 3193 784 consensimus
3217 744 3429 795 omnes,
3459 732 3623 805 709
3641 746 3695 790 et

2097 832 2260 872 manu
2294 827 2478 873 nostra
2517 819 2959 889 subscripsimus.
3006 822 3063 880 Si
3103 831 3284 877 autem
3329 838 3470 878 nunc
3497 823 3698 895 aliquid

2095 909 2320 979 spiritus
2346 908 2506 979 hujus
2548 911 2731 965 mundi
2759 913 3018 983 suggerit,
3054 930 3120 968 ex
3137 924 3326 982 aperto
3351 914 3531 970 adhuc
3558 918 3699 973 scire

2101 1017 2206 1056 non
2236 1017 2542 1074 possumus.
2569 1002 2702 1058 Nam
2733 1015 2788 1059 ut
2815 1020 2915 1059 nos
2942 1008 3170 1076 professi
3200 1022 3388 1063 sumus
3410 1009 3479 1063 de
3507 1009 3695 1081 Serip-

2101 1095 2234 1149 turis
2266 1109 2360 1164 per
2385 1096 2564 1150 omnia
2596 1095 2827 1151 similem
2860 1096 3053 1154 Filimn
3096 1097 3261 1166 Patri,
3284 1110 3510 1171 excepta
3539 1101 3696 1158 inna-

2099 1186 2344 1252 tivitate;
2382 1198 2654 1256 exponant
2679 1197 2734 1243 et
2774 1188 2852 1244 illi
2884 1189 2954 1245 de
2997 1190 3313 1261 Scripturis,
3345 1193 3699 1264 quemadmo-

2098 1279 2225 1335 dum
2256 1288 2405 1349 parte
2433 1279 2623 1336 similis
2649 1281 2739 1349 sit,
2767 1291 2922 1352 parte
2945 1281 3244 1339 dissimilis.

2164 1370 2220 1424 4.
2254 1371 2324 1428 Et
2348 1371 2492 1439 ideo,
2520 1372 2740 1430 Fratres
2765 1374 3125 1441 dilectissimi,
3155 1376 3274 1434 haec
3305 1378 3699 1453 intrepidanter

2092 1561 2242 1639 quod
2254 1563 2328 1639 ad
2351 1561 2746 1639 Ariminensem
2771 1566 3034 1639 synodum
3056 1567 3323 1633 deferret;
3351 1571 3692 1630 Arimineuse

2093 1633 2382 1714 concilium
2416 1647 2527 1690 tum
2567 1637 2629 1714 _in
2651 1633 2924 1714 _prox'imo
2969 1638 3136 1714 fuisse
3161 1641 3440 1714 significat.
3477 1643 3546 1698 Et
3577 1647 3691 1700 tunc

2093 1705 2206 1785 ipsa
2241 1705 2458 1785 quidem
2488 1722 2519 1761 a
2567 1705 2794 1785 Valente
2825 1717 2881 1785 et
2905 1710 3065 1785 sociis
3113 1705 3442 1785 Ariminensi
3482 1715 3692 1785 synodo

2093 1783 2175 1828 est
2202 1780 2505 1854 proposita,
2533 1795 2652 1854 qua:
2683 1780 2917 1854 Eusebio
2946 1781 3253 1854 eillypatin
3285 1798 3428 1839 coss.
3480 1780 3692 1853 vulgata

2093 1846 2454 1927 est._i)etnum
2491 1846 2562 1904 in'
2595 1849 2696 1906 hac
2728 1851 2921 1927 legitur
2963 1846 3160 1906 Filium
3187 1853 3354 1927 _Patri
3390 1872 3494 1927 _per
3521 1846 3693 1912 omnia

2094 1917 2315 1995 {imilem
2358 1935 2499 1995 esse,
2529 1930 2581 1995 ut
2609 1917 2804 1975 sancta}
2845 1921 3024 1995 dicunt
3073 1934 3119 1976 et
3163 1923 3347 1979 docent
3373 1917 3685 1995 Scriptum.

2017 1976 2065 2036 Β
2092 1988 2351 2061 Setlcttm
2381 1993 2433 2044 in
2464 1976 2527 2047 ea
2559 1993 2671 2062 ipsa
2702 1996 2863 2048 etiam
2919 1976 3249 2049 substantiae
3267 1976 3690 2053 ’έιιρῖίιὶίιῖἱῖὲιὲἐ

2087 2059 2369 2132 cernatur;
2404 2079 2548 2132 aegre
2580 2059 2912 2131 intelligitur
2954 2066 3041 2132 qui
3073 2065 3301 2120 Basilius
3331 2067 3456 2122 huic
3497 2071 3692 2124 delini-

2089 2131 2218 2208 iioni
2251 2131 2637 2208 consensisset.
2659 2135 2891 2208 _ftepcni
2937 2131 3152 2205 quidem
3178 2147 3384 2208 posset,
3412 2153 3534 2194 cum
3564 2140 3688 2195 hinc

2090 2200 2372 2276 Valentem
2403 2206 2546 2260 inter
2573 2215 2626 2261 et
2659 2200 2913 2261 Basiliam
2946 2200 3068 2262 nata
3096 2200 3241 2262 ess'et
3279 2200 3686 2276 controversia,

2087 2274 2232 2350 quod
2259 2275 2348 2350 ille
2373 2277 2690 2350 substantia
2716 2278 3016 2350 silentium,
3044 2277 3133 2333 hic
3158 2278 3350 2334 Filium
3382 2297 3480 2350 per
3506 2274 3689 2338 omnia

2090 2343 2234 2399 Patri
2265 2345 2498 2402 similem
2523 2348 2722 2415 vellet;
2755 2364 2873 2406 eam
2901 2366 2930 2404 a
2961 2349 3140 2406 Marco
3170 2353 3241 2405 ita
3269 2343 3510 2408 sedatam
3541 2368 3688 2418 esse,

2088 2426 2148 2471 ut
2190 2419 2333 2486 quod
2375 2419 2538 2474 vellet
2565 2430 2811 2487 uterque,
2866 2422 2917 2476 in
2949 2437 3050 2476 una
3098 2423 3454 2488 eamdemque
3483 2424 3689 2480 ecthesi

2088 2488 2390 2568 reperiret.‘
2409 2489 2516 2547 Sed
2543 2489 2683 2560 apud
2696 2491 3060 2568 Epiphaniuin
3089 2494 3210 2568 loco
3237 2496 3452 2550 laudato
3482 2496 3692 2568 perspi-

2087 2574 2246 2612 cuum
2280 2563 2401 2626 est',
2437 2577 2610 2631 neque
2639 2564 2800 2617 etiam
2853 2573 2979 2620 tunc
3009 2563 3263 2619 Basilium
3308 2563 3685 2630 consensisse,

2089 2641 2148 2683 ut
2177 2631 2490 2686 substantia:
2518 2647 2716 2689 nomen
2749 2643 3041 2698 taceretur,
3073 2636 3211 2690 sicut
3233 2651 3298 2691 ex
3321 2636 3687 2692 Seleuciensis

2089 2702 2280 2776 synodi
2317 2704 2488 2776 gestis
2517 2715 2764 2772 constat,
2796 2721 2921 2761 cum
2971 2707 3098 2761 illud
3143 2717 3326 2776 postea
3371 2718 3687 2763 consmnter

2089 2775 2400 2846 retinuisse.
2436 2775 2704 2830 Praeterea
2730 2778 2852 2846 quis
2879 2778 3065 2833 credat
3094 2775 3197 2834 hoc
3224 2795 3420 2837 nomen
3453 2794 3484 2832 a
3510 2779 3690 2834 Marco

2088 2844 2382 2900 Arethusio
2413 2844 2782 2916 suppressum.
2813 2849 2905 2917 qui
2931 2865 3053 2906 cum
3079 2850 3292 2906 caeteris
3321 2849 3688 2906 Orientalibus

2091 2917 2278 2982 prima:
2310 2918 2662 2972 Antiochense
2693 2918 2936 2975 formulae
2986 2920 3333 2986 adhaerebat,
3385 2925 3435 2975 in
3463 2936 3588 2988 qua,
3634 2934 3690 2976 ut

2089 2988 2618 3055 notatSozomenus,
2647 2991 2744 3046 lib.
2768 3007 2842 3056 tv,
2878 3007 2928 3047 c.
2961 2993 3050 3056 16,
3081 2993 3377 3046 substantia
3407 2992 3690 3047 assereba-

2091 3067 2178 3112 tur
2203 3059 2225 3112 ?
2257 3061 2590 3131 Quamquam
2638 3078 2744 3117 non
2771 3063 2902 3118 satis
2951 3064 3053 3118 sibi
3085 3073 3296 3119 constat
3318 3065 3652 3118 Sozomemts
3672 3105 3686 3127 ,

2089 3143 2210 3203 cum
2246 3132 2340 3203 lib.
2385 3148 2455 3196 tv,
2488 3147 2539 3186 c.
2573 3133 2662 3198 l6,
2695 3134 2904 3199 innuit,
2935 3135 3085 3190 solos
3113 3135 3506 3191 Anommorum
3537 3136 3689 3203 prin-

2089 3201 2240 3277 cipes
2291 3200 2540 3277 formulae
2584 3206 2701 3275 ejus
2729 3213 2981 3261 auctores
3028 3221 3169 3277 esse,
3217 3222 3337 3277 qua:
3380 3200 3562 3262 Sirmii
3594 3223 3683 3261 an.

2090 3272 2218 3338 559,
2247 3274 2394 3329 edita
2419 3283 2539 3335 est:
2582 3272 2637 3331 et
2685 3287 2862 3331 tamen
2892 3291 3013 3345 cap.
3044 3276 3151 3343 22,
3204 3272 3483 3347 conceptis
3514 3278 3690 3332 verbis

2091 3350 2322 3421 testatur
2347 3361 2476 3421 eos,
2522 3347 2716 3417 quibus
2748 3349 2798 3402 in
2831 3348 3162 3421 Seleuciensi
3207 3350 3416 3421 synodo
3448 3349 3691 3421 placebat

2093 3427 2147 3488 nt
2179 3418 2494 3488 substantiae
2519 3434 2720 3473 nomen
2747 3433 2780 3474 e
2807 3419 2986 3474 medio
3008 3418 3310 3485 tolleretur,
3339 3419 3689 3488 praztendissc

2089 3484 2373 3541 formulam
2407 3487 2556 3554 fidei,
2585 3505 2737 3558 quam
2780 3492 2932 3556 paulo
2960 3503 3077 3544 ante
3101 3484 3312 3546 Marcus
3340 3484 3523 3547 Sirmii
3551 3507 3689 3544 com—

2089 3568 2537 3633 posuetjat,__qna_m
2565 3570 2675 3613 tum
2703 3560 2823 3633 alii_
2835 3573 3165 3633 susceperant
3195 3562 3425 3633 episcopi
3451 3563 3539 3633 qui
3569 3571 3689 3615 tunc

2089 3639 2234 3703 era_nt
2260 3629 2314 3703 in
2342 3629 2620 3703 Comitum,
2648 3641 2755 3703 tum
2783 3629 3010 3685 Basilius
3040 3629 3311 3703 episcopus
3340 3629 3577 3702 Ancyra.

2163 3699 2239 3756 De
2264 3701 2649 3772 Sirmiensibus
2677 3701 2925 3756 formulis
2950 3699 3119 3758 restat
3146 3699 3518 3772 quaerendum,
3541 3717 3690 3772 quaa—

2093 3785 2214 3824 nam
2259 3769 2559 3843 constantii
2591 3773 2768 3827 edicto
2815 3788 3101 3843 suppressa
3131 3769 3220 3830 sit.
3256 3773 3404 3828 Multi
3433 3769 3688 3828 cutn'So-

2089 3851 2258 3912 crate,
2291 3841 2382 3896 lib.
2418 3859 2474 3908 tt,
2503 3857 2552 3898 c.
2587 3843 2677 3902 50.
2707 3857 2771 3897 ac
2801 3841 3126 3909 Sozomeno,
3163 3845 3254 3899 lib.
3281 3859 3354 3912 tv,
3396 3861 3446 3898 e.
3495 3843 3560 3906 6,
3585 3843 3690 3898 hoc

2088 3910 2158 3966 ad
2187 3912 2479 3986 secundam
2513 3911 2856 3969 referendum
2885 3931 3005 3970 esse
3041 3910 3374 3971 existimant.
3415 3916 3464 3972 Α
3491 3915 3686 3986 quibus

2093 3988 2397 4056 percontari
2424 3985 2549 4040 libet
2571 4026 2584 4046 ,
2613 3986 2830 4055 quando
2862 3994 3052 4056 putent
3083 3988 3227 4043 illius
3257 3985 3682 4043 auctores'labo-

2092 4069 2244 4108 rasse
2275 4067 2332 4109 ut
2353 4055 2499 4110 illius
2522 4057 2848 4126 exemplaria
2869 4055 2944 4112 ex
2969 4060 3208 4113 omnimn
3233 4061 3480 4113 manibus
3505 4058 3682 4127 eripe-

2091 4127 2256 4198 rent?
2281 4143 2348 4181 an
2389 4128 2568 4181 statim
2612 4137 2774 4195 atque
2817 4129 2961 4184 edita
2992 4131 3119 4184 est?
3145 4129 3249 4187 Sed
3289 4132 3448 4185 etiam
3483 4138 3604 4198 post
3629 4128 3684 4183 in

2071 4196 2296 4269 Gallias
2322 4199 2482 4254 missa
2513 4208 2616 4253 est.
2649 4203 2728 4253 An
2763 4211 2883 4269 post
2910 4215 3070 4269 quam
3112 4201 3366 4258 Ursacius
3402 4216 3464 4254 ac
3489 4196 3686 4254 Valens

2091 4267 2397 4342 Ancyranaa
2418 4270 2609 4342 synodi
2632 4267 2865 4326 decretis
2885 4267 3228 4328 subscribere
3249 4273 3420 4328 coacti
3443 4271 3592 4342 sint?
3615 4269 3687 4326 At

2097 4342 2198 4410 hoc
2220 4341 2370 4395 eerte
2419 4341 2652 4396 llilarius
2698 4342 2916 4397 silentio
2963 4359 3068 4397 non
3103 4343 3433 4410 prazterisset
3462 4343 3514 4397 in
3547 4341 3686 4397 libro

2093 4409 2162 4466 de
2184 4410 2446 4484 Synodis,
2476 4427 2635 4481 quem
2672 4423 2726 4468 et
2757 4424 2876 4482 post
2906 4409 3153 4469 formula;
3185 4413 3343 4482 hujus
3366 4415 3684 4478 editiOnem,

2093 4494 2148 4536 et
2175 4483 2296 4552 pust
2320 4492 2562 4538 coactam
2614 4484 2757 4539 illam
2786 4483 2995 4539 Ursacii
3038 4499 3103 4540 ac
3130 4484 3377 4541 Valentis
3407 4485 3686 4551 subscrip-

2096 4555 2296 4610 tionem
2343 4555 2667 4622 composuit.
2723 4554 2909 4621 Neque
2946 4570 3076 4609 vero
3111 4556 3214 4610 hoc
3241 4557 3450 4610 consilii
3483 4555 3685 4608 Arimi-

2095 4627 2280 4680 nensis
2305 4634 2548 4696 tempore
2578 4624 2774 4681 factmn
2798 4627 3060 4681 dixerint:
3085 4643 3192 4696 quo
3213 4626 3467 4681 nimirum
3495 4625 3690 4680 Valens

2093 4712 2160 4752 ac
2187 4697 2319 4751 socii
2366 4696 2666 4752 doctrinam
2700 4698 2752 4752 in
2783 4698 2872 4752 illa
2900 4707 3208 4754 comentam
3239 4712 3499 4754 revocare
3527 4708 3689 4766 atque

2096 4769 2421 4840 confirmare
2448 4768 2776 4838 cogitabant.
2815 4767 3010 4840 Verius
3052 4771 3231 4840 itaque
3253 4768 3403 4840 iuxta
3449 4767 3690 4822 Athana-

2095 4840 2258 4905 sium,
2303 4839 2396 4895 lib.
2435 4840 2504 4897 de
2528 4840 2733 4912 Synod.
2785 4839 3012 4912 p.905,
3053 4839 3284 4903 dixeris,
3312 4840 3602 4912 Valentem
3633 4849 3690 4893 et

2096 4913 2450 4990 socios,_cum
2481 4908 2754 4990 proposita
2774 4908 3104 4968 Ariminensi
3137 4911 3367 4990 concilio
3398 4913 3557 4990 tertia
3578 4908 3689 4990 for:

2100 4985 2244 5037 mula
2270 4982 2340 5039 ob
2359 4981 2612 5038 consules
2642 4985 2694 5038 in
2723 4998 2784 5038 ea
2817 4992 3150 5053 przcnotatos
3175 4984 3244 5037 ab
3272 4983 3522 5037 omnibus
3547 4981 3690 5035 irrisi

2099 5062 2300 5112 essent.
2323 5055 2466 5122 apud
2499 5055 2879 5124 imperatorem
2901 5054 3172 5118 effecisse,
3199 5064 3257 5110 ut
3275 5053 3477 5124 ereptis
3505 5066 3693 5124 exem-

2101 5125 2340 5192 plaribus
2363 5121 2562 5181 tollere
2578 5121 2800 5194 possent
2829 5125 2972 5181 unde
2991 5126 3136 5181 omni
3168 5121 3458 5195 probro'ac
3485 5121 3692 5195 pudore

2108 5198 2286 5254 suffici
2309 5200 2524 5256 fuerant
2575 5193 2811 5254 Sublatis
2854 5199 3016 5269 igitur
3037 5193 3318 5254 consulum
3351 5193 3692 5269 nominibus,

2109 5285 2319 5327 necnon
2339 5271 2616 5328 vocabulis
2641 5271 2696 5323 in
2715 5265 2965 5333 omnibus,
2996 5284 3116 5338 quae
3141 5268 3272 5337 ipsis
3296 5265 3456 5322 valde
3481 5266 3693 5320 incom-

2106 5343 2286 5406 moda,
2321 5342 2503 5399 Sirmii
2535 5357 2632 5411 pro
2684 5351 2928 5409 tempore
2966 5340 3118 5396 inviti
3151 5339 3694 5411 tergiversa_ntesqne

2102 5423 2474 5484 susceperant,
2493 5408 2740 5470 eamdem
2767 5408 3050 5484 fermulam
3076 5424 3125 5467 et
3147 5408 3340 5484 Nicaea:
3367 5410 3419 5464 in
3436 5408 3693 5484 Thracia,

2103 5494 2160 5542 et
2186 5480 2411 5541 Arimini
2443 5500 2502 5538 ac
2531 5484 2792 5541 Seleucia:
2817 5482 3259 5538 subscribendam
3281 5491 3558 5536 curarunt.
3593 5480 3694 5534 Cui

2103 5557 2388 5612 sententia:
2418 5556 2469 5610 in
2504 5558 2606 5610 hoc
2631 5554 2776 5610 favet
2800 5553 3152 5620 Sozomenus,
3175 5553 3270 5608 lib.
3293 5567 3368 5616 tv,
3396 5568 3447 5606 c.
3469 5556 3523 5610 ti.
3546 5548 3693 5620 quod

2106 5645 2209 5682 non
2241 5628 2382 5682 dicat
2409 5639 2660 5682 auctores
2700 5625 3013 5680 Sirmiensis
3042 5624 3285 5679 formulae
3328 5637 3550 5692 operam
3598 5621 3694 5676 (ΙΕ-

2103 5699 2251 5774 disse
2281 5706 2340 5752 ut
2365 5714 2483 5774 eam
2517 5697 3186 5774 prorsussupprimerent,
3217 5695 3392 5774 sedul
3419 5692 3698 5774 emendant

2106 5770 2224 5823 dum
2276 5764 2577 5840 reciperent.
2609 5767 2759 5835 Quod
2812 5764 3131 5837 initertiam,
3177 5780 3284 5825 non
3317 5766 3370 5822 in
3403 5764 3698 5822 secundani

2104 5843 2375 5898 convenit.
