4224 6262
567 322 670 375 72.3

1805 323 2051 384 SANC'I‘l
2103 321 2358 380 "MAR"
2409 322 2718 379 EPISCOPI

3764 324 3872 378 72's

566 448 624 491 et.
659 438 776 495 sine
800 455 952 496 mora
981 452 1176 500 vestrae
1201 445 1508 504 dilectionis
1534 448 1603 504 ad
1630 446 2042 510 conscientiam,
2071 459 2166 513 per
2191 451 2245 506 Α
2270 442 2524 512 ignorans
2553 441 2876 511 implicetur.
2928 440 3048 497 Jam
3086 452 3281 497 vestra:
3332 451 3418 497 est
3459 442 3830 498 unanimitatis
3850 485 3865 509 ,

565 530 851 604 (Syriacum
879 532 1186 601 ofﬁcialem,
1217 539 1370 608 cujus
1395 541 1569 611 prima
1592 538 1813 595 inventa
1839 536 2057 594 occasio
2081 545 2166 591 est

565 632 689 694 post
718 624 989 680 Carinium
1032 626 1315 686 diaconem
1345 647 1506 703 quem
1534 633 1604 689 ad
1645 647 1742 688 vos
1770 631 1926 696 misi,
1958 627 2167 699 proles-

565 717 774 776 sionem
801 718 1089 776 deetinavit
1121 739 1136 777 :
1165 724 1330 797 710
1354 735 1412 783 ut
1437 742 1534 798 per
1555 736 1797 784 vestram
1842 739 2055 797 quoque
2082 723 2164 778 vi-

562 809 974 879 gilantissimam
992 813 1348 876 devotionem
1377 820 1524 890 apud
1564 820 1730 877 Deum
1753 819 2020 876 universae
2049 814 2163 872 fra-

565 903 808 960 ternitati
848 905 1148 976 intimetur,
1179 926 1251 969 ne
1289 913 1412 982 quis
1453 913 1661 970 fallacis
1708 908 1914 970 diaboli
1955 906 2164 979 laqueis

2266 533 2565 590 rescribere
2585 532 2716 589 mihi
2749 532 2875 603 quid
2907 533 3061 589 vobis
3079 544 3297 590 sanctus
3323 534 3559 604 Spiritus
3583 544 3866 606 suggerat.

2268 624 2879 684 SaneintimoCbaritati
2899 625 3126 692 Vestras,
3150 643 3236 682 me
3257 627 3385 684 huic
3411 627 3680 698 epistolae,
3705 642 3865 698 prep-

2269 730 2416 778 terea
2433 721 2578 792 quod
2593 736 2786 776 manus
2803 720 3069 790 dolerem,
3092 721 3433 778 subscribere
3455 736 3559 777 non
3585 723 3828 792 potuisse
3851 740 3865 778 :

2261 811 2710 868 subscribendum
2753 822 2932 870 autem
2983 812 3274 872 mandasse
3321 814 3576 870 fratribus
3623 822 3679 870 et
3703 829 3864 870 com-

2262 901 2595 974 presbyteris
2622 903 2820 960 nostris
2849 902 3181 970 Innocentio,
3213 901 3438 959 Octavio
3461 913 3517 960 et
3532 901 3754 961 Catulo.

1205 1034 3856 1061 Μ

1324 1215 1685 1288 711-712
1745 1163 2720 1279 FRAGMENTA

887 1394 1159 1542 EX
1283 1392 1807 1542 ALlIS
1929 1380 2655 1536 SANCTI
2773 1319 3555 1528 HILARII

1800 1629 2687 1770 OPERIBUS

1170 1869 1284 1944 ΙΝ
1337 1861 1978 1950 VETEBIBUS
2027 1853 2704 1937 MONIMENTIS
2748 1854 3268 1928 RELICTA.

1567 2037 2167 2074 *ιη-..ες

1501 2058 1561 2072 ..-

981 2161 1066 2217 Ea:
1097 2162 1397 2217 tractatibus
1425 2161 1502 2236 (α)
1534 2162 1586 2217 in
1616 2159 1739 2219 Job.

634 2256 678 2313 1.
703 2257 873 2316 Tanta
895 2254 1041 2313 enim
1058 2264 1110 2310 et
1127 2263 1232 2309 tam
1252 2253 1584 2310 admirabilis
1599 2253 1652 2309 in
1669 2265 1766 2307 nos
1783 2246 2172 2306 misericordiae

563 2350 663 2406 Dei
679 2349 893 2405 bonitas
910 2356 1010 2413 est,
1041 2355 1100 2401 ιιι
1123 2361 1222 2416 per
1250 2361 1410 2416 quem
1434 2345 1486 2401 in
1508 2344 1640 2400 Adae
1660 2341 1867 2399 oli‘ensa
1891 2338 2170 2412 generosi-

563 2451 732 2498 tatem
763 2441 952 2512 primae
976 2447 1031 2495 et
1055 2438 1229 2494 beatae
1255 2438 1398 2494 illius
1423 2437 1712 2493 creationis
1736 2435 2038 2500 amisimus,
2073 2447 2172 2503 per

564 2551 689 2593 eum
722 2550 937 2592 rursum
969 2533 1022 2590 id
1050 2531 1193 2606 quod
1231 2532 1511 2589 amisimus
1556 2530 1806 2587 obtinere
1841 2540 2170 2584 mereamur.

563 2630 714 2687 Tunc
740 2629 883 2687 enim
901 2626 1151 2687 diabolus
1170 2624 1417 2682 invidens
1433 2623 1641 2682 nocuit:
1669 2627 2031 2687 nuncautem,
2047 2633 2172 2673 cum

563 2735 768 2777 nocere
795 2720 1006 2786 nititur,
1039 2717 1294 2772 vincitur.
1322 2716 1498 2772 Movet
1517 2715 1663 2772 enim
1681 2729 1783 2785 per
1805 2711 2172 2768 inﬁrmitatem

564 2815 745 2872 carnis
767 2825 969 2870 nostrai
987 2812 1168 2866 omnia
1188 2811 1476 2883 potestatis
1496 2825 1611 2864 suae
1633 2809 1760 2878 tela,
1780 2822 1902 2863 cum
1926 2806 1994 2862 ad
2016 2803 2174 2862 lasci-

566 2909 711 2962 viam
733 2905 1000 2971 accendit,
1027 2919 1148 2958 cum
1172 2903 1239 2968 ad
1262 2903 1580 2960 ebrietatem
1604 2901 1783 2969 illicit,
1809 2916 1930 2956 cum
1960 2898 2028 2955 ad
2051 2898 2173 2954 odia

569 2999 832 3060 stimulat,
865 3013 987 3054 cum
1020 2997 1086 3051 ad
1110 2997 1392 3051 avaritiam
1426 3005 1720 3066 provocat,
1749 3009 1874 3050 cum
1903 2994 1971 3049 ad
1997 2991 2174 3049 credes

564 3089 818 3156 instruit,
851 3105 972 3143 cum
1003 3087 1071 3142 ad
1102 3087 1386 3143 maledicta
1414 3087 1726 3143 cxacerbat.
1773 3084 1880 3141 Sed
1905 3100 2026 3140 cum
2075 3098 2175 3156 per

567 3183 876 3238 ﬁrmitatem
892 3180 1056 3235 animi
1077 3178 1270 3235 horum
1288 3179 1528 3236 omnium
1543 3178 1888 3250 subrepentia
1901 3177 2173 3234 incentiva

568 3274 959 3344 reprimuntur,
979 3271 1338 3327 einundatnur
1353 3285 1382 3325 a
1399 3279 1622 3340 peccato
1641 3283 1735 3338 per
1757 3269 1914 3338 hujus
1937 3268 2175 3324 victoria:

564 3366 827 3437 gloriam;
859 3364 1062 3418 dictum
1091 3362 1234 3418 enim
1258 3362 1330 3416 ita
1357 3370 1444 3417 est
1469 3377 1487 3416 :
1509 3362 1613 3416 Aut
1642 3361 1895 3431 quomodo
1923 3377 1975 3415 se
1995 3377 2172 3415 emun-

564 3459 706 3513 dabit
725 3465 875 3513 natus
892 3475 955 3514 ex
982 3457 1197 3513 muliere
1212 3455 1333 3528 (Job
1362 3472 1494 3523 xxv,
1516 3453 1574 3527 4)
1594 3456 1617 3509 ?
1639 3455 1774 3522 Quia
1798 3470 1901 3514 non
1925 3462 2173 3511 exstante

563 3551 743 3619 hoste,
768 3567 874 3605 non
897 3551 997 3606 erit
1015 3551 1214 3606 bellum
1241 3568 1255 3605 :
1279 3558 1528 3606 cessante
1553 3548 1749 3606 deinde
1773 3549 1918 3605 bello
1939 3550 2165 3605 victoria
2193 3552 2238 3617 C

565 3647 756 3701 deerit.
808 3643 1194 3699 Collidentium
1243 3653 1422 3700 autem
1464 3643 1723 3698 adversus
1770 3658 1871 3698 nos
1915 3643 2165 3699 vitiorum

566 3737 792 3794 victoria
835 3752 942 3794 non
973 3737 1190 3808 adepta,
1225 3751 1332 3793 non
1361 3737 1468 3793 erit
1508 3735 1824 3793 emundatio
1865 3736 1974 3793 ulla
2003 3737 2167 3792 vitio-

564 3846 685 3887 rum
719 3848 733 3886 :
782 3829 905 3901 quia
935 3829 1020 3886 bis
1064 3829 1275 3888 insidiis
1303 3830 1550 3902 corporis
1591 3830 1760 3886 nostri
1787 3829 1960 3900 pirata
1990 3830 2164 3896 victo,

567 3921 978 3977 colluctantium
1005 3922 1264 3978 adversus
1293 3938 1394 3979 nos
1426 3923 1736 3993 passionum
1761 3923 2170 3980 concertatione

568 4029 880 4084 purgamur.
905 4014 1170 4072 Memores
1196 4015 1358 4093 igitur
1386 4023 1441 4072 et
1460 4017 1664 4073 conscii
1685 4016 1775 4071 illa
1800 4017 1914 4087 ipsa
1941 4031 2168 4090 corpora

567 4116 755 4164 nostra
793 4107 1035 4163 omnium
1067 4108 1322 4164 vitiorum
1352 4123 1477 4166 esse
1517 4109 1838 4174 materiem,
1884 4124 1981 4182 per
2008 4124 2168 4181 quam

566 4200 760 4271 polluti
784 4208 841 4256 et
875 4201 1104 4265 sordidi,
1139 4202 1274 4257 nihil
1305 4204 1360 4256 in
1391 4202 1549 4257 nobis
1575 4201 1869 4268 mundum,
1918 4201 2052 4256 nihil
2083 4202 2169 4257 in-

569 4307 774 4349 nocens
802 4294 1145 4361 obtinemus;
1179 4293 1506 4365 gandeamus
1525 4295 1682 4350 nobis
1707 4309 1832 4350 esse
1857 4293 2093 4362 hostem,
2113 4295 2170 4350 in

567 4387 722 4457 cujus
774 4391 1180 4450 concertatione
1222 4388 1459 4460 quodam
1506 4388 1930 4448 concertationis
1970 4399 2171 4450 nosme

565 4478 712 4537 bello
740 4479 1078 4538 dimico-ius.

1237 4575 1371 4632 Item
1414 4576 1513 4650 (ὁ).

638 4689 702 4745 ll.
745 4688 892 4756 Quas
936 4689 1038 4749 Job
1083 4691 1295 4748 litteras
1322 4691 1560 4762 legerat,
1606 4700 1665 4749 ut
1689 4691 1988 4752 abetineret
2013 4708 2074 4750 se
2098 4694 2169 4752 ab

2171 2023 2227 2086 Β

2193 2155 2243 2216 Β
2271 2149 2419 2209 omni
2449 2165 2509 2207 re
2538 2149 2807 2222 maligna,
2841 2149 2967 2222 quia
3009 2147 3177 2205 Deum
3223 2147 3336 2206 sola
3368 2161 3550 2206 mente
3587 2148 3732 2206 vitiis
3767 2166 3881 2208 non

2243 2039 2331 2054 ,—

2243 2040 2906 2080 ρπβ-...η

2271 2244 2511 2300 admixta
2541 2242 2948 2298 venerabatur?
2979 2241 3150 2299 Deum
3191 2250 3370 2298 autem
3402 2241 3586 2299 colere
3606 2284 3625 2312 ,
3652 2243 3882 2314 justitiae

2275 2337 2553 2412 proprium
2579 2335 2816 2392 ofﬁcium
2848 2344 2951 2392 est.

2453 2470 2540 2527 Ea:
2565 2471 2640 2546 (c)
2678 2469 2939 2526 Prommio
2966 2471 3306 2541 expositionis
3341 2470 3610 2543 Evangelii
3634 2471 3688 2526 in

2909 2562 3237 2618 Matthwum.

2347 2681 2435 2737 ιιι.
2484 2680 2616 2737 Erat
2654 2694 2888 2750 namque
2917 2679 3152 2752 primum
3183 2678 3550 2735 necessarium
3595 2679 3783 2747 nobis,
3815 2688 3879 2736 ut

2275 2775 2587 2846 unigenitus
2607 2774 2752 2829 Deus
2780 2771 2952 2830 nostri
2977 2785 3141 2829 causa
3161 2770 3347 2840 homo,
3377 2771 3427 2828 id
3453 2771 3599 2845 quod
3623 2783 3734 2830 tum
3763 2787 3876 2829 non

2275 2875 2412 2936 erat,
2445 2867 2777 2938 gigneretur.

2845 2957 2982 3014 Item
3007 2973 3074 3014 ex
3097 2958 3298 3013 eodem

2347 3073 2440 3132 IV.
2471 3073 2714 3132 Tertium
2743 3073 3001 3146 deinceps
3026 3071 3159 3130 illud
3185 3073 3482 3146 congruum
3514 3069 3633 3146 luit,
3659 3080 3720 3131 ut
3747 3075 3876 3146 quia

2275 3166 2420 3223 Deus
2449 3166 2612 3222 homo
2632 3165 2846 3238 genitus
2868 3166 2920 3222 in
2950 3166 3174 3232 mundo,
3201 3175 3302 3222 etc.

2440 3302 2521 3358 De
2546 3302 2625 3376 (ά)
2655 3302 2976 3372 expositione
2998 3301 3232 3372 epistola:
3255 3301 3327 3358 sd
3349 3298 3699 3356 Timotheum.

2347 3419 2414 3474 ν.
2457 3416 2588 3473 Nam
2632 3427 2837 3480 etcum
2869 3416 2999 3472 dicit
3048 3415 3364 3488 Scriptura,
3414 3415 3566 3471 homo
3610 3411 3871 3482 Christus,

2278 3511 2336 3584 (Ι
2367 3510 2498 3564 Tim.
2548 3526 2608 3580 ιι,
2661 3508 2745 3583 5),
2789 3518 2844 3565 et
2882 3524 3004 3564 cum
3053 3507 3207 3574 dicit,
3239 3507 3474 3563 Christus
3520 3517 3750 3562 mortuus
3800 3518 3875 3561 est

2270 3603 2452 3674 (Rom.
2485 3618 2602 3670 vui,
2634 3601 2752 3672 54).
2785 3610 2987 3657 etcum
3037 3601 3196 3668 dicit,
3253 3598 3476 3657 Verbum
3513 3616 3636 3656 caro
3679 3603 3876 3665 factum

2268 3708 2343 3754 est
2373 3697 2552 3770 (Joan.
2600 3713 2650 3760 ι,
2683 3697 2812 3767 li);
2841 3711 2949 3751 non
2979 3704 3063 3751 est
3088 3694 3404 3765 spoliandus
3431 3707 3528 3765 per
3556 3693 3874 3749 fraudulen-

2266 3793 2398 3848 tiam
2443 3791 2670 3862 legentis
2720 3789 3152 3862 expositionibus
3200 3791 3312 3844 suis
3353 3803 3558 3844 sermo.
3611 3787 3743 3843 Nam
3773 3789 3868 3841 ubi

2272 3885 2424 3942 homo
2448 3883 2680 3942 Christus
2701 3895 2797 3950 est,
2826 3883 3104 3954 priceedit,
3129 3881 3386 3938 Medialor
3408 3877 3504 3936 Dei
3530 3891 3682 3954 atque
3704 3881 3876 3936 homi-

2273 3993 2396 4032 num
2422 3993 2439 4031 :
2470 3985 2529 4032 ut
2551 3991 2616 4032 ex
2648 3986 2894 4046 utroque,
2923 3975 3036 4030 Deo
3059 3981 3116 4030 et
3142 3973 3382 4036 homine,
3409 3988 3548 4028 unus
3577 3970 3872 4035 subsistat;

2274 4072 2451 4142 sitque
2475 4072 2616 4126 inter
2661 4068 2937 4124 hominem
2969 4078 3022 4124 et
3047 4068 3216 4124 Deum
3253 4065 3498 4134 medius,
3527 4063 3875 4121 confessione

2274 4166 2329 4222 in
2372 4181 2432 4222 se
2459 4165 2742 4237 utriusque
2772 4174 3001 4221 naturte.
3050 4163 3151 4221 Ubi
3180 4178 3310 4219 vero
3363 4159 3599 4218 Christus
3644 4170 3876 4215 mortuus

2273 4268 2367 4326 est,
2401 4259 2709 4330 subjicitur,
2749 4259 2853 4327 Qui
2874 4258 3181 4323 resurrexit,
3207 4258 3296 4328 qui
3330 4256 3485 4314 estin
3511 4255 3722 4311 dextera
3751 4250 3872 4308 Dei.

2275 4354 2336 4412 in
2359 4362 2532 4410 morte
2561 4353 2677 4426 ejus
2697 4353 2877 4410 carnis
2909 4361 3110 4410 nostra:
3137 4349 3424 4407 inﬁrmitas
3459 4357 3567 4415 est,
3600 4349 3654 4404 in
3683 4361 3871 4403 resur-

2273 4446 2516 4504 rectione
2544 4445 2715 4503 virtus
2738 4446 2880 4518 ejus,
2906 4446 2960 4503 in
2989 4459 3253 4504 consessu
3276 4442 3370 4499 Dei
3399 4440 3651 4516 dignitas.

2343 4583 2507 4657 713
2535 4579 2622 4640 Ea:
2649 4582 2778 4638 libro
2809 4579 2882 4656 (ε)
2910 4582 2976 4638 ad
3011 4580 3366 4638 Constantium
3399 4578 3775 4649 imperatorem.

2343 4695 2433 4753 Vl.
2481 4697 2649 4754 Filius
2689 4698 2784 4755 Dei
2839 4697 3011 4754 lactus
3052 4697 3219 4752 homo
3263 4695 3410 4750 Deus
3454 4702 3679 4750 θείω...
3721 4691 3870 4748 Deus

565 4853 603 4926 ι-
639 4848 722 4921 (α)
762 4847 1146 4926 Fragmentum
1189 4845 1506 4926 linc__laudat
1546 4848 1895 4926 Augustinus,
1937 4857 1993 4926 et
2035 4863 2169 4918 qua-
2191 4849 2246 4910 D
2271 4852 2551 4926 debemus,
2581 4868 2699 4926 quas
2726 4852 2940 4926 quidem
2975 4853 3069 4910 lib.
3099 4869 3172 4910 vn
3197 4851 3408 4911 Incarn.
3441 4868 3491 4910 c.
3537 4851 3607 4907 24
3637 4849 3866 4926 (utinam

570 4917 710 4976 dam"
725 4917 1040 4989 praefatione
1081 4920 1161 4973 sic
1185 4917 1422 4989 explicat
1450 4917 1541 4972 lib.
1573 4933 1611 4973 ιι
1640 4930 1831 4973 contra
1864 4917 2161 4983 lulianum.

565 5008 621 5046 c.
644 4995 698 5054 8,
727 5007 784 5045 ιι.
813 4990 883 5044 27
912 5007 927 5044 τ
966 4989 1029 5043 In
1048 4989 1271 5056 quadam
1311 5004 1429 5044 vero
1479 4989 1699 5044 hostilia
1730 4989 1796 5043 de
1831 4991 1964 5044 libro
2000 4993 2165 5046 sancti

567 5061 689 5129 Job,
732 5061 937 5116 attende
975 5060 1099 5132 quid
1115 5060 1274 5127 diem,
1304 5059 1736 5132 quemadmodum
1764 5062 1928 5130 ipsius
1969 5061 2165 5117 diaboli

569 5133 816 5190 adversus
837 5149 934 5186 nos
951 5131 1243 5188 indesiuens
1291 5131 1484 5186 bellum
1537 5149 1600 5187 ea:
1640 5134 1738 5185 hoc
1787 5133 1901 5202 ﬁeri
1945 5143 2161 5203 asserat,

572 5221 692 5258 eum
719 5221 779 5258 ea
801 5203 943 5258 mala
971 5218 1088 5274 qua:
1113 5206 1167 5257 iu
1201 5204 1346 5258 nobis
1387 5213 1524 5269 sunt,
1569 5206 1754 5257 excitat
1800 5213 1978 5258 contra
2021 5221 2112 5258 nos
2144 5223 2164 5262 .°

570 5276 789 5346 quodin
817 5286 1044 5328 nostram
1095 5275 1209 5342 ﬁeri
1243 5274 1518 5332 utilitatem
1557 5275 1668 5328 uult
1705 5274 1908 5346 docere,
1953 5292 2165 5330 conuer-

572 5345 706 5401 teutc
731 5347 919 5401 scilicet
948 5346 1124 5400 divina
1153 5345 1507 5400 misericordia
1559 5347 1812 5404 stratiticus
1854 5345 2046 5402 diaboli
2088 5347 2158 5401 ad

571 5418 930 5490 purgationem
948 5427 1198 5490 nostram.
1233 5415 1400 5490 Tanta
1424 5419 1578 5490 enim,
1601 5428 1706 5472 etc.

545 5488 582 5560 χ
647 5489 723 5559 (b)
770 5488 847 5543 Ex
877 5488 1070 5542 iisdem
1103 5488 1341 5560 bomiliis
1393 5490 1446 5544 in
1482 5488 1587 5544 Job
1613 5497 1926 5560 excerptum
1951 5499 2074 5560 esse
2100 5488 2166 5542 li-

571 5557 825 5629 quet'hoc
844 5561 1072 5615 alterum
1114 5557 1495 5630 fragmentum,
1529 5561 1673 5630 quod
1702 5557 1892 5616 Hilarii
1921 5559 2164 5624 nomine,

571 5631 932 5698 tacitooperis
950 5632 1124 5694 titulo,
1143 5631 1595 5700 primuslandavit
1613 5631 1956 5700 Pelagius,ac
1972 5630 2168 5686 deinde

571 5702 1026 5825 commemorata
1052 5713 1104 5756 et
1126 5704 1375 5772 exposuit
1396 5703 1749 5774 Augustinus,
1797 5703 1891 5760 lib.
1920 5702 1990 5759 de
2039 5701 2162 5759 Nat.

574 5787 607 5825 e
659 5788 750 5825 trra
782 5812 794 5825 .
827 5787 879 5825 c.
980 5811 993 5824 .

574 5780 631 5825 et
695 5781 794 5826 rat.
827 5787 879 5826 c.
901 5780 993 5825 62.

648 5788 722 5911 ετ)
769 5842 880 5897 Hoc
917 5840 993 5897 ira

673 5840 722 5909 c)
769 5842 880 5897 Hoc
917 5840 1278 5912 fragmentum
1320 5857 1442 5920 cum
1493 5844 1856 5919 subsequente
1911 5844 2170 5908 Cassiano

2269 4924 2430 4997 paulo
2463 4923 2716 4997 ιξιισεήοι-ιι),Δ
2743 4923 2988 4997 inseruit.

2343 4993 2423 5068 (rt)
2468 4993 2676 5050 Titulus
2703 4993 2789 5050 bic
2813 4995 2916 5050 etsi
2946 4997 3240 5052 inauditum
3273 4997 3458 5052 Hilarii
3495 4995 3644 5064 Opus
3672 5004 3865 5068 Anotat,

2268 5066 2528 5121 subnexis
2557 5075 2734 5121 tamen
2783 5068 2960 5121 verbis
3016 5069 3250 5125 donatur
3289 5070 3341 5123 iu
3396 5069 3536 5122 hunc
3563 5066 3782 5126 modum
3827 5083 3860 5121 a

2267 5138 2501 5192 concilio
2529 5137 2771 5206 Spalensi
2795 5153 2845 5193 c.
2882 5138 2986 5194 12:
3023 5142 3250 5195 Sanctus
3278 5154 3397 5206 ergo
3429 5139 3665 5194 Hilarius
3695 5139 3754 5192 in
3776 5155 3866 5193 ea:-

2269 5158 2501 5192 concmo
2529 5158 2771 5206 apatensi
2795 5158 2845 5193 c.
2882 5158 2986 5194 ηε
3023 5158 3250 5195 nanctus
3278 5158 3331 5194 er
3369 5158 3397 5193 ο
3429 5158 3665 5194 mutnus
3695 5158 3754 5192 in
3776 5158 3861 5193 ex-

2269 5209 2519 5279 positione
2547 5210 2773 5274 epistolw
2794 5209 2861 5261 ad
2883 5208 3205 5266 Timotheum
3240 5212 3315 5264 sic
3332 5158 3563 5278 gequitur
3593 5227 3612 5264 :
3642 5207 3783 5264 Nam
3811 5219 3861 5264 et

2269 5295 2406 5344 cum,
2429 5290 2537 5335 etc.
2570 5279 2697 5335 Haec
2725 5295 2886 5350 porro
2917 5281 3100 5338 Hilarii
3142 5282 3310 5336 nostri
3353 5295 3496 5348 esse,
3551 5289 3700 5351 puto,
3753 5295 3862 5337 non

2265 5351 2522 5423 ambiget,
2554 5351 2646 5420 qui
2680 5351 2733 5406 in
2779 5352 2948 5421 ipsius
2989 5353 3220 5409 lectione
3269 5368 3493 5422 prorsus
3549 5353 3863 5423 peregrinus

2269 5434 2374 5494 non
2402 5422 2654 5494 erittaut
2701 5423 2863 5478 etiam
2902 5424 2996 5494 qui
3049 5439 3172 5481 cum
3218 5424 3301 5480 bis
3348 5424 3450 5479 alia
3499 5424 3667 5492 ipsius
3689 5422 3862 5478 verba

2267 5491 2362 5565 lib.
2393 5507 2426 5545 x
2455 5492 2523 5565 de
2541 5493 2768 5549 Trin.n.
2798 5494 2889 5560 66,
2918 5491 3267 5565 compararit.
3311 5494 3394 5550 An
3444 5491 3572 5550 vero
3600 5502 3766 5550 totam
3787 5494 3860 5550 ad

2268 5562 2614 5688 amtotbeum
2639 5567 2952 5636 exposuerit
3003 5562 3308 5639 epistolam,
3353 5565 3600 5623 dubitare
3629 5581 3725 5637 per
3759 5581 3863 5622 nos

2289 5649 2304 5686 t
2342 5650 2370 5688 e
2401 5673 2414 5686 .

2289 5644 2414 5688 teet.

2304 5703 2574 5787 "(e)_ila2_c
2603 5705 2792 5763 Hilarii
2822 5709 2984 5787 verba
3004 5724 3034 5763 a
3059 5709 3356 5787 Caelestino
3385 5709 3528 5787 Papa
3553 5711 3598 5774 Ι,
3631 5713 3684 5787 in
3727 5731 3865 5787 ροη-

2271 5775 2401 5851 cilio'
2429 5776 2641 5851 laudata
2671 5793 2792 5836 esse
2823 5781 2976 5838 testis
3003 5792 3086 5837 est
3114 5781 3405 5850 Arnobius,
3439 5775 3529 5839 lib.
3561 5800 3600 5840 ιι
3628 5786 3700 5845 de
3716 5786 3862 5851 Con-

2272 5847 2419 5914 llictu
2459 5864 2581 5915 cum
2611 5850 2944 5927 Serapione,
2979 5854 3072 5911 ubi
3113 5853 3170 5916 et
3194 5847 3493 5916 eadem—sic
3523 5847 3859 5935 adscripsit:
