4248 6258
545 248 647 303 727

548 367 683 422 tanti
727 365 902 422 Patris
928 376 1113 421 contra
1160 363 1536 420 sebismaticos
1565 364 1786 420 ϐιαιως
1839 362 2144 417 doctrinam

547 457 618 513 de
648 455 882 528 Spiritus
913 457 1080 511 sancti
1108 457 1456 527 processione
1485 469 1550 509 ac
1577 455 1734 508 Patre
1765 453 2008 524 Filioque
2031 461 2146 506 tan-

548 565 710 622 quam
753 549 910 606 nnico
936 548 1231 620 principio!
1260 547 1380 602 Jam
1415 563 1544 602 vero
1585 557 1829 602 sanctum
1881 545 2144 601 Hilarium

548 641 967 699 commentarios
993 639 1276 711 scripsisse
1303 641 1355 695 iu
1381 639 1532 695 Pauli
1550 639 1821 710 Epistolas
1844 638 2148 694 afﬁrmabat

2024 237 2391 298 APPENDIX.

2173 497 2223 555 A

3751 235 3851 291 7‘28

2251 360 2567 430 Hispalensc
2599 359 2886 414 concilium
2916 356 2983 414 ll.
3024 371 3145 410 can.
3195 356 3282 422 l5,
3321 352 3462 426 apud
3503 351 3847 424 Aquirrium,

2252 463 2386 508 tam.
2418 468 2495 517 nt,
2533 470 2584 522 p.
2615 451 2762 506 555:
2815 465 2956 504 nunc
2997 462 3125 503 cccc
3166 462 3232 502 ex
3263 462 3330 502 eo
3373 444 3658 518 depcrdito
3687 461 3850 516 opere

2251 543 2479 599 frustum
2509 541 2854 614 splendidum
2904 558 2932 596 a
2965 540 3169 596 Graecis
3215 547 3516 595 servatum.
3547 538 3648 610 (Ex
3676 537 3844 611 Spit‘i'

2253 637 2354 708 leg.
2384 637 2538 692 Rom.
2573 645 2704 690 tom.
2745 650 2814 700 γι,
2845 649 2897 705 p.
2925 634 3042 705 75.)

557 786 3804 832 W

1726 965 2684 1070 APPENDIX.’

1117 1288 1608 1374 JOANNIS
1688 1285 2533 1374 CHRYSOSTOMI
2606 1279 3289 1367 TROMBELLI

560 1468 734 1588 IN
827 1468 1939 1630 SEQUENTEM
2043 1459 2750 1592 HILARII
2838 1456 3853 1588 EPISTOLAM

1901 1671 2530 1747 PB/EFATIO.

2014 1806 2396 1864 ωεὲῧβιῑο

1075 1941 1304 1999 CAPUT
1344 1939 1628 1996 PRIMUM.

557 2077 579 2130 Ι
591 2095 620 2131 u
634 2095 866 2152 quonam
901 2079 1076 2132 codice
1103 2088 1340 2150 reperta,
1373 2089 1423 2133 et
1462 2080 1669 2132 cuinam
1707 2079 1913 2152 (nostra
1952 2076 2154 2145 quidem

613 2151 897 2242 sententia)
934 2170 1202 2224 tribuenda
1228 2172 1293 2224 sit
1319 2186 1405 2238 ea,
1438 2187 1590 2241 quant
1633 2151 1768 2224 nunc
1812 2170 2108 2241 evulganms
2140 2211 2152 2234 ,

628 2261 865 2332 cpistola.

616 2399 668 2452 1.
686 2399 741 2454 Si
757 2414 820 2453 ex
834 2398 1134 2468 diligentia,
1149 2415 1307 2471 quam
1325 2400 1376 2453 in
1397 2399 1787 2469 perlustrandis
1804 2397 2156 2454 Bibliotheca:

555 2498 755 2546 nostrae
781 2491 1063 2546 codicibus
1092 2491 1335 2558 adhibui,
1369 2491 1603 2546 fructum
1634 2509 1739 2546 non
1763 2492 1936 2547 levem
1970 2491 2153 2556 retuli,

551 2598 715 2652 quum
754 2583 1090 2653 superiorem
1138 2584 1379 2639 libellum
1413 2586 1615 2654 reperi,
1649 2584 1821 2638 multo
1851 2585 2155 2638 uberiorem

551 2692 684 2732 sane
711 2693 830 2732 sum
857 2687 1162 2742 assecutus,
1195 2678 1321 2732 dum
1359 2677 1594 2732 nobilem
1636 2677 1947 2747 epistolam,
1994 2691 2155 2746 quam

555 2768 674 2834 tibi,
693 2769 1084 2824 humanissime
1101 2769 1316 2834 Lector,
1346 2769 1600 2835 exhibeo,
1628 2770 1679 2824 in
1695 2772 2044 2824 membraneo
2065 2782 2158 2823 co-

553 2859 675 2916 dice
708 2862 1019 2932 Hieronymi
1059 2862 1353 2937 epistolas,
1387 2871 1442 2916 et
1471 2861 1728 2930 opuscula
1759 2862 2157 2930 complectentc

555 2952 739 3006 inveni
771 2953 868 3022 (α).
903 2951 1077 3006 Nolim
1125 2963 1300 3007 tamen
1356 2953 1500 3006 illam
1549 2952 1882 3024 Hieronymo
1920 2953 2152 3016 tribuas;

555 3043 731 3115 stylus
779 3045 924 3098 enim
967 3059 1085 3097 eam
1121 3043 1450 3115 Hieronymo
1488 3043 1792 3112 abjudicat,
1826 3052 1991 3114 atque
2022 3043 2157 3098 adeo

558 3135 866 3200 Ambrosio,
895 3147 947 3189 et
966 3135 1288 3202 Augustino,
1309 3149 1445 3204 quos
1475 3148 1670 3203 nempe
1701 3135 1858 3204 longe
1885 3133 2153 3188 diversam

557 3228 827 3284 scribendi
855 3229 1124 3284 rationem
1154 3229 1320 3285 fuisse
1349 3237 1712 3296 consectatos,
1748 3227 2038 3284 manifesta
2068 3243 2156 3282 res

557 3331 660 3379 est.
692 3321 881 3376 Latine
900 3321 1150 3390 primitus
1176 3323 1457 3390 scriptam,
1487 3336 1592 3375 non
1616 3336 1682 3376 ex
1713 3335 1894 3392 graeco
1924 3337 2158 3376 convcr-

557 3429 673 3470 sam
705 3414 992 3484 epistolam
1025 3412 1189 3475 hanc,
1215 3411 1455 3468 ostendit
1487 3414 1691 3469 locutio
1723 3414 1836 3484 ipsa
1866 3413 1998 3468 nihil
2030 3431 2162 3478 grae-

556 3508 738 3563 citatis
759 3507 963 3562 habens
995 3525 1007 3561 :
1043 3508 1262 3562 latinum
1292 3523 1507 3577 quoque
1536 3506 1858 3577 scriptorem
1885 3507 2057 3560 innuit
2094 3522 2157 3562 ea

560 3600 853 3670 Scriptum
878 3601 1078 3667 versio,
1112 3616 1271 3670 quam
1295 3600 1542 3670 sequitur
1571 3617 1584 3651 :
1617 3599 1818 3670 quippe
1843 3607 1936 3652 aut
1967 3597 2159 3653 Italica

557 3697 672 3767 ipsa
701 3705 784 3752 est
805 3712 833 3750 a
866 3695 1138 3751 veteribus
1170 3709 1314 3766 sape
1343 3692 1577 3756 laudata,
1603 3703 1692 3746 aut
1723 3695 1826 3746 alia
1852 3692 2054 3746 Italiae
2079 3693 2158 3747 af-

555 3792 704 3852 ﬁnis.
739 3793 853 3861 ipsa
879 3803 1098 3859 quoque
1139 3805 1168 3843 a
1196 3788 1475 3844 veteribus
1519 3787 1695 3842 latinis
1727 3787 1979 3842 Patribus
2009 3802 2157 3858 Saepe

554 3884 819 3939 adhibita.
854 3888 922 3939 At
951 3898 1073 3937 cum
1111 3891 1309 3951 pralter
1333 3880 1743 3952 Hieronymum,
1779 3879 2155 3946 Ambrosium,

555 3987 612 4032 et
638 3976 998 4046 Augustinum
1022 3975 1181 4045 (quos
1204 3973 1422 4042 quidem
1453 3972 1674 4041 hujusce
1695 3973 1939 4043 epistolae
1967 3980 2153 4025 aucto-

556 4082 647 4124 res
679 4065 836 4122 fateri
858 4074 1024 4131 vetat,
1051 4065 1126 4119 uti
1153 4065 1410 4128 diximus,
1435 4063 1656 4132 scriptio
1681 4064 1847 4133 ipsa),
1869 4065 2018 4117 multi
2037 4062 2154 4118 fuc-

556 4161 666 4217 rint
693 4160 842 4214 latini
869 4159 1079 4224 Patres,
1112 4158 1204 4228 qni
1236 4158 1445 4212 litteras
1475 4157 1834 4225 scripserint,
1872 4156 2153 4226 inquiren-

554 4254 682 4310 dum
709 4263 792 4308 est
820 4252 1007 4317 nobis,
1037 4251 1124 4308 cui
1151 4248 1439 4320 epistolam
1475 4248 1614 4304 hanc
1646 4249 1970 4305 tribuamus.

625 4433 682 4488 2.
705 4432 1012 4503 Antequam
1049 4431 1270 4500 Vulgata
1326 4427 1620 4483 Bibliorum
1665 4429 2044 4499 interpretatio
2087 4431 2156 4486 ab

556 4525 819 4582 Ecclesiis
848 4524 1202 4594 reciperetur,
1233 4535 1352 4575 eam
1385 4518 1552 4575 fuisse
1577 4521 1937 4589 compositam
1962 4563 1977 4586 ,
2004 4537 2154 4576 com-

551 4619 922 4691 pertissimum
953 4625 1083 4687 puto
1112 4629 1134 4669 τ
1162 4612 1347 4669 όὶίΐεικι
1369 4613 1513 4666 enim
1546 4611 1837 4681 plurinmm
1869 4628 1898 4666 a
1925 4612 2152 4684 Vulgata

552 4863 648 4932 21:
673 4863 826 4928 Nunc
857 4884 983 4922 vero
1008 4877 1092 4922 est
1119 4865 1170 4919 itt
1197 4865 1379 4935 pluteo
1403 4880 1452 4918 tv
1474 4865 1539 4916 ad
1571 4865 1755 4918 laevam
1786 4863 1835 4935 in
1868 4874 2018 4930 parte
2050 4880 2138 4916 sua

553 4947 768 5018 periore
786 4940 975 5018 plutei.
1000 4933 1338 5018 incipit‘vero
1360 4952 1402 5015 ιι.
1419 4935 1575 5018 libro,
1599 4948 1757 5004 quem
1785 4933 2146 5018 llicropymus

554 5004 800 5074 adversus
835 5010 1173 5065 Iovinianum
1206 5007 1450 5075 scripsit.
1486 5007 1632 5060 lianc
1657 5047 1670 5070 ,
1709 5020 1868 5074 quam
1899 5004 2109 5060 edunus
2130 5050 2143 5072 ,

555 5087 835 5160 epistolam
865 5081 1054 5147 habes,
1085 5093 1206 5150 pug.
1240 5077 1361 5132 “8.
1561 5135 1568 5140 ν

623 5181 700 5248 (b)
715 5173 1010 5232 Nonnullas
1025 5171 1282 5248 epistolas
1304 5169 1467 5248 fuisse
1484 5168 1550 5248 ab
1571 5168 1769 5248 Hilario
1787 5170 2146 5248 conscriptas,

549 5239 710 5308 docet
732 5239 1221 5316 HieronymusJib.
1242 5241 1304 5295 de
1330 5239 1924 5316 Virisillustribus,cap.
1957 5241 2039 5316 ιι),
2063 5240 2147 5294 his

554 5322 752 5385 verbis,
781 5311 1048 5372 nonnulla:
1061 5315 1128 5367 ad
1151 5311 1670 5385 diuersosepistolte:
1712 5311 1894 5385 Hilarii
1919 5313 2148 5385 enimet

554 5383 774 5450 EuSebii
807 5387 1164 5444 Vercellcnsis
1197 5384 1466 5453 Epistolas
1513 5383 1580 5437 de
1622 5383 1976 5450 scriptoribus
2025 5383 2147 5437 illo-

552 5460 672 5520 rum
705 5457 1324 5531 tetnportttndisserens
1353 5496 1377 5531 ,_
1427 5455 1801 5531 tantummodo
1839 5463 2143 5531 memorat:

553 5538 646 5591 sed
662 5525 918 5600 expresse
940 5529 988 5584 id
1004 5529 1162 5600 docet
1179 5527 1448 5600 Sulpicius
1470 5525 1726 5600 Severus,
1745 5526 1883 5600 libro
1908 5540 1944 5600 ιι
1959 5525 2146 5600 histo.,

551 5623 671 5676 cap.
697 5595 764 5660 57
796 5595 1275 5676 :7Hoaius.(inqttil_)
1297 5598 1592 5676 centenario
1613 5595 1779 5669 major
1801 5597 1880 5669 (ut
1903 5597 1964 5650 S.
1987 5595 2146 5651 Hila-

553 5668 660 5744 rius
686 5673 988 5744 irrepistolis
1019 5668 1478 5744 refertLdeliravit.

623 5739 696 5814 (ἢ)
724 5737 857 5801 Vide
874 5739 993 5811 qua:
1015 5737 1173 5798 docet
1198 5737 1462 5796 Baronius
1483 5737 1550 5796 ad
1573 5755 1775 5795 annum
1793 5738 1996 5796 Christi
2014 5739 2144 5807 556,

2193 1936 2237 1996 Β
2267 1946 2328 1985 ea
2351 1931 2562 1996 versio,
2597 1945 2717 2000 qua-
2740 1930 2794 1984 in
2817 1929 3042 2001 epistola
3068 1926 3168 1982 hac
3209 1927 3493 1997 allegatnr.
3540 1924 3694 1979 Prteit
3731 1938 3863 1994 ergo

2262 2023 2522 2078 sa‘culum
2545 2023 2859 2093 septimum,
2886 2037 2994 2093 quo
3020 2021 3226 2076 scilicet
3254 2029 3500 2090 tempore
3522 2021 3573 2074 in
3605 2018 3864 2074 Ecclesiis

2259 2116 2702 2172 Occidentalibus
2749 2116 2864 2172 l'ere
2907 2115 3160 2170 omnibus
3209 2114 3434 2185 Vulgata
3490 2114 3735 2169 invaluit.
3791 2116 3862 2167 At

2259 2213 2434 2282 quarti
2467 2212 2652 2266 szeculi
2698 2211 3024 2280 scriptorem
3073 2211 3206 2264 satis
3246 2208 3454 2263 indicat
3500 2223 3708 2264 summa
3732 2206 3861 2261 dili-

2260 2302 2464 2374 gentia,
2493 2312 2549 2357 et
2579 2302 2798 2356 enixam
2833 2301 3070 2356 studium
3093 2343 3107 2366 ,
3140 2315 3247 2371 quo
3293 2299 3458 2355 Verbi
3508 2297 3677 2353 divini
3726 2311 3860 2351 con-

2259 2397 2772 2460 substantialitatem
2805 2404 2968 2468 atque
3011 2394 3376 2450 aeternitatem
3400 2392 3644 2448 stabilire
3659 2391 3860 2454 studet,

2260 2500 2316 2546 et
2340 2489 2634 2554 inculcare,
2668 2488 2902 2557 ideoque
2931 2489 3188 2554 Arianos,
3223 2497 3275 2542 et
3296 2485 3667 2542 Semiarianos
3694 2483 3861 2540 relel-

2260 2584 2376 2640 lere
2406 2603 2420 2638 :
2453 2584 2698 2654 prieterit
2727 2599 2856 2638 vero
2877 2582 3114 2637 haereses
3147 2581 3406 2648 deinceps
3433 2592 3670 2643 cxortas.
3701 2588 3863 2649 atque

2260 2677 2398 2733 adco
2435 2677 2874 2733 Macedonianam
2910 2677 3079 2745 ipsam
3126 2675 3586 2732 Semiarianorum
3619 2684 3863 2742 tempore

2260 2771 2568 2836 celebrem;
2603 2771 2714 2826 imo
2763 2770 2831 2826 de
2885 2768 3093 2840 Spiritu
3140 2770 3340 2825 Sancto
3388 2769 3615 2836 loquens
3664 2766 3727 2819 iis
3759 2763 3866 2819 uti-

2263 2873 2354 2918 tur
2378 2863 2764 2928 locutionibns,
2791 2878 2912 2933 qum
2945 2855 3232 2932 postquam
3269 2861 3576 2916 lueresisea
3609 2859 3800 2928 viguit,
3831 2872 3863 2913 ιι

2262 2957 2378 3010 viro
2407 2956 2711 3021 Catholico,
2747 2956 2926 3026 qualis
2960 2955 3145 3025 proca!
3177 2954 3342 3010 dubio
3369 2962 3454 3008 est
3477 2953 3706 3021 scriptor
3734 2965 3865 3004 uos-

2263 3057 2366 3109 ter.
2403 3045 2648 3101 adhiberi
2680 3061 2785 3101 n0n
2837 3047 3158 3116 potuissent.
3189 3045 3400 3115 Scripta
3429 3046 3610 3113 itaque
3634 3052 3716 3098 est
3744 3044 3866 3113 epi-

2263 3139 2397 3194 stola
2448 3141 2582 3198 btec.
2638 3148 2927 3208 antequam
2975 3138 3323 3194 Macedonius
3364 3151 3560 3192 novam
3610 3134 3862 3191 haeresim

2261 3231 2540 3285 conderet.
2566 3230 2710 3284 lntcr
2737 3244 2832 3284 cos
2860 3245 3044 3300 porro,
3074 3243 3210 3301 quos
3239 3245 3331 3300 per
3361 3245 3424 3285 ea
3455 3239 3694 3301 tempora
3743 3229 3864 3298 epi-

2186 3338 2230 3400 ρ
2263 3322 2429 3376 stolas
2457 3322 2740 3391 scripsisse
2765 3322 3031 3386 novimus,
3062 3333 3118 3378 et
3138 3321 3297 3376 \"erbi
3323 3320 3660 3376 divinitatem
3699 3329 3862 3390 atque

2263 3418 2620 3470 :eternitatem
2655 3415 2985 3481 vindicasse,
3012 3417 3256 3470 eminent
3302 3414 3538 3469 llilarius
3560 3413 3865 3470 Pictavien-

2263 3507 2340 3561 sis
2362 3504 2460 3578 (ὁ),
2495 3517 2549 3561 ει
2573 3507 2841 3562 Eusebius
2877 3507 3236 3562 Vercellensis
3259 3508 3355 3580 (c).
3396 3510 3466 3564 At
3495 3508 3539 3561 si
3593 3508 3713 3576 quis
3743 3507 3859 3576 epi-

2263 3599 2457 3656 stolam
2488 3598 2628 3654 hanc
2662 3613 2784 3653 cum
2818 3599 2884 3654 iis
2917 3599 3317 3670 comparaverit
3350 3597 3566 3654 Eusebii
3595 3598 3861 3669 epistolis,

2262 3705 2397 3758 quas
2425 3690 2690 3747 Baronius
2720 3690 3017 3761 evulgavit,
3057 3690 3346 3746 manifesto
3381 3689 3614 3755 videbit,
3647 3705 3764 3744 eam
3794 3689 3866 3744 ab

2265 3783 2484 3839 Eusebii
2513 3784 2656 3856 stylo
2699 3783 2890 3839 abesse
2920 3783 3248 3849 plurimum,
3283 3783 3545 3838 accedere
3588 3792 3767 3837 autem
3793 3782 3863 3836 ad

2263 3891 2383 3931 eam
2411 3877 2665 3946 loquendi
2695 3879 2958 3931 rationem
2983 3919 2998 3944 ,
3033 3893 3193 3946 quant
3221 3876 3461 3932 Hilarius
3493 3877 3545 3930 in
3569 3873 3719 3930 libris
3749 3875 3864 3930 suis

2263 3979 2606 4025 consectatus
2633 3979 2716 4024 est
2750 3989 2761 4023 :
2795 3980 2956 4038 atque
2979 3971 3118 4026 adeo
3147 3971 3197 4025 in
3220 3987 3284 4026 eo
3313 3971 3683 4026 tantummodo
3699 3969 3766 4024 ab
3797 3970 3864 4024 iis

2263 4060 2505 4125 diﬂ'erre,
2534 4062 2676 4133 quod
2710 4061 2743 4116 ii
2773 4070 2958 4132 utpote
2979 4063 3222 4118 oratorio
3243 4065 3384 4135 stylo
3414 4063 3720 4133 compositi,
3745 4062 3863 4117 ela-

2265 4156 2430 4208 tiores
2454 4155 2585 4221 sint,
2624 4169 2687 4209 ac
2714 4155 3093 4219 sublimiores;
3125 4156 3349 4227 epistola
3379 4173 3511 4213 vero
3544 4161 3654 4212 haec
3683 4157 3864 4211 humi-

2263 4245 2322 4313 li,
2358 4247 2567 4300 tametsi
2591 4256 2807 4314 ornato,
2832 4261 2895 4301 ac
2923 4248 3148 4316 multum
3172 4249 3390 4303 exculto
3411 4250 3714 4319 conscripta
3743 4250 3811 4302 sit
3847 4267 3858 4301 :

2260 4336 2402 4408 quod
2434 4338 2626 4392 mirum
2661 4353 2768 4393 non
2802 4347 2916 4404 est;
2950 4338 3108 4410 hujus
3139 4339 3279 4395 modi
3311 4341 3456 4395 enim
3488 4339 3740 4410 loquendi
3767 4358 3862 4410 ge-

2262 4446 2361 4485 uus
2389 4431 2634 4500 epistolae
2661 4431 2740 4486 illi
2767 4435 3041 4504 congruit,
3084 4450 3204 4504 qua:
3235 4435 3287 4488 in
3321 4433 3702 4490 Ecclesiastico
3727 4451 3861 4491 cou-

2258 4531 2420 4576 ventu
2451 4523 2518 4577 ad
2552 4523 2904 4592 plurimorum
2934 4525 3297 4581 eruditionem
3331 4527 3553 4599 legenda
3586 4527 3722 4583 foret
3747 4527 3857 4598 (ἀ).

2259 4616 2444 4688 Neque
2469 4635 2601 4674 sane
2622 4631 2843 4676 auctore
2873 4621 2962 4676 illo
2983 4622 3202 4694 indigna
3227 4633 3331 4691 est,
3359 4625 3428 4680 de
3456 4641 3562 4696 quo
3587 4625 3702 4680 haec
3726 4623 3856 4681 Hic-

628 4803 716 4877 (ιι)-
734 4799 923 4855 Codex
955 4798 1054 4851 iste
1085 4795 1138 4875 in
1168 4803 1380 4877 vetusto
1408 4792 1709 4877 inve‘ntario
1736 4800 1818 4873 est
1851 4793 2055 4877 positus
2085 4809 2141 4846 ιι.
2173 4803 2226 4862 1)
2253 4811 2306 4848 ιι.
2341 4795 2484 4877 92-ςιι
2505 4810 2840 4877 sequent._et
2871 4799 3241 4877 prarfationem
3272 4802 3339 4858 ad
3361 4803 3654 4860 editionem
3679 4800 3856 4860 Vero-

2253 4883 2376 4922 ncn.
2407 4867 2589 4923 Hilarii
2618 4885 2735 4939 pag.
2757 4872 2813 4934 8,
2841 4867 2893 4924 ιι.
2923 4871 3012 4928 24.

2322 4962 2403 5042 _(d)
2435 4962 2643 5018 llumile
2689 4965 2957 5042 scribendi
2985 4981 3175 5042 genus
3207 4968 3477 5024 interdum
3530 4969 3857 5042 inrepistolis

2252 5035 2364 5086 suis
2408 5043 2752 5100 persocutum
2800 5035 2964 5091 fuisse
2995 5035 3305 5102 'Ililariutn,
3357 5042 3518 5096 tradit
3557 5035 3855 5098 bis'verbis

2254 5103 2883 5182 Har-omns,de_e_piStola
2914 5107 3098 5182 Ililarii
3130 5109 3193 5163 ad
3219 5109 3379 5164 tiliam
3414 5111 3640 5182 loquens
3656 5112 3722 5166 ad
3751 5129 3845 5166 an.

2255 5175 2377 5240 555,
2406 5193 2463 5251 _u.
2495 5177 2555 5230 7|
2580 5175 2820 5251 :AVidcas
2855 5180 2907 5231 in
2931 5195 2989 5231 ea
3012 5179 3180 5233 virum
3201 5175 3598 5247 sanctissimum,
3636 5185 3856 5251 pariter-

2255 5263 2351 5319 que
2369 5247 2858 5316 eloquentissimum,
2883 5251 3072 5319 rtylam
3095 5269 3243 5305 suum
3265 5263 3452 5308 natura
3479 5247 3742 5308 sublimem
3765 5257 3850 5309 iu-

2255 5318 2450 5394 clinare
2479 5319 2683 5394 puellm,
2717 5330 2764 5374 et
2793 5318 3136 5394 deindurtria
3165 5325 3406 5378 humilem
3437 5326 3666 5394 reddere,
3695 5337 3852 5394 atque

2252 5388 2322 5464 ad
2343 5390 2748 5464 persuadendum
2776 5392 3002 5464 facilem,
3031 5394 3452 5462 aimplicibusque
3487 5388 3712 5464 Virginis
3744 5388 3848 5451 du-

2251 5459 2394 5536 ribus
2435 5459 2843 5536 accommodare.
2878 5462 3002 5519 lllas
3035 5459 3163 5519 vero
3193 5459 3454 5536 epistolas
3481 5459 3602 5536 qua?
3627 5467 3693 5521 ad
3721 5485 3848 5523 eum

2253 5531 2413 5584 linem
2443 5533 2816 5588 scribebantur
2842 5575 2856 5596 ,
2893 5546 2948 5588 ut
2991 5535 3040 5588 in
3073 5531 3456 5592 eccleSiasticis
3486 5531 3850 5593 conventibus

2254 5602 2462 5678 publice
2491 5604 2818 5678 legerentur,
2845 5615 3066 5660 ornatas
3100 5608 3279 5674 fuisse,
3315 5622 3476 5678 atque
3501 5611 3765 5671 excultas.
3801 5611 3851 5664 is

2252 5671 2418 5754 fti'ile.
2434 5673 2701 5754 fatebitur,
2734 5677 2821 5744 qui
2851 5681 2914 5754 ad
2955 5671 3276 5754 hujusmodi
3297 5671 3502 5736 litteras
3533 5681 3623 5754 (de
3648 5681 3848 5754 quibus

2250 5745 2430 5815 aliqua
2458 5761 2580 5801 mox
2610 5746 2875 5817 dicemus)
2903 5745 3141 5805 animum
3161 5748 3432 5807 advertat.
