4224 6262
605 327 700 383 731
1369 322 1433 379 ΙΝ
1474 319 1728 378 ΗιιΑιιιι
1770 317 2156 378 EPISTOLAM
2181 316 2215 378 Β

2364 317 2708 378 “BELLUM
2751 315 3142 374 PREFATIO.
3790 319 3902 372 ’ἰδὲ

1227 431 1454 492 CAPUT
1491 435 1559 492 ll.

605 580 689 636 Ad
727 595 1000 650 quemnam
1040 577 1219 634 eadem
1270 578 1486 650 epistola
1527 577 1687 634 missa
1737 576 1850 633 sit:
1873 577 2028 649 quale
2062 575 2205 634 illius

643 679 1037 746 argumentum;
1077 679 1126 726 et
1161 686 1384 742 quonam
1419 679 1647 740 tempore
1672 671 1965 743 conscripta
1993 671 2164 742 fuerit.

678 808 732 865 1.
762 808 832 866 At
856 808 1101 864 imminet
1140 807 1370 879 quaestio
1401 807 1574 865 altera
1607 826 1621 865 :
1655 807 1748 865 cui
1785 809 1997 865 scilicet
2038 811 2206 867 missa

609 901 683 958 sit
710 902 826 960 haec
847 901 1102 974 epistola.
1131 901 1305 960 Abest
1331 903 1474 959 enim
1503 901 1555 957 id
1573 918 1604 958 a
1633 913 1822 959 nostro
1840 903 2054 961 codice.
2083 905 2209 976 Epi-

611 1011 882 1068 scopum,
921 997 1014 1068 qui
1055 997 1314 1068 populum
1355 996 1648 1067 regendum
1683 997 1844 1069 paulo
1869 1007 1998 1054 ante
2017 1013 2204 1055 susce-

648 1099 788 1162 erat,
812 1091 1173 1162 eamdemque
1188 1091 1538 1160 catholicum,
1566 1093 1654 1162 qui
1679 1093 2090 1150 instructionem
2111 1108 2207 1149 co-

648 1107 788 1158 erat,
812 1107 1173 1162 eumaemque
1188 1107 1538 1160 catnoncum,
1566 1108 1654 1162 qui
1679 1107 2090 1150 instructionem
2111 1108 2207 1149 co-

608 1107 725 1242 illi
744 1184 1247 1255 populolegendam
1263 1185 1333 1241 ab
1358 1184 1564 1241 Hilario
1592 1195 1937 1258 poposcerat,
1972 1187 2212 1243 indicant

609 1291 673 1333 ea
695 1275 879 1343 verba,
907 1290 1028 1346 qua:
1050 1277 1151 1332 sub
1169 1276 1394 1346 hujusce
1408 1277 1654 1347 epistolae
1682 1278 1846 1334 linem
1877 1288 2207 1336 occurrunt:

618 1386 636 1420 ι
649 1365 872 1424 Veniam
885 1376 1012 1425 ante
1028 1382 1217 1424 omnes
1235 1370 1476 1440 (fortasse
1489 1369 1695 1443 omnia)
1707 1385 1739 1425 a
1753 1371 1826 1426 tui
1842 1370 2023 1442 populi
2035 1371 2081 1427 si
2089 1386 2214 1428 nce-

613 1459 827 1516 rissima
850 1459 1140 1516 sanctitate
1167 1475 1354 1527 orans,
1376 1471 1432 1515 ut
1460 1469 1548 1516 tua
1569 1461 1865 1531 Sanctitas,
1880 1463 1967 1518 cui
1987 1464 2215 1535 peritior

615 1553 704 1608 via
734 1569 762 1605 a
798 1551 934 1618 Deo,
963 1561 1020 1608 et
1062 1553 1303 1608 sanctior
1327 1554 1677 1625 comprobata
1707 1565 1812 1621 est,
1842 1553 1896 1610 in
1923 1556 2211 1624 omnibus,

613 1647 667 1702 in
695 1637 890 1716 quibus
919 1643 1268 1702 mediocritas
1298 1661 1418 1702 mea
1450 1647 1536 1701 vel
1587 1647 1965 1716 praetermisit,
2012 1649 2099 1703 vel
2133 1649 2216 1704 in-

614 1748 777 1796 venta
803 1739 1004 1795 melius
1033 1739 1327 1810 explanare
1366 1755 1476 1796 non
1505 1743 1713 1812 potuit,
1747 1751 1990 1798 correcta
2040 1743 2216 1800 refor-

2225 436 2280 499 Λ
2304 443 2358 490 te
2385 451 2602 506 semper
2620 435 2823 491 litteras
2861 445 3107 500 nostras;
3142 444 3324 492 tamen
3350 450 3492 492 nunc
3519 443 3575 491 et
3603 434 3900 498 admoneo,

2304 536 2363 586 et
2391 538 2540 600 peto,
2573 537 2631 583 ut
2651 525 2796 597 quod
2817 526 2952 582 alias
2977 534 3195 597 sponte,
3220 536 3386 598 atque
3413 527 3809 583 humanissime
3827 528 3907 582 fa-

2301 621 2406 691 cis,
2432 623 2596 679 etiam
2625 631 2842 693 petente
2862 636 2949 678 me
2969 619 3158 688 facias,
3184 630 3244 676 ut
3263 620 3366 677 hac
3393 621 3624 693 epistola
3653 635 3774 678 mea
3801 621 3910 677 lec-

2307 725 2388 784 ta,
2427 717 2476 772 si
2518 717 2662 788 quod
2711 717 2824 772 illic
2869 720 3176 788 contagium
3227 717 3481 772 venenati
3527 718 3817 782 sermonis,
3855 727 3915 774 et

2311 808 2576 879 pestiferae
2593 810 2964 866 seminationis
2987 811 3300 880 irrepserat,
3325 810 3394 864 de
3421 809 3645 865 fratrum
3665 809 3915 876 auribus,

2307 909 2366 957 et
2387 900 2693 970 pectoribus
2720 909 2971 968 exuatur,
3002 909 3061 956 et
3084 900 3354 956 bonorum
3401 900 3607 972 integra
3633 942 3647 966 ,
3698 916 3763 957 ac
3796 902 3912 957 sin—

2311 1011 2436 1051 cera
2463 995 2682 1051 dilectio
2707 995 2775 1051 ab
2799 996 3050 1052 omnibus
3075 993 3347 1053 htercticm
3365 995 3772 1051 detrectationis
3795 1010 3914 1050 sor-

2313 1090 2470 1146 dibus
2501 1099 2842 1160 repurgetur.
2885 1110 2906 1144 ι

2383 1183 2440 1236 2.
2472 1183 2647 1251 Atque
2677 1179 2793 1236 haec
2821 1179 3036 1251 quidem
3059 1181 3287 1250 epistola
3311 1187 3601 1251 propterea
3629 1182 3822 1252 majori
3855 1181 3914 1237 in

2313 1274 2488 1347 pretio
2527 1273 2775 1330 habenda
2803 1283 2909 1340 est,
2943 1273 3085 1343 φιοὰ
3113 1282 3169 1330 et
3195 1288 3438 1345 perrara:
3480 1275 3838 1331 inveniuntur
3864 1275 3922 1330 iu

2315 1368 2447 1438 ipsis
2467 1378 2710 1424 veterum
2737 1367 2892 1422 libris
2933 1365 3094 1436 hujus
3118 1366 3334 1436 generis
3364 1366 3561 1422 litterae
3599 1365 3680 1438 (ά)
3707 1409 3720 1431 ,
3751 1378 3806 1422 et
3837 1381 3923 1423 ea:

2315 1462 2433 1530 ipse
2460 1475 2578 1530 quae
2605 1459 2896 1526 habentur,
2927 1458 3275 1515 incitamenta
3298 1459 3516 1529 quidem
3541 1458 3610 1514 ad
3639 1458 3920 1529 pietatem,

2317 1556 2680 1624 virtutemque
2714 1554 2933 1619 habent,
2979 1563 3035 1608 at
3063 1553 3324 1624 mysteria
3354 1551 3477 1607 tidei
3509 1591 3524 1616 ,
3577 1561 3634 1608 et
3662 1551 3923 1623 dogmata

2317 1658 2410 1704 aut
2440 1661 2658 1718 prorsus
2697 1654 3060 1718 praetereunt,
3107 1651 3202 1699 aut
3255 1643 3574 1699 brevissime
3626 1644 3923 1714 attingunt.

2319 1740 2517 1796 Contra
2551 1738 2669 1793 haec
2696 1746 2986 1808 utrumque
3002 1735 3413 1806 complectitur,
3445 1733 3680 1804 fideique
3711 1744 3927 1806 mysteo

613 1846 785 1898 mare,
809 1841 864 1886 et
887 1832 1142 1902 supplere
1165 1831 1422 1902 dignetur
1449 1850 1464 1887 :
1495 1843 1590 1889 aut
1607 1836 1654 1890 si
1681 1835 2018 1907 probaveris,
2042 1847 2100 1892 ut
2127 1846 2212 1893 est
2243 1837 2291 1900 Β
2317 1836 2396 1891 ria
2425 1833 2710 1903 diligenter
2733 1831 2967 1902 explicat
2995 1847 3012 1886 :
3044 1830 3112 1886 ad
3134 1829 3363 1884 virtutes
3384 1843 3600 1900 quoque
3623 1843 3930 1900 assequen-

614 1939 644 1979 a
677 1922 832 1980 nobis
853 1925 1174 1994 opusculum
1210 1936 1469 1995 emptum,
1493 1934 1547 1982 te
1578 1935 1815 1997 petente,
1843 1937 1900 1984 et
1926 1929 2035 1984 Deo
2058 1930 2214 2000 adju-

615 2025 778 2072 vante
807 2015 1130 2086 perfectum,
1161 2033 1266 2072 non
1297 2017 1499 2074 habere
1523 2019 1666 2090 quod
1690 2019 1852 2088 desit,
1887 2020 1938 2076 in
1962 2022 2216 2078 orationi-

616 2110 718 2165 bus
748 2118 855 2164 tam
881 2109 986 2164 tuis
1008 2110 1240 2179 sanctis,
1269 2126 1430 2182 quam
1457 2113 1700 2168 omnium
1731 2113 1961 2170 fratrum
2007 2129 2214 2172 memo-

615 2202 751 2258 riam
787 2205 894 2258 mei
933 2201 1156 2259 habeas.
1195 2220 1215 2259 ι
1250 2204 1428 2274 Atque
1454 2220 1518 2262 ea
1539 2219 1671 2262 sane
1701 2207 1864 2262 verba
1899 2225 1912 2263 :
1947 2227 1966 2261 ι
2004 2209 2089 2264 cui
2120 2225 2215 2279 pe-

615 2295 770 2351 ritior
801 2296 888 2351 via
917 2309 950 2352 a
980 2295 1115 2364 Deo,
1158 2305 1214 2352 et
1237 2297 1478 2354 sanctior
1511 2301 1862 2370 comprobata
1888 2310 1996 2368 est,
2036 2321 2056 2355 ι
2090 2318 2216 2374 pro-

615 2387 743 2444 bum
765 2388 1014 2456 innuunt;
1047 2389 1267 2445 doctum
1294 2405 1527 2462 quoque,
1557 2402 1652 2448 aut
1677 2403 1826 2449 certe
1861 2394 1916 2449 in
1943 2393 2175 2466 dicendo
2194 2437 2210 2464 ,

615 2481 1013 2554 scribendoque
1050 2483 1341 2554 aliquoties
1389 2487 1781 2554 exercitatum,
1830 2488 1921 2558 q‘ui
1971 2473 2061 2544 vel
2111 2489 2213 2545 sibi

619 2577 795 2632 minus
818 2574 1012 2643 fidens,
1043 2577 1130 2634 vel
1150 2577 1217 2632 ad
1247 2580 1642 2635 conciliandam
1666 2579 1791 2636 fidei
1823 2597 1958 2650 suae,
2004 2581 2215 2656 sibique

618 2667 724 2737 ipsi
747 2667 1153 2737 auctoritatem,
1198 2669 1284 2725 vel
1315 2670 1477 2725 etiam
1511 2680 1570 2726 ut
1605 2671 2089 2729 cumulatissimam
2128 2676 2217 2732 ha-

618 2758 791 2825 beret,
820 2773 979 2828 quam
1001 2759 1203 2830 populo
1221 2775 1322 2816 suo
1351 2761 1606 2831 traderet,
1639 2763 2070 2830 instructionem,
2093 2780 2214 2822 eam

617 2849 686 2904 ab
717 2849 923 2908 Hilario
971 2862 1293 2922 poposcerat
1316 2854 1624 2924 epistolam,
1655 2856 1706 2911 in
1726 2871 1830 2927 qua
1851 2865 1908 2911 et
1929 2855 2052 2913 ﬁdei
2082 2856 2216 2928 dog-

618 2951 761 2998 mata
789 2945 1099 2999 summatim
1133 2955 1564 3016 proponerentur
1588 2988 1603 3014 ,
1658 2955 1714 3003 et
1751 2947 2119 3019 dirigerentur
2147 2951 2215 3006 ad

618 3038 870 3108 pietatem
903 3053 1105 3096 mores.
1124 3038 1278 3108 Quod
1297 3039 1513 3110 quidem
1536 3041 1732 3096 mirum
1753 3057 1860 3096 non
1882 3052 1995 3109 est;
2027 3042 2080 3098 in
2102 3059 2217 3098 ma-

617 3146 719 3203 gna
755 3133 899 3187 enim
921 3132 1066 3203 apud
1085 3147 1277 3188 onines
1303 3134 1663 3190 aestimatione
1696 3143 1816 3190 erat
1847 3135 2082 3191 Hilarius
2108 3137 2210 3209 (a),

2315 1929 2413 1984 das
2445 1927 2746 1982 luculenter
2773 1924 3043 1990 hortatur,
3073 1932 3129 1980 et
3158 1923 3364 1978 incitat.

2388 2021 2440 2075 3.
2483 2015 2636 2086 Quod
2667 2033 2828 2089 porro
2851 2017 3045 2072 absita
3070 2013 3274 2071 Codice
3317 2013 3507 2070 nostro
3553 2027 3752 2069 nomen
3794 2013 3932 2083 Epi-

2315 2115 2468 2186 scopi
2498 2113 2564 2168 ad
2590 2127 2754 2184 quem
2771 2111 2961 2166 eadem
2982 2110 3207 2182 epistola
3231 2109 3397 2164 missa
3426 2118 3530 2177 est,
3549 2107 3759 2172 facit,ut
3787 2117 3932 2161 tern-

2316 2223 2416 2280 pus
2464 2206 2795 2277 ignoremus,
2844 2219 2953 2274 quo
2985 2217 3046 2258 ea
3102 2201 3413 2272 conscripta
3459 2201 3530 2255 sit
3571 2201 3638 2255 ab
3667 2199 3875 2256 Hilario
3913 2219 3929 2259 :

2315 2298 2458 2370 quod
2503 2296 2722 2368 quidem
2765 2304 2980 2366 tempus
3007 2293 3167 2349 facile
3215 2292 3572 2354 innotuisset,
3627 2289 3673 2346 si
3723 2305 3928 2346 nomen

2317 2391 2567 2461 Episcopi
2597 2389 2742 2444 illius
2773 2387 3130 2453 haberemus;
3161 2387 3412 2441 novimus
3440 2385 3640 2456 quippe
3675 2399 3886 2440 annum
3907 2427 3924 2454 ,

2316 2501 2424 2556 quo
2473 2483 2884 2555 prmstantiores
2935 2481 3130 2538 saltem
3176 2495 3273 2550 per
3331 2494 3451 2536 eam
3503 2487 3714 2534 aetatem
3771 2478 3928 2533 latini

2317 2577 2571 2649 Episcopi
2605 2577 2694 2640 (ad
2725 2591 2952 2646 quorum
2993 2575 3226 2644 aliquem
3255 2569 3483 2642 epistola
3525 2571 3614 2625 illa
3650 2572 3815 2625 missa
3843 2571 3929 2625 vi-

2315 2670 2495 2742 detur)
2521 2669 2876 2727 Ecclesiarum
2903 2683 3122 2724 suarum
3149 2667 3390 2736 regimen
3417 2666 3779 2735 susceperint.

2389 2765 2445 2818 4.
2486 2761 2761 2818 Extremis
2791 2771 2969 2816 tamen
2989 2803 3004 2828 ,
3055 2749 3261 2830 quibus.
3291 2756 3526 2812 Hilarius
3562 2757 3698 2812 vixit
3723 2757 3887 2813 annis
3907 2799 3924 2825 ,

2317 2856 2563 2912 eamdem
2591 2855 2874 2924 epistolam
2896 2851 3260 2922 conscriptam
3285 2850 3538 2905 arbitror.
3572 2850 3784 2905 Etenim
3809 2861 3929 2904 stu-

2317 2949 2463 3006 dium
2498 2947 2651 3013 illud,
2679 2962 2742 3000 ac
2765 2946 3039 3017 diligentia
3063 2983 3080 3009 ,
3113 2959 3275 3014 quam
3307 2943 3352 2997 is
3377 2941 3642 3013 impendit
3685 2944 3737 2996 in
3773 2941 3927 2998 illus-

2319 3040 2540 3106 trando,
2568 3049 2623 3094 et
2651 3038 2956 3094 luculenter
2989 3035 3308 3108 exponendo
3331 3033 3604 3090 catholico
3631 3033 3923 3104 dogmate,

2317 3151 2425 3204 quo
2452 3132 2570 3188 Filii
2596 3131 2852 3187 divinitas
2878 3131 3034 3185 nobis
3060 3127 3331 3184 credenda
3366 3125 3714 3197 proponitur,
3747 3141 3926 3196 eoque

617 3240 779 3294 quem
831 3225 1030 3282 eximia
1084 3225 1345 3296 probitas,
1403 3225 1665 3282 miracula
1725 3227 1872 3283 edita
1899 3269 1914 3296 ,
1964 3228 2212 3285 doctrina
2239 3229 2286 3294 ο
2320 3225 2642 3281 vindicando
2671 3241 2698 3278 a
2725 3221 2970 3279 subdolis
2987 3221 3315 3278 Arianorum
3335 3262 3350 3286 ,
3373 3234 3437 3274 ac
3455 3219 3920 3275 Semiarianorum

619 3333 725 3374 non
757 3318 992 3390 vulgaris
1011 3361 1026 3384 ,
1055 3319 1304 3376 exsilium
1333 3319 1476 3389 quod
1519 3319 1837 3390 pertulerat,
1867 3321 2210 3394 laboresque,

617 3424 756 3478 quos
781 3425 880 3481 pro
899 3410 1161 3467 catholica
1189 3411 1294 3468 tide
1325 3411 1682 3477 toleraverat,
1715 3422 1770 3469 et
1798 3415 1932 3470 mira
1955 3415 2216 3472 adversus

617 3501 900 3558 catholicae
958 3502 1219 3560 Ecclesiae
1281 3502 1467 3560 hostes
1508 3506 1810 3561 constantia
1869 3523 2216 3579 sun'nnopere

617 3593 1090 3649 commendabant.
1139 3593 1372 3652 Aliunde
1418 3595 1582 3651 etiam
1613 3598 1862 3652 novimus
1886 3598 2216 3656 celebriores

619 3685 903 3742 Antistites
936 3687 1006 3744 ab
1035 3687 1307 3758 episcopis
1334 3703 1510 3759 nuper
1549 3689 1741 3746 electis
1768 3702 2024 3749 exoratos
2074 3692 2218 3748 litte-

619 3794 709 3835 ras
739 3779 804 3835 ad
833 3795 930 3836 eos
957 3780 1194 3847 misisse,
1222 3781 1417 3853 quibus
1440 3783 1622 3854 populi
1649 3783 2048 3842 instruerentur
2077 3805 2090 3843 :
2124 3803 2219 3844 cu-

613 3874 702 3945 jus
731 3874 946 3944 quidem
993 3876 1071 3931 rei
1125 3877 1430 3946 exemplum
1476 3877 1571 3932 tibi
1614 3879 1821 3948 praebet
1870 3881 2096 3950 epistola
2127 3897 2212 3950 ea,

618 3973 782 4039 quam
832 3970 1153 4026 Ambrosius
1202 3971 1622 4028 Mediolaoensis
1683 3973 1970 4044 episcopus
2018 3975 2216 4046 Vigilio

620 4061 876 4133 episcopo
902 4078 1072 4134 nuper
1100 4065 1276 4120 electo
1295 4063 1446 4121 dedit
1474 4064 1548 4137 (ὁ)
1585 4083 1597 4119 :
1631 4066 1683 4121 in
1720 4081 1823 4136 qua
1843 4069 2218 4139 complectitur

619 4168 682 4209 ea
715 4153 828 4210 fere
848 4155 1048 4220 omnia,
1072 4170 1196 4228 quae
1224 4165 1316 4212 aut
1340 4158 1674 4229 perquirere,
1704 4169 1797 4214 aut
1831 4158 2069 4231 eli'ugere
2103 4162 2219 4232 cpio

618 4261 818 4319 scopus
843 4247 1028 4303 debet.
1045 4247 1382 4304 Nobiliorum
1413 4264 1572 4320 porro
1598 4252 1976 4322 episcoporum
2006 4251 2216 4309 litteras

621 4339 674 4394 in
713 4339 885 4395 sacris
917 4340 1155 4396 ﬁdelium
1179 4343 1538 4399 conventibus
1582 4341 1750 4399 fuisse
1800 4345 2067 4413 periectas
2091 4361 2215 4402 cum

620 4431 726 4486 alia
757 4433 920 4487 multa
963 4442 1248 4503 testentur,
1291 4444 1405 4491 tum
1443 4435 1496 4491 id
1525 4451 1657 4492 sane
1701 4435 1904 4508 liquido
1929 4439 2168 4495 ostendit
2200 4482 2216 4510 ,

619 4523 763 4594 quod
791 4524 1094 4597 Cyprianus
1129 4527 1384 4585 Cornelio
1422 4544 1574 4600 papae
1620 4531 1866 4589 scribens
1908 4532 1995 4589 his
2039 4535 2218 4592 verbis

2317 3315 2785 3388 explicationibus,
2815 3330 2933 3370 eam
2965 3323 3177 3368 aetatem
3208 3312 3404 3378 innuit,
3432 3327 3555 3382 quae
3586 3325 3776 3366 omnes
3801 3310 3914 3365 Va-

2318 3411 2476 3466 lentis
2498 3452 2513 3476 ,
2546 3409 2773 3474 Ursacii,
2806 3407 3147 3477 aliorumque
3170 3404 3254 3459 his
3283 3403 3526 3459 affinium
3556 3402 3924 3459 machinatio-

2317 3520 2434 3569 nes,
2466 3516 2520 3560 et
2539 3503 2713 3557 malos
2737 3502 2893 3556 dolos
2915 3501 3025 3570 jam
3052 3499 3353 3555 detexerat.
3383 3499 3559 3568 Atque
3581 3497 3631 3552 in
3663 3495 3764 3550 hac
3792 3497 3915 3566 qui-

2316 3599 2439 3653 dem
2472 3597 2727 3666 opinione
2765 3591 3076 3654 confirmor,
3123 3606 3288 3662 quum
3331 3589 3572 3644 animum
3603 3587 3825 3643 intendo
3853 3588 3924 3643 ad

2317 3707 2411 3747 eas
2455 3690 2754 3746 locutiones
2782 3729 2796 3755 ,
2848 3684 3345 3756 eXplicationesque
3366 3723 3381 3746 ,
3414 3696 3534 3751 qua:
3580 3695 3645 3735 ex
3677 3679 3830 3734 libris
3859 3677 3927 3733 de

2319 3784 2570 3839 Trinitate
2591 3823 2604 3848 ,
2635 3792 2689 3836 et
2716 3795 2780 3836 ex
2815 3775 3235 3832 Commentariis
3266 3774 3318 3828 in
3351 3772 3594 3828 Psalmos
3623 3771 3926 3842 desumptze

2318 3876 2571 3931 videntur
2601 3893 2614 3928 :
2656 3871 2929 3943 conjicere
2965 3869 3165 3939 quippe
3191 3882 3254 3921 ex
3301 3880 3365 3920 ea
3393 3879 3453 3919 re
3481 3861 3767 3920 commode
3797 3875 3925 3931 pos-

2319 3984 2523 4034 sumus,
2573 3965 2894 4036 conscriptis
2929 3963 3040 4034 jam
3082 3959 3454 4030 cvulgatisque
3486 3957 3571 4020 iis,
3617 3969 3754 4025 quos
3782 3954 3926 4009 dixi-

2318 4082 2461 4132 mus,
2495 4062 2665 4127 libris,
2695 4059 2982 4132 epistolam
3012 4055 3150 4110 hanc
3181 4052 3343 4107 fuisse
3375 4050 3445 4106 ab
3484 4049 3686 4104 Hilario
3706 4061 3930 4115 compo-

2319 4162 2499 4216 sitam.
2534 4159 2708 4226 Atque
2750 4155 2889 4208 hanc
2933 4149 3297 4219 suspicionem
3346 4159 3521 4199 meam
3561 4141 3928 4212 comprobant

2318 4253 2481 4310 verba
2505 4251 2596 4305 illa
2623 4248 2724 4304 sub
2750 4246 2993 4318 epistola:
3016 4242 3179 4298 tinem
3205 4241 3377 4310 posita
3404 4257 3417 4293 :
3453 4236 3524 4291 Et
3556 4238 3723 4292 sciant
3748 4234 3928 4289 remitti

2322 4348 2441 4418 ﬁdei
2468 4359 2595 4398 mea:
2619 4341 2902 4415 prazstitant
2919 4337 3193 4402 rationem,
3219 4342 3266 4389 et
3292 4331 3564 4386 conuenire
3592 4345 3709 4383 cum
3735 4323 3924 4380 Eccle-

2318 4444 2397 4498 sia
2418 4447 2779 4511 recognoscant
2810 4453 2829 4492 :
2856 4435 3058 4490 etenim
3089 4430 3222 4487 satis
3249 4428 3492 4485 indicant
3511 4423 3790 4482 dissidium
3819 4438 3924 4476 an-

2321 4548 2405 4593 tea
2450 4546 2699 4592 exortum
2744 4530 3006 4588 Hilarium
3049 4529 3210 4594 inter,
3241 4535 3295 4580 et
3323 4523 3631 4580 Luciferum
3658 4519 3928 4575 Calaritao

619 4616 780 4674 docet
808 4620 882 4691 (ο)
917 4638 930 4675 :
968 4640 988 4675 ι
1028 4623 1093 4677 Ει
1113 4638 1439 4694 quamquam
1467 4623 1665 4690 sciam,
1695 4627 1860 4683 frater
1887 4628 2170 4687 carissime
2196 4675 2210 4700 ,
2237 4627 2294 4690 D
2319 4646 2467 4693 num,
2500 4636 2852 4697 vocatamque
2877 4624 2948 4680 ab
2971 4635 3037 4677 eo
3067 4621 3122 4675 in
3153 4618 3377 4674 dubium
3411 4616 3599 4671 Hilarii
3641 4615 3924 4684 pietatem,

620 4724 721 4780 pro
768 4720 952 4770 mutua
979 4713 1267 4771 dilectione
1293 4731 1454 4786 quam
1489 4715 1750 4772 debemus
1772 4757 1789 4783 ,
1819 4727 1874 4773 et
1899 4721 2218 4779 exhibemus

619 4805 850 4862 invicem
877 4807 1056 4873 nobis,
1084 4807 1468 4864 ﬂorentissimo
1497 4809 1610 4865 illic
1636 4810 1787 4866 clere
1812 4820 1989 4868 tecum
2020 4816 2218 4885 prmsi-

618 4902 794 4970 denti,
821 4911 877 4959 et
912 4903 1270 4960 sanctissima:
1294 4911 1458 4976 atque
1486 4905 1834 4977 amplissimae
1862 4908 2004 4979 plebi
2036 4909 2218 4980 legere

694 5044 774 5117 (α)
799 5043 1004 5117 Quanta
1037 5039 1178 5117 apud
1201 5041 2100 5117 veteres__in_mstir_natione_fuerit
2129 5045 2221 5102 Hi-

621 5111 809 5181 larius,
828 5111 995 5171 facile
1021 5113 1280 5168 discimus
1302 5128 1375 5184 ex
1407 5111 1470 5166 iis
1504 5113 1773 5180 laudibus,
1815 5115 2009 5184 quibus
2056 5116 2125 5171 ab
2159 5119 2221 5173 iis

621 5199 843 5246 ornatus
863 5195 966 5243 est.
1001 5183 1499 5258 Consulegobse‘cro
1525 5202 1646 5258 qua:
1674 5186 1776 5240 hoc
1807 5183 1874 5240 die
1899 5198 2221 5258 argumento

623 5260 846 5317 exhibet
869 5255 1335 5330 postrema__editio
1369 5254 1486 5330 (illa
1511 5254 1703 5330 stilieet
1726 5272 1880 5330 quant
1905 5254 2222 5330 rei-adimus)

624 5327 957 5402 operum‘b‘,
991 5328 1214 5392 Hilarii,
1266 5327 1417 5382 initio
1458 5329 1778 5402 prmfutionis
1824 5332 2116 5402 generalis:
2171 5327 2226 5386 et

623 5399 812 5460 rursus
859 5399 1047 5456 retecta
1091 5408 1313 5453 ueterum
1345 5401 1634 5453 testimonia
1659 5399 1722 5455 de
1737 5399 1798 5454 S.
1827 5399 2062 5467 Hilario,
2093 5418 2214 5469 quae

623 5473 957 5530 clarissimus
985 5470 1160 5526 editor
1185 5485 1252 5522 ex
1286 5471 1702 5540 congregatione
1748 5472 1805 5526 S.
1839 5472 2008 5527 Mauri
2042 5473 2212 5528 edidit

629 5546 910 5620 (V._tont.t
939 5541 1055 5620 il.
1083 5539 1511 5620 0121301305,:
1525 5553 1662 5620 nost.
1685 5543 1855 5620 edin).

703 5616 780 5691 (ὁ)
815 5615 875 5691 In
903 5615 1160 5691 editione
1183 5611 1288 5691 Ρῐξ.
1335 5611 1825 5691 Benedictinorum:
1849 5613 1969 5669 XIX
2007 5631 2070 5672 ea
2097 5624 2217 5670 est:

640 5683 944 5758 Poposcistt'
965 5701 1001 5758 tt
1026 5699 1108 5758 nte
1145 5683 1477 5758 institutionis
1506 5695 1606 5740 tua:
1631 5686 1876 5758 insignia,
1905 5697 2009 5758 etc.

640 5708 729 5743 ΓΟ
771 5708 944 5744 οεειδιι
969 5708 1001 5738 a
1027 5708 1108 5737 τηις
1145 5708 1477 5742 Πιδιιιιιιῐοιιιε
1506 5708 1606 5740 ιιιω
1631 5708 1876 5758 mergum,
1905 5708 2009 5740 CIC.

635 5708 804 5884 vafri)“
832 5758 895 5814 1n
913 5754 1147 5820 editione
1177 5753 1381 5824 Baluzii
1414 5759 1570 5832 epist.
1601 5772 1667 5827 tv
1702 5797 1718 5827 ,
1749 5773 1870 5831 pag.
1915 5757 2041 5827 l86,
2091 5757 2223 5817 edit.

681 5838 824 5886 «ποθι.

2327 4737 2388 4778 ac
2406 4721 2750 4792 religionem,
2791 4715 2929 4770 adeo
2960 4722 3017 4768 ut
3060 4722 3281 4767 coactus
3323 4709 3394 4765 sit
3425 4707 3656 4764 Hilarius
3681 4705 3927 4774 explica-

2325 4815 2528 4870 tionem
2559 4811 2822 4867 librorum
2857 4821 3077 4861 suorum
3129 4812 3347 4866 texere,
3398 4801 3648 4870 illiusque
3693 4811 3930 4869 praescr-

2325 4911 2444 4977 tim,
2475 4905 2565 4978 qui
2607 4903 2670 4957 de
2700 4900 2928 4972 Synodis
2948 4939 2963 4964 ,
2995 4913 3090 4952 seu
3116 4897 3182 4950 de
3209 4897 3311 4965 ﬁde
3361 4893 3702 4948 Orientalium
3732 4887 3933 4946 inscri-

2399 5041 2476 5116 (d)
2517 5040 2660 5096 Inter
2693 5035 2963 5116 Arpbrosii
2985 5034 3264 5116 epistolas,
3289 5032 3424 5088 duas
3449 5028 3830 5116 tantummodo.
3849 5031 3931 5086 in-

2327 5101 2532 5177 venies,
2558 5128 2673 5182 qua!
2701 5109 2765 5163 ad
2789 5107 2893 5161 hoc
2912 5101 3082 5178 genus
3103 5114 3352 5175 spectent
3385 5123 3398 5159 :
3421 5118 3612 5182 nempe
3629 5101 3926 5182 secundam

2327 5187 2392 5242 ad
2413 5173 2807 5244 Constantium,
2845 5188 2900 5232 et
2916 5173 3063 5238 eum,
3093 5173 3250 5248 quam
3283 5191 3459 5248 nuper
3483 5173 3728 5248 allegavi,
3749 5173 3812 5248 ad
3835 5173 3930 5226 Vi-

2329 5257 2510 5327 gilium
2543 5273 2555 5308 :
2589 5253 2789 5327 nullam
2818 5245 3123 5327 _vero__inter
3149 5245 3495 5327 Hieronymi,
3531 5245 3729 5327 nullam
3770 5245 3933 5327 inter:

2331 5314 2614 5395 'Augustini
2639 5322 2917 5395 epistolas.
2954 5320 3029 5375 Ea
3073 5335 3254 5395 porro,
3283 5314 3400 5395 quin
3440 5316 3507 5395 ab
3536 5314 3840 5395 Atiibrosio_
3859 5315 3929 5369 ad

2324 5387 2699 5454 Constantium
2733 5394 2937 5448 directa
2965 5387 3085 5457 est,‘
3101 5391 3203 5462 piis
3232 5387 3446 5462 quidem
3483 5387 3929 5462 instructionibus

2328 5471 2521 5526 referta
2549 5476 2654 5531 est,
2703 5475 2758 5518 at
2797 5457 3116 5532 paucissima
3143 5461 3210 5516 de
3251 5457 3508 5533 Ecclesia
3554 5457 3826 5533 ﬁrmitate,
3874 5467 3933 5512 et

2327 5541 2601 5609 Scriptura
2633 5527 2828 5609 habet;
2849 5534 2920 5609 de
2942 5534 3162 5609 reliquis
3186 5547 3316 5587 vero
3349 5529 3472 5586 lidci
3495 5527 3934 5609 nqstt‘te_dogriia-

2328 5615 2396 5668 tis
2427 5599 2750 5664 mentionem
2782 5606 2862 5662 vix
2897 5605 3039 5660 facit.
3063 5599 3165 5659 'I‘Ia
3209 5617 3355 5663 vero,
3407 5617 3523 5670 qum
3549 5599 3744 5671 Vigilio
3792 5600 3917 5654 data

2327 5692 2449 5751 est,
2507 5697 2715 5736 morum
2772 5677 3179 5751 instructionem
3245 5670 3928 5751 tantummodo;respicit,

2329 5741 2581 5826 dogmata
2654 5766 2784 5810 vero
2831 5760 2887 5809 et
2941 5746 3196 5823 mysteria
3252 5743 3377 5802 ﬁdei
3425 5761 3493 5806 ne
3548 5741 3773 5816 attingit
3812 5741 3933 5822 qui-

2329 5828 2475 5887 dem.
