4224 6262
341 347 445 401 735

1206 350 1448 409 SANCTI
1491 319 1743 409 nam
1785 350 2119 410 EPISTULA
2162 351 2292 410 seu
2334 351 2690 412 LlBELLUS.

3532 356 3636 409 731

335 465 501 520 hitnr.
541 463 672 520 Vide
715 465 942 520 obsecro
985 469 1336 538 opusculum,
1377 469 1446 525 de
1493 485 1601 541 quo
1639 469 1930 539 loquimur,
1957 470 2012 532 Α
2039 485 2110 524 vu
2139 470 2204 525 de
2251 467 2462 528 lucum.
2519 487 2635 542 cap.
2681 470 2776 542 24)
2817 478 3107 542 prOpterea
3160 485 3190 524 a
3221 469 3494 526 veteribus
3543 487 3637 540 ap-

335 559 590 631 quodque
611 559 943 630 Apologetica
971 560 1040 615 ad
1069 564 1458 629 reprehensores
1479 562 1595 618 libri
1617 564 1680 618 de
1706 562 1934 635 Synodis

339 667 589 725 responsa
635 651 962 723 inscripsere
1003 653 1109 710 PP.
1140 655 1200 712 S.
1249 654 1422 712 Mauri
1451 655 1596 728 (pag.
1641 654 1740 711 521
1801 664 1930 711 tam.

338 759 378 800 ιι
409 744 588 799 editio.
631 742 868 817 Veram).

408 836 462 890 5.
503 835 602 890 llis
632 835 843 905 positis,
896 835 1184 895 manifesto
1226 838 1398 906 vides,
1457 854 1617 911 quam
1663 837 1934 896 excellens

333 929 410 985 sit
437 928 688 998 epistola,
735 945 895 1000 quam
925 932 1266 1002 evulgamus,
1290 934 1488 1005 quippe
1515 948 1636 1005 qua:
1676 933 1926 1004 plurima,

332 1036 508 1092 eaque
548 1020 700 1078 valde
741 1026 1047 1092 prastantia
1096 1027 1340 1084 continet
1385 1028 1710 1084 documenta
1753 1027 1822 1084 ab
1862 1041 1928 1084 eo

329 1115 660 1187 conscripta,
686 1115 779 1187 qui
810 1117 1058 1191 Magister
1083 1119 1434 1178 Ecclesiarttm
1463 1122 1626 1195 (Vide
1653 1121 1814 1185 Cassa
1832 1123 1920 1178 tib.

2038 565 2269 635 pellatus
2288 582 2412 622 esse
2446 567 2680 636 videtur,
2707 566 2854 638 quod
2883 580 2992 622 non
3015 565 3176 623 modo
3200 565 3471 637 exetnplo,
3497 567 3638 624 mul-

2040 668 2321 730 torumque
2349 660 2612 716 librorum
2643 661 2937 731 scriptione
2959 658 3178 716 Arianis
3217 659 3514 726 obstiterit,
3541 676 3635 715 ve-

2037 769 2155 808 rum
2178 753 2341 808 etiam
2370 753 2493 824 quia
2519 754 2815 824 Episcopos
2843 754 3011 824 ipsos,
3035 752 3271 822 ideoque
3297 752 3532 822 populos
3557 754 3636 808 eis

2035 845 2310 914 subjectos
2336 846 2578 917 epistolis
2606 848 2720 902 suis
2743 846 3090 913 instruxerit;
3122 859 3293 916 eaque
3316 847 3528 901 ratione
3547 863 3637 916 per

2037 943 2297 1011 profectus
2335 939 2560 995 aliorum
2585 940 2794 994 uenerit
2827 937 2924 1011 (a).
2957 941 3026 994 At
3055 938 3188 994 satis
3216 938 3495 1009 pralocuti
3520 939 3632 1010 jatn

2037 1046 2240 1089 sumus.
2272 1032 2414 1089 Ecce
2429 1035 2622 1105 itaque
2668 1032 2961 1104 Epistolam
2983 1032 3174 1104 ipsam.

341 1222 3576 1249 MM

1130 1303 1906 1456 .SANCTI
1998 1307 2778 1453 HILARII

784 1529 1685 1664 EPISTULA
1799 1532 2115 1660 SEU
2228 1531 3166 1664 LIBELLUS.

1059 1720 1302 1804 (Numeri
1326 1723 1703 1779 annotationes
1729 1721 1800 1778 ad
1829 1723 2033 1779 calcem
2064 1723 2306 1794 epistolae
2327 1723 2605 1794 subjectas
2636 1721 2922 1795 indicant.)

1662 1828 2316 1859 -ᾢσ-

411 1898 454 1955 l.
502 1897 667 1955 Darii
698 1901 722 1954 1
749 1891 1016 1971 gloriosus
1040 1901 1077 1957 2
1103 1901 1156 1957 in
1186 1902 1403 1958 Psalmo
1429 1899 1548 1973 (Ps.
1581 1917 1733 1970 mu,
1765 1899 1823 1972 5)
1851 1901 1930 1957 sic
1959 1905 2008 1966 B
2035 1901 2102 1958 de
2130 1916 2251 1958 esse
2278 1901 2536 1974 Spiritum
2566 1901 2846 1971 Sanctum,
2877 1903 2949 1959 25
2976 1904 3066 1976 qui
3104 1914 3318 1974 cuncta,
3343 1922 3464 1979 qua:
3489 1906 3633 1962 Deus

334 1988 464 2046 dicit
485 1991 560 2047 3:
595 1990 664 2046 In
689 1993 980 2048 universam
1011 2005 1202 2049 terram
1252 1995 1404 2049 exivit
1449 2010 1608 2049 sonus
1655 2009 1852 2056 eorum,
1884 2003 1931 2048 et

332 2085 400 2138 ad
421 2081 663 2138 terminos
684 2083 819 2138 orbis
849 2093 998 2140 terra:
1022 2087 1170 2140 verba
1200 2103 1393 2140 eorum.
1431 2085 1505 2140 Ex
1531 2085 1632 2140 hoc
1657 2084 1817 2155 igtur
1845 2083 1928 2137 in-

333 2175 504 2246 telligi
533 2174 712 2241 datur,
745 2190 881 2232 sono
907 2187 1033 2233 ante
1058 2188 1388 2252 praeparato,
1422 2177 1474 2233 id
1496 2187 1577 2234 est
1599 2176 1750 2233 Fidei
1780 2178 1927 2248 prin-

332 2269 508 2340 cipiis,
542 2283 700 2339 posse
728 2269 797 2325 ad
821 2270 1006 2325 intima
1039 2280 1093 2327 et
1116 2271 1436 2342 perfectiora
1461 2269 1588 2326 ﬁdei
1617 2267 1926 2341 perveniri,

334 2377 405 2418 ne
443 2361 764 2418 rudimentis
821 2362 1198 2419 vacillantihus
1248 2362 1460 2418 dicatur
1510 2361 1666 2417 nobis
1715 2360 1929 2416 Domini

333 2469 471 2510 voce
495 2454 824 2524 increpantis
856 2453 1006 2528 (an.
1037 2471 1158 2523 xw,
1191 2455 1283 2526 10)
1311 2478 1324 2508 :
1355 2453 1416 2510 Si
1441 2455 1494 2508 in
1525 2453 1727 2508 modico
1748 2452 1930 2524 ﬁdeles

334 2564 437 2601 non
464 2546 672 2617 fuistis,
702 2545 837 2619 quod
883 2551 1055 2622 majus
1102 2558 1178 2604 est
1230 2564 1344 2621 quis
1391 2546 1532 2602 dabit
1589 2546 1770 2601 vobis?
1823 2548 1928 2601 Sed

331 2639 457 2711 quia
487 2639 644 2695 video
668 2649 870 2695 certam
897 2655 1018 2695 esse
1045 2639 1296 2706 formam,
1327 2655 1484 2710 quam
1513 2640 1696 2712 egredi
1728 2655 1834 2693 non
1866 2639 1932 2692 li-

333 2741 443 2800 cet,
474 2731 790 2788 difl‘erentia:
818 2734 958 2788 inter
981 2732 1218 2800 Judreos,
1249 2740 1304 2788 et
1325 2731 1568 2799 Graecos,
1600 2731 1650 2786 id
1676 2742 1758 2788 est
1785 2731 1930 2787 Gen-

335 2824 460 2880 tiles
513 2825 582 2892 4;
610 2826 760 2896 prius
786 2819 1146 2883 differentiam
1185 2827 1552 2882 edisseramus
1592 2824 1787 2898 (Codex
1827 2842 1925 2880 ms.

333 2919 520 2975 habet:
549 2919 902 2994 disseramus)
930 2920 1170 2976 :Judazis
1212 2921 1358 2976 enim
1399 2921 1533 2977 nihil
1563 2919 1708 2976 aliud
1745 2919 1811 2975 ad
1837 2936 1928 2976 ve-

331 3015 546 3072 ritatem
576 3013 701 3073 fidei
727 3015 1058 3071 credendum
1093 3015 1366 3084 existimo,
1400 3016 1501 3071 nisi
1527 3014 1713 3072 Jesum
1742 3013 1931 3070 Chris-

331 3117 447 3165 tum
478 3107 645 3165 lilium
672 3105 772 3164 Dei
807 3127 821 3164 :
854 3123 947 3179 per
975 3109 1151 3180 ipsum
1174 3108 1366 3164 salvari
1389 3119 1442 3164 et
1465 3124 1638 3179 genus
1666 3107 1851 3174 lsrael,
1876 3116 1930 3163 et

331 3200 535 3257 Gentes
577 3201 736 3256 etiam
780 3199 1046 3272 baptizari
1096 3202 1150 3256 in
1197 3202 1414 3257 nomine
1465 3201 1583 3272 ejus
1613 3202 1691 3257 5:
1725 3199 1928 3270 reliqua

2033 2007 2133 2065 per
2155 1994 2485 2050 Sermonem
2529 1995 2737 2062 fecerit,
2790 1997 3131 2064 animaverit,
3181 2007 3235 2054 et
3276 2001 3633 2054 confirmave-

2031 2088 2104 2142 rit
2127 2085 2220 2156 24.
2245 2085 2422 2142 Unum
2461 2102 2583 2141 esse
2610 2087 2932 2160 baptismum
2960 2088 3032 2143 25
3066 2107 3173 2160 quo
3203 2092 3448 2148 homines
3486 2109 3633 2165 reges

2035 2192 2291 2237 nerantur
2323 2183 2377 2237 in
2401 2183 2518 2238 Deo
2563 2182 2654 2236 26.
2698 2181 3037 2239 Crcdeudum
3080 2184 3242 2239 etiam
3289 2187 3634 2242 resurrectio-

2033 2290 2154 2330 nem
2183 2283 2518 2330 mortuorum
2551 2275 2602 2329 in
2644 2274 2834 2330 eadem
2864 2291 3027 2332 carne
3049 2275 3140 2331 27.
3175 2275 3443 2334 Judicium
3483 2276 3633 2332 futu-

2033 2385 2152 2425 rum
2174 2368 2289 2437 Dei,
2317 2385 2421 2440 quo
2448 2370 2741 2425 secundum
2773 2368 2911 2424 facta
2945 2370 3177 2426 hominis
3206 2370 3289 2425 vel
3329 2371 3490 2426 malis
3517 2386 3633 2442 pa:-

2032 2481 2118 2520 na:
2171 2465 2535 2535 rependantur
2563 2463 2758 2536 (Codex
2814 2481 2909 2519 ms.
2943 2463 3089 2520 habet
3141 2463 3497 2535 repneutur),
3543 2467 3630 2522 vel

2033 2559 2296 2614 bonorum
2347 2574 2570 2631 operum
2621 2559 2889 2616 destinata
2937 2559 3154 2630 praemia
3187 2560 3489 2614 tribuantur
3535 2558 3628 2614 28.

2030 2651 2202 2708 Tanta
2246 2662 2329 2708 est
2358 2652 2656 2708 differentia
2711 2652 3021 2708 Judzeorum
3067 2653 3526 2718 convertentium,
3575 2659 3632 2706 et

2031 2743 2308 2814 gentilium
2337 2745 2674 2800 credentium
2697 2743 2769 2800 29
2793 2761 2806 2798 :
2839 2743 2976 2816 Quid
2998 2743 3069 2798 sit
3097 2743 3167 2800 30
3193 2742 3354 2807 Deus,
3391 2751 3480 2797 aut
3505 2756 3630 2814 qua~

2031 2839 2122 2906 lis,
2153 2847 2208 2892 et
2237 2847 2506 2910 quantus;
2549 2839 2670 2909 quis
2705 2848 2890 2903 esset,
2922 2847 2975 2894 et
3023 2838 3197 2909 qualis
3245 2836 3387 2892 filius
3424 2837 3539 2907 Dei,
3576 2846 3632 2893 et

2032 2931 2150 3003 quis
2185 2932 2418 3000 Spiritus
2445 2933 2680 2988 Sanctus
2711 2949 2723 2986 :
2748 2933 2880 2989 Tres
2908 2933 3053 2988 enim
3083 2948 3247 2988 unum
3268 2940 3413 2987 sunt.

2105 3026 2166 3082 ll.
2199 3027 2342 3083 Sane
2369 3027 2496 3082 illud
2523 3029 2664 3084 scire
2692 3027 3278 3099 convenit'prudentiae
3303 3037 3498 3085 vestra:
3528 3042 3627 3084 nos

2031 3118 2100 3174 de
2129 3119 2240 3174 Deo
2271 3119 2385 3175 hzec
2413 3118 2610 3192 (Codex
2633 3137 2730 3175 ms.
2763 3121 2912 3175 habet
2967 3121 3090 3190 hoc)
3123 3120 3271 3191 loqui
3318 3129 3374 3176 et
3419 3136 3578 3192 posse
3608 3166 3624 3192 ,

2032 3221 2087 3266 et
2125 3212 2284 3277 scire,
2319 3226 2438 3282 qua:
2498 3222 2589 3265 aut
2619 3213 2733 3281 ipse
2773 3213 2840 3268 de
2887 3227 2947 3268 se
2988 3212 3128 3282 apud
3177 3212 3424 3268 homines
3465 3213 3631 3268 voluit

331 3299 476 3354 enim
517 3298 693 3354 κῖηηῐ
722 3314 818 3368 De?
853 3299 1026 3370 legem
1049 3306 1105 3354 el
1131 3293 1451 3372 Prophetas.
1505 3300 1576 3353 At
1603 3313 1733 3353 vero
1759 3295 1930 3369 genti-
1957 3291 2002 3355 C
2034 3304 2179 3370 sciri,
2213 3314 2302 3358 aut
2326 3320 2386 3359 ea
2413 3303 2480 3359 ad
2504 3320 2622 3374 qua:
2649 3305 2877 3372 homini,
2903 3306 3169 3376 permissu
3193 3305 3330 3378 ejus,
3358 3304 3510 3361 licuit
3541 3320 3632 3360 ac-

332 3390 433 3455 les,
459 3391 652 3461 quibus
680 3404 862 3460 verus,
909 3400 964 3445 et
995 3389 1166 3462 major
1195 3400 1276 3446 est
1315 3388 1469 3446 labor
1498 3390 1552 3456 6,
1606 3391 1697 3445 tali
1729 3389 1925 3444 admit-

333 3481 500 3547 tendi,
529 3490 585 3538 et
607 3482 834 3538 docendi
870 3493 994 3537 sunt
1019 3481 1209 3538 ordine
1235 3483 1288 3536 7.
1325 3481 1391 3536 Et
1417 3485 1597 3553 primo
1623 3481 1840 3552 quidem
1871 3492 1927 3536 ιιι

329 3574 398 3628 ab
435 3573 616 3639 ldolis,
645 3581 701 3629 et
724 3575 791 3628 ab
815 3574 1066 3630 omnibus
1091 3575 1456 3647 voluptatibus
1483 3575 1760 3628 hominum
1805 3574 1928 3630 totis

331 3667 646 3736 praecordiis
668 3666 922 3723 recedant
955 3685 967 3722 :
995 3678 1053 3722 ut
1080 3667 1372 3738 amputatis
1399 3679 1453 3723 et
1484 3667 1685 3722 evulsis
1727 3667 1923 3722 radici-

330 3766 418 3812 tus
444 3759 620 3825 malis,
653 3759 790 3814 b0na
816 3759 1022 3830 possint
1050 3769 1106 3814 et
1132 3759 1384 3830 religiosa
1420 3759 1728 3830 pectoribus
1765 3757 1930 3813 semi-

329 3853 447 3906 nari
477 3853 509 3906 8
539 3871 551 3905 :
587 3851 691 3907 hoc
720 3861 826 3918 est,
861 3869 1024 3908 unum
1047 3852 1220 3908 Deum
1249 3852 1504 3918 credere;
1531 3852 1706 3921 ipsum
1737 3852 1927 3906 timere

330 3947 384 4001 9.
419 3945 627 4002 Deinde
654 3947 815 4014 scire,
869 3949 1012 4018 quod
1058 3955 1253 4002 cuncta
1295 3947 1411 4018 ipse
1463 3945 1807 4001 fabricaverit
1835 3961 1847 3996 :
1873 3953 1928 4000 et

329 4039 582 4095 universa
615 4039 798 4096 mundi
831 4040 916 4094 vel
940 4054 1061 4111 qua:
1080 4038 1224 4094 facta
1248 4047 1374 4093 sunt
1407 4037 1490 4094 vel
1518 4038 1637 4108 ipso
1658 4037 1882 4108 jubente
1906 4075 1923 4104 ,

328 4142 382 4187 et
404 4133 640 4206 volente,
667 4142 721 4190 et
761 4135 992 4189 faciente
1037 4131 1380 4188 constiterint
1438 4131 1524 4186 1ο.
1550 4131 1686 4187 Esse
1728 4143 1926 4202 corpus

327 4224 623 4296 Scriptura:
653 4244 666 4281 :
718 4226 864 4298 quod
895 4237 1075 4283 autem
1106 4225 1190 4281 lex
1214 4235 1439 4281 vocetur
1475 4233 1638 4296 atque
1679 4223 1924 4296 Prophe-

330 4328 399 4373 ta:
432 4318 494 4373 11
527 4318 653 4389 quid
683 4318 788 4376 hoc
835 4319 1039 4391 indiget
1060 4319 1127 4374 12
1153 4337 1165 4373 :
1194 4318 1338 4390 quod
1375 4318 1717 4390 quidem'per
1751 4319 1926 4375 homi-

330 4426 428 4467 nes
444 4413 700 4483 scriptum
731 4413 828 4482 sit,
862 4429 967 4468 non
991 4413 1058 4468 ab
1081 4412 1385 4468 hominibus
1403 4412 1506 4468 1ὂῖ
1521 4413 1756 4482 Spiritus
1777 4413 1922 4468 enim

329 4502 450 4569 Dei,
492 4501 584 4574 qui
610 4503 789 4559 omnia
833 4505 936 4559 scit
961 4504 1051 4573 14,
1081 4503 1379 4574 inSpirabat
1407 4504 1657 4562 homines
1696 4516 1923 4562 sanctos

329 4597 421 4669 qui
452 4597 802 4669 loquerentur
838 4599 926 4667 15,
955 4600 1160 4670 autqui
1191 4598 1534 4655 destruerent
1576 4602 1919 4671 pravitatem,

2029 3396 2244 3452 cedere.
2285 3394 2402 3450 Non
2448 3396 2599 3450 illum
2633 3397 2684 3451 in
2717 3400 2879 3452 terris
2907 3408 3111 3467 quaerat
3157 3397 3341 3463 homo,
3375 3407 3462 3453 aut
3491 3401 3632 3454 inter

2029 3487 2280 3559 figmenta
2309 3496 2619 3556 componat,
2651 3503 2718 3543 ne
2745 3487 2831 3542 cui
2857 3487 3087 3544 similem
3115 3474 3308 3544 credat,
3327 3490 3390 3544 5f
3415 3507 3427 3542 :
3461 3490 3626 3546 Deum

2027 3581 2171 3635 enim
2212 3594 2339 3634 vera
2383 3578 2516 3634 fides
2566 3581 2638 3634 ita
2689 3595 2905 3649 semper
2934 3582 3182 3650 eXposuit
3217 3579 3375 3635 :Non
3419 3594 3625 3648 natum,

2029 3687 2136 3726 non
2179 3671 2375 3726 factum
2402 3671 2493 3736 52,
2525 3671 3130 3741 incomprehensibilem
3159 3673 3248 3738 55,
3283 3675 3628 3731 inextimahi-
3701 3666 3706 3670 ’

2028 3765 2132 3820 lem
2156 3763 2244 3830 54,
2279 3765 2606 3820 iuvisibilem
2638 3765 2729 3828 35,
2759 3772 2815 3821 et
2843 3767 3226 3837 impassibilem
3255 3768 3321 3824 56
3349 3787 3362 3823 :
3398 3770 3462 3824 Et
3505 3769 3627 3823 ideo

2028 3860 2202 3916 solum
2231 3875 2420 3916 verum
2462 3861 2628 3916 Deum
2661 3861 2752 3924 57,
2784 3863 2873 3932 qui
2899 3861 3144 3934 quaedam
3171 3863 3506 3934 generaverit
3533 3865 3621 3928 58,

2028 3952 2275 4022 qttzedam
2302 3952 2509 4020 fecerit,
2543 3953 2895 4024 disposuerit,
2924 3953 3256 4009 ordinaverit
3277 3954 3366 4022 ‘59,
3400 3971 3627 4009 exorna-

2027 4043 2167 4099 verit
2189 4045 2277 4101 40.
2301 4045 2600 4114 Optimum,
2637 4045 2842 4116 justum
2872 4045 3129 4101 mandare
3155 4045 3395 4101 Jndicem
3427 4045 3517 4102 41.
3555 4046 3623 4101 Ει

2027 4136 2148 4192 ideo
2202 4137 2546 4193 inexcusatus
2604 4148 2687 4193 est
2738 4139 2916 4193 omnis
2976 4138 3168 4205 homo,
3226 4141 3315 4208 qui
3364 4136 3622 4192 factorem

2027 4244 2184 4285 suum
2210 4245 2317 4285 non
2344 4230 2624 4302 agnoverit
2647 4229 2719 4285 42
2747 4231 2798 4284 in
2827 4240 3072 4301 tempore
3099 4230 3387 4300 agnitionis
3413 4227 3502 4294 45,
3525 4228 3624 4282 ha-

2026 4323 2236 4378 biturus
2257 4333 2381 4396 post
2408 4327 2612 4380 exitum
2640 4322 2881 4379 iudicem
2927 4323 3132 4392 justum
3173 4339 3187 4376 :
3228 4320 3318 4394 qui
3367 4336 3472 4376 non
3527 4333 3626 4375 suo

2025 4426 2270 4487 tempore
2299 4417 2539 4472 converti
2568 4431 2627 4471 se
2670 4416 2937 4486 putaverit
2969 4432 2982 4469 :
3013 4413 3108 4470 sed
3136 4429 3201 4470 ex
3234 4413 3508 4484 przeterito
3531 4410 3622 4471 t4.

2027 4510 2154 4567 litae
2179 4510 2259 4566 fas
2295 4519 2380 4566 est
2409 4511 2477 4566 de
2517 4511 2628 4566 Deo
2654 4510 2880 4567 credere
2907 4509 2999 4566 45.
3030 4509 3157 4565 Haec
3185 4509 3274 4579 qui
3311 4508 3624 4572 crediderit,

2029 4608 2262 4664 abstinet
2291 4622 2351 4664 se
2375 4607 2446 4664 ab
2475 4606 2626 4676 omni
2653 4607 2914 4676 iujustitia
2941 4606 3032 4662 46.
3064 4605 3210 4659 Bona
3247 4612 3302 4659 et
3327 4603 3469 4674 justa
3499 4615 3628 4674 ope-

326 4697 421 4745 aut
447 4691 536 4760 qui
559 4690 887 4747 aedificarent
912 4691 1096 4762 fidem,
1119 4702 1211 4747 aut
1234 4707 1383 4763 spem
1415 4693 1702 4766 erigerent,
1730 4703 1820 4750 aut
1836 4695 1923 4768 ju-
1949 4677 2004 4738 Ῑ)
2029 4710 2176 4757 ratus
2205 4710 2462 4756 reternam
2492 4700 2735 4770 requiem
2761 4697 2977 4753 habebit
3006 4699 3058 4752 in
3081 4697 3185 4751 vita
3215 4694 3306 4752 47.

327 4781 529 4838 dicium
557 4785 1038 4853 comminarentur,
1090 4796 1182 4854 aut
1229 4786 1496 4857 promissa
1524 4797 1803 4843 servarent
1833 4789 1920 4844 16.

329 4872 540 4930 Deinde
586 4875 912 4932 credendum
966 4877 1096 4945 illis,
1175 4877 1360 4933 Jesum
1437 4878 1708 4935 Christum
1754 4880 1922 4940 filium

329 4965 427 5022 Dei
455 4968 545 5034 17,
574 4983 669 5038 per
689 4983 849 5041 quem
878 4981 1067 5026 cuncta
1090 4969 1232 5026 Deus
1255 4971 1462 5040 fecerit,
1489 4981 1542 5027 et
1561 4973 1678 5029 sine
1705 4989 1811 5043 quo
1839 4974 1924 5034 ni-

328 5057 406 5112 hil
459 5060 771 5115 estfactum
825 5060 913 5127 18,
960 5077 1057 5134 per
1087 5078 1246 5134 quem
1301 5064 1355 5119 in
1412 5065 1676 5136 principio
1702 5065 1926 5122 Sermo-

326 5167 454 5208 nem
486 5152 575 5219 19,
601 5153 654 5208 id
680 5161 764 5208 est
783 5154 1046 5210 rationem
1083 5155 1156 5210 20
1180 5156 1544 5212 universitatis
1573 5159 1882 5228 accepimus
1904 5202 1918 5226 ,

327 5245 471 5316 apud
496 5245 665 5302 Deum
721 5247 904 5301 fuisse.
955 5246 1048 5302 Sic
1078 5251 1220 5301 enim
1263 5248 1532 5319 gloriosus
1585 5249 1924 5319 Evangelista

326 5339 567 5396 Joannes
617 5339 796 5396 initiat
827 5339 896 5395 21
927 5340 1112 5396 dicens
1155 5341 1264 5412 (Jo.
1299 5343 1338 5413 ι)
1377 5361 1390 5398 :
1432 5343 1500 5398 In
1527 5347 1784 5418 principio
1814 5359 1924 5405 erat

334 5434 578 5501 Verbum,
611 5445 659 5491 et
694 5433 914 5490 Verbum
964 5447 1069 5490 erat
1107 5434 1248 5504 apud
1277 5433 1462 5491 Deum.
1514 5436 1700 5493 Omnia
1721 5457 1816 5514 per
1843 5443 1924 5514 ip-

324 5545 439 5584 sum
466 5532 605 5602 facta
620 5539 740 5585 sunt
768 5549 789 5598 ;
826 5541 874 5584 et
903 5529 1013 5584 sine
1033 5530 1146 5600 ipso
1175 5530 1367 5600 factum
1394 5538 1466 5584 est
1492 5530 1622 5584 nihil
1643 5530 1734 5586 22.
1764 5533 1927 5590 Dein-

397 5648 470 5719 (a)
520 5666 540 5700 ‹
577 5645 810 5703 Hilarius
858 5649 938 5707 vir
979 5649 1232 5705 virtutum
1261 5647 1525 5716 omnium,
1567 5661 1724 5720 atque
1754 5667 1918 5714 orna-

327 5727 670 5798 mentorum;
702 5728 756 5798 e_t
782 5721 921 5798 sicut
950 5722 1080 5788 vita,
1115 5722 1186 5776 ita
1214 5721 1520 5798 eloquentia
1552 5723 1804 5796 insignis;
1829 5727 1921 5798 qui

325 5801 383 5847 et
407 5793 662 5864 magister
689 5792 1093 5868 iEeclesiarum,
1141 5804 1196 5851 et
1215 5792 1492 5868 sacerdos,
1533 5812 1638 5853 non
1660 5792 1798 5868 "per
1825 5792 1919 5856 sua

330 5871 541 5924 tantum
565 5867 782 5937 merita,
822 5867 920 5925 sed
945 5867 1107 5925 etiam
1138 5883 1235 5938 per
1259 5866 1529 5938 profectus
1570 5866 1742 5930 crevit
1783 5871 1916 5930 alio-

2099 4793 2187 4850 ῐῐι.
2221 4793 2518 4850 [labentem
2550 4793 2621 4850 48
2650 4792 2849 4848 Filium
2883 4811 2896 4847 :
2929 4809 3033 4847 non
3085 4791 3263 4846 statim
3293 4799 3349 4844 ut
3379 4787 3626 4844 homines

2027 4888 2293 4958 procreati
2317 4897 2462 4954 sunt,
2497 4887 2566 4942 ita
2601 4886 2783 4941 dicere
2812 4900 2898 4940 me
2918 4885 3154 4939 aestimes
3183 4875 3495 4952 generatum
3523 4878 3622 4945 49;

2026 4979 2121 5036 sed
2154 4989 2211 5035 ut
2231 4980 2390 5036 decet
2422 4981 2490 5035 de
2523 4979 2636 5034 Deo
2665 4977 2911 5042 credere,
2944 4985 2997 5031 et
3032 4976 3198 5030 Deum
3227 4973 3395 5028 filium
3427 4970 3627 5024 habere

2027 5089 2091 5129 ex
2135 5088 2193 5128 se
2238 5072 2454 5147 quidem
2480 5083 2662 5127 natum
2693 5071 2764 5126 50
2793 5086 2896 5125 non
2929 5070 3102 5124 divisa
3141 5068 3258 5138 ejus
3302 5065 3622 5130 substantia,

2026 5181 2124 5221 nec
2147 5165 2444 5234 majestatis
2464 5165 2583 5234 ejus
2606 5164 2775 5218 divisa
2802 5164 3136 5226 substantia;
3172 5174 3234 5214 ac
3263 5174 3358 5230 per
3377 5157 3479 5213 hoc
3503 5171 3624 5228 pas-

2025 5258 2195 5313 sibilis
2221 5257 2464 5313 videatur
2500 5258 2589 5312 51.
2626 5255 2738 5312 Nec
2779 5257 2847 5310 de
2892 5269 2986 5310 ore
3017 5265 3325 5308 sermonem
3356 5249 3525 5306 nostri
3554 5249 3627 5303 si-

2025 5351 2206 5406 milem
2234 5365 2356 5406 esse
2384 5349 2650 5421 prolatum
2683 5366 2696 5403 :
2722 5361 2780 5404 ut
2809 5347 3008 5403 litteris
3033 5355 3088 5402 et
3116 5344 3350 5417 Syllabis
3376 5351 3622 5398 CODSlel:

2027 5457 2128 5519 nec
2150 5442 2290 5498 illius
2319 5443 2412 5498 Dei
2446 5443 2799 5511 compositus,
2834 5454 2897 5495 ac
2926 5454 3023 5508 per
3055 5438 3155 5492 hoc
3183 5434 3517 5492 dissolubilis
3543 5442 3626 5488 te-

2025 5545 2219 5592 neatur
2240 5535 2328 5590 52.
2359 5535 2468 5590 Nec
2493 5550 2560 5592 ex
2588 5534 2781 5601 nihilo,
2811 5533 2951 5587 sicut
2976 5530 3182 5601 reliqua
3213 5529 3350 5584 facta
3382 5537 3528 5592 sunt,
3559 5540 3628 5582 ne

2033 5670 2148 5710 rum
2181 5671 2196 5720 ;
2229 5663 2284 5710 et
2312 5655 2449 5708 inter
2475 5652 2744 5725 procellas
2767 5649 3200 5725 persecutionum
3239 5646 3308 5699 ita
3337 5643 3628 5725 immobilis

2031 5715 2285 5794 perstitit,
2317 5735 2373 5780 ut
2403 5715 2495 5795 pci'
2518 5725 2729 5780 invictae
2758 5715 2899 5795 ﬁdei
2919 5720 3284 5795 fortitudinem
3308 5717 3470 5795 etiam
3489 5715 3628 5769 Cun-

2028 5786 2250 5932 fessogiz
2262 5786 2808 5873 ceperitdignitatem.
2825 5816 2844 5861 ι
2861 5793 3106 5864 Cassian.
3129 5793 3217 5848 lib.
3239 5804 3308 5858 vn
3325 5789 3388 5856 ιιι
3406 5786 3624 5864 locant.

2023 5885 2141 5932 can.
2257 5910 2273 5928 .

2055 5886 2141 5944 ap.
2178 5886 2273 5932 2e.
