4224 6262
639 343 745 404 7'55

1854 344 2099 403 SANCTI
2141 341 2400 398 Illl..\Rll
2442 299 2746 403 Episcopi

3842 353 3952 408 736

635 466 829 523 similis
858 452 914 524 et
943 464 1168 536 mqualis
1203 473 1258 521 et
1299 462 1532 531 caneris,
1563 461 1654 535 qui
1686 461 1812 521 facti
1839 472 1967 521 sunt
1996 465 2084 532 55,
2111 465 2235 534 jun—
2262 461 2317 521 Α
2342 467 2474 516 tura:
2503 476 2615 517 suae
2642 461 2781 525 idem
2825 463 3117 520 nativitatis
3150 465 3362 521 initium
3407 467 3671 539 sumpsit,
3701 477 3798 524 aut
3823 483 3947 524 ces-

633 569 853 632 geretur
876 576 888 614 ;
916 557 1012 614 sed
1036 557 1195 613 sicuti
1221 557 1338 629 ipse
1362 557 1463 612 scit
1486 556 1580 629 qui
1612 572 1901 628 generans,
1927 566 1984 613 et
2009 558 2125 627 ipse
2145 558 2235 629 qui

631 660 925 723 generatus
963 659 1047 706 est
1095 666 1110 703 :
1159 649 1277 719 ipso
1322 650 1550 705 Domino
1583 650 1634 704 in
1658 649 1940 722 evangelio
1982 650 2234 705 dicente:

634 743 806 798 Nemo
845 743 984 798 novit
1034 742 1240 796 Patrem
1290 743 1389 796 nisi
1435 741 1606 798 Filius
1637 758 1656 797 :
1682 760 1840 814 neque
1885 742 2080 797 Filium
2125 743 2239 814 quis

631 837 768 892 novit
797 836 895 890 nisi
945 834 1105 890 Pater
1127 834 1339 909 (Matth.
1373 851 1447 901 χι,
1473 835 1590 905 27).
1645 834 1776 890 Item
1829 836 1880 890 in
1945 835 2240 906 Scripturis

633 928 863 998 legimus
919 946 932 983 :
966 928 1276 1002 Mysterium
1303 945 1470 983 meum
1510 929 1635 982 mihi
1673 945 1693 984 :
1729 929 2030 1000 mysterium
2070 945 2240 982 meum

630 1021 760 1075 mihi
799 1019 946 1093 (lsa.
987 1035 1136 1087 xxw,
1184 1018 1290 1092 16)
1327 1020 1416 1076 51.
1474 1019 1542 1075 Et
1581 1035 1640 1075 re
1685 1035 1818 1075 vera
1863 1019 2240 1075 absconditum

630 1127 755 1170 esse
785 1113 942 1168 decet
990 1111 1059 1168 de
1107 1113 1457 1184 generatione
1495 1112 1608 1178 illa,
1642 1112 1696 1168 in
1723 1128 1824 1184 qua
1857 1113 2036 1168 nullus
2066 1113 2239 1168 inter-

629 1203 731 1260 fuit
757 1224 770 1258 :
805 1219 904 1260 nec
933 1212 1262 1259 momentum
1291 1204 1506 1274 quidem
1535 1207 1799 1276 temporis
1828 1206 1920 1262 55.
1955 1205 2098 1262 Ante
2137 1221 2240 1261 sa:-

630 1298 750 1354 Cnla
776 1298 944 1362 enim,
974 1309 1332 1369 etantequam
1362 1301 1624 1371 suspicari
1647 1301 1769 1371 quis
1797 1300 2046 1368 auderet,
2078 1310 2235 1358 natus

630 1400 712 1445 est
743 1390 884 1445 ﬁlius
915 1391 1008 1447 Dei
1039 1392 1160 1447 sine
1189 1392 1524 1461 temporibus
1549 1393 1656 1448 56:
1683 1395 1823 1464 quod
1853 1409 2026 1466 graeca
2058 1395 2235 1466 lingua

629 1481 896 1537 Achronos
919 1483 1106 1539 dicunt
1133 1483 1235 1548 57;
1262 1499 1476 1554 semper
1507 1485 1650 1540 enim
1677 1485 1839 1554 illius,
1867 1488 1991 1559 quia
2018 1503 2237 1558 semper

631 1585 784 1647 pater
803 1577 871 1633 58
901 1596 913 1632 :
939 1578 1094 1634 nefas
1115 1586 1201 1635 est
1221 1580 1365 1634 enim
1409 1580 1517 1636 Deo
1540 1581 1741 1652 aliquid
1772 1583 2050 1654 assignare
2079 1594 2234 1655 post-

630 1668 874 1735 modum,
907 1669 1050 1740 quod
1074 1678 1199 1725 ante
1231 1685 1336 1725 non
1362 1671 1609 1729 habuerit
1644 1690 1657 1728 :
1697 1689 1820 1729 cum
1850 1675 1991 1732 Deus
2018 1691 2235 1746 semper

631 1760 905 1830 perfectus
932 1763 1003 1816 sit
1031 1761 1122 1818 59.
1157 1761 1224 1820 Ut
1245 1764 1406 1818 etiam
1440 1765 1582 1831 quod
1612 1776 1832 1837 propter
1861 1784 1960 1823 nos
1989 1780 2229 1839 postmo-

2342 568 2493 609 sasse
2518 564 2575 610 et
2592 555 2821 612 desiisse
2839 557 3168 614 credendum
3183 567 3400 630 estpost
3427 561 3612 616 mundi
3642 559 3896 618 fabricam
3929 579 3946 619 :

2340 660 2464 701 cum
2494 645 2757 704 Dominus
2778 648 3030 719 loquatur
3053 660 3107 706 et
3136 650 3278 706 dicat
3309 670 3321 704 :
3353 669 3371 703 ι
3408 651 3570 707 Pater
3597 667 3751 708 meus
3779 668 3948 724 usque

2341 754 2484 794 nunc
2511 747 2766 808 operatur
2797 740 2975 811 (Joan.
3005 759 3060 809 v,
3105 741 3194 813 l7)
3227 742 3313 796 76.
3346 742 3525 797 Otium
3554 743 3626 798 illi
3651 745 3738 800 vel
3761 754 3946 812 antea,

2342 833 2425 885 vel
2463 832 2804 901 postmodum
2837 833 3074 903 requiem
3124 833 3201 887 illi
3246 834 3486 905 assignat
3512 836 3756 905 quisquis
3794 835 3947 892 illum

2344 921 2728 994 infatigabilem
2754 925 2927 980 nescit
2954 943 2966 978 :
2993 935 3044 980 et
3071 926 3283 996 ignorat
3307 926 3447 997 quod
3479 928 3610 981 nihil
3630 927 3708 983 illi
3729 943 3949 998 semper

2342 1014 2622 1079 acciderit,
2668 1015 2762 1070 sed
2817 1030 3034 1086 semper
3072 1019 3142 1071 sit
3190 1016 3296 1072 77:
3345 1019 3490 1087 quod
3537 1034 3714 1090 grteca
3763 1022 3948 1093 lingua

2341 1110 2606 1164 ἀναστιτεν
2631 1118 2785 1164 vocat
2818 1126 2832 1162 :
2867 1119 2921 1165 et
2956 1111 3008 1165 in
3039 1111 3291 1167 omnibus
3339 1126 3555 1183 semper
3601 1115 3672 1168 sit
3717 1115 3948 1186 spiritus

2342 1199 2612 1268 perfectus
2650 1201 2738 1256 78.

2419 1291 2478 1347 V.
2513 1292 2648 1350 Esse
2685 1294 2843 1364 igitur
2864 1295 3093 1366 plurima
3119 1312 3239 1367 quae
3274 1313 3366 1369 per
3391 1297 3588 1354 Filium
3618 1297 3807 1356 fecerit
3835 1301 3906 1357 79
3931 1317 3946 1356 :

2340 1399 2564 1456 quorum
2603 1398 2694 1442 aut
2722 1389 2835 1444 sola
2869 1391 3024 1445 nobis
3079 1400 3202 1447 nota
3255 1400 3378 1446 sunt
3424 1394 3664 1457 nomina,
3710 1404 3804 1448 aut
3839 1409 3946 1450 nec

2341 1478 2457 1547 ipsa
2485 1489 2612 1533 sunt
2639 1480 2876 1550 cognita.
2905 1481 3099 1549 Quanti
3131 1483 3274 1538 enim
3306 1493 3432 1539 sunt
3471 1484 3689 1539 throni?
3729 1494 3948 1555 quantm

2339 1570 2674 1640 potestates?
2716 1582 2928 1641 quanta:
2977 1572 3412 1630 dominationes?
3455 1576 3637 1645 quanti
3663 1576 3936 1645 principa-

2339 1663 2460 1717 tus?
2488 1663 2670 1733 quanti
2700 1665 2959 1734 Spiritus?
2979 1667 3162 1736 quanti
3194 1667 3427 1741 Angeli?
3469 1682 3592 1738 qua:
3618 1683 3718 1723 nec
3746 1668 3944 1724 oculus

2337 1755 2489 1819 vidit,
2516 1771 2613 1810 nec
2641 1757 2788 1810 auris
2836 1745 3060 1826 audivit,
3105 1774 3205 1814 nec
3233 1759 3287 1813 in
3311 1774 3404 1814 cor
3443 1758 3678 1815 hominis
3710 1760 3950 1816 adscen-

630 1854 756 1909 dum
787 1855 952 1911 fuerit
975 1856 1295 1913 fabricam",
1327 1857 1420 1924 σο,
1449 1859 1591 1930 apud
1615 1860 1766 1916 illum
1790 1862 1902 1932 jam
1925 1860 2089 1920 [υθι-ίι
2113 1875 2168 1920 ει
2187 1866 2232 1921 εί
2264 1845 2310 1904 Β
2339 1847 2544 1903 dit80?
2568 1848 2836 1916 Quantam
2867 1851 3031 1906 etiam
3078 1851 3381 1907 claritatem
3425 1861 3676 1922 putamus
3722 1867 3843 1909 csse
3890 1854 3946 1908 in

631 1946 817 2001 nonin
851 1948 1174 2017 substantia,
1206 1950 1364 2020 plena
1388 1951 1843 2025 dispositioneﬁl
1877 1972 1890 2008 :
1918 1954 2035 2012 Non
2059 1957 2237 2013 minus

633 2043 777 2098 enim
823 2051 941 2097 erat
985 2045 1256 2113 impotens
1295 2044 1457 2099 simul
1487 2045 1669 2101 omnia
1719 2049 1895 2103 facere
1941 2048 2034 2116 62,
2056 2048 2152 2104 sed
2183 2060 2238 2106 ut

632 2133 880 2188 ordinata
904 2145 956 2190 et
976 2135 1242 2205 gradatim
1265 2135 1529 2207 disposita
1557 2138 1807 2194 universa
1831 2153 1930 2210 pro
1946 2154 2046 2195 suo
2068 2139 2236 2211 gradu

633 2237 690 2281 et
718 2226 925 2283 honore
952 2227 1413 2298 obsequerentur;
1447 2238 1500 2285 et
1523 2245 1592 2285 ne
1616 2231 1824 2299 passiva
1850 2239 1906 2286 et
1931 2232 2075 2287 nulla
2097 2232 2238 2288 inter

631 2332 693 2372 se
719 2318 1022 2389 antiquiora
1058 2320 1414 2378 inhonorilica
1446 2333 1830 2393 permanerent
1878 2325 1968 2382 63.
2009 2324 2140 2381 Nam
2191 2326 2236 2381 si

638 2427 759 2483 qum
789 2415 957 2468 nostri
983 2429 1144 2470 causa
1194 2432 1225 2470 a
1271 2414 1405 2472 Filio
1435 2417 1528 2472 Dei
1563 2418 1814 2474 nativitas
1851 2431 2102 2492 suscepta
2130 2431 2234 2488 est,

637 2504 1208 2576 incomprehensibilis
1263 2518 1384 2576 est,
1457 2523 1563 2565 non
1619 2511 1816 2567 nudata
1880 2513 2230 2576 mortalibus;

632 2607 833 2670 quanto
866 2602 1036 2670 magis
1069 2599 1138 2656 61
1168 2602 1278 2665 illa,
1311 2618 1430 2673 quis
1461 2603 1590 2658 nulli
1623 2605 1724 2659 nisi
1750 2605 1860 2661 Deo
1884 2605 2030 2660 Patri
2056 2618 2110 2661 et
2134 2609 2237 2663 sibi

630 2693 734 2748 soli
757 2695 1120 2766 estcognita?
1149 2695 1282 2750 Nam
1305 2695 1526 2752 Gabriel
1555 2698 1777 2768 angelus
1804 2699 1873 2755 ad
1897 2699 2116 2755 Mariam
2165 2702 2238 2754 ita

631 2787 872 2856 loquitur
915 2789 1070 2842 sicuti
1127 2786 1479 2861 Evangelista
1520 2802 1792 2850 testatur:
1840 2795 2070 2866 Spiritus
2121 2795 2232 2849 Do-

630 2882 758 2934 mini
789 2883 1106 2950 superveniet
1141 2885 1272 2938 inte
1322 2901 1342 2939 :
1386 2899 1433 2941 et
1462 2887 1625 2942 virtus
1668 2887 1922 2942 Altissimi
1963 2890 2238 2944 obumbra-

632 2975 702 3028 bit
723 2975 812 3028 tibi
840 2977 859 3046 (
883 2975 1010 3030 Luc.
1039 2993 1076 3038 I,
1099 2975 1217 3047 55).
1251 2977 1403 3045 Quod
1425 2980 1801 3046 obumbratur,
1836 2980 2188 3036 absconditur
2220 2999 2232 3035 :

632 3080 734 3122 nec
755 3067 1007 3123 omnibus
1040 3077 1224 3124 notum
1269 3083 1374 3125 est.
1421 3072 1564 3140 Ergo
1595 3073 1638 3127 si
1669 3073 1784 3128 hmo
1814 3073 2086 3139 nativitas,
2117 3091 2236 3144 qua:

632 3160 804 3214 nostri
828 3168 1095 3216 estcausa
1125 3161 1364 3231 deposita
1407 3163 1746 3237 (Legendnm
1784 3167 2232 3238 vinetumdispo-

2339 1939 2734 2008 invisibilibus,
2801 1958 2900 1999 nec
2927 1945 3191 2000 extimare
3223 1959 3527 2016 possumus,
3579 1960 3701 2002 cum
3755 1946 3808 2001 iu
3860 1946 3950 2002 his

2340 2048 2460 2103 quae
2488 2033 2765 2089 nobiscum
2794 2045 2941 2104 sunt,
2973 2036 3288 2092 admiranda
3315 2039 3421 2092 sint
3451 2039 3633 2093 omnia
3658 2038 3750 2096 81.
3793 2039 3949 2095 inter

2339 2126 2518 2180 omnia
2551 2128 2692 2180 enim
2720 2127 2880 2182 etiam
2915 2129 3171 2195 mundus,
3201 2144 3361 2199 quem
3403 2129 3790 2199 conspicimus,
3846 2145 3950 2200 per

2341 2215 2534 2272 Filium
2560 2217 2853 2274 fabricatus
2882 2229 2967 2274 est
2993 2219 3084 2276 82.
3120 2219 3185 2274 Et
3209 2219 3427 2292 quidem
3475 2221 3670 2287 lucem,
3704 2237 3810 2290 qua
3835 2236 3950 2277 ca:-

2345 2318 2457 2364 tera
2507 2309 2700 2365 lierent
2745 2312 3050 2384 perspicua,
3103 2327 3224 2368 esse
3271 2311 3453 2382 jussit,
3506 2322 3560 2368 et
3613 2313 3736 2369 fecit
3785 2332 3801 2368 :
3859 2314 3951 2368 cui

2339 2401 2473 2455 diem
2500 2417 2694 2457 nomen
2737 2403 2993 2474 imposuit
3021 2401 3174 2475 (Gen.
3208 2420 3247 2470 I,
3281 2405 3334 2471 5,
3373 2402 3453 2477 4).
3487 2403 3748 2460 Tenebris
3778 2407 3950 2461 noctis

2339 2495 2540 2549 addidit
2561 2511 2756 2551 nomen
2784 2494 2938 2569 (Gen.
2969 2513 3006 2564 ι,
3037 2496 3114 2569 5).
3145 2495 3350 2554 Deinde
3373 2498 3779 2566 (irritamentum,
3799 2500 3948 2568 quod

2341 2589 2479 2644 inter
2501 2604 2667 2659 aquas
2696 2589 3030 2660 depulsaret,
3059 2589 3299 2647 ostendit
3332 2609 3344 2645 :
3379 2595 3520 2663 quod
3551 2590 3745 2648 Caelum:
3770 2592 3950 2650 voluit

2340 2685 2634 2752 nuncupari
2665 2683 2817 2754 (Gen.
2849 2700 2888 2751 ι,
2922 2685 2974 2750 6,
3000 2686 3058 2756 7)
3094 2701 3107 2739 :
3140 2699 3275 2740 neve
3329 2694 3540 2742 terrena
3569 2686 3638 2742 85
3668 2686 3788 2742 visu
3835 2702 3951 2744 ete-

2342 2777 2566 2832 lestibus
2598 2779 2957 2842 miscerentur
2991 2795 3003 2832 :
3048 2777 3143 2832 sed
3183 2787 3332 2834 esset
3358 2778 3500 2849 quod
3527 2779 3666 2834 inter
3708 2780 3947 2834 humana

2340 2878 2396 2924 et
2416 2870 2597 2924 divina
2623 2871 2977 2926 discerneret.
3029 2871 3147 2926 Jam
3187 2857 3332 2927 enim
3373 2887 3439 2927 ex
3478 2872 3646 2928 nihilo
3688 2874 3950 2929 materias

2340 2963 2507 3030 ipsas,
2533 2979 2598 3017 ex
2629 2964 2821 3034 quibus
2849 2965 3029 3019 omnia
3064 2966 3256 3021 lierent
3283 2966 3575 3032 elementa,
3600 2965 3944 3022 condiderat.

2340 3055 2466 3110 Post
2497 3055 2611 3112 haec
2637 3072 2806 3128 aquas
2858 3058 2910 3112 in
2962 3074 3128 3114 unum
3185 3059 3502 3132 congregari
3554 3068 3608 3114 et
3653 3061 3951 3116 convenire

2342 3151 2641 3219 praecepit:
2673 3161 2732 3205 ut
2775 3151 2935 3206 Arida
2976 3163 3373 3208 monstraretur
3425 3151 3576 3222 (Gen.
3617 3169 3653 3220 ι,
3702 3152 3779 3224 9).
3835 3153 3949 3210 Nec

635 3249 800 3322 sita),
853 3252 1011 3306 nobis
1046 3255 1311 3324 incognita
1345 3263 1428 3310 est
1460 3273 1474 3309 :
1506 3265 1708 3326 quanto
1752 3259 1921 3328 magis
1952 3259 2036 3313 illa
2065 3275 2183 3329 qua:
2205 3275 2234 3314 a

2340 3258 2566 3314 qumque
2613 3256 2736 3299 sunt
2780 3247 2986 3316 privata
3035 3247 3366 3301 nominibus.
3411 3246 3544 3301 Nam
3589 3257 3947 3318 congregatas

633 3346 788 3401 nobis
817 3346 974 3415 longe
1003 3356 1208 3402 remota
1233 3358 1316 3404 est
1347 3349 1459 3404 65?
1489 3349 1556 3406 Et
1576 3351 1701 3421 quid
1734 3351 1855 3406 dico
1893 3368 1923 3406 a
1964 3354 2141 3419 nobis,
2183 3363 2238 3409 et

632 3453 739 3494 non
787 3439 856 3493 ab
889 3440 1035 3494 omni
1063 3441 1269 3495 cmlesti
1298 3451 1545 3497 creatura
1575 3442 1680 3498 66?
1711 3443 1923 3499 Sufficit
1951 3460 2081 3516 ergo
2109 3446 2229 3512 hoc,

631 3531 775 3604 quod
801 3532 1058 3598 vidimus,
1098 3535 1243 3604 quod
1287 3533 1545 3592 divinitas
1580 3551 1742 3593 nosse
1784 3553 1883 3593 nos
1907 3539 2096 3593 voluit.
2127 3539 2235 3596 Nec

633 3628 771 3682 ultra
804 3626 1041 3697 cognitio
1071 3629 1388 3699 porrigenda
1404 3637 1512 3692 est,
1533 3645 1600 3684 ne
1626 3629 1922 3701 sacrilegus
1947 3633 2236 3703 unusquis-

631 3735 737 3790 que
769 3728 1046 3786 teneatur,
1100 3721 1343 3792 quisquis
1375 3735 1667 3777 coneessos
1714 3721 1921 3791 (Codex
1957 3741 2050 3779 ms.
2086 3726 2234 3780 habet

630 3813 949 3886 concussus)
980 3815 1237 3870 terminos
1269 3816 1428 3871 fuerit
1448 3816 1773 3887 cognitionis
1793 3832 2045 3888 egressus
2071 3817 2160 3874 67.

705 3906 793 3962 lV.
825 3905 1100 3962 Christum
1123 3909 1282 3978 igitur
1307 3910 1615 3979 accepimus
1640 3908 1708 3964 68
1739 3910 1830 3964 Dei
1855 3909 2046 3965 Filium
2082 3911 2234 3966 initio

631 4000 700 4056 69
730 4000 1059 4070 Sapientiam
1085 4001 1128 4073 (Ι
1155 4001 1276 4057 Cor.
1321 4018 1358 4067 ι,
1382 4002 1474 4070 24,
1508 4001 1604 4058 Dei
1636 4004 1891 4069 virtutem,
1945 4015 1994 4060 et
2026 4004 2121 4060 Dei
2151 4022 2234 4062 sa-

632 4092 904 4164 pientium)
932 4108 1113 4149 veram
1143 4096 1244 4156 70;
1277 4095 1620 4163 Sermonem,
1664 4096 1715 4152 id
1738 4108 1821 4152 eat
1850 4099 2112 4156 rationem
2141 4101 2230 4162 71,

629 4188 876 4257 spiritqu
907 4188 1084 4260 (Joan.
1121 4205 1194 4256 Iv,
1223 4187 1315 4255 24,
1345 4189 1576 4259 Spiritus
1603 4203 1676 4246 est
1697 4191 1861 4258 Deus,
1887 4192 2019 4266 etc.)
2040 4236 2054 4261 ,
2092 4194 2233 4250 viam

631 4278 812 4350 (Joan.
861 4295 978 4342 xxv.
1011 4281 1089 4353 6),
1120 4280 1294 4336 lucem
1331 4281 1532 4350 (Joan.
1559 4299 1598 4351 ι,
1627 4282 1680 4351 9,
1709 4295 1964 4340 ειτιινειιε
1990 4302 2070 4355 ιιι,
2116 4287 2231 4361 19),

630 4371 908 4426 brachium
942 4369 1044 4445 (Is.
1074 4388 1190 4436 Lm,
1223 4373 1275 4437 1,
1298 4383 1346 4428 et
1387 4374 1543 4430 Joan.
1578 4391 1675 4445 xu,
1723 4376 1813 4441 38,
1859 4376 1929 4432 Et
1971 4378 2234 4434 brachium

630 4463 923 4537 Domini(a)
940 4467 1022 4521 cui
1033 4468 1316 4522 revelatum
1333 4477 1406 4523 est
1423 4468 1470 4540 ?)
1490 4469 1964 4542 fortitudinem,(b)
1979 4474 2231 4528 virtutem

629 4557 672 4632 (l
689 4556 807 4612 Gor.
835 4559 1004 4629 3,24),
1036 4559 1507 4634 veritatetnann.
1530 4579 1637 4629 xxv,
1659 4561 1740 4634 6),
1760 4564 2230 4637 panem(.loan.vt,

629 4651 720 4716 55,
750 4650 880 4717 48),
915 4653 1092 4706 vinum
1127 4651 1350 4720 (Matth.
1379 4669 1455 4721 ix,
1502 4653 1588 4719 17,
1621 4663 1668 4708 et
1697 4653 1951 4723 Joan.xv,
2005 4659 2058 4722 1,
2107 4667 2229 4722 etc.,

629 4743 743 4816 Ego
773 4762 888 4800 sum
915 4747 1034 4800 vitis
1073 4746 1237 4817 vera),
1271 4747 1444 4802 Vitam
1481 4747 1733 4821 (Joan.t,
1764 4749 1822 4815 4,
1851 4761 1902 4805 et
1928 4766 2036 4817 xxv,
2091 4752 2147 4819 6,
2186 4765 2232 4808 et

628 4838 752 4890 alibi
804 4837 984 4910 stupe),
1036 4837 1245 4894 OStium
1295 4838 1473 4912 (Joan.
1505 4856 1559 4905 Χ,
1595 4841 1646 4906 1,
1675 4841 1731 4904 2,
1763 4842 1817 4908 7,
1847 4841 1925 4914 9),
1961 4853 2231 4912 pastorem

629 4931 823 5004 (Ibid.,
859 4935 945 4998 11,
977 4933 1104 5004 etc.)
1130 4975 1146 4999 ,
1205 4945 1260 4988 et
1305 4935 1406 4989 alia
1438 4934 1669 5004 plurima
1698 4936 1766 4991 72
1792 4977 1807 5003 ,
1837 4953 1959 5008 qua:
2012 4949 2234 5010 propter

629 5025 878 5081 homines
905 5035 1032 5082 sunt
1060 5027 1128 5081 75
1158 5045 1171 5080 :
1200 5035 1256 5082 et
1279 5042 1468 5083 omnes
1510 5028 1562 5083 in
1607 5028 1699 5086 illo
1745 5029 1931 5085 vivunt
1971 5031 2038 5087 74
2068 5049 2082 5087 ;
2112 5047 2231 5102 quae

629 5120 1001 5190 unusquisque
1051 5135 1308 5191 processu
1341 5122 1598 5190 temporis
1652 5121 1933 5194 Scriptura
1973 5124 2232 5182 edocente

631 5212 902 5281 perdiscet
928 5214 1018 5269 75.
1056 5213 1110 5269 Si
1146 5214 1307 5284 igitur
1347 5215 1438 5270 Dei
1471 5215 1661 5271 Filium
1693 5219 1967 5288 cognitum
1999 5220 2232 5277 conﬁte-

630 5320 750 5360 mur
781 5321 796 5360 :
820 5320 914 5376 per
938 5307 1111 5375 ipsum
1144 5306 1310 5362 Deum
1328 5307 1545 5364 Patrem
1585 5310 1785 5365 scimus
1813 5313 2077 5367 etsaacula
2103 5314 2231 5370 visi-

631 5395 783 5464 bilia,
814 5407 870 5453 et
898 5398 1187 5455 invisibilia
1223 5399 1535 5458 condidisse
1568 5419 1580 5455 :
1613 5402 1730 5458 Non
1772 5405 1916 5460 enim
1948 5407 2030 5461 fas
2059 5417 2142 5462 est
2165 5425 2233 5464 ex

663 5504 698 5550 o
729 5491 897 5548 Deum
936 5502 1218 5564 aperatum
1265 5495 1512 5562 credere,
1561 5511 1628 5552 ex
1673 5512 1780 5569 quo
1825 5499 2054 5556 mundus
2083 5504 2234 5573 geni-

705 5685 785 5762 (α)
823 5684 978 5754 Quod
1006 5685 1222 5756 plurimi
1249 5683 1317 5740 ad
1350 5683 1624 5741 Christum
1655 5683 1918 5742 referunt.
1950 5685 2084 5746 Vide
2103 5685 2232 5745 Cal-

637 5788 748 5833 met
775 5778 1036 5847 Vinglocum
1057 5775 1267 5847 hunc.._
1428 5844 1432 5847 _
1522 5834 1530 5841 .
1606 5834 1626 5847 .,

715 5846 791 5916 (b)
835 5845 970 5902 Vide
1001 5845 1210 5902 Calm'et
1256 5843 1310 5900 in
1359 5844 1690 5913 superiorem
1718 5846 1918 5902 locum.

2338 3348 2506 3405 aquas
2529 3338 2745 3391 vocavit
2774 3354 2912 3392 mare
2956 3337 3109 3411 (Gen.
3142 3355 3181 3407 ι,
3215 3339 3329 3412 10),
3380 3348 3686 3409 separatam
3737 3341 3944 3394 aridam

2338 3435 2486 3480 terra:
2510 3428 2830 3484 vocabulum
2888 3431 3056 3486 voluit
3101 3431 3380 3500 possidere
3428 3430 3584 3504 (Gen.
3618 3448 3657 3500 ι,
3692 3433 3801 3503 16).
3837 3432 3946 3489 Sed

2339 3517 2455 3575 haec
2494 3521 2670 3577 minus
2711 3523 2976 3578 instructa
3021 3525 3360 3581 videbantur.
3412 3524 3704 3597 Beuiguant
3751 3529 3933 3596 itaque

2337 3611 2740 3669 ftecunditatem
2767 3615 2846 3670 his
2864 3616 3094 3684 addidit,
3114 3617 3431 3673 etdecorem
3457 3617 3608 3691 (Gen.
3636 3635 3670 3673 ι.
3699 3621 3757 3675 11
3784 3620 3943 3692 seq.).

2338 3703 2404 3758 Et
2438 3707 2574 3760 miro
2605 3705 2765 3761 modo
2793 3706 2938 3762 illam
2971 3708 3142 3779 primo
3166 3726 3427 3781 generare
3457 3714 3800 3782 prmcipiens,
3824 3729 3946 3784 qua:

2340 3798 2632 3854 novissime
2661 3801 2832 3856 fuerat
2860 3801 3116 3857 fabricata
3137 3802 3230 3872 84,
3261 3804 3378 3860 Νοη
3408 3805 3655 3860 ordinem
3698 3807 3943 3874 turbans,

2337 3901 2428 3946 aut
2444 3893 2662 3962 ignarus
2682 3895 2900 3950 facturae
2913 3912 3025 3952 sum
3053 3916 3064 3951 :
3092 3897 3188 3954 sed
3207 3899 3720 3969 voluitpostremum
3740 3901 3946 3957 habere

2338 3987 2566 4055 primum
2591 3987 2813 4056 aliquid,
2869 4005 2936 4046 ne
2993 3992 3046 4046 in
3092 3993 3828 4064 Omnibusjacerctextrema
3850 3994 3945 4061 b5,

2337 4087 2393 4132 et
2423 4078 2610 4148 primis
2636 4081 2874 4136 secunda
2897 4086 3200 4153 conjunxit,
3233 4102 3298 4138 ne
3331 4086 3499 4156 prima
3531 4085 3785 4143 inferiora
3813 4103 3950 4143 con-
4027 4154 4029 4156 η

2339 4181 2642 4227 temnerent
2671 4173 2762 4229 86.
2795 4175 2885 4231 Sic
2931 4177 3024 4231 Dei
3072 4178 3215 4234 filius
3259 4180 3398 4236 Deus
3428 4181 3626 4237 artifex
3660 4181 3820 4238 Patre
3858 4182 3952 4252 ju-

2335 4267 2498 4324 bente
2527 4269 2839 4326 moderatus
2868 4280 2954 4328 est
2985 4257 3091 4338 87,~
3108 4282 3168 4328 ut
3191 4275 3438 4332 ordinem
3479 4276 3738 4332 mutando
3761 4318 3776 4341 ,
3831 4276 3947 4332 dis-

2337 4362 2658 4430 positionem
2693 4365 2884 4420 melius
2913 4367 3213 4424 ordinaret.
3239 4369 3483 4440 Namque
3529 4379 3703 4427 terras
3756 4373 3946 4428 omnia

2337 4455 2553 4525 pabula,
2592 4457 2843 4528 lignaque
2867 4474 2988 4513 cum
3018 4461 3130 4516 suis
3152 4461 3456 4517 seminibus
3482 4462 3733 4519 redivivis
3763 4463 3946 4533 impe-

2336 4548 2474 4604 ravit
2510 4549 2743 4605 educere
2771 4549 2924 4623 (Gen.
2958 4568 2995 4619 ι,
3028 4555 3117 4620 11,
3150 4554 3266 4626 12),
3315 4557 3951 4628 cmlumqueluminari-

2259 4623 2313 4684 D
2338 4642 2459 4708 bus,
2494 4642 2544 4696 id
2569 4653 2652 4698 est
2676 4644 2820 4710 Sole,
2863 4655 2917 4701 et
2949 4646 3121 4715 Luna,
3153 4659 3208 4704 et
3224 4623 3424 4706 'Stellis
3454 4623 3670 4707 ornavit
3713 4650 3865 4724 (Gen.
3898 4670 3944 4718 ι,

2340 4729 2454 4804 id),
2481 4735 2679 4806 quibus
2705 4745 2796 4791 aut
2825 4736 2952 4804 diei,
2997 4749 3088 4794 aut
3123 4743 3295 4797 noctis
3327 4744 3460 4797 lines
3488 4743 3820 4808 ostenderet,
3847 4754 3951 4800 aut

2336 4826 2503 4896 signis
2532 4829 2782 4895 rusticos,
2811 4839 2904 4885 aut
2930 4832 3176 4889 nauticos
3200 4835 3440 4890 erudiret
3462 4834 3568 4907 (ιι).
3596 4844 3647 4891 et
3669 4851 3802 4890 vers.
3823 4836 3941 4906 l6).

2337 4918 2503 4975 Maria
2519 4937 2740 4992 quaeque
2771 4922 2977 4979 inclusa
2994 4926 3046 4979 in
3073 4935 3230 4981 terra:
3252 4926 3513 4982 limitibus
3540 4927 3681 5000 (Job.
3706 4943 3943 4992 xxxviii,

2337 5015 2390 5083 8,
2422 5015 2545 5089 etc.)
2578 5032 2671 5072 sua
2699 5017 2949 5072 animalia
2984 5033 3270 5089 procreare
3297 5019 3572 5076 mandavit
3595 5019 3749 5094 (Gen.
3776 5035 3816 5085 ι,
3841 5021 3939 5086 20,

2336 5110 2430 5184 2l)
2459 5129 2471 5166 :
2497 5112 2674 5166 anima
2721 5111 2972 5167 videlicet
3017 5113 3164 5182 ipsas
3205 5115 3460 5169 materias
3492 5116 3847 5179 animaverat,
3875 5125 3941 5169 ut

2336 5204 2682 5261 nascentibus
2714 5203 3054 5275 postmodum
3076 5206 3439 5262 animantibus
3460 5207 3668 5263 animas
3690 5223 3932 5263 comma.

2336 5298 2527 5354 darent
2553 5300 2642 5354 88.
2685 5299 2790 5354 Sed
2814 5313 2920 5368 quo
2948 5296 3343 5355 fmcundiorem
3375 5300 3574 5356 faceret
3602 5300 3799 5373 (Codex
3832 5317 3939 5356 ms.

2340 5391 2486 5446 liabet
2531 5390 2758 5463 fecerat)
2805 5401 3004 5448 terram
3025 5390 3177 5465 (Gen.
3205 5409 3243 5455 ι,
3266 5391 3356 5459 24,
3385 5392 3512 5464 25),
3551 5403 3673 5462 post
3716 5393 3933 5463 pabula,

2341 5493 2463 5557 post
2511 5485 2649 5556 ligna
2697 5484 2992 5551 fructifera,
3048 5497 3169 5557 post
3214 5487 3464 5543 universa
3515 5488 3745 5555 semina,
3798 5503 3938 5558 qua-

2339 5577 2639 5647 drupedum
2662 5593 2854 5649 genus,
2883 5577 3146 5642 ferarum,
3171 5590 3222 5632 et
3250 5579 3585 5650 serpentium
3611 5579 3727 5634 viva
3756 5579 3938 5634 omnia

2341 5681 2395 5724 et
2415 5668 2649 5724 animata
2675 5669 2837 5740 jussit
2863 5669 3058 5741 ejicere
3090 5668 3278 5747 (Ibid)
3310 5670 3401 5726 89.
3445 5670 3553 5727 Nec
3581 5687 3734 5728 mora
3765 5674 3816 5726 in
3851 5672 3938 5728 his

2341 5760 2589 5818 omnibus
2620 5779 2632 5814 :
2663 5761 2734 5818 90
2762 5762 2960 5835 quippe
3000 5778 3168 5834 quum
3200 5763 3341 5819 Deus
3371 5763 3533 5822 Pater
3553 5764 3812 5836 jusserat,
3846 5764 3938 5822 Fi-

2340 5854 2445 5911 lius
2473 5856 2642 5911 virtus
2675 5855 2785 5925 ipsa
2817 5853 2933 5912 sine
2957 5855 3406 5917 recrastinutionn
3435 5856 3716 5929 imperium
3741 5870 3930 5928 capes-
