4224 6262
599 289 706 356 959

1833 286 2078 348 SANCTI
2117 281 2372 346 HILARII
2413 289 2720 351 EPISCOPI

3797 293 3902 350 740

601 431 652 479 ι,
687 419 735 478 1,
769 413 892 486 etc.)
922 413 1154 470 docebat
1181 421 1239 468 ut
1267 411 1524 482 magister
1567 409 1750 482 (Joan.
1785 425 1897 474 xm,
1935 407 2045 480 15).
2078 423 2199 477 per-
2229 406 2278 468 Α
2306 412 2481 476 Deus,
2534 410 2835 481 meliusque
2883 408 3110 481 elegerit
3155 415 3212 464 ut
3262 407 3480 480 sapiens
3523 416 3578 465 et
3608 413 3902 480 pra‘scius,

599 507 865 562 suadebat
906 515 965 561 ut
994 506 1161 560 frater
1203 503 1421 574 (Matth.
1449 517 1652 568 xxvtu,
1690 500 1803 572 l0),
1835 499 2105 556 efﬁciebat
2147 507 2207 554 ut

603 600 747 654 Deus
775 598 956 671 (Joan.
989 611 1104 662 χιιι,
1141 596 1252 668 15),
1287 596 1520 666 eligebat
1546 604 1603 650 ut
1634 595 1892 665 pratscius
1920 592 2100 665 (Joan.
2125 607 2202 659 vi,

599 691 688 756 7i;
719 703 835 755 xm,
869 691 967 755 18;
999 705 1089 754 xv,
1117 688 1234 760 16),
1265 689 1488 744 curabat
1509 699 1563 742 ut
1589 685 2064 758 mcdicus(Mattk.
2086 699 2201 750 vui,

599 782 696 847 l6;
738 797 815 848 rx,
846 782 946 847 55;
976 797 1062 847 ιι,
1091 780 1144 847 8,
1175 779 1325 853 etc.),
1365 789 1425 836 ut
1463 778 1734 836 humanus
1776 777 2207 847 comoatiebatur

599 875 831 950 (Hebrus.
863 893 935 945 tv,
967 875 1057 945 15)
1083 877 1209 934 125.
1233 877 1303 933 Et
1319 877 1430 948 jam
1455 876 1690 947 peractis
1709 875 1963 932 omnibus
1983 883 2039 931 ct
2057 888 2206 931 com-

597 970 776 1039 pletis,
817 985 939 1042 qu:e
965 979 1058 1026 aut
1089 970 1209 1034 lex,
1239 980 1334 1026 aut
1361 969 1649 1039 Propheta:
1677 968 2075 1038 praedixerant,
2109 973 2208 1021 aut

597 1065 746 1121 salus
776 1063 1014 1120 hominis
1043 1063 1294 1136 exigebat
1335 1062 1520 1135 (Joan.
1555 1078 1663 1126 xix,
1694 1062 1788 1128 28,
1819 1060 1891 1116 29
1917 1072 1964 1116 et
1989 1057 2119 1131 50);
2151 1060 2204 1116 in

597 1155 894 1212 novissimo
920 1170 1016 1226 per
1043 1165 1273 1211 mortem
1318 1154 1555 1208 hominis
1586 1153 1908 1208 immortalis
1937 1149 2208 1207 morieba-

598 1249 889 1322 tur(lbid.,
915 1265 966 1305 υ.
995 1247 1104 1321 30),
1143 1248 1268 1316 126,
1299 1257 1359 1302 ιιι
1383 1248 1592 1303 sublata
1621 1245 1964 1309 mortalitate,
1983 1242 2210 1298 homini-

600 1343 703 1398 bus
735 1343 1196 1399 immortalitatem
1231 1341 1481 1398 donaret.
1513 1341 1826 1410 Suspensus
1853 1337 2019 1410 igitur
2062 1338 2209 1407 ligno

599 1435 834 1505 (Matth.
881 1451 1064 1501 xxvu,
1111 1436 1254 1504 55),
1311 1433 1512 1505 populo
1563 1433 1792 1489 Judaico
1839 1431 2208 1500 proclamante

599 1527 816 1599 (Matth.
849 1543 995 1584 xxvii
1019 1569 1032 1592 ,
1059 1526 1178 1598 25),
1221 1527 1365 1597 apud
1393 1540 1530 1596 quos
1553 1534 1700 1580 tanta
1730 1521 1998 1593 magnalia
2028 1520 2208 1592 perfe-

599 1631 770 1688 cerat,
805 1631 862 1676 ιιι
893 1621 946 1676 in
974 1634 1042 1676 eo
1068 1619 1246 1675 omnis
1277 1619 1476 1674 invidia
1503 1616 1717 1674 Diaboli
1747 1619 2053 1672 vinceretur
2075 1613 2209 1684 (Re-

599 1715 774 1785 gnavit
798 1731 830 1768 a
856 1713 995 1786 ligno
1025 1712 1188 1784 Dem)
1219 1753 1234 1776 ,
1265 1713 1318 1767 in
1345 1727 1452 1783 quo
1495 1711 1708 1768 invidus
1750 1710 2023 1766 hominem
2054 1707 2212 1763 fefel-

2309 503 2502 559 factum
2529 502 2800 558 hominem
2829 511 3090 556 aeternum
3113 515 3254 564 esse,
3278 515 3441 572 quam
3465 517 3572 556 non
3590 515 3732 558 esse.
3753 501 3908 569 Quod

2306 597 2350 650 si
2382 596 2575 652 melius
2599 605 2758 666 putes
2783 609 2889 650 non
2913 609 3057 661 esse,
3086 595 3138 647 in
3161 593 3484 663 compendio
3503 593 3790 658 habuerat,
3813 607 3912 648 an-

2307 697 2521 760 tequam
2551 688 2771 744 fecisset
2803 687 2925 743 157.
2957 685 3110 754 Quod
3133 695 3310 741 autem
3338 695 3576 741 mternus
3604 687 3674 742 sit
3701 684 3868 742 homo
3895 727 3911 750 ,

2307 780 2398 852 qui
2426 780 2484 836 lit
2509 794 2575 835 ex
2603 794 2836 850 corpore
2865 786 2920 835 et
2946 780 3144 842 anima,
3177 777 3471 848 Scriptum
3500 777 3747 848 plurimis
3777 776 3912 832 locis

2307 874 2505 941 docent
2533 887 2634 929 nos
2666 889 2680 930 :
2711 872 2805 928 sed
2843 886 3012 943 pauca
3051 870 3117 927 ad
3158 871 3462 940 exemplum
3493 887 3710 942 ponam.
3753 871 3912 928 Salo-

2308 983 2434 1023 mon
2461 967 2660 1024 clamat
2688 967 2874 1023 dicens
2904 967 3058 1037 (Sap.
3089 981 3148 1029 ιι,
3178 967 3234 1035 2)
3265 985 3278 1021 :
3313 965 3451 1021 Dens
3475 965 3706 1022 condidit
3739 965 3911 1022 homi-

2309 1077 2423 1115 nem
2461 1061 2529 1114 ad
2563 1061 2998 1115 inmortalitatem
3035 1058 3157 1115 1511.
3191 1057 3300 1114 Nec
3331 1059 3602 1114 immerito
3630 1060 3682 1113 in
3713 1059 3916 1115 Genesi

2310 1153 2630 1224 prohibetur
2656 1160 2776 1224 post
2804 1160 3084 1224 peccatum
3115 1151 3278 1206 homo
3302 1150 3368 1206 ad
3397 1151 3648 1207 arborem
3675 1151 3801 1206 vita:
3825 1165 3918 1206 ac-

2309 1245 2524 1306 cedere.
2552 1259 2620 1300 ne
2637 1245 2844 1301 viveret
2865 1244 2918 1298 in
2951 1253 3212 1300 :eternum
3241 1241 3395 1314 (Gen.
3429 1244 3621 1311 ιιι,22)
3651 1245 3838 1314 utique
3860 1253 3920 1300 ut

2309 1337 2636 1394 immortalis
2665 1344 3042 1407 perseveraret
3081 1335 3204 1392 159.
3253 1336 3422 1403 Quis?
3471 1336 3571 1392 nisi
3618 1337 3784 1392 homo
3822 1339 3918 1408 qui

2311 1433 2635 1490 immortalis
2663 1447 2692 1487 a
2740 1433 2851 1489 Deo
2894 1433 3068 1490 factus
3096 1433 3301 1498 fuerat,
3347 1442 3403 1490 et
3451 1433 3917 1490 immortalitatem

2310 1540 2509 1595 corpus
2559 1541 2664 1581 non
2713 1525 2959 1594 capiebat
3000 1525 3127 1581 110.
3175 1524 3284 1582 Sed
3331 1524 3497 1581 credo
3546 1525 3648 1581 huc
3695 1541 3921 1582 movere

2312 1618 2606 1683 lectorem,
2640 1617 2783 1686 quod
2835 1616 2997 1672 homo
3029 1632 3056 1672 a
3101 1618 3226 1673 vita:
3270 1617 3418 1688 ligno
3448 1617 3840 1688 prohibebatur
3889 1634 3919 1672 a

2313 1711 2445 1776 Deo,
2477 1711 2729 1782 ignorans
2759 1722 2812 1766 et
2843 1710 2895 1764 in
2926 1710 3028 1766 hoc
3057 1709 3264 1766 homini
3292 1726 3416 1766 esse
3456 1711 3731 1780 provisum
3760 1729 3774 1766 :
3801 1711 3918 1782 jam

599 1810 776 1875 lerat,
818 1809 885 1864 ad
926 1818 1154 1864 mortem
1201 1808 1483 1861 voluntate
1529 1805 1856 1876 properabat
1901 1802 2084 1876 (Joan.
2110 1817 2204 1867 ιιι,
2237 1793 2292 1857 Β
2313 1803 2458 1857 enim
2485 1812 2600 1857 erat
2624 1803 2676 1858 in
2702 1803 3154 1873 transgressione.
3178 1801 3318 1856 Ante
3339 1817 3468 1873 ergo
3494 1802 3632 1858 hanc
3660 1812 3918 1869 mortem,

604 1903 695 1965 N,
727 1911 822 1956 etc.
846 1917 860 1966 ;
890 1916 1004 1966 vm,
1027 1899 1120 1965 28,
1147 1910 1246 1955 etc.
1272 1906 1401 1967 ;'xu,
1431 1899 1521 1964 51,
1549 1897 1639 1961 52,
1663 1897 1754 1961 55,
1778 1897 1868 1960 51,
1891 1894 2040 1966 etc.),
2068 1895 2210 1948 futu-

601 2007 697 2049 rus
725 1994 933 2049 scilicet
960 1991 1151 2048 mortis
1173 2005 1352 2055 mors;
1385 2004 1619 2056 namque
1641 1989 1895 2044 reseratis
1915 1985 2127 2047 inferis,
2155 1994 2212 2038 et

601 2085 802 2154 spretis
818 2083 1255 2154 conculcatisque
1277 2081 1530 2138 omnibus
1551 2079 1658 2146 his,
1684 2093 1803 2148 quae
1831 2077 1884 2132 iu
1914 2077 2208 2147 perniciem

602 2176 838 2232 hominis
857 2186 914 2233 et
933 2177 1162 2231 salutem
1184 2175 1323 2246 apud
1343 2173 1552 2229 inferos
1573 2181 1702 2227 tunc
1723 2171 1994 2235 valebant,
2019 2184 2210 2224 omnes

599 2268 785 2325 Justos
813 2278 869 2326 et
895 2277 1178 2339 sperantes
1205 2269 1259 2322 in
1290 2281 1349 2322 se
1381 2265 1736 2330 illuminavit,
1769 2274 1825 2319 et
1868 2263 1938 2318 ad
1981 2277 2210 2330 superos

601 2363 918 2419 revocavit:
949 2361 1243 2416 ostendens
1287 2359 1513 2414 Diabolo
1549 2365 1605 2413 et
1650 2355 2008 2426 potestatibus
2047 2354 2212 2422 hujus

599 2453 785 2510 mundi
815 2462 871 2508 et
910 2452 1098 2508 harum
1128 2451 1477 2508 tenebrarum
1500 2491 1516 2517 ,
1550 2450 1844 2518 nequitiam
1870 2462 2060 2506 eorum
2102 2459 2212 2501 non

599 2545 832 2601 valuisse
867 2562 881 2597 :
915 2545 1062 2614 ipsos
1089 2557 1310 2599 manere
1341 2542 1395 2596 in
1427 2542 1635 2612 poenis,
1670 2541 1932 2606 liberato,
1961 2539 2048 2595 cui
2075 2539 2213 2594 invi-

601 2639 802 2694 debant
825 2679 840 2702 ,
889 2637 1113 2693 homine
1138 2636 1339 2710 (Cedat:
1376 2635 1526 2691 habet
1571 2633 1808 2705 homini)
1841 2634 1966 2690 127.
1994 2633 2210 2689 Trium-

601 2732 780 2803 pimus
810 2732 972 2801 igitur
1002 2729 1168 2785 homo
1189 2744 1311 2784 cum
1343 2729 1476 2793 Deo,
1499 2728 1607 2798 jam
1637 2727 1846 2783 devicta
1878 2737 2075 2790 morte,
2105 2741 2211 2782 non

602 2823 848 2878 mortalis
888 2823 1000 2894 jam
1047 2821 1114 2875 ad
1161 2835 1390 2891 superos
1434 2819 1699 2876 evadebat
1739 2818 1863 2875 128.
1916 2820 2008 2875 Sic
2051 2819 2213 2890 igitur

600 2918 852 2974 Christus
877 2917 1036 2973 Jesus
1065 2917 1328 2972 Dominus
1357 2924 1542 2971 noster
1571 2915 1900 2984 patiebatur,
1933 2923 1993 2968 ιιι
2026 2927 2216 2983 surge-

601 3024 719 3077 ret;
761 3012 1053 3083 surgebat,
1099 3011 1222 3082 quia
1250 3010 1362 3081 jam
1389 3009 1567 3064 fuerat
1606 3022 1819 3078 passus.
1856 3007 1968 3062 lloc
2005 3006 2213 3061 scilicet

600 3103 804 3159 ducens
823 3144 837 3164 .
864 3101 989 3174 quia
1017 3116 1141 3158 cum
1172 3101 1285 3156 Deo
1310 3099 1558 3170 quisquis
1583 3114 1644 3154 se
1668 3097 2013 3168 conjunxerit
2031 3138 2047 3165 ,
2074 3095 2212 3151 mori

2313 1909 2434 1964 qua!
2461 1909 2491 1949 a
2523 1895 2634 1950 Deo
2677 1909 2778 1964 pro
2802 1893 3042 1950 remedio
3085 1893 3398 1950 hominibus
3423 1895 3680 1950 attributa
3707 1905 3821 1963 est,
3865 1904 3924 1950 ct

2311 2003 2414 2058 qua
2448 2002 2546 2058 per
2574 1989 2976 2057 separationern
3015 1988 3260 2058 corporis
3287 1996 3345 2044 et
3380 1989 3576 2044 anima:
3613 1987 3672 2044 tit
3701 1989 3824 2044 linis
3864 1997 3927 2045 et

2313 2079 2520 2134 evulsiu
2550 2079 2776 2150 peccati,
2807 2079 2854 2134 si
2883 2079 2949 2133 ad
2979 2079 3228 2135 arborem
3260 2080 3385 2135 vita:
3411 2080 3764 2146 accessisset;
3789 2081 3921 2150 quia

2312 2185 2538 2228 necesse
2583 2171 2756 2228 fuerat
2794 2171 3286 2227 communicatione
3312 2172 3436 2227 vitae
3466 2172 3584 2228 ﬁeri
3614 2182 3882 2229 mternum
3907 2215 3924 2240 ,

2315 2266 2366 2319 in
2399 2265 2687 2320 immortali
2719 2264 2941 2320 homine
2967 2279 3191 2320 necesse
3209 2273 3326 2320 erat
3353 2273 3678 2336 perpetuum
3706 2278 3926 2336 penna-

2315 2372 2448 2413 nere
2493 2367 2770 2429 peccatum
2802 2357 2926 2412 111.
2964 2356 3104 2428 Ergo
3150 2366 3206 2411 et
3236 2357 3339 2413 hoc
3379 2356 3624 2413 consulte
3662 2354 3926 2428 (fortasse

2313 2450 2604 2520 consulto),
2635 2459 2690 2503 et
2712 2448 2914 2504 utiliter
2941 2449 3148 2504 homini
3181 2448 3452 2520 provisum
3481 2457 3564 2506 est
3585 2491 3599 2515 ,
3629 2458 3691 2505 ιιι
3721 2464 3922 2518 ampu-

2315 2551 2427 2598 tato
2455 2544 2759 2599 interventu
2791 2543 3134 2613 temporariae
3159 2542 3531 2599 dissolutionis
3551 2558 3677 2598 vera
3709 2543 3922 2598 factura

2317 2635 2430 2696 Dei.
2459 2636 2681 2691 excluso
2702 2635 2844 2690 malo
2875 2637 3142 2691 excitetur
3168 2637 3223 2691 in
3250 2637 3412 2692 vitam
3442 2635 3568 2692 142.
3601 2636 3741 2708 Ergo
3774 2652 3924 2692 sem-

2315 2743 2412 2798 per
2434 2727 2597 2784 homo
2612 2727 2856 2785 145.Sed
2884 2743 2982 2784 cur
3018 2731 3346 2786 morimurin
3368 2730 3470 2787 hoc
3483 2731 3721 2786 mundo?
3747 2731 3926 2802 Supe-

2316 2823 2429 2875 rius
2455 2821 2852 2892 comprehensa
2885 2831 2968 2878 est
2995 2823 3134 2878 ratio
3161 2841 3173 2876 :
3205 2838 3311 2880 non
3353 2825 3575 2880 interire
3601 2824 3880 2881 hominem
3901 2865 3918 2890 ,

2315 2911 2408 2966 sed
2436 2911 2677 2980 separari
2702 2909 2842 2968 lii:
2873 2912 2982 2969 Nec
3011 2929 3292 2971 assumere
3321 2916 3578 2972 materias
3609 2916 3918 2984 hominem,

2315 3021 2380 3060 ex
2415 3007 2611 3076 quibus
2630 3021 2827 3078 corpus
2853 3017 2938 3063 est
2964 3007 3280 3064 lbbricatum
3308 3029 3321 3064 :
3352 3009 3447 3066 sed
3469 3009 3536 3065 ad
3566 3012 3924 3067 resurrectio-

2315 3099 2399 3152 nis
2425 3099 2566 3154 diem
2598 3099 2859 3169 judicium
2893 3101 3158 3157 reservari
3201 3099 3322 3157 145.
3360 3100 3464 3156 Fas
3491 3103 3632 3157 enim
3667 3117 3774 3158 non
3803 3111 3920 3170 est,

602 3195 773 3251 videri
803 3170 1004 3266 potest,
1034 3208 1141 3249 non
1168 3200 1352 3263 potest
1401 3191 1628 3246 interire
1653 3191 1776 3246 129.
1803 3189 1998 3245 Parum
2027 3200 2204 3244 tamen
2236 3170 2288 3238 Ο
2318 3199 2374 3244 ιιι
2415 3189 2619 3261 aliquid
2651 3191 2794 3246 desit
2840 3191 2952 3247 Deo
2977 3191 3242 3260 judicanti
3263 3234 3277 3257 ,
3309 3207 3432 3248 cum
3471 3203 3678 3250 certum
3723 3193 3796 3249 sit
3825 3195 3922 3250 Dei

603 3287 888 3344 videbatur
909 3284 977 3342 ad
1017 3284 1338 3356 supplicium
1388 3284 1730 3339 inimicorum
1776 3284 2008 3350 factum,
2037 3284 2081 3337 si
2110 3297 2206 3338 ex-

605 3381 774 3435 tincto
796 3379 1017 3435 inimico
1047 3382 1211 3435 vitam
1246 3378 1450 3433 homini
1481 3377 1743 3444 dedisset,
1769 3386 1822 3432 et
1851 3391 1958 3431 non
1987 3375 2212 3432 adderet

603 3473 926 3529 claritatem.
958 3471 1028 3527 Et
1054 3482 1110 3527 ut
1134 3471 1378 3535 Diabolo,
1405 3477 1463 3524 et
1487 3469 1694 3539 angelis
1714 3469 1834 3540 ejus
1857 3483 2013 3539 paena
2038 3469 2214 3539 major

605 3564 914 3634 accederet,
945 3580 1072 3621 cum
1105 3563 1377 3633 triumpho
1403 3562 1709 3626 hominem,
1739 3563 1830 3632 qui
1869 3577 2088 3617 carnem
2119 3563 2214 3616 ha-

608 3658 771 3714 bebat
792 3657 904 3728 jam
947 3673 1055 3712 non
1087 3660 1439 3722 morituram,
1482 3657 1536 3710 in
1567 3655 1766 3711 coelum
1795 3654 2006 3726 angelis
2029 3663 2084 3711 et
2114 3669 2208 3724 po-

610 3753 894 3808 testatibus
920 3751 1126 3808 sanctis
1150 3759 1548 3806 monstraturus
1569 3748 1774 3805 invexit
1795 3749 1934 3822 (Act.
1962 3765 2001 3817 ι,
2025 3751 2080 3814 9;
2116 3744 2210 3804 Ps.

605 3859 755 3913 nvi,
789 3845 865 3916 (1),
901 3844 1012 3900 Deo
1034 3843 1182 3898 Patri
1212 3843 1500 3898 liberatum
1533 3841 1806 3898 hominem
1834 3841 2072 3898 olicreus
2095 3856 2212 3896 mu-

606 3953 708 3994 nus
737 3939 861 3992 150.
891 3936 1013 3992 Mox
1046 3951 1142 4006 pro
1173 3950 1234 3992 se
1257 3935 1519 3991 vicarium
1551 3935 1756 3990 dimisit
1781 3935 2045 4006 Spiritum
2074 3933 2215 3990 San-

607 4043 750 4089 ctum
782 4033 922 4104 (Act.
953 4047 1013 4098 ιι,
1042 4031 1093 4098 1,
1127 4032 1276 4102 etc.),
1303 4047 1462 4102 quem
1492 4029 1770 4100 discipulis
1792 4029 2069 4100 proximus
2091 4042 2211 4098 pas-

607 4126 747 4182 sioni
775 4127 1099 4197 promiserat
1130 4124 1311 4196 (Joan.
1341 4141 1453 4192 xw,
1487 4124 1556 4179 16
1581 4133 1628 4178 ct
1654 4121 1766 4192 l7),
1809 4133 1867 4176 ut
1904 4120 2213 4177 hominibus

607 4219 952 4275 credentibus
979 4225 1035 4274 et
1077 4216 1278 4272 auxilio
1319 4228 1499 4284 esset,
1543 4224 1598 4272 et
1639 4213 2054 4271 sanctificatioui
2087 4215 2207 4269 151.

609 4309 709 4366 Hic
733 4309 867 4365 ordo
897 4319 980 4365 est
1001 4308 1337 4364 credulitatis
1362 4318 1560 4362 nostne
1582 4306 1650 4363 de
1675 4305 1894 4362 Christo
1929 4306 2057 4360 152.

683 4401 798 4457 V'll.
840 4401 946 4459 Sed
995 4403 1119 4473 quia
1167 4400 1275 4471 iam
1327 4401 1654 4455 mentionem
1707 4399 1930 4454 fecimus
1978 4399 2212 4469 Spiritus

607 4493 823 4559 Sancti,
855 4492 1096 4548 dicemus
1139 4491 1471 4548 credendum
1514 4506 1637 4546 esse
1679 4490 1736 4545 in
1776 4490 2036 4559 Spiritum
2076 4489 2214 4546 San-

2310 3282 2573 3352 judicium
2605 3293 2728 3352 post
2757 3283 2918 3338 liuent
2947 3284 3108 3354 hujus
3137 3287 3242 3341 :evi
3271 3286 3601 3342 destinatum
3630 3287 3753 3344 146.
3783 3287 3920 3343 Nam

2287 3376 2417 3434 .hoc
2456 3391 2672 3447 quoque
2700 3377 3083 3435 insinuandum
3112 3389 3196 3436 cst
3221 3397 3234 3435 :
3264 3391 3318 3438 et
3347 3383 3562 3454 expingi
3589 3398 3813 3440 necesse
3837 3394 3923 3440 est

2315 3478 2486 3524 totum
2510 3470 2780 3527 hominem
2815 3489 2829 3525 :
2861 3473 3114 3544 quoniam
3137 3488 3328 3530 omnes
3351 3485 3442 3530 aut
3464 3476 3517 3531 in
3545 3477 3744 3532 virtute
3773 3479 3924 3532 inve-

2315 3565 2532 3620 nientur
2558 3579 2700 3635 eque,
2732 3575 2826 3620 aut
2846 3566 2900 3621 in
2929 3567 3178 3624 crimine.
3215 3568 3280 3624 Et
3309 3569 3410 3625 hoc
3437 3571 3718 3640 competit,
3749 3581 3809 3626 ut
3836 3587 3922 3627 re-

2315 3670 2666 3716 munerentur
2699 3661 2791 3731 qui
2823 3661 2961 3717 bene
2998 3671 3284 3732 gesserunt
3328 3663 3622 3720 secundum
3673 3664 3924 3720 volunta-

2314 3758 2423 3807 tem
2448 3755 2583 3821 cjus,
2613 3762 2667 3807 et
2685 3753 2810 3807 mali
2833 3752 3051 3808 aeternis
3080 3753 3354 3824 suppliciis
3383 3754 3742 3812 destinentur.
3770 3755 3924 3813 Unde

2316 3859 2416 3900 nos
2435 3853 2754 3915 appetamus
2771 3854 3041 3918 pmcepta
3063 3847 3322 3919 legitima,
3346 3857 3401 3904 et
3419 3849 3652 3906 vitemus
3668 3849 3919 3918 adversa,

2317 3949 2365 3990 ut
2398 3938 2758 4008 obsequentes
2787 3941 3010 4008 praemia
3035 3955 3434 4012 consequamur
3464 3940 3592 3998 M7.

2386 4028 2477 4083 lx.
2519 4029 2671 4084 Nunc
2699 4043 2830 4102 ergo
2864 4031 2966 4088 148
2993 4031 3063 4088 de
3093 4046 3326 4103 persona
3360 4043 3670 4090 tractemus.
3704 4034 3759 4089 lu
3793 4050 3924 4105 pcr-

2315 4135 2449 4175 sona
2478 4121 2586 4176 duo
2613 4130 2739 4176 sunt
2766 4122 3062 4180 obtinenda
3094 4141 3106 4178 :
3141 4124 3354 4195 Pauper
3383 4136 3436 4182 et
3469 4126 3647 4182 Dives.
3692 4126 3758 4181 Et
3785 4126 3927 4181 divi-

2317 4215 2460 4271 tibus
2487 4216 2702 4285 quidem
2733 4217 2893 4288 hujus
2935 4218 3119 4274 saeculi
3163 4220 3583 4290 praecipiendum
3633 4230 3717 4275 est
3759 4219 3928 4292 (1τὶ-

2320 4318 2444 4362 met.
2480 4323 2533 4362 vi
2553 4351 2568 4375 ,
2605 4307 2695 4381 17)
2724 4326 2737 4363 :
2767 4310 2891 4364 Non
2931 4311 3094 4365 altum
3123 4328 3303 4382 sapere
3325 4329 3343 4366 :
3371 4329 3466 4368 nec
3504 4329 3714 4384 sperare
3738 4315 3792 4366 in
3836 4313 3926 4365 in-

2316 4409 2454 4454 certo
2483 4399 2783 4456 divitiarum
2809 4419 3044 4470 suarum,
3073 4403 3166 4459 sed
3191 4405 3242 4459 in
3271 4403 3383 4460 Deo
3416 4407 3555 4472 vivo,
3597 4407 3687 4476 qui
3712 4417 3928 4476 pra’slal

2319 4494 2462 4550 nobis
2491 4496 2809 4551 abundanter
2837 4499 3008 4552 omnia
3035 4497 3106 4552 ad
3136 4501 3360 4571 fructum
3387 4499 3505 4554 boni
3535 4501 3707 4571 operis
3733 4518 3753 4556 :
3780 4503 3925 4557 diri-

608 4598 756 4643 ctum
777 4624 794 4654 ,
825 4600 920 4654 per
946 4600 1109 4657 quem
1135 4585 1386 4641 universa
1406 4625 1421 4651 ,
1461 4598 1583 4653 qua:
1614 4583 1956 4654 postmodum
1987 4582 2207 4649 tierent,
2238 4557 2294 4621 Ῑ)
2319 4599 2392 4642 ιω
2417 4605 2545 4655 esse,
2575 4588 2665 4644 sed
2689 4591 2745 4643 in
2773 4590 2920 4645 bonis
2948 4591 3100 4661 {actis
3142 4594 3600 4648 comnmm’catores
3629 4611 3737 4649 use
3766 4597 3923 4650 τυρε-

609 4691 665 4738 et
707 4681 1026 4751 inspiraret,
1053 4689 1108 4736 et
1142 4678 1538 4742 sanctiﬁcaret,
1570 4693 1682 4732 sua:
1711 4677 2027 4732 substantia:
2073 4678 2214 4746 (for—

611 4788 745 4830 tasse
768 4773 1066 4828 addendum
1088 4769 1725 4839 cetnmunicatione).....
1760 4768 1883 4824 155.
1913 4767 2208 4824 Tamen....

609 4881 714 4926 tres
735 4884 895 4924 unum
923 4875 1065 4934 sunt,
1098 4864 1280 4930 Pater,
1312 4874 1361 4918 et
1391 4861 1593 4928 Filius,
1626 4871 1675 4915 ct
1720 4861 1952 4931 Spiritus
1990 4863 2214 4918 Sanctus

611 4963 734 5021 154.
767 4963 970 5020 Deinde
997 4958 1347 5026 credendum,
1379 4973 1544 5013 unum
1575 4971 1698 5012 esse
1728 4955 2075 5025 baptismum,
2106 4970 2215 5026 quo

610 5060 857 5117 homines
888 5058 1178 5129 puriﬁcati,
1203 5064 1255 5111 et
1279 5053 1378 5111 Dei
1403 5052 1498 5107 lilii
1523 5051 1651 5108 facti
1675 5051 1730 5106 in
1755 5050 1858 5106 fide
1885 5050 2212 5120 consignen-

611 5163 728 5222 tur;
757 5171 865 5226 quo
888 5155 1136 5210 tmiversa
1167 5151 1252 5209 vel
1295 5150 1623 5217 nativitatis,
1655 5147 1740 5202 vel
1771 5146 1979 5204 erroris
2011 5144 2213 5201 veteris

611 5249 847 5305 hominis
871 5247 1067 5305 delicta
1095 5254 1455 5318 purgarentur
1479 5260 1494 5297 :
1525 5242 1596 5296 In
1619 5257 1721 5314 quo
1743 5251 1844 5296 non
1875 5239 2108 5309 corporis
2123 5237 2213 5292 dc-

609 5352 869 5416 pontnmrr
893 5343 1072 5398 sordes
1092 5355 1113 5396 :
1142 5341 1242 5397 sed;
1256 5335 1582 5394 conscientia!
1603 5349 1752 5406 pura
1767 5332 2102 5404 interrogatio
2133 5341 2212 5386 est

608 5438 763 5493 bona
783 5438 839 5492 in
877 5434 1050 5492 Deum.
1089 5435 1153 5489 de
1189 5433 1560 5490 resurrectione
1599 5425 1728 5483 Jan
1765 5425 1956 5481 Christi
1985 5423 2035 5498 (ι
2065 5421 2210 5478 Petri

610 5547 690 5600 ιιι,
721 5531 819 5604 st)
863 5531 991 5587 iss.
1514 5557 1519 5564 ~

686 5629 818 5686 Vill.
864 5627 992 5683 Post
1012 5624 1130 5682 hac
1151 5624 1288 5681 ordo
1315 5621 1484 5694 exigit
1507 5618 1736 5678 credere
1759 5615 2212 5675 resurrectionem

608 5733 944 5782 mortuorum
983 5721 1039 5777 in
1076 5720 1267 5776 eadem
1294 5729 1461 5774 carne
1488 5715 1616 5772 156.
1645 5712 1872 5770 Constat
1901 5711 2078 5774 enim,
2115 5723 2216 5763 nec

612 5817 690 5871 fus
721 5825 808 5871 est
830 5814 975 5870 aliud
1015 5814 1197 5870 dicere
1218 5852 1234 5882 ,
1269 5810 1415 5882 quod
1441 5819 1498 5868 et
1520 5809 1739 5879 sapiens
1767 5816 1822 5866 et
1849 5806 2108 5878 praesens
2145 5803 2217 5860 sit

2318 4681 2581 4735 sanrizare
2621 4682 2713 4736 sibi
2756 4684 2942 4737 bonum
2980 4685 3036 4738 in
3076 4687 3306 4754 futurum
3339 4701 3360 4740 :
3397 4696 3452 4739 ut
3494 4687 3926 4759 apprehendant,

2319 4789 2470 4841 quant
2503 4773 2636 4829 bona
2660 4785 2734 4829 est
2759 4776 2880 4828 vita.
2917 4775 3120 4831 Deinde
3147 4777 3289 4833 scire
3317 4777 3517 4833 debent
3540 4797 3646 4834 non
3680 4780 3802 4835 ideo
3827 4795 3925 4836 ac-

2320 4877 2506 4933 ceptas
2535 4881 2678 4934 esse,
2710 4877 2764 4922 et
2791 4866 3068 4922 habendas
3093 4868 3317 4924 divitias
3339 4911 3354 4935 ,
3388 4877 3444 4924 ut
3475 4870 3556 4927 his
3583 4871 3714 4927 solis
3745 4872 3926 4928 beati-

2324 4957 2563 5013 tudinem
2593 4972 2655 5014 se
2689 4957 2890 5015 habere
2933 4959 3243 5028 confidant,
3275 4969 3333 5016 ut
3375 4963 3518 5017 male
3545 4971 3765 5019 utantur
3788 4964 3923 5022 illis.

2313 5048 2383 5104 Et
2413 5065 2482 5105 ne
2507 5049 2804 5119 despiciant
2855 5066 3148 5122 pauperes,
3183 5067 3319 5108 neve
3361 5053 3722 5110 ministerium
3766 5055 3932 5111 mali-

2315 5141 2427 5205 tim,
2462 5148 2557 5197 aut
2595 5142 3011 5198 instrumentum
3058 5143 3276 5200 divitias
3306 5145 3542 5202 libidinis
3571 5157 3920 5219 compotem,

2315 5244 2410 5290 aut
2440 5244 2662 5306 propter
2685 5251 2748 5292 se
2790 5236 2893 5292 sibi
2939 5236 3196 5307 traditas,
3242 5249 3336 5296 aut
3379 5255 3440 5296 se
3483 5253 3756 5313 nunquam
3798 5242 3925 5298 illas

2317 5331 2616 5386 amissuros
2642 5330 2974 5388 existiment.
3006 5331 3288 5389 Postremo
3313 5335 3522 5403 sciant,
3554 5348 3622 5392 se
3636 5335 3924 5408 dispensa-

2318 5434 2464 5480 tores
2491 5423 2677 5495 gratia:
2707 5424 2804 5480 Dei
2830 5425 3156 5481 constitutos
3181 5441 3212 5481 a
3244 5427 3388 5492 Deo;
3423 5437 3479 5483 ut
3499 5436 3557 5484 et‘
3583 5429 3637 5484 in
3663 5426 3930 5484 distribuo

2315 5518 2464 5573 tione
2495 5516 2746 5572 voluntas
2766 5526 2914 5572 recta
2939 5531 3154 5585 eorum,
3184 5519 3272 5574 vel
3296 5531 3465 5588 prava
3490 5527 3747 5581 noscatur
3771 5519 3878 5575 M9
3904 5534 3922 5572 :

2317 5622 2374 5667 ut
2402 5615 2575 5667 sciant
2603 5612 2778 5682 magis
2807 5611 2907 5667 sibi
2932 5611 3234 5668 accessisse
3262 5627 3362 5684 per
3384 5612 3792 5678 abundantiam,
3815 5612 3924 5669 nisi

2318 5703 2592 5775 sapientes
2633 5703 2868 5770 fuerint,
2901 5711 3230 5760 tentamenta
3261 5705 3494 5775 potiora.
3542 5705 3764 5761 Discant
3790 5719 3922 5760 ero-

2319 5815 2448 5870 gare
2468 5797 2708 5856 divitias.
2743 5798 2850 5857 Sed
2890 5797 2958 5854 ad
2990 5801 3452 5872 eomparuionem‘
3499 5797 3922 5856 immortalitatis
