4224 6262
312 303 410 368 ⁸111

1495 299 1831 364 EPISTOLA
1882 304 2018 366 SEU
2072 300 2366 366 LIBELLU
2375 307 2435 366 S.

3517 297 3626 360 ⁸112

310 425 638 481 distribuant
681 424 998 492 facultates,
1023 430 1088 493 ut
1124 422 1236 478 sint
1263 421 1471 478 similes
1502 422 1619 478 Deo
1647 422 1752 478 150
1783 441 1795 476 :
1829 422 1924 477 Mi-
1948 424 2001 485 Α
2029 424 2228 479 mentis
2267 422 2598 494 infringitur,
2626 419 2800 478 virtus
2844 420 3086 490 corporis
3129 420 3439 476 eue'i'vatur.
3477 420 3540 475 At
3576 421 3626 474 in

309 519 620 574 sericortles
648 537 663 573 :
697 533 802 572 non
842 516 1050 587 profusi
1084 531 1148 570 ac
1179 514 1484 583 perdituros
1528 515 1606 569 rei
1635 515 1922 569 dominica

308 611 643 682 iudicentur.
678 611 745 665 Et
792 610 1025 665 fidenter
1066 606 1283 676 quidem
1334 605 1450 660 haec
1490 616 1686 676 agant,
1719 615 1921 661 etcum

313 704 608 759 hilaritate.
639 702 731 759 Ait
762 702 906 759 enim
939 699 1143 757 Paulus
1169 697 1470 769 Apostolus
1495 696 1573 772 (ll
1605 696 1810 753 Corint.
1837 713 1921 763 ts,

313 796 418 868 7):
463 795 702 850 Hilarem
739 793 970 849 datorem
1016 792 1188 862 diligit
1231 788 1396 845 Deus.
1444 790 1562 846 Non
1613 791 1927 845 existiment

316 891 459 945 finiri
492 905 674 960 posse,
708 889 853 960 quod
885 889 938 944 in
972 902 1103 943 usus
1133 901 1428 956 pauperum
1461 883 1925 954 contemplatione

315 991 713 1054 praeceptorum
758 981 976 1037 Deifiif
1021 979 1350 1050 dependitur
1397 978 1524 1034 152.
1574 977 1710 1033 Cum
1754 985 1811 1033 et
1857 977 1926 1032 ab

315 1076 436 1145 ipso
462 1083 704 1146 accepta:
742 1076 882 1141 sint,
915 1081 973 1131 et
997 1073 1360 1130 necessariae:
1389 1081 1444 1129 et
1472 1087 1568 1128 eas
1596 1071 1798 1128 utiliter
1827 1071 1927 1126 mi-

314 1169 572 1234 nistrare,
605 1178 660 1224 et
683 1183 884 1239 augere
909 1167 1204 1225 confuerit.
1232 1167 1388 1225 Unde
1417 1169 1564 1224 enim
1607 1167 1925 1238 temporalia

314 1263 509 1320 deesse
539 1271 799 1334 possunt,
829 1277 952 1319 cum
997 1273 1220 1334 propter
1248 1264 1363 1333 ipsa
1387 1305 1403 1330 ,
1443 1263 1490 1318 si
1532 1263 1670 1318 bene
1698 1275 1929 1333 erogen-

316 1365 406 1412 tur
441 1365 647 1414 :eternu
681 1356 947 1428 promissa
977 1356 1120 1423 sint,
1164 1366 1220 1412 et
1244 1357 1466 1427 parata?
1497 1355 1713 1412 Veritas
1754 1356 1928 1426 loqui-

316 1458 425 1515 tur,
454 1450 652 1520 quiest
679 1446 949 1514 Christus,
983 1447 1170 1502 dicens
1205 1447 1422 1519 (Matth.
1473 1462 1594 1514 xu,
1624 1448 1728 1512 9.9;
1761 1447 1930 1500 Marci

316 1557 371 1609 ι,
403 1539 498 1612 29)
525 1559 537 1594 :
572 1541 674 1610 Qui
701 1539 958 1594 dimiserit
979 1549 1192 1612 propter
1221 1555 1302 1593 me
1327 1539 1560 1605 domum,
1593 1548 1683 1593 oet
1713 1539 1922 1607 villam,

314 1645 408 1690 aut
433 1645 696 1708 parentes,
739 1644 831 1689 aut
859 1635 1100 1705 reliqua:
1143 1634 1437 1704 centuplum
1479 1634 1695 1705 accipiet
1735 1634 1788 1687 in
1828 1634 1928 1688 isto

313 1733 544 1797 swculo;
571 1731 624 1784 in
647 1733 823 1803 futuro
847 1737 1020 1784 autem
1043 1729 1199 1783 vitam
1223 1737 1493 1783 atternant.
1520 1729 1586 1783 Et
1609 1728 1655 1783 si
1681 1727 1784 1782 hoc
1801 1727 1924 1798 qui-

2028 525 2346 587 paupertate
2392 532 2496 572 non
2545 515 2742 571 lasciva
2777 515 3054 581 convivia,
3090 532 3195 569 non
3243 522 3427 586 turpes
3477 523 3632 586 pota-

2029 610 2206 666 tiones
2231 629 2245 665 :
2275 611 2454 666 omnia
2485 610 2687 671 sobria,
2717 608 2900 664 omnia
2927 608 3123 678 rigida,
3152 606 3334 662 omnia
3361 605 3586 661 lttnnilia
3613 623 3626 658 :

2029 717 2135 759 non
2165 701 2408 772 abiecta,
2455 703 2709 772 quoniam
2755 700 3085 755 conscientia
3135 714 3300 769 pura,
3346 706 3402 755 et
3429 698 3632 754 virtute

2027 805 2153 852 sunt
2175 796 2358 866 plena.
2390 794 2508 850 Non
2538 801 2624 850 est
2643 794 2928 850 abundans
2946 793 3221 852 extraneis
3244 790 3630 848 facultatibus:

2028 898 2110 945 est
2133 888 2334 958 iustus.
2367 887 2484 943 Non
2518 886 2676 943 facile
2704 886 2770 942 ad
2800 885 3020 941 divitias
3045 885 3233 950 animi,
3266 885 3318 940 id
3360 893 3445 940 est
3467 883 3632 938 virtu-

2029 993 2111 1039 tes
2168 983 2327 1052 hujus
2379 981 2604 1047 mundi,
2664 981 2818 1036 dives
2869 979 3099 1036 accedit.
3157 978 3258 1048 Qui
3304 977 3437 1034 dicit
3484 977 3631 1031 enim

2028 1074 2246 1147 (Matth.
2281 1090 2392 1135 nx,
2425 1072 2544 1142 24),
2569 1072 2831 1143 difﬁcilius
2859 1071 3066 1125 diuitem
3090 1070 3305 1125 introire
3327 1069 3381 1123 in
3416 1081 3634 1140 regnum

2027 1168 2320 1236 cmlorum,-
2341 1166 2529 1238 utique
2565 1166 2821 1237 intelligit
2858 1180 3147 1236 pauperem
3189 1163 3422 1220 facilius.
3449 1161 3530 1218 Nc
3571 1176 3633 1220 se

2028 1263 2100 1318 ob
2125 1269 2498 1334 paupertatem
2539 1261 2776 1316 alienum
2820 1273 2941 1314 esse
2981 1273 3008 1312 a
3037 1273 3172 1313 cura
3203 1255 3298 1312 Dei
3323 1255 3629 1320 existimet,

2030 1354 2299 1424 Propheta
2330 1361 2560 1408 testatur
2578 1352 2767 1407 dicens
2797 1350 2981 1423 (Prov.
3009 1366 3142 1413 xm,
3173 1349 3240 1416 2;
3271 1359 3317 1404 et
3343 1347 3635 1420 expressius

2032 1448 2164 1517 Sep.
2190 1463 2266 1515 vt,
2295 1445 2354 1518 8)
2385 1463 2398 1499 :
2432 1445 2500 1500 Et
2525 1461 2820 1517 pauperem,
2860 1455 2909 1498 et
2932 1443 3139 1498 diuitem
3168 1458 3263 1516 ego
3293 1441 3432 1513 feci:
3463 1449 3511 1494 et
3540 1455 3633 1509 pro

2029 1538 2267 1594 omnibus
2292 1537 2507 1610 mquafis
2532 1553 2657 1591 cura
2678 1545 2754 1592 est
2775 1537 2922 1590 mihi.
2952 1534 3080 1590 Non
3105 1543 3180 1590 est
3209 1533 3410 1605 (Actor.
3436 1548 3491 1596 ι,
3523 1533 3624 1600 36;

2031 1632 2051 1686 Ι
2083 1631 2228 1686 Petr.
2256 1632 2391 1702 xm)
2414 1631 2550 1686 enim
2576 1628 2721 1685 Deus
2751 1645 3083 1699 personan
3109 1635 3344 1697 acceptor
3373 1624 3496 1682 159.
3521 1623 3634 1680 Nec

2030 1741 2132 1798 pro
2161 1727 2254 1782 illo
2277 1743 2336 1781 se
2363 1741 2550 1782 curam
2573 1740 2768 1796 gerere
2798 1723 2905 1779 l60
2946 1721 3232 1793 profitetur
3267 1728 3476 1776 tantum
3495 1759 3514 1784 ,
3543 1718 3632 1787 qui

318 1824 444 1880 dam
472 1823 700 1893 tempori
729 1823 1128 1893 persecutionis
1150 1819 1488 1885 adscribunt,
1509 1835 1611 1890 ego
1643 1828 1820 1875 tamen
1848 1821 1928 1875 sic
1956 1815 2005 1876 B
2031 1822 2217 1877 saeculi
2241 1820 2448 1876 divitiis
2471 1820 2660 1890 pollet,
2693 1818 2791 1875 sed
2815 1833 2911 1887 pro
2934 1816 3207 1883 omnibus,
3239 1830 3296 1872 es
3315 1829 3416 1885 pro
3436 1827 3635 1883 paupe-

318 1920 479 1975 audio
510 1918 798 1973 Dominum
833 1927 1077 1972 nostrum
1125 1922 1438 1970 monentem
1460 1955 1473 1978 ,
1523 1913 1667 1983 quod
1702 1921 1922 1982 propter

315 2026 377 2068 se
402 2011 641 2082 quolibet
670 2017 918 2081 tempore
957 2009 1023 2064 ad
1071 2007 1452 2078 quodcumque
1497 2021 1633 2076 opus
1676 2014 1918 2060 sanctum

316 2105 478 2162 fuerit
495 2114 827 2176 praeceptum
848 2103 968 2174 eius
991 2102 1294 2172 impletum,
1321 2114 1430 2154 non
1451 2099 1759 2155 defuturum
1784 2113 1922 2168 pra:-

316 2202 484 2257 mium
522 2201 872 2258 destinatum.
904 2199 1024 2256 Non
1073 2202 1244 2254 simus
1275 2196 1516 2252 solliciti.
1545 2197 1742 2251 Curam
1785 2195 1924 2266 gerit

315 2310 416 2365 pro
443 2295 596 2352 nobis
628 2296 791 2351 Deus.
821 2293 1034 2350 Clamat
1051 2292 1326 2363 Propheta
1350 2290 1537 2346 dicens
1561 2287 1750 2358 (Prov.
1773 2301 1886 2342 xm
1902 2327 1917 2354 ,

311 2390 368 2455 Ω,
401 2401 447 2446 et
469 2392 759 2464 expressius
786 2389 917 2461 Sap.
963 2403 1047 2455 vx,
1094 2387 1152 2456 8)
1187 2405 1202 2442 :
1234 2383 1304 2439 Et
1351 2397 1657 2455 pauperem,
1692 2391 1738 2438 et
1789 2381 1924 2435 dioi-

317 2494 416 2540 tem
443 2501 536 2558 ego
557 2485 673 2556 feci.
719 2484 782 2538 Et
824 2479 1183 2556 pro'onmifms
1225 2478 1442 2549 aqualis
1483 2493 1610 2531 cura
1653 2485 1725 2530 est
1770 2475 1918 2530 mihi.

312 2578 513 2634 Curam
543 2580 684 2651 gerit
707 2578 851 2633 Deus
877 2596 891 2633 :
921 2585 976 2632 et
1001 2575 1286 2646 quisquam
1315 2571 1530 2636 metuit,
1559 2584 1628 2625 ne
1654 2571 1924 2624 minuatur

313 2671 741 2742 patrimonium?
767 2669 925 2727 Unde
971 2670 1082 2724 Deo
1119 2667 1346 2737 iubente
1389 2670 1666 2735 erogatur.
1703 2662 1920 2716 Timea-

311 2781 439 2822 mus
480 2766 682 2838 magis,
715 2781 822 2832 ne,
869 2763 916 2820 si
950 2762 1179 2833 trepidi,
1218 2770 1274 2817 et
1305 2758 1552 2825 steriles,
1594 2767 1648 2813 et
1676 2756 1924 2812 infideles

313 2859 577 2916 fuerimus
627 2860 680 2914 in
727 2858 883 2914 bonis
915 2855 1205 2927 operibus,
1234 2853 1390 2924 egeni
1421 2861 1584 2922 atque
1615 2850 1806 2920 inopes
1831 2849 1922 2919 iu-

312 2953 580 3010 dicemur.
608 2951 920 3006 Timeamus
958 2947 1136 3019 potius
1178 2944 1392 3016 impleri
1423 2941 1636 2998 tristitia
1661 2983 1676 3008 ,
1719 2943 1840 3011 quia
1870 2950 1924 2996 et

313 3049 381 3104 de
411 3044 724 3118 huiusmodi
769 3043 1026 3101 divitibus
1057 3042 1110 3098 in
1161 3039 1464 3112 Evangelio
1505 3039 1559 3092 in
1606 3036 1768 3091 unius
1798 3035 1925 3090 licet

315 3155 568 3212 persona,
600 3141 666 3195 ad
694 3139 1043 3208 complexum
1076 3145 1255 3190 tamen
1283 3132 1470 3188 retulit
1491 3131 1680 3186 dicens
1702 3127 1919 3201 (Matth.

2025 1912 2175 1970 ribus
2192 1927 2377 1968 curam
2395 1913 2627 1968 sustinet
2645 1930 2659 1964 :
2686 1919 3127 1966 remuneraturus
3143 1923 3302 1978 quem
3321 1906 3528 1963 invenit
3542 1913 3635 1960 aut

2026 2007 2078 2060 in
2103 2005 2309 2060 divitiis
2335 2004 2614 2072 humilem,
2645 2013 2732 2058 aut
2753 2005 2806 2058 in
2836 2011 3153 2074 paupertate
3177 1999 3488 2071 patientem.
3516 1998 3632 2053 Diso

2025 2098 2248 2153 tributio
2275 2098 2439 2153 veluti
2469 2097 2634 2152 totius
2651 2095 2900 2165 corporis
2923 2093 3167 2160 humani,
3190 2102 3245 2148 et
3271 2090 3633 2148 ministerium

2023 2193 2292 2263 quaeritur
2340 2191 2700 2262 singulorum.
2751 2186 3119 2252 Consideret,.
3157 2185 3390 2242 heroinis
3434 2194 3634 2252 corpus

2025 2300 2136 2338 esse
2153 2299 2308 2338 unum
2347 2283 2550 2354 quidem
2579 2297 2788 2352 corpus,
2813 2280 2902 2337 sed
2923 2279 3152 2352 plurima
3177 2277 3423 2334 membra.
3459 2274 3634 2330 Nunt-

2023 2375 2149 2447 qm‘d
2177 2373 2350 2430 omnia
2378 2384 2500 2428 sunt
2530 2373 2729 2438 oculus,
2757 2381 2848 2427 aut
2869 2389 2990 2443 pes,
3014 2381 3126 2425 aut
3175 2371 3376 2440 reliqua
3409 2367 3636 2423 membra

2024 2469 2067 2538 (Ι
2097 2467 2220 2523 Cor.
2251 2483 2348 2532 xu,
2382 2467 2512 2539 14)?
2541 2467 2672 2529 Sed,
2697 2464 2861 2522 sicuti
2880 2467 2958 2520 ait
2975 2464 3178 2520 Paulus
3207 2463 3635 2532 doctongentitun

2025 2562 2078 2615 in
2106 2560 2210 2628 ﬁde
2237 2569 2286 2614 et
2312 2560 2525 2614 veritate
2555 2557 2599 2629 (l
2619 2557 2813 2612 Timot.
2845 2569 2904 2622 tt,
2937 2556 3201 2626 ἠς-ρης
3241 2555 3492 2625 inferiora
3515 2560 3634 2606 sunt
3670 2587 3674 2592 -

2023 2654 2270 2718 membra,
2297 2655 2548 2724 majorem
2577 2651 2659 2704 his
2703 2649 2978 2704 tribuimus
3007 2649 3255 2702 honorem
3305 2644 3353 2715 (1
3380 2643 3504 2702 Cor.
3535 2658 3631 2709 xu,

2023 2745 2141 2817 25).
2176 2747 2243 2800 Et
2282 2743 2736 2814 quemadmodum
2767 2743 2938 2797 virtus
2977 2739 3312 2812 singulorum
3361 2737 3633 2794 metnbro-

2025 2854 2144 2894 rum
2179 2839 2229 2892 in
2259 2851 2361 2893 suo
2383 2837 2576 2893 ordine
2602 2846 2766 2907 atque
2791 2835 2979 2891 officio
3013 2833 3441 2898 demonstratur,
3473 2831 3547 2886 its
3577 2833 3631 2887 in

2025 2932 2192 2987 totius
2226 2929 2446 3000 generis
2494 2929 2714 2984 humani
2750 2941 2985 2998 corpore
3011 2925 3176 2980 veluti
3222 2923 3462 2978 membra
3493 2922 3632 2977 Pau-

2024 3033 2210 3097 pertas
2237 3034 2294 3079 et
2325 3022 2534 3078 Divitiae
2571 3022 2938 3086 collocantur;
2965 3027 3027 3074 ut
3064 3017 3326 3088 Pauperis
3351 3016 3634 3088 patientia,

2026 3125 2084 3176 et
2097 3117 2290 3172 Divitis
2301 3114 2609 3171 humanitas
2621 3115 2714 3168 Dei
2737 3111 2993 3169 examine
3010 3109 3420 3182 comprobetur.
3441 3107 3638 3164 Exsul-

317 3196 446 3297 ,
474 3196 570 3303 22)
605 3251 618 3287 :
654 3232 790 3287 Abiit
823 3196 1006 3284 autem
1030 3271 1045 3294 ,
1091 3243 1206 3282 cum
1247 3225 1503 3290 audisset,
1552 3196 1878 3276 contristatae
1904 3236 1922 3274 :
1950 3196 1996 3260 C
2031 3211 2338 3303 tare‘debct
2362 3221 2587 3280 pauper,
2619 3218 2678 3303 et
2703 3206 2814 3262 Deo
2841 3205 3044 3278 gratias
3261 3201 3425 3273 :quia
3452 3199 3638 3303 multis

312 3327 435 3396 quia
475 3326 574 3398 fuit
611 3323 802 3379 habens
831 3320 1181 3392 possessiones
1207 3316 1418 3371 multas.
1464 3314 1584 3370 Non
1617 3313 1830 3374 timeat,
1862 3325 1927 3364 ne

315 3419 522 3493 difficile
562 3417 882 3490 ingrediatur
911 3431 1071 3485 regna
1098 3413 1342 3468 coriorum
1365 3407 1558 3482 (Ibid.,
1585 3423 1635 3462 υ.
1663 3405 1735 3461 2'5
1760 3414 1810 3459 et
1830 3400 1925 3474 24)

318 3513 443 3571 155.
482 3511 568 3569 Sit
607 3511 716 3566 imo
747 3507 962 3565 humilis
995 3524 1008 3561 :
1039 3508 1111 3562 sit
1137 3505 1321 3575 largus
1343 3544 1358 3570 ,
1391 3511 1452 3557 ut
1491 3499 1703 3557 beatior
1727 3511 1796 3554 ex
1825 3497 1928 3552 hoc

311 3605 586 3677 iudicetur
610 3621 625 3659 :
653 3602 696 3659 si
728 3617 827 3657 nec
856 3601 910 3656 in
944 3601 1048 3654 isto
1091 3598 1327 3660 smculo,
1363 3609 1462 3649 nec
1503 3593 1556 3647 in
1590 3591 1770 3646 futuro
1796 3603 1926 3645 sen-

318 3699 417 3752 tiat
461 3703 756 3767 egestatem
785 3689 911 3748 154.
948 3691 1048 3746 Det
1078 3689 1340 3759 pauperi,
1375 3695 1433 3741 ut
1481 3685 1647 3739 Deum
1697 3683 1928 3738 fmnere-

319 3799 409 3847 tur
441 3807 452 3844 :
488 3789 657 3846 Deum
702 3793 982 3856 computet
1027 3783 1327 3839 debitorem
1359 3776 1634 3851 (Proverb.
1671 3791 1762 3829 χιι
1784 3815 1800 3838 ,
1835 3771 1927 3844 17)

315 3883 446 3940 155.
475 3881 620 3938 Sciat
643 3880 997 3952 praepesitam
1032 3890 1157 3932 esse
1185 3871 1617 3930 misericordiam
1648 3867 1930 3925 sacriﬁciis

322 3978 448 4033 156.
481 3975 718 4033 Gloriam
764 3981 1159 4030 consecuturus
1198 3978 1253 4025 et
1297 3968 1577 4040 requiem,
1629 3965 1675 4020 si
1721 3965 1791 4019 de
1838 3963 1925 4017 his

320 4070 561 4137 divitiis,
598 4071 651 4125 in
686 4069 884 4141 quibus
923 4067 1012 4121 alii
1057 4074 1113 4122 et
1151 4063 1436 4133 corrupti,
1478 4070 1532 4117 et
1560 4058 1758 4132 perditi
1782 4057 1932 4127 iudi-

322 4175 546 4231 cantur;
576 4163 680 4219 iste
706 4162 915 4220 fructus
937 4159 1159 4231 iustitiae
1191 4173 1256 4213 ac
1283 4152 1672 4212 misericordiae
1703 4151 1934 4221 accipiat

322 4274 584 4315 coronam
593 4296 607 4310 .
631 4259 654 4313 1
666 4258 756 4313 57.

396 4352 467 4409 Χ.
507 4353 720 4424 Pauper
758 4366 889 4408 vero
932 4351 1003 4406 ita
1047 4344 1414 4404 consolandus
1443 4345 1564 4408 est,
1598 4349 1655 4395 ut
1694 4340 1831 4397 sciat
1876 4339 1929 4392 in

326 4455 645 4517 paupertate
685 4441 1081 4501 consideranda
1113 4440 1284 4510 magis
1314 4437 1417 4494 sibi
1449 4437 1609 4492 bona.
1661 4435 1728 4488 Et
1757 4433 1935 4503 primo

328 4539 548 4609 quidem
583 4537 728 4608 quod
758 4551 788 4590 a
833 4537 946 4591 Deo
973 4535 1045 4590 sit
1071 4533 1145 4588 illi
1173 4531 1380 4588 utiliter
1415 4529 1731 4599 provisum:
1787 4539 1924 4595 pra:-

329 4633 501 4687 scium
544 4633 710 4688 Deum
741 4629 1110 4685 infirmitatem
1146 4627 1264 4696 eius
1294 4624 1703 4688 considerasse,
1747 4631 1802 4674 et
1847 4622 1936 4674 fir-

331 4739 548 4793 masse,
600 4723 743 4796 quod
790 4722 1098 4778 divitiarum
1130 4720 1396 4775 sarcinam
1429 4725 1482 4771 et
1511 4713 1934 4770 sollicitudinem

331 4818 476 4873 ferre
507 4833 614 4872 non
652 4824 858 4888 posset.
895 4813 1100 4870 Deinde
1141 4813 1376 4876 sentiat,
1415 4814 1643 4879 quantas
1677 4805 1936 4861 lentalio-

331 4927 465 4980 nes,
496 4920 550 4967 et
575 4923 774 4981 quanta
808 4908 1049 4980 pericula
1089 4905 1367 4961 transierit
1397 4901 1615 4959 nomine
1633 4907 1934 4970 pauperta-

332 5006 402 5061 tis
435 5003 560 5061 158.
591 5002 698 5061 Sed
744 5001 1020 5058 afﬂuentia
1065 5001 1257 5065 deest,
1298 5013 1420 5068 qum
1462 4996 1772 5065 frequenter
1799 5007 1938 5046 cnn-

333 5101 502 5155 traria
539 5109 662 5156 est:
697 5096 763 5152 ad
793 5094 954 5151 animi
987 5104 1167 5150 tamen
1211 5091 1427 5147 divitias
1468 5087 1789 5160 quantocius
1815 5085 1937 5140 sine

335 5193 724 5263 impedimento
765 5189 819 5246 in
852 5196 1167 5261 paupertate
1193 5184 1472 5241 transitur.
1501 5180 1661 5238 Certe
1684 5177 1940 5250 qualibus

335 5287 493 5342 malis
517 5288 725 5353 caruit,
749 5285 1078 5342 consideret.
1111 5279 1274 5337 Caret
1298 5277 1495 5335 invidia
1517 5319 1532 5343 ,
1561 5275 1938 5342 aemulatione,

337 5377 569 5446 insidiis,
601 5377 748 5445 dolo,
777 5375 1056 5448 Superbia,
1084 5372 1460 5454 contentione,
1489 5376 1543 5423 et
1584 5367 1668 5422 his
1692 5381 1811 5437 qua:
1839 5365 1942 5422 ho-

337 5470 470 5525 mini
506 5468 564 5524 in
601 5469 803 5526 saeculo
844 5467 1049 5524 divitiae
1076 5466 1254 5522 solent
1292 5462 1565 5526 conﬂare;
1597 5459 1746 5515 fluxu
1790 5459 1936 5514 enim

337 5577 517 5618 rerum
536 5603 550 5630 ,
579 5571 634 5619 et
676 5555 926 5618 ubertate
953 5556 1232 5630 copiarum
1259 5556 1472 5612 animus
1498 5552 1752 5620 solvitur,
1783 5552 1940 5623 vigor

2031 3301 2339 3373 patrimonii
2367 3301 2595 3358 nexibus
2626 3298 2886 3355 liberatus
2927 3305 3032 3353 est.
3079 3295 3137 3351 In
3169 3295 3259 3352 die
3303 3293 3639 3365 probationis

2031 3408 2138 3450 non
2185 3402 2438 3465 gravatur
2463 3390 2822 3462 compedibus
2867 3389 3216 3454 facultatum;
3265 3386 3473 3442 facilius
3501 3384 3640 3442 liber

2031 3487 2278 3557 sequitur
2300 3484 2599 3554 discipulus
2628 3482 2915 3536 Dominum
2937 3481 3106 3535 nullis
3131 3478 3363 3536 nexibus
3391 3476 3638 3549 implies-

2031 3589 2140 3634 tus.
2163 3577 2279 3633 Non
2309 3576 2454 3632 desit
2482 3576 2646 3631 etiam
2674 3575 2742 3629 ab
2767 3573 2906 3642 ipso,
2937 3572 2990 3626 in
3017 3581 3274 3642 quantum
3299 3576 3506 3640 potest,
3533 3567 3640 3623 mi-

2033 3671 2328 3729 sericordia
2361 3671 2509 3740 iusta
2539 3671 2592 3723 iu
2625 3681 2826 3738 egenos
2853 3665 3007 3738 (Tob.
3037 3681 3109 3730 tv,
3131 3664 3209 3734 8),
3241 3665 3364 3733 quia
3395 3665 3536 3718 sicut
3560 3661 3641 3717 di-

2034 3780 2130 3820 ves
2154 3763 2505 3828 liberalitate,
2541 3762 2614 3815 ita
2641 3775 2846 3830 pauper
2865 3759 3043 3828 iustus
3067 3756 3304 3813 efficitur
3328 3755 3398 3812 de
3420 3755 3643 3825 frugali-

2033 3865 2166 3920 tate,
2199 3856 2242 3910 si
2269 3853 2639 3918 inferioribus,
2665 3861 2722 3908 et
2747 3867 2856 3907 non
2885 3847 3210 3906 habentibus
3235 3847 3496 3918 erogarit.
3524 3846 3642 3902 Non

2034 3957 2304 4015 vereatur,
2347 3962 2416 4003 ne
2443 3946 2562 4016 ipse
2586 3943 2836 4007 deficiat,
2866 3956 2990 3998 cum
3021 3941 3075 3996 in
3104 3956 3204 3995 usu
3243 3946 3446 3996 sancte!
3469 3937 3642 3994 admi-

2036 4039 2375 4098 nistrationis
2401 4037 2595 4093 habeat
2616 4033 3076 4106 promptissimam
3099 4031 3436 4110 voluntatem
3459 4045 3474 4083 :
3507 4028 3641 4086 nihil

2036 4132 2249 4191 deerit;
2283 4146 2381 4204 per
2422 4129 2750 4197 PrOphetam
2797 4126 3037 4196 Spiritus
3077 4123 3397 4182 corroborat
3445 4119 3640 4192 (Prov.

2036 4243 2097 4292 ι,
2127 4227 2224 4294 ὖ);
2259 4223 2382 4278 Νοιι
2412 4220 2601 4277 occidit
2627 4216 2770 4274 Deus
2790 4217 2923 4290 justi
2958 4217 3185 4275 animum
3231 4216 3387 4286 fame.
3425 4212 3492 4268 Et
3531 4211 3636 4265 Do-

2038 4320 2223 4376 minus
2259 4317 2313 4371 in
2345 4311 2640 4384 Evangelio
2679 4309 2897 4382 (Matth.
2925 4324 3011 4373 v1,
3041 4305 3180 4378 53):
3213 4304 3439 4371 Quaerite
3478 4302 3646 4374 primo
3747 4358 3750 4359 ν

2039 4431 2256 4488 regnum
2277 4411 2406 4478 Dei,
2433 4420 2483 4465 et
2518 4410 2629 4464 Iure
2655 4409 2829 4463 omnia
2862 4412 3186 4477 opponentur
3213 4400 3374 4456 vobis.
3403 4397 3519 4454 Non
3551 4411 3645 4452 cu-

2041 4511 2158 4581 piat
2183 4508 2335 4564 dives
2371 4505 2427 4562 in
2470 4503 2574 4560 hoc
2598 4501 2801 4558 sarculo
2823 4499 2938 4554 fieri
2957 4537 2973 4563 ,
3007 4513 3076 4552 ne
3105 4497 3242 4550 mala
3283 4492 3512 4562 plurima
3539 4488 3643 4546 sibi

1961 4582 2014 4644 D
2039 4604 2318 4676 acquirat,
2358 4600 2574 4656 dicente
2616 4605 2674 4653 et
2711 4600 2969 4650 monente
2990 4590 3232 4661 glorioso
3257 4586 3426 4643 Paulo
3471 4583 3518 4656 (Ι
3549 4582 3642 4676 Ti—

2042 4673 2208 4750 moth.
2233 4709 2306 4760 vt,
2335 4692 2431 4763 8):
2464 4689 2720 4744 Habentes
2757 4686 2915 4758 igitur
2939 4683 3145 4743 uictum.
3179 4689 3231 4734 et-
3253 4678 3489 4735 vestitum
3525 4673 3648 4729 :ltis

2045 4788 2266 4843 contenti
2295 4787 2470 4840 simum
2503 4782 2605 4849 Qui
2629 4789 2800 4835 autem
2826 4777 3003 4834 uolunt
3027 4773 3208 4834 divites
3227 4771 3350 4842 ﬁeri
3369 4812 3385 4838 ,
3414 4767 3652 4824 incidunt

2044 4880 2469 4943 intentationem,
2493 4885 2540 4931 et
2560 4872 2922 4944 muscipuiam,
2956 4879 3003 4926 et
3028 4867 3284 4927 desideria
3309 4863 3510 4918 multa:
3535 4875 3652 4931 quc

2046 4985 2278 5047 mergunt
2299 4972 2530 5028 homines
2558 4973 2612 5024 in
2639 4966 2981 5039 perditionem
3005 4961 3131 5017 161.
3162 4957 3276 5022 ιιιιο
3299 4957 3348 5014 si
3368 4970 3498 5014 vera
3522 4953 3648 5018 fide,

2049 5085 2106 5131 et
2135 5081 2354 5144 propter
2379 5068 2608 5125 salutem
2634 5061 2860 5119 credere
2888 5057 3130 5128 optavit,
3162 5053 3415 5112 caelestes
3438 5048 3541 5144 sibi
3570 5047 3654 5104 di-

2050 5139 2212 5223 vitias
2240 5139 2491 5233 cooptet,
2533 5166 2590 5213 et
2635 5160 2915 5224 comparet
2957 5147 3062 5221 (α),
3103 5159 3239 5216 quas
3281 5139 3652 5213 unusquisque

2047 5259 2304 5333 iustitia},
2344 5267 2400 5313 et
2437 5247 2861 5310 misericordia,
2893 5253 2949 5298 et
2975 5239 3201 5333 reliquis
3240 5235 3400 5300 bouis
3441 5233 3652 5314 actibus

2051 5330 2366 5425 comparat,
2419 5356 2474 5403 et
2529 5341 2780 5398 assumit.
2822 5330 3244 5404 Temporalibus
3283 5337 3486 5393 attenta
3526 5333 3656 5384 sunt

2054 5421 2418 5521 proponenda
2449 5482 2464 5507 ,
2519 5435 2740 5494 caducis
2785 5429 3026 5521 stabilis,
3066 5423 3318 5521 sollicitis
3355 5421 3654 5488 securiore,

2051 5517 2378 5616 periculosis
2435 5534 2635 5600 libera,
2689 5519 3064 5584 inhonorificis
3106 5518 3364 5579 clariora.
3414 5517 3515 5576 ωε
3541 5529 3659 5577 mo-

413 5754 490 5828 (a)
529 5753 786 5810 Fortasse
813 5747 1036 5825 respicit
1064 5745 1132 5805 ad
1165 5759 1310 5804 vers.
1339 5742 1375 5800 6
1405 5753 1532 5815 cap.‘
1555 5753 1685 5799 mn
1712 5735 1840 5796 isai.
1868 5749 1885 5792 :
1916 5730 2126 5791 Divitiae
2153 5723 2335 5786 salutis
2357 5720 2611 5796 sapientia
2635 5728 2684 5776 et
2723 5713 2942 5774 scientia
2961 5725 2984 5768 :
3012 5710 3168 5770 titnor
3195 5706 3411 5767 Doctini
3450 5705 3560 5779 ipse
3585 5711 3659 5771 est

346 5826 622 5883 thesaurus
649 5829 782 5902 ιβιδ.
