4224 6262
675 281 784 340 745
1881 278 2126 338 SANCTI
2168 278 2343 337 HILAI

2259 278 2424 337 .ARII
2465 277 2772 338 EPISCOPI
3841 294 3927 351 711

678 400 805 458 nitis
861 408 916 457 et
965 399 1123 457 Dives
1176 405 1546 470 temperetur,
1599 406 1655 454 et
1706 396 1922 465 Pauper
1974 396 2444 460 subleveturAet
2489 395 2900 462 sacerdotibus,
2952 408 3144 452 verum
3195 396 3358 454 etiam
3410 398 3666 456 omnibus
3724 401 3932 464 fratribus

685 496 816 551 162.

2389 486 2433 558 (1
2486 484 2632 542 Petri
2660 502 2731 553 ιι,
2783 487 2877 558 15)
2913 487 3036 542 167.
3068 486 3256 557 Neque
3283 504 3344 545 se
3377 490 3472 545 ulli
3510 506 3810 562 praeponere
3842 497 3931 554 viro

749 586 839 642 XI.
871 585 1023 640 Nunc
1063 583 1172 654 jam
1219 583 1288 640 de
1326 598 1458 639 sexu
1497 582 1805 653 loquamur.
1854 581 2030 638 Sexus
2078 581 2169 636 ille
2199 590 2283 636 est
2383 578 2845 648 contemplatione
2875 593 3037 636 sexus
3063 579 3442 654 (lPetrim,7)
3468 583 3606 639 168:
3649 588 3872 655 quoniam
3891 601 3935 646 et

675 678 979 742 masculus,
1026 684 1085 732 et
1123 675 1358 742 femina;
1391 675 1445 731 id
1487 683 1573 732 est
1610 675 1713 742 vir,
1756 683 1812 731 et
1840 674 2054 729 mulier.
2099 674 2165 728 Et
2201 675 2282 729 vir
2383 684 2506 726 cum
2531 671 2711 726 omnia
2739 671 2977 742 legitime
3004 671 3328 742 perfecerit,
3359 673 3411 727 in
3448 674 3622 730 virum
3643 690 3938 734 consumma-

674 771 888 844 quidem
930 781 1051 840 post
1075 785 1161 835 ea,
1192 786 1313 842 qua:
1333 785 1496 839 supra
1519 769 2068 841 comprehendimus,
2107 768 2172 824 ad
2203 767 2283 823 in-
2384 764 2532 820 bitur
2553 763 3088 838 perfectum(Ephes.
3110 781 3188 832 tv,
3217 765 3466 839 15).1ιιιο
3491 779 3705 840 appetat
3727 771 3936 830 virtutem

674 863 1018 921 stitutionem
1075 864 1199 920 vita:
1244 863 1490 919 melioris
1551 863 1714 917 etiam
1766 861 1898 917 illud
1952 861 2112 917 debet
2157 877 2281 918 cum
2383 867 2794 913 consecuturam
2823 859 3083 928 gloriam.
3127 874 3294 915 sexus
3325 860 3636 918 infirmitate
3661 878 3762 918 non
3799 875 3941 922 retar-

674 956 1322 1021 omnibuscustodire,ut
1349 955 1574 1012 Uxorem
1597 955 1958 1028 suamdiligat,
1982 955 2112 1009 sicut
2133 954 2286 1010 Chri-
2384 951 2538 1018 data,
2593 954 2882 1008 sanctitate
2932 961 2994 1027 et
3038 954 3237 1009 virtute
3292 954 3478 1020 animi,
3541 967 3597 1011 et
3643 959 3783 1012 omni
3837 974 3944 1016 con-

675 1064 784 1110 stus
810 1053 994 1108 dilexit
1021 1052 1310 1108 Ecclesium
1358 1051 1587 1123 (Ephcs.
1635 1066 1690 1116 v,
1721 1049 1826 1121 25)
1856 1067 1871 1104 :
1903 1057 1962 1104 ut
1984 1050 2164 1105 omnia
2191 1065 2284 1121 ge-
2385 1043 2610 1100 ﬂuentia
2655 1053 2712 1100 et
2744 1044 2996 1116 passione
3056 1045 3248 1101 devota
3301 1046 3429 1102 viris
3474 1047 3786 1117 iustissimis
3829 1066 3945 1108 eoa.»

676 1161 801 1203 rere
839 1161 946 1201 uno
973 1146 1156 1201 animo
1200 1143 1412 1216 (Codex
1458 1159 1556 1198 ms.
1613 1141 1800 1196 habet:
1829 1151 1888 1196 ut
1911 1143 2058 1197 omni
2097 1141 2285 1210 generi
2383 1145 2598 1208 quetur.

681 1239 992 1308 unianimo)
1022 1236 1325 1294 concordes
1367 1236 1472 1291 rite
1502 1236 1711 1306 possint
1746 1233 1911 1289 Deum
1953 1234 2017 1288 de
2051 1233 2286 1288 omnibus
2457 1228 2571 1284 Xll.
2596 1229 2715 1284 iam
2744 1237 2962 1286 aetatum
2997 1245 3179 1287 sermo
3206 1230 3469 1288 habeatur
3499 1233 3551 1288 in
3582 1235 3817 1292 manibus
3843 1237 3946 1294 169.

677 1333 961 1405 deprecari,
990 1333 1408 1386 leuantesmanas
1435 1345 1592 1399 puras
1610 1329 1718 1383 sine
1737 1329 1818 1382 ira
1845 1337 1893 1383 et
1919 1327 2286 1398 disceptatione
2388 1322 2455 1378 Et
2487 1325 2663 1394 primo
2691 1324 2910 1395 quidem
2956 1325 3193 1380 arbitror
3225 1324 3508 1381 infantiam
3550 1327 3878 1384 differendam
3907 1333 3950 1385 in

674 1425 732 1496 (1
763 1425 987 1481 Timeth.
1023 1441 1098 1490 ιι,
1125 1420 1198 1496 8)
1250 1441 1264 1478 :
1292 1422 1388 1478 sed
1415 1424 1594 1478 omnia
1625 1421 1754 1476 fiant
1783 1421 1848 1476 ad
1871 1419 2284 1476 aedificationem
2386 1414 2655 1480 doctrina,
2682 1416 2807 1485 quia
2827 1416 2913 1470 vel
2933 1413 3194 1486 qualitate
3222 1420 3506 1488 temporis,
3531 1419 3613 1474 vel
3645 1421 3828 1487 astatis,
3853 1437 3955 1478 ver-

678 1517 954 1573 Deiiicam.
988 1515 1193 1572 Deinde
1219 1513 1620 1583 coniunctionis
1655 1511 1928 1568 vinculum
1959 1511 2150 1582 pudica
2172 1551 2188 1575 ,
2231 1519 2288 1566 et
2385 1506 2514 1562 hum
2547 1507 2785 1562 doctoris
2821 1525 2925 1564 non
2969 1517 3146 1578 potest
3183 1509 3495 1568 substituere
3528 1512 3649 1569 170.
3680 1512 3746 1567 Ει
3787 1514 3954 1583 quibus

675 1609 946 1664 communi
971 1608 1218 1664 castitate
1238 1621 1466 1677 gerere;
1497 1614 1552 1660 et
1575 1615 1701 1660 tunc
1721 1603 2040 1668 convenire,
2069 1601 2286 1672 quando
2385 1599 2638 1654 omnibus
2681 1598 2858 1654 astatis
2887 1599 3096 1656 defectu
3124 1600 3177 1654 in
3207 1602 3493 1667 malitiam,
3533 1611 3592 1658 et
3632 1603 3954 1660 innocentia

675 1704 761 1760 vel
785 1701 1153 1774 generationis
1181 1709 1268 1756 est
1307 1698 1723 1767 contemplatio,
1752 1705 1844 1753 aut
1869 1695 2132 1752 orationis
2174 1709 2282 1750 non
2388 1691 2687 1746 naturalem
2713 1691 2830 1746 dari
2859 1701 3128 1762 przecepta
3159 1708 3263 1748 non
3294 1703 3557 1762 possunt,
3588 1696 3640 1749 in
3666 1694 3844 1750 horum
3879 1696 3957 1750 ad-

675 1803 895 1853 revocat
934 1803 1147 1865 tempus
1176 1792 1238 1864 (1
1267 1790 1388 1849 Cor.
1416 1806 1521 1858 vn,
1549 1789 1628 1860 5).
1660 1789 1973 1845 Orationem
2003 1796 2183 1844 autem
2220 1787 2286 1842 il-
2314 1789 2364 1850 B
2390 1780 2744 1837 monitionem
2775 1790 3026 1850 parentes
3047 1792 3172 1837 sunt
3190 1784 3606 1856 constringendi
3633 1803 3646 1840 :
3670 1802 3956 1858 quamquam

675 1889 782 1944 lam
813 1896 1092 1957 computo,
1123 1900 1246 1956 quas
1281 1883 1429 1940 omni
1456 1890 1924 1939 sacramentorum
1957 1878 2283 1946 ministerio,
2389 1874 2678 1931 accedente
2703 1883 2864 1930 aetate
2900 1875 3140 1932 Ecclesia
3159 1892 3264 1932 non
3287 1877 3485 1946 deerit,
3516 1894 3618 1935 nec
3643 1881 3954 1936 cessabitad-

675 1991 731 2038 et
755 1981 1249 2038 communicatione
1277 1977 1582 2033 celebratur
1614 1974 1739 2031 165.
1771 1974 2042 2030 Caeterum
2081 1981 2165 2028 est
2191 1971 2287 2028 de—
2389 1969 2682 2025 monendo.
2712 1970 2904 2025 Pueris
2925 1978 3104 2025 autem
3131 1971 3259 2026 illud
3281 1971 3667 2029 iusinuandum
3705 1975 3892 2046 primo,
3912 1985 3959 2030 ut

674 2074 934 2144 precatio,
966 2080 1024 2127 et
1063 2070 1335 2136 adoratio,
1359 2067 1792 2138 exomologesis,
1821 2074 1875 2120 et
1919 2063 2288 2134 interpellatio
2391 2062 2540 2118 nullo
2570 2061 2819 2118 audiendi
2850 2063 3030 2119 desint
3056 2071 3329 2135 tempore,
3357 2067 3487 2136 quia
3515 2083 3617 2124 nec
3665 2069 3821 2124 seinel
3856 2082 3958 2136 pos-

675 2163 720 2236 (l
745 2163 974 2218 Timeth.
1012 2177 1088 2227 ιι,
1119 2160 1199 2231 1),
1229 2170 1284 2215 et
1309 2170 1528 2226 votum,
1560 2173 1681 2229 qua:
1718 2155 1898 2212 omnia
1943 2170 2040 2209 sua
2088 2154 2290 2211 habent
2390 2162 2520 2211 sunt
2539 2156 2719 2211 omnia
2743 2156 3046 2225 pcrdoceri.
3072 2157 3280 2213 Deinde
3310 2168 3368 2213 ut
3394 2161 3759 2218 innocentiam
3785 2161 3958 2231 simpli-

675 2263 924 2324 tempora
949 2253 1073 2308 164.
1116 2251 1297 2306 Virum
1335 2251 1496 2322 igitur
1525 2250 1670 2304 decet
1707 2247 1896 2302 intecto
1934 2247 2104 2316 capite
2124 2261 2290 2301 orare
2391 2249 2541 2303 'citati
2572 2249 2923 2320 conjungant,
2945 2265 3013 2306 ne
3040 2250 3323 2320 pueritiam
3355 2251 3410 2307 in
3443 2253 3664 2309 malitia:
3686 2267 3956 2324 persevera-

676 2347 734 2416 (1
761 2347 998 2404 Corinth.
1027 2361 1106 2412 ιι,
1135 2344 1169 2398 4
1198 2355 1244 2399 ct
1275 2341 1331 2415 7)
1365 2361 1380 2399 :
1413 2357 1520 2398 non
1545 2352 1817 2398 comatum
1857 2338 2049 2410 (lbid.,
2076 2355 2124 2394 υ.
2157 2337 2247 2411 11)
2271 2356 2283 2392 :
2391 2342 2538 2396 tione
2564 2328 2902 2396 continuent.
2927 2340 3373 2409 Custodiendum,
3397 2355 3461 2401 et
3483 2345 3880 2412 observandum,
3900 2360 3957 2401 ne

671 2439 949 2496 lncessum
972 2453 1098 2495 esse
1121 2436 1448 2506 simplicem,
1472 2451 1578 2490 non
1599 2436 1885 2506 jactatum,
1903 2441 1997 2488 aut
2016 2432 2284 2500 fucatum;
2391 2433 2444 2488 in
2467 2433 2680 2490 caeteris
2705 2434 2955 2490 :etatibus
2973 2447 3388 2507 corrumpantur
3417 2439 3550 2494 171.
3577 2438 3802 2496 Naturali
3827 2439 3955 2495 boni-

673 2540 733 2588 ut
774 2547 882 2588 non
921 2531 1097 2587 solum
1127 2529 1299 2585 verba
1325 2527 1629 2584 credidisse
1649 2568 1666 2594 ,
1709 2525 1806 2582 sed
1835 2532 1891 2578 et
1921 2524 2140 2579 caeteris
2165 2537 2288 2594 spe-
2390 2528 2486 2582 tati
2519 2527 2643 2582 ﬁdei
2671 2543 2884 2598 quoque
2914 2528 3113 2585 bonum
3139 2573 3155 2599 ,
3183 2540 3240 2586 et
3274 2530 3534 2587 deificum
3566 2549 3752 2588 munus
3791 2532 3954 2602 adjun-

673 2625 811 2681 ciem
842 2625 968 2679 vitae
997 2638 1110 2680 sua:
1138 2630 1380 2692 praestet.
1408 2619 1542 2675 Viro
1567 2618 1712 2674 enim
1740 2616 1888 2673 omni
1920 2616 2180 2684 competit
2201 2629 2290 2670 sa-
2390 2627 2539 2689 gant,
2565 2626 2623 2673 ut
2650 2632 2866 2689 semper
2891 2619 3053 2692 boni,
3084 2635 3301 2692 semper
3341 2625 3558 2690 sancti,
3604 2639 3803 2696 semper
3826 2627 3957 2679 inno-

672 2717 963 2774 cerdotare
991 2717 1100 2773 Deo
1127 2715 1186 2789 (i
1219 2714 1446 2770 Timoth.
1473 2729 1542 2779 ιι,
1576 2711 1657 2785 8).
1689 2701 1768 2768 Et
1797 2713 1869 2767 ita
1907 2711 2072 2766 debet
2099 2720 2206 2766 tam
2233 2711 2287 2766 in
2390 2720 2596 2776 centes,
2622 2728 2838 2784 semper
2869 2714 2964 2770 Dei
3003 2729 3158 2785 opus,
3191 2729 3248 2772 et
3290 2733 3397 2772 non
3451 2728 3680 2785 naturae,
3708 2718 3954 2774 traditione

673 2810 1012 2866 catechismo
1055 2807 1160 2880 (Id
1201 2818 1274 2864 est
1303 2809 1358 2862 in
1404 2807 1787 2877 instructions),
1825 2821 1987 2877 quam
2018 2806 2179 2861 etiam
2233 2804 2287 2860 in
2389 2804 2725 2861 credulitatis
2747 2817 3114 2876 perseverent.
3142 2809 3616 2867 Considerandum
3645 2812 3746 2867 illis
3774 2811 3880 2876 172,
3905 2818 3954 2866 ιιι

674 2904 810 2960 laica
838 2905 948 2958 vita
981 2901 1454 2958 conversationem
1497 2914 1652 2954 suam
1682 2897 2092 2954 mundissimam
2133 2897 2288 2953 exhi—
2390 2899 2524 2954 casti
2548 2900 2630 2955 vel
2653 2899 2832 2970 pudici
2857 2911 3228 2972 permaneant,
3255 2904 3594 2974 frequentius
3614 2905 3678 2962 ad
3699 2906 3952 2962 Ecclesium

673 2995 826 3058 bere,
855 3004 914 3049 ut
937 3004 994 3050 et
1017 2995 1062 3049 si
1091 3003 1304 3063 tempor
1333 3010 1346 3046 :
1373 2991 1484 3063 (Ita
1513 2992 1704 3065 legitur
1730 2992 1784 3046 in
1809 3007 1907 3044 ms.
1939 2990 2138 3060 codice)
2169 3005 2288 3045 mu-
2390 2993 2578 3048 venire
2628 2992 2849 3058 debere,
2895 2995 3020 3065 quia
3069 2994 3405 3066 frequentius
3463 3006 3594 3054 sunt
3637 2997 3951 3054 conﬁrmandi

675 3105 807 3146 nere
845 3101 1010 3160 atque
1037 3087 1222 3144 ofﬁcio
1249 3085 1584 3142 Sacerdotali
1624 3100 1733 3140 non
1765 3083 2025 3155 fungitur,
2054 3083 2180 3139 vitae
2202 3091 2285 3136 ta-
2394 3084 2529 3150 175,
2564 3084 2896 3156 frequentius
2941 3087 3359 3156 commonendi,
3392 3091 3597 3161 quibus
3627 3091 3792 3146 adhuc
3813 3105 3953 3160 ιιι-«ιρι

674 3201 798 3241 men
829 3181 1186 3239 similitudine
1212 3178 1522 3237 sacerdotio
1547 3186 1881 3250 coarquetur.
1922 3180 1991 3233 At
2011 3192 2142 3233 vero
2169 3191 2286 3231 mn-
2313 3180 2359 3244 C
2393 3183 2472 3230 ter
2497 3187 2708 3232 aetatem
2755 3179 2935 3233 minus
2975 3180 3226 3235 stabilem
3276 3195 3458 3252 pugna
3496 3181 3694 3240 diaboli
3718 3181 3875 3238 futura
3897 3180 3954 3236 sit

675 3277 776 3332 lier
800 3275 966 3330 discat
987 3274 1197 3344 obsequi
1225 3273 1335 3327 uiro
1358 3289 1452 3326 suo
1483 3271 1699 3341 (Ep/tes.
1728 3286 1783 3338 v,
1809 3268 1928 3342 22),
1958 3269 2111 3323 etiam
2134 3268 2284 3322 illum
2385 3269 2603 3340 gravior
2633 3271 2758 3327 174.
2785 3272 3133 3330 Observanda
3166 3275 3272 3330 illis
3303 3277 3495 3332 omnia
3524 3293 3644 3333 cum
3673 3280 3880 3340 timore,
3910 3284 3954 3332 et

675 3371 942 3427 dominum
965 3385 1153 3424 uocans
1185 3367 1230 3439 (1
1258 3367 1404 3422 Petr.
1430 3382 1513 3432 ιιι,
1541 3363 1639 3438 6):
1671 3375 1725 3420 ct
1747 3363 1966 3435 quidem
1993 3375 2182 3418 omnes
2207 3361 2285 3416 vi~
2387 3370 2516 3417 ante
2562 3364 2742 3416 omnia
2788 3365 3086 3421 cavendum
3131 3381 3162 3420 a
3213 3365 3601 3437 fornicatione,
3631 3387 3746 3440 qua:
3773 3369 3950 3424 initium

677 3481 767 3521 ros
809 3471 1155 3528 revereatur;
1187 3477 1290 3517 suo
1318 3472 1510 3516 tamen
1542 3459 1748 3515 serviat
1781 3475 1793 3511 :
1829 3457 2086 3526 Quoniam
2122 3456 2286 3512 enmis
2387 3452 2655 3508 idolatriae
2698 3456 2858 3512 habet
2899 3476 2911 3510 :
2941 3466 2998 3512 et
3046 3473 3272 3515 necesse
3299 3469 3381 3516 est
3413 3469 3708 3534 utrumque
3736 3461 3950 3530 noverit,

676 3558 908 3612 mulieris
935 3566 1099 3626 caput
1121 3555 1197 3610 uir
1228 3553 1444 3627 (Ephes.
1472 3569 1523 3618 v,
1552 3552 1671 3624 24).
1707 3551 1856 3608 Sciat
1895 3559 1953 3606 et
1991 3550 2110 3606 haec
2136 3559 2286 3608 caste
2387 3545 2480 3616 qui
2506 3556 2723 3604 secutus
2754 3548 2915 3604 fuerit
2960 3551 3189 3606 alterum
3239 3553 3361 3608 175.
3390 3553 3543 3626 Ergo
3581 3555 3837 3627 quomodo
3858 3569 3954 3612 cre-

676 3649 860 3708 vivere
889 3665 1012 3706 cum
1043 3649 1160 3704 viro
1201 3662 1300 3704 suo
1345 3645 1476 3720 (Tit.
1501 3662 1570 3711 ιι,
1594 3643 1651 3718 5)
1677 3663 1690 3700 :
1721 3645 1864 3716 quod
1901 3653 1956 3700 et
1989 3645 2079 3702 ille
2109 3644 2286 3702 modis
2388 3637 2518 3695 dere
2539 3640 2857 3712 intelligitur
2877 3652 2930 3698 et
2951 3643 3178 3701 desiisse
3204 3661 3232 3700 a
3259 3647 3537 3717 gentibus,
3561 3651 3607 3706 si
3633 3666 3695 3705 ea
3719 3665 3829 3722 qua:
3845 3664 3953 3720 gen-

675 3742 930 3800 omnibus
956 3741 1119 3798 faciat
1145 3757 1160 3795 :
1191 3740 1266 3796 ita
1298 3747 1358 3795 ut
1379 3739 1578 3795 nullam
1599 3739 1782 3804 aliam,
1815 3749 2017 3810 praeter
2038 3754 2283 3806 uxorem,
2391 3731 2512 3788 tiles
2560 3732 2868 3804 designant,
2899 3735 3122 3792 recolit?
3154 3737 3296 3794 Sane
3337 3738 3703 3812 obsequentes
3736 3743 3838 3796 sint
3863 3755 3949 3795 non

676 3837 891 3893 noverit
920 3836 972 3910 (l
1004 3833 1203 3890 Cerint.
1233 3849 1339 3902 vtt,
1375 3834 1428 3898 1,
1455 3834 1512 3900 5,
1543 3836 1692 3903 etc.).
1725 3831 1899 3888 Nosse
1940 3832 2087 3888 enim
2126 3831 2289 3888 debet
2389 3829 2564 3883 solum
2621 3830 2935 3899 parentibus
2980 3831 3204 3901 (Coless.
3236 3849 3315 3898 ιιι,
3338 3833 3470 3907 20),
3500 3837 3597 3894 sed
3643 3847 3695 3893 et
3737 3837 3952 3894 omnibus

677 3937 919 3999 tempora
959 3926 1376 3992 conventionis,
1409 3933 1465 3982 et
1490 3926 1771 3981 abstinere
1797 3941 1828 3979 a
1869 3924 2284 3995 conjunctione,
2387 3929 2548 3977 actate
2576 3921 2874 3992 majoribus
2893 3923 2939 3997 (1
2968 3923 3110 3979 Petri
3161 3942 3214 3991 v,
3249 3927 3327 3998 5),
3359 3930 3404 3983 si
3449 3939 3631 3987 tamen
3657 3947 3828 3987 eorum
3857 3943 3953 3985 mo-

677 4038 800 4080 cum
837 4033 1050 4092 tempus
1087 4029 1172 4077 est
1200 4021 1461 4076 orationis
1494 4019 1621 4083 165,
1656 4019 1740 4074 vel
1771 4034 1894 4074 cum
1931 4019 2126 4075 mulier
2153 4019 2290 4089 pati-
2389 4014 2522 4080 nita,
2563 4023 2621 4070 et
2663 4018 2837 4070 oratio
2894 4017 3026 4072 nihil
3076 4019 3302 4090 legitimi
3343 4020 3539 4079 afferet
3592 4022 3946 4096 impedimenti.

683 4125 792 4180 tur,
816 4116 904 4172 vel
931 4129 1055 4172 cum
1084 4123 1207 4185 post
1235 4121 1447 4185 partum
1486 4113 1626 4167 intra
1668 4122 1912 4183 tempora
1954 4111 2288 4182 purgationis
2389 4108 2558 4163 Deum
2583 4123 2642 4164 se
2668 4119 2981 4180 computent
3009 4111 3210 4170 habere
3234 4113 3450 4170 Patrem
3485 4117 3708 4189 (Matth.
3742 4134 3812 4184 vt,
3845 4116 3901 4188 9)
3939 4132 3950 4169 :

677 4222 740 4264 se
771 4222 893 4264 esse
919 4207 1255 4278 cognoverit.
1279 4205 1398 4262 Non
1420 4205 1567 4261 enim
1587 4205 1653 4259 ad
1687 4205 2074 4274 impudicitiam
2098 4205 2286 4262 matri-
2387 4199 2535 4256 illius
2568 4216 2788 4272 sperare
2817 4203 3016 4261 debent
3045 4204 3418 4263 ltzereditatetn
3455 4207 3619 4282 (Ibid.
3642 4220 3689 4266 ct
3717 4227 3837 4265 vers.
3872 4209 3950 4272 1ος

678 4299 920 4356 monium
953 4299 1228 4371 cepulavit
1257 4297 1422 4364 Deus,
1451 4295 1634 4353 sed‘ut
1656 4296 1993 4368 generationi
2021 4297 2288 4365 praeberet
2387 4300 2595 4368 Acten,
2618 4317 2707 4383 sx,
2743 4300 2839 4370 '52;
2874 4303 3027 4359 Rom.
3057 4319 3181 4372 vnt,
3214 4306 3280 4360 17
3301 4320 3317 4371 ;
3341 4304 3546 4362 Celess.
3576 4324 3663 4374 tn,
3693 4307 3824 4378 21),
3852 4317 3953 4376 qua:

678 4389 1018 4461 obsequium.
1069 4390 1255 4446 Discat
1299 4390 1444 4445 filios
1487 4388 1720 4446 educare
1762 4389 1851 4460 pie
1900 4388 1958 4460 (l
1999 4386 2185 4443 Timet.
2228 4404 2282 4456 v,
2389 4405 2494 4446 non
2547 4392 2599 4446 in
2642 4394 3029 4464 temporalibus
3057 4408 3292 4465 constat,
3335 4397 3430 4454 sed
3479 4400 3533 4455 in
3585 4400 3812 4456 mtcrnis.
3834 4397 3951 4465 Quin

679 4484 749 4540 10
781 4497 796 4533 :
824 4485 885 4540 Si
930 4485 1068 4555 ﬁlios
1087 4484 1346 4553 educavit)
1373 4524 1390 4552 ,
1430 4483 1793 4540 verecundam
1821 4498 1944 4540 esse
1965 4525 1980 4549 ,
2021 4499 2129 4538 non
2170 4483 2282 4538 liti-
2386 4484 2545 4538 ctiam
2575 4485 2620 4539 si
2652 4485 2794 4541 Deus
2821 4486 2927 4542 illis
2956 4489 3085 4544 utile
3113 4504 3236 4546 esse
3267 4490 3608 4560 praeviderit,
3649 4495 3802 4548 etiam
3837 4499 3954 4545 tem-

675 4577 914 4647 giosam,
954 4593 1061 4632 non
1093 4577 1420 4632 vinolentam
1451 4574 1598 4648 (Tit.
1634 4591 1689 4643 ι,
1719 4576 1781 4644 7;
1813 4574 2015 4630 Celess.
2056 4590 2150 4642 ιιι,
2183 4575 2279 4641 18;
2311 4585 2359 4645 υ
2388 4575 2588 4644 poralia
2613 4579 2921 4647 praestabit;
2953 4580 3186 4636 maxime
3220 4596 3342 4637 cum
3386 4583 3585 4639 viderit
3630 4596 3952 4651 unumquem-

676 4667 875 4738 Ephes.
901 4685 957 4736 v,
986 4669 1091 4736 22;
1137 4669 1157 4725 l
1208 4667 1353 4724 Petr.
1406 4683 1496 4733 ιιι,
1571 4665 1646 4739 1),
1681 4683 1787 4722 non
1843 4667 2133 4738 superbam
2163 4667 2283 4723 viro
2385 4682 2491 4737 que
2541 4678 2744 4724 aeterna
2787 4671 2980 4726 sectari
3011 4689 3024 4724 :
3057 4671 3193 4730 Filio
3223 4673 3370 4745 ejus,
3403 4676 3635 4732 Domino
3659 4687 3864 4736 metro,
3885 4673 3954 4727 di-

675 4764 831 4840 (Gen.
867 4780 957 4834 ιιι,
986 4763 1087 4831 16;
1119 4772 1168 4818 et
1199 4761 1300 4818 Tit.
1331 4777 1368 4817 ιι
1387 4803 1402 4828 ,
1427 4762 1484 4828 5,
1512 4761 1569 4826 4,
1613 4762 1646 4816 5
1671 4779 1684 4816 :
1743 4761 1994 4816 Subditas
2037 4761 2202 4825 viris;
2233 4772 2280 4816 et
2385 4769 2542 4815 cente
2571 4758 2810 4831 (Matth.,
2841 4778 2917 4829 vr,
2949 4763 3042 4837 55)
3078 4782 3090 4819 :
3125 4764 3362 4822 Primum
3381 4771 3592 4837 atterite
3615 4785 3818 4842 regnum
3849 4766 3950 4828 Dei,

675 4858 914 4915 lTimet.
958 4872 1017 4924 ιι,
1048 4857 1156 4924 12,
1208 4871 1368 4927 neque
1415 4855 1672 4910 dominari
1709 4855 1764 4909 in
1807 4855 2018 4924 virum),
2065 4856 2281 4911 tametsi
2383 4861 2430 4906 et
2463 4853 2571 4908 hwc
2607 4855 2780 4909 omnia
2817 4867 3139 4926 apponentur
3183 4859 3343 4915 vobis.
3377 4861 3534 4919 Unde
3585 4863 3714 4919 nulli
3754 4860 3952 4917 dubium

676 4951 1006 5022 patrimonio
1046 4949 1220 5022 major
1260 4949 1504 5004 videatur
1535 4948 1679 5005 166:
1711 4948 1806 5004 sed
1851 4956 1910 5005 et
1938 4950 2153 5004 incessu
2180 4964 2283 5020 pu-
2383 4946 2518 5014 fore,
2550 4946 2634 5002 his
2663 4950 2874 5019 copiam
2925 4953 3352 5010 necessariarum
3382 4972 3560 5012 rerum
3592 4958 3643 5013 in
3686 4956 3835 5012 terris
3859 4969 3951 5008 non

675 5042 876 5111 dicam,
926 5059 1036 5098 non
1084 5041 1261 5098 fucata
1313 5040 1484 5097 forma
1515 5039 1809 5111 procedere
1851 5040 1892 5110 (1
1921 5041 2110 5095 Timet.
2144 5043 2279 5108 11,9
2383 5039 2705 5104 defuturam.
2755 5042 2952 5114 quibus
3001 5045 3247 5102 caelestia
3299 5059 3672 5120 prmparantur
3721 5048 3874 5119 (Ibid.
3910 5055 3952 5099 ct

674 5148 724 5194 ct
776 5139 874 5206 10;
920 5137 942 5193 1
995 5135 1142 5194 Pctr.
1197 5151 1288 5204 ιιι,
1338 5135 1394 5208 5)
1430 5152 1446 5189 :
1497 5143 1593 5190 aut
1652 5135 2042 5191 circumdatam
2099 5148 2273 5202 auro,
2382 5147 2514 5188 vers.
2539 5132 2656 5204 34).
2679 5134 2824 5208 Ergo
2843 5137 2968 5208 quia
2995 5153 3026 5193 a
3054 5137 3168 5194 Deo
3193 5137 3311 5195 haec
3353 5141 3617 5211 speranda
3656 5151 3804 5206 sunt,
3834 5133 3949 5190 nulli

675 5241 766 5288 aut
794 5241 946 5288 veste
976 5231 1258 5303 preciosa:
1314 5245 1421 5286 non
1476 5228 1700 5285 studere
1749 5229 2065 5300 capillorum
2119 5229 2280 5286 incri—
2383 5225 2790 5297 obsequendum
2850 5246 2864 5283 :
2916 5231 3024 5288 imo
3072 5233 3325 5288 omnibus
3373 5233 3800 5306 obsequendum,
3839 5228 3947 5298 quia

675 5323 1031 5394 spationibus.
1057 5323 1166 5381 Sed
1213 5333 1270 5378 ut
1301 5322 1457 5378 decet
1503 5321 1752 5378 fmminas
1772 5321 2109 5377 Christianas
2155 5337 2280 5392 pro-
2384 5318 2526 5375 Deus
2547 5321 2698 5392 νιιυε
2733 5338 2840 5379 non
2871 5325 2993 5395 quia
3019 5325 3090 5380 ab
3133 5327 3251 5396 ipso
3281 5331 3602 5400 temporarie
3627 5325 3824 5398 sperari
3859 5323 3946 5376 de-

676 5418 956 5474 mittentes
983 5418 1287 5474 castitatem
1319 5432 1427 5474 non
1459 5425 1665 5471 tantum
1689 5414 1868 5472 verbis
1889 5457 1905 5482 ,
1933 5415 2027 5471 sed
2061 5429 2155 5485 per
2185 5415 2282 5472 bo-
2382 5412 2506 5469 beat
2532 5414 2735 5488 aliquid
2765 5419 2970 5488 praemii
2999 5439 3012 5474 :
3046 5421 3140 5476 sed
3178 5420 3302 5493 quia
3348 5423 3440 5480 Dei
3467 5423 3624 5478 etiam
3655 5422 3705 5477 in
3735 5419 3812 5473 bis
3834 5415 3948 5484 legi-

686 5523 811 5563 nam
836 5509 1306 5565 conversationem
1370 5507 1439 5580 (1
1504 5507 1618 5562 Pet.
1671 5523 1743 5573 tt,
1804 5508 1907 5571 12;
1957 5521 2037 5574 ιιι,
2081 5507 2134 5572 1,
2188 5507 2278 5579 2)

2277 5540 2278 5551 ι
2383 5514 2510 5568 tima
2537 5516 3206 5586 complerecontendimus
3230 5521 3273 5588 (l
3295 5518 3442 5576 Petri
3459 5535 3518 5585 ιι,
3567 5516 3945 5590 l3).Pustremo

675 5598 823 5656 Sciat
863 5615 924 5657 se
964 5610 1143 5658 tacere
1178 5602 1381 5658 debere
1410 5600 1462 5657 in
1496 5599 1772 5665 Ecclesia;
1814 5599 1961 5671 loqui
2000 5602 2146 5656 enim
2176 5601 2285 5657 illis
2379 5605 2758 5674 gratulandum
2787 5608 2906 5675 his,
2931 5609 2985 5663 in
3017 5609 3196 5680 primo
3233 5612 3458 5668 exordio
3501 5609 3655 5666 liberi
3692 5603 3880 5662 arbitrii
3905 5600 3943 5654 si

676 5705 784 5749 non
806 5702 886 5748 est
904 5706 1204 5764 congruum
1242 5691 1289 5766 (l
1311 5690 1498 5748 Timet.
1529 5707 1598 5760 ιι,
1629 5693 1691 5748 11
1719 5703 1766 5747 et
1796 5691 1895 5759 12;
1925 5701 1970 5746 et
1995 5692 2016 5747 1
2047 5690 2282 5750 Corinth.
2380 5695 2448 5752 ad
2489 5697 2656 5752 Deum
2709 5703 3062 5769 accesserint,
3094 5719 3308 5760 omnem
3360 5712 3569 5761 aetatem
3627 5715 3770 5757 suam
3817 5697 3942 5752 bono

680 5799 790 5851 xrv,
819 5783 936 5855 51).
959 5785 1169 5843 Debere
1193 5784 1417 5856 obsequi
1438 5801 1547 5844 non
1574 5795 1780 5844 tantum
1803 5785 2101 5858 majoribus
2127 5795 2280 5858 natu,
2384 5787 2508 5846 fidei
2535 5800 2916 5861 comparantes
2950 5809 2962 5848 :
2994 5793 3137 5865 quod
3185 5811 3292 5851 non
3335 5803 3701 5854 consummata
3724 5797 3868 5849 aztate
3893 5784 3941 5841 in
