4224 6262
289 309 395 368 765

1472 308 1816 369 EPISTOLA.
1848 308 1983 367 Slle
2028 308 2380 381 LIBELLUS.

3488 316 3596 376 746

289 439 501 490 errore,
523 431 780 481 utessent
800 421 1141 497 postmodum
1169 422 1310 493 quod
1333 423 1609 490 dolerem;
1631 424 1727 479 sed
1746 423 1889 495 quod
1917 431 1964 491 Α
1993 434 2136 497 agat.
2169 422 2231 482 Si
2256 426 2411 481 miles
2437 434 2539 492 est,
2595 427 2679 483 vel
2728 427 2994 495 ofﬁcialis,
3028 437 3121 484 aut
3148 429 3348 503 (Codex
3375 449 3471 488 ms.
3504 434 3597 488 Ita-

289 516 468 572 adhuc
522 516 672 585 pueri
702 528 756 570 et
803 516 1143 581 innocentes,
1174 515 1241 568 ad
1288 515 1383 570 Dei
1427 532 1532 567 ttutt
1564 522 1771 569 tantum
1805 530 1892 569 ve-

289 610 458 676 niam,
484 620 744 681 quantum
769 609 997 679 gratiam
1028 608 1388 664 accessissent
1430 611 1890 679 consequentiam.

362 701 501 759 XIII.
523 701 759 758 Iuvenes
790 716 921 758 vero
947 701 1051 758 hoc
1087 709 1217 757 sunt
1249 702 1573 756 admonendi
1606 702 1767 758 modo
1787 743 1802 766 ,
1837 710 1897 757 ut

289 798 336 854 si
368 811 568 853 uxores
596 795 820 863 habent,
851 794 1149 852 doceantur
1174 803 1323 852 caste
1345 796 1529 852 vivere
1554 812 1676 851 cum
1710 797 1896 851 uxori-

289 891 388 947 btts
420 891 556 947 suis.
585 890 834 947 Alienam
868 892 1043 945 sciant
1069 890 1393 946 sceleratum
1429 903 1553 945 esse
1583 889 1897 959 contingere

293 982 338 1057 (1
362 982 597 1041 Corinth.
633 997 730 1047 vn,
756 981 831 1052 1).
874 980 932 1037 Ιιι
966 982 1067 1038 hoc
1085 982 1237 1037 dabit
1266 981 1697 1052 experimentum
1720 990 1773 1035 et
1800 979 1899 1035 do-

290 1088 636 1146 cumentum,
671 1078 1016 1135 renuntiasse
1072 1095 1132 1135 se
1172 1094 1297 1135 vere
1327 1079 1453 1135 vita:
1494 1079 1817 1150 praeteritae,
1851 1078 1894 1133 si

289 1182 575 1244 postquam
602 1170 916 1236 crediderit,
953 1171 1005 1225 in
1037 1171 1233 1227 melius
1264 1170 1386 1226 vita:
1437 1171 1509 1226 sit
1559 1171 1894 1226 reformatio.

290 1263 443 1321 Tunc
470 1265 616 1320 enim
661 1264 858 1319 desinit
890 1278 1013 1319 esse
1039 1265 1274 1335 gentilis,
1308 1276 1502 1320 etesse
1537 1265 1710 1319 initiat
1746 1264 1899 1319 Chri-

292 1357 531 1423 stianus,
584 1357 628 1412 si
672 1357 922 1413 universa
954 1358 1090 1429 legis
1118 1370 1275 1414 caute
1322 1359 1658 1427 custodiens,
1688 1369 1895 1415 castum

292 1466 352 1507 se
391 1451 642 1507 exhibeat
684 1459 741 1507 et
783 1451 1036 1523 pudicum
1069 1451 1110 1524 (l
1152 1452 1272 1509 Cor.
1320 1453 1462 1525 vtt,).
1495 1453 1550 1509 Si
1593 1468 1722 1509 vero
1768 1468 1900 1507 uxo-

290 1558 379 1599 res
409 1560 515 1599 non
549 1543 768 1610 habent,
803 1546 1212 1616 constringendi
1241 1555 1387 1609 sunt,
1419 1556 1475 1600 ut
1499 1555 1595 1601 aut
1642 1546 1895 1613 habeant,

292 1645 388 1694 aut
415 1637 634 1693 omnino
664 1653 725 1692 se
751 1638 1065 1693 c0ntiueant
1089 1680 1103 1703 ,
1136 1654 1205 1694 ne
1230 1625 1424 1710 putent
1466 1640 1567 1696 sibi
1602 1640 1790 1695 eadem
1835 1640 1887 1695 li-

292 1747 441 1801 cere,
472 1747 593 1804 quas
639 1732 867 1803 agebant
909 1745 1065 1787 antea
1097 1732 1316 1803 (Coloss.
1350 1750 1426 1795 ιιι,
1456 1734 1520 1799 5;
1556 1734 1691 1803 Epit.
1726 1749 1780 1799 v,
1813 1734 1894 1805 ὅ).

1997 520 2098 586 bet,
2127 520 2220 592 an)
2248 520 2445 587 Judex,
2480 529 2537 575 ιιι
2559 522 2888 577 moderetur.
2921 523 3196 588 Rusticus,
3220 536 3277 579 ut
3308 541 3412 581 non
3446 543 3596 581 mur-

1998 623 2196 670 muret.
2232 615 2503 680 Urbanus,
2530 624 2584 669 ut
2613 630 2720 669 non
2754 615 3014 671 subdolus
3035 658 3050 683 ,
3086 624 3142 671 et
3177 616 3598 688 circumspector

1997 708 2099 773 sit,
2125 719 2178 764 et
2207 724 2275 765 ne
2318 710 2369 763 in
2415 710 2579 765 rebus
2610 710 2768 764 malis
2806 724 2962 765 suum
3008 719 3261 767 exerceat
3296 712 3591 782 ingenium.

1998 800 2344 871 Negotiator,
2375 810 2436 856 ut
2484 819 2588 857 nou
2638 802 2864 871 pejeret.
2904 802 3188 874 Agricola,
3240 813 3298 859 ut
3325 820 3597 861 annonam

2001 908 2110 948 non
2138 900 2337 964 captet.
2372 892 2595 963 Opifex,
2629 901 2691 947 ttt
2717 909 2821 950 non
2853 896 3069 960 illutlat,
3103 908 3195 950 aut
3223 896 3377 952 fallat
3405 898 3526 955 185.

2070 986 2188 1041 XV.
2231 986 2328 1042 Est
2353 997 2532 1042 autem
2563 986 2697 1042 ﬁdes
2717 1029 2731 1053 ,
2759 996 2818 1041 ut
2858 988 3048 1044 deﬁnit
3077 994 3354 1060 apostolus
3400 993 3599 1049 Paulus

2000 1077 2185 1151 (Hebr.
2217 1094 2302 1145 ιιι,
2355 1078 2430 1151 1),
2467 1079 2772 1134 Snbstantia
2814 1097 3023 1148 rerum,
3052 1101 3179 1153 quas
3218 1102 3483 1152 speramus
3505 1128 3519 1152 ,
3553 1093 3605 1141 et

2000 1170 2158 1226 index
2185 1188 2378 1237 rerum,
2418 1190 2546 1245 quas
2586 1191 2689 1228 non
2714 1175 2963 1230 videmus.
2988 1176 3224 1233 Credere
3253 1189 3307 1234 et
3348 1180 3451 1235 lidc
3481 1183 3604 1250 quis

2000 1266 2196 1331 debet,
2217 1267 2358 1337 quod
2388 1268 2528 1323 Deus
2551 1284 2612 1323 ea
2646 1284 2765 1340 qute
2797 1271 3061 1337 promisit,
3095 1283 3284 1342 potens
3312 1285 3469 1329 estet
3502 1274 3606 1328 itn—

2003 1359 2172 1428 plcre,
2215 1369 2270 1414 et
2296 1375 2445 1430 spem
2477 1375 2629 1416 suam
2662 1363 2714 1417 in
2749 1362 2984 1419 futurum
3024 1367 3339 1423 transferre.
3378 1368 3443 1423 Et
3474 1378 3601 1425 tunc

2003 1447 2108 1505 ﬁde
2138 1450 2292 1518 plena
2325 1453 2522 1521 poterit
2548 1453 2614 1507 ad
2639 1469 2859 1524 ea,qum
2883 1456 3144 1525 promissa
3174 1469 3321 1525 sunt,
3347 1459 3600 1517 facillime

2001 1542 2284 1612 pervenire
2308 1542 2466 1615 (Heb.
2512 1543 2668 1617 31,1).
2689 1546 2815 1603 Haec
2835 1548 2989 1604 nobis
3012 1551 3299 1607 invisibilia
3322 1563 3449 1610 ante
3470 1571 3597 1611 ocu-

2002 1636 2083 1691 los
2106 1638 2271 1707 ponit.
2301 1636 2381 1692 At]
2414 1637 2552 1695 hanc
2582 1640 2833 1711 ingressi,
2852 1652 2906 1697 ct
2935 1642 3166 1710 Diaboli,
3193 1654 3246 1701 et
3277 1656 3599 1715 potestatum

2001 1727 2161 1799 hujus
2192 1729 2400 1795 mundi,
2431 1739 2487 1786 et
2515 1730 2707 1788 harum
2752 1734 3092 1790 tenebrarum
3122 1737 3365 1793 universa
3398 1739 3604 1797 deseri-

292 1826 654 1882 Renuntiasse
679 1841 739 1882 se
766 1824 968 1881 debent
990 1825 1132 1881 scire
1160 1825 1416 1892 Diabolo,
1444 1841 1551 1881 non
1580 1827 1783 1893 verbis,
1803 1826 1897 1883 sed
1928 1834 1976 1895 Β
2004 1834 2124 1876 mus
2149 1819 2314 1891 (Eph.
2354 1824 2535 1888 vr,11,
2555 1823 2709 1896 etc.):
2738 1825 2849 1881 Deo
2869 1842 2990 1882 cum
3016 1828 3203 1883 ﬁducia
3236 1833 3606 1901 proximamus

294 1916 473 1973 factis.
504 1917 944 1982 Admoneantur,
975 1925 1029 1972 et
1057 1917 1230 1972 sciant
1261 1917 1546 1973 interdicta
1579 1933 1700 1974 esse
1733 1918 1902 1974 forni-

2004 1913 2131 1970 186.
2162 1912 2404 1971 Credere
2432 1917 2599 1983 enim,
2633 1928 2683 1973 et
2706 1934 2926 1989 sperare
2951 1938 3172 1980 necesse
3202 1936 3285 1981 est
3315 1943 3434 1996 qua:
3465 1928 3606 1985 Deus

296 2009 564 2065 cationem
609 2018 665 2064 et
685 2008 1037 2063 adulterium.
1057 2007 1269 2063 Nullam
1298 2009 1547 2065 feminam
1583 2010 1746 2067 licere
1769 2025 1902 2066 con-
1997 2006 2179 2075 jussit,
2209 2021 2332 2061 eum
2351 2022 2470 2077 quas
2498 2008 3089 2083 Diabolusinseruerat,
3108 2016 3456 2089 abnegamus.
3481 2021 3601 2077 187.

296 2102 524 2172 tingere,
559 2109 784 2171 excepta
817 2116 1007 2168 uxore,
1042 2108 1098 2155 et
1127 2102 1294 2171 ipsam
1319 2101 1512 2157 deitiee
1532 2112 1897 2173 comparatam

297 2192 421 2248 176.
447 2192 630 2261 Itaque
644 2201 737 2247 aut
763 2192 871 2247 illis
893 2191 1136 2248 ducenda
1165 2203 1249 2248 est
1280 2209 1416 2248 uxor
1448 2193 1489 2265 (Ι
1511 2192 1772 2260 Corinth.,
1798 2210 1897 2260 vn,

295 2288 351 2354 9,
385 2286 490 2353 Qui
517 2302 569 2341 se
613 2302 716 2340 non
770 2288 1053 2352 continent,
1112 2285 1331 2360 nubant)
1354 2329 1369 2355 ,
1398 2297 1492 2341 aut
1530 2287 1900 2359 amplectenda

296 2379 648 2437 continentia.
688 2381 831 2436 Sane
872 2396 940 2435 ne
989 2380 1160 2436 territi
1202 2379 1363 2436 ﬁdem
1406 2380 1691 2447 diﬁerant,
1729 2382 1904 2437 sciant

298 2470 501 2527 tnalum
531 2486 651 2528 esse
673 2480 896 2543 propter
937 2471 1332 2528 immunditiam
1359 2490 1464 2528 non
1494 2472 1719 2529 credere
1752 2474 1855 2529 177
1886 2491 1898 2528 :

298 2566 538 2633 deterius
559 2581 679 2624 esse
705 2566 1027 2638 impudicos,
1053 2576 1336 2638 postquam
1365 2566 1718 2635 crediderint,
1749 2565 1902 2621 inve-

300 2660 425 2715 niri.
452 2657 919 2714 Considerandum
945 2657 1254 2729 juvenibus,
1281 2669 1339 2714 ut
1380 2658 1434 2714 in
1478 2659 1729 2714 omnibus
1752 2659 1906 2714 factis

299 2760 517 2807 aetatem
549 2766 701 2808 suam
742 2760 1037 2821 sitperent,
1068 2751 1250 2806 animo
1285 2760 1339 2806 et
1375 2752 1572 2806 virtute
1599 2750 1771 2807 fortes
1808 2767 1821 2804 :
1852 2760 1908 2806 et

301 2845 442 2916 apud
466 2845 778 2903 interiorem
805 2844 1077 2900 hominem
1132 2842 1198 2918 (ll
1227 2842 1348 2899 Cor.
1395 2860 1467 2911 tv,
1524 2843 1612 2913 16)
1653 2843 1906 2915 juvenes;

303 2937 348 3010 (I
371 2936 605 2994 Corinth.
640 2954 750 3003 xiv,
803 2936 897 3010 20)
964 2939 1105 2994 inter
1152 2952 1312 2993 senes
1360 2938 1467 2993 Deo
1505 2936 1688 3007 judice
1733 2937 1903 2992 collo-

303 3040 495 3086 centur
521 3030 645 3086 178.
675 3029 1068 3087 Gratulandum
1091 3029 1254 3085 etiam
1283 3028 1428 3100 quod
1452 3043 1557 3085 non
1579 3028 1728 3085 omni
1750 3038 1908 3084 actate

303 3135 679 3181 consummata
700 3166 715 3190 ,
744 3123 842 3180 sed
884 3125 939 3179 in
970 3124 1088 3194 ipso
1128 3133 1346 3179 aetatum
1377 3123 1580 3184 calore.
1614 3130 1672 3179 et
1707 3122 1762 3179 in
1793 3123 1908 3195 ipsa

2074 2095 2215 2152 XVI.
2251 2096 2437 2153 Fidem
2467 2114 2592 2168 spes
2617 2102 2883 2171 sequitur.
2932 2106 3117 2177 Itaque
3146 2108 3213 2164 de
3258 2110 3372 2182 ipsa
3418 2112 3609 2184 loqua-

2003 2204 2145 2244 mur.
2179 2189 2274 2245 Est
2299 2190 2462 2260 igitur
2491 2206 2617 2263 spes
2641 2197 2929 2267 expectatio
2952 2216 3121 2253 rerum
3148 2203 3375 2257 omnium
3406 2209 3609 2276 futura-

2003 2295 2141 2343 rum,
2191 2297 2318 2353 quas
2366 2284 2420 2336 in
2465 2283 2572 2353 [ide
2618 2285 2863 2341 habemus
2896 2304 2915 2341 :
2964 2304 3058 2359 per
3102 2306 3261 2359 quam
3311 2295 3607 2365 salvantur,

2004 2370 2173 2449 Paulo
2199 2374 2473 2430 scribente
2511 2379 2758 2446 apostolo
2789 2378 2991 2450 (liont.,
3011 2398 3127 2450 vnt,
3161 2383 3253 2456 2.1)
3279 2403 3299 2440 :
3327 2386 3436 2457 Spe
3476 2390 3611 2444 enim

2004 2462 2192 2517 saluati
2216 2481 2413 2520 sumus.
2437 2464 2574 2535 Spes
2601 2478 2806 2536 autem,
2830 2487 2949 2541 qum
2969 2473 3202 2543 videtur,
3232 2492 3338 2533 non
3357 2486 3441 2534 est
3462 2495 3608 2551 spes.

2005 2556 2162 2625 Quod
2190 2570 2370 2614 autem
2397 2560 2565 2627 videt,
2599 2562 2718 2632 quis
2762 2566 2988 2633 sperat?
3020 2567 3076 2622 Si
3116 2580 3296 2625 autem
3327 2573 3471 2643 quod
3501 2591 3610 2631 non

2006 2648 2272 2716 videmus,
2303 2665 2718 2723 speramus,per
2742 2656 3055 2726 patientiam
3084 2673 3454 2733 expectamus.
3484 2666 3611 2723 Haec

2008 2740 2063 2795 in
2091 2755 2151 2796 se
2183 2740 2345 2798 habet
2366 2742 2614 2799 timorem
2646 2761 2660 2798 :
2685 2761 2791 2800 non
2816 2747 2962 2802 illum
2990 2748 3135 2816 dico,
3154 2753 3308 2821 cujus
3338 2754 3611 2826 oblivisci,

2008 2842 2064 2887 et
2093 2848 2253 2904 quem
2302 2832 2448 2891 foras
2493 2835 2655 2891 debet
2686 2838 2901 2895 mittere
2928 2841 3169 2911 quisquis
3202 2845 3252 2899 in
3297 2845 3403 2902 ﬁde
3442 2848 3608 2915 vivit;

2008 2923 2103 2979 sed
2120 2924 2214 2995 qui
2234 2941 2372 2980 unus
2398 2927 2467 2983 de
2494 2929 2797 2998 spiritibus,
2827 2933 3022 3000 quibus
3044 2936 3283 3005 repletur
3309 2937 3487 3005 Jesus,
3508 2942 3611 2997 sic-

2010 3024 2071 3071 ut
2100 3016 2264 3073 Isaias
2292 3028 2520 3075 testatur
2574 3020 2708 3093 (Isa.
2739 3040 2814 3089 XI,
2844 3022 2897 3096 1)
2924 3042 2937 3078 :
2971 3024 3122 3082 Exiet
3144 3030 3287 3102 virga
3324 3030 3389 3085 de
3434 3034 3613 3090 radice

2009 3110 2186 3178 Iesse,
2235 3122 2282 3167 et
2325 3115 2424 3184 [las
2475 3115 2539 3170 de
2577 3117 2753 3172 radice
2791 3121 2905 3189 ejus
2946 3122 3205 3190 ascendet,
3247 3135 3296 3179 et
3339 3127 3617 3196 requiescet

306 3217 673 3274 adolescentia
702 3215 1030 3287 ﬂagitiorum
1049 3217 1248 3271 auctori
1273 3216 1520 3279 Diabolo,
1546 3224 1601 3272 et
1619 3214 1909 3271 immundis
1938 3223 1982 3288 ρ
2013 3222 2167 3277 super
2209 3223 2325 3260 eum
2368 3208 2583 3278 spiritus
2627 3212 2912 3282 εαρίεηιίιε.
2946 3224 2992 3269 ει
3012 3215 3299 3271 intellectus
3324 3260 3339 3285 .
3385 3220 3618 3289 spiritus.

304 3311 467 3367 factis
512 3309 980 3366 renuntiaverint:
1021 3320 1076 3364 et
1102 3308 1345 3366 renovati
1375 3308 1669 3366 exhibeant
1705 3325 1765 3364 se
1798 3308 1913 3364 Deo

308 3417 478 3476 puros
506 3403 558 3457 in
585 3401 788 3457 malitia
808 3399 1002 3474 (Ibid)
1036 3401 1132 3456 :In
1153 3401 1540 3457 tcntationibus
1570 3401 1827 3471 juvenes;
1858 3399 1912 3454 in

311 3495 587 3563 consiliis,
620 3502 671 3552 et
703 3494 1118 3565 cogitationibus
1148 3508 1308 3549 senes
1329 3507 1518 3564 graves
1551 3492 1674 3548 179.
1708 3492 1774 3545 Et
1814 3490 1915 3545 hos

310 3605 504 3646 omnes
533 3587 832 3645 monendos
864 3603 986 3643 es~e
1025 3568 1301 3651 existimo,
1328 3596 1383 3640 ut
1414 3584 1664 3641 omnibus
1697 3591 1918 3655 pr0ptcr

320 3683 495 3739 Deum
544 3683 911 3753 obsequantur
942 3679 982 3754 (l
1027 3677 1171 3734 Petr.
1214 3694 1273 3743 ιι,
1322 3677 1409 3748 15)
1448 3695 1461 3731 :
1507 3675 1726 3732 domum
1765 3690 1915 3730 suam

311 3776 453 3833 bene
477 3791 670 3848 regere
698 3776 909 3831 discant
934 3773 979 3845 (Ι
1013 3771 1147 3828 Tim.
1192 3787 1260 3839 v,
1317 3770 1375 3831 ιι
1402 3791 1415 3824 :
1450 3772 1494 3826 si
1527 3770 1666 3826 ﬁlios
1698 3769 1917 3834 habent,

311 3870 404 3943 pic
433 3879 664 3926 tractent
688 3866 878 3944 (Ibid.,
909 3884 1040 3923 vers.
1066 3866 1170 3934 10;
1216 3864 1317 3921 Tit.
1359 3880 1416 3930 Il,
1468 3862 1548 3933 l),
1573 3872 1628 3918 et
1655 3862 1924 3917 instruant

314 3965 481 4022 rebus
506 3964 751 4021 deiﬁcis:
786 3966 901 4019 btec
932 3963 1076 4017 enim
1106 3962 1257 4033 signa
1292 3970 1421 4016 sunt
1451 3958 1575 4015 ﬁdei
1605 3968 1837 4024 nostrae,
1873 3958 1919 4011 si

316 4072 429 4112 non
468 4057 640 4111 solum
692 4054 1120 4120 crediderimus,
1164 4067 1350 4110 verum
1390 4053 1554 4110 etiam
1598 4051 1745 4116 aliis,
1802 4065 1925 4122 quae

316 4149 734 4214 crediderimus,
770 4147 1151 4204 tradiderimus
1179 4146 1301 4202 180.

390 4241 532 4298 XIV.
560 4241 754 4298 Milites
788 4240 989 4296 Christi
1023 4242 1196 4296 sciant
1235 4254 1294 4295 se
1326 4239 1378 4294 in
1406 4253 1539 4309 pace
1567 4236 1768 4294 debere
1804 4251 1927 4293 esse

319 4336 618 4402 Sollicitos,
646 4344 701 4391 ct
740 4335 809 4409 ing
837 4334 1211 4406 persecutione
1253 4333 1597 4389 fortissimos.
1622 4331 1699 4387 lta
1716 4347 1925 4387 nomen

320 4429 529 4484 militia:
554 4426 792 4493 dedisse,
822 4438 874 4483 et
902 4426 1153 4482 donativa
1183 4425 1265 4481 vel
1298 4424 1561 4493 stipendia
1598 4425 1679 4480 sic
1706 4438 1929 4496 sperare

320 4524 449 4578 vita:
477 4531 694 4578 aeterna:
722 4522 819 4577 181
847 4562 863 4588 ,
891 4529 952 4576 ιιι
989 4529 1186 4592 praeter
1222 4519 1529 4591 quotidiana
1579 4520 1729 4590 pacis
1755 4528 1929 4575 certa-

2018 3302 2243 3356 scientia:
2284 3311 2332 3356 et
2374 3302 2595 3371 pietatis,
2636 3313 2682 3358 et
2708 3304 2920 3374 replebit
2972 3307 3120 3361 illum
3171 3310 3385 3377 spiritus
3424 3313 3621 3367 timoris

2015 3392 2270 3449 Domini:
2312 3394 2465 3449 Illum
2497 3396 2778 3465 spiritum,
2824 3414 2983 3469 quem
3030 3399 3197 3456 David
3244 3405 3388 3459 canit
3433 3406 3622 3462 dicens

2017 3482 2192 3556 (Psat.
2247 3501 2457 3553 χχχιιι,
2511 3485 2601 3558 10)
2643 3504 2657 3540 :
2718 3487 2910 3545 Timete
2951 3490 3249 3561 Dominum,
3308 3473 3447 3552 Justi
3488 3500 3614 3569 ejus.

2019 3576 2176 3634 Unde
2205 3587 2260 3632 et
2301 3579 2442 3634 beati
2469 3578 2803 3647 efﬁciuntur,
2836 3582 3027 3639 eodem
3060 3594 3415 3655 protestante,
3443 3598 3497 3643 et
3542 3590 3623 3653 di-

2020 3681 2178 3729 cente
2209 3671 2329 3743 (Ps.
2362 3689 2469 3738 cxt,
2504 3673 2558 3746 1)
2604 3692 2617 3729 :
2652 3672 2840 3729 Beatus
2866 3677 2943 3731 vir
2961 3680 3051 3747 qui
3064 3680 3203 3734 timet
3229 3677 3528 3737 Dominum.
3560 3683 3627 3738 Il—

2022 3767 2130 3823 lum
2160 3768 2407 3822 timorem
2440 3767 2589 3834 dicit,
2606 3768 2698 3840 qui
2716 3779 2895 3827 castus
2925 3779 3009 3826 est
3029 3782 3079 3826 et
3097 3773 3343 3843 pudicus.
3364 3773 3623 3839 Quoniam

2025 3863 2177 3916 timor
2212 3860 2420 3916 Domini
2444 3871 2635 3931 castus,
2681 3863 2857 3933 inquit
2883 3864 3053 3921 David
3080 3866 3252 3940 (Psal.
3308 3884 3460 3934 xvm,
3496 3870 3623 3943 10),

2024 3963 2285 4027 permanet
2320 3953 2374 4008 in
2400 3954 2645 4010 sarculum
2673 3958 2869 4012 saeculi.
2902 3957 3044 4029 Ergo
3088 3958 3284 4029 duplex
3333 3972 3415 4017 est
3465 3962 3627 4018 etiam

2027 4049 2210 4116 timor,
2249 4059 2305 4105 et
2353 4064 2490 4104 unus
2535 4050 2870 4121 appetendus
2915 4063 2970 4106 et
3021 4052 3159 4109 alius
3195 4054 3498 4125 fugiendus.
3530 4056 3629 4112 Est

2028 4147 2189 4217 igitur
2240 4146 2402 4201 timor
2426 4145 2783 4217 appetentius,
2822 4145 3142 4213 admonitio,
3167 4158 3222 4205 et
3265 4152 3507 4206 custodia
3537 4167 3626 4209 re-

2029 4254 2147 4294 rum
2175 4238 2443 4305 omnium,
2466 4238 2900 4307 quas'credimtts
2937 4249 3027 4294 aut
3083 4255 3364 4311 Speramus
3394 4261 3407 4295 :
3438 4242 3627 4299 timea-

2032 4346 2153 4387 mus
2177 4332 2321 4388 enim
2368 4330 2660 4402 Iudicium,
2693 4333 2816 4401 quia
2867 4348 3183 4403 speramus;
3232 4347 3286 4390 ct
3330 4348 3633 4395 metuamus

2031 4425 2343 4491 Domimnn,
2374 4423 2498 4494 quia
2529 4425 2721 4481 fortem
2754 4425 2905 4481 illum
2937 4425 3182 4482 Iudicem
3213 4428 3505 4487 credimus.

2106 4516 2271 4574 XVII.
2311 4515 2422 4573 Sed
2447 4517 2702 4588 quoniam
2748 4526 2927 4575 castus
2952 4527 3037 4574 est
3077 4519 3239 4574 timor
3284 4520 3416 4590 Dei,
3454 4534 3508 4580 et
3546 4532 3632 4580 est

324 4615 493 4679 mina,
522 4629 644 4684 qua:
670 4616 811 4670 circa
840 4612 1123 4669 Diabolum
1146 4653 1161 4677 ,
1192 4613 1275 4667 cui
1307 4612 1753 4677 renuntiavimns,
1786 4611 1932 4682 geri-
1959 4615 2007 4676 D
2034 4610 2254 4666 castitas
2279 4609 2488 4679 Species
2512 4611 2895 4676 continentiae;
2933 4610 3000 4667 de
3037 4612 3368 4670 continentia
3409 4624 3465 4671 et
3515 4618 3633 4685 ejus

326 4721 481 4772 mus,
513 4705 997 4774 persecutionionis
1037 4719 1267 4776 pugnam
1309 4714 1363 4759 et
1400 4704 1584 4774 prmlia
1631 4703 1933 4774 cogitemus

332 4797 455 4855 182.
479 4797 595 4853 Non
626 4797 870 4867 corporis
899 4797 1163 4867 supplicia
1193 4796 1513 4862 metuenda;
1548 4796 1644 4851 sed
1686 4796 1937 4852 conside-

325 4889 496 4946 randa
522 4890 711 4945 merita
731 4930 748 4959 ,
778 4890 859 4944 vel
891 4889 1176 4959 promissa.
1199 4885 1496 4959 Captivitas
1528 4887 1702 4958 potius
1737 4895 1795 4943 et
1833 4886 1932 4943 sub

328 4983 487 5040 hoste
506 4984 759 5049 servitus,
783 4991 840 5039 et
873 4982 1091 5039 exilium
1123 4983 1360 5039 caelestis
1390 4982 1604 5048 Patriae,
1642 4992 1697 5037 et
1726 4982 1821 5036 Dei
1843 4981 1937 5036 ιυ-

326 5073 560 5134 dicium.
593 5073 755 5129 etiam
790 5073 1064 5130 insultatio
1098 5072 1322 5142 inimici,
1350 5083 1406 5129 et
1434 5056 1584 5129 mors
1619 5081 1820 5129 aeterna
1844 5115 1861 5140 ,
1883 5080 1939 5129 et

329 5175 532 5222 aeterna
563 5175 830 5222 tormenta
863 5165 1296 5237 pertimescenda
1327 5174 1455 5221 sunt
1503 5165 1627 5221 185.
1671 5162 1937 5220 Conside-

330 5274 540 5324 remus,
571 5274 672 5314 nos
700 5274 891 5314 omnes
912 5273 1032 5314 esse
1058 5258 1333 5323 mortales,
1359 5268 1414 5313 et
1444 5272 1668 5313 necesse
1695 5270 1817 5313 esse
1840 5270 1939 5313 nos

330 5353 496 5409 mori.
522 5351 693 5419 Quam
723 5352 1018 5423 gloriosum
1068 5361 1121 5407 et
1149 5349 1576 5422 pt‘mdicandutn,
1600 5350 1646 5405 si
1673 5349 1815 5420 quod
1844 5364 1941 5406 ne-

334 5458 490 5501 cesse
512 5453 595 5499 est
626 5442 756 5513 pati,
781 5454 1125 5513 expugnatur
1145 5443 1199 5499 in
1228 5443 1419 5515 gloria.
1452 5442 1734 5513 Aptandus
1762 5443 1941 5498 omnis

334 5542 516 5594 Sermo
529 5535 594 5591 ad
613 5534 1037 5592 deatruction'em
1083 5535 1367 5603 idolatria},
1424 5545 1479 5590 et
1508 5536 1749 5608 martyrii
1779 5550 1937 5590 coro-

336 5644 465 5687 nam
496 5628 834 5695 laudandam,
872 5637 930 5684 ut
958 5627 1246 5685 omnifarie
1272 5627 1338 5684 ad
1369 5628 1784 5701 expugnandum
1815 5628 1944 5684 bos-

339 5734 471 5789 tem,
501 5735 554 5781 et
584 5724 700 5795 ejus
740 5721 921 5795 jacula
948 5722 1256 5794 repellenda
1289 5722 1443 5779 miles
1467 5721 1666 5778 Christi
1707 5721 1946 5777 munitus

341 5817 556 5877 incedat
599 5818 725 5876 184.
767 5817 819 5873 Is
856 5819 945 5889 qui
997 5817 1358 5890 evangelizat,
1408 5818 1770 5891 interrogetur
1818 5816 1947 5890 quid

785 5915 1061 5979 ΡΑι-ιιοι..
1109 5913 1195 5975 X.

2036 4701 2325 4757 virtutibus
2351 4716 2493 4757 nunc
2520 4701 2858 4758 tractandum
2891 4712 2994 4759 est.
3022 4704 3116 4760 Est
3141 4715 3318 4762 autem
3351 4709 3634 4764 continen-

2040 4795 2108 4849 tia
2134 4795 2543 4864 appetendarunt
2573 4795 2804 4849 omnium
2848 4811 3021 4850 rerum
3049 4797 3305 4852 malarum
3330 4801 3632 4871 refrenatio.

2040 4886 2302 4942 Maiarum
2336 4886 2460 4942 ideo
2498 4887 2714 4956 addidi,
2763 4903 2831 4945 ne
2859 4888 3078 4946 Judices
3108 4901 3329 4962 putent,
3359 4893 3640 4951 difﬁnitio—

2040 4994 2165 5035 nem
2190 4979 2348 5034 istam
2377 4994 2725 5034 communem
2756 4995 2879 5036 esse
2903 4982 2956 5036 in
2984 4982 3147 5038 rebus
3170 4983 3346 5052 bonis,
3378 4997 3434 5062 et
3458 4987 3637 5043 malis.

2042 5070 2176 5126 Nam
2205 5070 2295 5141 qui
2322 5086 2382 5126 se
2410 5087 2438 5126 a
2460 5071 2617 5128 bonis
2641 5073 2877 5140 retinet,
2912 5089 3018 5130 non
3049 5076 3188 5132 bene
3218 5088 3300 5132 est
3321 5080 3639 5148 continens;

2043 5163 2140 5218 sed
2161 5177 2194 5219 a
2217 5161 2408 5229 malis,
2441 5175 2611 5219 recte.
2639 5162 2744 5220 Sed
2792 5165 2845 5219 in
2900 5165 3151 5222 omnibus
3183 5182 3313 5225 sane
3359 5174 3644 5245 praeceptis

2044 5256 2246 5328 duplex
2276 5256 2677 5325 consideratio,
2720 5266 2778 5314 et
2805 5257 3053 5313 doctrina
3078 5273 3203 5316 esse
3233 5260 3415 5317 debet.
3450 5263 3516 5319 Et
3544 5264 3646 5322 hoc

2045 5348 2385 5407 retinendum
2436 5360 2490 5405 ct
2520 5349 2922 5406 observandum
2953 5350 3006 5406 in
3035 5353 3249 5409 caeteris
3277 5355 3533 5424 arbitror,
3561 5369 3641 5426 ut,

2047 5456 2169 5497 cum
2194 5454 2355 5496 unam
2390 5448 2594 5510 partem
2629 5442 2948 5497 tractaveris
2973 5482 2987 5506 ,
3018 5445 3346 5503 contrariam
3378 5451 3595 5505 noveris
3628 5468 3644 5506 :

2049 5544 2103 5590 et
2133 5535 2201 5588 ita
2233 5549 2417 5589 rerum
2449 5534 2686 5604 ipsarum
2718 5534 2986 5591 institutio
3010 5537 3212 5606 exigit,
3242 5547 3322 5605 ut,
3353 5554 3473 5596 cum
3512 5543 3647 5600 alte-

2049 5638 2164 5681 ram
2199 5636 2406 5694 partem
2443 5627 2683 5681 tenueris
2706 5668 2721 5691 ,
2769 5626 2994 5681 alteram
3043 5642 3267 5685 necesse
3295 5643 3378 5687 est
3425 5633 3648 5691 deseras

2054 5716 2179 5773 188.
2212 5715 2471 5773 Malorum
2496 5734 2627 5773 sane
2656 5719 3013 5775 substantiam
3033 5720 3100 5777 ab
3121 5722 3272 5780 initio
3304 5725 3503 5782 nullam
3530 5745 3651 5785 esse

2053 5814 2451 5888 comperimus;
2481 5816 2683 5889 quippe
2737 5814 3221 5874 inobedientia.....
3261 5824 3422 5895 juxta
3468 5822 3657 5885 bonum

2979 5910 3058 5974 21s
