4224 6262
677 318 783 379 747

1875 312 2121 372 SANCTI
2160 308 2421 372 HILARII
2460 312 2767 373 EPISCOPI
3841 310 3926 383 1&8

677 434 872 488 malum
897 439 971 487 est
997 428 1378 499 (Eeclesiastic.
1420 442 1627 497 χχχιιι,
1663 427 1784 499 15).
1816 427 1888 484 Ει
1924 444 2045 500 quae
2077 429 2121 484 si
2151 443 2278 485 nus-
2302 430 2356 492 Α
2381 431 2723 501 comprobari
2752 446 2767 499 ;
2796 444 2917 486 cum
2967 430 3035 487 ab
3078 430 3212 504 ipsis
3254 430 3406 503 prius
3444 432 3641 490 mentis
3668 436 3928 525 requiratur

681 538 840 598 quam
871 532 1249 595 comparentur
1274 522 1374 577 sibi
1413 540 1426 577 :
1461 521 1588 577 boni
1614 521 1781 577 tutela
1801 531 2054 578 servatur
2077 522 2201 579 I89.

758 618 944 675 XVIII.
976 615 1321 673 Continentia
1349 613 1513 686 igitur
1539 614 1787 670 docenda
1817 625 1901 671 est
1938 623 1995 671 et
2047 613 2277 672 tenenda

686 713 739 766 in
762 709 918 766 malis
946 708 1133 765 rebus.
1165 706 1224 763 In
1251 707 1410 763 bonis
1431 706 1661 763 aviditas
1687 706 1947 780 exigenda
1976 715 2080 764 est.
2111 706 2279 762 David

679 801 991 874 pronuntiat
1025 810 1081 857 et
1141 800 1303 856 docet
1341 798 1527 857 dicens
1566 799 1742 876 (Psal.
1772 817 1889 869 cxt,
1926 799 1997 874 I)
2028 817 2044 857 :
2088 799 2280 857 Beatus

677 895 775 961 uir,
804 894 893 965 qui
923 894 1065 948 timet
1105 892 1386 949 Dominum
1419 909 1436 950 :
1466 893 1520 948 in
1555 895 1813 950 mandatis
1838 882 2152 968 ejus‘cupiet
2196 895 2278 949 ni-

676 990 795 1045 mis.
828 988 959 1045 Item
988 988 1357 1044 continentem
1396 986 1601 1044 debere
1628 1001 1751 1043 esse
1784 988 1836 1041 in
1864 987 2022 1043 malis
2042 1030 2056 1056 ,
2097 995 2150 1043 et
2178 1003 2277 1059 ap-

677 1091 950 1154 petentem
998 1083 1263 1138 bonorum
1294 1124 1308 1148 ,
1340 1083 1392 1136 in
1422 1081 1530 1137 alio
1556 1091 1859 1153 praemonet
1902 1081 2146 1151 psalmo,
2199 1081 2279 1137 sic

672 1176 859 1234 dicens
916 1176 1093 1250 (Psal.
1136 1191 1337 1243 xxxnt,
1382 1174 1449 1230 14
1480 1191 1537 1243 la:
1587 1172 1803 1230 Contine
1850 1173 2082 1245 linguam
2139 1182 2279 1227 tuam

675 1290 708 1327 a
730 1272 890 1338 malo,
914 1281 960 1325 et
977 1271 1113 1325 labia
1128 1280 1216 1325 tua
1231 1287 1292 1324 ne
1308 1269 1583 1339 loquantur
1595 1268 1864 1322 insidiosa.
1882 1264 2034 1321 Euita
2055 1284 2086 1321 a
2113 1267 2274 1332 malo,

674 1376 722 1421 et
745 1370 831 1438 fac
858 1366 1079 1431 bonum;
1098 1380 1269 1436 qurere
1290 1379 1463 1435 pacem
1486 1405 1501 1429 ,
1563 1370 1611 1416 et
1650 1360 1974 1431 consequeris
2005 1376 2115 1415 eam
2146 1358 2273 1415 I90.

746 1457 892 1516 XIX.
927 1458 1108 1514 Placet
1137 1456 1299 1514 etiam
1326 1456 1393 1511 de
1423 1452 1823 1511 continentibus
1843 1450 2096 1508 conferre
2128 1451 2226 1507 191
2258 1466 2274 1505 :

673 1556 877 1612 multos
902 1554 1047 1611 enim
1076 1552 1237 1610 video
1265 1552 1414 1623 iuxta
1452 1551 1890 1619 coniunctionem
1934 1549 2273 1621 coniugalem

672 1648 1017 1705 contineules
1063 1643 1439 1701 tantummodo
1470 1643 1574 1699 I92
1604 1686 1619 1711 ,
1648 1652 1707 1699 et
1736 1643 1788 1697 in
1828 1641 2052 1713 reliquis
2097 1640 2273 1697 conti-

672 1742 871 1798 nentia:
904 1741 1144 1813 partibus
1195 1738 1449 1795 omnibus
1476 1780 1492 1805 ,
1543 1736 1839 1809 gentilibus
1888 1751 2014 1792 esse
2045 1734 2277 1791 deterri-

2385 526 2666 596 integritas
2690 566 2706 592 ,
2736 539 3063 595 quamquam
3114 539 3214 580 nec
3252 524 3307 580 in
3352 539 3578 597 corpore
3605 528 3808 583 omnino
3830 547 3928 589 exa-

2385 616 2581 673 minari
2630 616 2862 688 possint.
2894 616 3008 671 Non
3040 616 3184 672 enim
3233 617 3578 673 conscientias
3613 617 3828 677 latebras
3851 622 3929 679 bo.

2385 710 2623 766 minibus
2651 709 2793 766 scire
2818 752 2831 775 ,
2875 720 2967 765 aut
2995 708 3203 765 nudare
3236 705 3555 779 permissum
3594 719 3707 776 est,
3756 711 3935 772 dicente

2387 803 2661 874 Scriptura
2692 801 2744 874 (I
2770 800 2898 874 Reg.
2929 808 3057 871 xvt’,
3083 803 3139 875 7)
3168 819 3182 859 :
3217 801 3386 857 Homo
3408 803 3542 858 videt
3569 804 3623 857 in
3646 804 3790 878 facie,
3822 806 3934 862 Deus

2384 909 2553 953 autem
2578 898 2634 952 in
2669 897 2841 953 corde.
2878 895 3024 953 Deus
3049 895 3191 953 solus
3212 897 3392 951 intima
3418 906 3468 952 et
3490 905 3682 952 secreta
3705 900 3935 969 conspicit.

2385 990 2492 1049 Sed
2521 990 2808 1048 manifesta
2837 999 2922 1048 est
2950 1005 3054 1047 vox
3087 990 3300 1047 Domini
3325 990 3639 1065 monentis(
3657 990 3830 1047 Matth.
3850 1010 3934 1065 vn,

2385 1088 2480 1160 90)
2515 1108 2528 1146 :
2558 1088 2603 1144 A
2632 1089 2884 1160 fructibus
2913 1105 3091 1144 eorum
3134 1091 3452 1163 cognoscetis
3495 1106 3601 1147 eos.
3641 1088 3696 1147 Si
3723 1091 3938 1147 conside-

2384 1183 2515 1237 relis
2536 1224 2551 1249 ,
2592 1181 2767 1253 qualis
2797 1197 2990 1238 eorum
3021 1193 3302 1254 aspectus;
3333 1199 3493 1256 quam
3527 1183 3733 1239 turbata
3762 1183 3941 1255 fronte,

2384 1290 2546 1346 quam
2585 1274 2948 1331 inverecunda
2988 1277 3323 1348 respiciunt;
3362 1284 3623 1345 quantum
3660 1275 3943 1335 audacizein

2388 1368 2578 1432 vultu,
2633 1377 2892 1440 quantum
2939 1371 3261 1425 constantia:
3311 1378 3527 1441 gerunt,
3574 1368 3855 1441 impudicus
3898 1372 3943 1426 in

2383 1462 2701 1535 quibusdam
2732 1463 2933 1531 cultus,
2964 1473 3019 1519 et
3050 1462 3331 1520 alIectatus
3367 1462 3613 1520 incessus
3648 1462 3944 1537 professione

2378 1555 2651 1625 iactantiae
2671 1555 2793 1612 I99.
2827 1555 2895 1611 Et
2921 1554 2989 1609 ad
3018 1556 3118 1611 hoc
3149 1555 3457 1627 huiusmodi
3491 1555 3826 1628 professionis
3852 1555 3945 1612 vel-

2382 1647 2460 1703 uti
2488 1647 2705 1705 devotio
2763 1647 3031 1719 procedit,
3063 1657 3122 1704 ut
3144 1658 3365 1719 pr0pter
3394 1664 3617 1715 nomen,
3644 1648 3776 1719 quod
3796 1648 3944 1705 solum

2382 1749 2623 1811 portant,
2648 1742 2994 1813 virginitatis,
3019 1741 3337 1813 appetibiles
3365 1739 3516 1795 fiant.
3543 1739 3673 1796 Inde
3699 1751 3793 1806 est,
3821 1738 3943 1811 quod

671 1850 811 1892 mos.
852 1836 911 1891 Si
952 1834 1096 1890 enim
1140 1831 1489 1899 consideres,
1523 1846 1683 1902 quam
1711 1829 1929 1901 plurimi
1976 1830 2189 1885 illorum
2221 1835 2277 1884 et
2306 1835 2355 1896 B
2386 1849 2447 1890 se
2476 1835 2753 1901 indicant,
2798 1850 2921 1890 cum
2970 1849 3030 1890 se
3074 1836 3252 1891 celare
3279 1834 3623 1901 debuerant,
3664 1832 3768 1890 Deo
3816 1832 3945 1889 exhi-

670 1928 913 1985 iracundi
937 1937 1096 1994 sunt,
1133 1936 1188 1983 et
1213 1924 1450 1991 ebriosi,
1480 1933 1534 1980 et
1577 1937 1867 1995 procaces,
1919 1931 1974 1979 et
2008 1921 2271 1993 superbi,

670 2033 720 2079 et
764 2038 833 2079 ex
886 2022 1060 2077 forma
1100 2018 1266 2074 veluti
1297 2016 1648 2075 continentia:
1695 2014 1871 2087 magis
1911 2012 2116 2081 inflati,
2151 2029 2273 2085 per-

671 2130 958 2182 cussores,
990 2112 1287 2179 maledici,
1337 2109 1552 2182 cupidi,
1605 2108 1831 2175 tumidi,
1903 2107 2129 2163 tnultum
2169 2105 2273 2161 sibi

670 2206 981 2277 placentes,
1023 2214 1084 2261 ut
1124 2205 1295 2273 magis
1317 2201 1558 2272 indices,
1588 2201 1735 2256 illam
1782 2200 1955 2271 ipsum
1977 2240 1992 2265 ,
2021 2212 2183 2269 quam
2214 2210 2273 2253 se

668 2299 951 2371 proferunt
971 2299 1177 2356 habere
1200 2296 1304 2353 195
1328 2293 1748 2361 continentiam,
1780 2291 2026 2348 fomitem
2050 2299 2105 2346 et
2126 2289 2274 2345 ﬂam-

669 2412 812 2452 mam
836 2438 852 2462 ,
884 2405 939 2451 et
968 2393 1253 2449 materiam
1299 2391 1474 2462 magis
1501 2388 1777 2446 criminum
1826 2385 2273 2443 subntinislrasse

671 2490 795 2545 I94.
825 2487 959 2544 Cum
1005 2489 1189 2556 utique
1230 2484 1348 2541 hmc
1402 2484 1751 2554 prtcsecanda
1796 2482 1946 2550 sint,
1993 2481 2048 2536 in
2077 2481 2271 2552 quibus

664 2582 908 2654 quntidie
937 2581 1391 2653 reprehendimur
1414 2622 1430 2646 ,
1473 2588 1527 2637 et
1551 2591 1678 2636 tunc
1708 2580 1879 2652 magis
1908 2577 1964 2634 in
1994 2578 2120 2633 aliis
2149 2594 2271 2635 om-
2301 2589 2308 2596 ‘

662 2678 822 2735 nibus
844 2676 990 2732 vitiis
1021 2675 1195 2731 virtus
1217 2674 1568 2730 continentiae
1599 2672 1883 2729 retinenda
1914 2688 1927 2725 :
1959 2680 2013 2727 et
2038 2669 2108 2726 ad
2138 2686 2269 2726 con-

663 2771 1085 2830 summationem
1122 2784 1229 2825 non
1268 2770 1581 2838 coniunctio
1616 2766 1922 2839 respuenda
1945 2806 1960 2831 ,
1986 2764 2083 2822 sed
2114 2765 2271 2837 pudi-

666 2867 798 2921 citia
844 2861 1210 2935 przeponenda
1242 2870 1345 2918 est.
1392 2859 1529 2916 Nam
1572 2876 1695 2915 cum
1746 2857 2026 2930 apostolus
2066 2855 2269 2912 Pauius

663 2959 938 3017 Ecclesias
981 2964 1395 3021 commoneret,
1451 2971 1561 3009 non
1614 2955 1934 3009 uniformem
1992 2952 2268 3008 mandavit

663 3054 1075 3119 continentiam,
1102 3050 1198 3106 sed
1237 3048 1290 3103 in
1315 3049 1510 3120 quibus
1537 3047 1841 3119 appetenda
1864 3056 1919 3103 et
1944 3044 2268 3101 invenienda

666 3149 772 3215 sit,
807 3149 885 3202 sic
924 3146 1133 3200 monuit
1167 3143 1353 3199 dicens
1389 3159 1402 3195 :
1437 3140 1504 3197 Ut
1535 3141 1641 3208 sit,
1695 3140 1871 3211 inquit
1912 3138 1965 3212 (I
1994 3137 2117 3195 Cor.
2157 3154 2263 3207 vn,

2378 1928 2569 1983 bentes
2599 1926 2972 1982 tantummodo
3002 1926 3319 1997 obsequium
3352 1941 3513 1981 suum
3533 1968 3549 1992 ,
3601 1940 3632 1980 a
3669 1941 3768 1992 quo
3791 1941 3942 1981 remu-

2378 2020 2718 2075 nerationem
2750 2017 3006 2090 pudicitia
3054 2028 3236 2089 sperat
3280 2017 3409 2075 200.
3463 2016 3594 2074 Ideo
3621 2016 3855 2089 ingressa:
3891 2017 3944 2073 li-

2375 2113 2519 2167 mina
2543 2114 2737 2167 domus
2761 2112 2853 2167 Dei
2868 2111 2933 2165 ad
2963 2110 3239 2167 orationes
3261 2112 3468 2167 intecto
3481 2112 3659 2181 capite
3679 2111 3941 2177 initiantur,

2376 2206 2798 2275 interpretantes
2854 2202 3174 2276 Apostolum
3224 2204 3642 2277 (cohibentibus
3698 2213 3944 2276 corrupto-

2375 2298 2524 2353 ribus
2544 2296 2690 2370 suis)
2721 2297 2790 2354 de
2809 2298 3124 2355 mulieribus
3143 2297 3433 2366 maritalis,
3461 2313 3573 2353 non
3594 2296 3662 2354 de
3681 2297 3941 2369 virginibus

2374 2392 2628 2449 statuisse
2659 2411 2672 2447 :
2709 2393 3016 2449 nescientes
3056 2391 3201 2464 quod
3231 2391 3430 2463 ubique
3472 2392 3738 2448 masculos
3779 2392 3941 2462 cujus-

2375 2487 2506 2543 libet
2526 2487 2705 2543 aetatis
2739 2486 2894 2542 Viros
2942 2480 3185 2542 nominat
3211 2503 3226 2552 ;
3251 2502 3447 2544 omnes
3480 2487 3705 2544 feminas
3736 2485 3940 2541 Mulieri:

2373 2581 2742 2653 appellatione
2781 2580 3069 2654 designat.’
3094 2580 3224 2639 Scio
3268 2594 3359 2638 me
3395 2595 3683 2637 excessum
3723 2579 3939 2636 fecisses

2374 2676 2651 2746 proposito
2677 2683 2909 2731 tractatu
2941 2674 3295 2731 continentiae
3337 2689 3351 2740 ;
3395 2674 3497 2730 sed
3540 2675 3865 2731 necessarie:
3893 2681 3939 2727 ut

2372 2766 2627 2839 deinceps
2651 2783 2839 2824 omnes
2871 2766 3120 2824 homines
3149 2766 3442 2840 cujuslibet
3470 2784 3634 2825 sexus
3655 2768 3800 2839 plena
3828 2781 3940 2822 cou-

2371 2862 2598 2917 tinentia
2621 2861 2766 2917 docti
2794 2861 2998 2928 sciant,
3027 2869 3084 2917 et
3100 2862 3295 2933 quibus
3321 2877 3382 2918 se
3411 2862 3735 2931 abstineant,
3769 2872 3818 2917 et
3838 2874 3940 2932 qua

2378 2952 2612 3009 debeant
2665 2953 2941 3009 custodire
2970 2969 2983 3007 :
3009 2961 3102 3015 aut
3138 2954 3185 3009 si
3216 2954 3269 3009 in
3302 2971 3405 3010 una
3468 2955 3649 3026 specie
3672 2996 3687 3019 ,
3728 2952 3941 3024 quolibet

2370 3061 2574 3115 genere
2624 3046 2974 3102 continentiae
3008 3047 3170 3103 fuerit
3211 3049 3571 3118 observator,
3602 3064 3700 3105 nec
3733 3046 3794 3103 ad
3830 3047 3940 3101 alias

2372 3139 2504 3194 velit
2534 3140 2771 3194 monitus
2791 3139 3076 3207 accedere,
3107 3155 3214 3195 non
3242 3156 3302 3196 se
3318 3139 3498 3210 iactet
3521 3140 3575 3196 in
3600 3154 3817 3201 numero
3838 3152 3939 3194 esse

663 3243 788 3314 51),
817 3250 993 3297 sancta
1036 3253 1253 3309 corpore
1298 3245 1345 3292 et
1400 3235 1590 3307 spiritu
1625 3251 1644 3290 :
1668 3233 1933 3292 definiens
1989 3250 2095 3289 non
2143 3248 2266 3290 esse
2294 3223 2340 3288 C
2370 3233 2763 3289 continentium
2798 3250 2811 3287 :
2839 3248 2907 3289 ne
2933 3241 2989 3289 et
3014 3234 3185 3304 ipsam
3215 3243 3446 3305 partem,
3484 3234 3537 3290 in
3561 3251 3663 3308 qua
3687 3234 3781 3292 sibi
3808 3234 3938 3304 plau-

662 3337 1034 3395 continentem
1059 3373 1075 3400 ,
1108 3333 1197 3404 qui
1229 3347 1337 3386 non
1370 3338 1600 3401 utraque
1648 3339 1802 3401 parte
1851 3328 2266 3384 continentissi-

665 3446 786 3486 mus
813 3426 1200 3498 comprobatus
1248 3423 1320 3480 sit
1372 3420 1497 3478 I95.
1529 3421 1730 3478 Multos
1769 3420 1856 3477 vel
1888 3420 2152 3492 plurimos
2187 3420 2267 3475 sic

665 3523 896 3594 ﬂagrare
932 3518 1350 3591 eupiditate.....
1401 3516 1561 3572 sicuti
1605 3516 1784 3572 exitus
1812 3514 2006 3583 docet,
2038 3525 2096 3571 ut
2141 3515 2258 3571 uni-

662 3631 821 3674 versa
846 3629 1048 3686 genera
1076 3626 1355 3683 poenarum
1394 3608 1609 3681 perpeti
1657 3608 1868 3676 velint,
1920 3608 2009 3664 vel
2061 3624 2260 3680 quam-

661 3712 793 3768 libet
828 3708 1090 3767 Ecclesiae
1139 3707 1461 3763 sententiam
1494 3701 1767 3759 sustinere
1790 3742 1805 3767 ,
1839 3717 2000 3772 quam
2035 3719 2064 3756 a
2100 3702 2266 3769 fami-

661 3797 784 3853 liari
834 3793 1253 3851 conversatione
1326 3789 1612 3847 discedere
1659 3807 1673 3843 :
1733 3788 2044 3843 nescientes
2093 3787 2264 3841 Deum

663 3890 947 3962 praescium
967 3886 1171 3942 dixisse
1201 3885 1269 3941 de
1292 3884 1491 3940 talibus
1518 3882 1735 3956 (Matth.
1762 3898 1815 3949 v,
1845 3881 1941 3952 28)
1968 3900 1982 3935 :
2018 3880 2269 3948 Quicum-

663 4000 759 4055 que
786 3980 1067 4051 respexerit
1092 3979 1356 4034 mulierem
1387 3978 1456 4031 ad
1486 3974 1950 4047 concupiscendum
1975 3992 2087 4041 eant
2107 4021 2121 4045 ,
2154 3978 2267 4047 jam

661 4078 940 4133 moechatus
970 4085 1042 4129 est
1081 4090 1192 4127 eam
1218 4073 1273 4125 in
1314 4070 1468 4126 corde
1487 4086 1604 4124 suo.
1638 4068 1752 4123 Non
1800 4078 2024 4139 possunt
2075 4067 2266 4139 hujus-

664 4169 809 4227 modi
840 4182 1099 4224 excusare
1125 4164 1340 4234 culpam
1378 4178 1559 4227 suam,
1605 4162 1748 4232 quod
1793 4177 1900 4217 non
1946 4162 2013 4218 ad
2059 4177 2264 4218 concu-

666 4262 983 4335 piscentiam
1029 4258 1216 4313 oculos
1264 4272 1393 4312 suos
1424 4254 1814 4325 porrexerint,
1848 4257 2066 4324 quando
2094 4267 2147 4312 et
2190 4257 2266 4312 si-

665 4357 778 4414 mul
799 4397 817 4423 ,
845 4364 899 4411 et
924 4354 1025 4409 sub
1051 4369 1159 4408 uno
1189 4352 1389 4407 cubant
1416 4359 1592 4417 tecto,
1626 4358 1719 4404 aut
1748 4351 1802 4404 in
1836 4366 1943 4405 uno
1986 4351 2267 4408 dormiunt

661 4455 843 4509 lecto:
874 4448 1030 4505 Unde
1054 4459 1109 4502 et
1144 4445 1496 4516 reprehensi,
1543 4443 1898 4513 spiritualiter
1948 4445 2051 4499 hoc
2090 4460 2258 4517 agere

666 4543 1007 4619 proﬁtentur,
1034 4538 1349 4609 adiicientes
1374 4537 1648 4593 extraneis
1701 4537 1920 4591 nomina
1975 4536 2265 4593 aﬂ'ectuum

2370 3326 2570 3394 debat,
2601 3326 2968 3382 obstinatione
3003 3327 3253 3383 videatur
3293 3328 3572 3388 amittere.
3600 3329 3741 3401 Ergo
3766 3328 3845 3401 qui
3884 3323 3940 3382 ad

2369 3418 2757 3472 continentiam
2788 3417 3042 3487 docetur,
3079 3430 3134 3476 et
3161 3417 3602 3491 vult'accedere,
3633 3438 3735 3483 non
3763 3420 3813 3476 in
3836 3435 3941 3476 cor-

2370 3526 2504 3583 pore
2531 3554 2544 3579 ,
2572 3521 2666 3567 aut
2700 3512 2752 3566 in
2784 3527 2889 3567 una
2919 3524 3074 3584 parte
3115 3514 3360 3584 corporis
3401 3512 3772 3572 tantummodo
3807 3512 3942 3569 debet

2369 3605 2759 3660 continentiam
2787 3619 3054 3675 quaerere,
3089 3605 3187 3660 sed
3218 3605 3272 3660 in
3301 3614 3415 3661 toto
3440 3609 3613 3663 animi
3637 3618 3807 3671 motu,
3829 3620 3940 3661 con-

2371 3699 2614 3753 tinentiae
2656 3697 2820 3753 debet
2874 3697 3289 3755 observationes
3336 3713 3661 3770 agnoscere.
3702 3699 3822 3755 Nam
3866 3691 3942 3767 qui

2370 3789 2703 3845 iracundiam
2724 3789 2952 3855 retinet,
3002 3792 3049 3845 is
3075 3791 3252 3861 magis
3306 3800 3390 3846 est
3439 3792 3763 3861 continens,
3805 3802 3941 3862 quam

2371 3885 2462 3956 qui
2497 3884 2733 3956 linguam
2763 3899 2795 3939 a
2821 3882 3087 3952 convicio,
3122 3899 3153 3939 a
3182 3883 3476 3942 maledicto
3502 3929 3519 3955 ,
3544 3902 3577 3941 a
3601 3886 3937 3951 detractione,

2371 3988 2401 4028 a
2429 3975 2732 4041 mendacio,
2780 3990 2811 4028 a
2861 3974 3101 4047 periurio
3149 3983 3205 4031 et
3251 3990 3283 4029 a
3321 3976 3539 4034 caneris
3587 3977 3774 4051 lingua:
3800 3972 3942 4030 malis

2371 4067 2657 4125 aﬂ‘ectibus
2685 4066 2977 4124 subtrahit.
3008 4067 3110 4136 Qui
3149 4068 3323 4139 ipsum
3349 4069 3589 4144 denique
3625 4070 3890 4143 cogitatum
3915 4079 3943 4119 a

2372 4168 2483 4215 tota
2511 4161 2745 4230 nequitia
2777 4160 3069 4229 compescit
3096 4202 3112 4227 ,
3142 4166 3196 4215 et
3216 4160 3362 4217 omni
3391 4161 3631 4232 denegat
3922 4196 3938 4224 ι

2372 4253 2421 4309 is
2450 4254 2641 4324 plenus
2670 4264 2755 4310 est
2792 4255 3113 4320 continens,
3160 4263 3215 4309 et
3262 4254 3412 4309 illum
3444 4271 3555 4311 non
3586 4271 3706 4312 cum
3737 4250 3939 4311 homini-

2374 4348 2474 4402 bus
2503 4360 2796 4416 comparo,
2846 4347 2944 4403 sed
2988 4361 3110 4401 cum
3142 4345 3369 4418 Angelis
3411 4349 3617 4406 sanctis
3640 4347 3941 4406 simillimum

2374 4453 2728 4510 recognosco.

2447 4529 2567 4586 XX.
2610 4532 2764 4588 Nunc
2792 4532 2905 4603 iam
2933 4531 3090 4589 nobis
3120 4532 3189 4588 de
3234 4533 3493 4605 patientia
3522 4543 3578 4590 et
3606 4534 3673 4591 de
3713 4533 3822 4605 ejus
3841 4544 3943 4587 out-

667 4638 750 4695 vel
782 4636 1014 4707 pietatis.
1057 4634 1199 4687 Sane
1244 4632 1499 4699 quoniam
1532 4640 1585 4685 et
1636 4629 1849 4684 Diaboli
1903 4628 2262 4685 substantiam
2292 4619 2344 4680 D
2375 4625 2532 4680 nibus
2565 4625 2721 4680 bonis
2748 4625 3077 4697 loquendum
3116 4635 3202 4681 est
3231 4626 3361 4682 20L
3392 4625 3492 4682 Est
3519 4629 3679 4699 igitur
3718 4623 3941 4699 patientia

670 4730 965 4801 aceipitnus
1014 4722 1348 4795 spiritualem
1373 4764 1387 4786 ,
1416 4721 1575 4777 debet
1603 4721 1728 4775 addi
1763 4721 1898 4776 :sed
1950 4721 2192 4793 nequitia:
2219 4731 2268 4777 et

671 4825 882 4879 malitia:
919 4815 1205 4887 spiritualis
1253 4812 1483 4889 (Ephes.
1520 4811 1739 4886 v1.12)
1798 4829 1827 4866 a
1886 4813 1996 4868 Deo
2045 4824 2267 4884 propter

670 4913 985 4974 scandalum
1017 4909 1300 4973 Ecelesim,
1331 4915 1386 4962 et
1416 4906 1625 4960 ruinam
1660 4907 1762 4960 196
1796 4920 1952 4959 :cum
1985 4920 2014 4959 a
2062 4921 2121 4961 se
2164 4923 2266 4964 nec

671 5006 1041 5079 persuasione.
1068 5016 1169 5057 nec
1197 4997 1486 5055 interductu
1514 4996 1780 5067 maiorum
1806 5007 1958 5063 natu,
1986 5012 2087 5052 nec
2115 5008 2265 5057 metu

669 5098 954 5175 praesentis
975 5093 1277 5156 sententiae,
1310 5092 1391 5148 vel
1423 5089 1587 5147 futuri
1610 5089 1804 5146 Judicii
1834 5089 1958 5145 inde
1987 5089 2114 5146 velli
2141 5106 2268 5162 pos-

666 5198 776 5253 sint
814 5212 827 5245 :
864 5207 984 5249 eum
1026 5188 1358 5258 frequentius
1387 5186 1548 5242 etiam
1577 5199 1713 5256 quos
1760 5183 2011 5256 legitima:
2040 5184 2268 5255 copula-

666 5303 793 5344 vere
820 5284 1053 5354 nuptiae,
1086 5282 1205 5337 leve
1246 5279 1485 5350 iurgium
1533 5285 1750 5347 separet
1792 5276 1912 5332 I97.
1970 5277 2108 5343 Quid
2160 5277 2263 5334 hoc

666 5379 792 5435 mali
816 5376 942 5435 est?
968 5373 1094 5445 quid
1122 5372 1250 5428 mali
1294 5368 1570 5425 individua
1599 5369 1855 5436 Charitas,
1886 5377 1944 5423 ut
1971 5369 2039 5423 ab
2069 5368 2263 5426 aliena:

667 5465 1152 5541 consanguinitatis
1184 5464 1377 5520 all'ectu
1400 5462 1640 5534 separari
1670 5477 1776 5516 non
1798 5460 2048 5530 possint?
2077 5458 2266 5534 Turpe

665 5565 991 5629 estdicere,
1041 5559 1186 5634 quod
1218 5559 1338 5614 illos
1380 5574 1485 5612 non
1520 5556 1686 5627 pudet
1725 5552 1927 5611 facere.
1961 5553 2121 5611 Certe
2171 5556 2259 5614 vel

664 5661 733 5716 ab
770 5659 954 5715 osculo
998 5655 1267 5710 immunes
1318 5667 1435 5706 non.
1455 5660 1611 5717 sunt,
1651 5649 1792 5720 quod
1839 5658 1923 5705 est
1968 5648 2156 5720 pignus
2205 5659 2265 5708 et

661 5767 780 5805 arra
808 5748 1076 5819 serpentis
1102 5745 1223 5799 I98.
1250 5742 1391 5798 Sane
1413 5758 1535 5797 cum
1560 5737 1925 5811 increpaveris
1945 5781 1959 5806 ,
1994 5757 2116 5795 mox
2143 5740 2261 5797 haec

662 5837 944 5910 proferunt
994 5833 1155 5891 verba
1186 5848 1199 5886 :
1227 5845 1386 5901 posse
1442 5832 1806 5901 integritatem
1865 5831 1951 5887 sui
2007 5836 2256 5901 corporis

2380 4721 2609 4774 omnium
2636 4720 2956 4792 injuriarum
3000 4730 3050 4774 et
3074 4721 3371 4791 passionum
3402 4721 3691 4789 tolerantia,
3717 4730 3763 4775 et
3780 4733 3943 4789 espec-

2378 4814 2633 4869 tationum
2688 4813 2918 4867 omnium
3000 4815 3114 4868 sine
3183 4815 3591 4886 prwcipitatione
3653 4812 3939 4882 suﬂcreutia.

2375 4906 2549 4976 Quam
2598 4907 2642 4961 si
2673 4907 2795 4977 quis
2843 4906 3204 4977 intellexerit,
3259 4918 3315 4964 et
3360 4909 3647 4977 habuerit,
3695 4905 3943 4967 contraria

2378 4999 2505 5056 vitae
2533 4999 2721 5070 gravia
2752 4999 2990 5070 baiulat;
3024 5000 3165 5056 bona
3195 5006 3373 5056 omnia
3416 5002 3660 5060 continet
3692 5000 3811 5058 202.
3848 4999 3939 5057 So.

2379 5109 2561 5149 rorem
2594 5092 2757 5149 habet
2783 5109 2933 5163 spem
2973 5094 3102 5151 203.
3133 5092 3467 5168 Quamquam
3518 5097 3761 5169 superius
3808 5107 3940 5151 com-

2381 5186 2670 5257 prehendi,
2700 5185 2895 5242 aflines
2921 5201 3043 5243 esse
3071 5186 3178 5243 sibi
3202 5203 3289 5245 res
3320 5189 3491 5246 bonas
3521 5204 3725 5246 omnes.
3758 5186 3940 5243 Patitur

2378 5278 2525 5335 enim
2560 5277 2812 5344 libenter,
2840 5266 2966 5350 quia
2994 5288 3196 5350 sperat,
3227 5287 3283 5336 et
3303 5280 3567 5352 speranda
3598 5280 3783 5339 tolerat
3808 5295 3819 5330 :
3846 5277 3940 5333 im-

2380 5370 2650 5440 patienter
2674 5371 2819 5426 cnim
2855 5370 3064 5437 fertur,
3095 5371 3241 5444 quod
3270 5390 3377 5429 non
3421 5382 3711 5446 speratur:
3749 5380 3801 5431 et
3842 5366 3939 5425 204

2377 5460 2600 5549 quando
2632 5462 2770 5517 nihil
2811 5474 3067 5535 Speralur
3088 5464 3218 5523 205.
3250 5465 3410 5523 Omni
3437 5473 3619 5543 autem
3645 5465 3939 5537 virtutepa-

2381 5553 2568 5611 tientia
2614 5553 2854 5625 perfert,
2897 5554 3043 5627 quod
3090 5572 3188 5633 spe
3216 5572 3479 5631 pereunte
3513 5557 3847 5639 dignoscitur.
3874 5552 3937 5611 At

2377 5650 2427 5705 si
2464 5664 2624 5719 spent
2653 5648 2861 5707 fructus
2908 5652 3183 5722 patientiae
3220 5653 3597 5731 subsequatur.
3627 5650 3739 5719 haec
3776 5656 3934 5707 malm

2373 5739 2575 5812 gaudet
2608 5739 2750 5806 (ide,
2795 5742 3218 5813 gubernaculum
3264 5743 3429 5803 habet
3473 5738 3932 5811 Dei,cnntiuentizt

2372 5850 2546 5906 genus
2572 5835 3048 5907 propinquitatem.
3092 5835 3222 5901 Inde
3266 5838 3434 5910 justi,
3487 5835 3614 5903 dum
3654 5835 3821 5893 omnia
3849 5844 3928 5902 pa-
