4224 6262
334 352 443 411 τω

1524 351 1855 417 EPISTOLA
1892 312 2025 415 seu
2064 353 2422 417 LIBELLUS.

3533 365 3638 423 750

339 472 537 529 tienter
565 484 858 546 operantur
882 474 1061 548 (Rom.
1086 489 1120 530 ν
1142 517 1156 543 ,
1184 476 1219 533 5
1249 486 1296 531 et
1322 475 1377 549 4)
1407 520 1421 543 ,
1452 476 1674 548 gloriosi
1703 477 1803 533 Dei
1834 487 1942 534 tes—
1968 477 2016 536 A
2047 475 2191 541 dum,
2224 475 2363 530 misit
2391 473 2596 528 unicum
2642 470 2808 542 ﬁliam
2837 486 2987 527 suum
3016 471 3071 529 in
3099 474 3435 532 similitudine
3473 480 3644 533 carnis

341 573 426 621 tes
449 566 785 635 efﬁciuntur,
819 568 944 641 dum
977 568 1085 629 ﬁde
1112 568 1296 641 pleni,
1327 569 1454 633 dum
1486 570 1578 625 Dei
1611 570 1806 641 timore
1831 570 1942 627 sol-
2044 570 2239 639 peccati
2267 585 2285 623 :
2312 579 2365 624 ut
2388 568 2452 624 de
2472 575 2680 641 peccato
2704 567 3068 631 condemnaret
3096 578 3363 638 peccatum
3387 570 3440 623 in
3464 586 3640 626 carne.

338 656 509 723 liciti,
539 660 666 716 dum
692 662 1043 727 continentiae
1069 661 1345 736 discipuli,
1369 661 1495 731 dum
1530 664 1620 723 tilii
1652 662 1771 743 spei
1802 662 1939 733 duce

336 751 602 820 sapientia
658 754 1028 822 reperiuntur.
1081 753 1288 811 Deinde
1332 754 1647 810 cohaeredes
1695 754 1935 824 Christi,

337 842 466 899 dum
509 845 658 899 illum
706 860 876 915 usque
927 847 993 901 ad
1042 856 1272 902 mortem
1306 847 1418 921 (Si
1471 857 1638 905 tamen
1689 848 1940 922 compati-

337 950 477 1002 mur,
506 946 613 991 etc.
639 979 654 1001 ,
700 954 974 1008 sequamur
1013 940 1224 1010 vestigia
1272 924 1388 1013 ejus
1420 941 1438 1012 )
1470 938 1742 1010 patientia:
1769 940 1939 995 virtu-

340 1029 486 1084 tibus
516 1031 767 1102 (fortasse
793 1032 1205 1106 certaminibus)
1233 1033 1513 1088 imitantur
1538 1033 1666 1090 206.

411 1120 557 1177 XXI.
599 1121 706 1178 Sed
748 1125 858 1192 jam
892 1124 958 1180 de
983 1124 1193 1196 justitia
1225 1125 1576 1181 disseramus.
1630 1125 1731 1181 Est
1773 1124 1936 1196 igitur

337 1213 558 1269 Justitia
597 1216 920 1289 singularum
944 1234 1115 1272 rerum
1146 1259 1159 1291 η
1193 1228 1242 1274 et
1268 1234 1607 1292 personarum
1643 1218 1937 1290 wquissima

341 1303 643 1367 distributio
667 1323 685 1360 :
714 1323 873 1379 quam
924 1308 972 1367 si
1015 1310 1136 1382 quis
1166 1309 1421 1369 obtinens
1443 1352 1460 1383 ,
1493 1320 1548 1368 et
1578 1311 1663 1367 cui
1692 1311 1812 1385 quis
1841 1310 1935 1367 ad-

338 1398 582 1466 luerens,
612 1401 781 1459 vitam
806 1418 962 1469 suam
990 1411 1140 1461 recte
1167 1405 1485 1476 dispositam
1508 1445 1525 1473 ,
1555 1416 1611 1462 et
1648 1407 1769 1463 sine
1805 1421 1936 1461 con-

336 1492 648 1549 turbatione
674 1503 1001 1562 conservat;
1051 1494 1289 1551 custodit
1324 1497 1379 1552 in
1418 1497 1671 1552 omnibus
1711 1498 1938 1567 aequita-

338 1593 486 1658 tem;
519 1585 651 1651 scit,
687 1588 816 1661 quid
850 1588 960 1645 Deo
996 1589 1230 1659 debeat;
1263 1590 1394 1667 quid
1435 1592 1636 1657 sanctis
1683 1601 1738 1647 et
1790 1605 1933 1647 coac-

336 1683 586 1754 qualibus
620 1684 852 1754 reddat;
878 1685 1005 1755 quid
1035 1699 1143 1743 non
1168 1685 1400 1757 deneget
1438 1685 1794 1755 potestatibus
1834 1685 1938 1742 ltu-

331 1774 421 1845 jus
452 1776 666 1841 surculi;
697 1777 826 1849 quid
873 1778 976 1833 sibi
1021 1763 1293 1846 retineat}
1325 1779 1453 1851 quid
1504 1780 1753 1851 proximo
1779 1795 1929 1835 com.

2044 658 2175 727 inde
2195 670 2249 717 et
2281 660 2478 717 Paulus
2514 662 2781 732 praiponit
2811 661 2956 719 illam
2986 661 3239 731 omnibus
3267 661 3422 717 bonis
3443 663 3640 732 rebus,

2042 750 2231 807 dicens
2262 753 2316 823 (ι
2346 751 2467 809 Cor.
2524 768 2652 818 xm,
2687 753 2741 822 1)
2776 770 2788 807 ;
2818 750 2889 805 Et
2925 754 2969 806 si
3020 753 3220 808 locutus
3266 758 3413 825 fuero
3453 755 3644 827 linguis

2042 843 2303 903 hominum
2331 856 2379 901 et
2408 844 2727 916 angelorum,
2752 844 3056 899 charitatem
3088 856 3257 901 autent
3281 863 3382 900 non
3407 847 3640 915 habeam,

2039 938 2174 992 nihil
2201 954 2315 992 sum
2358 952 2376 992 :
2407 955 2468 991 ac
2497 938 2630 992 sicut
2660 946 2998 992 a'ramentum
3026 940 3250 994 tinniens
3272 979 3288 1006 ,
3327 951 3416 995 aut
3436 941 3646 1013 cymba-

2042 1028 2148 1083 lum
2178 1044 2509 1099 concrepans.
2549 1028 2612 1083 Et
2642 1034 2688 1084 si
2720 1028 2945 1085 habuero
2975 1029 3350 1103 Prop/retium,
3378 1043 3426 1087 et
3455 1050 3646 1105 cogno-

2043 1137 2156 1175 vero
2178 1122 2350 1176 omnia
2370 1124 2635 1194 mysteria,
2662 1132 2709 1177 et
2733 1139 2935 1177 onmem
2956 1124 3256 1192 scientiam;
3287 1135 3334 1179 et
3353 1127 3397 1181 si
3417 1128 3644 1184 habuero

2040 1213 2196 1281 fidem
2218 1255 2233 1280 ,
2258 1215 2331 1267 ita
2360 1224 2416 1267 ut
2437 1224 2634 1270 montes
2661 1218 2970 1286 transferam
2993 1232 3011 1281 ;
3040 1225 3089 1271 et
3128 1218 3173 1271 si
3201 1216 3509 1275 distribuet‘o
3532 1237 3644 1276 am-

2041 1305 2129 1361 nia
2176 1320 2289 1361 mea
2335 1306 2390 1359 in
2430 1305 2566 1363 cibos
2611 1320 2936 1379 pauperum;
2977 1316 3024 1360 et
3071 1307 3114 1361 si
3166 1309 3425 1366 tradidero
3454 1329 3645 1384 corpus

2040 1415 2210 1454 meum
2237 1407 2291 1452 ut
2311 1399 2541 1465 ardeam,
2569 1399 2873 1457 charitatem
2895 1409 3068 1455 autem
3089 1417 3189 1456 non
3217 1401 3439 1458 habuero
3465 1445 3480 1470 ,
3510 1404 3646 1469 nihil

2037 1509 2174 1547 sum.
2200 1490 2438 1548 Charitas
2456 1493 2787 1564 magnanima
2799 1501 2893 1548 est.
2908 1492 3146 1549 Charitas
3164 1494 3379 1566 benigna
3393 1504 3488 1551 est.
3506 1494 3643 1555 Cha-

2037 1584 2165 1639 ritas
2191 1599 2295 1638 non
2324 1584 2619 1652 tumulatur,
2650 1599 2751 1639 non
2780 1584 2995 1653 inﬂatur
3014 1625 3030 1653 ,
3063 1600 3164 1639 non
3188 1587 3295 1657 agit
3332 1603 3600 1659 perperam
3624 1630 3638 1654 ,

2038 1693 2141 1737 non
2166 1678 2436 1745 irritatur,
2482 1694 2585 1733 non
2615 1678 2985 1751 confunditur,
3030 1694 3133 1745 non
3172 1680 3355 1751 quierit
3393 1695 3508 1751 qua:
3545 1697 3643 1734 sua

2036 1778 2187 1837 sunt,
2221 1786 2323 1825 non
2362 1770 2554 1842 cogitat
2591 1773 2819 1836 malum,
2853 1786 2957 1827 non
3004 1772 3194 1841 gaudet
3233 1787 3389 1843 super
3431 1772 3643 1843 injusti-

336 1881 487 1943 pem
508 1889 524 1939 ;
556 1870 919 1945 quid'alienis
965 1875 1230 1932 concedat
1267 1885 1360 1932 aut
1402 1886 1683 1955 congruat.
1717 1875 1931 1945 ,ιιιειιηη
1962 1874 2011 1935 Β
2038 1863 2162 1917 tiam
2190 1878 2209 1917 :
2235 1864 2419 1934 gaudet
2450 1871 2618 1916 autem
2658 1863 2889 1917 veritate.
2940 1861 3129 1917 Omnia
3179 1866 3429 1930 sustinet,
3468 1866 3641 1918 omnia

336 1966 478 2021 enim
513 1977 599 2023 est
631 1968 796 2022 Deum
827 1967 1013 2024 colere
1051 1978 1107 2025 et
1154 1968 1381 2041 diligere
1412 1984 1478 2025 ex
1512 1979 1623 2025 toto
1644 1970 1842 2034 corde,
1879 1978 1936 2026 et

335 2071 401 2115 ex
431 2065 542 2114 t0ta
574 2059 779 2125 anima,
810 2069 866 2116 et
895 2076 963 2116 ex
995 2069 1103 2117 tota
1144 2063 1342 2118 virtute
1386 2080 1398 2116 :
1428 2071 1680 2130 sanctos;
1711 2073 1766 2119 et
1791 2078 1934 2118 cote-

334 2153 527 2220 quales
590 2152 867 2209 honorare
916 2172 930 2209 :
991 2154 1194 2212 tributa
1259 2155 1503 2229 pendere
1576 2158 1934 2229 potestatibus

335 2243 525 2317 (Rom.
558 2261 651 2301 snt
673 2288 688 2312 ,
715 2247 770 2317 7)
804 2265 818 2301 :
850 2250 1140 2318 superbum
1170 2265 1279 2313 non
1313 2266 1439 2307 esse
1460 2291 1473 2315 ,
1497 2251 1595 2311 sed
1623 2251 1793 2323 magis
1825 2250 1932 2306 mi-

335 2345 443 2393 tem
469 2378 485 2402 ,
537 2346 592 2393 et
646 2338 906 2395 humilem
962 2341 1016 2411 (Ι
1064 2341 1211 2398 Petri
1250 2357 1324 2406 ιι,
1384 2343 1453 2399 15
1483 2352 1535 2399 et
1574 2343 1665 2416 Μ)
1706 2362 1719 2398 :
1753 2345 1933 2415 proxi-

330 2443 452 2483 mos
511 2437 760 2502 tanquam
812 2447 872 2487 se
929 2431 1158 2505 diligere
1188 2432 1269 2505 (ll
1298 2432 1520 2489 Timoth.
1554 2452 1645 2504 ιιι,
1670 2436 1727 2508 2)
1756 2453 1768 2490 :
1800 2437 1933 2493 alic-

330 2538 432 2579 nos
456 2535 510 2579 et
559 2525 807 2581 inimicos
836 2543 939 2581 non
972 2529 1222 2598 persequi
1250 2529 1399 2597 odio,
1425 2528 1519 2586 sed
1542 2546 1728 2587 amare
1760 2550 1772 2586 :
1803 2532 1931 2601 sub-

323 2618 530 2690 jectum
585 2634 709 2676 esse
739 2621 1007 2691 prioribus
1048 2622 1135 2679 vel
1172 2632 1334 2678 aetate
1373 2624 1672 2693 majoribus
1701 2624 1752 2697 (l
1783 2623 1929 2680 Petri

329 2726 387 2780 ν,
421 2710 501 2783 5).
530 2710 667 2779 Quia
694 2721 749 2768 et
782 2712 1040 2769 Dominus
1062 2730 1183 2770 cum
1207 2727 1352 2771 esset
1375 2717 1617 2781 omnium
1647 2717 1923 2785 dominus,

327 2819 359 2865 a
389 2804 616 2871 Joanne,
651 2804 775 2879 quia
806 2806 952 2876 prior
987 2806 1056 2863 ab
1096 2806 1192 2863 illo
1236 2806 1289 2863 in
1323 2807 1601 2863 nativitate
1646 2807 1925 2864 hominum

329 2908 450 2957 erat
472 2936 490 2962 ,
522 2897 822 2967 baptizatur
849 2895 1003 2970 (Lac.
1028 2912 1135 2962 vn,
1161 2897 1276 2971 28).
1309 2907 1365 2954 et
1388 2899 1469 2955 sic
1494 2900 1698 2971 impleri
1726 2916 1927 2955 onmem

321 2990 588 3063 justitiam
627 2998 959 3060 protestatur
985 2987 1201 3059 (Matth.
1230 3006 1326 3055 ιιι,
1358 2990 1472 3061 15).
1515 2992 1593 3047 Ex
1636 2992 1735 3046 hac
1763 2993 1927 3047 mise-

326 3085 564 3151 ricordia
597 3083 857 3151 nascitur,
891 3083 1210 3157 obsequium
1235 3082 1484 3139 deiﬁcum
1521 3094 1832 3155 generatur.
1866 3084 1924 3141 In

323 3175 412 3239 bis
441 3175 691 3235 omnibus
739 3176 985 3247 quisquis
1024 3176 1335 3244 invenitur,
1392 3191 1498 3231 non
1547 3176 1819 3237 immerito
1869 3177 1923 3235 in

2036 1959 2233 2026 credit,
2263 1958 2435 2013 omnia
2463 1967 2652 2028 sperat.
2680 1956 2916 2015 Charitas
2962 1973 3226 2028 nunquam
3276 1958 3466 2015 excidit
3505 1957 3634 2013 216.

2037 2049 2182 2122 Ergo
2206 2053 2296 2121 qui
2328 2049 2468 2105 hanc
2499 2050 2663 2105 veluti
2690 2051 2929 2119 speciem
2950 2050 3184 2106 voluerit
3205 2048 3467 2116 invenire,
3505 2058 3631 2111 tota:

2036 2141 2111 2196 illi
2140 2141 2437 2211 Scriptura:
2466 2152 2592 2197 sunt
2614 2143 2923 2199 reserandae
2946 2156 2960 2194 :
2983 2143 3160 2197 omnis
3191 2140 3482 2211 aperienda
3511 2141 3597 2197 lex
3622 2157 3636 2194 :

2034 2250 2225 2292 omnes
2252 2235 2539 2305 Pl‘OplletiB
2570 2235 2879 2292 insinuandi
2903 2253 2916 2291 :
2943 2252 3132 2291 omnes
3160 2236 3392 2305 virtutes
3411 2234 3637 2303 Christi,

2033 2336 2221 2396 actus,
2254 2330 2506 2387 mandata
2561 2329 2925 2396 insinuanda,
2976 2329 3470 2399 Apostolorutuque
3499 2326 3631 2383 doc-

2036 2425 2175 2480 trina
2202 2426 2496 2496 aperienda
2549 2426 2801 2496 penitus,
2851 2434 2909 2480 et
2950 2424 3217 2481 docenda.
3270 2424 3338 2479 Et
3387 2424 3635 2491 quamvis

2031 2534 2257 2585 omnes,
2287 2535 2422 2592 quas
2448 2534 2609 2590 supra
2641 2521 2994 2575 tractavimus
3022 2519 3237 2586 species
3262 2557 3277 2582 ,
3310 2516 3377 2570 ad
3411 2517 3632 2585 plenum

2032 2621 2318 2673 tractatum
2346 2611 2659 2694 hominibus
2683 2610 3271 2680 incomprehensibiles
3293 2610 3402 2679 sint
3423 2623 3438 2675 ;
3464 2609 3632 2663 multo

2030 2708 2203 2777 magis
2222 2722 2310 2774 ea,
2341 2707 2395 2762 in
2416 2721 2521 2776 qua
2550 2721 2743 2762 omnes
2765 2711 3238 2769 emtsummantur,
3266 2713 3320 2759 et
3347 2702 3587 2772 pendent
3617 2717 3631 2754 :

2028 2800 2266 2855 maxime
2291 2814 2412 2854 eum
2442 2798 2681 2855 Joa’nnes
2710 2796 3053 2867 Evangelista
3082 2794 3424 2851 interdixerit
3473 2793 3631 2861 nobis

2027 2888 2082 2944 in
2113 2889 2356 2960 Epistula
2382 2905 2479 2946 sua
2505 2889 2817 2959 diSputare,
2848 2903 2971 2944 cum
3006 2886 3154 2941 illam
3181 2894 3237 2942 et
3278 2884 3370 2941 Dei
3419 2883 3587 2938 lilium
3611 2925 3626 2952 ,

2027 2994 2083 3041 et
2125 2986 2220 3042 Dei
2252 2987 2466 3043 Patrem
2509 2987 2672 3043 docet
2705 3001 2847 3041 esse
2867 3026 2883 3052 ,
2944 2985 3024 3039 sic
3061 2983 3250 3045 dicens
3279 2981 3335 3053 (Ι
3359 2980 3519 3039 Joaa.
3552 2996 3628 3050 iv,

2027 3076 2124 3149 8):
2172 3077 2314 3133 Deus
2365 3080 2570 3135 dilectio
2627 3088 2720 3135 est.
2777 3077 2834 3133 Si
2894 3084 3073 3147 potest
3118 3075 3242 3146 quis
3288 3073 3357 3130 de
3398 3082 3513 3130 toto
3552 3072 3635 3128 di-

2026 3186 2151 3231 cere
2173 3171 2304 3238 Deo,
2329 3179 2511 3243 potest
2532 3180 2587 3226 et
2614 3169 2681 3229 de
2704 3167 3022 3233 dilectione,
3048 3180 3168 3236 quae
3193 3165 3334 3223 Deus
3357 3176 3464 3221 εει.
3490 3163 3632 3235 Ergo

321 3268 532 3325 Christo
583 3268 775 3323 dicitur
822 3284 1122 3339 permanere
1181 3268 1240 3337 (Ι
1286 3267 1447 3323 Ιοαη.
1491 3284 1523 3322 ιι
1545 3309 1560 3336 ,
1614 3268 1679 3338 6)
1716 3287 1728 3321 :
1787 3284 1917 3338 quo-
1952 3269 1999 3331 C
2030 3265 2075 3319 si
2095 3264 2440 3335 sacrilegium
2464 3272 2549 3319 est
2568 3262 2637 3317 de
2659 3262 2769 3317 Deo
2794 3270 3028 3326 tantum,
3053 3266 3315 3330 quantum
3345 3273 3451 3315 non
3473 3256 3627 3324 licet,

322 3360 469 3437 niam
537 3359 654 3429 haec
723 3360 905 3414 omnia
958 3361 1072 3443 ipse
1119 3357 1369 3414 Christus
1424 3368 1528 3414 est.
1577 3358 1777 3415 Paulus
1823 3374 1923 3415 nos

329 3454 608 3526 gloriosus
635 3453 739 3511 207
771 3452 1027 3510 informat
1052 3495 1067 3518 ,
1106 3462 1162 3510 et
1214 3452 1434 3509 instruit
1484 3454 1553 3510 de
1594 3453 1813 3511 Christo
1841 3453 1923 3510 di-

319 3560 456 3602 cens
486 3545 528 3617 (1
555 3544 787 3600 Corinth.
817 3561 868 3613 ι,
896 3545 991 3617 '50)
1035 3563 1048 3598 :
1085 3545 1185 3612 Qui
1215 3556 1287 3600 est
1317 3546 1466 3600 nobis
1489 3562 1520 3600 a
1549 3544 1656 3599 Deo
1674 3547 1884 3619 justitia
1904 3588 1920 3613 ,

319 3649 367 3693 et
397 3636 738 3707 sanctiﬁcatio
761 3679 775 3703 ,
824 3647 872 3690 et
898 3637 1201 3711 redemptio.
1253 3636 1375 3692 Alio
1412 3636 1540 3692 item
1573 3637 1695 3691 loco
1728 3635 1923 3711 (Judte

321 3730 399 3797 tt)
431 3745 444 3782 :
472 3727 576 3795 Qui
600 3738 675 3799 est
700 3728 1058 3785 misericordia
1079 3770 1093 3795 ,
1116 3744 1220 3800 pax
1243 3770 1256 3795 ,
1297 3738 1345 3789 et
1370 3728 1576 3783 dilectio
1601 3728 1728 3796 208,
1760 3745 1921 3802 quam

321 3822 494 3880 (irasci
522 3824 720 3896 ἀγάπην
746 3832 945 3879 vocant
990 3821 1127 3891 209;
1160 3823 1228 3881 ad
1267 3837 1430 3893 quam
1458 3838 1606 3880 nunc
1633 3825 1919 3881 transitura

320 3914 606 3984 iaciamus,
638 3915 764 3987 quia
796 3917 849 3971 in
885 3916 1140 3971 omnibus
1168 3915 1344 3987 major
1372 3927 1453 3972 est
1484 3920 1625 3972 inter
1648 3925 1872 3973 caeteras
1902 3935 1919 3973 :

320 4006 402 4064 sic
446 4003 644 4067 fatetur
715 4008 907 4077 beatus
966 4008 1261 4078 Apostolus
1313 4007 1368 4082 (l
1417 4007 1536 4065 Cor.
1593 4026 1714 4076 xm,
1771 4008 1919 4081 15):

322 4097 541 4163 Manent
559 4109 730 4163 autem
786 4101 889 4157 tria
917 4099 1050 4166 hwc,
1093 4098 1293 4169 Fides,
1336 4102 1501 4171 Spes,
1553 4101 1767 4157 Dilectio
1789 4101 1918 4159 210.

396 4189 560 4247 XXII.
605 4192 700 4265 Est
719 4207 850 4262 ergo
880 4192 1103 4247 Dilectio
1132 4194 1394 4249 vinculum
1418 4195 1730 4264 animorum,
1755 4204 1917 4263 casta,

322 4293 371 4339 et
399 4286 600 4341 sincera
619 4328 634 4353 ,
684 4296 730 4342 et
781 4288 891 4342 sine
915 4289 1242 4353 temulatione
1272 4305 1291 4343 :
1322 4289 1558 4361 Charitas
1590 4300 1664 4346 est
1690 4308 1923 4349 consum-

322 4380 485 4447 matio
505 4380 730 4449 omnium
760 4380 1141 4441 mandatorum.
1182 4381 1309 4450 llaec
1339 4382 1419 4437 vis
1442 4384 1685 4449 omnium
1717 4400 1924 4454 praece-

326 4480 567 4542 ptorum,
597 4488 759 4544 quam
784 4476 904 4545 quis
930 4490 1053 4530 cum
1080 4473 1336 4531 habuerit
1361 4517 1376 4541 ,
1405 4476 1581 4530 ontnia
1608 4476 1759 4532 habet
1779 4477 1880 4532 211
1903 4493 1917 4542 ;

322 4565 445 4621 sine
488 4567 627 4633 hac,
679 4567 853 4622 malus
904 4576 1149 4625 remanet
1208 4576 1264 4622 et
1321 4566 1691 4638 imperfectus.
1746 4568 1816 4623 Et
1866 4577 1924 4623 ut

2028 3355 2326 3425 disputare,
2365 3364 2569 3422 tacere,
2600 3354 2913 3424 religiosum
2940 3352 3047 3407 217
3073 3369 3093 3419 ;
3118 3359 3174 3407 et
3200 3352 3534 3407 alienum...
3559 3350 3630 3411 de

2025 3448 2321 3515 dilectione
2346 3447 2714 3509 sentiendum.
2766 3445 2939 3501 Tanta
2965 3445 3109 3501 enim
3142 3444 3209 3500 de
3236 3445 3350 3517 ipsa
3371 3486 3385 3509 ,
3428 3452 3629 3515 quanta

2025 3543 2094 3599 de
2126 3543 2270 3610 Deo;
2299 3542 2556 3614 quoniam
2585 3541 2719 3596 Deus
2740 3541 2946 3596 dilectio
2967 3548 3135 3596 est....
3167 3537 3294 3594 218.
3324 3536 3630 3609 Unusquis-

2026 3652 2132 3707 que
2159 3637 2320 3707 igitur
2359 3651 2418 3692 se
2457 3645 2781 3707 cognoscat;
2813 3636 2938 3704 quia
2965 3633 3010 3689 si
3033 3635 3153 3705 quis
3180 3631 3344 3688 habet
3374 3633 3428 3687 in
3457 3647 3519 3688 se
3543 3631 3631 3688 di-

2025 3726 2315 3797 lectionem
2339 3769 2354 3794 ,
2384 3726 2749 3782 habitaculum
2776 3734 2860 3782 est
2882 3724 2975 3780 Dei
2998 3767 3013 3793 ,
3046 3726 3174 3796 quia
3209 3725 3354 3779 Deus
3377 3764 3392 3789 ,
3422 3724 3511 3793 qui
3544 3724 3624 3778 di-

2027 3820 2175 3876 lectio
2201 3830 2275 3876 est
2294 3864 2310 3889 ,
2341 3830 2507 3876 manet
2530 3820 2583 3874 in
2602 3820 2693 3875 illo
2719 3820 2846 3876 219.
2885 3820 3047 3874 Decet
3068 3817 3185 3889 jam
3211 3818 3372 3877 linem
3399 3817 3611 3889 specie-

2026 3927 2143 3967 rum
2173 3952 2187 3973 ,
2221 3912 2273 3967 in
2297 3911 2604 3967 dilectionis
2650 3909 3024 3981 plenitudine,
3065 3921 3119 3965 et
3171 3910 3413 3967 omnium
3442 3926 3626 3966 rerum

2027 4007 2289 4061 bonarum
2321 4021 2702 4062 consummare
2725 4047 2742 4073 ,
2777 4005 3013 4062 maxime
3036 4020 3157 4061 cum
3196 4006 3375 4069 omnia
3403 4006 3513 4061 sint
3539 4021 3627 4061 re-

2027 4108 2255 4165 traetata
2281 4098 2421 4159 22οι
2442 4110 2533 4157 aut
2555 4099 2599 4153 si
2622 4097 2751 4169 quid
2769 4099 3193 4169 pra'termissum
3224 4108 3327 4166 est,
3358 4098 3410 4154 in
3442 4098 3627 4154 mundi

2027 4189 2362 4261 plenitudine
2392 4191 2642 4246 videatur
2683 4206 2806 4246 esse
2834 4190 3173 4251 conclusum.
3232 4190 3453 4257 Veniam
3495 4201 3622 4248 ante

2026 4300 2217 4342 omnes
2248 4284 2501 4361 (fortasse
2539 4293 2665 4339 ante
2693 4283 2908 4353 omnia)
2934 4298 2965 4338 a
2996 4291 3091 4339 tuo
3123 4285 3323 4355 populo
3361 4284 3620 4340 sinceris-

2026 4379 2162 4437 sima
2192 4378 2481 4437 sanctitate
2502 4391 2666 4435 orans
2685 4418 2699 4440 ,
2732 4386 2789 4432 ut
2815 4385 2900 4430 tua
2928 4375 3198 4433 Sanctitas
3220 4418 3234 4443 ,
3266 4376 3353 4432 cui
3399 4378 3624 4457 peritior

2025 4470 2163 4526 vias
2191 4471 2338 4537 Deo,
2363 4480 2416 4524 et
2436 4471 2677 4525 sanctior
2714 4470 3065 4541 comprobata
3107 4479 3217 4537 est,
3245 4472 3298 4525 in
3337 4473 3621 4536 omnibus,

2026 4566 2080 4620 in
2111 4564 2305 4637 quibus
2334 4563 2679 4619 mediocritas
2710 4578 2827 4619 mea
2869 4564 2953 4618 vel
2978 4563 3359 4633 praetermisit,
3407 4565 3493 4620 vel
3540 4566 3624 4620 in-

320 4646 619 4734 cognitseat
644 4670 825 4721 vestra
856 4660 1161 4732 prudentia,
1182 4670 1444 4732 quantum
1461 4663 1698 4719 charitas
1719 4663 1919 4729 valeat,
1951 4663 2000 4723 D
2027 4668 2184 4714 venta
2218 4657 2428 4727 plenius
2457 4656 2752 4727 explanare
2782 4672 2889 4711 non
2926 4656 3099 4728 potuit
3121 4698 3137 4724 ,
3172 4663 3419 4712 correcta
3448 4657 3623 4713 refor-

326 4750 570 4822 legamus
600 4767 922 4824 responsum
955 4754 1168 4808 Domini
1214 4753 1270 4808 in
1313 4754 1603 4825 Evangelio
1642 4755 1873 4810 dicentis
1905 4772 1919 4810 :

323 4861 449 4901 cum
463 4850 903 4919 interrogaretur,
923 4846 1003 4903 sic
1014 4845 1259 4921 ait(Mat.
1288 4863 1423 4914 χχιι,
1443 4848 1535 4906 57)
1561 4864 1575 4902 :
1601 4846 1798 4920 Diliges
1819 4847 1923 4903 Do-

2028 4766 2210 4816 mare,
2239 4759 2295 4807 et
2323 4751 2576 4820 supplere
2611 4750 2864 4818 dignetur
2908 4759 3045 4804 :aut
3085 4751 3132 4813 si
3175 4750 3490 4820 probaveris
3516 4794 3531 4818 ,
3565 4763 3624 4808 ut

2026 4854 2111 4900 est
2136 4860 2165 4899 a
2188 4844 2346 4899 nobis
2368 4844 2684 4912 opusculum
2709 4854 2945 4913 emptum
2972 4851 3025 4898 te
3052 4845 3365 4915 petente,(et
3394 4844 3507 4900 Deo
3534 4845 3628 4900 ad-

324 4938 701 4999 minumDenm
722 4951 865 4995 tttnm
880 4957 943 4996 ea:
963 4950 1064 4995 toto
1082 4940 1235 4995 corde
1261 4950 1349 4995 tuo
1362 4951 1408 4996 et
1430 4958 1492 4997 ea:
1505 4951 1609 4996 tota
1633 4942 1806 4996 anima
1835 4951 1925 4997 tua
2020 4935 2246 5006 jtlvanlc
2288 4935 2587 5007 perfeClllm
2609 4976 2624 5003 ν
2657 4952 2764 4991 ιιοῐι
2795 4935 2997 5006 habere
3027 4935 3171 5008 (ιιιοά
3202 4936 3373 5004 des“.
3408 4938 3460 4991 in
3498 4952 3626 4994 οη·

324 5039 371 5084 et
402 5046 465 5084 ea:
488 5039 591 5085 tota
618 5033 805 5088 virtute
826 5042 947 5099 tua;
981 5043 1028 5088 et
1047 5033 1231 5107 diliges
1247 5032 1537 5107 proximum
1558 5033 1647 5089 tibi
1667 5042 1924 5104 tamquam

324 5134 393 5181 te.
422 5122 490 5181 In
502 5125 589 5183 bis
600 5125 1079 5201 duobuspmceptis
1108 5131 1315 5183 totalex
1333 5129 1536 5198 pendet,
1560 5140 1606 5183 et
1622 5127 1918 5195 Rrephetw.

324 5213 491 5272 Vides
516 5218 569 5274 in
602 5218 703 5274 hac
742 5221 856 5274 sola
881 5222 1133 5276 universa
1157 5220 1290 5292 legis
1311 5222 1486 5295 capita
1528 5221 1769 5290 pendere
1791 5221 1919 5277 212.

327 5310 470 5387 Velie
492 5313 734 5395 quisquis
764 5314 901 5385 hanc
929 5313 1109 5385 habet,
1133 5313 1243 5387 jam
1276 5314 1439 5380 Deus.
1467 5323 1522 5371 et
1550 5314 1643 5385 Dei
1666 5313 1804 5370 [ilius
1819 5315 1922 5371 dici

325 5411 507 5472 potest
531 5402 657 5459 215.
677 5404 757 5460 Es
784 5406 885 5462 hac
902 5405 1019 5460 sola
1044 5405 1160 5463 Deo
1176 5415 1226 5461 te
1248 5406 1479 5469 similem
1496 5421 1617 5469 esse
1638 5405 1923 5465 considera

321 5495 565 5565 2144)ιή
577 5500 743 5556 Deum
762 5499 956 5569 diligit,
974 5498 1233 5572 numquid
1248 5501 1457 5571 sperat?
1470 5500 1729 5573 numquid
1747 5501 1925 5561 timet?

324 5592 591 5667 numquid
619 5593 770 5663 ﬁdit?
799 5593 917 5669 lion
951 5612 964 5648 :
994 5594 1088 5655 sed
1134 5602 1341 5655 tantum
1381 5593 1558 5673 diligit
1585 5595 1715 5673 ᾒμῖρ
1752 5594 1922 5662 Deus,

325 5674 503 5758 inquit
531 5683 728 5742 Paulus
775 5686 967 5760 (Rom,
996 5703 1121 5757 wt,
1162 5687 1255 5758 ὅ),
1304 5704 1425 5751 cum
1468 5687 1732 5755 (Elea:th
1774 5705 1923 5751 mun-

2029 5030 2267 5086 tionibus
2323 5038 2429 5085 tam
2476 5031 2582 5086 tuis
2623 5031 2864 5097 sanctis,
2896 5046 3057 5101 quam
3105 5030 3347 5087 omnium
3396 5031 3623 5088 fratrum

2027 5124 2349 5181 meritoriam
2381 5124 2491 5181 mei
2521 5124 2723 5181 habeas
2754 5140 2771 5179 :
2807 5125 2873 5179 Et
2899 5125 3073 5187 sciant
3094 5124 3272 5181 :ctnuli
3297 5126 3420 5180 ﬁdei
3452 5142 3585 5183 inea:
3607 5169 3623 5195 ,

2028 5216 2326 5285 priestitam
2368 5217 2666 5281 rationem,
2696 5224 2751 5270 et
2786 5217 3082 5270 Convenire
3115 5232 3238 5270 eum
3270 5216 3519 5275 Ecclesia
3540 5236 3628 5283 tte-

2030 5318 2361 5381 cognoscant
2384 5308 2511 5374 221,
2545 5318 2601 5365 et
2622 5309 2792 5380 magis
2821 5311 3138 5381 mysterium
3167 5324 3408 5387 sumant,
3436 5323 3625 5370 utnon

2031 5403 2206 5458 solum
2234 5404 2570 5474 gratulentur
2599 5418 2696 5459 nos
2737 5402 3038 5460 credidisse
3061 5446 3079 5471 ,
3103 5420 3292 5475 verum
3331 5406 3495 5479 etiam
3527 5408 3628 5471 ali-

2032 5495 2352 5564 quantulum
2389 5494 2660 5563 inimicis,
2704 5504 2760 5553 et
2788 5495 3138 5553 credentibus
3175 5498 3447 5568 profuisse
3492 5498 3620 5557 222.

2618 5640 3043 5705 W
