4224 6262
547 286 653 341 ἴδίἰ

1228 283 1294 342 ΙΝ
1332 281 1592 341 HlLARll
1634 280 2027 339 EPISTOLAM
2068 278 2150 335 SE

2254 279 2586 336 “BELLUM
2628 278 3182 337 ANNOTATIONES.

3747 279 3849 336 7316

542 419 661 456 rum
681 417 899 467 a’rettm,
925 417 1079 472 super
1099 416 1297 472 omnem
1325 410 1540 466 terram,
1570 400 1773 472 regibus
1793 396 1940 472 Juda
1957 438 1973 464 ,
2002 397 2145 472 prin-g
2171 402 2228 461 Α
2249 398 2697 472 monstrationem
2753 398 2953 472 habeas
2994 410 3069 453 ex
3103 398 3276 472 veteri
3325 398 3717 472 Testamento?
3745 398 3851 453 Ac-

543 475 745 540 cipibus
774 476 884 543 eius
905 516 920 540 ,
948 470 999 543 et
1026 471 1425 543 Sacerdotibus,
1450 480 1497 524 et
1514 470 1708 543 popqu
1732 480 1901 525 terra.
1929 471 1993 543 Et
2018 470 2145 524 alibi

550 544 768 614 (larem.
801 540 881 609 vt,
909 542 1003 614 Ξῖ)
1036 562 1048 597 ;
1080 541 1445 614 Probationem
1473 540 1609 614 dedi
1639 551 1685 597 te
1724 543 1778 596 in
1817 541 2009 613 papula
2037 556 2145 594 meo

544 612 810 672 robustam
844 623 943 669 :.et
970 612 1132 681 scies,
1175 624 1223 667 et
1269 612 1507 683 probabis
1553 614 1685 666 viam
1730 612 1938 677 eorum,
1970 627 2146 667 omnes

546 688 806 755 principes
852 684 1200 748 declinantes,
1249 682 1564 739 ambulantes
1608 683 1998 755 fraudulenter,
2038 698 2144 755 (es,

545 752 596 812 et
641 752 837 827 ferrum
861 772 880 810 :
918 757 1141 827 uniuersi
1192 757 1423 827 corrupti
1451 763 1607 827 sunt;
1638 765 1692 810 et
1710 754 1900 827 gallinis
1942 754 2044 827 alia
2091 752 2146 807 in

544 825 937 896 Prophetarum
980 825 1134 881 libris
1157 827 1311 881 valde
1342 826 1665 895 frequentia.
1704 825 1987 895 Prophetis
2018 837 2147 879 vero

541 897 830 966 aliquando
862 897 1027 953 fuisse
1072 898 1379 968 impositum
1402 938 1416 957 .
1459 906 1518 952 ut
1549 897 1763 952 Domini
1795 901 2057 968 promissa
2084 909 2149 950 ac

542 970 806 1043 {n.tttdata
845 966 1304 1043 exsequerentur,
1336 969 1519 1023 multis
1558 968 1821 1037 exemplis
1862 966 2142 1043 discimus.

546 1040 726 1097 Unum
759 1042 844 1095 hic
890 1038 1108 1095 iamiam
1152 1042 1495 1108 desumptum
1535 1056 1600 1093 ex
1652 1055 1772 1110 cap.
1825 1054 1882 1094 ιχ
1928 1039 2051 1093 libri
2079 1038 2147 1092 IV

542 1112 783 1179 Regum;
820 1113 1045 1181 plurima
1076 1113 1310 1177 scilicet,
1339 1122 1493 1165 antea
1525 1127 1621 1181 per
1667 1110 1987 1180 Prophetas
2017 1125 2144 1179 pro-

542 1183 745 1249 missa,
791 1184 1185 1254 Prophetarum
1220 1181 1520 1238 ministerio
1548 1181 1856 1254 executioni
1895 1181 2147 1254 mandata

541 1251 930 1325 conspicimus.
973 1255 1174 1311 Locum
1220 1254 1362 1310 hunc
1391 1254 1642 1310 consulat
1665 1294 1679 1317 ,
1710 1252 1940 1308 obsecro
1960 1292 1977 1320 ,
2008 1251 2148 1308 Lec-

544 1335 601 1381 to
609 1344 654 1384 l‘.
784 1380 785 1383 η

619 1399 710 1454 17.
751 1398 952 1453 Omnes
974 1440 989 1462 ,
1022 1397 1111 1465 qui
1159 1404 1359 1451 nostra:
1407 1394 1530 1451 ﬁdei
1564 1395 1820 1449 articulos
1849 1393 2145 1465 exhibent,

545 1469 786 1525 secundo
817 1470 938 1525 loco
966 1463 1127 1523 istum
1162 1478 1513 1537 proponunt:
1557 1465 1627 1521 Et
1669 1468 1723 1520 in
1764 1482 1926 1537 unum
1968 1463 2150 1537 Jesum

546 1541 807 1595 Christum
837 1541 1002 1607 ﬁlium
1030 1540 1127 1594 Dei
1148 1532 1347 1607 (Patris
1372 1532 1813 1608 omnipotentis):
1844 1536 2010 1608 veluti
2043 1537 2151 1590 Ire-

545 1628 731 1678 nmus,
785 1606 1098 1684 symbolum
1138 1606 1552 1684 (Apestolicum,
1593 1606 1811 1678 aliique.
1858 1606 1935 1661 Ita
1985 1622 2149 1676 porro

545 1681 839 1739 articulum
865 1685 1007 1738 hunc
1036 1681 1408 1752 accipiendum
1441 1696 1634 1752 omnes
1664 1688 1921 1752 monent,
1952 1688 2011 1732 ut
2039 1688 2146 1733 non

2250 468 2382 525 cede
2410 469 2477 524 ad
2510 470 2742 538 primum
2785 469 3007 536 librum,
3030 472 3121 539 qui
3149 469 3377 526 Genesis
3401 474 3505 525 est.
3543 471 3633 525 Ait
3662 470 3808 525 Deus
3834 488 3848 523 :

2255 539 2529 594 Faciamus
2552 541 2830 610 hominem,
2862 556 2966 612 non
2989 542 3056 594 ad
3085 542 3373 612 imaginem
3402 555 3598 602 meam.
3640 541 3758 612 sed,
3782 542 3851 595 ad

2248 612 2522 680 imaginem
2563 621 2813 666 nostram.
2860 611 2928 666 Et
2958 610 3240 680 postquam
3274 612 3447 668 factus
3483 622 3626 666 esset
3650 610 3846 677 Adam,-

2249 682 2379 738 diclt
2407 702 2420 738 ;
2449 682 2520 737 Et
2550 682 2673 754 fecit
2707 684 2846 737 Deus
2874 683 3146 738 hominem
3177 702 3190 736 :
3234 682 3298 738 ad
3332 684 3620 754 imaginem
3650 684 3744 739 Dei
3774 683 3853 737 lc-

2249 754 2324 808 cit
2360 754 2526 808 illum.
2569 753 2681 808 Nec
2723 755 2866 809 enim
2893 754 2959 807 ad
2996 755 3205 809 Patrem
3239 755 3413 810 solum
3441 753 3741 809 divinitatis
3768 756 3856 810 di-

2248 826 2507 895 gnitatem
2538 825 2852 891 restrinxit,
2900 839 3083 879 verum
3117 841 3221 882 una
3272 825 3433 881 etiam
3463 826 3655 882 Filium
3695 841 3852 882 com-

2251 895 2575 966 prehendit:
2611 906 2671 950 ut
2699 896 3070 952 declararetnr
3100 897 3374 952 hominem
3413 914 3518 951 non
3551 897 3722 952 solius
3755 898 3853 954 Dei

2251 984 2386 1032 opus
2435 982 2554 1021 esse
2575 1009 2591 1034 ,
2635 967 2730 1023 sed
2764 966 2977 1023 Domini
3010 983 3224 1037 qucque
3253 969 3421 1023 nostri
3451 968 3579 1023 lesu
3619 967 3848 1031 Christi.

2249 1039 2338 1108 qui
2370 1046 2433 1110 et
2467 1039 2581 1107 ipse
2607 1054 2762 1093 verus
2803 1046 2887 1095 est
2916 1040 3073 1095 Deus.
3111 1040 3209 1094 Hic
3259 1040 3373 1107 ipse
3412 1040 3702 1102 Dominus.
3757 1041 3854 1110 qui

2249 1124 2371 1163 cum
2416 1109 2573 1165 Patre
2602 1119 2923 1178 cooperalur
2947 1151 2963 1176 ,
3003 1121 3326 1180 cooperatus
3369 1119 3451 1165 est
3495 1121 3551 1165 et
3577 1110 3721 1166 circa
3750 1114 3855 1165 Sn-

2250 1180 2427 1240 doma.
2457 1182 2607 1244 juxta
2649 1180 2984 1250 chipturam
3022 1182 3255 1237 aientem
3287 1200 3300 1234 :
3335 1181 3401 1236 Et
3425 1182 3687 1244 Dominus
3716 1183 3855 1252 pluit

2250 1266 2414 1320 super
2440 1252 2708 1316 Sodoma.
2751 1262 2804 1307 et
2833 1252 3161 1316 Gomorrha,
3212 1254 3389 1322 ignem
3436 1262 3492 1307 et
3516 1254 3770 1323 sulphur,
3820 1269 3853 1309 a

2252 1323 2482 1377 Domino
2525 1324 2591 1378 de
2643 1323 2806 1380 cmlo.
2841 1342 2859 1375 ι
2913 1324 3018 1378 Sed
3047 1325 3262 1379 caeteris
3312 1324 3542 1379 fortasse
3580 1326 3856 1391 coniosius

2251 1394 2489 1450 Hilarius
2539 1412 2768 1451 numero
2818 1396 2914 1460 l5,
2959 1404 3017 1451 et
3063 1396 3520 1462 subsequentibus
3568 1396 3686 1450 libri
3717 1411 3755 1451 ιι
3782 1396 3856 1451 de

2253 1463 2521 1520 Trinitate.
2541 1467 2613 1521 Ea
2633 1482 2762 1521 vero
2779 1467 3076 1536 praesertim
3101 1475 3153 1521 te
3165 1466 3637 1523 consulerelector
3648 1470 3854 1534 Optime

2250 1537 2438 1612 cupio,
2500 1553 2627 1612 quae
2651 1537 2815 1612 tradit
2841 1538 2935 1612 ille
2964 1552 3190 1612 numero
3237 1540 3453 1612 decimo
3482 1553 3636 1612 nono
3689 1540 3857 1612 (Apo-

2248 1608 2424 1681 stolas
2437 1610 2573 1663 enim
2593 1610 2783 1675 docuit,
2816 1606 2946 1680 etc.)
2966 1610 3036 1664 Ea
3066 1609 3281 1681 quoque
3305 1610 3591 1681 consulere
3620 1619 3674 1665 te
3697 1606 3853 1681 opto,

2248 1694 2373 1752 qua}
2396 1679 2556 1735 docet
2581 1682 2631 1734 in
2664 1695 2742 1750 ps.
2772 1696 2859 1736 xct
2885 1679 3060 1750 (num.
3088 1679 3123 1737 3
3158 1679 3215 1737 et
3260 1681 3465 1752 seqq.).
3497 1680 3704 1736 Rursus
3730 1679 3855 1751 quae

544 1755 836 1841 adoptione
880 1766 955 1837 et.
979 1750 1194 1841 gratia,
1225 1756 1299 1807 uti
1330 1767 1429 1841 nps
1462 1751 1558 1834 ﬁli
1590 1753 1680 1835 Dei
1716 1751 1888 1832 Patris
1917 1764 2103 1841 sumns
2124 1791 2138 1814 ,
2178 1781 2223 1841 Β
2253 1750 2611 1841 ινθιιὶιυιιιιιη.
2663 1753 2824 1841 tertio
2852 1763 2907 1805 et
2951 1761 3141 1841 qqartn
3172 1750 3626 1841 tractajtus'JnPs.
3652 1750 3857 1841 cxcvm

547 1822 665 1881 sed
693 1836 883 1882 natura
914 1822 1005 1881 sit'
1031 1825 1169 1880 ﬁlius
1195 1843 1207 1877 :
1240 1823 1382 1895 quod
1429 1822 1816 1895 rectissimein
1847 1822 2147 1895 apostolico

549 1898 797 1969 symbolo
825 1897 1084 1960 traditur,
1117 1892 1460 1969 dum‘unicus
1489 1894 1685 1969 dicitur
1725 1892 1826 1964 (α).
1861 1892 1971 1947 Cur
1998 1893 2145 1947 enim

550 1965 744 2024 unicus
773 1978 858 2024 est
878 2008 892 2033 ,
925 1970 1025 2022 nisi
1054 1968 1177 2036 quia
1211 1981 1349 2021 unus
1373 1975 1569 2036 natura
1587 1965 1728 2019 lilius
1758 1973 1861 2028 est,
1894 1979 2016 2036 cum
2046 1978 2148 2017 nos

550 2040 843 2107 adoluione
870 2032 1114 2107 etgratia
1136 2036 1301 2108 (quod
1325 2035 1582 2108 diximus)
1608 2037 1701 2088 lilii
1726 2032 1932 2108 simus?
1962 2034 2149 2088 Patres

550 2105 793 2180 ejusdem
815 2105 1058 2181 Syntboli
1088 2105 1409 2178 interpretes
1437 2106 1659 2181 minime
1687 2105 2149 2181 nﬁer0,_cmn_eos

549 2175 778 2251 quisque
804 2175 957 2236 facile
983 2175 1266 2234 consulere
1292 2194 1384 2248 per
1405 2194 1462 2232 se
1480 2177 1667 2251 possit.
1687 2175 1863 2232 Unutn
1893 2175 1980 2231 hic
2003 2175 2152 2230 Hila-

551 2249 705 2306 rium‘
724 2253 922 2315 excito,
952 2266 983 2306 a
1011 2267 1117 2318 quo
1140 2257 1511 2319 argumentum
1544 2249 1645 2302 hoc
1667 2256 2025 2319 pertractatur
2047 2260 2150 2301 nu-

550 2338 703 2378 mero
725 2324 964 2379 secundo
992 2322 1028 2376 l.
1065 2338 1096 2376 ν
1123 2321 1184 2375 de
1208 2318 1396 2376 ’Trinit.
1425 2318 1485 2388 (t.
1504 2335 1563 2385 ιι,
1585 2336 1638 2388 ρ.
1661 2318 1762 2374 105
1786 2336 1798 2373 :
1821 2318 1927 2374 Sed
1945 2333 2037 2372 nos
2067 2334 2153 2372 sa-

553 2394 821 2463 pientiam,
840 2392 994 2461 etc.).
1030 2393 1097 2449 Et
1124 2407 1271 2447 num.
1302 2391 1374 2446 45
1405 2392 1524 2463 libri
1544 2392 1779 2463 vigilem
1808 2388 2153 2463 deTrinitate

553 2458 722 2537 (Pag.
770 2458 908 2537 ωδε
936 2458 1004 2518 Et
1029 2480 1146 2518 cum
1172 2465 1255 2518 Itic
1285 2458 1433 2537 verus
1458 2461 1556 2516 Dei
1580 2462 1742 2537 ﬁlius,
1769 2459 1929 2537 etc.)_.
1947 2460 2152 2537 Rursus

550 2524 607 2614 ι).
634 2524 819 2614 {inid
837 2543 979 2614 est,
999 2546 1274 2614 postremo
1305 2532 1425 2614 libri
1457 2549 1530 2614 vn
1556 2524 1857 2614 pariterue
1882 2524 2153 2614 Trinitate

555 2605 634 2679 (p.
662 2607 796 2663 208:
828 2602 979 2662 Credi
998 2608 1189 2679 itaque,
1208 2608 1363 2675 etc.).
1386 2602 1870 2679 ﬁ’elteiitentissime
1891 2611 2071 2679 autem
2098 2602 2153 2679 id

550 2674 727 2740 ipsum
759 2680 991 2737 inculcat
1019 2674 1206 2743 n.36,
1240 2688 1294 2732 et
1318 2674 1576 2747 Subseqq.
1606 2675 1726 2731 libri
1760 2690 1815 2729 vr
1836 2716 1851 2738 ,
1896 2676 2057 2747 etiam
2085 2674 2153 2728 de

550 2748 835 2804 Trinitate.
869 2750 994 2805 Haec
1041 2760 1247 2803 tantum
1299 2748 1471 2817 seligo
1502 2744 1587 2803 ex
1631 2762 1857 2802 numero
1899 2744 2001 2811 41,
2032 2760 2154 2816 quae

553 2819 643 2876 hic
692 2822 1049 2878 describam:
1099 2839 1119 2873 ι
1172 2820 1457 2877 Scribendi
1508 2819 1671 2890 igitur
1715 2817 1992 2887 Evangelii
2045 2830 2151 2871 tton

551 2892 711 2946 aliam
749 2894 980 2962 prmtulit
1008 2892 1269 2956 Causam,
1315 2907 1475 2961 quam
1525 2902 1583 2946 ut
1630 2890 2154 2962 omnescrederent

552 2960 888 3018 Jesum'esse
914 2965 1187 3018 Christum
1229 2960 1396 3018 ﬁlium
1428 2962 1539 3016 Dei.
1570 2962 1627 3016 Si
1674 2960 1873 3016 sul'ﬁcit
1912 2961 1977 3016 ad
2009 2962 2154 3015 salu-

552 3043 698 3099 tem,
730 3034 1005 3091 Christum
1035 3034 1293 3100 credere;
1324 3050 1441 3095 cur
1465 3032 1663 3101 adjecit
1714 3032 1881 3086 lilium
1917 3032 2050 3086 Dei?
2094 3031 2153 3088 Si

551 3120 683 3159 vero
720 3103 993 3159 Christum
1039 3106 1263 3161 credere
1304 3120 1368 3160 ea
1414 3104 1633 3165 demum
1690 3101 1823 3158 ﬁdes
1869 3114 1988 3167 est,
2040 3119 2149 3158 non

2255 1820 2404 1893 (pag.
2436 1820 2542 1877 645
2572 1824 2700 1878 tomi
2734 1829 2799 1889 ι),
2831 1831 2885 1877 et
2913 1820 3065 1877 ιιξιΜ
3086 1823 3206 1893 libri
3248 1839 3299 1877 Ix
3322 1823 3390 1879 de
3428 1822 3684 1877 Trinitate
3706 1841 3725 1878 :
3752 1824 3857 1877 de-

2254 1896 2416 1962 nique
2443 1909 2591 1948 num.
2617 1895 2689 1949 45
2718 1894 2811 1949 lib.
2843 1910 2915 1948 xu
2955 1894 3023 1949 de
3067 1892 3340 1949 Trinitate.
3372 1894 3667 1961 Respicere
3692 1910 3858 1963 porro

2252 1963 2506 2019 videntur
2532 1966 2586 2020 hi
2614 1965 2803 2020 Patres
2830 1982 2937 2019 non
2970 1965 3131 2020 modo
3160 1966 3226 2019 ad
3248 1975 3411 2035 caput
3437 1981 3457 2021 ι
3489 1965 3737 2031 Joannis,
3763 1981 3858 2020 ve-

2255 2051 2372 2088 rum
2418 2040 2581 2091 etiam
2615 2037 2680 2090 ad
2702 2037 3026 2091 versiculum
3050 2037 3084 2091 6
3106 2037 3296 2106 pSalmi
3316 2053 3464 2093 χχιιι
3494 2055 3507 2094 :
3546 2036 3712 2093 Verbo
3745 2035 3863 2091 Do-

2254 2106 2383 2177 mini
2406 2107 2520 2162 caeli
2547 2109 2738 2177 ﬁrmati
2759 2119 2902 2162 sunt.
3420 2162 3423 2165 .

2329 2176 2418 2232 19.
2450 2177 2707 2233 Nonnihil
2742 2180 3091 2234 obscuritatis
3120 2179 3284 2234 habet
3326 2179 3414 2235 hic
3441 2180 3625 2246 locus,
3663 2180 3716 2235 in
3747 2196 3861 2250 quo

2254 2250 2417 2323 etiam
2447 2264 2833 2323 amanuensem
2858 2265 3070 2323 errasse
3084 2260 3216 2321 puto
3234 2266 3249 2317 ;
3269 2251 3465 2323 desunt
3487 2251 3688 2321 quippe
3712 2253 3862 2323 (mea

2255 2318 2473 2393 quidem
2504 2321 2816 2393 sententia)
2864 2336 2927 2376 ea
2961 2318 3147 2386 verba,
3196 2322 3392 2393 quibus
3420 2318 3692 2379 indicetur
3722 2318 3854 2377 hanc

2258 2390 2453 2445 tradita
2496 2391 2665 2447 fuisse
2694 2408 2725 2446 a
2767 2390 3018 2457 Joanne;
3051 2390 3379 2454 velutiista.
3408 2402 3500 2447 aut
3528 2394 3708 2448 afﬁnis
3736 2411 3750 2447 :
3784 2396 3861 2448 uti

2257 2478 2349 2516 nos
2369 2461 2513 2518 docet
2537 2463 2765 2519 Joannes
2791 2483 2845 2520 ετ.
2880 2465 3307 2535 quemadmodum
3346 2481 3411 2520 ea:
3453 2465 3659 2520 Joanne
3684 2464 3864 2520 Evan-

2255 2535 2440 2603 gelista
2479 2545 2697 2606 constat.
2742 2535 3057 2591 Tumvero
3103 2536 3363 2604 Epistula
3394 2537 3555 2606 hujus
3579 2537 3738 2592 verba
3781 2539 3864 2593 sic

2256 2606 2484 2680 explica.
2532 2605 2635 2661 Per
2677 2623 2825 2676 quem
2872 2607 3155 2674 (Joannem
3188 2607 3398 2663 scilicet
3439 2605 3862 2680 Evangelistam)

2256 2679 2545 2749 accepimus
2570 2719 2586 2744 ,
2633 2694 2919 2732 sermonem
2943 2721 2958 2745 ,
3000 2680 3057 2732 id
3078 2688 3151 2734 est
3197 2680 3450 2734 rationem
3473 2679 3817 2735 universitatis
3843 2679 3861 2745 ι

2255 2748 2418 2823 fuisse
2453 2750 2592 2823 apud
2632 2749 2813 2823 Deum.
2849 2749 3318 2823 Joannesﬂquippe
3345 2752 3457 2805 haec
3492 2749 3707 2823 tradidit
3746 2768 3759 2804 :
3790 2749 3863 2804 1η

2258 2818 2514 2894 principio
2545 2831 2657 2876 erat
2684 2819 2915 2894 iVerbum
2935 2865 2949 2889 ,
2994 2831 3043 2876 et
3078 2818 3300 2894 verum
3345 2833 3452 2875 erat
3495 2823 3637 2894 apud
3667 2818 3861 2894 Deum;

2256 2890 2440 2963 Neque
2468 2908 2596 2948 vero
2625 2893 2838 2947 mireris
2866 2906 2955 2949 me
2985 2894 3070 2949 hic
3100 2893 3417 2949 Sermonem
3441 2890 3540 2963 pro
3563 2893 3742 2948 Verbo
3780 2894 3864 2946 di-

2257 2965 2384 3017 vino
2413 2976 2631 3020 sumere
2661 2983 2673 3018 :
2702 2966 2950 3033 quamvis
2977 2965 3144 3030 enim,
3169 2964 3245 3018 uti
3281 2972 3432 3019 nutat
3458 2965 3708 3019 Petavius
3736 2965 3862 3033 (lib.

2258 3050 2314 3090 vt
2359 3036 2424 3089 de
2451 3034 2639 3107 Trinit.
2675 3052 2794 3105 cap.
2832 3037 2882 3097 1,
2917 3052 2970 3089 n.
3002 3033 3090 3107 5),
3121 3037 3413 3091 secundam
3437 3036 3716 3091 Trinitatis
3742 3053 3868 3098 pcr-

2257 3120 2445 3171 sonam
2491 3105 2708 3178 Verbum
2758 3108 2975 3176 potius,
3031 3105 3190 3175 quam
3240 3107 3542 3178 Sermonem
3584 3110 3867 3178 appellare

553 3173 827 3248 Christum
876 3176 1246 3231 tantummodo
1266 3217 1280 3241 ,
1301 3175 1697 3248 sedChristum
1730 3172 1894 3248 ﬁlium
1926 3174 2021 3248 Dei
2040 3190 2152 3248 cre-
2178 3169 2222 3232 C
2255 3169 2529 3233 voluerint
2561 3169 2806 3245 Veteres,
2836 3178 2874 3232 ii
2902 3169 3226 3248 praesertim;
3257 3169 3864 3248 quiNicaanum'cont-i-

554 3247 788 3312 didisse;
819 3264 923 3301 non
955 3257 1039 3303 est
1065 3262 1260 3303 nomen
1289 3246 1382 3300 ﬁlii
1412 3246 1463 3300 in
1490 3244 1705 3300 Christo
1735 3245 2009 3315 unigenito
2039 3245 2154 3301 Deo

553 3332 621 3373 ex
645 3314 953 3385 adoptionis
996 3316 1417 3386 consuetudine,
1463 3317 1604 3386 quod
1648 3314 1925 3386 proprium
1953 3325 2036 3372 est
2086 3317 2154 3372 ad

553 3384 806 3448 salutem.
838 3408 857 3441 ι
894 3390 1123 3445 Temere
1150 3405 1279 3460 ergo
1310 3384 1534 3451 aliertur
1573 3384 1811 3444 Hilarius
1840 3388 1996 3459 quasi
2043 3388 2153 3443 Eli-

554 3460 735 3529 pando
770 3472 823 3515 et
854 3460 1020 3517 Felici
1055 3461 1366 3530 Urgclitztno
1395 3462 1597 3524 favens.

627 3533 713 3585 18.
741 3531 978 3602 Respicit
1013 3530 1365 3599 preculdubio
1411 3531 1476 3585 ad
1515 3530 1841 3587 versiculum
1889 3531 1924 3586 5
1963 3532 2158 3599 capitis

551 3619 569 3656 ι
612 3603 889 3673 Evangelii
932 3603 1174 3661 Joannis.
1230 3603 1397 3673 Porro
1428 3602 1701 3658 uberrime
1735 3603 1834 3656 hac
1876 3602 1945 3658 de
1987 3618 2066 3667 re,
2100 3613 2155 3658 et

551 3688 697 3744 sazpe
724 3672 996 3731 disserunt
1023 3676 1231 3729 Patres.
1263 3672 1626 3728 Tertullianus
1653 3673 1882 3728 obscure
1912 3674 2150 3743 quidem,

552 3755 612 3800 ut
632 3743 789 3811 solet,
813 3756 868 3801 et
896 3760 1100 3815 presse.
1126 3760 1188 3800 ea
1215 3755 1390 3800 tamen
1415 3743 1600 3810 tradit,
1625 3760 1656 3800 e
1679 3745 1873 3814 quibus
1899 3744 2153 3801 eumdem

553 3831 779 3875 sensum
804 3817 1009 3873 elicias.
1040 3815 1303 3879 Caitsule,
1333 3815 1580 3880 obsecro,
1605 3830 1723 3885 quae
1761 3816 1920 3871 docet
1945 3816 2031 3871 ille
2058 3832 2153 3871 ca-

554 3887 662 3957 pite
724 3890 789 3943 18
852 3888 981 3947 libri
1051 3888 1310 3942 adversus
1372 3885 1767 3957 Hermogenem
1810 3904 1823 3939 :
1871 3889 2155 3956 perspicue

552 3969 735 4012 autem
794 3972 916 4027 cap.
966 3959 1033 4014 l9
1080 3958 1202 4012 libri
1243 3973 1275 4012 ν
1303 3958 1567 4013 adversus
1613 3957 1981 4017 Marcionem:
2033 3976 2052 4009 ι
2095 3959 2154 4014 Si

553 4044 663 4099 non
677 4038 781 4092 est,
812 4029 1005 4097 inquit,
1031 4028 1277 4085 Christus
1309 4029 1699 4099 primogenitus
1721 4028 2067 4096 conditionis,
2098 4038 2156 4085 ut

555 4098 749 4156 Sermo
778 4099 1073 4164 Creatoris,
1102 4115 1202 4170 per
1225 4116 1385 4169 quem
1407 4098 1588 4155 omnia
1616 4099 1752 4155 facta
1778 4109 1923 4165 sunt,
1952 4111 2007 4155 et
2037 4100 2154 4156 sine

553 4185 662 4240 quo
689 4169 820 4225 nihil
848 4171 1048 4226 factum
1077 4169 1194 4236 est;
1223 4173 1268 4225 si
1292 4186 1399 4226 non
1429 4173 1481 4225 in
1515 4170 1607 4225 illo
1634 4171 1853 4226 condita
1883 4182 2008 4227 sum
2033 4172 2156 4229 uni-

552 4256 725 4313 versa
744 4244 796 4296 in
840 4243 1025 4313 oculis,
1068 4252 1123 4299 et
1153 4244 1204 4296 in
1240 4245 1439 4311 terris,
1471 4241 1725 4303 visibilia.
1758 4251 1814 4297 et
1840 4243 2151 4313 invisibilia,

551 4312 669 4368 sive
695 4312 893 4380 throni,
924 4314 1041 4369 sive
1078 4314 1498 4380 dominationes,
1522 4314 1637 4369 sive
1665 4313 2013 4384 principatus,
2039 4312 2155 4371 sive

554 4393 880 4455 potestates;
911 4387 956 4439 si
997 4401 1103 4441 non
1143 4396 1336 4443 cuncta
1368 4400 1463 4455 per
1503 4385 1676 4455 illum,
1709 4393 1764 4440 et
1798 4385 1852 4440 in
1896 4384 1985 4440 illo
2028 4392 2155 4441 sunt

553 4454 770 4509 condita
813 4456 950 4525 (haec
990 4457 1134 4512 enim
1179 4454 1439 4512 Marciani
1479 4454 1766 4526 displicere
1807 4457 2150 4526 oportebat);

552 4540 664 4581 non
696 4527 879 4596 utique
916 4538 1024 4584 tam
1066 4527 1211 4589 nude
1254 4529 1522 4598 posuisset
1560 4526 1853 4596 Apostolus
1883 4545 1896 4581 :
1930 4529 1998 4583 Et
2041 4531 2154 4597 ipse

552 4608 638 4653 est
664 4608 791 4653 ante
816 4612 1027 4655 omnes.
1061 4600 1345 4725 Euomodo
1375 4601 1519 4655 enim
1547 4609 1672 4654 ante
1701 4613 1922 4665 omnes,
1967 4601 2011 4654 si
2032 4614 2152 4658 .nun

553 4679 681 4724 ante
724 4671 905 4725 omnia
931 4671 954 4725 ?
993 4689 1012 4723 ι
1094 4673 1132 4723 ‘t
1160 4671 1291 4725 alibi
1315 4672 1554 4725 apertius
1584 4669 1826 4725 (Aueiae.
1866 4687 1983 4725 can.
2011 4669 2106 4725 21)
2135 4686 2149 4724 :

553 4679 681 4742 ante
724 4671 905 4742 quinia
931 4671 954 4725 ?
993 4689 1012 4723 ι
1063 4669 1132 4725 Et
1160 4671 1291 4725 alibi
1315 4672 1554 4741 apertius
1584 4669 1826 4742 (Apolog.
1866 4687 1983 4740 cap.
2011 4669 2106 4742 21)
2135 4686 2149 4724 :

550 4739 898 4813 léyovADet'...
920 4742 1176 4813 eumdem,
1204 4741 1292 4810 qui
1318 4739 1466 4813 uerbo
1487 4741 1657 4813 otnnia
1683 4739 1892 4813 faceret,
1927 4739 1973 4795 et
2000 4739 2151 4813 feciso

553 4810 649 4884 set.
693 4810 941 4884 Cyl-illus
977 4811 1498 4884 Hierosolymitanus
1548 4812 1601 4866 in
1619 4810 1877 4884 eamdem
1930 4810 2153 4869 senten-

553 4882 680 4937 tiam
712 4881 811 4955 (b):
847 4901 867 4936 ι
898 4882 993 4938 Vis
1013 4897 1142 4955 vero
1162 4881 1635 4955 addiscere,_quod
1661 4898 1783 4937 cum
1808 4883 1965 4940 Patre
1991 4886 2155 4941 etiam

552 4962 681 5009 ante
705 4953 1204 5009 inhumanatiouem
1235 4962 1319 5009 est
1359 4953 1605 5009 Christus
1639 4955 1927 5019 Dominus;
1956 4967 2015 5011 ut
2046 4971 2155 5012 non

554 5025 730 5080 solum
762 5024 868 5081 ﬁde
896 5026 1126 5096 recipias
1156 5024 1209 5080 id
1238 5023 1382 5097 quod
1405 5024 1622 5094 dicitur,
1653 5042 1840 5082 verum
1865 5026 2029 5083 etiam
2061 5028 2157 5084 de-

628 5194 709 5277 (a')
738 5196 805 5257 Et
850 5198 907 5255 in
954 5196 1140 5277 Iesum
1169 5200 1475 5271 Christum,
1522 5201 1692 5258 lllltlm
1731 5202 1850 5275 eius
1892 5205 2152 5277 unicum;

553 5269 843 5326 Dominum
873 5276 1140 5327 nostrum.

627 5342 703 5417 (ὁ)
740 5344 961 5417 Catani.
1001 5359 1054 5417 ιτ
1108 5359 1163 5399 ιι.
1211 5344 1265 5412 6,
1320 5344 1623 5417 interprete
1650 5334 1860 5403 clariss.
1914 5348 2159 5405 Antonio

554 5411 858 5483 Augustino
884 5412 1114 5471 Toutée.

625 5480 700 5557 (ἓ)
743 5481 969 5538 Tertull.
1002 5495 1205 5559 contra
1250 5485 1563 5559 Hermogen.
1623 5502 1747 5559 cap.
1796 5489 1900 5559 20;
1960 5480 2151 5548 contra

550 5552 814 5637 artiﬁcem
844 5569 965 5626 cap.
1109 5552 1533 5637 vaatianuﬂsi
1555 5561 1600 5617 is
1627 5552 1915 5637 a_t_tctor,es't
1940 5561 2064 5621 libri
2089 5564 2154 5637 de

557 5571 814 5611 rrateatt
844 5571 965 5626 cap.
994 5571 1080 5610 ιο.
1109 5571 1438 5631 Horatianus
1464 5571 1600 5635 (sus
1627 5571 1816 5616 auctor
1830 5571 1915 5619 est
1940 5571 2064 5621 libri
2089 5571 2147 5619 de

557 5571 957 5708 Trinita.3_cap.
987 5626 1104 5708 _51._
1136 5628 1354 5708 Cypria.
1395 5630 1491 5689 lib.
1545 5648 1585 5691 ιι
1639 5624 1882 5690 Testinio.
1936 5642 2057 5708 cap.
2089 5636 2147 5703 5,

553 5711 608 5781 _e_t
662 5705 730 5758 de
781 5703 924 5781 linit.
975 5701 1153 5760 Eccle.
1185 5701 1421 5781 Laetam
1452 5708 1543 5766 lib.
1572 5708 1625 5765 tv
1671 5708 1883 5766 lnstitu.
1913 5701 2034 5781 cap.
2068 5701 2144 5768 4t

551 5773 694 5849 λόγος
720 5775 857 5830 enim
881 5784 930 5831 et
949 5780 1233 5835 sermonem
1254 5778 1532 5851 signiﬁcat,
1562 5791 1609 5841 et
1638 5782 1890 5840 rationem
1909 5773 2031 5855 quia
2051 5785 2142 5844 ille

2260 3251 2409 3321 liutni
2436 3259 2561 3305 sunt
2607 3249 2919 3321 subsecuti;
2969 3251 3155 3320 negari
3197 3258 3375 3305 tamen
3421 3251 3646 3305 minime
3685 3259 3867 3321 potest

2257 3320 2503 3377 eamdem
2530 3322 2702 3384 ipsum
2725 3320 3017 3376 secundam
3051 3320 3407 3376 sanctissimae
3426 3320 3705 3378 Trinitatis
3734 3338 3863 3391 pur-

2256 3407 2446 3447 sonam
2471 3391 2737 3448 Sermonis
2766 3393 3029 3464 vocabulo
3056 3392 3224 3447 fuisse
3254 3393 3633 3464 signiﬁcatam,
3666 3404 3769 3446 non
3795 3393 3865 3445 ah

2257 3464 2326 3519 iis
2357 3474 2565 3519 tantum
2586 3505 2600 3528 ,
2632 3466 2722 3532 qui
2753 3463 3029 3518 Nicaenum
3065 3463 3326 3531 praeivere
3358 3466 3451 3535 (c),
3480 3480 3670 3519 verum
3698 3467 3864 3518 etiam

2256 3538 2326 3590 ab
2357 3536 2444 3602 iis,
2475 3535 2569 3605 qui
2594 3536 2739 3605 illud
2774 3543 2902 3589 sunt
2930 3535 3226 3590 subsecuti.
3264 3536 3375 3590 Hoc
3405 3535 3567 3605 modo
3608 3535 3865 3591 Paullnus

2256 3603 2502 3662 Nolanus
2527 3604 2739 3679 (Natat.
2774 3621 2824 3660 v1
2857 3606 2917 3660 S.
2946 3605 3139 3660 Felicis
3164 3622 3295 3661 vers.
3328 3603 3463 3677 9.5):

2351 3718 2716 3784 Christe_Deus
2740 3716 2920 3769 Felicis
2942 3720 3077 3784 ades,
3104 3714 3320 3784 danun‘c
3344 3717 3462 3784 mihi
3486 3719 3694 3771 verbum

2351 3782 2530 3833 Sermo
2554 3781 2712 3843 Deus,
2737 3784 2799 3832 da
2825 3781 3134 3847 perspicuam
3158 3782 3412 3849 Sapientia
3438 3788 3671 3833 mentem.

2329 3886 2589 3960 Rusticus
2619 3901 2834 3960 quoque
2864 3881 3000 3960 (d)_:
3044 3904 3064 3938 ι
3096 3885 3156 3942 Si
3207 3901 3340 3960 ergo
3389 3885 3568 3960 modis
3609 3885 3867 3960 omnibus

2257 3958 2336 4012 sic
2371 3954 2605 4013 Verbum
2637 3954 3043 4026 sempiternum
3085 3966 3190 4022 est,
3224 3954 3572 4027 sicttt_Pater,
3608 3958 3864 4027 impassi-

2258 4029 2492 4099 bitisque
2514 4031 2653 4083 idem
2682 4024 2785 4083 Dei
2802 4027 3018 4099 Sermo.
3042 4036 3099 4083 et
3123 4024 3447 4084 iuvertibilis
3467 4024 3810 4083 sicutPater.
3838 4048 3860 4083 ι

2257 4096 2593 4168 Augustinus
2618 4099 2823 4168 pariter
2845 4096 2918 4172 (e)
2951 4117 2973 4172 :7
2999 4117 3018 4151 ι
3047 4100 3193 4156 Misit
3216 4099 3413 4155 Sermo
3441 4100 3535 4154 Dei
3561 4099 3733 4167 legem
3769 4116 3868 4168 per

2257 4186 2475 4243 servum
2507 4188 2688 4237 suum,
2722 4186 2824 4243 nec
2855 4171 3065 4243 proluit,
3087 4173 3139 4226 in
3167 4173 3405 4243 peccatis
3434 4181 3647 4243 mortuo
3665 4172 3862 4241 generi

2260 4240 2583 4316 humano.)
2635 4241 2780 4316 Alibi
2832 4257 2962 4297 vero
3002 4240 3202 4316 (Serm.
3244 4242 3278 4297 8
3316 4243 3382 4296 de
3416 4241 3588 4316 verbis
3625 4240 3864 4316 Apostoli

2257 4329 2312 4385 n.
2344 4310 2435 4384 l):
2466 4332 2486 4367 ι
2513 4314 2626 4369 Non
2659 4313 2980 4385 liberaretur
3001 4310 3298 4369 humanum
3320 4328 3515 4385 genus,
3539 4314 3641 4368 nisi
3667 4310 3865 4370 Sermo

2259 4384 2355 4440 Dei
2379 4386 2689 4456 dignaretur
2711 4400 2834 4440 esse
2861 4384 3149 4440 humanus.
3190 4403 3211 4438 ι

2329 4456 2470 4523 Quin
2496 4468 2548 4512 et
2572 4456 2936 4528 Hieronymus
2960 4459 3185 4525 primatu
3201 4457 3486 4528 Theophili
3510 4455 3865 4513 Alexandrini

2261 4528 2510 4597 Episcopi
2540 4527 2847 4598 paschalem
2874 4529 3158 4598 epistolam
3188 4531 3241 4584 in
3268 4527 3489 4584 latinum
3515 4539 3754 4590 vertens,
3784 4530 3865 4585 sic

2259 4599 2508 4656 eutndem
2531 4597 2893 4672 Theophilum
2908 4597 3233 4672 Scribentem
3254 4599 3458 4672 inducit
3481 4599 3676 4672 (Epist.
3699 4601 3753 4652 in
3765 4598 3866 4653 Ve-

2260 4686 2374 4724 ron.
2392 4672 2527 4744 pedit.
2557 4669 2648 4735 96,
2677 4687 2732 4738 η.
2768 4669 2822 4739 7)
2848 4687 2863 4727 :
2886 4689 2906 4723 ι
2936 4671 3089 4737 Quod
3111 4670 3159 4725 si
3178 4683 3369 4744 regnat
3389 4669 3584 4744 Sermo
3610 4672 3724 4732 Dei,
3750 4674 3864 4744 uti-

2257 4756 2362 4811 que
2391 4741 2532 4797 Deus
2562 4749 2667 4816 est,
2696 4748 2802 4797 etc.
2828 4760 2858 4816 ,ι
2892 4744 3161 4816 ᾼιιιιιθλθιι
3203 4741 3421 4816 quidem
3446 4742 3865 4816 rhujttscevocis

2261 4815 2542 4881 usurpatio
2572 4813 2708 4868 adeo
2735 4813 3010 4869 nonnullis
3038 4813 3261 4882 placuit,
3277 4826 3333 4869 ιιι
3359 4814 3416 4870 in
3445 4815 3664 4869 latinam
3689 4813 3862 4882 ipsam

2262 4884 2446 4940 Sacra:
2472 4885 2770 4955 Scriptura
2800 4883 3309 4955 interpretationem
3337 4901 3455 4941 eam
3498 4886 3814 4939 inducerent
3841 4900 3860 4949 ;

2261 4956 2483 5028 quippe,
2513 4967 2767 5028 monente
2793 4957 3094 5026 Augustino
3114 4957 3182 5028 (ι’)
3204 4997 3220 5023 ,
3244 4959 3296 5011 in
3323 4957 3645 5028 quibusdam
3660 4956 3865 5028 codici-

2262 5027 2363 5084 bus
2391 5027 2574 5083 Sermo
2607 5027 2903 5098 legebatur,
2933 5030 3023 5083 ubi
3053 5026 3193 5083 nunc
3231 5026 3455 5082 Verbum
3482 5029 3731 5099 legimus.
3765 5026 3863 5082 Ille

2262 5216 2312 5263 et
2334 5221 2434 5261 vos:
2461 5213 2557 5271 est,
2587 5202 2916 5277 etrsapientia
2945 5204 3040 5259 Dei
3065 5222 3079 5271 ;
3110 5212 3166 5261 et
3185 5206 3359 5277 capite
3379 5203 3436 5272 8,
3465 5205 3553 5263 ubi
3597 5207 3713 5277 itth
3740 5202 3862 5267 elo-

2264 5278 2448 5350 quitur
2483 5292 2496 5331 :
2528 5270 2903 5350 meritofsermg
2924 5318 2939 5342 ,
2968 5287 3017 5331 et
3049 5270 3266 5331 verbum'
3285 5273 3385 5330 Dei
3411 5270 3619 5334 dicitur.
3655 5270 3862 5337 Rursus

2417 5348 2482 5424 9_,
2512 5347 2603 5402 sed
2634 5348 2814 5402 melius
2848 5345 3015 5403 Grazci
3047 5349 3195 5424 λόγον
3219 5350 3417 5417 dicunt,
3449 5365 3601 5420 quam
3624 5364 3716 5405 nos
3743 5367 3861 5406 uer-

2258 5420 2378 5475 bum
2407 5421 2512 5474 sive
2537 5434 2842 5481 sermonem.

2332 5489 2502 5565 (d)_ln
2548 5490 2701 5565 initio
2732 5490 3110 5565 disputationis
3141 5500 3345 5565 contra
3377 5491 3722 5565 Acephalos;
3766 5492 3863 5550 Bi-

2254 5560 2536 5635 bliogPat.
2578 5560 2747 5615 Paris.
2772 5569 2811 5618 t.
2841 5578 2913 5635 tv,
2950 5579 3068 5635 pag.
3095 5563 3222 5621 798.

2352 5632 2401 5708 e)
2428 5632 2544 5690 Lib.
2576 5646 2648 5689 χιι
2677 5643 2863 5690 contra
2893 5632 3172 5700 Faustum,
3201 5646 3321 5708 cap.
3354 5634 3445 5693 55.

2350 5696 2394 5781 Γ)
2433 5708 2671 5765 Tractat.
2703 5722 2800 5765 seu
2827 5708 3088 5768 Sermone
3121 5696 3344 5777 108,'io
3383 5710 3539 5769 Joan.
3595 5720 3651 5769 ti.
3683 5715 3756 5773 5:
3790 5696 3860 5776 Et

2252 5785 2306 5841 in
2332 5781 2634 5858 quibusdam
2658 5783 2921 5843 codicibus
2948 5787 3171 5866 positum
3192 5792 3305 5847 est:
3339 5786 3563 5848 Verbum
3589 5795 3733 5845 tutius
3757 5804 3841 5846 re-
