4224 6262
323 308 426 366 765

1013 312 1079 372 ΙΝ
1129 314 1380 375 ιιιωιιιιι
1457 313 1840 373 ΕΡΙΞΤΟΙΑΜ
1878 315 1916 374 S

2052 316 2397 377 LIBELLIIM
2441 319 2982 379 ANNOTATIONES.

3509 322 3615 383 ’166

320 446 423 502 qua
474 448 569 502 per
613 441 966 504 captempora
1012 432 1349 501 potissimum
1388 432 1762 504 disputabatur
1801 453 1813 487 :
1862 447 1916 488 at
1943 437 1995 496 Α
2023 434 2242 491 habent.
2276 435 2422 491 Satis
2445 434 2572 491 mihi
2600 437 2723 504 erit,
2758 439 2802 493 si
2835 438 2904 491 ad
2935 435 3221 492 nonnullos
3253 435 3439 491 Hilarii
3467 436 3618 490 locus

320 500 580 577 articulos
635 500 871 573 reliquos
920 500 1235 577 summatim
1266 500 1761 577 comprehendcns
1812 505 1913 577 (α).

319 576 474 643 Quod
504 576 698 631 mirum
728 572 834 630 non
861 585 976 641 est;
998 578 1199 633 etenim
1224 575 1280 631 lii
1305 572 1641 645 ipsi‘articuli
1664 572 1919 632 articulos

318 661 417 702 eos
441 656 532 701 aut
552 648 983 717 complectuntur
1003 660 1094 703 aut
1121 648 1369 713 innnunt,
1393 660 1529 716 quos
1548 648 1917 717 Apostolicutn

320 718 638 790 Symbolum
669 716 860 783 tradit;
888 719 1026 773 adeo
1049 731 1106 774 ιιι
1138 720 1190 773 hi
1218 720 1340 789 ipsi,
1368 728 1504 786 quas
1529 718 1705 784 attuli,
1733 716 1920 774 Patres

319 791 540 845 minimc
571 792 757 845 eorum
791 790 1124 860 persuasioni
1151 791 1415 845 obsistam
1436 830 1452 854 ,
1486 792 1573 860 qui
1603 790 1918 860 Symbolum

318 861 692 930 Aposmlicnm
725 862 792 916 ab
823 863 1096 932 Apostolis
1123 862 1251 929 ipsis
1273 861 1529 933 dictatum
1553 860 1841 916 aflirmaut.

394 934 488 989 30.
532 934 826 1002 Epistolam
860 933 996 987 hanc
1016 947 1112 1001 pro
1133 934 1447 988 diversitate
1478 941 1916 1004 argumentorum

320 1004 371 1060 in
402 1015 512 1060 tres
541 1014 719 1075 partes
743 1005 986 1060 dividere
1008 1019 1314 1076 possumus.
1337 1004 1579 1059 Priorem
1606 1015 1836 1071 partem,
1865 1006 1917 1060 in

317 1092 423 1141 qua
450 1078 711 1131 hactenus
742 1077 1101 1146 perstitimus,
1137 1076 1298 1130 habet
1326 1091 1534 1130 summa
1564 1076 1915 1132 atticulorum

317 1148 445 1203 iidei
486 1159 723 1209 lmSll‘tB:
753 1158 960 1217 partem
986 1148 1250 1219 alteram,
1284 1163 1442 1215 quam
1486 1163 1629 1202 nunc
1666 1147 1919 1219 διδωμι..

314 1234 460 1286 mur,
506 1219 810 1275 accuratior
850 1218 1139 1289 explicatio
1181 1219 1493 1274 eorumdem
1543 1218 1912 1275 articulorum.

316 1290 488 1346 Porro
531 1307 599 1345 ne
641 1290 771 1360 quid
818 1289 1179 1356 dissimulem,
1210 1290 1303 1344 diu
1336 1291 1638 1360 suspicatus
1663 1304 1806 1349 sum.
1849 1307 1918 1347 ne

317 1361 607 1431 legendum
633 1372 774 1433 esset
802 1362 978 1430 potius
1005 1362 1121 1429 quis
1149 1362 1215 1416 sit
1236 1362 1378 1432 (seu,
1399 1362 1445 1416 si
1471 1364 1569 1424 vis,
1591 1363 1706 1432 quis
1724 1361 1841 1433 est),
1871 1373 1920 1419 et

320 1430 492 1503 qualis
535 1434 673 1503 ﬁlius
708 1430 826 1487 Dci.
872 1432 1186 1499 Suspicatus
1224 1430 1424 1502 pariter
1465 1430 1610 1497 sum,
1639 1450 1706 1488 ne
1735 1430 1918 1489 addita

320 1506 521 1560 iuerint
560 1506 816 1573 deinceps
842 1505 1001 1558 verba
1052 1504 1141 1559 ilia
1183 1521 1196 1559 :
1242 1514 1342 1558 tres
1381 1505 1513 1558 enim
1557 1521 1717 1559 unum
1753 1515 1917 1561 sunt:

319 1577 521 1632 etenim
548 1577 821 1644 respicere
860 1576 1023 1631 verba
1052 1577 1167 1630 haec
1196 1575 1449 1630 videntur
1477 1576 1543 1630 ad
1573 1576 1753 1632 nobile
1785 1577 1916 1633 illud

316 1647 645 1722 Joannis“)
677 1647 1042 1722 testimonium
1085 1666 1098 1701 :
1136 1646 1260 1722 Tr_es
1301 1658 1417 1722 sunt
1444 1648 1531 1716 qui
1559 1649 1918 1722 testimonium

317 1719 444 1775 dant
494 1720 548 1777 in
575 1717 743 1783 iolrlo,
795 1732 924 1783 etc.;
958 1719 1022 1772 ad
1075 1718 1216 1787 quod
1267 1717 1484 1789 quidem
1523 1719 1642 1789 aliis
1687 1720 1739 1773 in
1783 1719 1915 1774 locis

318 1790 542 1846 minime
597 1790 903 1859 respexisse
955 1789 1167 1843 videtur
1221 1788 1474 1845 Hilarius.
1533 1788 1678 1845 Nihil
1734 1798 1911 1846 tamen

315 1861 634 1920 mutandum
663 1861 789 1923 duxi
838 1861 1001 1929 etiam
1054 1859 1107 1916 in
1149 1860 1605 1932 subsequentibus
1651 1878 1667 1915 :

316 1933 658 1988 rectissimus
684 1942 771 2003 est
796 1932 972 1987 adhuc
999 1947 1216 1997 sensus,
1246 1934 1291 1987 si
1319 1932 1500 2002 legas,
1532 1933 1646 2003 quis
1672 1942 1839 1999 esset,
1866 1945 1915 1989 et

315 2004 486 2087 qualis
514 2004 655 2087 (ilius
684 2002 779 2087 Dei
812 2020 830 2058 :
872 2004 1037 2087 immo
1071 2018 1192 2087 cum
1237 2018 1358 2087 non,
1383 2003 1449 2059 de
1481 2002 1769 2087 praesenti,
1821 2006 1915 2087 :ed

316 2062 385 2130 de
423 2062 821 2145 antiqiiissiiiio,
868 2082 925 2133 ut
960 2072 1034 2145 ita
1070 2076 1277 2145 loquar,
1313 2085 1366 2131 et
1404 2062 1608 2131 mtérno
1636 2062 1778 2131 statu
1821 2078 1912 2131 ﬁlii

315 2148 410 2201 Dei
442 2144 673 2202 Arianes
704 2148 843 2209 inter
871 2154 928 2200 et
970 2144 1281 2202 Catliolicus
1308 2146 1692 2215 disputaretur,
1721 2148 1916 2203 merito

315 2219 557 2295 scribere
588 2217 759 2295 potuit
787 2215 1176 2295 Hilariuszquis
1205 2228 1333 2295 esset
1364 2218 1782 2295 (abAteterititat‘e
1812 2220 1914 2295 sei-

316 2290 472 2353 licet,
496 2301 547 2345 et
577 2288 976 2361 aiiteotenipora
1009 2288 1191 2357 ﬁctitia
1220 2288 1409 2361 etiam)
1435 2288 1575 2355 ﬁlius
1597 2288 1714 2343 Dei.
1744 2289 1915 2361 Verba

315 2376 480 2430 porro
508 2361 595 2415 illa
627 2360 728 2415 tres
752 2362 886 2414 enim
910 2372 1071 2414 unum
1101 2371 1240 2424 sunt,
1272 2360 1496 2431 potuere
1522 2361 1647 2429 poni
1675 2361 1744 2415 ab
1774 2360 1917 2417 Hila-

318 2435 398 2486 rio
442 2440 546 2487 nou
577 2432 643 2487 ad
675 2431 934 2497 Ariattos,
966 2440 1022 2505 ut
1049 2432 1211 2505 oliui,
1248 2446 1412 2505 quum
1452 2432 1617 2505 libros
1645 2434 1710 2487 de
1738 2433 1918 2489 Triui-

317 2513 426 2559 tate
448 2513 819 2574 componeret,
840 2504 932 2559 sed
954 2503 1021 2559 ad
1044 2502 1357 2560 catholicos
1378 2502 1670 2572 scribente,
1689 2504 1917 2574 ideoque

315 2574 382 2646 ad
423 2584 779 2646 agnoscentes
822 2575 1267 2646 vinitestimouii
1304 2577 1478 2641 illius,
1519 2580 1661 2646 quod
1703 2587 1759 2633 ct
1791 2588 1916 2633 ante

316 2645 575 2702 Hilarium
609 2647 900 2718 indicatum
931 2645 1107 2707 fuerat
1145 2662 1176 2701 a
1207 2648 1496 2718 Cypriane.
1537 2645 1678 2718 Vide
1703 2663 1823 2716 quae
1847 2648 1916 2703 de

316 2718 626 2774 testimonio
670 2716 774 2777 hoc
817 2718 1078 2774 adversus
1118 2716 1362 2775 recentes
1394 2720 1623 2775 Arianos
1653 2716 1915 2774 Catholici

317 2788 614 2858 disputant.
644 2788 898 2845 Proiecto
928 2790 1228 2846 rectissime
1260 2802 1541 2861 propterea
1572 2793 1766 2861 positae
1790 2800 1915 2845 sunt

314 2875 478 2915 voces
518 2861 660 2927 illae,
693 2865 815 2928 quia
860 2861 1121 2916 ratioiiem
1164 2862 1436 2928 reddunt,
1477 2878 1571 2917 cur
1600 2862 1825 2927 Filium,
1860 2870 1917 2917 et

313 2930 574 3001 Spiritum
596 2932 853 2997 Sanctum
876 2932 1021 2989 Patri
1048 2932 1257 3003 jungat,
1286 2933 1632 3001 declaratque
1657 2932 1915 2999 deinceps

315 3006 650 3069 accuratius,
695 3003 823 3074 quid
872 3003 942 3060 de
988 3005 1070 3058 bis
1113 3005 1339 3060 credere
1381 3004 1657 3060 Catholica
1703 3004 1914 3073 Religio

317 3076 615 3144 praecipiat.
658 3074 843 3144 Itaque
878 3078 922 3130 si
968 3076 1332 3135 testimonium
1377 3075 1517 3132 istud
1563 3079 1615 3132 in
1657 3076 1807 3132 libris
1847 3078 1915 3132 tle

315 3143 568 3201 Trinitate
597 3143 800 3211 omisit,
834 3163 900 3203 ne
924 3157 1236 3203 extraneum
1263 3149 1330 3203 de
1361 3147 1503 3203 illius
1530 3149 1915 3204 autltenticitate

2022 504 2244 577 digitum
2280 507 2581 572 intendam,
2608 510 2803 579 quibus
2824 509 3071 579 superior
3108 511 3376 565 sententia
3417 508 3619 579 couiirf

2023 576 2221 632 tuetur.
2248 579 2386 634 Ecce
2414 576 2642 651 primum
2674 576 2786 651 (lib.
2819 595 2833 633 I
2859 576 2922 633 de
2945 578 3229 651 Trinitate,
3261 578 3315 634 rt.
3350 578 3466 648 i9).
3507 594 3527 632 ι
3558 577 3616 634 Si

2022 664 2122 717 qua
2154 664 2285 706 vero
2314 666 2411 703 nos
2441 650 2508 705 de
2540 650 2727 705 natura
2765 651 2857 705 Dei
2893 660 2945 704 et
2980 650 3257 706 nativitate
3289 659 3576 705 tractantes
3598 688 3614 712 ,

2020 723 2481 790 comparationum
2525 723 2771 790 exempla
2811 720 3102 777 alieremus
3126 762 3141 786 ,
3189 720 3349 777 nemo
3377 737 3439 776 ea
3470 722 3616 777 exis-

2022 792 2175 860 timet
2198 790 2463 847 absolutae
2487 794 2537 848 in
2565 809 2626 849 se
2650 795 2876 849 rationis
2901 794 3282 860 perfectionem
3312 791 3613 851 Continere.

2020 859 2368 931 Comparatio
2412 864 2556 919 enim
2610 859 2950 920 terrenorum
2992 864 3057 918 ad
3101 864 3267 918 Deum
3303 863 3445 919 nulla
3486 876 3612 918 est:

2020 934 2113 1005 sed
2141 933 2419 988 inﬁrmitas
2442 946 2646 990 nostrae
2666 937 3037 1004 intelligentim
3058 935 3203 1005 Cogit
3224 931 3435 1005 species
3457 948 3591 1005 quas

2020 1004 2144 1060 dam
2174 1021 2239 1059 ex
2289 1004 2667 1070 inferioribus,
2722 1017 2990 1076 tamquam
3033 1004 3371 1078 superiorum
3413 1004 3615 1063 indices

2020 1092 2291 1145 qumrere;
2326 1088 2382 1131 ut
2423 1093 2601 1133 rerum
2631 1079 2972 1133 familiarium
3000 1079 3393 1133 coiisuetudine
3423 1078 3612 1133 admo-

2022 1156 2204 1213 nente,
2238 1165 2300 1203 ex
2324 1164 2518 1203 sensus
2544 1151 2713 1204 nostri
2745 1150 3075 1205 conscientia
3107 1150 3172 1204 ad
3203 1150 3400 1205 insoliti
3426 1164 3616 1206 sensus

2020 1219 2330 1291 opiniOnetu
2393 1222 2765 1276 educerentur.
2824 1220 3013 1277 Omnis
3070 1220 3233 1289 igitur
3283 1224 3616 1291 comparatio

2021 1289 2224 1362 butttiui
2270 1294 2448 1360 potius
2480 1293 2624 1346 utilis
2654 1293 2934 1357 habentur,
2962 1308 3121 1360 quam
3160 1294 3269 1347 Deo
3296 1289 3455 1358 apta;
3488 1294 3614 1362 quia

2018 1361 2431 1433 intelligentiam
2464 1366 2632 1433 magis
2661 1363 2947 1434 signiticet,
2971 1380 3129 1432 quam
3155 1364 3370 1431 expleat
3399 1380 3411 1416 :
3440 1361 3615 1434 neque

2021 1436 2228 1488 naturis
2258 1435 2468 1499 carnis,
2497 1446 2549 1488 et
2575 1435 2810 1503 spiritus,
2837 1444 2891 1489 ct
2917 1434 3286 1495 invisibilium.
3320 1449 3385 1488 ac
3411 1445 3611 1489 tracta-

2021 1504 2208 1577 bilium
2223 1505 2567 1577 coaequandis
2587 1517 2905 1575 praesumpta
2922 1523 3014 1573 rep
3026 1516 3223 1563 utetur.
3242 1514 3547 1577 protestans
3563 1516 3617 1561 et

2020 1575 2320 1631 inﬁrmitati
2356 1591 2414 1631 se
2443 1575 2693 1633 humanae
2731 1577 3098 1647 intelligentiae
3133 1575 3530 1641 necessariam,
3561 1588 3616 1633 et.

2018 1649 2087 1700 ab
2131 1648 2325 1702 invidia
2362 1663 2484 1704 esse
2521 1649 2744 1705 liberam
2789 1666 2896 1703 non
2941 1647 3323 1707 satisl'arientis
3360 1649 3611 1716 exempli.

2019 1718 2300 1791 Pergimus
2336 1724 2511 1788 itaque
2540 1722 2608 1775 de
2633 1720 2743 1773 Deo
2770 1721 2998 1776 locuturi
3032 1721 3124 1776 Dei
3153 1721 3360 1784 verbis,
3395 1736 3613 1774 sensum

2016 1799 2197 1845 tamen
2230 1799 2472 1845 nostrum
2498 1806 2674 1846 rerqu
2702 1803 3006 1846 nostrarum
3037 1793 3220 1858 specie
3251 1791 3608 1846 imbuenteso

1711 1834 1911 1917 εἶέῐζῆἰὶ
1945 1834 1992 1895 Β
2020 1834 3014 1930 sii'pé'été'iiifti;"inihi;'JJJiiiHéiii
3037 1834 3615 1919 "dﬁiiiiié"iiiiiiiiét75'é

2020 1933 2143 1988 libri
2180 1935 2254 1999 iv,
2290 1941 2346 1988 et
2378 1949 2528 1987 num.
2560 1933 2593 1990 9
2637 1935 2757 1989 libri
2804 1949 2905 2002 νι,,
2932 1950 2995 1988 ac
3016 1934 3283 2002 denique,
3324 1948 3392 1989 ne
3421 1942 3613 1989 cunt-ta

2019 2004 2168 2069 loca,
2222 2005 2273 2059 in
2320 2005 2515 2075 quibus
2559 2004 2609 2060 id
2657 2006 2832 2074 ipsum
2882 2006 3079 2075 docet,
3113 2019 3463 2070 enumerem,
3515 2022 3615 2061 nu-

2022 2091 2173 2130 mero
2204 2076 2269 2130 18
2298 2074 2421 2130 libri
2467 2091 2561 2131 vlt.
2604 2076 2762 2130 Tanti
2796 2092 2956 2145 porro
2985 2074 3270 2131 articulum
3302 2076 3445 2132 hunc
3492 2076 3617 2132 fecit

2019 2156 2207 2202 auctor
2232 2147 2374 2205 libri.
2407 2147 2495 2212 qui
2526 2147 2590 2201 de
2614 2146 2885 2211 Trinitate,
2913 2162 3013 2204 seu
3037 2148 3089 2202 in
3118 2145 3425 2217 Symbolum
3470 2150 3613 2216 Apo-

2017 2218 2253 2273 stulicum
2282 2217 2616 2289 inscribitur,
2642 2229 2697 2289 et
2725 2218 2867 2275 inter
2882 2218 3153 2289 Ambrosii
3179 2234 3343 2289 opera
3369 2228 3536 2282 extat,
3562 2227 3617 2275 ut

2019 2289 2178 2361 abeo
2205 2288 2725 2361 exordiumdiceudi
2752 2296 3046 2360 sumpserit
3077 2288 3173 2361 (ρ).

2091 2359 2915 2432 Malﬂmettdatinnem,,qnam
2960 2362 3044 2415 hic
3090 2359 3308 2432 adhibui
3336 2400 3352 2424 ,
3401 2359 3613 2416 Lectori

2019 2431 2247 2487 candide
2277 2444 2511 2503 espono.
2543 2432 2601 2488 lu
2640 2430 2826 2487 codice
2867 2437 2937 2486 ita
2971 2433 3205 2502 legitur:
3238 2430 3435 2486 Natum
3462 2448 3481 2486 :
3512 2448 3616 2486 non

2020 2505 2237 2574 factum.
2274 2503 2449 2575 Posui
2499 2518 2626 2559 vero
2675 2522 2688 2557 :
2733 2520 2836 2558 non
2880 2513 3087 2575 natum,
3118 2520 3222 2575 non
3270 2510 3480 2575 factum.
3518 2503 3615 2575 Vel

2019 2573 2228 2629 scilicet
2273 2573 2453 2629 Deuin.
2481 2575 2535 2630 in
2567 2576 2786 2630 essentia
2811 2575 2893 2643 (ut
2924 2573 3383 2630 Scholasticorum
3428 2574 3612 2644 plirasi

2020 2645 2164 2716 utar)
2207 2655 2262 2700 et
2303 2646 2515 2713 prwtriss
2562 2648 2861 2713 inSpectum
2912 2644 2999 2699 hic
3045 2647 3258 2714 accipe,
3314 2645 3397 2701 vel
3440 2645 3616 2701 Patris

2020 2715 2330 2785 personam.
2353 2718 2514 2772 Sume
2544 2731 2738 2782 porro,
2771 2727 2829 2771 ut
2858 2716 2988 2772 libet
3019 2733 3034 2770 :
3064 2715 3352 2786 legendum
3394 2716 3616 2786 omnino

2020 2732 2330 2785 personam.
2353 2732 2514 2772 Sume
2544 2732 2738 2782 porro,
2771 2732 2829 2771 ut
2858 2732 2988 2772 tinet
3019 2733 3034 2770 :
3066 2732 3352 2786 tegeaeum
3394 2732 3616 2841 ounnqo

2018 2797 2230 2843 estnon
2277 2798 2473 2842 natum.
2523 2788 2750 2856 Quando
2787 2788 2931 2843 enim
2979 2788 3162 2844 divina
3212 2788 3448 2843 essentia
3490 2804 3552 2842 na
3583 2800 3617 2842 a

2019 2860 2142 2913 est?
2172 2859 2527 2926 Quauduuam
2576 2868 2732 2915 natus
2780 2859 2976 2916 Pater?
3017 2861 3146 2915 Dum
3193 2868 3374 2913 autem
3413 2857 3499 2912 hic
3539 2859 3615 2913 ait

2018 2929 2253 2985 Hilarius
2305 2931 2468 2985 Deum
2515 2947 2619 2984 non
2666 2940 2878 2997 natum,
2926 2930 3178 3000 originis,
3228 2938 3323 2984 aut
3367 2929 3615 3000 principii

2017 3003 2281 3072 cujusque
2301 3042 2317 3066 ,
2347 3003 2627 3070 multoque
2659 3002 2829 3071 magis
2857 3017 3035 3057 causa:
3061 3010 3375 3069 expertem,
3404 3016 3467 3056 ac
3515 3016 3609 3056 ne-

2017 3073 2190 3129 scium
2222 3089 2345 3129 eum
2375 3074 2525 3140 dicit,
2559 3072 2717 3143 idque
2746 3074 3077 3142 doeet,quod
3109 3072 3298 3128 Patres
3321 3087 3530 3135 omnes.
3562 3079 3616 3127 et

2018 3144 2277 3211 Theolngi
2308 3145 2545 3209 tradunt,
2578 3145 2707 3199 dum
2738 3145 2953 3199 Patrem
2980 3144 3333 3199 innasoibilcm
3359 3158 3481 3198 esse
3502 3158 3616 3197 mo—

314 3216 499 3344 giceat
550 3233 714 3287 porro
746 3220 819 3274 ita
882 3216 1060 3289 loqui)
1088 3221 1511 3275 controversiam
1566 3222 1865 3277 institueret
1896 3260 1910 3282 ,
1939 3222 1984 3285 Ο
2018 3228 2168 3278 nent,
2202 3216 2453 3286 qttudque
2478 3215 2873 3286 ideniillilarius
2903 3216 2983 3272 bis
3008 3216 3188 3272 verbis
3208 3215 3618 3284 expressissimo

336 3289 626 3344 .atholicos
674 3305 816 3344 nunc
864 3289 1144 3344 allonuens
1194 3291 1563 3344 authenticum
1614 3290 1745 3344 illud
1789 3306 1912 3344 esse
2016 3288 2228 3344 dixerat
2254 3288 2368 3344 (lib.
2410 3304 2457 3343 tv
2485 3290 2548 3342 tle
2576 3285 2767 3343 Trinit.
2793 3329 2808 3344 .
2840 3306 2895 3342 ιι.
2948 3288 3041 3344 6i:
3077 3286 3231 3342 Nouit
3266 3303 3422 3341 unum
3462 3286 3614 3340 inna-

359 3289 626 3345 atholicos
674 3305 816 3345 nunc
864 3289 1144 3359 alloquens
1194 3291 1563 3346 authenticum
1614 3290 1745 3347 illud
1789 3306 1912 3349 esse

316 3361 572 3426 fatentes,
603 3359 796 3416 merito
822 3361 1058 3427 adducit,
1091 3372 1278 3429 utpote
1313 3362 1647 3430 aptissimum
1678 3362 1745 3417 ad
1774 3362 1913 3423 divi-

316 3448 506 3488 narum
529 3432 885 3487 Personarum
905 3432 1518 3489 consubstantialitateut
1539 3434 1906 3491 asserendam.

388 3506 479 3558 51.
521 3504 685 3559 Multa
726 3503 791 3557 ad
830 3505 1167 3573 superiorem
1204 3504 1349 3558 illam
1383 3508 1741 3568 sententiam,
1774 3507 1914 3559 Sane

315 3575 449 3629 illud
486 3577 616 3630 scire
646 3577 875 3629 convenit
914 3576 1200 3643 prudentiae
1238 3586 1446 3634 vestrm.
1488 3576 1911 3630 conﬁrmandam

315 3647 360 3700 si
382 3648 503 3715 quis
519 3662 586 3705 ex
613 3646 811 3703 Hilario
837 3647 952 3715 ipso
971 3646 1255 3704 desumere
1282 3656 1450 3715 optat.
1474 3659 1635 3711 atque
1661 3648 1911 3701 eumdem

314 3733 380 3772 ex
411 3717 652 3772 locorum
683 3717 924 3789 illorum,
948 3731 1001 3773 ct
1027 3717 1208 3789 hujus,
1238 3733 1405 3789 quem
1421 3717 1508 3772 hic
1537 3716 1910 3789 expendimus,

314 3789 723 3856 Comparatiune
776 3787 1055 3860 utriusque
1100 3787 1534 3860 elucubrationis
1590 3788 1910 3860 scriptorem

315 3860 605 3915 ostendere
634 3860 810 3930 rupit.
842 3876 904 3921 ea
945 3858 1222 3930 consulat.
1255 3874 1374 3930 qua:
1404 3858 1583 3914 statim
1612 3870 1769 3923 nOto;
1804 3859 1913 3912 sci—

317 3931 441 3985 licet
477 3929 761 3987 munerum
786 3933 853 3989 19
886 3931 1008 3986 libri
1032 3947 1048 3985 ι
1079 3932 1143 3985 de
1165 3929 1416 3985 Trinitate
1437 3948 1455 3985 :
1478 3930 1546 3987 Et
1577 3946 1662 3984 vos
1682 3930 1910 4001 quidem,

313 4002 595 4088 quosjidei
621 4004 782 4069 calor,
825 4011 940 4088 etc;
975 4017 1256 4088 nul-merum
1286 4002 1372 4067 l9,
1397 4011 1453 4057 et
1487 4002 1560 4058 26
1593 4001 1714 4088 libri
1759 4017 1814 4057 ιιι
1852 4002 1915 4057 de

324 4071 608 4137 Trinitate;
630 4090 780 4129 num.
818 4076 886 4133 M
941 4084 995 4130 et
1033 4074 1101 4130 38
1133 4074 1255 4128 libri
1285 4090 1391 4140 vn;
1445 4089 1506 4130 ea
1540 4074 1758 4143 pariter,
1790 4088 1913 4143 qua:

320 4161 382 4217 il:
413 4146 478 4217 l7
516 4145 712 4217 libri!”
754 4146 818 4202 de
845 4144 1071 4210 Trinit.;
1099 4161 1159 4201 ea
1187 4144 1442 4215 denique,
1470 4161 1589 4216 qua:
1623 4161 1670 4201 ιι.
1702 4143 1737 4198 2
1762 4148 1837 4217 (o)
1858 4153 1917 4201 et

315 4214 387 4270 55
415 4215 495 4287 (d)
518 4216 587 4271 de
616 4216 877 4272 Trinitate
906 4217 998 4273 ille
1035 4217 1213 4275 docet.
1247 4214 1661 4272 Praeclari‘ssima
1689 4214 1825 4271 sane
1858 4217 1915 4273 in

317 4297 594 4355 postremo
627 4287 728 4343 hoc
756 4289 875 4344 loco
900 4300 981 4344 est
1011 4287 1197 4344 Hilarii
1219 4290 1486 4345 sententia
1517 4306 1530 4343 :
1559 4287 1684 4343 Non
1706 4289 1916 4345 relictus

319 4357 646 4431 (hominum)
686 4359 903 4430 eloquiis
943 4360 1009 4415 de
1054 4359 1153 4417 Dei
1199 4360 1349 4431 rebus
1393 4361 1562 4423 alias,
1613 4376 1768 4429 quam
1819 4358 1916 4414 Dei

319 4426 490 4483 sermo
520 4447 539 4485 :
569 4426 743 4485 omnia
772 4426 972 4502 reliqua
992 4441 1038 4485 et
1065 4441 1209 4487 arcta
1232 4472 1249 4498 ,
1285 4426 1333 4488 e't
1361 4426 1637 4497 conclusa,
1679 4442 1727 4486 et
1755 4432 1917 4500 impe-

318 4501 431 4557 dita
459 4512 602 4568 sunt,
632 4512 679 4557 et
706 4501 944 4558 obscura.

388 4572 521 4657 Quae
547 4566 969 4668 vero_deinceps
1000 4573 1238 4668 Hilarius
1268 4573 1547 4668 iisverbics
1578 4572 1737 4668 tradit
1765 4590 1777 4626 :
1807 4586 1913 4627 non
1940 4606 1995 4668 Β

315 4644 468 4700 illum
497 4646 550 4700 in
581 4646 731 4700 terris
768 4655 966 4715 quierat
993 4647 1145 4701 homo
1166 4686 1182 4711 ,
1211 4654 1301 4699 aut
1330 4645 1464 4700 inter
1494 4646 1739 4713 ﬁgmenta
1777 4660 1916 4701 cont-

319 4725 508 4787 ponat,
538 4734 601 4768 ne
620 4717 710 4773 sui
737 4717 954 4771 similem
989 4718 1195 4779 credat,
1228 4731 1288 4771 ea
1316 4716 1429 4786 ipsa
1467 4724 1594 4771 sunt
1620 4730 1741 4784 qua:
1770 4730 1916 4786 smpe

317 4788 591 4854 Scriptura
634 4788 704 4844 de
747 4789 856 4847 Deo
888 4788 1153 4850 inculcat;
1186 4789 1347 4845 veluti
1396 4789 1445 4841 iu
1500 4789 1915 4842 lieuterouomio

319 4857 457 4931 (cap.
486 4872 539 4913 tv
562 4858 814 4928 versniii)
845 4877 858 4915 :
901 4874 921 4913 ι
952 4859 1068 4914 Νοιι
1105 4859 1315 4916 vidistis
1344 4860 1578 4931 aliquam
1610 4858 1919 4931 similitudi-

319 4944 443 4985 nem
474 4932 525 4983 in
544 4931 660 5001 die,
693 4947 798 5001 qua
823 4932 1033 4987 locutus
1059 4943 1143 4986 est
1172 4930 1325 4987 vobis
1361 4930 1621 4986 Dominus
1654 4930 1704 4984 in
1739 4930 1916 4986 Horeb

316 5002 386 5055 de
410 5000 591 5056 medio
622 5000 761 5070 ignis
782 5014 807 5056 >
823 5018 889 5058 ne
917 5004 1059 5058 forte
1084 5003 1295 5070 decepti
1326 5002 1535 5057 faciatis
1557 5001 1710 5057 vobis
1732 5002 1914 5071 sculp-

318 5079 430 5126 tam
472 5071 915 5140 similitudinem,
963 5082 1057 5129 aut.
1092 5074 1378 5144 imaginem
1429 5073 1654 5128 masculi
1712 5073 1797 5127 vel
1838 5072 1916 5129 l'e-

240 5194 241 5199 η
318 5145 501 5205 minae.
531 5154 637 5199 etc.
671 5145 735 5199 Et
766 5145 906 5215 apud
933 5144 1126 5199 Isaiam
1166 5148 1308 5215 (cap.
1339 5160 1482 5209 nvi,
1516 5160 1642 5199 vers.
1692 5144 1786 5213 5):
1820 5144 1914 5199 Cui

317 5215 644 5270 assiniilastis
692 5232 792 5281 me,
844 5225 890 5271 et
939 5217 1268 5286 aquuastis,
1326 5225 1373 5270 et
1422 5216 1757 5285 comparastis
1812 5231 1910 5281 me,

317 5293 367 5358 et
393 5286 594 5356 fecistis
619 5287 859 5351 similem,
883 5298 989 5343 etc.
1034 5305 1053 5341 ι
1082 5288 1155 5343 Ea
1185 5302 1345 5358 porro
1375 5286 1573 5351 ouinia,
1594 5302 1713 5358 quae
1737 5286 1916 5342 Theo-

320 5354 426 5428 ιιιιὶ
443 5358 707 5414 adversus
717 5354 1306 5431 Anthropomorpliitas
1324 5354 1621 5431 disputant,
1633 5356 1721 5414 hic
1737 5358 1914 5414 locum

392 5472 471 5547 (ιι)
514 5464 680 5529 ililar.
729 5472 799 5531 de
836 5474 1070 5546 Synodis
1109 5490 1164 5533 ιι.
1210 5474 1299 5537 84.
1340 5475 1608 5532 Credimus
1651 5474 1705 5533 in
1753 5491 1917 5533 unum

319 5541 509 5610 Deum,
538 5555 642 5600 etc.

391 5612 471 5689 (b)
508 5617 564 5673 In
594 5615 842 5689 episto.)
869 5631 990 5687 cap.
1024 5632 1080 5674 ν.

389 5664 469 5761 {Si
495 5664 567 5768 iii
591 5664 1118 5768 ᾆξ’ξᾶῐᾙεῑὲἵὺξο
1161 5664 1317 5768 ﬁdem
1360 5702 1497 5753 unus
1539 5703 1736 5754 tantum
1766 5695 1913 5755 nobis

320 5760 461 5821 Deus
488 5765 543 5821 in
569 5765 889 5838 confessione
917 5760 1183 5824 dissolvat.

2016 3288 2228 3361 dixerat
2254 3288 2368 3361 (lib.
2410 3304 2457 3343 tv
2485 3290 2548 3342 tle
2576 3285 2767 3361 Trinit.
2793 3329 2808 3351 ,
2840 3306 2895 3342 ιι.
2948 3288 3041 3361 6);
3077 3286 3231 3361 Nouit
3266 3303 3422 3361 unum
3445 3286 3614 3361 inna-

2013 3359 2243 3414 scibilem
2265 3357 2471 3425 Deum,
2493 3359 2631 3414 novit
2651 3370 2700 3414 et
2743 3375 2904 3414 unum
2939 3358 3255 3428 unigenitum
3290 3357 3382 3412 Dei
3425 3358 3612 3425 ﬁlium.

2014 3428 2301 3500 Couﬁtetur
2333 3429 2542 3485 Patrem
2568 3440 2836 3492 internum.
2862 3442 2907 3484 el
2926 3430 2988 3484 ab
3010 3430 3211 3499 origine
3237 3428 3480 3493 liberum,
3503 3440 3612 3483 etc.

2014 3502 2297 3570 Copiosius
2348 3517 2476 3559 vero
2534 3501 2584 3555 id
2638 3500 3164 3570 persequitur.idcm
3220 3500 3452 3561 Hilarius
3505 3516 3612 3553 titul

2015 3577 2177 3627 modo
2201 3573 2253 3628 in
2284 3572 2357 3629 iis
2387 3572 2540 3636 locis,
2574 3587 2709 3642 quos
2730 3574 2926 3642 allegat
2944 3571 3196 3633 Petavius
3218 3572 3333 3642 (tib.
3353 3586 3379 3618 v
3400 3570 3469 3642 de
3497 3572 3589 3625 'l'ri

2015 3644 2141 3709 nit.,
2187 3660 2302 3716 sap.
2333 3644 2405 3716 ὅ,
2439 3660 2504 3716 _t_t.
2557 3642 2679 3716 15),
2730 3641 2918 3699 verum
2962 3641 3237 3716 etiamm.
3275 3641 3345 3695 58
3373 3641 3496 3716 libri
3525 3643 3615 3716 de

2014 3709 2258 3786 Synodis'
2282 3714 2359 3785 (Ι)
2388 3732 2399 3766 τ
2434 3714 2502 3786 Et
2532 3709 2717 3777 rursus
2743 3730 2974 3786 numero
3011 3712 3230 3786 “libri
3273 3727 3325 3766 ιιι
3347 3712 3412 3765 de
3446 3709 3619 3786 Trini-

2016 3782 2128 3858 ta'te
2164 3782 2308 3858 (pag.
2342 3782 2465 3858 aut
2513 3796 2644 3858 tom.
2701 3782 2784 3856 ιι),
2831 3800 3012 3855 quem,
3061 3785 3105 3836 si
3152 3782 3311 3845 libet.
3363 3783 3613 3858 consule.

2013 3852 2197 3919 Adde:
2233 3852 2279 3913 si
2326 3856 2436 3921 vis,
2487 3870 2582 3912 eos
2631 3852 3020 3926 l’atresfquos
3068 3865 3317 3917 recenset
3363 3852 3614 3926 Petavius

2015 3934 2191 3997 capite
2220 3928 2256 3983 ὅ
2294 3927 2415 3983 libri
2456 3944 2486 3983 v
2527 3926 2591 3982 de
2616 3926 2870 3985 Trinitate
2901 3923 2984 3997 in.
3013 3927 3098 3990 15.
3133 3925 3201 3983 tt
3235 3939 3282 3980 et
3316 3923 3430 3995 i5).
3463 3924 3616 3981 Adde

2017 4001 2338 4065 AusOuium,
2367 4014 2526 4069 quem
2553 3999 2809 4070 deinceps
2836 3999 3078 4056 :ili‘eram.

2087 4070 2177 4126 35'.
2218 4066 2400 4131 Deum
2430 4066 3033 4140 incomprehensibileui
3068 4069 3381 4137 samissime
3414 4066 3616 4125 decent

2016 4141 2239 4206 Patres.
2274 4143 2309 4197 ii
2338 4152 2637 4212 prteserttm
2679 4143 2772 4210 qui
2814 4142 3079 4203 adversus
3114 4140 3344 4195 Arianos
3383 4151 3437 4194 et
3473 4143 3621 4193 Ano-

2018 4227 2191 4269 mteos
2233 4212 2665 4283 disputaverunt.
2697 4212 3085 4271 Nazianzemus
3121 4226 3367 4283 magnam
3410 4221 3616 4278 partem

2018 4287 2276 4341 orationis
2311 4282 2532 4356 quartas.
2559 4294 2614 4341 et
2644 4285 2931 4341 tricesima:
2959 4282 3253 4356 impendit,
3284 4291 3339 4335 ιιι
3370 4284 3621 4356 ostendat

2018 4371 2195 4427 neque
2225 4353 2566 4426 nos’sssequi
2596 4370 2790 4428 posse,
2818 4357 2944 4428 quid
2975 4354 3115 4428 Deus
3135 4355 3235 4420 sit,
3269 4368 3447 4422 neque
3474 4353 3619 4428 illius

2019 4425 2384 4497 priestantiam
2417 4425 2665 4485 oratione
2692 4425 3025 4485 describere.
3059 4426 3480 4498 Clirysostontus
3514 4425 3620 4482 hoc

2018 4501 2198 4571 ipsum
2225 4512 2606 4571 argumentum
2642 4499 3018 4571 cepioslssime
3048 4497 3410 4571 persequitur.
3435 4498 3617 4567 Seligo

2020 4567 2198 4642 locum
2246 4567 2450 4637 prima,
2494 4584 2665 4642 quem!
2709 4567 2795 4626 hic
2851 4570 3070 4626 aﬂ‘eratn
3125 4567 3303 4642 (0r_a_t.
3339 4584 3394 4642 ut
3440 4578 3621 4642 contra

2018 4641 2290 4715 Attonitos
2311 4680 2327 4710 ,
2359 4660 2480 4715 pag.
2512 4637 2646 4700 3565
2673 4644 2797 4698 tomi
2836 4658 2853 4698 ι
2918 4637 3161 4715 editionis
3179 4638 3398 4715 Δ(Σιιινὶξ.
3444 4637 3621 4693 Mont-

2017 4711 2292 4784 faucom'i).
2313 4698 2370 4766 ’ἆ
2408 4698 2672 4771 Voconius
2718 4716 2939 4784 itaque,.
2972 4713 3141 4780 inquit
3167 4698 3616 4784 Chrysdstmuus,

2018 4784 2194 4853 ipsum
2248 4785 2611 4852 in‘eﬂ’hbilem,
2668 4783 3121 4856 initttelligibilettt
3170 4784 3372 4856 Ilenm,
3429 4783 3584 4837 invisi

2018 4857 2225 4921 bilem,
2275 4853 2928 4927 itwomprelteusibilem,
2963 4855 3214 4913 humanas
3262 4853 3463 4927 lingu-te
3512 4856 3618 4907 vim

2017 4939 2388 5006 superantem,
2412 4926 2658 5006 mortalis
2677 4926 3440 5006 mentiscomprehensiqnem
3463 4940 3622 5006 race-,-

2016 4994 2260 5068 dentem,
2291 4994 2508 5071 Angelis
2534 5015 2641 5056 non
2670 4994 3063 5069 vestigabileui,
3091 4995 3405 5071 Seraphinis
3426 4994 3619 5071 invii-

2024 5072 2217 5139 bilem,
2245 5066 2601 5127 'Ciie'rubinis
2642 5066 3094 5142 inintelligibilem
3118 5108 3134 5135 ,
3175 5066 3618 5142 inaSpectabilem

2021 5142 2419 5212 Principatibus
2438 5185 2453 5207 ,
2486 5145 2844 5212 potestatibus
2865 5139 2898 5207 ,'
2917 5142 3238 5212 virtutibtis,
3267 5154 3330 5193 ac
3361 5139 3621 5212 simplici-

2024 5225 2105 5270 ter
2151 5208 2295 5268 omni
2338 5208 2633 5281 Creaiurai,
2670 5229 2703 5269 a
2743 5214 2861 5270 solo
2900 5224 3081 5267 autem
3119 5209 3282 5278 Filio,
3324 5218 3379 5263 et
3416 5208 3622 5279 Spiritu

2022 5286 2223 5342 Sancto
2251 5287 2550 5356 cognitum.
2589 5303 2609 5338 ι
3138 5326 3145 5337 .

2095 5357 2239 5412 Idem
2292 5352 2524 5411 inculcat
2571 5356 2806 5412 Hilarius
2852 5357 3093 5411 numeris
3124 5355 3157 5412 5
3185 5364 3241 5411 et
3268 5352 3448 5410 6libri
3491 5368 3529 5409 ιι
3552 5352 3616 5409 de

2095 5474 2175 5548 (tl)
2216 5462 2279 5529 Ν.
2309 5473 2533 5548 ὖόηηοη
2557 5475 2695 5548 enim
2721 5468 2852 5548 ﬁdes
2880 5493 2942 5548 ex
2962 5472 3172 5532 arbitrio
3199 5470 3373 5530 nostro
3394 5512 3409 5539 ,
3440 5471 3529 5529 sed
3558 5486 3624 5527 ex

2021 5542 2274 5600 (liciorum
2302 5542 2377 5598 est
2405 5544 2633 5599 ineunda
2658 5542 2953 5602 uirtutibus.

2090 5620 2162 5689 (e)
2205 5614 2403 5673 Nullus
2446 5617 2607 5687 igitur
2651 5620 2741 5689 qui
2785 5628 2970 5673 satiant
3011 5619 3177 5686 sapit,
3224 5615 3621 5689 omnipotentem

2020 5682 2208 5763 Deum,
2256 5692 2341 5758 qui
2370 5682 2596 5747 Trinitas
2618 5733 2633 5755 ,
2664 5682 2719 5746 ἐι
2766 5694 2980 5763 spiritus
3022 5682 3128 5760 est,
3164 5682 3378 5755 corpus
3411 5682 3621 5763 aliquod

2026 5762 2245 5836 uisibile,
2272 5775 2361 5821 aut
2390 5763 2656 5836 palpabile
2677 5766 2972 5836 arbitretur.

2094 5831 2167 5910 (ll
2194 5834 2279 5897 Εω
2301 5831 2407 5896 nati
2431 5831 2555 5901 nata
2583 5834 2868 5903 substantiis
2895 5843 3122 5914 perfecta
3147 5836 3408 5905 nativum,
3428 5843 3539 5895 etc.
