4224 6262
313 318 416 375 769

1022 318 1091 377 IN
1129 318 1390 378 HILARII
1430 320 1821 381 EPISTOLAM
1860 322 1993 383 SEU
2036 323 2382 383 LIBELLUM
2421 323 2970 386 ANNOTATIONES.

3506 330 3612 388 770

311 442 634 509 creaturas,
681 448 817 509 quas
860 432 1208 509 intelligentia
1247 434 1654 509 etiam_ornatas
1698 437 1907 491 voluit:
1938 444 1993 503 Α
2018 438 2162 493 Deus
2189 479 2204 505 ,
2231 438 2529 509 quamlibet
2558 440 2860 508 portionem
2907 438 3085 495 Mundi
3115 455 3302 498 carere
3342 412 3613 509 aliquibus

313 505 666 575 intelligentia
692 505 836 560 enim
868 505 977 559 Deo
1004 505 1211 560 similes
1236 547 1250 570 ,
1288 506 1460 575 gratia
1491 507 1676 561 divina:
1714 518 1913 563 natura:

311 577 549 648 quodam
585 576 748 648 modo
778 585 1038 631 consortes
1065 576 1190 631 facit
1236 577 1301 647 (ll
1326 576 1528 642 Petrit,
1562 580 1616 646 4)
1644 618 1660 643 ,
1687 588 1739 631 et
1773 580 1914 632 lilio-

310 647 434 704 rum
452 647 541 701 Dei
575 647 731 702 titulo
781 663 845 702 ac
875 647 1137 718 dignitate
1169 649 1439 703 honestat.
1463 649 1605 705 Sane
1627 650 1787 704 verba
1819 650 1913 706 illa

310 718 566 791 {ob(cap.
588 734 815 791 sxsvin,
836 720 1040 791 ocrs.7)
1074 736 1086 772 :
1112 734 1293 791 cum...
1318 720 1607 791 jubilarent
1625 737 1798 775 omnes
1816 720 1915 789 lilii

311 789 414 872 Dei
437 788 451 853 ζ
489 788 560 846 de
589 788 1092 875 Ang'clis_pleriq.ue
1120 788 1428 875 intellig—unt
1453 831 1467 854 ,
1498 803 1745 875 .pr‘optg
1762 788 1930 875 egre-5

354 854 1142 934 iamAeorum'intelligent'iam,
1172 870 1227 917 et
1251 854 1527 934 gratiam."
1547 854 1745 934 Quid“.r
1768 854 1913 934 q'iiod

365 932 552 989 ilarius
600 933 719 1005 ipse
760 931 1082 1005 haacztradit
1104 934 1233 1005 7(a):
1261 931 1312 985 ἲ
1332 931 1448 989 Sed
1469 931 1913 1005 ,cumf'regionem

313 1004 613 1081 cognitioni
626 994 753 1060 sua:
776 1046 790 1069 ,
844 994 1315 1081 quiinlini'lii'sfest
1339 1012 1367 1077 ,‘i
1397 994 1753 1081 colloearet?
1773 1006 1924 1062 caelo'

314 1072 599 1145 superiore
623 1084 785 1145 atque
815 1072 1031 1142 primo,
1075 1072 1376 1146 eodemque
1412 1072 1914 1147 in'brbefbollocato

316 1144 608 1203 terminum
641 1144 928 1216 quemdam
960 1148 1252 1202 virtutibus
1277 1144 1452 1217 [quae
1484 1144 1668 1217 prima:
1715 1148 1782 1203 ad
1822 1164 1913 1204 co-

313 1217 685 1291 gnoscendum
731 1232 791 1291 se
845 1219 1236 1291 gignerentur,
1272 1216 1520 1291 inelusit.
1552 1216 1737 1291 Neque
1766 1221 1912 1291 enim

313 1288 586 1363 gignenda:
601 1288 1176 1363 creationesvirtutetu
1194 1289 1630 1363 ineonspicabilis
1651 1290 1743 1346 Dei
1772 1289 1913 1347 ferre

390 1363 643 1424 tuissent,
672 1361 774 1416 nisi
804 1371 1010 1415 natura:
1039 1363 1438 1430 temperatioris
1483 1361 1697 1431 objectu
1727 1363 1910 1417 sedem

335 1447 457 1488 tanc
485 1434 780 1487 moderatae
818 1431 884 1487 ad
915 1433 1282 1488 inﬁrmitatem
1315 1433 1662 1488 habitationis
1709 1434 1913 1489 incole-

316 1514 456 1559 rent.
486 1523 506 1557 ι
543 1504 685 1561 Alibi
717 1512 896 1559 tamen
930 1515 1135 1568 monet,
1164 1518 1260 1558 eos
1292 1504 1436 1573 ipsos
1458 1545 1471 1565 ,
1503 1518 1637 1572 quos
1667 1513 1721 1558 et
1748 1504 1907 1573 ﬁlios,

316 1577 597 1647 etgenitos
625 1574 729 1630 dici
763 1589 920 1644 posse
952 1575 1151 1647 fatetur
1174 1616 1191 1641 ,
1223 1591 1344 1628 cum
1372 1575 1701 1647 praprietatis
1730 1584 1909 1630 tamen

316 1644 697 1719 signiﬁcatione
725 1648 949 1719 minime
972 1644 1122 1719 dici;
1152 1662 1277 1719 nant
1306 1648 1349 1719 si
1373 1644 1594 1717 proprie
1626 1646 1782 1719 loqui!
1811 1662 1909 1702 vo-

317 1716 520 1786 lumus,
552 1734 652 1773 nos
685 1732 779 1786 per
808 1716 1035 1787 gratiam
1069 1717 1160 1772 lilii
1188 1716 1615 1782 efficimur,non
1639 1717 1912 1773 nascimur

319 1790 412 1844 lilii
438 1806 453 1856 ;
485 1790 713 1860 ideoque
728 1788 1024 1861 adoptione,
1048 1789 1382 1861 etelectione,
1408 1803 1513 1861 non
1535 1790 1905 1858 generatione,

319 1865 563 1931 rigorose
592 1858 909 1927 scilicet,'et
938 1859 1152 1931 proprie
1181 1872 1403 1931 accepta
1437 1858 1536 1930 (ὁ).

390 1932 449 1988 In
494 1946 562 1988 eo
592 1931 771 2002 itaque
797 1946 959 1987 sensu
991 1930 1088 2002 nos
1124 1946 1153 1985 a
1184 1930 1293 1984 Deo
1323 1933 1521 2002 genitos
1548 1932 1729 1987 dicere
1760 1932 1909 1987 llila-

319 2004 435 2060 rius
468 2004 639 2072 potuit
658 2001 694 2067 ,⁷
720 2016 827 2073 quo
849 2015 1015 2057 sensu
1044 2001 1134 2073 Dei
1157 2001 1438 2072 genusinos
1466 2004 1723 2073 appellari
1749 2004 1911 2060 docet

318 2075 519 2131 Paulus
544 2092 558 2141 ;
588 2072 786 2144 quippe
815 2073 929 2128 haec
953 2073 1004 2144 in
1026 2072 1312 2144 Areopago
1333 2073 1650 2129 concionem
1681 2075 1906 2139 habens,

318 2147 529 2203 dixerat
557 2141 695 2216 (Act:
723 2160 856 2211 xm,
881 2145 953 2200 28
972 2141 1028 2217 ):
1065 2142 1162 2217 «In
1179 2141 1294 2213 ipso
1323 2145 1457 2198 enim
1481 2147 1715 2217 vicimus,
1740 2162 1913 2201 move-

319 2234 437 2273 ntur
457 2260 471 2283 ,
509 2215 760 2273 etsumus
779 2233 798 2271 :
848 2215 980 2270 sicut
998 2224 1045 2269 et
1072 2215 1282 2279 quidam
1306 2225 1592 2271 vestrorum
1631 2215 1911 2271 Poetarum

318 2289 591 2344 dixerunt:
645 2288 815 2360 ipsius
853 2289 996 2342 enim
1038 2296 1095 2343 et
1138 2302 1309 2357 genus
1356 2301 1564 2343 sumus.
1614 2308 1634 2341 ι
1673 2288 1744 2342 Ea
1791 2304 1910 2358 quae

319 2359 700 2416 dissertatione
746 2375 804 2414 ιιι
859 2361 1077 2428 c0piose
1132 2360 1396 2425 dicemus,
1446 2361 1513 2414 ad
1544 2359 1687 2414 hunc
1734 2359 1910 2415 locum

320 2432 704 2489 illustrandum
732 2430 912 2486 afferri
944 2430 1228 2485 commode
1258 2439 1528 2500 poterunt.

395 2505 484 2561 39.
539 2504 711 2559 Locus
741 2502 828 2558 hic
854 2502 1015 2571 paulo
1046 2503 1327 2556 obscurior
1354 2517 1478 2557 esse
1500 2501 1727 2558 videtur.
1779 2502 1911 2559 Sus-

320 2580 678 2649 picatussum
707 2573 1030 2649 aliquando,
1080 2575 1423 2649 amanuensis
1450 2573 1665 2649 licentia
1698 2574 1801 2649 legi
1829 2590 1914 2629 or—

319 2643 611 2708 dinaverit,
662 2643 1018 2706 exat-noverit,
1069 2658 1191 2707 cum
1260 2643 1489 2700 fortasse
1543 2646 1594 2698 in
1655 2643 1914 2711 primaevo

320 2717 615 2789 exetttplari
645 2717 915 2788 legeretur
942 2757 957 2778 ,
980 2718 1299 2771 exornaverit
1323 2756 1339 2781 ,
1375 2714 1685 2789 ordinauerit
1710 2733 1739 2789 :_
1759 2715 1916 2771 Ordi-

322 2787 556 2852 ttaVerit,
588 2787 829 2858 inquam,
865 2789 1131 2857 Optimum,
1148 2789 1350 2860 justum
1371 2787 1620 2860 mandare
1639 2787 1867 2859 judicem
1895 2802 1914 2841 :

324 2864 377 2919 id
402 2870 488 2918 est
515 2860 857 2916 constituerit
881 2858 1167 2930 optimum,
1198 2870 1248 2913 et
1275 2859 1477 2930 justum
1500 2858 1737 2927 judicem
1768 2874 1916 2913 nian-

324 2934 457 2991 dare
479 2976 496 3001 ,
543 2946 636 2988 seu
688 2929 956 3001 imperare
981 2971 997 2997 ,
1037 2929 1375 3000 etjudicium
1400 2929 1603 2994 justum
1636 2944 1913 2987 exvrcere.

325 3006 591 3074 Deinceps
630 3010 814 3058 tamen
845 3001 1069 3074 adverti
1096 3044 1110 3065 ,
1155 3001 1256 3072 legi
1290 3001 1467 3074 adhuc
1496 3016 1689 3071 posse,
1736 3004 1809 3055 uti
1861 3002 1914 3074 in

324 3089 515 3132 nostro
533 3072 729 3131 codice
752 3073 948 3145 legitur
968 3114 986 3145 ,_
1014 3073 1067 3127 id
1094 3081 1181 3128 est
1207 3072 1540 3145 ordinauerit,
1571 3073 1914 3145 exornaverit.

327 3147 529 3205 Recole
559 3146 668 3212 hic,
699 3143 840 3216 quod
870 3143 1027 3214 paulo
1051 3151 1177 3199 ante
1209 3145 1440 3216 positum
1472 3144 1673 3199 fuerat:
1714 3144 1913 3199 «Deum

1940 1829 1989 1890 B

2017 509 2207 572 voluit,
2242 510 2456 582 quai‘ab
2478 510 2599 566 aliis
2629 519 2900 580 repeteret
2924 512 3255 582 regionibus,
3282 523 3339 569 ut
3364 514 3612 571 homines

2017 582 2219 634 mutuis
2243 595 2301 634 se
2328 579 2521 635 officiis
2549 579 2888 651 adjuvarent.
2990 579 3009 582 ⁷
3523 588 3536 607 ⁶

2085 651 2367 705 ()rdittuvit
2408 661 2589 707 autem
2632 653 3233 778 ﬁAugustinoJudiee)
3286 656 3612 723 priv‘ationes

2085 737 2176 776 iam
2204 764 2222 778 .
2252 731 2306 777 et
2335 732 2587 778 peccata.
2681 727 2832 778 ecote
2859 741 2980 778 otiae
3010 726 3360 778 adnotatione
3392 729 3453 778 ιι)
3472 728 3611 778 dixi-

2014 723 2176 777 etiam
2204 764 2229 789 λ
2252 731 2311 795 et
2335 732 2588 795 peccatas
2618 723 2832 795 Recote
2859 741 2980 794 qua:
3010 723 3360 785 adnotatione
3392 729 3453 783 10
3472 728 3611 784 dixi-

2016 796 2175 859 mos;
2206 793 2497 864 qdib‘bs'ea
2526 793 2687 865 adde,
2715 811 2834 865 quae
2859 793 3001 850 idem
3027 796 3362 865 Augustinus
3387 800 3436 853 in
3462 799 3616 855 Psal-

2016 879 2172 940 ιῐιιιιιιΔ
2192 863 2246 921 ιι
2274 865 2468 940 (nulli
2498 882 2511 918 :
2537 863 2622 940 Ne
2648 863 2839 938 put-etis
2859 867 3018 940 gratis
3066 863 3191 923 esse'
3225 868 3390 922 malos
3437 870 3491 923 in
3518 871 3616 927 hoc
3657 934 3663 940 _

2014 938 2235 1001 mundo,
2267 929 2400 1005 etc.)
2428 929 2632 991 docuit.
2649 929 2796 1003 'Qua:
2819 929 3037 1005 quidem
3074 940 3255 994 omnia
3280 940 3615 999 exnerientia

2018 1008 2290 1083 nituntur,
2320 1015 2375 1061 et
2402 1016 2617 1062 vetusto
2647 1008 2741 1063 illo
2768 1008 3077 1083 Salomonis
3099 1009 3260 1066 eﬁ'ato
3292 1009 3472 1083 (Prov.
3496 1029 3609 1081 va,

2015 1076 2073 1151 4)
2101 1076 2406 1151 :_Universa
2433 1088 2647 1151 prapter
2675 1082 3001 1150 semetipsum
3045 1076 3402 1151 operatus'est
3445 1076 3617 1140 Deus}

2014 1149 2230 1219 impium
2241 1149 2441 1219 quoque
2461 1151 2530 1203 ad
2548 1150 2684 1205 diem
2706 1149 2923 1206 malum.
2949 1149 3087 1208 llum
3104 1169 3263 1217 porro
3284 1164 3615 1222 peccatores,

2015 1234 2316 1296 eorumque
2341 1236 2560 1296 errores
2584 1237 2616 1276 a
2644 1222 2755 1296 Deo
2782 1223 3022 1279 ordinari
3053 1223 3265 1280 afﬁrmo
3291 1266 3305 1289 ,
3340 1226 3617 1296 aegritudi-

2016 1306 2137 1358 nes,
2173 1293 2427 1366 morbos,
2480 1294 2694 1363 aliaque
2723 1295 2881 1361 hujus
2909 1298 3125 1364 generis
3158 1296 3365 1365 peccati
3394 1293 3612 1366 quidem

2015 1376 2206 1440 pinnas
2230 1404 2243 1425 ,
2277 1363 2374 1419 sed
2421 1373 2603 1440 tamen
2632 1368 2808 1440 meriti
2848 1363 3017 1422 noStri
3048 1363 3364 1440 occasiunes
3389 1363 3423 1434 ,⁷
3452 1380 3614 1440 atque

2017 1433 2366 1489 incitamenta
2395 1434 2461 1488 ad
2496 1436 2834 1503 patientiam,
2867 1440 3104 1493 ordinari
3132 1438 3296 1495 etiam
3326 1433 3435 1495 aio.

2086 1503 2177 1566 40.
2214 1505 2503 1561 Exornavit
2527 1522 2689 1576 porro
2720 1509 2858 1563 Deus
2889 1526 2995 1564 non
3029 1525 3193 1577 pauca
3242 1511 3295 1564 in
3329 1513 3431 1567 hoc
3456 1528 3615 1567 mun-

2013 1575 2124 1652 do,
2159 1585 2466 1652 _a_ttestant_e
2520 1575 2572 1652 id
2619 1579 2952 1652 experientia
3012 1575 3066 1635 et
3113 1581 3389 1652 Scriptura
3436 1584 3616 1639 verbis

2015 1647 2120 1701 illis
2145 1646 2300 1722 (Gen.
2331 1663 2393 1712 ιι,
2422 1647 2476 1719 1)
2501 1667 2513 1704 :
2549 1649 2653 1722 lgit
2691 1646 2718 1703 ἦ·
2745 1654 2958 1722 perfecti
2984 1663 3102 1706 sunt
3130 1646 3274 1717 coeli,
3300 1663 3346 1708 et
3373 1662 3506 1707 terra
3525 1697 3541 1722 ,
3566 1664 3618 1710 et

2014 1721 2179 1773 omnis
2220 1727 2437 1775 ornatus
2483 1721 2678 1775 eorum.
2731 1721 2905 1792 Atque
2933 1739 2963 1778 a
2992 1724 3252 1778 caelorum
3282 1724 3498 1794 quidem
3528 1721 3616 1781 cr.

2017 1802 2167 1865 natu,
2197 1804 2386 1845 eorum
2416 1803 2692 1865 auctorem
2724 1795 3071 1865 innotescere
3092 1795 3247 1850 facile
3274 1811 3464 1865 posse.
3498 1813 3613 1851 ma-

2014 1859 2210 1916 nifesto
2261 1870 2473 1939 constat
2520 1864 2739 1939 e_x_illis
2787 1864 2969 1922 verbis
2997 1864 3132 1937 (Ps.
3182 1859 3332 1931 imit,
3364 1867 3455 1939 l):
3487 1868 3616 1922 (λονιί

2009 1942 2257 2010 {narrant
2276 1932 2504 2010 gloriam
2525 1931 2643 1994 Dei,
2672 1944 2718 1989 et
2750 1951 2906 2003 opera
2927 1931 3171 2010 manuum
3196 1940 3309 2010 ejus
3348 1931 3617 1994 aiinuntiat

2012 2001 2412 2070 ﬁrmamentum.
2448 2003 2600 2060 Sicut
2638 2001 2818 2060 autem
2845 2008 3107 2063 caelorum
3145 2001 3463 2064 ornamenta
3488 2012 3614 2066 stel-

2016 2073 2081 2127 lze
2122 2084 2285 2139 sunt,
2320 2074 2393 2128 ita
2427 2088 2582 2130 terra:
2613 2089 2930 2133 ornamenta
2960 2076 3183 2134 frutices
3206 2119 3223 2144 ,
3265 2080 3521 2145 arbores,
3564 2091 3619 2138 et

2015 2144 2199 2200 herbae
2228 2154 2389 2211 sunt,
2451 2161 2680 2216 quorum
2726 2150 2968 2203 omnium
3017 2149 3297 2205 innumera
3323 2192 3339 2216 ,
3378 2167 3440 2206 ac
3471 2144 3617 2208 varia

2012 2229 2208 2285 genera
2246 2217 2410 2271 Deum
2442 2218 2869 2284 omnipotentem
2894 2220 3106 2275 illorum
3129 2230 3403 2278 auctorem
3427 2235 3616 2278 osten-

2013 2286 2146 2365 d_unt
2176 2286 2195 2359 (
2225 2286 2356 2355 Sap.
2392 2304 2493 2343 xm
2522 2329 2536 2352 ,
2567 2288 2642 2362 5)
2668 2332 2683 2354 ,
2717 2289 2855 2365 adeo
2884 2298 2944 2346 ut
2971 2291 3339 2365 inexcusabiles
3375 2294 3499 2360 sint,
3532 2295 3620 2365 qui

2015 2355 2193 2435 Deum
2226 2370 2559 2435 agnoscentes
2591 2355 2763 2435 {non
2792 2363 2942 2435 _sicut
2973 2363 3139 2435 Deum
3183 2355 3615 2435 gloriﬁcauerunt.

2043 2426 2192 2506 _I_iom_.
2232 2426 2279 2506 ιζ
2304 2430 2393 2506 ll},
2421 2430 2511 2499 20,
2537 2432 2842 2502 etc.)..Vide
2873 2450 2992 2504 qua:
3039 2434 3106 2490 de
3128 2426 3240 2506 hoc
3294 2426 3617 2506 argumento

2064 2501 2279 2572 heolngi
2323 2503 2619 2571 diSputant,
2671 2520 2734 2559 ac
2777 2501 3076 2572 przesertim
3124 2501 3398 2568 Petavius,
3430 2517 3618 2564 tomot

2015 2570 2326 2644 Theologic.
2357 2573 2594 2644 dogmat.
2626 2590 2746 2644 cap.
2776 2570 2826 2629 ἰ.
2855 2575 3017 2631 Nefas
3048 2591 3210 2643 porro
3236 2581 3341 2639 sit.
3369 2579 3499 2633 dum
3530 2579 3621 2632 lli-

2016 2642 2209 2716 larium
2247 2642 2502 2716 illustre,
2551 2642 2713 2700 alium
2761 2646 3003 2714 ejusdem
3052 2642 3238 2702 Hilarii
3271 2649 3617 2716 prolixiorem

2015 2714 2195 2769 locum
2225 2730 2330 2792 non
2362 2714 2632 2792 adducere
2657 2735 2670 2768 :
2694 2716 3046 2792 llaeescilicet
3070 2717 3200 2772 alibi
3229 2714 3391 2792 tradit
3416 2718 3495 2792 (in
3520 2718 3616 2776 Ps.

2015 2800 2169 2850 unt,
2193 2802 2246 2859 ιι.
2277 2786 2330 2853 6,
2363 2804 2483 2859 pag.
2520 2787 2624 2859 197
2651 2788 2776 2842 tomi
2802 2786 2844 2859 ι)
2871 2807 2916 2843 :t
2942 2790 3208 2844 Docemur
3235 2791 3398 2845 etiam
3426 2786 3621 2848 conse-

2017 2857 2312 2932 quentibus
2342 2857 2562 2932 monitis
2588 2859 2655 2913 ad
2683 2857 2931 2932 ordinem
2958 2860 3295 2932 obsequelae,
3323 2861 3616 2932 Propheta,

2017 2929 2104 2999 vel
2133 2927 2335 2999 Spiritu
2386 2944 2481 2998 per
2529 2929 2856 2999 Prophetam
2910 2930 2983 2986 ita
3029 2927 3398 2988 admonente:
3430 2927 3623 2988 'Dicile

2020 2997 2128 3053 Deo
2156 2997 2189 3053 ί
2203 2998 2373 3064 Quam
2389 2997 2653 3055 terribilia
2670 3012 2790 3056 sunt
2812 3017 2966 3070 Opera
3003 3002 3131 3056 tua!
3172 3003 3306 3069 Quis
3338 3004 3484 3058 enim
3513 3018 3619 3058 non

2020 3070 2252 3143 trepidet
2280 3071 2346 3125 ad
2378 3070 2707 3143 Maiestatem
2740 3075 2858 3141 ejus
2878 3115 2893 3139 ,
2926 3078 3015 3143 qui
3045 3075 3241 3127 saecula
3283 3072 3579 3130 instituerit
3602 3116 3619 3142 ,

2020 3141 2280 3197 mundum
2302 3142 2625 3209 condiderit,
2659 3153 2901 3212 tempora
2929 3141 3211 3200 revolubili
3242 3141 3624 3202 vicissitudine

326 3235 455 3276 vera
486 3217 619 3272 fides
646 3211 733 3272 ita'
761 3211 981 3286 semper
1014 3218 1285 3284 exposuit.
1338 3215 1456 3271 Non
1487 3223 1669 3271 natum
1694 3257 1708 3282 ,
1750 3227 1858 3271 etc.
1891 3234 1909 3268 ι
1945 3211 1991 3275 C
2022 3227 2289 3286 cursuque
2316 3214 2596 3286 dimensus
2627 3216 2716 3270 sit.
2751 3216 2948 3271 coelum
2980 3216 3142 3270 astris
3164 3217 3439 3271 ornaverit
3465 3258 3480 3282 ,
3508 3226 3623 3273 ter-

326 3291 465 3346 Tum
521 3301 950 3360 porrorsensum
1002 3288 1144 3342 hunc
1194 3286 1393 3343 habent
1436 3288 1664 3358 allegata
1712 3288 1916 3342 verba:

333 3363 507 3418 «Vera
526 3359 672 3416 lides
703 3359 775 3414 ita
800 3372 1015 3427 semper
1040 3360 1307 3426 exposuit,
1339 3368 1396 3414 ut
1427 3374 1782 3428 agnoscamus
1813 3375 1919 3413 non

328 3443 514 3489 natum
550 3430 561 3483 ζ
590 3472 605 3486 .
635 3471 647 3484 .
675 3472 689 3485 .
718 3445 951 3501 eumque
979 3430 1235 3500 optimum
1264 3430 1468 3500 justum
1499 3431 1753 3485 mandare
1777 3430 1920 3500 judi-

328 3521 470 3562 cem.
497 3522 518 3558 )

401 3574 555 3645 Quod
586 3574 631 3629 si
672 3587 904 3645 qnzeras,
937 3586 1186 3645 quamam
1229 3572 1418 3628 fecerit
1453 3572 1594 3627 Deus
1618 3612 1632 3634 ,
1675 3587 1922 3641 qumuam

329 3648 678 3716 dispOsuerit,
692 3644 939 3717 qutenatn
956 3644 1285 3699 ordiuaverit
1303 3684 1319 3709 ,
1345 3659 1593 3714 quaenam
1618 3658 1746 3698 vero
1766 3658 1924 3698 exor-

335 3717 546 3775 naverit
575 3733 591 3783 ;
623 3717 742 3781 aio,
772 3726 994 3770 naturas
1024 3730 1213 3770 omnes
1233 3755 1248 3778 ,
1275 3730 1571 3783 earumque
1601 3729 1797 3784 genera
1825 3754 1841 3778 ,
1870 3722 1923 3769 et

334 3789 549 3860 species
570 3790 659 3860 _ab
683 3786 835 3860 initio
866 3802 893 3838 a
928 3788 1039 3842 Deo
1084 3787 1248 3841 fuisse
1294 3787 1499 3860 factas;
1555 3784 1621 3838 In
1670 3784 1926 3853 principio

332 3855 526 3916 creavit
556 3858 697 3913 Deus
723 3858 940 3924 calum,
970 3868 1021 3912 et
1047 3870 1255 3920 terram,
1281 3865 1390 3911 etc.
1439 3855 1623 3926 Neque
1651 3869 1779 3910 vero
1806 3870 1926 3909 cor-

336 3928 968 4004 poraliadtantummodo
1013 3928 1258 4004 condidit
1309 3929 1486 4004 Deus.
1534 3942 1719 4004 verum
1765 3926 1926 4004 etiam

331 3999 654 4073 Epiritnalia.
708 4000 843 4055 Vide
869 4015 988 4073 qua:
1020 3999 1338 4073 tradidimus
1389 3999 1736 4073 adnotatione
1769 3999 1929 4073 tonet

335 4068 428 4130 l8.
476 4073 749 4143 Disposuit
803 4068 998 4137 solem,
1051 4080 1107 4127 et
1159 4072 1365 4135 lunam,
1410 4080 1464 4126 et
1490 4069 1697 4135 stellas,
1726 4079 1779 4122 ut
1807 4068 1930 4123 divi-

331 4146 463 4201 dant
491 4146 659 4210 diem,
694 4160 754 4197 ac
776 4151 1002 4208 noctem,
1034 4152 1082 4197 et
1105 4144 1205 4197 sint
1227 4144 1279 4196 in
1301 4143 1447 4214 signa
1465 4181 1480 4207 ,
1518 4149 1567 4194 et
1595 4149 1930 4214 te_mpora,_et

331 4217 448 4271 dies
470 4258 485 4281 ,
516 4226 561 4271 et
588 4230 784 4270 annos:
808 4227 863 4268 ut
888 4214 1087 4268 iaceant
1109 4215 1163 4268 in
1195 4212 1518 4284 ﬁrmamento
1547 4212 1691 4273 creti,
1726 4222 1773 4267 et
1810 4212 1932 4266 illu-

334 4290 530 4343 minent
568 4299 754 4341 terram
783 4285 937 4358 (Gen.
973 4302 1011 4353 ι,
1042 4286 1143 4351 tt;
1171 4283 1218 4339 et
1245 4284 1337 4340 Ps.
1360 4300 1584 4358 cxsxv,
1608 4286 1663 4350 7,
1704 4284 1738 4339 8
1768 4292 1814 4337 et
1848 4283 1927 4355 9).

338 4360 616 4428 DiSpnsnit
663 4356 891 4425 proinde
932 4364 1235 4426 temporum
1290 4356 1692 4412 vicissitudines
1742 4370 1932 4410 omnes

336 4440 391 4486 et
422 4429 722 4485 intervalla.
752 4429 858 4485 Res
878 4443 1096 4498 quoque
1123 4429 1270 4497 ipsas
1294 4429 1592 4498 disposuit:
1614 4441 1763 4481 raras
1785 4430 1930 4481 enim

338 4501 539 4569 ubique
565 4501 750 4555 obvias
791 4496 1074 4555 invenies:
1120 4496 1215 4553 sed
1256 4496 1447 4553 cuncta
1495 4496 1609 4553 fere
1641 4498 1773 4553 locis
1819 4498 1934 4569 suis

336 4567 629 4642 disposuit,
652 4579 707 4626 et
732 4570 955 4641 aptavit.
1004 4570 1270 4642 Nonnulla
1296 4586 1362 4642 eo
1389 4569 1457 4624 de
1487 4579 1808 4642 argumento
1838 4567 1933 4621 ha-

337 4637 595 4700 bct'liber
623 4642 727 4698 Job
769 4637 935 4713 lcap.
964 4656 1175 4697 xxxvtn
1197 4682 1212 4704 ,
1242 4639 1300 4706 4,
1333 4641 1387 4713 ξ’),
1418 4637 1582 4713 etc.)',
1613 4655 1773 4713 quem
1801 4654 1932 4696 con-

338 4716 490 4786 sulas
518 4722 644 4786 opto
668 4755 683 4778 ,
715 4709 1139 4783 et'apertissime
1165 4713 1299 4767 liber
1328 4709 1677 4786 Sapien'tiaa:(
1702 4727 1818 4786 cap.
1851 4727 1923 4774 xi,

268 4794 278 4803 ‘
337 4785 436 4856 2|)
463 4805 477 4841 :
502 4780 690 4856 Omnia
715 4786 772 4838 in
793 4780 1050 4856 mensura,
1074 4793 1120 4838 et
1144 4799 1385 4848 numero,
1426 4780 1725 4856 etportdere
1754 4782 1930 4856 dispo-

338 4852 508 4912 suisti.
560 4854 629 4911 Et
676 4857 815 4911 inter
861 4855 1116 4925 profanos
1169 4865 1418 4910 auctores
1465 4852 1752 4925 Virgilius:
1811 4852 1933 4907 Non

341 4929 512 4983 onmis
527 4927 626 4998 fert
647 4928 819 4982 omnia
848 4924 1019 4982 tellus.
1052 4927 1161 4982 Cur
1191 4926 1361 4983 vero?
1390 4925 1546 4998 quia,
1571 4924 1649 4980 uti
1677 4925 1930 4998 diximus,

342 4994 540 5056 cuncta
568 5000 623 5053 in
651 5015 889 5055 mensura
910 5039 926 5066 ,
966 5007 1015 5053 et
1051 5013 1262 5053 numero
1281 5040 1296 5067 ,
1327 5006 1374 5051 et
1407 4994 1634 5067 pondere
1660 4994 1936 5067 disponens

419 5182 500 5259 (ag)
526 5183 583 5259 In
612 5193 824 5259 tractat.
853 5183 907 5259 in
942 5181 1088 5259 Psal,
1122 5197 1317 5250 cxxxv,
1348 5197 1403 5237 ιι.
1430 5179 1495 5249 8,
1526 5178 1592 5236 ad
1625 5178 1785 5235 verba
1813 5177 1945 5235 illa:

346 5255 443 5329 qui
453 5255 575 5329 fecit
601 5255 834 5329 ecclesia
863 5255 1147 5329 intellectu.

424 5322 505 5400 (ὁ)
549 5345 570 5380 ι
599 5325 714 5400 Nisi
749 5326 887 5400 forte
916 5327 969 5380 in
1000 5341 1066 5400 eo
1091 5324 1233 5397 quod
1255 5324 1339 5400 ait
1362 5322 1948 5400 :Filius‘primogenitus

348 5394 463 5473 ejus
480 5394 670 5473 Israel,
697 5399 983 5473 quisquam
999 5394 1268 5473 btic'quod
1299 5396 1662 5473 primogenita“
1695 5411 1836 5473 meus
1864 5394 1949 5473 di-

350 5466 451 5539 x'it,
480 5470 548 5525 ad
577 5466 966 5526 detrahendam
997 5468 1133 5524 Filio
1147 5466 1541 5537 proprietatem
1581 5466 1949 5537 generationis

351 5541 657 5612 intelliget;
681 5550 739 5595 ut
762 5541 887 5612 quia
917 5550 973 5597 et
1002 5541 1069 5595 de
1093 5539 1490 5612 lsraeldiserit
1514 5553 1677 5612 meus,
1703 5551 1949 5607 assump-

354 5614 431 5669 tio
462 5609 724 5669 faetorum
750 5609 981 5667 liliorum
1005 5625 1105 5681 pro
1123 5609 1422 5665 nativitatis
1443 5610 1773 5681 proprietate
1792 5621 1949 5681 usur-

352 5693 476 5755 pata
506 5684 576 5739 sit
605 5701 621 5747 ;
666 5683 953 5755 et‘idcirco
980 5679 1084 5738 non
1110 5682 1183 5755 sit
1208 5680 1472 5755 nativitati
1509 5679 1604 5736 Dei
1626 5680 1901 5755 proprium
1928 5720 1943 5742 ,

353 5749 499 5826 quod
519 5755 588 5811 de
617 5770 684 5811 eo
714 5753 914 5810 dictum
946 5762 1061 5811 est:
1106 5751 1207 5826 Hic
1236 5761 1310 5807 est
1332 5749 1502 5826 Filius
1525 5749 1666 5806 meus
1685 5751 1902 5807 dilectus
1926 5791 1939 5815 ,

351 5824 478 5887 cum
506 5843 648 5884 meus
672 5827 832 5885 etiam
850 5826 955 5884 illis
983 5824 1255 5897 proprium
1284 5837 1406 5883 esse
1425 5824 1657 5891 dicatur,
1675 5838 1815 5895 quos
1834 5837 1943 5881 non

2027 3299 2141 3339 ram
2170 3284 2431 3341 fructibus
2460 3286 2767 3356 repleverit,
2799 3302 2949 3342 mare
2975 3286 3223 3342 obicibus
3250 3287 3580 3344 concluserit
3605 3328 3620 3354 ,

2026 3357 2325 3421 hominem,
2354 3366 2412 3411 ut
2440 3357 2522 3412 his
2551 3365 2645 3411 aut
2676 3366 2940 3424 uteretur,
2970 3367 3065 3412 aut
3088 3356 3484 3421 dominaretur,
3515 3360 3623 3415 ele-

2025 3428 2202 3497 gerit?
2253 3428 2356 3483 Per
2387 3427 2504 3483 hazc
2554 3428 2699 3483 enim
2737 3428 2917 3483 omnia
2979 3428 3195 3484 virtutis
3230 3444 3295 3485 ac
3342 3430 3628 3497 potestatis

2025 3499 2142 3566 ejus
2169 3499 2447 3554 mternitas
2471 3501 2733 3564 noscitur,
2756 3499 3019 3567 Apostolo
3044 3498 3288 3555 dicente:
3325 3501 3454 3568 ρυω
3494 3502 3628 3555 enim

2025 3570 2314 3642 invisibilia
2347 3573 2480 3642 ejus,
2526 3587 2557 3624 a
2610 3580 2848 3625 creatura
2893 3571 3073 3625 mundi
3094 3571 3257 3642 ipsius
3293 3573 3441 3642 {actis
3472 3572 3628 3627 intel-

2027 3642 2156 3714 lecta
2202 3639 2543 3714 aspiciuntur,
2578 3652 2788 3714 esterno
2832 3658 3032 3713 quoque
3074 3639 3237 3714 uirtus
3265 3639 3498 3714 pejus}:
3549 3642 3631 3696 di-

2028 3712 2233 3767 vinitas.
2289 3712 2415 3767 llaec
2463 3712 2707 3767 terribile
2754 3712 2953 3767 nomen
3005 3712 3314 3767 cmidituris‘
3347 3712 3627 3767 efﬁciunt:

2029 3791 2083 3838 et
2102 3797 2327 3852 Operum
2358 3783 2590 3850 dignitas
2623 3784 2959 3852 majestatem
2988 3784 3107 3852 ejus
3132 3825 3147 3849 ,
3177 3783 3269 3853 qui
3304 3798 3366 3853 ea
3395 3784 3468 3838 sit
3497 3798 3632 3851 ope-

2030 3864 2202 3926 ratus,
2233 3854 2489 3910 ostendit.
2526 3855 2726 3926 Ilorum
2770 3855 2933 3926 igitur
2969 3852 3203 3924 cperam
3229 3852 3483 3909 conditor
3507 3869 3631 3926 esse

2032 3924 2175 3980 Dens
2202 3936 2253 3979 et
2280 3941 2307 3978 a
2338 3926 2490 3980 nobis
2512 3924 2884 3995 prredicandus
2911 3935 2992 3982 est
3019 3968 3034 3991 ,
3066 3936 3121 3981 et
3149 3940 3177 3979 a
3209 3926 3426 3981 caneris
3455 3924 3629 3981 conli-

2034 3996 2250 4068 tendus:
2264 3996 2486 4059 iAl‘linia
2503 3997 2667 4053 habet
2681 3999 2732 4052 in
2749 3998 3154 4052 commentariis
3177 3997 3326 4068 inps.
3346 4012 3509 4053 cum
3532 3996 3631 4068 (c).

2104 4068 2194 4123 41.
2225 4066 2425 4122 Recole
2449 4083 2567 4139 quae
2595 4078 2751 4124 antea
2775 4069 2907 4131 dixi,
2927 4066 3277 4123 annotatione
3303 4068 3515 4125 scilicet
3537 4066 3627 4124 39.

2034 4139 2090 4194 Si
2117 4140 2253 4211 quis
2264 4149 2444 4211 tamen
2464 4141 2652 4211 aliqua
2674 4141 2888 4206 deesse,
2913 4149 3007 4211 aut
3027 4141 3165 4194 male
3193 4140 3519 4211 conscripta,
3546 4139 3635 4195 hic

2036 4211 2207 4277 velit,
2240 4209 2315 4264 illi
2346 4209 2577 4267 minime
2593 4211 2878 4267 obsistam.
2929 4210 3206 4267 Christum
3234 4209 3475 4281 judicem
3507 4224 3635 4267 nos.

2037 4292 2177 4336 trum
2209 4282 2558 4338 constitutum
2584 4298 2705 4339 esse
2729 4292 2950 4338 vetusta:
2976 4284 3105 4351 ipsa:
3135 4281 3256 4338 fidei
3283 4291 3482 4337 nostra:
3510 4295 3638 4352 pro-

2037 4352 2305 4409 fessiones
2333 4365 2670 4425 agnoscunt,
2703 4354 3020 4425 Symbolum
3056 4352 3426 4425 Apostolicum
3457 4394 3471 4419 ,
3522 4353 3638 4408 Ire-

2037 4435 2322 4496 nazus,7et
2368 4424 2556 4496 reliqui
2586 4424 2776 4496 omnes
2807 4426 2874 4481 de
2920 4426 3217 4496 potioribus
3260 4424 3383 4481 fidei
3436 4433 3638 4482 nostra:

2035 4495 2281 4551 articulis
2302 4495 2613 4551 sermonem
2637 4495 2918 4551 habentes.

2107 4564 2203 4620 42.
2256 4566 2383 4622 Haec
2424 4568 2708 4639 referenda
2751 4576 2878 4622 sunt
2917 4566 2983 4639 ad
3025 4582 3087 4622 ea
3118 4582 3252 4639 qum
3299 4567 3465 4639 paulo
3512 4575 3641 4624 ante

1960 4605 2012 4667 ο
2038 4605 3465 4711 orici-2i{9'Juéiiaﬁfjé‘52riifEicf'itéé'otiiﬁ'm'ﬁiii
3486 4605 3636 4694 ηἶὶιῖιῗ

2039 4708 2110 4767 '59
2138 4717 2195 4764 et
2218 4708 2307 4765 40.

2105 4781 2196 4837 45.
2233 4779 2455 4852 Tempus
2480 4780 2759 4851 agnitionis
2790 4780 3003 4837 videtur
3030 4781 3118 4837 hic
3143 4779 3381 4837 Hilarius
3425 4793 3643 4837 sumere
3726 4778 3729 4779 ⁷

2038 4861 2131 4907 aut
2158 4868 2255 4925 pro
2282 4863 2557 4923 tempore,
2588 4870 2695 4925 quo
2723 4853 2858 4908 vivit
2888 4854 3051 4908 homo
3077 4860 3302 4925 ,Uatque
3329 4867 3395 4908 eo
3423 4852 3641 4922 quidem

2042 4924 2351 4993 perspicere
2382 4934 2580 4994 potest,
2607 4923 2729 4995 qua:
2759 4925 2900 4980 Deus
2925 4923 3224 4995 condidit:
3249 4935 3341 4979 aut
3374 4940 3470 4995 pro
3507 4932 3645 4979 tem-

2041 5005 2195 5065 pore,
2227 5010 2335 5065 quo
2360 4996 2505 5052 Deus
2528 4994 2697 5068 gratia
2719 5010 2816 5052 sua
2849 4995 3073 5052 uberius
3098 4994 3334 5066 adjuvat,
3353 4994 3645 5067 studetque

2054 5185 2211 5253 natos
2239 5191 2363 5253 esse
2389 5178 2871 5253 manifestum'est.
2913 5179 3030 5235 Non
3065 5187 3221 5253 natos
3267 5188 3448 5237 autem
3482 5196 3603 5240 esse
3625 5223 3644 5253 ,

2055 5246 2182 5304 licet
2207 5250 2314 5303 nali
2342 5264 2464 5305 esse
2489 5249 2760 5312 dicantur,
2786 5250 2874 5306 vel
2901 5267 2966 5307 ex
2996 5266 3063 5308 eo
3089 5250 3336 5318 docetur,
3367 5268 3489 5308 cum
3513 5246 3649 5311 dici;-

2053 5327 2143 5376 tur
2169 5362 2184 5386 ,
2207 5319 2416 5397 Populo
2435 5323 2523 5397 qui
2544 5332 2809 5397 nascetur,
2840 5338 2989 5397 quem
3026 5323 3148 5393 fecit
3178 5321 3459 5397 Dominus.
3507 5324 3650 5397 Ergo

2057 5390 2475 5467 populus'lsrae'l
2508 5394 2999 5467 nascitur__utliat:
3027 5390 3221 5467 neque
3255 5410 3365 5467 per
3412 5395 3463 5467 id
3505 5390 3651 5467 quod

2055 5463 2201 5536 nasci
2226 5463 2459 5536 dicitur,
2493 5479 2600 5519 non
2630 5464 2948 5536 intelligitur
2974 5473 3030 5520 et
3058 5463 3195 5520 fieri.
3255 5464 3332 5520 Ex
3359 5463 3652 5536 adeptione

2053 5532 2199 5608 enim
2230 5543 2314 5590 est
2336 5534 2480 5608 illius
2504 5575 2519 5601 ,
2552 5550 2658 5591 non
2691 5549 2757 5590 ex
2782 5532 3172 5608 generatione;
3204 5551 3396 5608 neque
3422 5532 3479 5593 ei
3517 5553 3649 5608 pro-

2054 5605 2756 5734 pgliemzhseil‘nuncupatio
2782 5615 2889 5664 est.
2923 5625 2943 5660 ι
2995 5606 3166 5664 Hilar.
3201 5605 3403 5664 Iib.'stt
3449 5605 3653 5665 tie—Tri-

2135 5716 2148 5729 .
2182 5694 2213 5730 ιι
2317 5717 2330 5731 .
2436 5718 2449 5734 ,

2054 5686 2148 5729 nit.
2182 5692 2330 5731 num.
2364 5686 2449 5734 14.

2095 5748 2197 5828 ,(9)
2227 5747 2353 5804 Litt.
2406 5764 2463 5816 ι,
2493 5765 2549 5805 ιι.
2574 5748 2646 5816 2,
2671 5763 2794 5823 pag.
2818 5749 2924 5808 554
2970 5758 3100 5808 tom.
3154 5767 3171 5807 ι
3197 5792 3213 5819 ,
3266 5767 3534 5810 commune
3556 5755 3653 5828 ju-

2051 5817 2244 5877 dicium
2274 5829 2370 5893 est,
2401 5831 2511 5880 etc.
2674 5817 2690 5821 ’
2745 5817 2768 5823 ⁷
2920 5860 2925 5871 .
