4248 6258
395 277 502 332 ’189

1109 276 1172 333 ΙΝ
1213 275 1472 334 ιιιιΑῐιιι
1511 277 1900 336 EPISTULA)!
1940 278 1987 336 ST

2115 279 2457 338 LIBELLUM
2488 277 3030 340 ANNOTATIONES.

3592 278 3697 338 790

391 395 595 454 saecula
616 395 914 470 §apientia.
940 395 1124 468 Neque
1148 397 1325 451 solum
1348 397 1525 470 adest,
1550 399 1646 454 sed
1667 401 1994 455 etiamcom-
2024 403 2070 461 Α
2098 400 2356 468 scriptum
2407 410 2512 464 est,
2561 399 2808 456 animalis
2849 398 3111 469 cujusque
3143 399 3322 454 anima
3354 398 3572 470 sanguis
3603 400 3684 468 ip-

390 470 566 542 ponit.
619 468 718 542 _Est
757 483 888 542 ergo
927 482 1271 542 componens
1298 541 1304 542 ί
1328 468 1470 542 apud
1499 471 1716 542 ipsum.
1743 471 1989 541 Intelligo

387 539 830 608 compositionis,
853 540 942 594 vel
967 539 1340 610 dispositionis
1365 539 1624 596 officium.
1659 541 1819 597 Pater
1841 539 1987 597 eniin

387 614 443 668 in
474 627 544 668 eo
562 611 707 679 quod
763 611 1018 678 loquitur,
1069 611 1271 675 efficit;
1306 610 1476 666 Filius
1516 613 1566 666 in
1591 629 1658 666 eo
1682 614 1826 682 quod
1857 629 1988 681 ope-

387 693 562 747 ratur,
609 698 731 752 quae
789 682 904 737 ﬁeri
931 693 1057 736 sunt
1079 683 1243 741 dicta,
1283 683 1577 750 componit.
1623 684 1986 740 Personarum

385 768 571 810 autem
625 753 698 808 ita
733 752 872 809 facta
902 752 1182 808 distinctio
1210 763 1315 814 est.
1367 764 1422 807 ttt
1465 769 1602 820 opus
1625 754 1892 810 referatur
1917 757 1986 811 ad

386 839 699 893 utrumque.
726 824 858 879 Nam
889 826 1039 895 ineo
1067 823 1210 894 quod
1242 825 1463 886 dicitur.
1493 827 1768 895 faciamus,
1799 826 1981 894 etjtts-

384 901 472 954 sio
499 907 835 964 exmquator.
858 906 910 949 et
941 894 1172 950 factum:
1217 897 1268 949 iii
1301 913 1367 950 eo
1393 894 1678 966 veroqnod
1702 899 1982 954 scribitur:

385 969 551 1024 Eram
587 967 729 1030 apud
750 967 894 1020 illum
939 983 1270 1034 romponens,
1307 984 1412 1021 non
1443 969 1743 1022 Solitarium
1790 985 1850 1022 se
1881 970 1986 1024 sibi

383 1055 512 1096 esse
535 1040 587 1094 iii
617 1038 934 1100 oneratione
950 1039 1239 1105 significat.
1267 1058 1285 1089 ι
1309 1040 1364 1091 In
1385 1040 1634 1092 eumdem
1665 1055 1880 1092 sensum
1900 1040 1984 1093 lo—

380 1123 544 1166 cutus
571 1109 703 1163 mihi
751 1108 963 1163 videtur
990 1109 1130 1162 idem
1177 1109 1412 1164 Hilarius
1442 1126 1495 1163 n.
1553 1109 1625 1165 45
1665 1111 1783 1164 libri
1816 1126 1891 1165 xu
1917 1112 1984 1166 de

381 1182 672 1242 Trinitate,
718 1195 878 1248 quem
911 1195 1042 1247 rogo
1063 1183 1338 1235 consulas.
1363 1181 1498 1235 Titiit
1532 1197 1660 1234 Vero
1692 1180 1853 1242 scies.
1887 1198 1985 1236 cur

379 1251 842 1320 artificemetiam
876 1249 1110 1305 Verbum
1160 1256 1434 1318 nominet;
1463 1253 1586 1319 quia
1625 1253 1981 1308 scilicetrum

379 1323 638 1388 sapientia
665 1323 736 1376 sit
763 1323 901 1376 filius
945 1323 1063 1386 Dei,
1103 1324 1382 1391 sapientia:
1415 1324 1513 1392 ipsi
1542 1325 1705 1378 veluti
1729 1323 1983 1393 dirigenti

379 1394 638 1450 tribuitur
655 1407 809 1462 opus.
837 1395 1063 1460 ideoque
1085 1393 1248 1448 etiam
1284 1396 1535 1459 mundus,
1567 1394 1825 1449 eximium
1858 1411 1985 1462 pro-

379 1467 525 1522 fecto
576 1464 860 1533 opiﬁcium.
911 1464 1095 1534 Neque
1136 1468 1188 1518 iii
1243 1476 1425 1520 nostra
1458 1467 1557 1518 hac
1592 1465 1828 1533 Epistula
1863 1478 1982 1520 ian-

380 1536 664 1592 tummodo
693 1536 944 1602 artiﬁcem
979 1551 1041 1590 ea
1073 1536 1143 1589 de
1169 1551 1332 1590 causa
1366 1537 1598 1591 Verbum
1621 1538 1860 1590 divinum
1888 1553 1984 1604 ap-

381 1609 552 1678 pellat
584 1625 598 1662 :
633 1621 820 1678 verum
851 1607 1016 1661 etiam
1065 1623 1217 1661 num.
1249 1609 1280 1661 ὦ
1326 1607 1450 1660 libri
1488 1623 1562 1661 xit
1604 1609 1671 1662 de
1694 1607 1979 1671 Triuitate,

379 1676 436 1734 in
466 1693 577 1750 quo
605 1676 831 1750 quidem
851 1679 968 1750 loco
995 1681 1219 1747 copiose
1254 1681 1364 1748 agit
1390 1679 1460 1733 de
1494 1679 1667 1732 Verbo
1703 1681 1794 1732 Dei
1824 1696 2013 1748 tnun-l

377 1747 510 1806 dum
537 1747 860 1819 creante(a).
879 1748 1034 1804 Hunc
1049 1764 1267 1818 quoque
1285 1747 1608 1812 locum,oro,
1634 1759 1688 1802 nt
1703 1753 1980 1804 consulas.

452 1823 558 1877 Sed
587 1837 684 1876 cur
710 1820 896 1874 Patres
921 1828 1130 1874 tantum
1155 1821 1454 1886 all'eriuitis,
1482 1832 1536 1875 et
1561 1821 1842 1890 liytiiuuiii.
1876 1838 1986 1890 quo

379 1893 624 1948 Ecclesia
670 1892 860 1962 utitur,
886 1892 1274 1962 praeterimus?
1317 1892 1446 1947 Haec
1493 1892 1702 1947 scilicet
1744 1893 1988 1949 Ecclesia

376 1965 622 2020 concinit
649 1961 764 2036 (b):

627 2055 877 2118 Nascente
899 2055 981 2118 qui
1007 2054 1191 2118 Mundo
1215 2054 1358 2105 faber

695 2117 964 2166 Imaginem
991 2117 1158 2166 vultus
1179 2119 1250 2166 tui

691 2179 914 2230 Tradens
933 2180 1118 2228 Adamo
1135 2217 1149 2240 ,
1177 2179 1393 2228 nobilem

692 2241 832 2292 Limo
852 2242 1034 2304 iugasti
1055 2243 1304 2303 spiritum.

629 2305 748 2357 Cum
774 2303 922 2365 livor,
943 2311 995 2354 et
1016 2303 1153 2354 fraus
1174 2304 1252 2354 die
1262 2305 1420 2352 monis

703 2365 958 2417 Fmdasset
983 2370 1246 2416 humanum
1268 2379 1428 2428 genus
1449 2380 1460 2413 :

697 2429 770 2478 Tu
795 2440 940 2478 carne
965 2432 1169 2476 amictus
1195 2426 1432 2489 perditam

697 2491 921 2540 Formam
944 2490 1184 2540 reformas
1205 2489 1405 2540 artifex.

383 2575 541 2648 Quod
572 2575 726 2648 plane
751 2575 1148 2648 congruitcum
1180 2589 1246 2628 eo
1287 2574 1517 2648 hymno,
1549 2589 1655 2646 quo
1701 2583 1992 2648 antequam

382 2645 804 2718 eccelesiasticis
831 2645 1044 2718 hymnis
1064 2646 1427 2714 elegantiorcs
1452 2661 1709 2718 numeros
1735 2645 1990 2703 Urbanus

385 2717 503 2776 VIII
533 2719 812 2786 tribueret,
841 2717 1115 2772 Romanus
1146 2718 1332 2771 Clerus
1362 2717 1628 2772 utebatur.

776 2815 825 2862 ui
849 2811 1016 2862 mundi
1040 2814 1091 2861 in
1118 2810 1380 2872 primordio

781 2875 891 2925 dam
919 2875 1162 2936 plasmasti
1191 2873 1458 2933 hominem,

733 2972 799 3049 iJ't
818 2971 1078 3048 hominem
1098 2972 1414 3054 redin'ieres,‘

731 3062 892 3122 Quem
916 3068 1033 3110 ante
1052 3061 1149 3122 jam
1170 3059 1515 3122 plasmaveras,
1545 3065 1640 3107 etc.

2015 1792 2063 1852 B

2096 471 2210 526 sius
2259 472 2349 536 sit,
2394 471 2614 542 sanguis
2653 478 2834 525 autent
2883 480 3168 526 concretus
3188 471 3360 526 soleat
3387 471 3445 526 in
3463 485 3682 528 carnem

2094 543 2460 606 transmutari,
2508 557 2638 597 caro
2691 557 2820 596 vero
2861 551 3114 611 corrupta
3139 542 3192 600 in
3223 552 3419 597 terram
3448 542 3686 602 resolva-

2094 623 2213 668 tur:
2241 613 2362 683 jure
2389 629 2451 667 ac
2484 614 2680 668 merito
2711 621 2794 668 est
2829 611 2960 681 quid
2989 623 3260 668 terrenum
3289 613 3466 668 anima
3495 613 3686 670 bruto-

2089 700 2232 740 rum.
2268 683 2533 738 Praducat
2575 685 2736 754 igitur
2755 693 2893 738 terra
2921 685 3148 739 animant
3175 685 3442 739 viventem.
3471 683 3684 739 Anima:

2091 755 2552 826 videiaflinitalem
2597 755 3006 823 cuntsanguine
3055 755 3332 826 sanguinis
3351 769 3680 821 cumcarne,

2089 825 2266 880 carnis
2288 842 2410 880 cum
2437 827 2658 880 tellure:
2687 836 2739 880 et
2773 841 2960 879 rursus
3001 825 3192 881 ordine
3220 828 3438 880 inverso
3468 841 3562 895 per
3585 843 3679 881 ea-

2090 897 2214 951 dent
2261 896 2549 965 regredere
2589 912 2618 952 a
2647 907 2789 952 terra
2841 897 2906 950 ad
2949 912 3190 961 carnem,
3223 914 3250 949 a
3279 912 3440 951 carne
3468 897 3531 951 ad
3560 914 3685 952 san-

2089 970 2329 1036 guinein,
2360 985 2388 1021 a
2421 970 2682 1037 sanguine
2705 968 2770 1020 ad
2795 969 3030 1022 animam
3051 1009 3066 1031 ,
3087 977 3142 1022 et
3171 983 3423 1035 pecorum
3450 970 3686 1024 animant

2093 1049 2364 1094 terrenam
2393 1055 2516 1094 esse
2554 1040 2875 1107 comperies.
2929 1039 3073 1093 Cave
3120 1043 3420 1096 existimes.
3451 1040 3684 1095 animam

2088 1124 2211 1165 esse
2241 1110 2484 1179 corporis
2515 1112 2754 1179 ipsorum
2781 1112 3168 1164 constitutione
3199 1111 3606 1166 vetustiorch

2160 1181 2344 1235 Altera
2373 1196 2533 1247 porro
2576 1181 2865 1246 exitlicatio
2905 1181 3096 1236 eodem
3134 1197 3347 1252 quoque
3377 1182 3579 1252 Basilio
3603 1182 3686 1236 in-

2087 1253 2490 1325 nititanquem
2521 1253 2708 1325 antire
2735 1259 2953 1325 prastat
2973 1253 3099 1325 hinc
3129 1251 3418 1325 ducentem
3449 1251 3686 1325 (Hexae-

2088 1340 2238 1388 mer.,
2280 1323 2477 1377 Homil.
2505 1339 2578 1386 ix,
2605 1341 2656 1377 ii.
2689 1324 2744 1387 ‘2,
2774 1341 2892 1395 pag.
2923 1323 3038 1394 81).
3071 1342 3088 1374 i
3119 1322 3386 1378 Producat
3413 1322 3546 1378 terra
3575 1324 3690 1376 ani-

2087 1411 2226 1448 mam
2260 1396 2503 1448 viventem
2554 1410 2819 1464 pecorum,
2862 1405 2910 1448 et
2959 1395 3257 1458 bestiarum,
3306 1405 3351 1449 et
3401 1395 3686 1462 reptilium.

2088 1466 2382 1520 Coitsidera
2413 1465 2506 1519 Dei
2538 1480 2724 1520 Vocem
2757 1480 2849 1534 per
2891 1481 2982 1521 res
3010 1479 3222 1521 creatas
3272 1467 3685 1536 pervadcitteni,

2087 1551 2210 1605 quia
2252 1547 2306 1590 et
2365 1549 2487 1590 tunc
2517 1537 2736 1604 incepit,
2769 1545 2824 1590 et
2870 1552 3038 1605 usque
3059 1538 3236 1591 adhuc
3263 1537 3456 1592 efﬁcax
3489 1546 3590 1602 est,
3623 1553 3688 1589 ac

2090 1607 2142 1660 in
2201 1608 2360 1661 linem
2396 1607 2687 1661 transitura
2723 1615 2826 1675 est,
2878 1608 3020 1677 quod
3065 1618 3478 1664 consummatus
3526 1607 3692 1664 fuerit

2089 1679 2345 1733 mundus.
2386 1677 2850 1744 Quemadmodum
2885 1679 3044 1750 enim
3097 1679 3291 1750 globus
3329 1694 3450 1733 cum
3496 1694 3526 1731 a
3559 1695 3692 1747 quo—

2081 1751 2234 1820 piam
2288 1751 2450 1804 fuerit
2489 1757 2666 1803 motus
2697 1791 2710 1809 .
2756 1765 2820 1805 ac
2865 1749 3127 1818 deinceps
3154 1751 3417 1806 declivem
3448 1750 3686 1819 aliquem

2093 1821 2270 1874 locum
2326 1832 2515 1876 nactus
2559 1820 2738 1884 fuerit,
2771 1829 2906 1874 etex
2939 1823 3151 1888 prOpria
3198 1831 3490 1884 structura,
3520 1830 3575 1874 et
3623 1836 3692 1875 ex

2093 1891 2196 1946 loci
2224 1893 2624 1960 opportunitate
2641 1891 2896 1946 deorsum
2923 1892 3110 1958 fertur,
3145 1908 3244 1947 nec
3267 1908 3415 1961 prius
3433 1891 3690 1961 quiescit,

2092 1978 2256 2030 quam
2299 1962 2550 2032 planities
2595 1963 2773 2032 aliqua
2803 1965 2977 2031 ipsum
3028 1969 3330 2029 exceperit:
3385 1966 3456 2017 ita
3506 1978 3690 2018 rerum

2092 2045 2288 2087 natura
2319 2051 2424 2088 uno
2455 2047 2724 2102 praecepto
2750 2035 2989 2100 incitata,
3020 2049 3106 2088 res
3137 2035 3384 2090 conditas
3411 2034 3694 2100 aequaliter

2093 2105 2147 2157 in
2181 2107 2552 2172 generatione,
2582 2106 2700 2159 etin
2732 2105 3080 2171 corruptione
3111 2113 3378 2174 penetrat.
3405 2115 3694 2174 servatque

2095 2190 2194 2246 per
2230 2176 2636 2232 similitudinem
2667 2177 3058 2246 successiones
3104 2173 3386 2246 generum,
3426 2174 3601 2229 donec
3626 2173 3694 2228 ad

2095 2245 2272 2313 ipsum
2303 2248 2610 2315 pervenerit
2653 2245 2836 2301 ﬁnem.
2877 2246 3010 2302 Nam
3032 2245 3230 2315 eqiium
3261 2247 3383 2316 equi
3409 2259 3694 2300 successo-

2096 2331 2211 2371 rem
2270 2317 2411 2382 facit,
2466 2319 2679 2373 leonem
2719 2317 2922 2383 leonis,
2977 2319 3209 2388 aquilam
3257 2317 3448 2386 aquilaa
3482 2333 3495 2370 :
3527 2319 3694 2370 immo

2097 2388 2307 2458 singula
2338 2389 2590 2444 animalia
2613 2387 3068 2458 consequentibus
3090 2387 3528 2446 successionibns
3558 2401 3684 2442 con-

2097 2471 2312 2514 servata
2342 2476 2516 2531 usque
2546 2461 2612 2514 ad
2638 2460 2885 2531 Universi
2932 2463 3461 2516 consummationem
3512 2467 3694 2531 trans-

2096 2531 2279 2586 mittit.
2313 2530 2547 2599 Tempus
2593 2532 2796 2585 nullum
2830 2530 3062 2585 destruit
3107 2531 3418 2586 animalium
3449 2530 3696 2596 preprie-

2097 2609 2265 2656 tates:
2299 2603 2394 2656 sed
2429 2614 2680 2670 tanquam
2704 2616 2874 2669 nuper
2893 2604 3181 2656 c0nstitnta
3210 2612 3398 2656 natura
3418 2601 3509 2663 sit,
3551 2613 3699 2653 sem-

2097 2688 2193 2741 per
2214 2687 2404 2726 recens
2426 2689 2527 2728 una
2553 2688 2672 2726 cum
2705 2683 2945 2738 tempore
2974 2673 3233 2730 excurrit.
3264 2671 3530 2726 Producat
3561 2680 3702 2725 terra

2096 2744 2324 2798 animam
2346 2745 2608 2798 viventem.
2639 2743 2750 2798 Hoc
2771 2753 3097 2812 prteceptttm
3125 2754 3284 2800 terra:
3317 2742 3559 2807 inhaesit,
3591 2755 3698 2798 nec

2095 2828 2158 2868 ea
2189 2815 2431 2868 Creatori
2457 2814 2652 2868 desiuit
2682 2813 2951 2870 famulari.
2976 2833 2994 2867 ι

2167 2884 2504 2955 Quamquam
2578 2887 2623 2938 si
2684 2887 2805 2954 quis
2851 2886 2982 2956 illud
3059 2885 3427 2956 generationis
3473 2897 3646 2956 genus
3678 2921 3695 2948 ,

2094 2951 2238 3024 quod
2272 2951 2612 3021 spontaneum
2661 2951 2856 3010 vetusti
2902 2951 3214 3022 Philosophi
3250 2955 3548 3024 appellant.
3574 2951 3695 3008 sive

2094 3023 2158 3079 ea:
2199 3028 2357 3094 putri.
2418 3029 2504 3080 hic
2547 3035 3030 3082 commemoratum
3083 3027 3248 3090 dicet,
3282 3023 3401 3080 rem
3472 3023 3618 3077 dicet
3663 3039 3694 3094 a

2091 3097 2370 3152 verisimili
2397 3100 2618 3152 minime
2665 3098 2926 3152 alienam:
2955 3109 3166 3154 veteres
3210 3097 3354 3152 enim
3385 3093 3697 3163 huiusmodi

458 3167 548 3224 88.
589 3167 631 3222 li
663 3165 878 3240 quibus
905 3164 1100 3240 placet,
1135 3162 1333 3240 Patres
1355 3159 1416 3240 iu_
1435 3161 1771 3240 explicandis
1801 3161 1979 3240 Scrip-
2013 3171 2058 3235 (ς
2091 3171 2469 3238 generationes
2493 3173 2667 3238 aquai.
2700 3169 3058 3240 imhrmmque
3107 3169 3350 3240 subsidio
3385 3159 3562 3240 peragi
3594 3179 3695 3240 po-

386 3239 524 3295 tiiris
574 3230 714 3308 ipsis
754 3230 1029 3291 Platonem
1073 3234 1273 3307 (quoad
1305 3233 1417 3308 fieri
1469 3235 1518 3308 id
1568 3230 1773 3308 posset)
1817 3230 1983 3290 fuisSe

384 3304 622 3373 secutos,
668 3308 894 3363 minime
945 3304 1274 3360 verebuntur
1331 3304 1588 3358 Hilarium
1639 3304 1755 3358 haec
1785 3321 1982 3373 propo-

386 3390 640 3437 neutein:
692 3380 868 3435 animo
911 3376 1147 3431 videlicet
1178 3379 1317 3443 ipsas
1363 3376 1602 3428 tiiatert'us
1641 3377 1982 3440 animaverat,

385 3465 444 3508 ut
477 3451 798 3506 nascentibus
825 3448 1150 3520 postmodum
1171 3445 1515 3520 animantibus
1527 3447 1729 3520 anilitas
1755 3461 1980 3520 conititu-

386 3525 588 3590 darent,
643 3517 934 3577 Platiiiiicis
983 3520 1317 3590 adscribere.
1351 3517 1420 3590 At
1465 3518 1532 3572 iis
1564 3519 1802 3590 _iiiiitiiiie
1833 3518 1982 3574 illum

383 3588 799 3664 adscripserim:
852 3593 975 3647 itovi
1004 3591 1169 3664 enim
1215 3588 1817 3664 PitllOIIit'fI“dtlgllldla,
1865 3607 1985 3664 quae

387 3659 581 3732 mundi:
603 3667 861 3730 animam,
889 3673 942 3717 et
965 3663 1066 3716 alia
1093 3661 1364 3732 hisafliuia
1390 3659 1670 3716 exhibent.
1706 3675 1813 3714 non
1847 3663 1989 3717 initl-

388 3749 499 3792 liim
549 3731 724 3792 laudis
760 3735 900 3804 apud
942 3731 1525 3804 Orthodoxoshahei-e
1557 3747 1738 3804 posse.
1771 3733 1986 3790 Duobus

385 3810 568 3879 itaque
599 3807 773 3863 modis
801 3803 1137 3879 sententiain
1190 3803 1593 3879 explicaveriiri.
1645 3803 1738 3858 Vel
1781 3805 1987 3879 tit-ilicet

385 3873 495 3944 dic,
519 3897 586 3935 ex
633 3879 822 3934 llilarii
877 3878 1146 3931 sententia
1197 3878 1362 3930 lleum
1413 3873 1676 3930 indidisse
1725 3877 1878 3943 aquis
1907 3877 1984 3940 id,

386 3953 768 4020 quodcumque
808 3948 1030 4004 tandem
1063 3947 1190 4002 illud
1219 3947 1308 4010 sit,
1332 3963 1439 4014 quo
1463 3947 1794 4020 piscium,_et
1820 3949 1987 4020 repii.

385 4016 542 4088 lium,
571 4033 627 4078 et
653 4016 954 4077 volatiliuin
987 4022 1182 4074 anima:
1205 4026 1495 4071 constant:
1529 4027 1690 4086 atque
1711 4016 1840 4071 illitd
1871 4021 1989 4084 qui-

387 4087 536 4158 dem,
587 4095 716 4149 licet
748 4109 779 4146 a
813 4093 968 4145 nobis
1014 4093 1288 4160 ignoretur
1315 4089 1530 4152 modiis,
1567 4105 1674 4157 quo
1692 4087 1753 4160 id
1789 4091 1985 4146 factum

387 4166 480 4230 sit,
507 4176 684 4220 tamen
715 4173 992 4234 peractum
1018 4159 1167 4217 certe
1188 4169 1302 4234 est:
1327 4175 1594 4228 excepere
1613 4159 1757 4212 enim
1789 4160 1986 4229 pisces,

387 4231 782 4306 etreptilia.'et
829 4249 1172 4306 aves,rquiim
1214 4231 1394 4306 vivere
1436 4235 1988 4306 _ccepei_‘tin_t,_aniiuas

387 4309 456 4363 ab
481 4301 762 4378 aquisjam
789 4301 1234 4378 divinaji’issione
1252 4301 1703 4378 ft:cuntlati_s_.__Vt-l
1736 4302 1824 4358 dic
1851 4304 1990 4378 indi-

388 4389 472 4434 tas
495 4374 604 4449 jani
639 4374 806 4432 fuisse
826 4377 1034 4430 animas
1064 4374 1780 4449 pisttibits.et_rejitilibus,et
1799 4377 1988 4449 avibus

389 4466 455 4506 ex
484 4444 676 4520 quibus
705 4451 877 4519 pisces
910 4455 966 4503 et
985 4462 1132 4520 aves,
1153 4457 1206 4498 et
1234 4446 1464 4520 reptilia,
1494 4444 1988 4520 nascituraanimas

388 4516 601 4591 quoque
636 4516 1466 4591 suasret-epiuraforeiit(_ueque
1488 4517 1629 4591 enini
1652 4518 1899 4591 piscium,
1928 4526 1986 4572 et

388 4588 657 4661 reiitilium
673 4595 1129 4646 aniiiiaacreaiitiir
1146 4598 1199 4641 et
1213 4589 1563 4661 infunduntur
1577 4588 1625 4642 iti
1639 4602 1862 4661 corpora
1877 4589 1987 4656 jain

386 4659 614 4719 formata
631 4681 644 4719 :
664 4680 782 4718 nam
804 4663 905 4716 hoc
921 4671 1124 4714 tantum
1142 4663 1191 4712 in
1219 4659 1434 4712 homine
1451 4661 1648 4722 evenit;
1675 4660 1767 4712 sed
1787 4675 1879 4728 per
1897 4675 1989 4729 ge-

393 4736 732 4790 nerationem
752 4731 1694 4802 communicanturexcipiunturque)
1708 4730 1835 4784 .Cur
1849 4733 1990 4786 enim

388 4807 458 4862 de
491 4807 714 4878 piscium
743 4806 1027 4862 animabus
1074 4802 1124 4856 id
1141 4804 1337 4878 dicere
1379 4820 1482 4878 ιιειιι
1519 4803 1719 4878 licebit,
1749 4803 1890 4878 quod
1919 4803 1986 4856 de

391 4871 671 4932 hruiorum
715 4880 996 4933 animabus
1038 4873 1258 4929 tradidit
1286 4873 1551 4927 Basilius?
1579 4871 1744 4940 Cujus
1767 4871 1983 4944 quidem

391 4951 556 5004 verba
603 4949 925 5004 laudabilem
995 4946 1280 5018 paritatein
1331 4946 1486 4998 nobis
1535 4945 1794 5018 pra-bent.
1849 4945 1985 5018 Ecce

393 5035 558 5092 porro
602 5021 726 5092 quid
779 5015 1011 5092 Basilius
1061 5021 1158 5092 hoc
1204 5016 1636 5092 de_ar«,z_uniento
1679 5015 1870 5092 doceat
1912 5015 1983 5090 (ε)

393 5087 634 5165 priorem
663 5094 806 5146 illam
835 5090 1252 5165 explicationem
1285 5087 2015 5165 liaud’iiliscureiudicatis..

404 5156 702 5218 iProdncat
726 5176 862 5217 terra
884 5156 1110 5215 animum
1127 5161 1392 5214 viventem.
1428 5156 1540 5211 Cur
1570 5159 1816 5227 producit
1850 5171 1994 5213 terra

397 5237 630 5289 animam
680 5234 982 5289 viventem?
1013 5245 1090 5296 iit,
1123 5231 1249 5300 quid
1300 5233 1439 5283 inter
1469 5231 1701 5282 animam
1745 5229 1987 5298 pecudis,

397 5317 454 5362 et
481 5309 620 5370 inter
662 5308 894 5360 animam
940 5303 1174 5356 hominis
1207 5301 1440 5364 intersit,
1464 5301 1660 5355 discas.
1713 5301 1994 5368 Quomodo

399 5379 635 5432 hominis
682 5379 859 5430 :tliittia
901 5376 1125 5429 iiirmala
1157 5374 1248 5436 sit,
1283 5375 1441 5443 paulo
1488 5384 1602 5440 pOSI
1637 5374 1809 5426 scies:
1856 5387 1996 5428 nunc

399 5463 533 5505 vero
558 5451 623 5503 de
667 5449 948 5504 brul0tuin
977 5448 1154 5500 anima
1184 5441 1330 5498 audi.
1373 5441 1507 5497 Cum
1543 5443 1694 5514 juxta
1752 5443 1804 5498 id
1853 5444 1995 5516 quod

475 5561 552 5636 (a)
597 5561 757 5618 Testis
779 5572 853 5636 est
878 5561 1060 5617 Petrus
1090 5562 1165 5616 ita
1191 5561 1416 5615 scribens
1439 5576 1458 5616 :
1479 5561 1641 5636 Quasi
1661 5562 1817 5636 illdeli
1841 5577 1992 5636 orea-

403 5633 507 5691 tori
536 5633 988 5690 commendantes
1032 5636 1240 5687 animas
1267 5643 1498 5688 vestras.
1531 5633 1668 5701 Quid
1701 5635 1876 5705 operis
1923 5649 2016 5688 no-

401 5724 518 5762 men
544 5707 722 5776 opiﬁci
750 5706 1098 5776 imponimus?
1125 5714 1230 5760 etc.

480 5777 556 5853 (b)
580 5775 648 5834 ’ln
683 5775 888 5850 hymno
917 5779 982 5833 ad
1011 5785 1204 5838 metut.
1239 5785 1403 5846 temp.
1435 5775 1618 5847 pasch.

2093 3241 2357 3293 iiSsimuiii
2411 3242 2835 3296 arbitrabantur.
2888 3238 3021 3300 lluic
3079 3241 3304 3296 Basilius
3329 3238 3690 3308 (libetienim,

2087 3311 2343 3380 quoniam
2388 3316 2668 3378 superiora
2723 3312 2863 3366 illius
2909 3313 3232 3368 auctoritate
3295 3307 3528 3380 firmavi,
3586 3308 3690 3380 hoc

2087 3377 2306 3452 quoque
2337 3377 2578 3452 ejusdem
2624 3384 2945 3438 auctoritate
2984 3377 3368 3452 comprobare)
3417 3378 3691 3452 illumin-

2087 3450 2271 3524 qiiatit,
2332 3450 2558 3508 Basilius
2608 3454 2848 3522 proxime
2897 3467 3018 3524 post
3049 3450 3327 3520 superiora
3373 3450 3533 3504 verba
3575 3451 3692 3524 haec

2088 3521 2333 3592 sulqicit:
2365 3545 2384 3576 ι
2410 3525 2522 3579 Alia
2537 3521 2680 3581 enim
2707 3541 2770 3579 ex
2789 3521 3134 3582 successione
3157 3540 3368 3582 eorum,
3399 3537 3518 3586 qua!
3545 3521 3694 3586 prius

2088 3596 2337 3649 extitere.
2383 3598 2786 3665 producuntur:
2825 3597 2926 3650 alia
2962 3612 3088 3652 vero
3115 3611 3178 3650 ex
3206 3598 3317 3662 ipsa
3349 3602 3490 3644 terra
3521 3592 3687 3665 etiam

2090 3681 2234 3719 nunc
2277 3661 2452 3720 adhuc
2511 3671 2672 3720 vitain
2726 3667 2970 3734 accipere
3015 3661 3358 3735 compertum
3411 3661 3685 3735 est.j_N_on

2088 3736 2230 3790 enim
2262 3737 2434 3790 solum
2468 3739 2660 3806 pluvio
2693 3733 2935 3806 tempore
2970 3740 3083 3793 edit
3102 3733 3338 3798 cicadas,
3362 3741 3454 3785 aut
3475 3733 3577 3786 alia
3606 3733 3694 3788 iii-

2091 3823 2318 3861 nuinera
2341 3811 2642 3863 Volaiilinm
2700 3809 2752 3862 in
2801 3824 2930 3864 aere
2975 3809 3278 3878 vagantium
3302 3818 3524 3874 genera,
3556 3819 3690 3878 quo-

2090 3895 2208 3932 rum
2240 3879 2470 3947 plurima
2502 3891 2722 3949 propter
2764 3877 3078 3936 tenuitatem
3106 3891 3228 3934 sunt
3251 3889 3520 3949 annulum
3542 3890 3556 3938 ;
3578 3877 3684 3949 sed

2092 3945 2274 4021 mures
2302 3945 2564 4012 ctiamﬁei
2593 3945 2753 4021 ranas
2805 3966 2870 4005 ex
2898 3969 2957 4005 se
2988 3953 3098 4020 ipsa
3129 3951 3354 4021 profert.
3383 3945 3516 4021 Nam
3543 3946 3685 4004 circa

2091 4019 2304 4075 Thebas
2345 4021 2649 4091 Egyptias,
2675 4020 2763 4076 tibi
2826 4022 2878 4075 in
2927 4017 3146 4078 aestibus
3191 4022 3337 4089 large
3371 4017 3526 4091 pluit,
3573 4025 3684 4091 sta-

2092 4095 2186 4145 tim
2215 4088 2862 4160 Campestribusmuribus
2884 4095 3030 4163 regio
3056 4088 3491 4163 expletttr._Qiiin
3523 4089 3684 4163 etiam

2063 4159 2359 4232 'augtiillas
2393 4165 2622 4220 vidimus
2674 4179 2782 4218 non
2813 4159 2972 4223 aliter
3001 4159 3160 4233 quam
3208 4179 3273 4218 ex
3318 4161 3446 4214 limo
3471 4159 3676 4214 consti-

2093 4236 2190 4294 tui.
2221 4249 2283 4288 ac
2303 4236 2576 4304 generari,
2605 4250 2832 4304 quarum
2866 4236 3271 4290 successionem
3300 4245 3472 4299 neque
3493 4244 3680 4299 ovum,

2094 4320 2270 4374 neque
2301 4307 2441 4360 ullus
2469 4306 2610 4362 alius
2639 4309 2830 4359 modus
2870 4305 3112 4366 conficit.
3147 4305 3241 4360 sed
3276 4307 3405 4372 ipsa:
3434 4317 3503 4358 ex
3535 4310 3680 4362 terra

2093 4387 2270 4430 ortum
2303 4379 2518 4431 habent.
2555 4376 2824 4430 Producat
2853 4386 2994 4432 terra
3025 4377 3284 4441 animam,
3315 4385 3422 4428 etc.
3464 4391 3483 4426 ι

2166 4446 2342 4514 Atque
2373 4447 2454 4501 his
2491 4447 2965 4516 explicationibus,
2992 4464 3110 4503 mea
3137 4448 3355 4516 quidem
3370 4445 3662 4511 sententia,

2098 4518 2349 4572 illitStrari
2373 4517 2532 4573 facile
2557 4528 2778 4586 possunt
2797 4534 2882 4584 ea,
2911 4535 3031 4588 qua:
3060 4519 3432 4589 allegavimus,
3460 4517 3685 4584 hujusce

2096 4589 2348 4658 Epistula:
2378 4592 2564 4656 verba,
2588 4605 2759 4658 neque
2777 4592 3039 4660 cogimur,
3067 4598 3125 4646 ut
3153 4590 3394 4649 dicamus
3423 4589 3682 4654 animam,

2092 4662 2245 4730 cujus
2277 4662 2361 4714 hic
2393 4666 2592 4716 mentio
2643 4662 2721 4728 fit,
2755 4675 2875 4716 esse
2910 4663 3081 4730 ipsum
3115 4663 3374 4732 Spiritum
3421 4660 3676 4732 Sanctum

2095 4732 2475 4785 fecundantem
2505 4747 2703 4803 aquas:
2747 4749 2867 4800 qua:
2915 4742 3093 4786 tamen
3133 4731 3317 4799 opinio
3353 4740 3416 4803 et
3447 4731 3683 4784 Sleuclio

2094 4812 2279 4857 nostro
2312 4802 2581 4873 placuisse
2614 4805 2722 4857 visa
2765 4815 2867 4866 est,
2901 4815 2954 4857 et
2989 4807 3264 4860 veteribus
3313 4802 3497 4856 multis
3525 4816 3685 4873 aper-

2094 4872 2332 4928 tissimel
2375 4877 2598 4946 placuit,
2646 4891 2872 4946 eamque
2923 4874 3152 4929 fortasse
3210 4875 3393 4946 innuit
3428 4872 3682 4946 Basilius,

2092 4961 2214 4999 cum
2246 4946 2360 5019 iure
2374 4941 2587 5015 scripsit
2605 4946 2684 5019 (ά)
2711 4966 2722 5000 :
2751 4965 2769 4998 i
2789 4941 2907 5000 Non
2927 4947 3104 5002 Solum
3122 4960 3320 5016 corpus
3349 4941 3684 5019 ejits_(ho_mi—

2093 5019 2194 5088 nis)
2221 5015 2633 5086 cirt-uiiijacens'.
2667 5015 2720 5071 ιιι
2750 5029 2915 5072 tPSltls
2944 5020 3190 5087 corporis
3228 5015 3524 5085 tranquilla
3553 5016 3683 5072 sint.

2096 5091 2189 5142 sed
2236 5090 2397 5142 etiam
2441 5089 2698 5158 quidquid
2731 5090 2921 5153 ambit,
2949 5101 3001 5144 et
3052 5088 3537 5152 circumplectitur,
3568 5099 3686 5158 cm-

2096 5159 2204 5212 lum
2241 5157 2512 5224 videlicet,
2547 5157 2716 5226 terra,
2743 5176 2913 5227 mare,
2946 5170 3000 5214 et
3029 5175 3147 5230 qua:
3171 5160 3223 5213 in
3249 5159 3328 5213 eis
3356 5167 3484 5212 sunt
3513 5157 3682 5210 ratio-

2097 5231 2259 5302 nalia.
2291 5233 2356 5284 Et
2411 5232 2668 5302 intelligat
2725 5232 3006 5302 adimpleri
3066 5237 3270 5296 omnia,
3325 5230 3686 5302 spiritumque

2099 5301 2376 5357 undelibet
2428 5297 2734 5372 super'ipsa
2767 5297 2930 5366 stare,
2979 5316 3080 5355 ceu
3133 5297 3412 5372 illapsuiii,
3442 5307 3500 5354 et
3548 5297 3688 5352 infu-

2097 5387 2240 5442 sum,
2273 5385 2326 5430 et
2375 5371 2653 5428 undelibet
2693 5373 3111 5444 ingredientem,
3173 5382 3334 5444 atque
3363 5371 3688 5444 illucescen-

2103 5455 2243 5499 tein:
2275 5461 2398 5498 nam
2431 5445 2615 5498 urbem
2641 5441 2906 5499 terrarum
2937 5443 3172 5515 Spiritus
3195 5441 3408 5499 Duiitiiii
3437 5441 3694 5512 replevit,

2173 5559 2248 5632 (ε)
2292 5562 2684 5627 Hexaemeron,
2735 5561 2931 5616 Homil.
2961 5577 3072 5627 vni,
3099 5579 3151 5616 n.
3176 5561 3233 5630 2,
3263 5575 3382 5632 pag.
3417 5561 3480 5616 7i
3508 5569 3639 5615 toni.
3677 5573 3695 5613 ι

2118 5631 2373 5687 editionis
2403 5634 2614 5688 Patrum
2647 5635 2704 5688 S.
2731 5633 2918 5688 Mauri.

2119 5703 2274 5831 “ad?
2318 5707 2589 5761 Adversus
2605 5705 2926 5760 Euiiomium
2955 5703 3050 5762 lib.
3076 5722 3129 5773 v,
3178 5719 3299 5776 cap.
3337 5703 3549 5772 ultimo,
3581 5717 3702 5775 pag.

2121 5811 2134 5830 .
2278 5790 2386 5831 om.
2421 5793 2456 5831 i.
