4248 6258
607 302 714 361 799

1260 303 1328 359 IN
1366 302 1622 359 HILARII
1665 301 2051 359 EPISTOLAM
2095 299 2227 356 SEU
2272 298 2620 356 “BELLUM
2661 298 3208 357 ANNOTATIONES.

3806 305 3915 358 800

609 434 664 479 et
689 422 926 480 offerens
953 425 1179 480 formam
1203 425 1365 487 servi,
1389 440 1492 496 qua
1525 427 1700 479 minor
1728 434 1812 496 est
1836 423 2019 478 Patre.
2051 441 2070 496 ι
2103 421 2210 496 Dio-
2237 425 2282 482 Α
2313 421 2626 496 mirabilem
2638 429 2935 496 praesentes
2961 419 3187 496 credere
3207 430 3544 496 recusarent.
3567 423 3912 496 quandoqui-

609 495 703 552 lim
734 511 898 566 porro
929 509 1099 565 putes,
1136 491 1422 565 superiora
1443 496 1607 550 verba
1638 505 1729 550 aut
1758 494 2093 549 Nestorianis
2125 491 2206 546 fa-

609 582 760 630 vere,
789 576 882 620 aut
913 567 1260 636 l'lutychiauis
1285 584 1297 620 :
1331 566 1664 622 Nestoriauis
1694 567 1806 629 illa,
1838 566 1924 633 qui
1951 574 1995 618 et
2022 581 2074 618 se
2098 580 2210 630 pos-

611 649 683 692 set
712 638 764 710 in
789 637 994 710 homine
1014 638 1183 710 celare
1213 656 1230 692 :
1261 638 1612 710 Eutycbianis
1636 653 1764 692 vero
1793 640 2172 710 subsequentia
2193 677 2208 698 ,

612 717 660 762 et
709 709 960 761 hominem
1001 725 1113 761 cum
1162 709 1267 762 Deo
1315 708 1549 763 mixtum.
1586 708 1917 770 Memineris,
1955 712 2209 769 obsecro,

611 780 806 850 quibus
839 781 1172 841 temporibus
1203 780 1435 834 linat-ius
1467 780 1582 834 lucc.
1614 779 1931 850 scripserit.
1975 778 2066 832 diu
2107 779 2214 832 sci-

615 847 739 922 licet
781 860 904 922 ante
930 863 1176 906 exortam
1225 851 1453 906 Nestorii
1486 863 1536 905 et
1575 847 1890 922 Eutychetis
1924 849 2209 922 lia-resitn,

615 919 844 987 ideoque
870 920 937 976 iis
967 924 1316 990 temporibus,
1348 923 1543 992 quibu~
1577 919 1919 978 liberioribus
1949 921 2032 975 his
2061 921 2211 973 locu-

617 991 850 1046 lionilms
879 994 951 1046 uti
997 1007 1110 1046 tuto
1141 991 1521 1049 licebat.'liiuc
1549 997 1740 1048 mirum
1783 1008 1887 1045 non
1918 1003 2019 1049 est.
2054 993 2098 1046 si
2132 993 2214 1045 bis

615 1071 796 1118 utatur
827 1064 924 1130 (a).
955 1063 1130 1134 Atque
1157 1081 1217 1119 ei
1249 1063 1463 1130 quidem
1496 1065 1629 1126 loca,
1658 1066 1708 1118 iu
1731 1063 1926 1134 quibus
1958 1063 2212 1116 hominem

618 1145 826 1189 veteres
861 1133 1339 1206 Patres’appellzint
1379 1146 1624 1190 natttram
1654 1133 1940 1190 humanam
1972 1151 2000 1186 a
2033 1133 2214 1188 Verbo

615 1214 972 1273 assumptam,
1004 1216 1113 1262 tam
1142 1210 1330 1263 crebra
1360 1218 1504 1272 sunt,
1537 1220 1588 1259 ut
1624 1224 1684 1260 ea
1719 1207 1896 1276 pigeat
1926 1220 2212 1258 recensere

617 1275 692 1347 (ὁ)
751 1276 820 1330 Ea
855 1295 1000 1335 vero.
1035 1278 1085 1332 in
1114 1281 1308 1338 quibus
1339 1294 1467 1332 voce
1514 1275 1731 1342 mixtus,
1751 1279 1815 1346 ad
1851 1277 2210 1330 denotandam

616 1348 870 1402 unionem
921 1349 1078 1403 Verbi
1127 1365 1248 1404 cum
1284 1360 1470 1404 natura
1519 1355 1789 1412 humana,
1833 1360 2075 1411 utuntur,
2107 1356 2211 1402 non

615 1419 758 1471 aliud
790 1420 1047 1484 imlicant,
1078 1421 1178 1476 nisi
1209 1423 1461 1476 unionem
1485 1421 1646 1477 Verbi
1679 1420 1847 1474 Uivini
1871 1436 1992 1474 cum
2023 1429 2212 1475 natura

618 1487 852 1561 humana
883 1489 980 1561 (c).

691 1560 812 1616 120.
845 1560 1077 1618 COnsule
1115 1579 1178 1618 ea
1225 1564 1519 1633 Scriptum
1545 1563 1688 1629 loca,
1735 1578 1855 1631 qua:
1886 1562 1937 1617 in
1970 1561 2213 1630 epistola:

618 1631 788 1702 ipsius
817 1633 964 1688 calce
996 1634 1244 1690 iudicavi.

692 1703 814 1757 121.
845 1704 1042 1759 Omnes
1071 1704 1183 1761 fere
1211 1720 1422 1766 veteres
1463 1709 1648 1763 Patres
1674 1705 1987 1772 Virgineum
2010 1702 2213 1759 Christi

619 1784 830 1844 partum
856 1777 1163 1832 Dzemonem
1183 1778 1404 1836 latuisse
1428 1780 1604 1841 aiunt;
1638 1777 1729 1831 sed
1757 1791 1970 1830 causam
1993 1775 2212 1844 hujusce

617 1843 804 1921 divini
831 1849 1047 1921 consilii
1098 1852 1413 1921 plerumque
1458 1868 1563 1905 non
1601 1848 1848 1903 afferunt.
1890 1851 2030 1921 Duas
2059 1843 2211 1903 valde

617 1917 926 1986 probabiles
960 1920 1044 1974 hic
1068 1917 1284 1976 adducit
1315 1917 1548 1976 I'Iilarius
1570 1963 1583 1986 ,
1625 1934 1850 1987 quarum
1880 1919 2048 1986 prima
2077 1927 2160 1971 est
2191 1935 2209 1971 :

619 2003 684 2042 ne
714 1987 932 2043 Dmmou
957 2002 1233 2046 vereretur
1257 1992 1533 2048 Christum
1560 2003 1788 2054 tentare,
1818 2005 1975 2057 quem
2005 1987 2212 2044 scilicet

621 2072 724 2112 non
756 2069 1036 2125 tentasset,
1081 2063 1124 2116 si
1165 2068 1326 2118 llcum
1363 2074 1542 2119 nosset
1575 2081 1587 2115 :
1619 2073 1670 2115 et
1699 2069 1758 2115 ut
1784 2061 1952 2126 magis
1982 2075 2210 2127 appare-

618 2139 700 2202 ret
729 2130 972 2198 victoria,
1004 2149 1163 2202 quant
1210 2136 1278 2191 de
1308 2135 1554 2189 daemone
1598 2131 1782 2187 retulit
1817 2129 2086 2202 Christus.
2120 2132 2210 2200 qui

619 2200 797 2276 minus
823 2200 1217 2260 diabolivictor
1246 2216 1560 2276 appareret,
1598 2205 1648 2276 si
1674 2204 1790 2276 sine
1829 2201 2069 2271 ejusdem
2101 2201 2214 2254 dia-

619 2270 726 2324 boli
771 2287 1014 2338 acetissu,
1067 2287 1120 2329 et
1166 2270 1552 2332 tentatioitibus
1579 2273 1829 2330 diabolus
1865 2270 2208 2329 'viuceretur.

617 2338 802 2409 Itaque
834 2359 994 2400 voces
1019 2345 1164 2430 illas,
1193 2359 1248 2430 et_
1276 2350 1450 2430 _ntiu_us
1489 2355 1807 2430 prostratus,
1857 2344 1936 2426 sic
1965 2343 2213 2430 accipere

619 2426 926 2482 possumus,
965 2429 1019 2470 ut
1050 2417 1134 2472 vel
1184 2419 1428 2474 addenda
1457 2415 1522 2472 sit
1565 2418 1650 2472 vel
1687 2424 1835 2471 certe
1868 2415 2213 2484 intelligenda

619 2485 878 2552 particula
903 2505 966 2540 ne
986 2505 1005 2543 :
1034 2488 1083 2542 id
1112 2500 1214 2557 est,
1244 2501 1290 2544 et
1313 2508 1376 2545 ne
1397 2493 1566 2544 minus
1590 2497 1898 2558 prostratus,
1925 2496 2029 2541 etc.
2062 2488 2213 2558 Acci-

620 2569 746 2631 pere
775 2567 952 2612 tamen
989 2562 1059 2624 ita
1102 2563 1262 2616 etiam
1296 2557 1611 2631 pos-sumus,
1642 2568 1699 2614 ut
1729 2574 1824 2628 per
1859 2573 1918 2612 se
1942 2557 2212 2613 sententia

616 2624 701 2679 illa
735 2631 1007 2696 persistat.

691 2697 814 2772 122.
848 2699 1004 2772 Prior
1035 2701 1194 2769 hujus
1223 2706 1506 2758 Sententiae
1533 2717 1656 2772 pars
1682 2717 1744 2755 ea
1775 2701 1967 2772 innuit.
2000 2716 2120 2772 quae
2147 2700 2216 2755 de

622 2766 871 2837 Virgineo
897 2766 1398 2836 Christi—conceptu
1449 2766 1608 2828 docet
1634 2773 1827 2828 Lucas.
1881 2766 2213 2830 Pars'altera

615 2841 878 2894 rationem
913 2843 1068 2898 affert
1118 2861 1212 2901 cur
1241 2847 1489 2901 Christus
1530 2847 1618 2898 diu
1669 2854 1907 2898 moratus
1957 2843 2029 2896 sit
2077 2845 2216 2896 inter

617 2907 897 2976 homines;
926 2926 980 2965 ut
1003 2916 1210 2972 scilicet
1237 2920 1375 2972 illius
1392 2917 1724 2971 divinitatem
1749 2931 1842 2984 per
1863 2915 1979 2982 ejus
1996 2916 2216 2982 dogma-

617 2989 686 3056 ta_
713 2991 768 3034 et
808 2985 1068 3056 tiiiracula
1130 3000 1238 3042 tum
1274 2989 1632 3056 pra-cedentia
1664 2987 1807 3040 illius
1847 2995 2058 3050 ortum,
2103 2995 2212 3037 tmn

611 3050 778 3126 etiam
807 3054 875 3107 ab
919 3071 984 3108 eo
1027 3071 1237 3125 peracta
1274 3050 1718 3126 'asseqtteremur.
1765 3057 2215 3110 conetnrentihus

614 3122 680 3174 ad
735 3125 978 3196 eantdem
1029 3122 1460 3184 testificationem
1504 3128 1832 3196 Angeloi'um
1881 3127 2105 3186 lllllllin,
2162 3136 2218 3181 et

2312 490 2436 564 dem
2463 492 2574 561 jam
2598 492 2695 564 diu
2713 503 2820 564 tam
2845 493 3030 564 certis,
3054 493 3457 562 perspicuisque
3474 490 3914 564 [il'ﬂ‘dlCIiOIlibllS

2315 563 2644 618 innotuerat.
2677 562 2805 617 Ideo
2832 579 2960 617 vero
2988 563 3086 622 iis.
3116 566 3203 629 qui
3234 563 3430 617 Christi
3466 562 3675 620 Domini
3705 567 3913 622 adven-

2317 643 2426 689 ιιιιιι
2461 636 2894 691 antecedebant.
2931 633 3220 702 praedictus
3265 634 3364 688 fuit
3391 637 3658 693 adventus
3697 639 3786 692 ille
3811 680 3827 702 ,
3859 648 3918 694 ut

2316 709 2367 759 in
2395 715 2679 761 venturum
2711 705 2958 758 Messian:
2991 706 3308 772 crederent,
3349 718 3401 759 et
3439 709 3507 760 ab
3535 724 3602 762 eo
3629 726 3689 762 se
3715 725 3916 766 Conse-

2315 787 2537 830 cuturos
2565 776 2790 829 salutem
2823 787 3108 844 sperarent
3147 795 3159 829 :
3208 777 3331 831 hinc
3375 780 3581 832 crebrae
3624 779 3730 834 illae
3759 796 3920 836 voces

2317 847 2485 972 Slsai.
2539 863 2690 905 utv.
2747 847 2769 901 1
2797 845 2815 918 )
2851 865 2863 899 :
2899 845 3106 901 Utinam
3157 849 3500 917 disrumpere:
3550 850 3738 913 calor.
3803 864 3915 908 etc.

2345 919 2510 972 iorate
2529 960 2544 972 .
2569 920 2680 972 caeli
2709 959 2722 972 .
2756 921 2973 972 desrmer
2995 962 3008 972 .
3031 927 3135 972 etc.
3167 918 3316 972 (Imi.
3349 937 3476 972 ην.
3509 919 3587 972 8i.
3636 930 3692 972 et
3712 925 3915 972 similes

2345 919 2510 991 iorate
2529 960 2544 983 ,
2569 920 2680 974 cali
2709 959 2724 991 ,
2756 921 2973 991 desuper
2995 962 3008 981 ,
3031 927 3135 973 etc.
3167 918 3316 988 (Imi.
3349 937 3476 986 XLV,
3509 919 3588 991 8).
3636 930 3692 976 et
3712 925 3920 980 similes

2316 991 2458 1044 altae.
2483 990 2650 1044 lnuuo
2671 989 2916 1043 lilii-istos
2935 990 3048 1060 ipse
3073 991 3362 1056 aliquando
3380 989 3605 1048 testatus
3627 1005 3706 1048 est
3729 995 3914 1057 (Joan.

2316 1077 2410 1116 Vlll
2442 1103 2456 1126 ,
2489 1061 2582 1120 56.
2631 1059 2697 1114 Ut
2756 1059 2964 1114 rideret
3001 1063 3134 1114 diem
3183 1063 3374 1130 meum)
3422 1074 3636 1132 optasse
3675 1067 3921 1120 Abraha-

2320 1149 2463 1205 mum
2503 1133 2838 1205 ‘l‘iliﬂ'eidiﬂn
2879 1134 3051 1187 illius:
3085 1133 3133 1186 id
3163 1145 3279 1196 est,
3324 1150 3390 1188 ea
3420 1147 3684 1203 tempora.
3718 1137 3922 1205 quibus

2323 1203 2636 1272 Unigenitus
2677 1203 2770 1258 Dei
2809 1217 3086 1272 asSumpIo
3115 1206 3347 1259 humano
3377 1222 3603 1274 corpore
3647 1203 3788 1261 inter
3815 1225 3922 1264 nos

2319 1274 2500 1342 degit,
2552 1274 2842 1328 humanum
2887 1291 3056 1344 genus
3101 1278 3401 1342 exemplis,
3441 1288 3495 1332 et
3539 1280 3758 1333 monitis
3803 1282 3921 1335 suis

2318 1346 2603 1408 erudiens,
2656 1358 2828 1398 morte
2857 1362 2986 1400 vero
3016 1362 3108 1399 sua
3153 1349 3476 1404 salvaturus.
3516 1350 3682 1402 l'm-ro
3711 1350 3920 1405 Christi

2324 1417 2531 1470 Domini
2561 1420 2974 1484 adventumjam
3003 1419 3204 1486 pridem
3231 1421 3393 1476 fuisse
3423 1420 3758 1486 praedictum,
3790 1437 3921 1476 cum

2319 1488 2410 1562 alii
2439 1489 2618 1562 inulti,
2651 1491 3094 1562 tumprwsertim
3119 1490 3358 1562 ostendit
3385 1491 3618 1562 Cyrillus
3652 1491 3921 1546 Hieroso-

2321 1558 2644 1630 lymitauus,
2695 1560 2850 1627 cujus
2899 1559 3001 1624 1'2,
3035 1572 3088 1611 et
3135 1561 3201 1614 15
3255 1558 3620 1626 Cateche~im,
3662 1563 3920 1628 obsecro,

2320 1629 2488 1698 legas.
2533 1631 2644 1705 Sed
2673 1633 2796 1705 quis
2833 1630 3381 1705 Hilariumhomiserit
3406 1674 3420 1696 ,
3459 1636 3653 1705 quippe
3693 1634 3780 1705 qui
3834 1636 3924 1696 ip-

2320 1717 2461 1772 sum,
2505 1701 2644 1762 quod
2696 1703 2782 1755 hic
2823 1703 3030 1772 paucis,
3072 1702 3200 1756 alibi
3247 1701 3924 1772 luculenter"exe-initur?

2319 1771 2582 1827 Nonnulla
2619 1773 2795 1826 iudico
2819 1771 2884 1828 ex
2923 1773 3187 1840 plurimis.
3215 1775 3354 1830 Sunt
3385 1792 3541 1841 porro
3565 1771 3820 1830 numerus
3852 1778 3924 1834 13

2317 1843 2833 1918 Commentariorum
2858 1845 2908 1895 iu
2935 1845 3194 1918 psalmum
3226 1862 3312 1918 inv
3345 1848 3501 1918 (Pag.
3531 1846 3633 1902 125
3675 1848 3798 1900 tanti
3842 1850 3921 1918 ι);

2321 1931 2578 1968 rmmerus
2618 1916 2640 1968 1
2677 1915 3191 1970 commentariorum
3223 1916 3276 1971 in
3323 1915 3582 1985 psalmum
3621 1934 3708 1973 ut
3739 1915 3920 2045 ql’a'g.

2321 1986 2420 2040 161
2454 1988 2577 2040 tomi
2601 2002 2615 2040 l
2638 1984 2692 2045 );
2724 2002 2981 2040 nuutcrus
3025 1988 3229 2045 primus
3255 1999 3548 2044 comment.
3573 1991 3624 2043 in
3653 2004 3740 2045 osa
3768 2007 3920 2045 mum

2319 1986 2420 2040 161
2454 1984 2692 2055 tomii);
2724 2002 2981 2040 numerus
3025 1988 3229 2053 primus
3255 1984 3548 2044 comment.
3573 1991 3624 2043 in
3653 1984 3923 2054 psalmum

2321 2071 2449 2112 ωιγι
2497 2057 2670 2131 (Pag.
2701 2130 2704 2131 ν
2730 2058 2838 2112 ’2υὸ
2880 2058 3028 2131 tomi_
3046 2056 3089 2131 _t)
3116 2077 3129 2121 ;
3173 2075 3428 2131 numerus
3458 2061 3747 2115 vicesimus
3767 2078 3927 2116 com-

2321 2127 2573 2184 mentjin
2599 2127 2791 2203 psalm.
2823 2144 2984 2182 vant
3009 2127 3164 2203 (ﬂag.
3222 2129 3392 2202 255);
3426 2147 3684 2186 numerus
3712 2134 3926 2199 primus

2317 2211 2612 2273 comment.
2648 2202 2801 2273 inps.
2829 2216 2991 2254 cxxxt
3024 2199 3194 2273 ‘(Png.
3229 2199 3393 2272 500‘);
3425 2219 3683 2257 numerus
3712 2219 3930 2260 xxxvm

2319 2270 2442 2348 libri
2477 2287 2528 2324 tv
2569 2274 2644 2348 de
2674 2271 2937 2348 'l‘riuitate
2957 2276 2981 2348 _(
3008 2270 3160 2342 Ραςῂ
3175 2274 3244 2327 97
3272 2270 3420 2348 et‘9_8
3454 2275 3576 2348 tanti
3598 2290 3632 2328 ιι
3659 2291 3673 2338 ;
3717 2285 3762 2328 et
3790 2293 3924 2348 pag.

2321 2341 2427 2415 125
2465 2345 2587 2395 tomi
2617 2345 2693 2413 t);
2736 2358 2799 2397 ac
2846 2341 3115 2413 denique.
3160 2359 3227 2398 ne
3267 2347 3316 2398 in
3364 2345 3593 2415 singulis
3625 2341 3924 2412 Iimmore'r,

2321 2414 2447 2485 dum
2502 2419 2738 2485 psalmos
2779 2415 3035 2481 explicat,
3080 2431 3323 2484 magnam
3367 2414 3558 2473 horum
3603 2432 3809 2485 partem
3854 2419 3927 2473 ad

2319 2484 2590 2558 Christum
2623 2483 2786 2539 refert
2814 2503 2826 2537 :
2860 2487 2908 2536 ltl
2935 2487 3075 2554 quod
3100 2485 3147 2540 is
3177 2483 3449 2552 fatebitur,
3483 2490 3573 2558 qui
3599 2483 3742 2550 ipsOs
3771 2488 3926 2543 Hila-

2321 2556 2384 2608 rii
2421 2567 2676 2611 tractatus
2707 2559 2757 2610 iu
2791 2557 3028 2622 psalmos
3066 2560 3272 2626 legerit.
3305 2556 3574 2614 Nonnulla
3605 2560 3672 2612 de
3699 2559 3801 2614 hoc
3831 2575 3926 2613 ar-

2318 2641 2576 2695 gumento
2606 2629 2755 2682 attuli
2788 2629 2837 2681 iu
2870 2631 3306 2700 annotationibus
3332 2632 3382 2683 in
3412 2630 3695 2700 quemdam
3719 2632 3776 2685 ὃ.
3804 2635 3930 2686 Au-

2323 2702 2502 2760 lipatri
2535 2714 2866 2770 sermonem,
2900 2701 2948 2752 in
2975 2698 3230 2754 Vaticana
3262 2698 3591 2756 bibliotheca
3618 2712 3925 2770 repertum,

2360 2784 2482 2822 uem
2522 2772 2702 2835 paucis
2735 2770 2804 2822 ab
2844 2769 2968 2822 bene
3000 2773 3273 2826 mensibus
3299 2774 3442 2828 edidi
3491 2770 3591 2837 (In
3623 2784 3761 2827 tomo
3793 2789 3928 2829 xuii

2372 2842 2700 2910 pusculornm
2731 2859 2761 2894 α
2797 2841 2952 2913 Putre
2990 2841 3240 2912 Caloqero
3266 2845 3596 2900 eollectorum
3619 2849 3657 2913 ).
3687 2844 3820 2900 Vide
3851 2847 3929 2900 ibi

2319 2915 2721 2966 annotationem
2757 2912 2819 2967 18
2848 2923 2901 2965 et
2929 2916 3349 2982 subsequentes.

2396 2982 2515 3056 124.
2564 2984 2688 3037 Post.
2721 2998 2881 3037 voces
2907 2984 3064 3052 illas,
3116 2987 3399 3056 mojrstatis
3438 2998 3484 3041 et
3523 2987 3761 3040 bonitatis
3793 3003 3928 3053 sum,

2319 3055 2500 3108 addidi
2533 3071 2717 3110 vocem
2751 3056 2990 3122 speciem,
3022 3073 3142 3111 cum
3175 3055 3310 3120 luce,
3338 3069 3432 3112 aut
3456 3059 3628 3112 altera
3653 3057 3839 3111 affinis
3873 3062 3930 3114 in

2323 3126 2511 3198 Codice
2537 3126 2696 3181 desit.
2727 3125 2993 3198 Deinceps
3023 3129 3072 3181 iit
3105 3129 3292 3184 codice
3317 3129 3510 3196 legitur
3542 3139 3927 3198 susceperant:

615 3194 861 3272 ςξεξηιῖεὶερ
916 3197 1153 3272 adventu
1211 3216 1510 3270 magorum,
1567 3194 1861 3272 veteribus
1891 3197 2212 3266 prophetiis,
2244 3197 2290 3259 C
2323 3197 2671 3272 Setiﬂttmtllntl
2715 3194 2998 3272 legendum
3029 3207 3157 3267 puto
3186 3194 3514 3272 susceperat,
3556 3194 3715 3269 idque
3748 3201 3932 3255 refero

614 3263 886 3340 Simeouis
908 3268 1109 3336 pariter
1142 3280 1194 3322 et
1224 3263 1391 3324 Anim:
1423 3263 1804 3340 prephetissae,
1838 3263 2061 3324 Joannis
2083 3285 2217 3338 quo-

615 3348 719 3409 g_t_t_e
749 3335 1000 3409 Baptistae
1032 3335 1743 3396 teSIilicationilntsfliorum
1772 3357 1977 3408 partem
2000 3335 2217 3409 attingit

617 3402 852 3460 Hilarius
902 3425 1051 3463 num.
1083 3411 1154 3465 26
1182 3425 1230 3464 et
1262 3412 1330 3467 27
1369 3413 1456 3468 lib.
1493 3430 1529 3467 ιι
1557 3417 1620 3466 de
1648 3402 1916 3476 Trin'itate,
1947 3427 2068 3482 (pta:
2101 3402 2213 3466 lovea

615 3491 744 3556 rogo
777 3489 830 3530 nt
861 3482 1131 3556 entisulas.
1170 3483 1245 3556 Nc
1273 3484 1400 3556 quid
1429 3500 1593 3556 porro
1636 3483 1971 3538 dissimulem
1994 3526 2008 3544 .
2038 3485 2216 3556 suspi-

613 3553 767 3625 catus
794 3568 908 3625 sum
937 3553 1247 3622 aliquando,
1276 3553 1562 3625 legendum
1592 3571 1713 3610 esse
1735 3557 1987 3608 discerent
2012 3555 2216 3608 denmnt

613 3614 723 3698 hinc
750 3622 920 3698 omnia
939 3614 1088 3698 ζ-ιξίςκ
1116 3614 1253 3698 Vel.
1285 3614 1542 3680 utvomnes
1581 3632 1713 3697 ferre
1742 3625 1994 3698 discerent
2028 3625 2212 3693 Deum,

615 3687 666 3742 id
691 3692 903 3767 estlegi
928 3693 1127 3750 Christi
1157 3687 1371 3767 subjici.
1401 3700 1534 3752 Num
1565 3687 1732 3757 ret-te.
1760 3697 1967 3766 judicet
1999 3687 2211 3752 Lector;

653 3829 666 3842 .
691 3760 822 3842 ifi5._
850 3765 963 3842 Duo
993 3760 1310 3842 emendavi,
1351 3786 1472 3840 qua!
1508 3760 1806 3842 depravata
1835 3769 2009 3838 reperi
2043 3771 2093 3821 iu
2123 3784 2215 3823 co-

612 3830 763 3910 d_ic_e_:
807 3834 1003 3910 legitur
1051 3830 1316 3910 siquidem
1358 3830 1407 3895 iit
1450 3858 1515 3895 eo
1549 3830 1832 3908 perterriti,
1870 3830 1992 3894 c'um
2030 3842 2213 3908 prociil

613 3901 776 3981 dubio
806 3901 1092 3981 legendum
1118 3901 1194 3964 sit
1218 3914 1484 3981 prwteriti.
1513 3901 1693 3977 idest,
1731 3914 1783 3974 ii,
1811 3901 1897 3980 qui
1923 3901 2209 3965 adventum

618 3973 1290 4054 Domini‘jira-ccsserunt.
1336 3983 1556 4054 Legitur
1590 3973 1840 4052 quoquef
1883 3983 2081 4049 Quibus
2117 3983 2214 4037 hoc

615 4044 694 4122 his
721 4046 907 4122 oculis,
951 4062 1082 4122 etc.,
1131 4054 1334 4108 omisso
1374 4044 1540 4109 ve’rho
1579 4044 1768 4116 videre,
1805 4044 2209 4122 aut'iitspicet'e.

614 4114 766 4181 Quod
803 4121 846 4172 si
887 4114 1007 4188 quis
1036 4133 1091 4178 ut
1117 4126 1304 4179 oculos
1336 4126 1531 4180 mentis
1559 4128 1729 4179 oculis
1757 4114 2002 4192 corporis
2022 4114 2214 4194 'oppo-

615 4199 727 4266 nat,
765 4205 948 4266 vocem
982 4195 1059 4266 his
1086 4200 1320 4252 retinere
1352 4197 1502 4254 velit.
1537 4213 1630 4258 tier
1655 4212 1738 4250 me
1758 4195 1974 4266 quidem
2007 4196 2208 4263 licebit,

613 4256 906 4340 duumtodo
932 4265 1166 4340 verbum
1191 4270 1378 4333 videre,
1408 4277 1500 4324 aut
1535 4256 1791 4333 inspicere
1821 4256 2207 4340 adjungatld);

618 4329 742 4408 ρμο⁵
784 4349 945 4408 porro
1001 4337 1088 4393 hic
1138 4338 1297 4394 docet
1357 4329 1628 4394 llilariusi
1683 4329 1914 4408 primum
1965 4329 2208 4408 quidem,

613 4398 816 4457 Christi
847 4405 1064 4480 Domini
1095 4409 1388 4465 adventum
1440 4398 1754 4480 pra-dictum
1807 4398 2054 4464 fuisse-in
2093 4398 2211 4478 lege

613 4481 666 4526 et
711 4475 1015 4550 prophetis:
1063 4481 1327 4543 alterum,
1363 4475 1459 4536 cur
1511 4484 1796 4550 prazdictus
1828 4480 1874 4535 is
1911 4480 2104 4545 fuerit;
2149 4475 2211 4536 ac

614 4550 869 4622 postremi
897 4549 1030 4606 duas
1052 4568 1247 4608 Causas
1276 4549 1518 4616 adducit,
1543 4569 1769 4622 quarmn
1802 4555 1947 4620 prior
1974 4569 2204 4621 praesen-

614 4623 692 4670 tes
721 4617 907 4684 afﬁcit,
944 4626 1244 4689 prieteritos
1269 4625 1458 4679 altera.
1493 4617 1623 4678 Ideo
1651 4617 1858 4679 scilicet
1888 4617 2056 4678 multo
2086 4634 2211 4679 ante

614 4691 927 4756 pris-dictum
958 4696 1068 4748 vult
1101 4693 1258 4765 hujus
1297 4696 1448 4750 modi
1476 4697 1766 4775 adventum
1793 4737 1808 4761 ,
1857 4711 1926 4750 ne
1955 4710 2066 4750 rem
2101 4705 2209 4750 tam

687 4846 764 4918 (a)
813 4847 934 4923 Lib.
988 4866 1025 4923 ιι
1069 4850 1132 4905 de
1178 4850 1368 4907 Trinil.
1398 4892 1414 4916 ,
1455 4868 1576 4923 cap.
1610 4853 1676 4907 16
1710 4869 1722 4905 :
1759 4851 1988 4922 Spiritus
2027 4853 2101 4923 (id
2131 4865 2216 4910 est

616 4916 850 5001 Verbum
897 4921 1160 4990 divinant)
1201 4933 1402 4978 natura:
1441 4940 1493 4977 se
1518 4916 1761 4978 humana:
1804 4916 1978 4980 carm:
2022 4916 2214 4980 immis-

612 5001 737 5050 ειιιι.
770 5002 876 5044 etc.

683 5070 760 5142 (ὁ)
789 5071 943 5137 Vide,
972 5081 1029 5126 ut
1059 5073 1177 5138 has,
1207 5073 1445 5144 aliasque
1469 5073 1660 5128 afﬁnes
1689 5076 1988 5130 locutiones
2015 5077 2068 5131 in
2097 5094 2214 5135 rec-

614 5143 880 5219 tissimum
909 5158 1135 5219 sensum
1152 5143 1408 5219 deducas,
1440 5163 1560 5219 qua:
1581 5145 1776 5202 docent
1809 5146 2089 5219 Theologi.
2128 5151 2214 5206 ln-

611 5213 1064 5340 t‘lizcole‘tgurimis
1106 5215 1382 5272 Petavium
1413 5213 1474 5271 de
1503 5217 1773 5274 lncarnut.
1817 5213 2063 5287 lib.,v1f,
2091 5237 2212 5292 cap.

711 5300 742 5340 e
868 5325 882 5338 .

711 5300 765 5340 el
798 5300 882 5340 ιο.

687 5379 760 5450 (e)
794 5378 929 5436 Vide
957 5381 1043 5438 hic
1068 5397 1282 5452 quoque
1313 5399 1432 5450 qua:
1462 5383 1527 5438 ad
1551 5382 1896 5439 deducendas
1930 5387 1982 5440 in
2005 5397 2212 5444 rectum

610 5467 830 5530 sensum
895 5453 992 5530 bas
1062 5455 1300 5530 altasque
1348 5454 1539 5510 aflines
1591 5456 1907 5530 locutiones
1955 5457 2213 5530 Theologi

611 5521 848 5596 tradunt.
898 5524 1170 5596 Petavium
1207 5521 1291 5580 hic
1327 5542 1540 5596 quoque
1569 5527 1737 5590 selige
1787 5545 1818 5581 e
1862 5528 2106 5593 plurimis
2151 5521 2215 5586 tie

611 5593 827 5650 Incarn.
861 5595 1017 5650 libro.
1071 5612 1109 5659 ι.
1137 5611 1255 5658 ean.
1311 5593 1396 5656 15.
1441 5593 1494 5650 ii.
1527 5598 1558 5651 7
1585 5607 1640 5653 et
1667 5599 1723 5660 8.
1755 5610 1808 5653 et
1839 5599 1930 5652 lib.
1968 5616 2037 5662 IV,
2079 5605 2126 5664 1,
2176 5604 2212 5657 2

613 5667 868 5738 (numero
899 5671 1196 5734 praesertim
1232 5667 1297 5722 14
1325 5678 1378 5722 et
1409 5669 1531 5733 15);
1563 5670 1739 5738 capite
1770 5671 1930 5724 etiam
1966 5672 2045 5726 10.
2082 5673 2213 5729 Vide

612 5736 776 5792 etiam
821 5747 1004 5794 annnl.
1052 5738 1087 5791 ά
1131 5742 1196 5791 ad
1231 5758 1286 5793 ιι.
1327 5740 1399 5795 26
1455 5741 1573 5794 libri
1613 5736 1648 5796 lt
1679 5745 1742 5795 de
1785 5739 1973 5796 Trinit.
2021 5744 2212 5801 llilurii

617 5805 683 5858 ad
734 5809 896 5861 verba
943 5807 1031 5864 illa
1082 5808 1400 5876 Spiritum.
1447 5821 1647 5866 uatum
1690 5829 1743 5866 se
1783 5811 2019 5867 humanae
2043 5817 2214 5869 carnis

2240 4585 2294 4645 D

2321 3268 2387 3340 ad
2415 3267 2688 3324 Christum
2714 3311 2725 3330 ,
2774 3267 2865 3336 qui
2902 3278 3048 3340 venit
3082 3271 3148 3324 ad
3195 3267 3428 3326 tollenda
3465 3267 3682 3340 peccata
3715 3272 3929 3326 tnuudi.

2321 3337 2488 3414 Paulo
2520 3342 2800 3414 obscurior
2835 3339 3043 3414 videtur
3075 3343 3161 3396 hic
3201 3357 3324 3398 esse
3366 3337 3644 3414 syniaxis;
3677 3342 3770 3398 sed
3803 3359 3929 3397 eain

2322 3411 2605 3482 immutare
2642 3411 2812 3475 nolui,
2855 3427 2922 3466 ne
2956 3411 3076 3477 plus
3102 3429 3259 3482 :rquo
3289 3411 3542 3468 andacmr
3573 3430 3925 3482 apparerem.

2319 3480 2456 3536 Num
2490 3484 2665 3547 aliqua
2696 3483 2906 3553 desint.
2944 3480 3236 3550 judicabit,
3271 3486 3360 3553 qui
3390 3480 3934 3553 periodos-superio-

2320 3568 2407 3607 res
2428 3554 2765 3623 expenderit.
2806 3551 2983 3608 Codex
3015 3557 3083 3608 ita
3126 3551 3360 3623 scriptus
3390 3551 3505 3620 est,
3539 3566 3594 3608 ut
3628 3560 3726 3625 legi
3750 3551 3930 3610 etiam

2321 3628 2525 3696 possit:
2551 3627 2684 3695 quod
2709 3626 2754 3678 si
2786 3625 2920 3677 Deus
2952 3667 2965 3679 .
2994 3665 3008 3679 .
3041 3665 3055 3680 .
3091 3666 3103 3680 .
3134 3628 3438 3682 ostenderet.
3463 3629 3714 3696 forsitan.
3743 3639 3852 3680 etc.

2395 3695 2516 3750 i25.
2562 3696 2722 3749 Parta
2757 3713 2970 3768 rorpore
3011 3698 3249 3766 intelligo
3283 3695 3543 3764 assumpto
3580 3714 3822 3767 corpore.
3871 3700 3933 3754 In

2317 3768 2466 3823 calce
2496 3768 2738 3837 epistola:
2775 3785 2833 3822 ea
2866 3769 3266 3837 Scripturarum
3303 3770 3416 3824 lot-a
3448 3770 3629 3823 notavi
3657 3811 3671 3830 .
3707 3769 3772 3822 ad
3807 3786 3934 3839 qua:

2318 3840 2506 3894 oculos
2534 3841 2829 3894 intendisse
2859 3840 3142 3907 llilariutn,
3171 3841 3425 3894 arbitror.
3457 3839 3510 3895 Si
3548 3841 3661 3894 loca
3685 3855 3772 3903 ea,
3806 3843 3935 3910 qui-

2322 3913 2418 3964 bus
2448 3911 2634 3965 Patres
2675 3912 2724 3964 id
2757 3913 2930 3980 ipsum
2965 3923 3381 3981 persequuntur,
3410 3910 3609 3965 allerre
3637 3911 3932 3978 studuero,

2320 3981 2565 4036 infinitus
2599 3983 2984 4050 pxopemodum
3016 3997 3131 4036 ero.
3172 3982 3368 4036 Notaui
3405 3998 3566 4051 porro
3597 3982 3936 4050 interpretes

2318 4053 2722 4120 Scripturarum
2760 4065 2815 4107 et
2848 4053 3130 4123 'l‘heologi,
3179 4064 3339 4120 atque
3371 4054 3422 4107 in
3452 4054 3650 4123 primis
3674 4053 3938 4108 Petavius

2320 4123 2426 4196 (De
2455 4123 2722 4196 Incarnut.
2754 4125 2842 4178 lib.
2877 4141 2954 4189 ιι,
3007 4121 3121 4195 cap.
3157 4124 3223 4188 6,
3258 4126 3308 4192 1,
3337 4121 3492 4194 etc.),
3525 4124 3662 4196 duos
3693 4141 3936 4196 prteser-

2322 4194 2414 4249 tim
2446 4196 2517 4250 ob
2543 4198 2680 4248 lines
2711 4195 2997 4250 humanam
3030 4194 3248 4250 carnem
3276 4213 3302 4248 a
3340 4197 3567 4250 Domino
3601 4194 3733 4249 Jesu
3763 4195 3937 4252 fuisse

2317 4278 2674 4334 assumptam.
2703 4284 2932 4334 quorum
2968 4267 3112 4335 prior
3157 4277 3274 4332 est,
3315 4266 3580 4333 exemplis
3613 4279 3664 4321 et
3705 4270 3938 4324 monitis

2319 4337 2433 4408 suis
2473 4353 2571 4391 nos
2601 4335 2815 4392 erudire
2841 4356 2869 4400 μ
2887 4340 3045 4404 alter,
3077 4347 3251 4393 morte
3277 4354 3375 4408 pro
3403 4340 3559 4392 nobis
3585 4338 3838 4402 tolerata,
3863 4355 3938 4394 ex

2317 4407 2582 4480 divinonis
2606 4417 2868 4478 potestate
2889 4413 3103 4479 eripere
3126 4407 3417 4462 humanum
3440 4425 3628 4480 genus.

2392 4480 2518 4536 126.
2563 4479 2746 4535 ludicti
2779 4483 2829 4534 in
2871 4481 3021 4535 calce
3051 4481 3300 4547 epistolae
3343 4497 3405 4534 ea
3450 4479 3744 4543 Scriptura!
3784 4481 3937 4548 loca,

2318 4550 2384 4604 ad
2427 4569 2546 4620 qua:
2577 4553 2880 4622 respexisse
2915 4553 3172 4606 Hilarium
3207 4561 3354 4620 puto.
3393 4551 3567 4605 Verba
3603 4567 3766 4620 porro
3800 4554 3938 4620 illa,

2320 4639 2409 4692 per
2439 4634 2650 4695 mortem
2684 4625 2925 4688 hominis,
2963 4627 3214 4693 quoniam
3258 4623 3326 4676 ab
3367 4622 3682 4676 amanuensi
3728 4624 3940 4695 depra-

2319 4707 2440 4750 vata
2469 4693 2625 4751 fateri
2657 4712 2764 4751 non
2796 4696 3042 4766 cogimur
3065 4737 3078 4761 ,
3117 4696 3204 4750 vel
3235 4695 3446 4764 explica
3477 4705 3686 4765 propter
3712 4693 3942 4750 inuitem

2323 4858 2620 4922 immiscuit,
2646 4867 2750 4912 etc.
2782 4855 2985 4928 (Hujus
3015 4858 3099 4912 ed.
3135 4869 3257 4912 tam.
3293 4873 3352 4921 ll,
3381 4861 3480 4914 col.
3513 4855 3650 4926 67);
3703 4857 3947 4914 aderun-

2329 4938 2416 4982 tur
2437 4929 2582 4983 enim
2606 4929 2965 4994 probatissimi
3001 4929 3207 4991 Patres,
3233 4933 3324 4998 qui
3351 4929 3435 4984 his
3461 4931 3828 4984 locutionibus
3851 4935 3941 4986 tisi

2325 5008 2470 5054 sunt.
2505 4999 2572 5055 Ut
2599 4999 2649 5054 in
2683 5000 2885 5054 Hilario
2906 4999 3528 5069 persistam,mi:t:tionem
3558 5003 3745 5068 procul
3771 5003 3947 5057 dubio

2329 5071 2470 5142 idem
2527 5071 2814 5141 intelligit,
2857 5081 3018 5137 atque
3075 5073 3346 5128 unionem.
3399 5088 3521 5127 cum
3581 5073 3657 5126 ait
3695 5071 3946 5142 (num.9

2328 5141 2692 5197 Commentar.
2725 5148 2776 5196 in
2806 5158 2886 5210 ps.
2919 5158 3062 5207 Lxm,
3116 5159 3233 5212 pag.
3276 5144 3364 5198 181
3416 5155 3542 5198 ιοιιι.
3575 5143 3612 5211 ι)
3656 5161 3669 5195 :
3700 5141 3940 5198 animum

2328 5230 2430 5266 non
2454 5225 2854 5277 esseterrenam,
2885 5215 2972 5266 sed
3008 5213 3280 5284 exafﬂatu
3314 5215 3409 5270 Dei
3463 5225 3626 5267 ortam
3672 5215 3948 5270 elementis

2325 5287 2554 5354 corporis
2583 5286 2877 5340 admisi-eri.
2898 5284 3428 5356 AuSoniusquoqoe,
3462 5297 3512 5338 ut
3545 5287 3794 5356 denmet,
3814 5285 3946 5355 Spi-

2326 5359 2487 5410 ritum
2534 5357 2790 5411 Sanctum
2817 5373 2978 5411 unum
3009 5372 3130 5411 esse
3158 5373 3277 5411 cum
3315 5355 3467 5411 l'atre
3491 5364 3543 5409 et
3574 5355 3714 5412 Filio
3741 5358 3944 5419 υειηη,

2325 5428 2549 5482 mixtum
2592 5443 2714 5482 eum
2746 5429 2814 5481 ait
2844 5429 2920 5496 (in
2955 5427 3209 5482 Precatio.
3253 5429 3460 5498 matur.)
3491 5427 3635 5481 Patri
3692 5437 3749 5482 et
3797 5427 3948 5482 Filio

2425 5519 2635 5582 Uuigeui
2658 5532 2900 5581 cognosco
2924 5518 3140 5578 Patrem,
3161 5521 3468 5582 mixtumque
3491 5518 3705 5581 duobus,

2419 5581 2512 5641 Qui
2539 5596 2691 5644 super
2717 5595 2976 5642 aequoreas
2998 5583 3229 5631 volitabat
3253 5581 3451 5644 spiritus
3475 5582 3649 5630 undas.

2395 5674 2475 5745 (ά)
2508 5673 2638 5726 Vide
2681 5689 2802 5744 quin
2829 5675 2989 5729 dOr'et
3027 5675 3264 5745 Hilarius
3295 5683 3506 5745 tractat.
3540 5673 3591 5745 in
3649 5688 3734 5742 ps.
3767 5688 3944 5727 οινιιι

2321 5742 2489 5818 litter.
2538 5746 2622 5808 11,
2658 5742 2712 5800 n.
2755 5747 2791 5802 5
2812 5787 2828 5814 ,
2863 5762 2983 5818 pag.
3025 5742 3132 5803 3M
3164 5758 3273 5802 tum
3302 5760 3320 5799 ι
3352 5763 3365 5798 :
3398 5743 3507 5800 Sed
3537 5743 3592 5798 hi
3636 5760 3772 5800 nunc
3800 5745 3944 5798 oculi

2322 5817 2604 5887 propheta.
2626 5827 2730 5870 etc.
