4248 6258
364 335 470 394 817

1033 343 1096 399 IN
1137 342 1393 403 HILARII
1433 348 1819 407 EI‘ISTOLAM
1863 348 1998 406 SEU
2040 349 2393 409 LIBELLUM
2434 352 2978 413 ANNOTATIONES.

3560 363 3663 417 818

361 467 656 546 scrtpttoqe
679 456 894 546 Gruteri
919 461 1018 536 (a).
1053 461 1287 520 Verbum
1315 469 1568 523 moderari
1597 469 1807 526 videtur
1832 471 1970 527 sumi
1998 471 2054 534 Α
2077 471 2310 546 inuicem.
2352 473 2685 544 Quamquam
2718 477 2994 546 suspicor,
3031 477 3099 532 ita
3129 492 3188 534 re
3227 494 3350 535 vera
3382 481 3664 543 scripsisse

361 547 465 601 pro
492 531 809 588 moderatum
835 531 965 587 esse.

440 605 564 657 186.
596 603 709 683 Ea,
742 621 862 683 qua:
895 607 946 683 in
979 605 1222 683 epistulae
1253 610 1401 666 calce
1427 613 1637 676 notavi.
1675 613 1970 683 Scripturze

362 673 482 756 l‘oea
514 676 803 756 perspicue
836 673 1102 756 indicant,
1143 679 1209 732 ad
1239 698 1366 756 quae
1405 673 1640 737 Hilarius
1669 673 1962 756 perspexit.

359 745 446 801 Ad
492 745 596 800 alia
627 748 788 802 etiam
836 751 1145 812 respexisse
1173 745 1408 808 arbitror
1443 773 1456 807 :
1486 756 1580 811 sed
1611 745 1732 810 etim
1764 745 1824 811 ea
1869 773 1966 812 ex-

361 832 690 896 presseuon
720 817 989 896 all‘cgarit,
1021 819 1215 896 Lector
1246 839 1307 896 ea
1335 840 1428 893 per
1448 841 1505 881 se
1537 830 1828 896 perquirat.
1872 829 1964 882 Fi-

360 890 478 944 dem
518 889 876 970 plenant_(ﬁ_de
916 891 1090 962 plena)
1124 894 1263 947 haud
1307 889 1509 952 temere
1538 889 1667 953 'eani
1699 902 1963 970 intelligo,

359 977 486 1029 qua:
515 977 680 1026 opera
724 961 926 1016 habet:
961 979 1184 1018 vacuam
1227 980 1322 1020 seu
1353 979 1618 1024 intortuam
1651 985 1772 1025 esse
1809 961 1960 1033 eain,

356 1033 874 1177 2171:!!18g16e)0peribu8
908 1034 999 1099 sit,
1033 1040 1376 1106 asSequimur
1403 1056 1469 1094 ex
1503 1041 1706 1097 .laeobo
1736 1043 1888 1113 (Cap.
1924 1058 1959 1108 t,

457 1121 487 1158 e
637 1145 650 1158 .

457 1115 510 1158 et
536 1115 650 1158 261.

435 1175 560 1255 187.
609 1175 692 1232 Μ
729 1192 1040 1255 expressam
1082 1179 1267 1255 illam,
1315 1183 1722 1255 solemncmqtte
1765 1202 1965 1240 renun-

355 1245 649 1322 ciationetn
690 1245 912 1316 respicit
954 1249 1192 1322 Hilarius
1218 1293 1231 1316 ,
1263 1268 1420 1322 quam
1465 1245 1723 1310 adversus
1753 1262 1960 1311 darmo-

356 1333 485 1391 nem
517 1317 851 1391 proﬁtemur,
879 1336 1002 1375 cum
1037 1317 1300 1391 baptisma
1329 1327 1674 1391 suscipimus.

432 1390 559 1444 188.
587 1390 896 1462 Legendum
915 1390 1184 1460 suapicOr,
1210 1412 1325 1466 spes
1348 1413 1544 1454 eorum.
1561 1413 1678 1468 qute
1703 1399 1958 1461 videntur.

354 1477 463 1534 non
501 1472 577 1534 est
611 1478 762 1530 spes;
790 1478 913 1518 nam
947 1476 1104 1518 antea
1147 1481 1290 1534 spem
1328 1470 1396 1521 de
1426 1468 1587 1522 rebus
1621 1471 1814 1524 [nutris
1839 1486 1961 1526 esse

353 1533 430 1585 ait
463 1550 478 1586 :
511 1533 690 1588 futura
718 1549 880 1604 porro
905 1550 1010 1589 nun
1041 1533 1312 1592 videntur.
1345 1540 1478 1604 Quia
1506 1549 1685 1594 tamen
1712 1538 1838 1594 ferri
1880 1551 1962 1594 ut-

353 1617 594 1681 cumque
627 1615 850 1681 poterat
869 1605 1072 1661 codicis
1119 1608 1292 1681 nostri
1339 1610 1534 1675 feetio,
1587 1625 1708 1664 eam
1743 1612 1954 1681 reliqui.

355 1673 556 1752 Lector
595 1673 780 1752 sivolt
804 1716 818 1735 .
868 1693 986 1732 eam
1027 1680 1302 1734 emendet.
1341 1673 1530 1736 Delevi
1579 1697 1746 1752 porro
1773 1673 1958 1737 vocem

355 1747 482 1816 quid
509 1748 738 1826 positam
786 1757 904 1816 post
951 1763 1138 1804 vocem
1177 1753 1297 1826 _quis
1339 1754 1504 1823 (quis
1545 1747 1674 1820 quid
1703 1764 1873 1826 sperat
1889 1754 1958 1826 ?),

355 1834 480 1893 quia
506 1821 848 1893 manifestum
874 1821 1221 1893 amanuensis
1247 1821 1494 1878 errorem
1525 1840 1589 1878 ea
1622 1821 1739 1893 prae
1749 1839 1806 1879 se
1822 1821 1960 1880 fere-

358 1889 468 1966 hat.
506 1888 607 1945 Ubi
639 1892 850 1960 vulgata
876 1892 1069 1966 legitin
1095 1891 1191 1966 Ps.
1223 1909 1351 1966 xvttt
1381 1895 1449 1948 ab
1482 1888 1696 1948 llilario
1729 1897 1961 1966 allegato

361 1960 538 2016 Timor
565 1975 800 2036 sanctus,
829 1965 1196 2036 vetustissima
1234 1965 1336 2020 alia
1378 1966 1564 2022 versit)
1606 1968 1777 2036 legit,
1813 1960 1964 2023 timor

355 2046 550 2086 castus.
585 2033 732 2088 llauc
757 2035 1015 2110 Hilarius,
1047 2049 1149 2090 nec
1175 2045 1402 2100 temere,
1425 2033 1701 2110 sequitur.
1737 2039 1960 2110 Reliqua

359 2119 458 2174 per
484 2120 544 2160 se
567 2115 767 2182 patent.
793 2106 971 2182 Deleri
1004 2117 1125 2182 post
1145 2122 1329 2182 vocem
1351 2109 1564 2182 judices
1589 2152 1603 2172 ,
1637 2126 1826 2165 vocem
1866 2106 1963 2182 pu-

357 2185 603 2252 tes,_qute
645 2178 698 2252 in
730 2177 921 2233 codice
951 2179 1215 2252 habetur;
1247 2177 1636 2252 facileqnippe
1675 2177 1958 2252 intelligis,

355 2247 426 2323 ab
464 2249 720 2317 imperito
748 2249 1061 2323 amanuensi
1088 2265 1209 2304 eam
1255 2252 1305 2323 in
1340 2247 1631 2323 epistola-tn
1669 2247 1962 2323 ipsam'inQ

356 2318 576 2374 ductam
622 2335 763 2376 esse.
807 2321 1012 2377 Vereor
1041 2336 1110 2376 ne
1154 2323 1207 2373 in
1248 2318 1567 2378 definitione
1606 2318 1961 2382 continentia:

355 2390 503 2446 desit
531 2407 630 2445 vox
661 2391 857 2458 aliqua.
883 2395 1044 2447 veluti
1073 2393 1381 2463 corttplexio,
1412 2404 1526 2459 aut,
1557 2395 1601 2448 si
1626 2396 1728 2461 vis,
1759 2397 1961 2453 deside-

354 2464 516 2527 rium,
557 2480 725 2524 amor.
773 2465 1054 2533 cupiditas,
1104 2479 1190 2517 aut
1223 2464 1423 2533 aliquid
1465 2467 1649 2521 affine.
1690 2467 1824 2524 Vide
1863 2486 1956 2524 ea-

353 2545 453 2603 put
505 2536 570 2588 17
618 2536 862 2610 progime
885 2549 1120 2605 sequens
1150 2535 1246 2601 (In
1278 2535 1422 2610 bonis
1457 2538 1678 2592 aviditas
1705 2541 1960 2610 exigenda

351 2616 469 2668 est,
504 2609 674 2680 ete.)._
713 2605 866 2661 Ferri
912 2615 1089 2660 tamen
1137 2617 1317 2679 potest
1363 2607 1450 2662 hic
1491 2623 1709 2680 quoque
1753 2605 1959 2668 cudicis

353 2679 528 2730 nostri
558 2677 734 2733 lectio.

431 2749 555 2802 189.
590 2748 1012 2804 Prteclarissima
1040 2764 1168 2805 sane
1204 2758 1331 2804 sunt
1372 2750 1469 2804 ista
1504 2751 1691 2805 Hilarii
1733 2754 1893 2808 verba
1939 2768 1954 2809 :

359 2818 622 2874 Malorum
651 2837 776 2876 sane
801 2820 1136 2875 substantiam
1177 2822 1241 2875 ab
1270 2823 1418 2874 initio
1447 2823 1643 2876 nullam
1676 2841 1782 2878 esse
1817 2842 1958 2878 cont-

351 2891 583 2963 perintus
611 2907 631 2946 :
658 2895 846 2963 quippe
872 2895 924 2946 in
954 2893 1309 2947 obedientia...
1337 2896 1488 2962 jnatta
1519 2895 1728 2950 bonum.
1762 2897 1957 2950 malum

352 2961 540 3034 est.ln
573 2961 736 3033 priurt
782 2979 946 3031 porro
988 2964 1149 3032 hujus
1177 2961 1465 3018 sententia:
1495 2976 1646 3034 parte
1690 2968 1957 3021 indieatttr

355 3033 580 3106 pariter,
614 3045 670 3089 et
707 3035 974 3106 refellitur
1004 3036 1224 3104 impium
1263 3035 1454 3103 dogma
1485 3033 1908 3092 Manicha-orum
1934 3079 1952 3106 ,

353 3105 447 3174 qui
481 3105 604 3160 mali
632 3105 897 3174 originem
929 3122 956 3157 a
989 3108 1252 3174 principio
1279 3109 1420 3160 malo
1450 3109 1787 3175 repetebant.
1815 3105 1950 3163 Dum

355 3177 474 3248 luec
515 3177 727 3246 sultjicit
770 3178 1006 3248 :qnippe
1048 3177 1389 3230 inobedientia
1416 3219 1430 3242 ,
1476 3193 1616 3244 etc.,
1652 3180 1951 3234 indubitate

1989 1859 2037 1922 Β

2079 543 2338 619 Hilarium
2365 588 2379 609 ,
2427 548 2504 600 uti
2539 543 2697 602 habet
2744 543 2929 603 noster
2972 543 3175 616 eodex;
3209 551 3278 606 ita
3321 552 3564 619 scilicet,
3608 561 3666 607 ut

2074 615 2218 670 nulla
2250 631 2505 677 expressa
2537 621 2806 673 sermonis
2830 623 3030 675 mentio
3060 615 3340 676 habeatur.
3371 623 3501 677 Nam
3525 615 3659 677 siui-

2073 687 2285 764 pliciter
2313 687 2627 743 Collationes
2654 706 2683 743 a
2721 688 2982 744 Cassiano
3012 693 3263 761 appellati
3299 704 3425 747 sunt
3450 695 3519 764 pii
3549 696 3660 750 Mo-

2072 762 2365 813 nachornm
2393 774 2674 816 sermones
2702 771 2757 816 et
2778 772 2978 816 mutuae
2997 766 3418 818 exhortationes.

2146 829 2266 902 192.
2304 830 2554 886 Proxime
2586 841 2704 902 post
2732 848 2917 887 Vocem
2950 837 3103 897 hanc,
3139 835 3509 892 tantummodo.
3548 836 3662 890 Inec

2073 899 2337 976 habentur
2366 902 2417 956 in
2449 899 2640 957 no~tro
2667 903 2801 958 cudi.
2823 917 2854 958 e
2880 921 2892 957 :
2917 907 3038 972 quia
3061 905 3490 976 contemplatione
3521 904 3661 961 Deus

2059 970 2266 1042 judicat
2318 976 2680 1028 conscientiam
2713 970 3036 1047 singulorum
3083 993 3101 1030 :
3151 970 3437 1032 manifesto
3480 977 3663 1046 utique

2069 1056 2278 1116 errore.
2319 1049 2394 1097 An
2424 1061 2552 1098 vero
2582 1047 2760 1114 glossa
2791 1047 3036 1114 qua-dam
3065 1057 3145 1100 est
3182 1048 3308 1101 olim
3340 1049 3390 1101 in
3421 1051 3662 1116 margine

2068 1114 2310 1191 apposita
2339 1117 2516 1191 verbis
2545 1116 2648 1191 illis
2675 1158 2688 1179 ,
2713 1118 2870 1186 juxta
2889 1119 3306 1191 coniunctionem
3339 1114 3662 1191 conjngulem

2067 1186 2420 1258 continentes?
2452 1203 2518 1240 an
2545 1188 2594 1239 in
2620 1189 2954 1258 autographa
2977 1189 3282 1258 conscripta
3307 1205 3370 1242 ea
3393 1186 3521 1243 sunt
3544 1198 3664 1258 post

2069 1255 2156 1308 illa
2194 1258 2353 1329 verba
2380 1300 2394 1321 ,
2434 1274 2551 1326 qnze
2593 1255 3144 1327 deincepshahettur
3173 1255 3320 1314 {non
3353 1255 3662 1329 uniformem

2067 1327 2330 1400 mandavit
2364 1330 2497 1383 lleus
2518 1332 2880 1384 continentiam
2904 1348 2922 1385 :
2951 1343 3041 1385 aut.
3065 1332 3225 1384 etiam
3257 1339 3379 1400 post
3403 1327 3512 1393 Illa,
3538 1345 3661 1398 quae

2068 1396 2324 1470 deinceps
2354 1411 2513 1470 etiam
2541 1443 2554 1465 ,
2605 1403 2700 1456 sed
2734 1401 2962 1470 longiori
2982 1396 3284 1457 'ititervallo
3320 1403 3519 1469 pariter
3560 1396 3659 1456 ha-

2069 1469 2310 1542 bentur}
2357 1469 2496 1526 Deus
2532 1470 2675 1525 solus
2722 1469 2939 1537 intima,
2991 1484 3037 1527 et
3065 1485 3271 1533 secreta,
3288 1474 3538 1542 conspicit
3561 1514 3577 1537 ,
3607 1485 3664 1527 et

2065 1553 2194 1614 casu
2239 1541 2419 1612 aliquo
2451 1543 2516 1614 in,
2547 1543 2772 1612 epistol:
2824 1545 2938 1613 ipsa
2984 1544 3052 1599 ab
3079 1548 3299 1614 antiquo
3342 1541 3658 1598 amanueusi

2065 1611 2294 1685 omissa,
2319 1611 2372 1685 et
2399 1611 2642 1683 conjecta
2667 1616 2717 1668 in
2750 1611 3070 1685 marginem,
3100 1611 3226 1669 nota
3251 1616 3516 1683 apposita,
3540 1631 3660 1684 quae

2069 1681 2245 1736 locum
2286 1681 2575 1748 indicaret,
2611 1685 2702 1739 ubi
2735 1701 2796 1738 ea
2825 1681 3078 1740 collocari
3103 1681 3437 1741 debuissent.
3472 1702 3500 1738 a
3538 1681 3662 1754 pos-

2068 1755 2641 1827 terioriamanuensi.
2677 1771 2836 1824 quem
2879 1773 3022 1827 saepe
3065 1758 3368 1826 imperitum
3399 1756 3659 1826 diximus,

2070 1827 2244 1893 posita
2275 1825 2360 1879 hic
2390 1839 2510 1880 sunt
2534 1829 2558 1880 ’ἰ
2587 1829 2835 1882 Alienum
2859 1825 3121 1895 judicium
3143 1837 3280 1882 esto.

2142 1895 2268 1972 195.
2297 1896 2388 1972 Sic
2412 1912 2572 1972 porro
2601 1901 2927 1972 interpretor
2953 1897 3232 1972 volba‘illa
3260 1917 3272 1951 :
3305 1899 3371 1954 Et
3401 1916 3465 1954 ea:
3490 1905 3661 1972 forma

2064 1967 2577 2040 gelatigcontinentite
2604 1967 2766 2040 magis
2795 1970 2984 2038 inﬂati.
3019 1969 3096 2023 Ex
3126 1969 3226 2024 hac
3246 1973 3448 2038 specie,
3490 1967 3567 2034 et,
3601 1982 3660 2026 ut

2065 2035 2179 2110 fere
2209 2037 2460 2105 dicimus,
2490 2035 2824 2110 apparentia,
2851 2035 2906 2094 et
2939 2042 3082 2095 larva
3112 2035 3458 2096 continentia:
3489 2061 3501 2095 :
3534 2059 3659 2098 vera

2065 2108 2210 2182 enim
2233 2151 2248 2174 ,
2297 2120 2350 2164 et
2379 2108 2924 2182 solida—continentia
2971 2127 3074 2164 non
3106 2119 3222 2176 est,
3253 2114 3453 2182 quippe
3479 2115 3658 2168 conti-

2066 2181 2246 2233 nentia
2276 2224 2288 2246 ,
2347 2185 2390 2235 si
2436 2181 2640 2237 Hilario
2685 2184 2958 2238 credimus
2996 2197 3113 2236 eam
3149 2181 3306 2252 paulo
3352 2181 3478 2239 ante
3523 2184 3660 2240 defi-

2064 2252 2266 2324 ltiettti,
2305 2252 2709 2324 appetendarum
2746 2255 2972 2308 omnium
3000 2268 3166 2306 rerum
3197 2253 3453 2308 malarum
3479 2265 3552 2308 est
3578 2271 3661 2308 re-

2065 2323 2288 2396 frenatio
2319 2340 2337 2377 .'
2363 2342 2426 2378 ex
2459 2326 2588 2389 hac,
2624 2328 2838 2396 inquam
2859 2369 2872 2389 .
2905 2325 3249 2380 continentia:
3279 2328 3458 2396 specie
3488 2325 3660 2381 inﬂati

2063 2394 2371 2467 despiciunt
2409 2397 2548 2451 alios
2574 2440 2588 2462 ,
2629 2394 2826 2467 quibus
2863 2412 2894 2451 a
2938 2397 3048 2451 Deo
3086 2394 3403 2452 concessum
3445 2408 3663 2452 nonest

2063 2465 2265 2520 donum
2293 2468 2433 2521 istud
2455 2510 2470 2533 ,
2503 2465 2936 2539 percutiuntque,
2969 2467 3250 2522 maledicta
3283 2468 3335 2522 in
3370 2483 3465 2524 eos
3489 2470 3660 2538 couji»

2062 2539 2228 2603 ciunt,
2254 2553 2360 2592 etc.

2135 2609 2257 2663 194.
2313 2608 2410 2664 Ubi
2459 2611 2613 2680 posui
2667 2610 3030 2665 continentiam
3076 2611 3130 2665 in
3183 2609 3371 2664 codice
3422 2611 3655 2666 habetur

2060 2683 2447 2736 conscientiam.
2482 2682 2588 2737 Sed
2629 2682 2816 2750 procul
2856 2683 3020 2736 dubio
3053 2681 3336 2752 legendum
3370 2689 3458 2735 est
3497 2683 3660 2735 conti-

2062 2754 2288 2823 nentiam
2319 2771 2332 2806 :
2368 2755 2568 2823 quippe
2594 2752 2662 2808 de
2691 2753 2755 2808 iis
2787 2753 3042 2822 loquitur,
3075 2753 3162 2822 qui
3188 2755 3474 2822 proferunt,
3507 2753 3556 2806 id
3573 2761 3660 2806 est

2056 2819 2306 2889 jactitant
2335 2819 2401 2878 se-
2416 2819 2618 2878 habere
2648 2819 3033 2878 continentiam
3062 2819 3220 2877 :cnm
3256 2819 3432 2876 tamen
3456 2839 3517 2878 ea
3543 2825 3658 2892 ipsa

2060 2893 2390 2948 continentia
2410 2937 2424 2960 ,
2459 2911 2616 2965 quam
2644 2895 2864 2954 habent.
2894 2906 3099 2948 tantum
3127 2893 3290 2965 absit,
3317 2900 3376 2946 ut
3403 2909 3498 2949 eos
3529 2910 3661 2950 vere

2059 2966 2401 3019 continentes
2425 3008 2438 3029 ,
2471 2964 2542 3020 -ut
2581 2967 2756 3036 potius
2785 2967 3005 3020 vitiosos
3045 2964 3275 3026 efﬁciat;
3305 2965 3386 3018 sic
3418 2972 3476 3018 ttt
3501 2965 3661 3019 fomi-

2061 3041 2170 3088 tem
2217 3043 2272 3088 et
2316 3039 2596 3091 materiam
2655 3037 2919 3092 criminum
2951 3037 3199 3090 videatur
3241 3050 3342 3100 ea,
3373 3052 3531 3103 quam
3563 3037 3661 3090 ha-

2061 3103 2188 3158 bent
2208 3110 2562 3174 ccutinentia,
2592 3105 3248 3163 subministrare-Addidi
3274 3121 3458 3161 vocem
3484 3110 3661 3160 crimi-

2057 3192 2181 3228 num
2209 3193 2228 3230 :
2253 3179 2407 3232 deest
2438 3181 2582 3234 enim
2610 3182 2660 3233 in
2689 3180 2906 3242 Codice,
2941 3179 3095 3246 cujus
3118 3181 3192 3232 rei
3223 3181 3504 3232 materiam
3529 3180 3657 3233 sub-

353 3247 546 3302 Adami
587 3242 1007 3304 iuohedientimn
1041 3249 1235 3313 itmnit,
1269 3264 1362 3316 per
1383 3265 1541 3317 quam
1574 3242 1753 3306 mors.
1785 3257 1950 3306 adeo—
1977 3242 2024 3305 C
2057 3248 2324 3304 ministret
2365 3252 2507 3304 larva
2537 3251 2652 3306 hanc
2695 3264 2747 3305 et
2801 3242 3406 3316 species'contineutite.
3437 3249 3544 3305 Sed
3585 3266 3654 3305 ex

352 3333 460 3388 que
491 3321 628 3374 mala
651 3321 830 3374 omnia
859 3319 912 3373 in
937 3320 1197 3373 mundum
1221 3329 1348 3373 sunt
1375 3321 1694 3375 introducta.
1729 3321 1945 3378 Utinam

354 3391 558 3461 reliqua
581 3399 857 3446 exstarent
893 3389 947 3444 in
979 3392 1204 3455 codice,
1251 3406 1372 3460 qua:
1413 3393 1481 3446 de
1521 3392 1710 3447 eadem
1757 3395 1946 3449 Μεηηί

354 3461 715 3516 iltohedientia
745 3461 984 3516 Hilarius
1009 3462 1259 3515 tradidit!
1297 3464 1368 3516 Ea
1414 3477 1542 3516 sane
1582 3465 1905 3520 haberemus
1928 3507 1944 3529 ,

352 3533 550 3598 quibus
579 3550 684 3588 non
719 3535 880 3587 modo
910 3533 1188 3587 Manichaei
1215 3575 1229 3595 ,
1285 3549 1474 3587 verum
1507 3537 1667 3588 etiam
1696 3535 1732 3588 ii
1758 3551 1948 3591 omnes

354 3604 780 3671 revincerentur,
811 3605 900 3674 qui
918 3609 1060 3658 circa
1087 3607 1289 3672 peccati
1314 3607 1575 3672 originem
1601 3617 1943 3661 erraverunt.

353 3675 460 3728 Sed
494 3676 842 3743 intercapedo
867 3679 1100 3729 fortasse
1136 3690 1241 3728 non
1263 3676 1493 3738 modica,
1529 3686 1583 3731 et
1609 3679 1945 3747 subsequen-

353 3748 484 3801 tium
529 3747 832 3802 obscuritas
861 3747 929 3802 ab
961 3747 1365 3800 amanuensium
1405 3748 1609 3801 insritia
1638 3790 1651 3809 .
1709 3762 1758 3801 ut
1795 3762 1940 3815 puto,

353 3821 695 3889 provenieus,
719 3820 1146 3874 emolumentum
1174 3821 1272 3870 hoc
1293 3818 1448 3872 nobis
1463 3819 1706 3873 deinunt.
1733 3820 1844 3873 Duo
1868 3832 1948 3874 ta-

353 3905 476 3960 men
501 3898 688 3945 notare
713 3905 879 3960 apere
922 3891 1152 3960 pretium
1193 3904 1314 3944 reor
1343 3907 1355 3941 :
1389 3890 1592 3944 scilicet
1619 3891 1944 3945 sententiam

354 3959 502 4016 illam
536 3964 723 4030 :jnxta
754 3959 949 4016 bonum
977 3959 1171 4014 malum
1191 3971 1286 4019 est.
1311 3960 1634 4029 ip~issimam
1665 3977 1788 4016 esse
1817 3963 1947 4030 (nisi

353 4035 510 4100 plane
557 4034 812 4101 fallimur)
858 4043 1028 4103 atque,
1066 4047 1205 4103 eam,
1253 4048 1374 4101 quae
1419 4033 1611 4103 legitur
1660 4035 1709 4086 in
1757 4035 1945 4087 Eccle-

351 4105 567 4159 siastico
600 4104 755 4174 (Cap.
787 4119 935 4162 “ut,
967 4102 1058 4167 15)
1089 4123 1099 4155 :
1133 4102 1324 4157 Contra
1348 4102 1532 4156 bonum
1559 4106 1750 4157 ntalum
1779 4115 1875 4171 est,
1900 4116 1945 4158 et

351 4185 528 4228 contra
564 4189 779 4231 mortem
817 4177 919 4228 vita
949 4191 968 4228 .'
1001 4174 1092 4228 Sic
1131 4186 1175 4226 et
1203 4183 1378 4228 contra
1408 4178 1571 4229 virum
1598 4178 1790 4237 iustum
1831 4192 1942 4247 pec-

349 4257 508 4300 cator.
536 4248 779 4303 Alterum
814 4264 829 4301 :
857 4248 1074 4308 nesciri,
1100 4247 1164 4298 ad
1198 4262 1354 4314 quem
1383 4249 1539 4300 lim-nt
1574 4248 1849 4300 all'eratur.
1880 4253 1950 4301 At

349 4334 534 4371 eorum
564 4363 574 4380 ,
611 4335 732 4389 quae
778 4329 1102 4389 sequuntur,
1137 4334 1241 4371 non
1281 4320 1440 4372 modo
1481 4327 1678 4372 metam
1711 4360 1722 4380 ,
1759 4335 1944 4372 verum

347 4390 509 4444 etiam
553 4387 772 4444 sensum
813 4392 968 4457 plane
1011 4387 1318 4458 ignoramus
1363 4408 1376 4444 :
1419 4389 1776 4459 quinetiam,
1807 4405 1943 4454 quo-

352 4462 491 4514 niam
525 4466 712 4516 vitiosa
746 4460 1116 4530 proculdubio
1137 4475 1322 4514 eorum
1351 4463 1511 4516 lectio
1535 4471 1636 4524 est,
1675 4459 1947 4515 nescimus

350 4533 538 4602 plane,
587 4549 818 4603 quanam
862 4534 1072 4603 ratione
1115 4531 1389 4603 emendari
1427 4547 1486 4585 ea
1540 4533 1768 4603 possint.
1813 4531 1944 4603 Quis

346 4601 489 4658 enim
521 4601 949 4687 fth‘le-filltclltlt‘l
983 4602 1140 4687 ll‘tljlls
1173 4602 1313 4656 mmli
1343 4604 1502 4657 verba
1539 4619 1551 4654 :
1585 4601 1650 4654 Et
1675 4618 1788 4670 qua:
1809 4602 1942 4687 (vel,
1971 4627 2026 4687 D

349 4685 395 4730 et
423 4677 587 4744 quod;
621 4680 701 4731 vel
728 4719 741 4732 .
770 4685 816 4728 et
843 4674 1030 4745 quant)
1066 4675 1110 4726 si
1138 4690 1387 4742 nusquam
1412 4685 1772 4738 comparentur
1803 4673 1901 4727 sibi
1925 4716 1938 4740 ,

347 4747 465 4800 boni
485 4750 645 4802 tutela
665 4747 931 4801 servatur?
955 4760 1279 4814 quamquam
1309 4747 1740 4808 subodoramttr,‘
1771 4747 1941 4799 tradi-

346 4819 493 4873 disse
525 4820 609 4873 hic
653 4820 910 4873 llilaritnn
955 4834 1058 4872 non
1082 4818 1332 4883 compelli
1360 4832 1683 4886 quamquam
1723 4815 1789 4868 ad
1832 4833 1944 4869 ma-

346 4890 454 4944 lunt
481 4932 496 4955 ,
545 4892 638 4945 sed
684 4893 738 4945 in
769 4902 952 4944 nostra
999 4903 1120 4942 esse
1165 4896 1428 4958 potestate
1466 4887 1786 4957 probitatem
1827 4903 1944 4941 am-

345 4963 509 5032 plecti
534 5005 548 5026 ,
586 4977 641 5017 et
671 4964 721 5016 in
755 4978 814 5012 ea
846 4959 1136 5032 persistere
1161 5002 1174 5023 ,
1220 4959 1529 5032 vindicante
1560 4958 1810 5032 nimirum
1842 4975 1940 5013 nos

344 5031 412 5086 ah
443 5034 732 5093 illeci-bris.
765 5045 816 5088 et
848 5031 1238 5086 tentationibus
1261 5031 1437 5084 divina
1471 5031 1662 5097 gratia,
1696 5043 1796 5098 qua
1825 5031 1941 5099 qut—

343 5105 467 5158 dein
497 5107 744 5174 protecti.
773 5107 906 5158 bona
929 5102 1090 5174 tutela
1112 5118 1372 5155 sereamur
1405 5117 1424 5174 ξ
1451 5119 1570 5160 seu.
1600 5104 1642 5156 si
1679 5117 1779 5174 vos,
1813 5100 1941 5155 boni

345 5173 566 5231 tutelam
608 5190 889 5233 servamus
919 5191 929 5224 τ
963 5173 1016 5227 id
1045 5181 1167 5237 est,
1203 5189 1310 5227 non
1345 5173 1701 5243 relinquimus
1740 5173 1939 5228 bonum

342 5248 484 5318 quod
518 5251 749 5315 amplexi
779 5249 892 5316 jam
925 5243 1144 5318 fuimus.

420 5319 542 5374 190.
589 5314 990 5376 Continentiam
1041 5317 1127 5368 hic
1173 5315 1434 5370 latissime
1476 5317 1641 5370 sumit
1685 5314 1939 5370 Hilarius.

343 5392 672 5446 Aviditatetn
729 5407 860 5446 vero
907 5402 1003 5460 pro
1060 5386 1758 5460 desiderioardentissimo
1807 5402 1940 5460 ope-

343 5464 499 5516 ramli
541 5465 681 5519 bona
712 5462 924 5533 accipit.
962 5458 1038 5513 De
1066 5459 1398 5514 continentia
1424 5457 1642 5527 copiose
1671 5474 1793 5512 mox
1826 5457 1941 5512 dis-

340 5546 495 5590 serit.

423 5605 547 5661 191.
577 5607 705 5662 Post
729 5621 914 5662 vocem
938 5609 1176 5677 conferre
1205 5602 1435 5656 fortasse
1457 5600 1604 5656 deest
1640 5616 1740 5656 vox
1768 5616 1957 5677 sermo:

343 5693 487 5732 nent.
525 5678 661 5733 Hinc
693 5679 742 5733 in
779 5671 1073 5748 EVangclip
1104 5695 1117 5730 :
1145 5689 1423 5740 sermones,
1448 5689 1576 5745 quos
1611 5674 1854 5743 confertis
1880 5671 1949 5725 ad

2053 3331 2216 3391 sensu
2258 3330 2442 3391 utique
2469 3332 2720 3386 constat,
2751 3321 3002 3376 vitiorum
3062 3322 3458 3390 criminumque
3486 3331 3656 3376 mate-

2055 3390 2190 3443 riam
2217 3394 2286 3444 ah
2305 3390 2370 3446 ea
2391 3393 2810 3448 subministrari.

2125 3460 2248 3516 195.
2289 3462 2386 3518 Ubi
2428 3467 2579 3529 posui
2613 3483 2626 3518 :
2654 3481 2769 3518 cum
2803 3467 2975 3533 utique
3007 3464 3117 3517 haec
3154 3460 3482 3533 prtesecanda
3507 3463 3609 3516 sint
3635 3505 3649 3530 ,

2053 3531 2105 3604 i_u
2138 3533 2324 3604 codice
2363 3535 2589 3604 legitur,
2618 3531 2925 3604 cumulique
2967 3533 3078 3588 lucc
3121 3532 3489 3604 perseverantia
3525 3536 3651 3588 sint.

2050 3601 2156 3675 Sed
2197 3605 2318 3672 quis
2357 3601 2612 3660 id'l'erat?
2652 3607 2708 3662 Si
2757 3601 3089 3675 probabilius
3122 3601 3380 3660 emendet
3409 3602 3608 3658 Lector
3635 3610 3674 3671 ,'

2054 3673 2196 3746 illius
2217 3677 2652 3746 emendationem
2675 3673 2925 3746 equidem
2953 3677 3285 3746 approbabo.

2126 3744 2244 3798 196.
2289 3745 2344 3800 lu
2386 3747 2548 3816 priori
2593 3750 2679 3803 illa
2711 3743 3245 3801 sententiaimultas
3289 3743 3367 3798 vel
3397 3743 3648 3813 plurimos

2050 3816 2126 3868 sic
2157 3817 2390 3888 ﬂagrare
2419 3821 2798 3888 cupiditate...
2828 3819 2960 3871 sicut
2990 3818 3157 3872 exitus
3181 3817 3357 3879 docet,
3393 3818 3646 3872 nonnulla

2051 3891 2235 3956 procul
2268 3889 2435 3942 dubio
2474 3892 2688 3944 desunt.
2733 3889 2840 3945 Sed
2887 3903 3120 3959 quanam
3160 3889 3370 3942 ratione
3397 3900 3459 3940 ea
3498 3903 3648 3958 repa-

2051 3973 2188 4023 rem,
2209 3960 2381 4031 plane
2412 3961 2621 4031 ignoro.
2653 3961 3066 4031 Sensustamen
3096 3961 3420 4013 omissorum
3440 3961 3648 4031 verbo—

2051 4045 2168 4084 rum
2206 4030 2290 4086 hic
2337 4029 2500 4087 fuisse
2534 4033 2746 4087 videtur
2789 4049 2802 4085 :
2855 4029 3049 4084 Multos
3089 4031 3166 4085 vel
3195 4033 3363 4098 potius
3394 4029 3644 4098 plurimos

2049 4102 2123 4154 sic
2165 4105 2387 4172 ﬂagrare
2423 4103 2712 4164 cupiditate
2755 4107 3132 4167 comperimus;
3175 4112 3229 4156 ut
3266 4120 3298 4154 a
3337 4102 3641 4169 uirginibus,

2048 4174 2350 4241 quibuscum
2381 4175 2789 4244 familiarissime
2827 4174 3031 4239 vivunt,
3071 4175 3224 4227 avelli
3266 4173 3645 4244 nullaratione

2048 4246 2286 4314 possint:
2314 4242 2464 4312 atque
2505 4247 2560 4298 id
2584 4245 2788 4314 quidem
2835 4255 3039 4299 eventus
3075 4245 3219 4298 docet
3254 4260 3272 4298 :
3309 4242 3491 4297 etenim
3529 4245 3646 4296 uni-

2049 4330 2192 4369 versa
2223 4333 2487 4376 poenarum
2515 4334 2723 4388 genera,
2756 4325 2862 4371 etc.
2888 4315 2944 4370 lo
2975 4317 3158 4388 codice
3194 4316 3409 4385 legitur,
3437 4323 3524 4366 aut
3549 4317 3644 4367 sub

2049 4401 2154 4440 uno
2183 4388 2364 4441 cubent
2404 4386 2554 4442 tecto.
2601 4388 2657 4444 Si
2688 4389 2738 4442 in
2773 4398 2929 4459 typos
2967 4386 3186 4456 irrepsit
3243 4403 3344 4440 vos
3409 4396 3454 4440 et
3479 4425 3493 4450 ,
3525 4401 3645 4440 eam

2049 4459 2298 4514 emendet
2328 4461 2541 4515 Lector.

2124 4530 2248 4584 197.
2286 4529 2633 4605 Interdictum
2675 4533 2930 4605 majorum
2970 4538 3130 4605 natu;
3179 4528 3228 4584 id
3247 4537 3360 4591 cst,
3393 4527 3648 4605 sacerdo-

2054 4611 2186 4674 tum,
2217 4617 2352 4672 quos
2379 4597 2806 4674 presbyterorum,
2840 4615 2939 4655 sm
2957 4604 3214 4674 majorum
3234 4611 3356 4654 natu
3385 4597 3648 4651 vocabulo

2051 4673 2364 4728 honestatos
2395 4688 2458 4727 ex
2505 4672 2675 4728 sacris
2715 4675 2852 4744 ipsis
2876 4672 3054 4726 bibliifs
3097 4673 3346 4724 novimus
3394 4687 3406 4722 :
3440 4678 3530 4721 aut
3560 4683 3648 4721 se-

2050 4747 2262 4800 niorum
2302 4755 2460 4799 astate
2485 4786 2498 4808 ,
2539 4762 2766 4814 quorum
2797 4756 2983 4813 utpote
3015 4744 3293 4814 prudentia
3321 4782 3336 4805 ,
3367 4749 3432 4814 et
3463 4755 3641 4794 rerum

2049 4818 2378 4883 experientia
2425 4811 2794 4884 praestantiora
2825 4811 3118 4870 auctoritas
3157 4813 3209 4866 in
3235 4811 3498 4884 Ecclesia
3537 4827 3645 4884 non

2049 4881 2178 4942 levis
2207 4899 2320 4944 erat
2352 4905 2364 4941 :
2389 4881 2439 4942 hi
2460 4888 2628 4953 enim,
2651 4887 2844 4958 quibus
2876 4886 3089 4940 licentia
3118 4885 3185 4937 ab
3209 4883 3410 4938 Hilario
3434 4881 3521 4936 hic
3550 4883 3644 4936 de-

2047 4961 2246 5029 scripta
2287 4960 2409 5034 jure
2449 4959 2753 5034 meritoque
2782 4958 3154 5034 displicebat,
3187 4964 3445 5034 quantum
3479 4963 3644 5032 pote-

2047 5027 2186 5105 rant.
2215 5027 2507 5092 cauebant,
2529 5103 2534 5105 _
2554 5048 2621 5084 tte
2656 5027 2898 5099 Virgines
2927 5029 3143 5082 Christo
3171 5027 3363 5105 dicata:
3395 5027 3523 5077 viris
3546 5040 3640 5105 co-

2051 5100 2413 5178 habitarent_,_
2431 5103 2709 5170 multoque
2748 5097 2916 5178 magis
2947 5117 3015 5154 ne
3047 5115 3154 5178 uno
3187 5097 3385 5153 lectulo
3416 5110 3544 5178 eum
3580 5097 3647 5176 iis

2048 5173 2329 5247 degerent.
2369 5172 2652 5247 Hoc__s.ine
2699 5189 2802 5226 non
2855 5175 2984 5247 leve
3015 5172 3214 5225 malum
3254 5171 3486 5247 vetustis
3515 5171 3649 5247 ipsis

2050 5238 2384 5319 temporibus
2412 5243 2546 5319 vidit
2572 5285 2586 5308 ,
2625 5245 3014 5319 et-reprobavit
3033 5283 3047 5306 ,
3077 5245 3412 5319 summisque
3439 5238 3648 5319 viribus

2049 5317 2285 5369 eVellere
2308 5315 2550 5370 Ecclesia
2576 5315 2799 5370 studuit.
2832 5315 3006 5370 Pauca
3033 5314 3099 5368 ad
3123 5315 3431 5381 exemplum
3456 5314 3646 5381 inuito.

2047 5386 2285 5460 Consule
2311 5387 2490 5460 itaque
2545 5402 2653 5460 uti
2669 5384 2948 5460 iCyprjapi
2967 5379 3430 5460 epistolam—qum
3454 5381 3506 5434 ln
3530 5379 3649 5460 edi-

2053 5459 2199 5514 tione
2231 5451 2433 5513 Balttzii
2461 5451 2778 5512 inscribitur
2801 5455 2864 5510 de
2886 5454 3184 5525 Virginibus
3206 5452 3274 5507 ad
3305 5451 3651 5525 Pomponium

2059 5531 2203 5603 (pag.
2244 5529 2352 5585 219
2385 5527 2631 5603 edition.
2664 5527 2906 5603 Venet),
2943 5521 3124 5603 iti‘qua
3164 5525 3379 5603 quidem
3412 5521 3648 5603 epistola

2057 5593 2176 5672 haec
2207 5599 2506 5670 prase'rtim
2535 5611 2693 5654 noles
2723 5593 2880 5652 velim
2915 5614 2930 5672 ξ
2961 5593 3468 5672 sPrimojgiturﬂip
3492 5593 3648 5672 loco,

2057 5659 2223 5727 frater
2259 5672 2571 5737 carissime,
2603 5678 2657 5725 et
2698 5667 3026 5739 praepositis,
3057 5674 3114 5720 et
3161 5659 3299 5734 plebi
3337 5662 3470 5716 nihil
3503 5659 3650 5716 aliud

420 5858 498 5931 (a)
543 5858 813 5928 Ofﬁciales
838 5861 950 5929 ejus
993 5855 1278 5929 (consulis)
1311 5853 1596 5909 Provinciae
1631 5852 1942 5924 Aquitanica.
1969 5853 2215 5924 lnse'ript.
2245 5854 2397 5908 Grut.
2433 5869 2550 5924 pag.
2583 5852 2708 5914 422.
2737 5870 2789 5906 n.
2821 5837 2871 5905 7.
