4248 6258
584 317 688 374 827

1311 312 1373 368 lN
1415 311 1672 368 lllLARll
1739 311 1951 367 EPIST.
1997 310 2129 370 SEU
2170 309 2388 369 LIBRI“
2437 311 2897 370 DISSERTATIO
2930 314 3158 373 PRIMA.

3783 327 3883 381 8-2;

582 451 769 492 vcztnn
794 450 916 491 esse
941 435 1017 506 (et
1047 447 1180 488 sane
1208 430 1252 485 si
1285 431 1514 501 rigores:
1544 429 1834 500 loquimur,
1869 430 2048 502 angeli
2086 445 2182 485 no-
2209 435 2257 492 Α
2285 440 2448 500 atque
2473 443 2670 486 ornare
2699 432 2952 498 voluisse,
2989 433 3059 489 ob
3092 447 3318 507 eamque
3347 449 3562 493 causam
3612 441 3666 494 et
3711 453 3885 495 aerem

583 525 689 594 bis,
717 535 774 582 et
795 526 918 583 cteli
945 524 1172 579 minime
1197 521 1529 589 inserviunt;
1559 533 1689 578 saxa
1716 537 1956 594 quoque,
1984 533 2038 578 et
2067 537 2178 578 me-

583 622 732 688 talla,
761 630 818 676 et
865 618 1100 674 inanima
1145 615 1352 689 qumvis
1400 615 1556 672 nobis
1591 633 1698 672 non
1747 619 2070 681 inserviunt,
2104 627 2183 673 ta-

582 713 744 770 metsi
773 714 838 768 iis
860 721 1094 778 utamur,
1125 718 1183 766 et
1201 711 1370 766 nostri
1396 725 1557 766 causa
1579 709 1691 765 sint
1709 707 1971 781 condita).
1992 709 2180 778 Addit,

583 807 636 864 id
667 808 842 875 ipsum
868 848 883 874 ,
931 804 1077 876 quod
1133 805 1186 859 in
1225 801 1551 859 Christianis
1585 804 1774 860 Celsus
1822 803 2118 875 redarguit,
2152 819 2180 857 a

584 899 786 956 GI'il'CiS
811 896 978 954 fuisse
1009 896 1285 962 traditum,
1319 913 1415 952 nec
1435 904 1614 954 tamen
1646 913 1765 954 eam
1791 897 1860 952 ob
1881 913 1993 954 rem
2018 895 2185 954 fuisse

586 991 973 1061 reprehensos.
1011 991 1299 1060 Perperam
1340 992 1519 1060 itaque
1543 991 1592 1044 id
1627 992 1678 1045 in
1706 991 2028 1045 Christianis
2055 1005 2181 1046 eon-

585 1084 829 1141 detnnari
862 1099 890 1138 a
917 1083 1101 1139 Celso.
1128 1081 1236 1139 Sed
1265 1091 1480 1152 praestat
1521 1087 1635 1154 ipsa
1690 1085 1938 1155 Origenis
1979 1084 2138 1138 verba
2165 1127 2180 1152 ,

585 1189 745 1253 prout
775 1181 827 1234 iu
861 1179 1099 1236 editione
1138 1177 1436 1234 doctissimi
1465 1179 1642 1235 Caroli
1675 1179 1742 1235 de
1775 1177 1827 1233 la
1859 1179 1974 1234 Rue
2003 1179 2188 1234 latini-

587 1284 698 1331 tate
723 1275 922 1330 donata
954 1285 1099 1341 sunt,
1122 1275 1359 1344 allegare
1385 1289 1430 1327 :t
1457 1273 1832 1330 AdditCelsus
1847 1289 1945 1329 nos
1961 1274 2181 1329 dicere:

592 1369 781 1424 Omnia
833 1369 978 1423 nobis
1022 1368 1214 1422 seruire
1245 1371 1392 1438 justo
1416 1377 1554 1421 sunt.
1577 1366 1831 1422 Fortasse
1855 1367 2130 1422 neminem
2155 1379 2188 1421 e

588 1463 790 1520 nostris
847 1461 1183 1532 sapientibus
1249 1461 1372 1516 talia
1438 1461 1621 1516 dicere
1656 1461 1927 1517 audivit...
1984 1460 2187 1516 Deinde

587 1571 708 1611 cum
741 1555 916 1612 Graeci
938 1554 1121 1612 dicunt
1151 1552 1364 1626 (Eurip.
1389 1555 1444 1608 in
1471 1553 1754 1625 Pltamiu.)
1780 1573 1793 1608 :

841 1656 944 1720 Sol,
971 1664 1090 1719 nm,
1114 1663 1325 1718 uterque
1350 1657 1571 1705 serviunt
1604 1655 1911 1716 mortalibus,

592 1745 792 1800 dictum
812 1743 1064 1810 laudant,
1092 1751 1146 1798 et
1169 1741 1574 1797 commentariis
1592 1741 1884 1796 illustrant.
1917 1739 2062 1796 Idem
2091 1757 2187 1798 nos

2287 523 2618 590 volucribus,
2643 535 2696 578 ct
2719 530 2865 581 mare
2888 526 3143 595 piscibus,
3167 538 3218 584 et
3237 534 3435 584 terram
3453 529 3890 602 quadrupedibus

2286 617 2587 687 implevit.)
2621 616 2691 672 Et
2721 617 3083 692 rursus(Cap.
3118 621 3240 688 tt):
3267 640 3286 674 t
3321 623 3596 694 Sequitur.
3626 633 3686 680 ut
3709 633 3890 682 osten-

2285 708 2434 776 dam,
2465 725 2562 764 cur
2593 708 2783 765 fecerit
2828 711 3100 767 hominem
3151 713 3322 782 ipsum
3352 714 3490 770 Deus
3521 732 3536 780 ;
3567 716 3714 772 sicut
3737 733 3890 773 mttu-

2287 799 2416 858 dum
2464 811 2681 874 propter
2729 799 3002 859 hominem
3050 805 3393 880 machinatus
3439 815 3543 868 est.
3597 809 3668 863 ita
3713 811 3890 880 ipsum

2289 903 2512 965 pr0pter
2539 911 2620 959 se,
2655 903 2909 964 tanquam
2945 877 3114 952 divini
3150 899 3330 968 templi
3379 900 3702 969 antistitem,
3731 917 3894 974 spec-

2290 995 2519 1042 tatorem
2551 1003 2776 1059 operum
2806 1001 3094 1060 rerumque
3115 993 3435 1048 caelestium.
3471 1011 3492 1046 ι

2341 1081 2415 1137 -6.
2447 1081 2564 1137 Sed
2609 1084 2945 1139 omittendus
2999 1097 3108 1139 nou
3160 1079 3619 1156 est'Greg'oi'ius;
3689 1089 3893 1160 quippe

2290 1173 2700 1245 expressissime
2731 1175 2780 1231 id
2810 1176 2877 1232 de
2898 1193 3006 1246 quo
3033 1180 3260 1248 agimus,
3287 1181 3448 1234 tradit
3476 1177 3660 1250 (Hom.
3680 1195 3812 1235 xxix
3837 1183 3894 1236 in

2291 1266 2492 1338 Euang.
2521 1285 2576 1323 η.
2616 1267 2676 1338 2)
2707 1287 2720 1321 :
2753 1267 2855 1323 Ille
2882 1268 3115 1324 videlicet
3137 1269 3362 1342 (inquit)
3401 1273 3612 1325 ducant!
3638 1313 3652 1336 ,
3683 1282 3899 1344 propter

2289 1361 2541 1431 quemiu
2587 1363 2721 1416 tertio
2777 1373 2960 1418 cuncta
3002 1373 3170 1417 creata
3202 1375 3318 1418 sunt
3349 1363 3444 1438 (de
3468 1363 3685 1420 homine
3731 1379 3898 1436 porro

2291 1451 2381 1506 ille
2420 1451 2700 1526 loquitur).
2726 1453 2900 1520 Adde,
2927 1455 2970 1508 si
2999 1455 3103 1520 vis,
3136 1453 3464 1512 Bernardum
3501 1453 3522 1528 (
3551 1456 3718 1512 Serm.
3765 1474 3781 1512 ι
3832 1458 3901 1512 de

2290 1541 2476 1597 divers.
2513 1561 2568 1600 ιι.
2587 1543 2682 1617 76),
2709 1557 2765 1601 et
2793 1547 3114 1617 scriptorem
3157 1549 3320 1602 libelli
3351 1591 3364 1612 ,
3393 1550 3482 1619 qui
3507 1551 3778 1604 instructio
3804 1566 3898 1604 su-

2292 1640 2554 1691 cerdotnm
2583 1639 2873 1706 inscriptus
2890 1648 3280 1711 est,exstatqne
3298 1641 3438 1696 inter
3459 1641 3713 1697 Bernardi
3731 1657 3898 1711 Opera

2293 1725 2504 1797 (Exstat
2524 1727 2844 1799 p.585tom.
2877 1745 2933 1784 nt
2965 1732 3087 1786 edit.
3133 1731 3300 1786 Venet.
3341 1729 3483 1788 Matt.
3513 1749 3597 1787 an.
3635 1734 3824 1803 1727.)

590 1839 705 1895 sive
728 1854 834 1893 non
855 1836 1119 1901 dicamus,
1150 1835 1264 1890 sive
1304 1835 1423 1890 aliis
1460 1833 1641 1891 verbis
1672 1834 1937 1900 dicamus,
1969 1836 2189 1904 perinde

2366 1822 2418 1876 7.
2463 1821 2532 1878 Ει
2570 1823 2620 1877 id
2663 1839 2795 1879 sane
2837 1824 2981 1896 quod
3014 1825 3072 1879 bi
3115 1826 3367 1892 tradunt,
3405 1827 3562 1883 valde
3603 1828 3904 1897 probabilis

591 1941 676 1990 est
703 1932 881 1996 Celse,
903 1941 963 1986 ut
989 1930 1144 1986 nobis
1171 1929 1601 1984 intendatlitem.
1619 1947 1640 1981 ι
1675 1928 1900 1984 Notatur
1931 1939 2108 1986 autem
2139 1932 2191 1986 in

591 2023 854 2094 margine.
896 2020 1197 2077 Graecorum
1250 2021 1467 2076 nomine
1515 2021 1851 2093 designatum
1909 2022 2073 2078 fuisse
2126 2023 2193 2078 ab

590 2117 814 2190 Origine
857 2117 1188 2186 Euripidem,
1213 2115 1365 2186 cujus
1383 2116 1436 2170 in
1461 2113 1759 2171 Phoenissis
1780 2117 2076 2172 versiculus
2105 2117 2194 2172 ille

591 2220 695 2264 est.
721 2208 778 2263 ln
802 2208 951 2262 calce
979 2223 1141 2278 porro
1170 2207 1378 2276 paginae
1415 2207 1642 2262 affertur
1665 2208 1874 2278 integer
1922 2208 2194 2279 Euripidis

594 2304 746 2358 locus
769 2314 879 2358 tum
907 2301 1117 2370 Graece,
1153 2311 1263 2357 tum
1307 2301 1571 2357 latinitate
1613 2301 1884 2358 donatus:
1912 2303 1990 2358 sic
2034 2318 2194 2374 porro

593 2395 687 2452 ille
709 2409 770 2451 se
796 2393 956 2450 habet
981 2412 994 2447 :

687 2489 1056 2559 Qbscuramque
1080 2488 1367 2559 palpebram
1386 2488 1562 2551 noctis,
1601 2495 1653 2559 et
1684 2486 1856 2559 lumen
1874 2487 2031 2559 solis,
2074 2548 2085 2559 .

688 2552 754 2602 Ut
777 2550 1038 2614 mqualiter
1057 2550 1326 2614 circuirent
1343 2563 1556 2599 annuum
1581 2551 1817 2614 circulum
1841 2550 2147 2614 (constituit).

686 2614 749 2665 Et
772 2611 998 2664 neutrum
1027 2613 1198 2664 horum
1221 2613 1429 2662 duorum
1450 2615 1629 2662 rictum
1653 2611 2038 2675 invidet'alteri,

688 2679 854 2740 Atque
879 2677 947 2725 ita
972 2675 1061 2735 sol,
1085 2682 1140 2726 et
1162 2685 1256 2726 nux
1277 2677 1502 2725 serviunt
1521 2665 1820 2735 hominibus,
1848 2684 1944 2724 etc.

666 2785 718 2839 4.
747 2783 1034 2853 Origenem
1067 2782 1430 2852 subsequatur
1457 2782 1804 2852 Augustinus.
1839 2781 2050 2837 Etenim
2077 2797 2199 2852 pro-

594 2878 770 2948 posita
800 2875 901 2929 sibi
934 2875 998 2928 ad
1027 2873 1344 2930 solvendum
1377 2873 1478 2929 hac
1502 2873 1810 2944 quzestlone
1831 2871 1908 2946 (tt)
1944 2888 1958 2928 :
2013 2872 2200 2929 Utrum

596 2971 768 3024 omnia
793 2971 845 3023 in
875 2969 1149 3025 utilitatem
1176 2968 1442 3022 hominum
1471 2978 1642 3022 creata
1671 2969 1801 3032 sint,
1835 2967 2198 3024 affirmantem

595 3070 800 3132 partem
830 3061 1192 3130 amplectitur,
1241 3071 1296 3116 et
1327 3061 1392 3113 ad
1435 3059 1574 3114 hunc
1598 3059 1816 3114 modum
1845 3048 2196 3130 qtttestionetn

594 3153 906 3209 concludit:
943 3153 1130 3208 Omnia
1158 3169 1300 3224 ergo,
1334 3167 1450 3224 qua:
1494 3153 1630 3222 facta
1671 3163 1811 3219 sunt,
1833 3155 1889 3208 in
1927 3171 2074 3209 unum
2101 3154 2200 3209 Ita.

2294 1919 2436 1972 ratio
2477 1918 2633 1972 nobis
2663 1919 2993 1986 persuadere
3021 1919 3251 1975 videtur.
3287 1921 3498 1975 Etenim
3537 1929 3590 1976 et
3630 1933 3901 1992 praestan-

2297 2008 2502 2064 tissima
2533 2019 2902 2088 crcatttrarttm
2930 2011 3168 2066 omnium
3201 2027 3323 2068 esse
3355 2013 3569 2070 videtur
3599 2015 3785 2080 homo,
3812 2016 3904 2072 cui

2295 2103 2490 2157 merito
2533 2113 2724 2157 cuncta
2774 2104 3107 2171 inserviunt,
3157 2115 3212 2159 ut
3255 2105 3610 2177 subsequenti
3639 2107 3904 2164 disserta-

2295 2195 2444 2248 tione
2475 2194 2614 2249 baud
2659 2195 3010 2266 indiligenter
3043 2198 3361 2264 ostendam;
3392 2207 3448 2254 et
3493 2201 3624 2254 nihil
3659 2201 3907 2256 indicare

2295 2301 2358 2342 ex
2395 2288 2458 2340 iis
2484 2329 2497 2351 ,
2530 2303 2650 2358 quae
2681 2289 2823 2342 facta
2851 2299 3010 2357 sunt,
3042 2292 3328 2361 quisquam
3371 2293 3598 2362 poterit,
3627 2293 3771 2364 quod
3807 2293 3907 2347 lto-

2295 2379 2425 2434 tnini
2458 2380 2589 2436 utile
2618 2381 2804 2450 aliqua
2829 2383 3040 2438 ratione
3071 2398 3178 2439 non
3209 2386 3298 2439 sit.

2368 2472 2422 2528 8.
2466 2472 2599 2529 Novi
2635 2476 2883 2546 equidem
2908 2519 2923 2542 ,
2965 2477 3084 2532 haec
3115 2479 3166 2532 in
3209 2477 3435 2533 dubium
3466 2479 3646 2535 vocari
3676 2481 3742 2536 ab
3766 2484 3910 2537 Ata-

2297 2566 2555 2634 dcmicis,
2603 2567 2928 2639 irriderique
2979 2569 3047 2624 ab
3112 2571 3413 2640 Epicureis.
3468 2571 3578 2629 Sed
3633 2567 3908 2629 immerito

2300 2671 2592 2731 utrumque
2623 2659 2736 2715 ﬂeri
2766 2660 2813 2716 is
2836 2661 3112 2728 fatebitur,
3145 2664 3233 2733 qui
3262 2677 3452 2719 eorum
3477 2665 3793 2734 expenderit
3820 2683 3908 2721 ar-

2301 2767 2560 2826 gumenta
2587 2774 2598 2809 :
2625 2772 2744 2826 quae
2766 2768 3055 2827 propterea
3078 2757 3360 2812 audiamus
3380 2767 3612 2828 oportet.
3631 2759 3721 2815 Sic
3742 2775 3912 2832 porro

2301 2847 2340 2903 ii
2363 2849 2673 2918 disputant:
2701 2848 2783 2905 An
2801 2850 2848 2906 si
2877 2850 3111 2906 hominis
3141 2867 3301 2908 causa
3327 2854 3536 2922 reliqua
3561 2865 3747 2911 essent
3775 2871 3914 2911 con-

2303 2941 2434 3004 dita,
2463 2943 2703 2996 omnium
2729 2941 3086 2999 animantium
3115 2947 3479 3002 miserrimum
3509 2947 3778 3004 hominem
3815 2965 3916 3004 na-

2305 3043 2426 3089 tura
2479 3034 2790 3090 effecisset?
2836 3037 3004 3092 Porro
3053 3038 3234 3094 effecit
3288 3038 3692 3109 miserrimum,
3745 3041 3916 3112 idque

2303 3127 2460 3194 adeo,
2494 3141 2551 3183 ut
2593 3131 2770 3201 palam
2806 3138 3021 3186 constet
3065 3131 3382 3204 despectum
3415 3148 3635 3203 prorsos
3679 3135 3851 3190 fuisse
3883 3153 3915 3192 a

597 3248 750 3302 minis
779 3248 920 3315 facta
945 3258 1084 3312 sunt,
1116 3220 1238 3316 quia
1283 3220 1514 3302 omnibus
1542 3248 1706 3302 utitur
1720 3249 2012 3320 judicme
2042 3251 2198 3318 ratio,
2226 3225 2271 3290 Ο
2307 3220 2442 3320 Pe?’
2472 3223 2606 3288 δῖνον
2641 3233 2938 3320 "Veteres
2966 3225 3146 3279 dicere
3175 3235 3602 3320 99¹¹⁵¹¹θνθτ³¹¹¹ο
3635 3241 3666 3280 ³
3694 3237 3912 3282 "amm'

595 3357 712 3412 quia
735 3341 932 3396 homini
957 3341 1083 3397 data
1107 3352 1200 3397 est.

765 3434 1102 3491 Lactantiutn
1129 3436 1434 3506 Augustino
1449 3437 1834 3508 adjungamus;
1855 3437 2065 3510 Quippe
2085 3438 2204 3494 haec

598 3528 671 3581 it
695 3527 793 3600 (De
818 3528 898 3582 ira
931 3526 1054 3592 Dei,
1082 3544 1197 3600 cap.
1233 3529 1348 3598 l3)
1388 3546 1401 3582 :
1445 3548 1462 3580 t
1499 3528 1690 3584 Omnia
1729 3530 1922 3600 quibus
1961 3538 2197 3596 constat,

595 3635 821 3690 qumque
844 3603 1068 3691 generat
1097 3635 1163 3676 ex
1194 3637 1253 3677 se
1293 3621 1540 3688 Mundus,
1592 3622 1659 3677 ad
1705 3623 1992 3679 utilitatem
2033 3624 2202 3679 solius

596 3709 829 3767 hominis
859 3712 1260 3767 accommodata
1286 3721 1432 3767 sunt.
1451 3713 1800 3768 Homoutitur
1821 3715 1942 3786 igne
1962 3716 2028 3768 ad
2043 3729 2198 3770 usum

596 3804 944 3861 calefaciendi
977 3845 993 3871 ,
1023 3814 1078 3860 et
1107 3806 1326 3862 luminis
1380 3816 1434 3862 et
1480 3808 1886 3875 eoqttendorum
1931 3809 2198 3874 ciborum,

599 3896 837 3964 ferrique
867 3896 1189 3954 fabricandi.
1224 3899 1403 3955 Utitur
1443 3899 1680 3956 fontibus
1718 3901 1784 3955 ad
1816 3911 2022 3971 potum,
2050 3912 2106 3958 et
2133 3901 2199 3958 ad

598 3987 811 4044 lavacra
841 4007 854 4044 :
882 3989 1194 4046 ﬂuminibus
1240 3991 1308 4046 ad
1353 4003 1514 4063 agros
1556 3993 1877 4062 irrigandos,
1904 3995 2200 4049 terminano

597 4079 802 4152 dasque
826 4084 1094 4152 regiones.
1132 4083 1308 4140 Utitur
1338 4095 1480 4140 terra
1534 4085 1600 4139 ad
1645 4086 2043 4156 percipiendam
2085 4087 2199 4142 fru-

597 4189 721 4245 gum
755 4176 1089 4243 varietatem,
1113 4177 1342 4233 eollibus
1364 4178 1432 4234 ad
1460 4179 1796 4235 conserenda
1824 4179 2022 4242 vineta,
2049 4196 2204 4234 mon-

601 4270 743 4325 tibus
767 4268 836 4324 sd
868 4285 1020 4324 usum
1060 4271 1314 4326 arborum
1369 4282 1533 4342 atque
1561 4272 1831 4342 lignorum
1855 4312 1870 4336 ,
1916 4273 2091 4344 planis
2131 4274 2200 4330 ad

598 4370 860 4431 segetem.
891 4361 1069 4418 Utitur
1099 4364 1232 4418 mari
1261 4380 1367 4418 non
1397 4365 1572 4420 solmn
1619 4365 1684 4419 ad
1734 4367 2058 4422 commercia
2081 4407 2094 4431 ,
2147 4375 2200 4422 et

598 4457 782 4522 copias
835 4471 898 4508 es
947 4455 1254 4527 longinquis
1309 4457 1620 4528 regionibus
1681 4458 1957 4527 ferendas,
2013 4475 2198 4515 rerum

598 4547 762 4602 etiam
790 4546 858 4602 ad
883 4548 1182 4604 ubertatem
1223 4551 1403 4604 omnis
1445 4552 1660 4620 generis
1687 4553 1932 4622 piscium.
1965 4552 2118 4621 Quod
2153 4554 2198 4608 si

2303 3313 2410 3370 Sed
2443 3324 2662 3379 praistat
2691 3314 2830 3372 Itane
2853 3317 3048 3386 ipsam,
3088 3317 3497 3390 qualiscumque
3525 3335 3587 3375 ea
3615 3320 3719 3386 sit,
3753 3336 3920 3391 argu-

2305 3409 2688 3464 mentationem
2719 3411 2784 3465 iis
2808 3408 2942 3481 ipsis
2971 3425 3273 3482 proponere
3303 3415 3504 3481 verbis,
3538 3413 3730 3485 quibus
3762 3426 3919 3472 vete-

2305 3514 2396 3554 res
2415 3516 2768 3571 proposuere.
2797 3503 3030 3558 Lucretii
3060 3519 3194 3560 sane
3222 3505 3500 3561 notissima
3528 3520 3650 3562 sunt
3673 3508 3766 3562 illa
3788 3525 3911 3565 car-

2304 3593 2446 3647 mina
2477 3594 2593 3668 (lib.
2629 3611 2677 3657 v,
2711 3595 2817 3650 9.33
2841 3605 2888 3650 et
2932 3596 3118 3668 seqq),
3145 3600 3340 3668 quibus
3359 3615 3522 3671 quam
3551 3617 3690 3658 szcva
3717 3604 3916 3661 adver-

2305 3701 2398 3742 sus
2431 3688 2704 3744 hominem
2734 3697 2925 3744 natura
2951 3687 3136 3758 fuerit,
3165 3691 3324 3748 docet
3354 3710 3370 3749 :

2319 3818 2328 3826 ’
2398 3823 2523 3890 Tum
2549 3829 2862 3890 porropuer,
2887 3834 2943 3875 ut
2965 3827 3109 3890 stt-vis
3135 3827 3380 3890 proiectus
3405 3829 3469 3878 ab
3493 3825 3636 3879 nudis

2398 3886 2594 3954 ﬂavita,
2623 3886 2782 3954 nudus
2806 3889 2940 3954 humi
2960 3888 3114 3954 jacet,
3136 3886 3315 3950 inlitus,
3343 3891 3542 3954 indigus
3565 3894 3692 3941 anni

2401 3950 2545 4018 )fitztli
2575 3945 2682 4008 (alii
2708 3950 2858 4018 vitai)
2888 3945 3226 4018 auit_ilio,'cutu
3251 3945 3530 4018 primumviﬂ
3555 3953 3750 4005 Ιυῐιιὶῐιῑδ
3769 3969 3922 4008 επιεεὸ

2399 4011 2610 4078 ζίίκὶὶιηε
2635 4025 2696 4063 cx
2722 4011 3020 4078 alvo'matris
3045 4011 3213 4064 natura
3242 4011 3480 4078 profudit;

2397 4075 2680 4143 Yagituque
2705 4077 2863 4143 locum
2883 4077 3078 4140 lugubri
3102 4075 3332 4143 complet.
3359 4086 3406 4124 ιιι
3421 4075 3622 4143 Δειέῳιιξιι
3644 4089 3741 4141 est,

2399 4136 2486 4189 Cui
2513 4136 2694 4190 tantum
2719 4139 2766 4187 iu
2794 4140 2888 4190 vita
2923 4136 3079 4190 restet
3107 4136 3314 4190 tranSire
3337 4136 3594 4192 malorum.

2377 4265 2430 4319 9.
2463 4264 2568 4320 Sed
2615 4274 2674 4320 ct
2715 4264 2768 4320 id
2801 4267 2975 4334 ipsum
3026 4265 3298 4336 copiosius
3345 4265 3557 4336 l’linius
3610 4267 3726 4321 tunc
3777 4270 3918 4323 scri-

2304 4357 2439 4412 bens
2481 4359 2610 4427 (lib.
2630 4373 2702 4413 vtt
2722 4359 2774 4412 in
2805 4331 3054 4431 prwfnt.)
3089 4331 3111 4413 ε’
3141 4377 3161 4411 t
3194 4331 3439 4414 Homiitis
3483 4371 3647 4415 causa
3696 4359 3920 4416 videtur

2305 4464 2496 4508 cuncta
2527 4453 2626 4507 alia
2657 4455 2910 4525 genuisse
2932 4462 3145 4518 natura,
3171 4467 3385 4523 magna,
3414 4461 3467 4508 et
3489 4463 3636 4509 saeva
3659 4454 3922 4511 mercede

2305 4553 2495 4600 contra
2523 4553 2666 4601 tanta
2700 4558 2794 4600 sua
2835 4559 3056 4601 munera
3085 4563 3098 4600 :
3132 4555 3188 4600 ut
3215 4556 3320 4600 non
3349 4547 3421 4601 sit
3448 4547 3586 4602 satis
3606 4547 3913 4615 animare,

599 4639 686 4695 bis
701 4641 988 4696 elementis
1011 4641 1198 4705 utitur,
1223 4643 1418 4712 quibus
1441 4652 1528 4700 est
1555 4645 1849 4713 proximus,
1875 4656 2084 4700 nonest
2104 4645 2204 4700 du-
2230 4632 2281 4692 D
2307 4649 2504 4709 parens
2552 4640 2744 4694 melior
2793 4638 2997 4692 homini
3021 4680 3036 4702 ,
3079 4653 3146 4693 an
3195 4638 3405 4695 "istim
3445 4649 3676 4696 ηονεταει
3725 4639 3914 4696 fuerit.

597 4735 770 4799 binm,
795 4737 926 4806 quin
968 4743 1024 4792 et
1058 4736 1238 4802 ctelo;
1277 4738 1530 4807 quoniam
1572 4745 1628 4792 et
1658 4739 1961 4794 cmlestiunt
2018 4753 2202 4794 rerum

599 4827 775 4882 oflicia
794 4828 862 4882 ad
892 4828 1218 4884 fertilitatem
1269 4838 1447 4898 terrai,
1482 4845 1548 4885 ex
1590 4845 1694 4900 qua
1725 4831 1974 4900 vivimus,
1997 4815 2202 4903 temﬂe-

594 4931 711 4977 rata
752 4931 897 4979 sunt.
948 4941 970 4978 ι

672 5016 912 5072 Subinde
940 5030 1070 5072 vero
1099 5026 1382 5088 postquam
1409 5017 1588 5073 varios
1614 5027 1724 5073 tum
1746 5019 2202 5088 omlestium,tum

599 5123 882 5165 aereornm
913 5120 1277 5165 meteororutn
1331 5123 1462 5166 usus
1490 5111 1796 5178 descripsit,
1845 5113 1958 5168 haec
1979 5113 2198 5167 demum

601 5201 870 5269 subjicitzt
899 5201 1038 5257 Num
1057 5201 1221 5257 etiam
1245 5213 1514 5258 mutorum
1535 5218 1695 5258 causa
1723 5204 1865 5261 Deus
1893 5202 2200 5259 laboravit?

601 5292 857 5353 Minime:
886 5295 1008 5365 quia
1029 5308 1154 5350 sunt
1183 5295 1408 5350 rationis
1426 5296 1690 5366 expertia.
1721 5296 1828 5354 Sed
1851 5297 2202 5368 intelligimus

601 5397 658 5441 et
685 5386 796 5456 ipsa
821 5386 1013 5442 eodem
1059 5387 1220 5442 modo
1269 5387 1336 5442 ad
1382 5402 1535 5444 usum
1566 5387 1803 5443 hominis
1841 5402 1874 5442 ι
1906 5390 2016 5443 Deo
2035 5387 2198 5456 facta,

603 5480 798 5550 partim
822 5480 889 5536 ad
915 5481 1084 5548 cibos,
1119 5482 1310 5552 partim
1335 5482 1400 5537 ad
1429 5483 1900 5552 vestitum,partim
1926 5482 1994 5540 ad
2022 5487 2202 5556 operis

603 5574 824 5638 auxilia,
858 5569 915 5628 ut
942 5573 1148 5628 clarum
1177 5573 1270 5641 sit,
1301 5575 1540 5631 divinant
1572 5575 1961 5646 previdentiam
2019 5581 2199 5634 rerum

614 5675 669 5722 et
704 5665 980 5738 copiarum
1023 5665 1350 5725 abundantia
1398 5665 1680 5728 hominum
1735 5668 1894 5726 vitam
1939 5669 2206 5726 instruere

2307 4733 2449 4787 Ante
2500 4734 2678 4787 omnia
2728 4745 2892 4786 unum
2940 4731 3292 4786 animantium
3331 4741 3680 4798 cunctorum,
3733 4729 3918 4788 aliena

2307 4825 2500 4881 alienis
2523 4826 2662 4881 velat
2679 4825 2874 4894 opibus
2899 4843 2911 4878 :
2943 4823 3160 4880 celeris
3183 4825 3332 4880 varie
3358 4833 3665 4895 tegumenta
3699 4823 3913 4891 tribuit,

2307 4929 2504 4988 testas,
2541 4919 2805 4984 cortices,
2839 4919 3018 4982 coria,
3060 4920 3274 4990 spinas,
3305 4918 3500 4979 villos.
3527 4927 3705 4982 setas,
3742 4917 3915 4988 pilos,

2306 5015 2564 5085 plumam,
2599 5025 2824 5085 pennas,
2851 5025 3183 5083 squammas.
3206 5014 3426 5068 vellera.
3449 5013 3694 5068 Truncos
3719 5013 3914 5079 etiam,

2307 5107 2640 5176 arboresque
2670 5105 2870 5161 cortice
2902 5104 3172 5160 interdum
3201 5105 3418 5175 gemino
3448 5120 3476 5160 a
3517 5103 3828 5175 frigoribus,
3861 5113 3918 5159 et

2307 5199 2492 5254 calore
2537 5208 2706 5253 tutata
2736 5208 2836 5254 est.
2885 5196 3169 5253 Hominem
3221 5205 3429 5251 tantum
3472 5197 3705 5260 nudum.
3753 5206 3811 5252 et
3859 5199 3918 5253 in

2310 5291 2506 5358 humo,
2541 5291 2697 5347 natali
2731 5291 2822 5348 die
2847 5285 3030 5361 abjicit
3059 5290 3126 5344 ad
3153 5292 3360 5360 vagitus
3397 5293 3576 5344 statim
3596 5334 3608 5356 ,
3647 5298 3704 5344 et
3732 5291 3918 5359 plora-

2311 5397 2456 5451 tum:
2487 5387 2800 5457 nullumque
2827 5393 2906 5439 tot
2934 5385 3247 5439 animalium
3279 5383 3426 5439 aliud
3453 5384 3519 5440 ad
3547 5385 3820 5457 lacrymas
3861 5395 3920 5440 ea

2310 5479 2409 5534 bas
2430 5481 2674 5549 protinus
2692 5481 2813 5533 vitae
2834 5479 3116 5548 principio.
3141 5480 3228 5542 At,
3259 5477 3498 5544 hercule,
3523 5478 3664 5532 risus
3694 5492 3915 5547 prtecox

2311 5573 2393 5630 illi
2424 5589 2486 5628 ac
2523 5572 2873 5656 celerrimus,
2915 5581 3041 5628 ante
3082 5569 3550 5656 quadragesimum
3593 5568 3738 5648 diem
3781 5569 3916 5624 nulli

2314 5664 2492 5721 datur.
2527 5665 2611 5720 Ab
2642 5663 2746 5722 hoc
2772 5651 2907 5722 lucis
2932 5665 3259 5733 rudimento,
3289 5651 3412 5736 que
3437 5678 3506 5719 ne
3530 5661 3673 5722 fetas
3694 5661 3918 5735 quidem

699 5855 777 5927 (ο)
801 5855 968 5915 Libro
1013 5857 1078 5922 de
1117 5859 1333 5924 diuersis
1360 5859 1731 5933 qumtionibut
1759 5861 2016 5935 octoginta
2041 5859 2418 5935 tribus,quazst.
2451 5872 2578 5918 xxx.
