4248 6258
267 287 377 344 εἶθ

1017 272 1087 329 IN
1129 269 1400 331 lllLAlill
1436 271 1645 330 EPIST.
1688 271 1822 329 SEU
1868 269 2104 326 LlBEl..
2152 267 2638 328 NSSERTATIO
2677 271 2923 332 PRIMA.

3588 293 3698 350 ετο

269 410 412 464 inter
442 416 542 459 nos
566 399 779 472 genitas
803 397 1012 451 vincula
1037 392 1351 462 excipiunt,
1383 403 1436 448 et
1464 393 1698 448 omnium
1725 404 1903 443 mem-
1937 392 1986 448 Α
2023 387 2484 456 magnitudinem
2514 391 2662 444 eruit
2706 392 2877 447 David
2922 391 3044 446 haec
3089 394 3392 468 subiiciens
3422 420 3433 455 :
3475 404 3698 478 Mltytml

268 503 494 559 brorum
527 509 732 562 nexus;
762 503 923 564 atque
966 487 1269 544 infeliciter
1311 499 1496 543 natum
1523 487 1696 557 jacet,
1724 481 1906 536 ιηιηῑ-

269 595 376 650 bus
429 589 764 662 pedibusque
783 580 1048 642 devinctis
1086 579 1233 634 tiens
1261 579 1470 634 animal
1494 579 1708 635 exteris
1734 573 1910 641 impe-

269 695 520 744 raturum
546 699 560 737 :
591 689 648 736 et
675 695 706 734 a
737 675 1016 748 suppliciis
1040 674 1208 728 vitam
1243 674 1568 742 auspicatur
1592 682 1756 724 unam
1789 676 1912 717 lane

271 791 386 837 tum
416 779 486 834 ob
525 776 736 846 culpam
758 815 773 836 ,
799 771 920 848 quia
951 777 1130 824 uatum
1159 771 1276 848 est:
1327 765 1445 821 Heu
1473 759 1810 821 dementiam
1839 755 1916 809 ab

271 874 344 932 iis
371 872 540 930 initiis
572 845 995 925 esistitnautium
1019 861 1084 917 ad
1131 845 1460 926 superbiam
1495 873 1559 914 se
1603 851 1852 926 genitos!
1887 866 1906 900 ι

269 970 413 1026 Tum
454 967 559 1020 alia
586 963 748 1016 multa
784 957 1145 1030 prosequitur,
1176 952 1384 1021 quibus
1413 951 1652 1022 quidem
1687 944 1916 1016 apertis-

269 1064 411 1121 sime
461 1056 724 1123 ostendit,
759 1066 852 1109 aut
892 1052 1220 1107 deteriorem
1276 1046 1667 1102 animantibus
1710 1039 1922 1096 cunctis

271 1155 554 1213 hominem
585 1163 726 1217 esse,
762 1157 856 1203 aut
879 1155 1034 1202 certe
1055 1144 1124 1199 iis
1149 1140 1454 1211 arqualem,
1492 1137 1745 1205 ideoque
1771 1147 1920 1199 eum,

269 1249 429 1320 cujus
451 1259 616 1303 causa
639 1243 847 1313 reliqua
870 1253 978 1294 non
1006 1239 1114 1293 sint
1144 1234 1384 1291 condita.

347 1345 434 1397 t0.
473 1339 544 1394 Et
583 1350 715 1392 sane
745 1333 982 1403 reliquas
1010 1346 1097 1385 res
1127 1327 1334 1382 homini
1377 1321 1628 1380 minime
1658 1321 1928 1377 insanire

253 1426 326 1491 '31
355 1433 499 1488 idem
524 1429 754 1493 Plinius,
783 1435 837 1479 et
861 1421 1166 1495 philosophi
1189 1421 1282 1474 alii
1312 1418 1506 1488 palam
1531 1415 1826 1470 evincunt.
1855 1414 1928 1472 Ut

273 1543 303 1583 a
335 1525 535 1589 stellis,
561 1522 843 1590 oculisque,
871 1528 1168 1585 eorumque
1195 1513 1442 1568 motibus
1497 1523 1568 1562 ac
1598 1511 1928 1565 conversim

279 1623 442 1678 nibus
493 1615 869 1678 exoriliamur,
925 1608 1041 1664 haec
1089 1608 1157 1662 de
1207 1607 1273 1660 iis
1322 1601 1663 1676 pronuntiat
1718 1602 1930 1660 Plinius

279 1716 398 1790 (lib.
447 1725 508 1780 tt,
535 1723 581 1764 ε.
637 1703 719 1779 8)
749 1723 764 1761 :
817 1721 836 1757 ε
873 1703 985 1758 Non
1013 1710 1156 1755 tanta
1178 1697 1320 1758 calo
1344 1694 1605 1754 societas
1637 1693 1928 1752 nobiscum

2027 477 2304 534 Dominus
2326 491 2534 547 ttoster,
2561 493 2609 537 ct
2637 499 2833 557 magna
2856 487 3160 558 oirtaujaa
3186 509 3202 545 :
3231 505 3280 547 et
3300 477 3697 576 sapientia-cm

2027 587 2141 625 non
2168 581 2249 626 est
2283 583 2568 629 numerus.
2596 577 2742 644 Quin
2777 587 2832 635 et
2861 580 3010 635 Dens
3053 581 3172 652 ipse
3204 585 3359 646 hisce
3389 595 3564 650 verbis
3606 597 3696 654 ,1ο-

2029 664 2167 720 bum
2200 663 2528 756 alloquitur
2560 670 2707 744 (Job.
2751 689 2868 746 cap.
2903 689 3132 743 xxxrtn,
3167 680 3238 736 18
3265 693 3316 737 et
3343 684 3434 756 i9)
3462 705 3475 743 :
3505 688 3696 746 Indico

2034 757 2170 810 mihi
2192 798 2207 818 .
2260 755 2318 808 si
2351 760 2494 814 uorti
2522 765 2696 818 omnia
2721 781 2740 819 :
2769 766 2824 820 tu
2849 781 2952 837 qua
2975 767 3058 821 via
3085 770 3178 825 huc
3215 755 3439 842 habitet,
3471 790 3520 835 et
3547 791 3687 837 tene-

2039 849 2266 942 brorum
2299 850 2428 914 quia
2457 854 2598 909 locus
2627 859 2808 912 sit”...
2843 875 3104 930 perquam
3130 867 3264 918 sient
3285 873 3547 942 spargitur
3567 876 3677 940 lux,

2040 940 2320 996 diuidit-ur
2351 951 2508 998 castris
2537 963 2686 1019 super
2724 960 2912 1004 terram
2954 953 3022 1022 (υ.
3055 953 3166 1024 24).
3204 940 3472 1030 Numquid
3543 968 3680 1019 naut

2039 1035 2293 1090 ordinem
2332 1038 2482 1104 creti,
2510 1050 2560 1096 et
2579 1057 2738 1111 partes
2775 1046 3030 1097 rationem
3053 1048 3166 1111 ejus
3195 1051 3248 1103 in
3271 1061 3406 1104 terra
3437 1055 3504 1124 (tt.
3540 1056 3672 1125 53)?

2115 1132 2201 1188 η.
2245 1125 2368 1184 Sed
2396 1135 2562 1191 corios
2590 1139 2931 1201 omittamus,
2976 1147 3059 1202 et,
3104 1141 3152 1194 si
3182 1144 3290 1207 vis,
3337 1144 3410 1198 ad
3453 1161 3514 1201 ea
3546 1148 3664 1215 ipsa

2034 1217 2466 1293 descendemus,
2499 1241 2622 1298 qua:
2647 1229 2804 1282 obvia
2834 1229 3119 1295 habemus,
3151 1234 3458 1301 nostrisque
3487 1237 3658 1289 oculis

2031 1331 2182 1390 same
2227 1317 2504 1389 subjecta.
2543 1320 2625 1374 An
2674 1321 2934 1374 animalia
2986 1323 3157 1375 nostri
3201 1337 3360 1378 causa
3407 1325 3652 1379 dicemus

2031 1414 2250 1468 condita
2273 1450 2290 1476 ,
2322 1427 2456 1466 cum.
2483 1427 2543 1468 ea
2590 1413 2748 1468 noxia
2784 1413 3124 1482 plerumque
3149 1416 3520 1482 experiamur,
3553 1425 3648 1468 aut

2029 1514 2184 1561 certe
2230 1505 2478 1560 inutilia?
2519 1506 2600 1560 An
2634 1521 2739 1562 non
2773 1507 2964 1558 noxias
2995 1505 3303 1572 experimur
3345 1507 3503 1568 teras,
3534 1507 3646 1558 imo

2032 1598 2424 1654 minutissimas
2445 1612 2546 1654 eas
2585 1599 2921 1662 animantes,
2957 1609 3078 1666 quia
3104 1597 3293 1650 testim
3339 1596 3642 1664 pr:esertint

2036 1700 2280 1762 tempore
2315 1699 2500 1747 nostra
2527 1705 2758 1760 corpora
2789 1690 3060 1753 infestant,
3095 1703 3454 1758 magnamque
3484 1688 3641 1743 nobis

279 1773 397 1875 est,
431 1773 837 1861 ut'nostro'lato
875 1795 1114 1853 mortalis
1145 1795 1214 1851 sit
1263 1793 1358 1850 ille
1409 1801 1652 1860 quoque
1681 1789 1926 1846 siderum
1958 1773 2005 1841 Β
2035 1783 2340 1838 molestiam
2367 1782 2672 1838 facessunt?
2701 1781 2976 1838 Notissimi
2999 1788 3127 1836 sunt
3149 1779 3230 1835 illi
3257 1779 3488 1836 Lucretii
3516 1793 3611 1835 ver

283 1902 514 1969 fulgor.)
549 1894 820 1953 Eteodem
849 1892 954 1946 line
974 1888 1296 1961 Seneca(lib.
1324 1883 1474 1942 nde
1509 1880 1626 1948 Ira,
1680 1895 1734 1936 c.
1783 1883 1850 1936 27
1885 1880 1928 1952 ):

292 1996 469 2052 «Nihil
498 1993 714 2055 borum,
745 2001 866 2060 qum
895 1984 1048 2040 nobis
1068 1989 1281 2045 nocent,
1301 1984 1697 2050 prosuntque,
1732 1977 1800 2032 ad
1831 1991 1931 2032 nos

289 2089 516 2164 proprie
537 2083 786 2155 dirigitur
812 2093 826 2136 ε
856 2091 961 2135 non
988 2077 1127 2133 enim
1157 2089 1255 2130 nos
1279 2085 1457 2130 causa
1493 2072 1711 2127 mundo
1741 2087 1934 2127 sumus

291 2185 549 2257 hyeme-tn
601 2183 954 2244 arstatemque
1011 2167 1296 2226 reicrendi.
1324 2167 1480 2220 sitas
1508 2165 1608 2219 Ista
1645 2165 1805 2236 leges
1835 2165 1934 2220 tia-

295 2277 466 2342 bent,
508 2273 702 2346 quibus
743 2267 923 2326 divina
957 2272 1298 2320 exercentur.
1339 2257 1524 2314 Nimis
1550 2269 1658 2312 nos
1687 2260 1930 2327 sustiici.

298 2387 448 2434 mus,
481 2367 526 2422 si
554 2365 698 2436 digni
742 2361 898 2418 nobis
925 2357 1188 2420 videmur,
1215 2359 1437 2426 propter
1461 2363 1598 2421 quos
1629 2359 1784 2407 tanta
1809 2363 1933 2406 mo-

297 2461 604 2520 vcstitur.)

377 2553 450 2610 Et
478 2550 722 2623 proiecto
765 2545 886 2618 quis
930 2542 1035 2599 sibi
1064 2539 1425 2613 persuadeat,
1459 2537 1728 2591 itutnenSa
1761 2537 1935 2592 crcio-

301 2665 432 2710 rum
489 2653 652 2718 atque
681 2642 901 2699 avtltcris
924 2635 1096 2709 spatia
1125 2633 1364 2690 hominis
1393 2643 1554 2686 causa
1599 2630 1768 2686 fuisse
1798 2645 1934 2686 ron.

306 2744 466 2804 dita?
493 2747 618 2799 cum
650 2741 858 2794 tantum
887 2731 1043 2796 absit,
1073 2737 1128 2786 ut
1155 2729 1222 2786 iis
1242 2735 1444 2792 utatur,
1478 2733 1532 2779 ut
1559 2737 1628 2780 ne
1653 2739 1714 2779 ea
1739 2733 1935 2782 noscat

310 2837 560 2912 quidem.
585 2831 717 2902 Quis
747 2828 927 2894 enim,
962 2835 1018 2881 ttt
1043 2824 1112 2880 de
1143 2837 1242 2878 usu
1273 2819 1450 2888 aliqua
1476 2817 1720 2873 dicamus
1740 2860 1754 2883 ,
1784 2819 1928 2888 quis,-

316 2910 562 3002 inquam,
592 2928 761 2980 tttitur
791 2921 990 2984 stellis,
1020 2929 1076 2975 et
1106 2913 1388 2971 immensis
1415 2911 1499 2975 iis,
1527 2926 1648 2982 qua:
1670 2910 1926 2976 diximus,

313 3001 440 3082 caeli
465 3019 697 3093 spatiis?
716 3017 812 3071 (Ini
835 3011 1055 3086 prodest
1075 3009 1252 3067 Sirius
1273 3003 1456 3071 Canis,
1479 3003 1690 3072 aliaque
1715 3001 1932 3057 sidera?

313 3118 356 3174 li
387 3127 540 3173 certe
565 3115 723 3181 longe
752 3109 946 3165 melius
972 3101 1220 3159 videntur
1239 3111 1450 3169 sapere,
1477 3095 1564 3166 qui
1589 3094 1754 3150 alium
1777 3103 1932 3165 pror-

315 3159 411 3266 sus
434 3210 486 3262 in
514 3159 698 3268 linenr,
723 3215 883 3272 quem
908 3209 1008 3254 nos
1030 3197 1278 3267 ignorare
1301 3189 1572 3246 latendum
1594 3199 1695 3249 est,
1721 3197 1782 3243 ea
1807 3201 1928 3244 esse
1955 3159 2002 3225 ο

314 3308 496 3356 creata
526 3303 785 3358 censent,
815 3303 974 3362 quant
1015 3283 1251 3343 hominis
1289 3291 1470 3338 causa.
1500 3279 1640 3348 Quid
1659 3281 1684 3332 ’ἐ
1711 3280 1854 3350 quod
1889 3279 1927 3334 ii

317 3391 544 3449 minime
585 3401 771 3444 errare
811 3383 1083 3448 videntur,
1119 3378 1210 3448 qui
1253 3373 1505 3431 cwlestes
1534 3371 1694 3428 orbes
1735 3371 1929 3425 incolis

318 3497 524 3539 vacuos
550 3493 673 3535 esse
706 3493 812 3532 non
839 3481 1030 3546 putant
1055 3490 1068 3526 :
1100 3475 1157 3526 et
1183 3471 1372 3523 horum
1398 3477 1558 3520 causa
1587 3471 1926 3526 asseverant,

323 3576 547 3634 eosdem
591 3571 754 3629 orbes
793 3579 915 3625 esse
945 3575 1177 3622 creatos.
1213 3561 1292 3616 Au
1319 3560 1435 3614 haec
1463 3557 1674 3621 irrides,
1705 3557 1759 3608 et
1790 3553 1932 3609 Fou-

319 3669 546 3726 tcnellio
589 3673 686 3736 per”
731 3667 917 3732 iocum
966 3659 1082 3712 lucc
1131 3649 1452 3725 preponenil
1490 3646 1717 3704 tribuis?
1747 3645 1927 3716 Lege,

320 3767 572 3826 obsecro,
608 3773 728 3827 qua:
758 3755 858 3810 hoc
880 3753 947 3808 de
973 3757 1292 3822 argumento
1322 3755 1426 3800 non
1468 3757 1564 3814 per
1583 3742 1765 3809 jocurn
1789 3783 1802 3807 ,
1833 3741 1929 3798 sei]

321 3853 468 3912 serio
529 3849 751 3907 disserit
799 3845 1008 3902 clariss.
1061 3841 1322 3905 Derham,
1371 3845 1421 3892 et
1466 3836 1638 3908 palam
1691 3831 1926 3902 i'idebis,

323 3950 482 4006 valde
523 3942 860 4018 probabilem
904 3949 1090 3995 eorum
1134 3945 1255 3991 csse
1301 3932 1652 3994 sententiam,
1691 3927 1780 3998 qui
1813 3926 1932 3984 haec

327 4042 544 4099 tradunt
573 4038 677 4113 (α).

403 4135 490 4190 tt.
533 4110 615 4187 An
646 4141 797 4194 vero,
822 4137 880 4180 ut
903 4123 973 4180 de
999 4127 1318 4194 argumento
1339 4116 1527 4181 altero,
1560 4110 1793 4168 deducto
1819 4111 1928 4167 sci-

328 4230 456 4285 licet
483 4241 547 4280 cx
588 4233 776 4278 nostra
802 4216 1037 4282 inscitia,
1070 4214 1230 4270 etiam
1262 4209 1432 4265 dit-am
1457 4249 1470 4273 ,
1499 4222 1589 4271 an,
1615 4205 1858 4274 inquam,
1885 4205 1931 4259 si

331 4321 503 4378 nostri
528 4329 696 4374 causa
718 4321 902 4370 mserit
937 4306 1138 4365 conditi
1167 4304 1292 4362 cali
1314 4343 1332 4369 ,
1358 4302 1718 4370 calestcsque
1745 4295 1928 4362 orbes,

329 4425 478 4471 tanta
501 4425 688 4467 eorum
707 4403 1008 4476 ignorantia
1029 4411 1125 4455 nos
1146 4398 1390 4453 laborare
1413 4391 1746 4465 permisisset
1770 4390 1931 4455 Deus,

333 4520 394 4563 ut
421 4504 592 4578 (quod
615 4503 729 4572 jam
758 4493 1028 4566 diximus)
1057 4507 1124 4548 ne
1150 4504 1339 4547 eorum
1366 4485 1580 4559 quidem
1609 4494 1700 4539 aut
1728 4483 1950 4552 magni:

335 4597 612 4661 tudinem,
654 4604 744 4648 aut
771 4589 1077 4646 distantiam
1101 4626 1118 4652 ,
1149 4592 1240 4638 aut
1269 4594 1552 4637 numerqu
1583 4591 1744 4633 nosse
1763 4579 1939 4647 possi-

335 4691 489 4750 mus?
524 4689 760 4744 Numera
787 4684 960 4750 stella,
987 4682 1032 4736 εἰ
1064 4689 1234 4750 pater,
1261 4675 1401 4732 dixit
1433 4674 1560 4728 olim
1594 4673 1738 4729 Deus
1764 4671 1938 4727 Abra-

336 4786 557 4842 hamum
584 4783 868 4852 alloquens
893 4773 1048 4850 (Gen.
1081 4787 1174 4837 av,
1202 4768 1281 4839 5),
1310 4768 1478 4825 veluti
1507 4781 1645 4832 rem,
1672 4777 1792 4836 qua:
1819 4765 1935 4819 tieri

338 4895 446 4936 non
479 4882 667 4948 posset
692 4871 936 4932 omnino,
966 4865 1046 4922 illi
1077 4875 1399 4934 proponens.
1427 4859 1510 4916 Ad
1541 4858 1680 4922 baac,
1711 4857 1812 4912 sibi
1847 4871 1928 4912 re-

339 4980 613 5029 servatum
645 4978 867 5037 prorsus
895 4968 1163 5017 astrorum
1195 4965 1382 5031 usum.
1418 4953 1808 5021 nuntiataque,
1853 4958 1938 5004 at-

339 5081 448 5138 que
475 5064 613 5120 adeo
639 5073 922 5118 numerum
951 5056 1148 5126 ipsum,
1179 5049 1321 5104 haud
1345 5047 1581 5103 obscure
1608 5045 1712 5101 Job
1749 5052 1808 5100 et
1832 5045 1938 5138 Da-

343 5137 433 5218 vid
477 5159 755 5222 indicant,
787 5167 910 5208 cum
957 5153 1070 5204 haec
1107 5147 1176 5202 de
1215 5144 1330 5201 Deo
1363 5144 1517 5198 aiunt
1553 5140 1698 5214 (Job.
1726 5154 1799 5206 ιι,
1835 5137 1935 5209 9):

349 5256 452 5325 Qui
477 5255 604 5328 facit
631 5252 922 5312 Arcturum,
949 5253 999 5299 et
1027 5240 1244 5304 Uriona,
1270 5247 1318 5291 ct
1346 5235 1586 5328 Hyadas,
1617 5243 1666 5288 et
1693 5233 1937 5328 interiora

346 5325 534 5408 austri.
565 5345 668 5414 Qui
713 5341 836 5414 facit
886 5349 1074 5408 magna
1097 5374 1111 5398 ,
1157 5341 1209 5386 ct
1273 5325 1838 5399 incoraprehcnribitio.
1889 5336 1937 5384 lt

345 5441 632 5505 mirabilia,
658 5437 875 5507 quorum
901 5439 1004 5485 non
1044 5437 1119 5483 ut
1145 5437 1408 5481 numerus.
1439 5423 1504 5478 Et
1532 5421 1705 5498 (Paul.
1739 5433 1900 5478 cat."
1917 5459 1932 5488 ,

348 5539 382 5592 Δ
404 5545 456 5590 et
481 5532 538 5606 ti)
563 5551 580 5587 :
611 5530 714 5598 Qui
735 5533 966 5583 autumat
992 5519 1370 5576 multitudinem
1389 5517 1680 5585 stellarum,
1702 5527 1746 5572 rt
1770 5518 1938 5571 ornat.

349 5628 446 5685 bus
463 5628 539 5682 cis
562 5622 770 5680 sentina
791 5625 956 5676 vocat.
981 5617 1158 5688 Atque
1179 5625 1247 5670 ex
1267 5625 1330 5668 ca
1353 5623 1416 5668 rc
1432 5610 1631 5668 divinae
1655 5612 1936 5686 sapientia

1959 4547 2015 4610 1)

2032 1890 2128 1931 sus
2153 1875 2269 1950 (lib.
2300 1891 2351 1938 ν,
2383 1890 2511 1930 uera.
2543 1872 2674 1944 219)
2702 1893 2737 1942 ε,

2127 2005 2382 2072 Brfetcrca
2406 2021 2564 2072 genus
2585 2005 2878 2060 horriferum
2898 2013 3069 2058 natura
3095 2005 3327 2072 ferarum,

2126 2071 2350 2121 Humano
2369 2071 2545 2133 generi
2567 2073 2816 2132 mlestum,
2838 2080 3090 2134 terraque,
3115 2071 3355 2132 marique,

2131 2134 2226 2184 Cur
2247 2134 2350 2194 alit,
2375 2141 2522 2198 atque
2547 2135 2731 2200 auget?

2035 2273 2198 2338 atque
2225 2266 2278 2321 in
2305 2267 2546 2322 eamdem
2573 2265 2896 2321 st-ttlentiam
2929 2263 3048 2319 haec
3075 2261 3216 2326 apud
3237 2259 3476 2316 Tullium
3505 2257 3639 2328 legi-

2035 2369 2157 2413 mus
2185 2359 2300 2433 (tibi
2329 2371 2380 2413 tv
2402 2357 2644 2412 Acadcm.
2667 2355 2872 2428 queat.)
2901 2353 3072 2410 :tCur
3101 2355 3240 2408 Deus
3260 2354 3440 2408 omnia
3463 2351 3638 2405 nostri

2033 2466 2195 2507 causa
2213 2466 2332 2505 cunt
2366 2450 2565 2506 faceret
2594 2451 2708 2525 (sic
2739 2449 2883 2504 enim
2913 2445 3134 2517 vultis),
3166 2454 3368 2499 tantam
3400 2445 3503 2497 vim
3535 2457 3636 2496 na-

2034 2547 2232 2602 tricum
2252 2587 2266 2609 ,
2289 2544 2707 2615 viperarumque
2752 2541 2974 2597 fecerit?
2997 2541 3110 2596 Cur
3136 2535 3413 2593 mortifera
3456 2536 3643 2607 perni-

2035 2639 2182 2695 ciosa
2199 2649 2304 2692 tam
2320 2638 2505 2703 multa,
2523 2643 2662 2692 terra
2685 2633 2928 2704 marique
2946 2631 3296 2704 disperserit?
3329 2649 3348 2683 ι
3374 2628 3452 2683 Ad
3477 2637 3642 2698 quem

2035 2731 2196 2788 Tullii
2237 2732 2414 2786 locum
2454 2729 2725 2799 respicere
2751 2729 2967 2784 videtur
2997 2725 3335 2790 Lactantius,
3369 2737 3490 2779 cum
3524 2721 3644 2778 lucc

2035 2828 2218 2884 scribit
2254 2827 2346 2900 (in
2376 2826 2503 2880 libro
2533 2826 2595 2879 de
2636 2823 2727 2878 Ira
2753 2819 2849 2877 Dei
2870 2865 2882 2883 .
2914 2839 3030 2892 cap.
3057 2819 3125 2878 15
3151 2818 3172 2890 )
3203 2837 3215 2873 :
3254 2835 3273 2871 ι
3300 2815 3405 2873 Sed
3429 2816 3644 2872 Acade-

2035 2915 2162 2975 ηιίνῖ
2193 2929 2382 2975 contra
2425 2919 2636 2975 Stoicos
2665 2917 2996 2971 disserentes
3029 2913 3202 2969 solent
3233 2925 3506 2982 quaerere,
3541 2923 3646 2964 cur

2034 3014 2078 3070 si
2121 3014 2262 3068 Deus
2303 3012 2483 3066 omnia
2515 3010 2791 3065 hominum
2826 3021 2986 3064 causa
3016 3005 3238 3069 fecerit,
3271 3005 3431 3061 etiam
3476 3002 3643 3056 multa

2033 3109 2302 3162 contraria
2326 3147 2340 3170 ,
2388 3113 2440 3160 et
2475 3105 2687 3159 inimica
2720 3111 2772 3159 et
2823 3101 3072 3172 pestifera
3117 3098 3273 3155 nobis
3304 3097 3648 3169 reperiantur

2037 3208 2142 3253 tam
2174 3198 2227 3253 in
2259 3197 2424 3262 mari,
2459 3207 2620 3268 quam
2663 3199 2714 3251 in
2763 3205 2925 3251 terra.
2961 3192 3114 3261 Quod
3159 3191 3329 3248 Stoici
3360 3191 3644 3248 veritatem

2034 3307 2142 3347 non
2175 3291 2530 3361 respicientes
2556 3289 2890 3360 ineptissime
2937 3287 3268 3356 repulerunt.
3301 3287 3465 3341 Aiunt
3495 3286 3642 3340 enim

2035 3383 2204 3437 multa
2235 3395 2358 3438 esse
2390 3383 2442 3436 in
2470 3381 2812 3452 gignentibus
2835 3422 2850 3445 ,
2883 3393 2934 3433 et
2959 3381 3013 3434 in
3045 3393 3274 3434 numero
3295 3375 3608 3433 animalium
3629 3420 3644 3442 ,

2033 3490 2264 3546 quorum
2292 3473 2468 3528 adhuc
2501 3475 2662 3530 lateat
2693 3474 2919 3539 utilitas,
2953 3473 3048 3526 sed
3078 3485 3196 3526 eam
3222 3485 3480 3540 processu
3507 3481 3640 3524 tem-

2037 3568 2182 3638 poris
2207 3567 2455 3629 inveniri.
2480 3569 2619 3623 sicut
2643 3571 2752 3637 jam
2783 3567 2930 3636 plura
2964 3565 3236 3637 prioribus
3260 3566 3479 3621 swculis
3504 3564 3652 3618 incu-

2033 3663 2179 3738 gnita
2209 3659 2586 3722 necessitas,et
2614 3671 2741 3714 usus
2767 3657 3086 3714 invenerit.»

2110 3751 2200 3809 13.
2235 3751 2622 3808 Vehementius
2677 3755 2793 3808 lure
2845 3767 3008 3821 porro
3071 3757 3222 3822 urget
3269 3749 3653 3808 Tlteodorcttts

2035 3843 2260 3920 (Qmeu.
2281 3857 2352 3900 xx
2375 3845 2428 3900 in
2448 3843 2706 3918 Geiresim)
2725 3846 3000 3914 explicans
3021 3845 3108 3899 illa
3131 3843 3424 3914 Scriptum.
3447 3844 3609 3901 verba
3638 3863 3650 3898 :

2038 3937 2107 3991 Et
2135 3938 2424 3992 dominetur
2457 3938 2682 4007 piscibus
2711 3939 2889 4004 maris,
2919 3947 2965 3993 et
2993 3936 3287 3991 volatilibus
3311 3939 3456 4004 cali,
3488 3947 3537 3993 et
3559 3943 3651 4010 ja-

2038 4033 2244 4100 mcmis,
2273 4039 2423 4095 atque
2447 4033 2699 4088 universa:
2728 4043 2907 4099 terrm,
2938 4042 2983 4086 et
3013 4030 3249 4085 euntibus
3269 4033 3546 4098 reptilibus
3573 4047 3649 4086 re-

2037 4127 2273 4200 pentibus
2300 4142 2455 4198 super
2479 4137 2684 4181 terram.
2704 4127 3288 4182 «Animadvertendum
3317 4138 3400 4182 est
3429 4129 3650 4201 (inquit)

2037 4213 2181 4289 quod
2211 4213 2428 4273 silentio
2470 4220 2891 4286 pratcrtnissum
2938 4227 3054 4284 est,
3103 4235 3208 4272 non
3252 4217 3502 4276 universa
3535 4223 3653 4276 ani-

2040 4314 2201 4370 malia
2232 4321 2453 4385 prepter
2479 4311 2750 4371 hominem
2780 4325 2959 4372 creata
2997 4327 3147 4382 esse,
3180 4316 3273 4370 sed
3305 4331 3366 4372 ea
3394 4317 3610 4373 demum
3633 4361 3648 4385 ,

2039 4407 2237 4479 quibus
2272 4403 2539 4462 dominari
2568 4408 2786 4474 dicitur,
2821 4423 3016 4477 nempe
3047 4409 3224 4476 pisces
3260 4409 3454 4475 maris,
3489 4409 3650 4466 volu-

2041 4513 2162 4556 cres
2183 4499 2338 4567 curii,
2368 4507 2420 4555 et
2448 4513 2640 4570 pecora
2670 4508 2860 4568 terrm,
2902 4500 3134 4556 fortasse
3165 4499 3326 4556 etiam
3357 4512 3410 4555 et
3440 4502 3649 4572 rcptilia

2045 4603 2225 4660 teme,
2251 4602 2471 4664 propter
2499 4594 2862 4650 necessarium
2887 4609 3040 4648 usum
3065 4593 3506 4664 pharmacorum,
3531 4605 3652 4662 (tua:

2043 4703 2124 4759 et;
2148 4687 2212 4742 iis
2259 4687 2667 4744 coniiciuntur:
2717 4699 2824 4742 non
2879 4697 3056 4744 tamen
3109 4697 3328 4759 propter
3377 4689 3649 4744 hominem

2041 4753 2162 4838 cI
2191 4781 2280 4837 illa
2321 4780 2542 4853 grandia
2567 4825 2580 4844 .
2627 4789 2682 4839 et
2712 4781 2839 4838 let-a2
2871 4753 3155 4838 terrestres
3189 4753 3224 4840 τ⁷
3245 4783 3480 4852 alioquin
3529 4799 3648 4840 cum

2041 4875 2164 4931 data
2205 4881 2286 4930 est
2316 4872 2518 4930 homini
2546 4871 2662 4931 h2rc
2692 4879 2950 4946 potestas,
2977 4889 3161 4931 earum
3188 4891 3402 4947 quoque
3430 4876 3648 4930 nomina

2041 4967 2222 5024 addita
2272 4967 2518 5024 l'nisscln.
2555 4967 2715 5037 Atqui
2765 4981 2869 5024 non
2920 4968 3223 5038 reperimus
3267 4970 3322 5024 in
3369 4967 3648 5038 Scriptura

2041 5061 2376 5126 serpentium
2405 5071 2576 5131 genus
2605 5059 2748 5118 inter
2775 5061 2984 5132 reptilia
3007 5057 3357 5126 collocatum,
3385 5059 3480 5115 sed
3511 5061 3650 5115 inter

2041 5152 2206 5210 feras.
2237 5149 2474 5224 Serpens
2500 5153 2643 5209 enim
2667 5195 2682 5218 ,
2721 5154 2926 5222 inquit,
2959 5159 3076 5206 erat
3105 5152 3487 5208 callidissimus
3528 5165 3645 5206 ont-

2043 5247 2192 5301 nium
2233 5243 2551 5301 bestiarum.
2588 5242 2656 5298 Et
2703 5245 2756 5298 in
2803 5244 2939 5298 actis
2981 5245 3395 5315 Apostolorum,
3441 5254 3647 5310 etc....,

2044 5337 2160 5395 Non
2191 5338 2500 5394 dominatur
2528 5338 2691 5409 igitur
2717 5338 2880 5393 homo
2909 5347 3026 5393 cete
3055 5337 3162 5392 illis
3187 5337 3513 5407 grandibus,
3547 5353 3647 5393 nc-

2043 5447 2148 5503 que
2178 5429 2364 5486 bestiis
2383 5474 2398 5499 ,
2427 5445 2546 5501 quae
2573 5431 2800 5486 fortasse
2825 5431 2894 5483 ali
2914 5429 3068 5484 initio
3091 5445 3198 5484 non
3231 5435 3450 5498 propter
3471 5430 3644 5500 ipsum

2043 5527 2221 5580 creata
2254 5533 2398 5580 sunt.
2434 5515 2497 5579 iit
2522 5524 2703 5578 simile
2727 5519 3000 5594 quidpiam
3034 5523 3151 5590 his,
3184 5539 3302 5594 (lim!
3328 5524 3618 5578 describuu

2043 5627 2134 5675 tur
2159 5615 2243 5673 hic
2263 5659 2278 5686 ,
2307 5617 2412 5695 sub
2438 5615 2674 5673 hominis
2700 5627 2822 5671 esse
2848 5614 3112 5682 dominio,-
3153 5615 3204 5670 in
3232 5623 3423 5692 octavo
3450 5615 3649 5695 dicitur

432 5819 512 5899 (tr)
545 5817 801 5891 rhoetea.
853 5815 1157 5880 Atticum.
1211 5808 1446 5886 prerat,
1493 5811 1613 5885 pag.
1657 5806 1730 5866 so
1765 5812 1822 5870 et
1862 5797 1929 5866 tto

2036 5803 2209 5872 illotus
2233 5799 2448 5876 habet.
