4248 6258
669 302 730 357 31
1359 303 1428 361 ΙΝ
1465 302 1721 361 HILARII
1762 303 1980 361 EPIST.
2023 305 2152 360 SEU
2197 304 2414 362 LlBEL.
2462 305 2916 364 IlISSER'I‘ATIO
2952 305 3182 365 PRIMA.
3826 313 3932 368 83?.

627 420 842 492 psalmo
874 439 888 477 :
923 421 1109 477 Omnia
1139 421 1396 494 subjeciin
1440 421 1532 477 sub
1572 421 1783 494 pedibus
1824 426 1938 496 ejus
1958 465 1973 489 ,
2024 432 2230 478 cte.....
2262 424 2314 483 Α
2339 424 2670 492 argumentis
2695 423 3022 490 declaratur,
3045 425 3137 480 filii
3158 440 3284 498 erga
3308 434 3562 497 parentes
3586 427 3725 498 grati
3747 430 3934 494 animi,

629 514 762 571 Nam
793 524 848 572 et
879 515 967 570 hic
993 527 1134 582 cete,
1165 523 1222 570 et
1247 515 1378 572 tua:
1409 514 1791 585 prmtermissat
1816 523 1996 570 sunt.»
2028 515 2236 582 Quibus

629 609 845 680 positis.
875 610 1072 663 mirum
1101 623 1206 662 non
1229 617 1335 671 est,
1365 607 1412 662 si
1433 607 1498 662 ad
1524 609 1857 677 serpentium
1885 623 1952 662 ac
2001 608 2234 663 ferarum

627 711 906 769 aspectum
938 698 1312 761 formidemus,
1346 698 1630 771 fugamque
1659 701 1958 770 capiamus.
1990 699 2238 757 Ostendit

628 791 681 848 id
707 791 938 852 scilicet.
976 791 1274 862 praevalere
1304 792 1424 847 illas
1451 792 1628 856 nobis.
1655 807 1764 847 non
1795 791 1904 848 illis
1931 807 2049 849 nos.

703 881 792 940 14.
823 883 930 940 Sed
957 899 1134 954 neque
1171 894 1545 955 argumentum
1580 884 1686 940 hoc
1720 883 2077 939 dissimulavit
2104 885 2238 941 Ber-

629 983 867 1046 nartius,
911 983 1112 1054 quippe
1156 982 1273 1038 hac
1315 982 1537 1038 tradidit
1586 982 1799 1056 (Serm.
1849 1001 1866 1038 ι
1901 984 1964 1038 de
1992 982 2233 1048 diversis,

629 1091 770 1129 num.
805 1072 862 1145 6)
889 1093 902 1128 :
939 1093 960 1127 ι
981 1074 1090 1132 Sed
1117 1076 1294 1130 adhuc
1316 1075 1508 1142 multa,
1529 1076 2000 1148 i‘nquies,graviter
2029 1077 2238 1147 inquie-

631 1175 778 1233 tant,
811 1169 978 1224 multa
1022 1167 1328 1222 evidentius
1357 1169 1718 1224 adversantur
1749 1188 1762 1222 :
1796 1179 1852 1224 et
1881 1169 2068 1231 miror,
2101 1184 2236 1238 quo-

632 1260 793 1315 modo
823 1261 1001 1316 omnia
1031 1261 1154 1316 data
1199 1263 1491 1326 memores,
1525 1262 1720 1332 quibus
1746 1262 1862 1318 fere
1889 1264 2032 1318 nulla
2070 1265 2241 1319 famu-

632 1352 815 1407 lantur
843 1353 910 1408 ad
939 1363 1143 1409 votum.
1178 1354 1399 1410 Servire
1431 1356 1588 1411 nobis
1611 1356 1866 1412 videntur
1901 1357 2075 1427 aliqua
2097 1403 2111 1428 ,
2143 1358 2238 1414 sed

632 1460 755 1502 cum
791 1446 980 1503 labore
1021 1457 1239 1513 nostro;
1271 1463 1372 1502 nec
1422 1449 1524 1503 nisi
1567 1449 1719 1518 prius
1758 1450 2109 1504 servieritnus
2137 1451 2238 1506 eis.

633 1537 883 1595 Jumeuta
913 1540 1026 1611 ipsa
1051 1580 1067 1605 ,
1109 1541 1211 1594 nisi
1249 1539 1448 1596 fuerint
1476 1556 1506 1594 a
1545 1540 1701 1596 nobis
1727 1541 1927 1596 nutrita
1948 1583 1964 1607 ,
1995 1540 2097 1597 nisi
2139 1543 2242 1597 dou

636 1633 764 1690 mita
785 1676 801 1701 ,
833 1636 936 1691 nisi
968 1635 1173 1692 fuerint
1201 1637 1396 1707 pabulo
1435 1647 1774 1703 sustentata,
1828 1652 1934 1693 non
1962 1637 2237 1707 adjuvant.

634 1725 805 1783 Terra
835 1729 973 1799 ipsa,
1004 1745 1125 1800 qua:
1151 1729 1415 1784 debuerat
1441 1729 1599 1785 nobis
1627 1745 1752 1786 esse
1776 1731 2105 1800 germnnior,
2135 1747 2240 1786 non

2339 518 2564 581 amoris,
2597 528 2760 588 atque
2781 518 3025 585 obsequii
3053 519 3278 575 vinculis
3303 520 3608 576 arctissime
3627 519 3939 577 devinciun-

2341 619 2450 664 tur.
2484 609 2562 664 Ex
2604 625 2710 678 qua
2737 625 2868 666 sane
2901 625 2980 677 re,
3015 610 3240 679 plurima
3264 654 3278 675 ,
3319 627 3492 681 caque
3522 609 3938 683 prmclarissitna

2341 701 2578 760 humano
2603 706 2786 775 generi
2810 705 3127 771 commoda,
3173 716 3334 777 atque
3361 709 3720 764 emolumenta
3753 723 3944 778 prove-

2340 796 2517 851 niunt.
2541 797 2812 852 Caeterum
2841 799 2906 852 ad
2935 799 3259 868 abigeudum
3286 799 3473 878 frigus,
3497 809 3554 855 et
3579 801 3818 871 reliquas
3843 801 3944 858 bu-

2335 889 2425 959 jus
2454 892 2670 960 generis
2699 891 2997 959 molestias,
3027 908 3249 948 necesse
3275 908 3379 948 non
3409 904 3494 950 est
3524 893 3798 948 hominem
3829 895 3948 967 pel-

2343 982 2482 1038 libus
2508 984 2798 1047 amictum,
2830 993 2921 1038 aut
2953 985 3131 1054 pluma
3164 993 3466 1056 protectum
3495 990 3677 1043 enasci
3709 987 3947 1059 (quibus

2340 1088 2472 1130 sane
2517 1091 2581 1130 ea
2628 1079 3076 1146 przrstantissima
3119 1079 3328 1145 species
3373 1078 3788 1146 deformaretur,
3837 1095 3948 1150 qua

2340 1178 2588 1224 ornatum
2617 1171 2888 1226 hominem
2913 1186 3037 1227 esse
3062 1171 3230 1226 voluit
3249 1187 3536 1240 suprcmtts
3555 1173 3796 1242 artifex),
3819 1187 3949 1229 cum

2341 1261 2494 1316 illum
2523 1263 2820 1332 intellectu,
2850 1280 2912 1319 ac
2933 1265 3144 1319 ratione
3167 1264 3443 1328 ditaverit,
3472 1265 3668 1332 quibus
3698 1263 3952 1336 profecto

2343 1354 2680 1412 incmnmoda
2711 1360 2918 1428 qumvis
2941 1373 3131 1413 arcere
3157 1357 3318 1414 facile
3340 1367 3538 1428 potest,
3561 1358 3774 1427 sibique
3799 1375 3955 1416 com-

2343 1448 2501 1503 moda
2533 1449 2762 1518 plurima
2789 1465 3129 1520 comparare.
3181 1469 3199 1502 ι
3236 1451 3432 1506 Pulcrc
3477 1449 3790 1506 Lactantius
3844 1452 3955 1524 (de

2345 1539 2560 1611 Opi/ia,
2590 1557 2710 1611 cap.
2744 1539 2800 1613 τ)
2834 1559 2846 1595 :
2885 1541 3020 1598 tUbi
3047 1551 3224 1598 autem
3252 1542 3472 1607 ratio,et
3493 1557 3686 1598 manus
3710 1554 3817 1610 est,
3841 1552 3955 1598 tam

2344 1647 2449 1688 non
2479 1643 2559 1688 est
2593 1633 2643 1688 id
2676 1623 3065 1702 necessarium,
3092 1651 3252 1706 quam
3278 1635 3654 1692 indumentum
3685 1637 3953 1705 pilorum;

2344 1725 2482 1782 adeo
2521 1726 2573 1780 in
2605 1741 2709 1782 suo
2747 1743 2964 1798 quoque
2991 1741 3190 1798 genere
3217 1727 3495 1798 aptissime
3523 1737 3864 1797 congruunt,
3899 1733 3959 1780 ut

635 1821 754 1875 sine
802 1821 1000 1877 sudore
1031 1821 1210 1877 vultus
1259 1824 1430 1877 nostri
1482 1838 1674 1894 panem
1724 1825 1881 1880 nobis
1927 1825 2198 1879 ministrat
2225 1843 2239 1879 :
2273 1810 2321 1870 Β
2350 1832 2523 1888 neque
2555 1818 2700 1878 nudo
2722 1819 3094 1888 quadrupede,
3122 1834 3298 1889 neque
3319 1819 3538 1874 homine
3569 1827 3712 1874 lecto
3736 1819 3958 1889 excogi-

637 1912 748 1968 imo
775 1921 830 1967 et
859 1929 981 1968 cum
1011 1915 1341 1969 coluerimus
1370 1929 1513 1980 eam,
1543 1915 1748 1984 spinas,
1777 1926 1832 1970 et
1863 1915 2091 1970 tribulos
2117 1931 2242 1986 ger-

638 2006 812 2062 minat
837 2007 1013 2062 nobis.
1047 2007 1112 2062 Et
1139 2017 1335 2062 creti-ra
1365 2009 1546 2063 omnia
1570 2008 1839 2079 denique,
1872 2009 1917 2063 si
1958 2009 2246 2080 diligenter

636 2099 1067 2165 consideremus,
1091 2101 1370 2155 servitium
1391 2117 1421 2156 a
1447 2101 1602 2156 nobis
1625 2103 1796 2174 magis
1817 2102 2062 2173 exigunt,
2081 2117 2242 2174 quam

639 2191 903 2247 exhibent
934 2191 1090 2247 nobis
1119 2211 1132 2248 :
1162 2202 1220 2248 ut
1243 2207 1306 2248 ea
1338 2193 1554 2248 interim
1597 2194 1787 2248 sileam
1807 2238 1822 2262 ,
1853 2211 1975 2266 qua:
2001 2207 2125 2250 sunt
2153 2212 2247 2266 pa-

637 2295 754 2340 rata
781 2299 998 2351 nocere,
1033 2295 1091 2340 ut
1110 2294 1198 2341 est
1223 2286 1362 2358 ignis
1382 2285 1449 2342 ad
1477 2287 1837 2353 exurendum,
1865 2302 2004 2357 aqua
2029 2287 2096 2343 ad
2120 2289 2246 2344 sub-

640 2378 1016 2446 mergeudum,
1051 2378 1162 2433 fera
1189 2379 1256 2434 ad
1287 2379 1658 2437 lacerandum.
1691 2383 1757 2438 Et
1784 2381 1902 2438 haec
1924 2381 2144 2454 quidem
2173 2385 2244 2439 ita

635 2483 697 2526 se
726 2468 945 2526 habent.
959 2488 982 2523 ι

715 2561 807 2616 15.
864 2560 973 2617 Sed
1030 2562 1228 2618 minori
1277 2563 1508 2620 fortasse
1556 2580 1782 2621 numero
1832 2569 1991 2622 noxia
2030 2558 2278 2624 .bomini‘

639 2659 800 2718 sunt,
831 2669 993 2723 quam
1034 2655 1149 2710 sint
1187 2655 1417 2711 inutilia.
1466 2655 1622 2726 Quod
1651 2657 2112 2722 emolumentum,
2145 2661 2246 2716 ob-

639 2761 819 2812 secro,
847 2746 953 2810 dic,
983 2747 1208 2817 percipit
1235 2748 1400 2804 homo
1423 2751 1492 2803 ab
1521 2751 1807 2807 innumero
1833 2753 2088 2818 culicum,
2114 2753 2248 2808 alio-

638 2853 867 2906 rumque
912 2840 1279 2896 exillimorum
1312 2843 1639 2898 inscctorum
1689 2845 1962 2911 exercitu,
2004 2860 2113 2916 quo
2149 2861 2249 2901 nos

640 2933 880 2996 obsitos,
914 2934 1102 2989 :esﬁvo
1134 2936 1434 3004 praesertim
1468 2946 1738 3008 tempore,
1763 2938 2070 2992 cernimus?
2096 2937 2250 2992 Anti-

639 3040 746 3095 qua
767 3038 850 3080 εει
873 3030 989 3080 haec
1009 3027 1248 3096 quidem,
1275 3029 1368 3082 sed
1398 3039 1576 3086 tamen
1602 3031 1839 3086 nondum
1857 3031 2122 3087 dissoluta
2147 3031 2248 3088 dil—

641 3119 886 3186 licultas,
918 3135 1082 3190 quam
1123 3120 1384 3176 adversus
1428 3121 1641 3178 Stoicos
1688 3125 2021 3179 intorserunt
2047 3127 2246 3180 vetusti

2349 1912 2447 1968 tari
2476 1911 2766 1983 quidquam
2800 1914 3007 1983 turpius
3029 1922 3266 1984 posset.»

2423 2008 2509 2062 18.
2553 2005 2741 2062 Fletus
2762 2049 2775 2072 ,
2806 2023 2834 2060 a
2880 2022 2990 2077 quo
3019 2007 3144 2062 vita:
3172 2005 3457 2062 exordium
3497 2021 3713 2060 sumere
3745 2003 3958 2060 videtur

2348 2098 2532 2163 homo,
2565 2099 2789 2167 inutilis,
2817 2107 2981 2170 atque
3005 2100 3142 2154 adeo
3167 2098 3330 2156 etiam
3363 2099 3507 2154 noxii
3529 2097 3776 2154 humoris
3801 2109 3960 2152 natu-

2347 2189 2476 2245 ralis
2504 2183 2752 2261 quaedam
2781 2192 3061 2261 expressio
3087 2200 3204 2258 est,
3241 2206 3468 2260 quaeque
3509 2189 3714 2245 nullum
3748 2189 3836 2244 vel
3884 2189 3958 2243 le-

2347 2284 2628 2339 vissimum
2660 2283 2823 2340 habet
2849 2283 3280 2339 incommodum.
3308 2283 3380 2337 At
3399 2280 3485 2336 fac
3514 2280 3735 2336 habere.
3765 2278 3958 2336 Nonne

2347 2375 2479 2430 illud
2513 2376 2702 2430 matris
2725 2418 2738 2440 ,
2773 2376 3110 2446 nutricisque
3149 2389 3280 2430 cura
3325 2372 3568 2428 tollitur?
3601 2371 3781 2440 Quid?
3812 2371 3959 2442 quod

2349 2467 2625 2525 hominem
2668 2471 2736 2523 ah
2776 2469 3134 2530 innocentiae.
3170 2468 3400 2540 ideoque
3426 2467 3701 2524 felicitatis
3730 2483 3961 2523 summae

2347 2568 2494 2616 statu
2514 2603 2529 2626 ,
2558 2577 2622 2616 ac
2663 2561 3000 2616 sublimitate
3033 2561 3372 2631 prolapsum,
3405 2559 3699 2615 multorum
3735 2559 3958 2615 Patrum

2344 2651 2572 2723 judicio,
2607 2655 2766 2710 ﬂetus
2799 2656 2886 2711 ille
2915 2654 3136 2720 indicit,
3173 2653 3400 2723 ideoque
3429 2652 3700 2708 hominem
3732 2663 3918 2707 monet
3939 2692 3959 2718 ,

2350 2754 2410 2800 ut
2440 2745 2550 2802 Deo
2570 2747 2637 2802 de
2667 2749 3013 2813 reparatione
3037 2754 3251 2816 recepta
3274 2745 3478 2816 gratias
3501 2754 3643 2815 agat,
3669 2753 3723 2800 et
3745 2743 3812 2799 ad
3834 2759 3963 2800 eum

2351 2853 2455 2909 per
2481 2854 2670 2909 preces
2709 2855 2871 2908 suas,
2905 2839 3088 2894 auxilii
3120 2839 3344 2910 opisque
3373 2837 3730 2909 assequendae
3759 2851 3924 2892 causa
3943 2877 3961 2904 ,

2348 2931 2644 3002 confugiat.

2359 3067 2365 3076 .
2426 3025 2513 3079 19.
2563 3022 2822 3088 Vincula,
2870 3039 2991 3095 qua:
3035 3029 3427 3078 commemorat
3467 3020 3710 3085 Plinius,
3754 3019 3966 3077 homini

2349 3132 2459 3173 non
2487 3117 2750 3182 officiunt,
2787 3117 2882 3173 sed
2911 3118 3057 3174 illum
3083 3117 3294 3188 juvant,
3329 3125 3404 3182 et,
3433 3125 3492 3172 ut
3517 3115 3584 3171 de
3610 3117 3958 3172 emolumen-

639 3211 974 3268 Academici.
1015 3233 1036 3267 ι
1059 3214 1187 3281 Quae
1213 3224 1356 3270 tanta
1387 3215 1615 3284 utilitas,
1638 3217 1952 3288 inquiebant
1980 3218 2244 3292 illi(Refe—
2273 3197 2320 3262 C
2352 3213 2419 3268 tis
2447 3211 2661 3269 caeteris
2705 3228 2770 3268 ex
2803 3227 2864 3268 ea
2909 3228 2969 3266 re
3011 3211 3455 3283 provenientibns
3496 3210 3720 3276 sileant,
3761 3225 3967 3280 corpus

639 3314 780 3358 rente
819 3303 1087 3360 Lactantio
1111 3307 1166 3360 in
1196 3307 1284 3360 lib.
1319 3306 1382 3360 tle
1402 3306 1493 3362 Ira
1526 3307 1655 3374 Dei,
1687 3326 1805 3379 cap.
1843 3310 1953 3384 l3),
1983 3322 2160 3381 potest
2195 3314 2246 3368 in

645 3399 920 3467 muribus,
965 3399 1018 3454 in
1063 3399 1275 3461 blattis,
1323 3400 1374 3454 in
1417 3402 1764 3472 serpentibus
1797 3404 2130 3472 reperirii...
2166 3409 2246 3460 An

641 3491 908 3548 medicina
955 3493 1008 3548 in
1037 3491 1122 3548 bis
1149 3493 1328 3564 aliqua
1358 3494 1519 3562 latet,
1549 3511 1670 3566 quae
1695 3501 1738 3552 si
1769 3507 1879 3565 est,
1913 3496 2249 3555 inveniretur

640 3584 967 3654 aliquando?
997 3604 1017 3639 ι

714 3679 801 3734 16.
835 3678 940 3734 Sed
991 3680 1224 3749 bestias,
1273 3691 1328 3737 et
1373 3683 1677 3740 animantes
1715 3685 1984 3756 quaslibet
2028 3687 2248 3743 omizta-

643 3789 783 3828 mus.
813 3774 1097 3842 Quodnam
1144 3777 1572 3833 emolumentum
1614 3795 1681 3834 cx
1729 3780 2036 3851 praeruptis,
2088 3775 2248 3852 atque

641 3866 966 3935 inaccessis,
1015 3868 1186 3938 iisque
1235 3869 1414 3924 saxeis
1456 3871 1731 3926 montibus
1777 3872 1940 3928 homo
1988 3873 2247 3945 percipit?

642 3958 923 4027 Quodnam
955 3961 1023 4015 ab
1050 3960 1267 4027 herbis,
1299 3977 1432 4031 quas
1464 3978 1564 4018 nec
1593 3967 1708 4034 ipse
1736 3965 1994 4032 comedit,
2025 3981 2125 4021 nec
2155 3982 2248 4021 co-

643 4051 866 4106 medunt
911 4051 1111 4124 pariter
1165 4055 1392 4110 bestizei
1444 4055 1714 4112 Hactenus
1765 4058 1856 4128 qui
1905 4072 2064 4114 secus
2114 4073 2243 4115 sen-

643 4145 802 4200 tiunt.

715 4237 803 4291 17.
845 4236 1088 4310 Magnam
1120 4254 1282 4309 porro
1314 4239 1545 4303 habent,
1577 4241 1771 4310 fateor,
1803 4243 1938 4308 tunc,
1967 4253 2022 4300 et
2061 4245 2245 4300 aflinia

640 4330 750 4386 alia
791 4330 934 4398 apud
962 4330 1190 4388 Veteres
1227 4333 1712 4391 verisimilitudinis
1741 4337 2011 4407 speciem;
2046 4338 2244 4393 verita-

641 4433 749 4480 tem
792 4436 968 4481 tamen
999 4427 1219 4482 minime
1251 4426 1468 4484 habent.
1515 4429 1569 4482 lu
1619 4443 1688 4484 eo
1724 4429 1868 4499 quod
1903 4429 2134 4499 primum
2178 4447 2243 4486 cx

640 4519 915 4585 Lucretio,
945 4531 999 4576 et
1026 4521 1200 4577 Plinio
1225 4522 1570 4592 desumptum
1594 4533 1715 4590 est,
1747 4523 2033 4580 levissima:
2063 4523 2246 4581 insunt

639 4615 803 4668 vires.
849 4615 926 4668 Ac
969 4617 1148 4668 statim
1190 4613 1485 4670 notandum
1513 4623 1631 4677 est,
1663 4629 1782 4671 eam
1823 4615 1993 4686 ipsam
2022 4657 2037 4683 ,
2081 4631 2241 4686 quam

639 4720 740 4761 nos
766 4706 1080 4770 asserimus,
1117 4706 1430 4776 opinionem
1465 4707 1639 4761 Plinio
1666 4707 1769 4775 ipsi
1801 4708 2021 4762 minime
2051 4709 2240 4781 displi-

640 4801 836 4863 cuisse,
866 4797 994 4854 dum
1029 4798 1143 4854 lucc
1164 4798 1383 4867 scripsit
1407 4799 1494 4872 (in
1514 4798 1812 4869 prmfatione
1841 4801 1934 4855 lib.
1963 4801 2059 4872 vn)
2088 4795 2242 4878 τοί

641 4891 856 4961 quidem
897 4907 1018 4946 cum
1068 4891 1249 4946 omnia
1291 4890 1516 4961 exsequi
1555 4891 1824 4946 humanus
1864 4900 2096 4962 nequeat
2125 4895 2246 4949 ani-

642 5003 795 5055 mus,
825 4969 1147 5058 principium
1175 4985 1300 5055 jure
1340 4986 1605 5042 tribuetur
1631 4985 1871 5055 homini,
1904 4987 2058 5058 cujus
2083 5004 2242 5044 causa

643 5081 854 5136 videtur
879 5088 1073 5135 cuncta
1101 5079 1204 5134 alia
1230 5079 1484 5150 genuisse
1514 5086 1704 5135 natura
1758 5078 1866 5137 Sed
1893 5090 2070 5137 tamen
2093 5082 2250 5154 quid-

532 5227 550 5239 ,
642 5177 769 5246 quid
801 5175 892 5231 ille
921 5175 1173 5239 senserit,
1205 5173 1503 5230 indubitata
1533 5189 1619 5228 res
1641 5185 1742 5238 est,
1765 5175 1838 5231 ab
1862 5177 1949 5238 iis,
1978 5191 2100 5246 quae
2120 5177 2246 5232 sub-

637 5268 786 5338 jicit,
832 5276 886 5321 ct
915 5277 1071 5322 antea
1104 5267 1313 5334 objecta
1346 5277 1472 5322 sunt
1511 5265 1700 5340 (recole
1736 5283 1878 5322 num.
1910 5267 1992 5337 9),
2023 5267 2247 5324 minime

643 5361 968 5417 sententiam
1002 5371 1239 5416 nostram
1263 5359 1543 5415 infirmari.
1575 5359 1814 5424 Scilicet,
1845 5360 1946 5416 nisi
1972 5359 2244 5417 hominem

646 5465 835 5509 natura
866 5451 1083 5510 fecisset
1112 5454 1395 5519 inermem,
1426 5453 1527 5508 nisi
1553 5468 1770 5524 quoque
1795 5453 1984 5508 alienae
2014 5454 2133 5522 Opis
2165 5455 2247 5510 in-

643 5544 826 5617 dignm
858 5545 1260 5612 constituisset;
1296 5547 1620 5616 paratiorem
1649 5544 1800 5600 illum
1829 5545 2048 5601 fecisset
2075 5545 2142 5600 ad
2170 5546 2247 5600 fa-

644 5640 922 5707 ciendam,
949 5656 1112 5711 qnam
1143 5642 1210 5697 ad
1239 5639 1606 5712 repellendam
1643 5640 1894 5711 injuriam
1924 5660 1938 5695 :
1971 5656 2072 5696 nec
2099 5657 2161 5697 ea
2190 5643 2243 5698 in

646 5734 930 5802 puerulum
949 5741 1224 5802 parentum
1253 5734 1489 5788 charitas
1513 5743 1880 5800 exerceretur;
1897 5750 1997 5803 qua
2029 5732 2244 5804 quidem

645 5817 774 5879 dum
816 5813 1046 5880 ex’it‘nius
1096 5815 1380 5896 parentum
1425 5841 1580 5884 amor
1607 5828 1733 5897 erga
1765 5827 1906 5884 filios
1945 5827 2052 5885 tam
2080 5829 2246 5888 certis

2350 3306 2496 3362 illius
2523 3307 2738 3360 firmant
2765 3305 3152 3374 roborantque.
3181 3313 3236 3359 et
3262 3319 3422 3373 quant
3449 3304 3524 3356 illi
3557 3303 3695 3358 Deus
3727 3304 3966 3374 dignita-

2352 3409 2458 3455 tem
2489 3398 2713 3464 tribuit,
2753 3414 2877 3454 cum
2903 3414 2961 3453 os
2990 3399 3188 3454 homini
3217 3397 3435 3452 sublime
3462 3398 3632 3462 dedit,
3675 3397 3966 3467 creluntque

2350 3493 2518 3558 turri,
2551 3504 2606 3546 ut
2639 3492 2871 3547 retineat
2892 3507 2956 3547 ac
2981 3500 3198 3558 servet,
3230 3490 3471 3545 efficiunt
3498 3508 3512 3545 :
3545 3490 3744 3544 etenim
3773 3491 3817 3544 si
3842 3492 3964 3544 vin-

2349 3586 2488 3642 culis
2520 3585 2809 3656 fasciisque
2849 3588 2902 3640 in
2931 3584 3178 3655 pueritiae
3217 3581 3457 3639 exordiis
3502 3582 3720 3655 (quibus
3751 3582 3962 3636 scilicet

2351 3689 2628 3743 erectum,
2656 3677 2995 3749 rigidumque
3023 3677 3229 3748 puerile
3256 3677 3635 3746 corpusculum
3660 3674 3961 3748 detinetur)

2353 3772 2575 3825 minime
2626 3770 3009 3836 thViﬂCil‘Cllll‘,
3075 3768 3302 3839 Pedibus
3350 3767 3467 3839 ipse
3513 3783 3729 3839 quoque
3796 3770 3962 3822 homo

2351 3873 2609 3936 reptaret,
2643 3865 2825 3935 illique
2852 3865 3183 3919 adimeretur
3208 3861 3403 3917 eximia
3433 3861 3527 3916 illa
3568 3861 3779 3918 Boethii
3810 3877 3964 3917 com-

2349 3957 2622 4012 mendatio
2655 3957 2742 4026 (de
2769 3955 2980 4012 Consol.
3015 3972 3068 4020 v,
3102 3955 3157 4020 5,
3189 3957 3249 4024 8)
3279 3973 3292 4010 :

2445 4094 2597 4144 Unica
2624 4107 2751 4158 gens
2774 4095 3021 4144 hominum
3042 4093 3175 4144 levat
3196 4093 3344 4158 altius
3359 4107 3616 4158 cacumen,

2448 4108 2597 4144 unica
2660 4108 2751 4144 ens
2775 4108 3021 4144 nonnnum
3043 4108 3175 4144 levat
3196 4108 3344 4144 aluus
3359 4108 3616 4158 cacumen,

2444 4108 2753 4271 'fqufsfevis
2775 4165 2914 4208 recto
2939 4165 3034 4208 stat
3055 4169 3282 4221 corpore,
3309 4157 3621 4222 despicitque

2491 4233 2586 4268 ert"
2634 4256 2643 4267 .

2491 4233 2643 4268 L‘l'l'ilS.

2419 4345 2509 4401 20.
2547 4348 2614 4402 At
2651 4345 2718 4400 ad
2765 4345 2990 4402 alteram
3035 4345 3396 4415 objectionem
3439 4360 3540 4402 nos
3577 4356 3967 4402 convertamus

2350 4447 2567 4508 oportet
2601 4455 2656 4494 n.
2690 4440 2760 4495 10
2786 4440 3136 4509 propositam.
3173 4439 3326 4496 Dicat
3357 4454 3518 4510 porro
3556 4440 3784 4511 quisque
3814 4439 3964 4511 quod

2352 4529 2522 4586 libet:
2553 4545 2656 4602 ego
2685 4531 2900 4598 quidem
2937 4529 3179 4594 facilius,
3226 4540 3282 4586 et
3320 4531 3706 4602 obsequentius
3733 4532 3964 4589 credam

2351 4622 2667 4694 Scriptum,
2695 4623 2749 4678 in
2775 4638 2880 4692 qua
2911 4638 3010 4678 nos
3039 4623 3198 4680 docet
3229 4624 3396 4688 Deus,
3430 4639 3592 4693 quam
3623 4623 3964 4693 hominibus,

2351 4718 2567 4772 tametsi
2613 4716 2862 4772 doctrina
2915 4717 3325 4786 prtestantibus,
3373 4717 3462 4788 qui
3509 4731 3668 4771 secus
3696 4717 3967 4775 sentiant.

2349 4808 2520 4866 POrro
2550 4809 2667 4864 haec
2694 4810 2746 4865 in
2780 4806 3056 4882 Scriptura
3085 4811 3312 4882 legimus
3334 4808 3546 4884 (Cenes.
3574 4827 3614 4876 ι,
3647 4811 3733 4872 11.
3767 4811 3859 4874 15.
3895 4811 3968 4867 16

2349 4912 2397 4956 et
2428 4903 2515 4972 17)
2547 4919 2560 4955 :
2599 4901 2743 4956 Dixit
2783 4911 2953 4956 autem
2997 4901 3136 4957 Dens
3167 4920 3186 4958 :
3216 4903 3345 4972 ﬁant
3375 4903 3649 4957 luminaria
3677 4902 3731 4956 in
3773 4903 3970 4973 ﬁrma-

2348 5006 2519 5051 mento
2540 4995 2676 5062 caeli,
2708 5007 2759 5050 et
2779 4995 3009 5050 dividant
3031 4997 3169 5050 diem
3193 5013 3254 5052 ac
3273 5007 3488 5060 tractem,
3512 5007 3559 5050 et
3585 4997 3687 5050 sint
3706 4997 3760 5050 in
3785 4997 3969 5067 signa,

2353 5099 2399 5144 et
2421 5099 2674 5159 tempora,
2699 5098 2747 5142 et
2768 5089 2898 5155 dies,
2929 5097 2978 5142 et
3003 5106 3166 5143 annos
3189 5105 3206 5142 :
3235 5099 3294 5143 ut
3323 5090 3522 5143 luceant
3551 5088 3605 5142 in
3637 5089 3970 5153 ﬁrmamento

2353 5183 2498 5250 caeli,
2526 5192 2576 5237 et
2613 5183 2905 5236 illuminent
2936 5191 3156 5249 terram,
3187 5191 3295 5237 etc.
3338 5182 3405 5237 Et
3431 5181 3560 5237 alibi
3606 5181 3727 5254 (Ps.
3756 5197 3968 5250 cxxxv,

2355 5276 2408 5338 7,
2437 5275 2494 5341 8,
2525 5273 2584 5346 9)
2615 5294 2628 5329 :
2663 5274 2766 5342 Qui
2805 5276 2926 5347 fecit
2965 5277 3241 5331 luminaria
3281 5293 3535 5346 magna...
3572 5276 3731 5331 solent
3769 5276 3826 5329 in
3868 5294 3974 5348 po-

2350 5377 2580 5423 testatem
2627 5369 2800 5423 diei...
2847 5369 3054 5434 lunam,
3086 5380 3136 5424 et
3185 5370 3359 5424 stellas
3400 5370 3455 5423 in
3500 5377 3805 5440 potestatem
3837 5359 3973 5424 uoci-

2353 5461 2449 5528 tis,
2480 5471 2584 5517 etc.
2629 5463 2698 5518 Et
2744 5478 2928 5519 rursus
2953 5463 3134 5534 (Deut.
3175 5479 3266 5529 xv,
3301 5464 3427 5534 ill):
3461 5460 3544 5516 Ne
3574 5467 3708 5534 forte
3750 5464 3972 5522 elevatis

2353 5555 2515 5608 oculis
2557 5555 2626 5610 ad
2667 5556 2853 5610 caelum
2872 5596 2887 5619 ,
2935 5553 3109 5610 uideas
3136 5556 3322 5616 solent,
3374 5565 3422 5608 et
3443 5556 3662 5616 .lttnam,
3694 5564 3742 5608 et
3781 5559 3970 5612 omnia

2352 5655 2494 5701 astra
2516 5647 2629 5702 caeli
2647 5688 2662 5712 ,
2693 5657 2740 5702 et
2779 5663 2952 5703 errore
2989 5647 3230 5714 deceptus
3256 5646 3443 5702 adores
3468 5662 3558 5706 ea.
3588 5657 3634 5700 et
3661 5646 3804 5700 colas
3847 5665 3972 5716 qua

2354 5739 2540 5794 creavit
2569 5736 2824 5794 Dominus
2855 5737 2998 5795 Dens
3026 5749 3147 5794 tuus
3169 5741 3220 5793 in
3241 5740 3584 5793 ministerium
3608 5741 3806 5792 cunctis
3835 5758 3969 5808 geu-

2353 5831 2488 5887 tibus
2506 5873 2522 5901 ,
2551 5845 2666 5903 qua:
2693 5831 2787 5888 sub
2811 5832 2939 5889 creto
2974 5841 3112 5889 sunt.
3143 5830 3199 5888 Si
3229 5831 3436 5890 ereavit
3461 5831 3516 5886 in
3552 5829 3922 5887 ministerium
3946 5873 3964 5900 ,
