4248 6258
295 313 398 369 855

296 443 414 496 quat:
442 425 544 479 sub
573 421 716 479 cmlo
741 430 888 486 sunt,
923 425 1092 478 nostri
1127 439 1262 481 sane
1292 440 1458 480 causa
1489 441 1550 480 ea
1576 422 1844 480 condidit.

364 521 458 574 2L
504 517 788 573 Postrema
822 515 983 570 Plinii
1011 518 1196 583 verba,
1253 517 1376 571 Non
1401 534 1496 572 nos
1520 533 1674 572 causa
1706 508 1926 569 Mundo

299 629 493 677 simius,
523 620 664 676 etc.,
694 609 828 664 nihil
857 609 1057 665 habent
1088 611 1233 680 quod
1276 621 1479 667 nostra:
1514 610 1802 666 sententia:
1833 603 1928 660 ol-

299 704 461 761 ﬁciat.
518 702 734 759 Etenim
781 701 835 757 in
865 717 930 758 eo
959 703 1139 771 capite
1171 701 1405 770 irridet,
1439 703 1731 774 rejicitqne
1767 697 1925 769 vulgi

299 797 625 856 sententiam
649 838 665 865 ,
699 798 843 868 quod
894 797 1110 868 quidem
1161 797 1556 864 existimabat,
1591 798 1769 853 sidera
1805 795 1922 850 sitt-

297 890 434 962 gulis
479 888 723 943 attributa
762 888 906 942 nobis
929 929 944 952 ,
977 888 1429 954 claradivitibus,
1462 889 1673 943 minora
1723 901 1924 959 paupe-

300 983 467 1049 ribus,
518 983 739 1036 obscura
768 982 1008 1052 defectis,
1060 993 1107 1036 et
1137 999 1231 1052 pro
1263 993 1400 1036 sorte
1445 985 1704 1054 cujusque
1747 984 1929 1036 lucen-

299 1077 404 1144 tia,
454 1086 503 1130 et
545 1075 795 1130 attributa
825 1075 1149 1130 mortalibus.
1207 1076 1410 1132 llormn
1465 1073 1692 1131 scilicet
1733 1091 1762 1128 a
1795 1088 1929 1129 vero

297 1168 725 1226 remetissimam
757 1167 1070 1240 opinionem
1101 1168 1182 1224 his
1209 1168 1394 1224 verbis
1423 1164 1626 1222 statim
1657 1167 1881 1238 repellit
1908 1183 1923 1219 :

297 1261 414 1330 quia
435 1277 527 1316 nec
549 1277 668 1315 cum
697 1277 791 1316 suo
819 1275 1034 1331 quisque
1065 1260 1270 1315 homine
1311 1271 1426 1314 orta
1458 1262 1772 1316 moriuntur
1793 1302 1807 1326 ,
1840 1275 1932 1314 nec

297 1353 494 1424 aliquid
521 1355 753 1425 extingui
783 1354 1004 1408 deciduo
1027 1353 1324 1426 signiﬁcant
1357 1369 1374 1405 :
1408 1363 1528 1406 tum
1561 1349 1662 1406 illa
1685 1353 1929 1422 subjicit,

296 1461 416 1517 quae
451 1455 581 1501 sunt
603 1445 816 1517 objecta
853 1463 865 1498 :
901 1443 1027 1500 Non
1070 1455 1217 1500 tanta
1245 1446 1354 1500 caeli
1385 1442 1628 1499 societas
1657 1444 1930 1500 nobiscum

295 1549 389 1604 est,
423 1547 480 1591 ut
507 1547 682 1592 nostra
714 1541 824 1609 fato
848 1537 1087 1592 mortalis
1117 1539 1183 1592 sit
1212 1536 1299 1591 ille
1319 1551 1528 1608 quoque
1556 1536 1793 1591 siderum
1814 1537 1926 1607 Iulo

296 1647 410 1704 gor.
457 1630 588 1699 ρυω
619 1631 836 1700 quidem
892 1633 1100 1686 monita
1153 1646 1314 1702 quam
1369 1631 1637 1702 praiclara
1683 1643 1811 1687 sunt
1854 1632 1922 1688 ad

294 1743 410 1783 eam
447 1727 813 1795 refutandam,
845 1744 1010 1797 quam
1044 1727 1368 1797 perstringit
1393 1727 1512 1792 ille,
1541 1731 1874 1784 sententiam
1903 1744 1918 1794 ;

299 1831 402 1878 tam
429 1823 611 1894 inepta
638 1828 794 1892 sunt,
824 1821 868 1876 si
891 1821 1169 1877 adversus
1201 1818 1254 1875 id
1272 1861 1286 1885 ,
1316 1818 1383 1875 de
1404 1835 1511 1888 quo
1539 1822 1752 1892 agimus
1776 1863 1792 1888 ,
1823 1821 1922 1878 ad-

297 1917 583 1972 ducantur.

364 2009 458 2064 22.
502 2009 725 2066 Seneca:
759 2023 922 2078 porro
950 2005 1144 2079 opinio
1180 2016 1335 2061 tanto
1361 2005 1414 2060 in
1457 2008 1630 2075 pretio
1669 2005 1918 2062 habenda

300 2118 406 2157 non
437 2112 523 2156 est
545 2142 562 2165 ,
593 2110 649 2156 ut
688 2100 952 2156 Lactantii
977 2140 992 2166 ,
1025 2095 1353 2169 Augustini,
1385 2105 1550 2167 atque
1570 2097 1710 2153 adeo
1730 2097 1920 2169 Scrip-

303 2206 433 2250 tura:
467 2193 637 2266 ipsius
665 2193 886 2249 monitis
921 2201 1301 2265 praeponatur.
1656 2197 1662 2203 '

369 2287 463 2342 25.
507 2285 774 2357 Pleraque
801 2301 1016 2353 eorum,
1037 2301 1166 2356 qua:
1201 2281 1484 2338 immensis
1507 2282 1768 2340 caelorum
1793 2297 1921 2355 spa-

305 2382 392 2437 tiis
418 2380 974 2451 comprehenduntur,
1005 2375 1260 2449 ignorari
1281 2390 1310 2428 a
1338 2374 1516 2441 nobis,
1545 2373 1686 2430 haud
1719 2376 1920 2430 invitus

308 2476 509 2533 fateor.
540 2474 647 2531 Sed
687 2481 824 2546 quot
863 2472 1019 2528 nobis
1049 2480 1324 2542 prosunt,
1388 2469 1498 2523 imo
1521 2469 1684 2524 etiam
1743 2468 1922 2525 inser-

305 2571 492 2634 viunt,
521 2583 752 2640 qucrum
792 2577 1040 2622 naturam
1064 2606 1080 2632 ,
1117 2579 1176 2620 et
1214 2579 1500 2618 numerum
1558 2578 1782 2634 prorsus
1817 2579 1916 2619 ne-

303 2663 549 2720 scimus?
577 2665 658 2716 An
705 2659 849 2715 aeris
872 2699 889 2728 ,
923 2655 1012 2712 an
1045 2657 1189 2728 ignis
1214 2697 1231 2722 ,
1287 2657 1628 2725 aliorumque
1651 2696 1667 2720 ,
1722 2657 1920 2725 quibus

305 2753 552 2827 quotidie
585 2755 788 2809 utimur
812 2793 828 2819 ,
867 2763 1116 2807 naturam
1169 2752 1456 2813 novimus,
1489 2757 1578 2802 aut
1617 2747 1920 2804 multitudi-

309 2846 471 2904 nem?
503 2846 614 2901 Deo
642 2843 942 2908 credimus,
979 2843 1133 2912 cujus
1160 2839 1472 2897 testimonio
1501 2839 1782 2905 discimus,
1805 2855 1919 2894 om-

309 2941 397 2994 nia
446 2949 590 2993 astra
629 2937 744 2992 caeli
800 2935 869 2991 ab
923 2949 990 2990 co
1021 2944 1202 2989 creata
1258 2933 1426 2988 fuisse
1475 2933 1529 2986 in
1580 2933 1919 2986 ministerium

310 3032 506 3087 cunctis
545 3029 785 3102 gentibus
807 3071 823 3095 ,
859 3042 979 3097 qute
1023 3027 1118 3082 sub
1164 3025 1291 3079 cwlo
1319 3033 1456 3079 sunt.
1489 3023 1637 3078 Alios
1681 3023 1750 3078 ob
1783 3021 1919 3080 lines

309 3123 526 3180 condita
557 3137 620 3177 ea
645 3120 839 3186 fuisse,
871 3118 1098 3174 minime
1125 3131 1293 3186 nego;
1321 3115 1418 3171 sed
1451 3131 1626 3184 neque
1646 3116 1920 3171 allirmare

983 307 1050 365 ΙΝ
1093 308 1352 370 HILARII
1393 310 1612 368 EPIST.
1654 308 1786 368 SEU
1835 303 2080 364 LIBEL.
2124 310 2582 368 DlSSERTATlO
2620 311 2864 371 PRIMA.

3547 325 3654 384 854

1959 425 2015 488 Α
2043 423 2240 480 nielem
2269 435 2530 480 vorarent
2564 470 2579 496 ,
2613 427 2757 483 Deus
2783 433 3033 490 conclusit
3066 453 3156 490 ora
3186 437 3389 494 leonum
3420 441 3654 513 (Daniel.

2031 531 2109 582 vt,
2139 517 2210 572 27
2234 529 2283 572 et
2308 517 2404 589 22)
2425 559 2442 584 ,
2472 534 2568 573 nec
2588 535 2880 579 nocuerunt
2911 527 2956 580 ei
2980 529 3224 595 (Danieli
3244 531 3284 600 ),
3314 542 3362 587 et
3388 533 3536 590 nulla
3566 536 3658 591 la:-

2030 609 2108 662 sio
2133 610 2337 664 irruente
2363 620 2438 664 est
2465 611 2519 664 in
2543 626 2624 678 eo,
2657 615 2787 680 quia
2817 619 3040 675 credidit
3065 619 3176 676 Deo
3215 639 3328 678 suo.
3373 625 3482 694 Et,
3515 636 3574 683 ut
3601 630 3654 686 in

2033 701 2252 792 Daniele
2283 702 2619 770 consistam,
2654 707 2788 775 quid
2833 709 3208 770 admirabilius
3228 756 3242 782 ,
3269 716 3501 788 ideoque
3525 721 3655 792 quid

2030 791 2097 845 ad
2128 791 2218 848 Dei
2254 792 2658 863 providentiam
2702 811 2835 869 erga
2872 805 3076 871 probos
3096 806 3244 864 viros
3270 791 3654 870 declarandam

2030 884 2212 978 aptius
2241 899 2332 950 eo,
2361 883 2510 978 quod
2538 885 2608 978 die
2651 890 2850 946 eodem
2893 895 3118 954 Daniele
3157 899 3458 959 discimus?
3495 916 3658 978 atque

2033 976 2087 1076 id
2109 978 2328 1076 quidem
2350 977 2512 1076 Aipsis
2558 977 2867 1076 scriptura:
2907 992 3088 1048 verbis
3117 995 3324 1054 referre
3351 1000 3483 1056 lihet
3512 976 3660 1076 (Da-

2033 1069 2158 1124 niel.
2190 1087 2278 1125 stv
2301 1111 2316 1136 ,
2346 1070 2420 1126 29
2444 1112 2459 1137 ,
2497 1071 2626 1144 etc.)
2651 1093 2666 1130 :
2710 1076 2849 1134 Vidit
2875 1100 2996 1154 ergo
3019 1103 3132 1154 rem,
3160 1092 3300 1160 quod
3321 1069 3576 1153 irruerent
3603 1101 3658 1155 in

2035 1177 2153 1259 eum
2164 1163 2506 1259 uehementer
2520 1163 2553 1259 _(
2570 1164 2897 1259 Babylonii)
2918 1218 2934 1244 ,
2967 1188 3014 1232 et
3045 1184 3342 1240 necessitate
3364 1191 3658 1259 compulsus

2035 1253 2254 1308 tradidit
2281 1256 2356 1309 eis
2389 1253 2686 1313 Danielem.
2723 1264 2827 1329 Qui
2854 1269 3104 1326 miserunt
3133 1290 3248 1328 eam
3275 1278 3330 1330 in
3357 1253 3526 1335 locum
3552 1283 3658 1337 leo—

2033 1552 2170 1603 oves,
2202 1549 2251 1593 et
2274 1547 2398 1593 tunc
2420 1555 2524 1593 non
2547 1542 2673 1597 data
2698 1559 2846 1615 sunt,
2877 1563 2932 1604 ut
2951 1555 3254 1612 devorarent
3283 1559 3648 1621 Dauielem....

2031 1628 2240 1702 (v.59).
2289 1631 2437 1686 Venit
2458 1648 2580 1703 ergo
2609 1653 2704 1692 rex
2731 1641 2818 1695 die
2845 1646 3060 1715 septimo
3080 1696 3092 1714 ,
3129 1658 3186 1701 ut
3214 1651 3409 1722 lugeret
3448 1654 3647 1712 Danie—

2028 1724 2160 1788 lem,
2193 1735 2240 1778 et
2273 1725 2409 1780 venit
2437 1725 2507 1779 ad
2535 1727 2714 1784 lucum
2732 1774 2746 1799 ,
2776 1745 2825 1788 et
2853 1737 3199 1808 introspexit,
3224 1753 3270 1796 et
3300 1760 3418 1800 ecce
3456 1749 3648 1806 Daniel

1951 1831 1999 1893 Β
2027 1817 2209 1872 sedens
2238 1818 2293 1871 in
2324 1818 2494 1889 medio
2525 1821 2754 1879 leonum.
2785 1825 2857 1881 Et
2875 1831 3180 1886 exclamavit
3202 1849 3321 1890 voce
3345 1854 3534 1909 inagna
3555 1857 3646 1894 rea:

2022 1910 2200 1964 dicens
2230 1926 2249 1964 .'
2281 1911 2506 1984 Magnus
2535 1932 2613 1981 es,
2646 1915 2892 1987 Domine,
2916 1921 3056 1978 Deus
3089 1926 3320 1984 Danielis
3351 1932 3432 2001 (υ.
3459 1933 3637 2004 42)...

2027 2006 2260 2063 Faveant
2290 2026 2469 2067 omnes
2497 2012 2788 2072 habitantes
2817 2020 2871 2072 in
2893 2021 3131 2076 universa
3161 2033 3298 2079 terra
3327 2026 3497 2082 Deum
3525 2030 3637 2085 Da-

2022 2100 2175 2155 nielis
2201 2143 2217 2167 ,
2249 2102 2371 2172 quia
2396 2103 2510 2175 ipse
2535 2105 2783 2164 Salvator
2803 2151 2817 2174 ,
2848 2111 3046 2178 faciens
3076 2116 3226 2186 signa
3246 2157 3260 2182 ,
3300 2129 3351 2172 et
3376 2121 3638 2177 mirabilia

2020 2191 2074 2244 in
2097 2199 2233 2246 terra
2263 2208 2282 2246 :
2308 2195 2397 2271 qui
2425 2195 2660 2251 liberavit
2701 2199 2973 2256 Danielem
3015 2205 3079 2257 de
3121 2205 3237 2259 lacu
3277 2208 3501 2264 leonum.
3553 2214 3635 2268 An

2022 2300 2129 2339 non
2160 2287 2320 2342 etiam
2365 2288 2610 2345 divinant
2657 2295 3106 2364 omnipotentiam
3163 2299 3488 2358 teSIilicatus
3545 2314 3634 2360 est

2022 2377 2110 2434 leo
2138 2379 2250 2448 ille,
2275 2382 2368 2450 qui
2393 2384 2690 2454 prophetae,
2723 2387 2816 2442 Dei
2841 2388 3087 2458 jussihns
3114 2389 3260 2448 haud
3283 2394 3631 2467 obsequenti,

2022 2488 2210 2528 morsu
2262 2492 2450 2532 necem
2501 2479 2713 2546 intulit,
2745 2481 2891 2536 illius
2934 2492 3113 2538 tamen
3147 2487 3380 2542 cadaver
3408 2489 3632 2548 minime

2020 2566 2198 2636 attigit
2229 2566 2321 2639 (lll
2350 2566 2483 2640 Reg.
2515 2585 2640 2632 xm,
2673 2571 2766 2632 24.
2803 2572 2938 2644 25)?

2099 2658 2191 2714 25.
2238 2659 2392 2728 Quod
2425 2676 2590 2731 porro
2613 2673 2723 2718 tum
2751 2665 3009 2737 contigit,
3059 2667 3109 2723 id
3157 2668 3418 2741 deinceps
3462 2673 3626 2730 etiam

2025 2749 2164 2805 haud
2199 2767 2322 2807 rare
2361 2753 2614 2810 evenisse
2659 2757 2946 2824 novimus,
2994 2760 3046 2815 id
3080 2763 3496 2821 tcstllicantihus
3526 2768 3630 2823 Ec-

2019 2844 2336 2900 clesiasticis
2362 2849 2765 2915 monumentis;
2794 2866 2866 2906 ex
2887 2852 3088 2922 quibus
3114 2854 3376 2911 discimus
3402 2898 3417 2923 ,
3453 2858 3630 2929 impe-

2022 2935 2167 2991 ditas
2217 2937 2383 2992 fuisse
2421 2938 2714 3008 aliquando
2757 2942 2938 3007 teras,
2993 2961 3060 2999 ne
3113 2948 3390 3017 expOsitos
3436 2965 3626 3006 eorum

2023 3031 2295 3086 morsibus
2326 3042 2591 3103 martyres
2623 3042 2908 3107 tangerent
2937 3034 3012 3110 (b)
3036 3077 3050 3103 ,
3081 3053 3218 3096 neve
3252 3055 3442 3097 eorum
3463 3042 3628 3097 cada-

2022 3139 2148 3179 vera
2178 3135 2434 3180 vorarent
2471 3121 2565 3197 (c).

311 3216 362 3271 id
406 3228 694 3286 possumus
721 3253 736 3279 ,
795 3225 918 3266 cum
964 3210 1016 3264 id
1065 3224 1287 3280 prorsus
1340 3209 1526 3300 lateat.
1575 3206 1687 3262 Nec
1733 3217 1920 3264 οοιιω-
1946 3213 1992 3276 C
2097 3217 2189 3272 26.
2230 3220 2337 3275 Sed
2370 3221 2511 3282 haec.
2541 3222 2587 3276 si
2615 3222 2731 3286 vis,
2765 3224 3116 3294 omittamus,
3149 3227 3628 3300 consistamusque

309 3308 603 3364 mnendum
633 3306 704 3361 oh
753 3305 918 3359 linem
963 3318 1025 3358 ea
1070 3312 1228 3356 erunt
1257 3299 1473 3356 condita
1501 3341 1516 3366 ,
1543 3300 1588 3354 si
1619 3308 1909 3372 propterea

308 3401 526 3458 condita
555 3409 752 3466 erunt,
787 3408 848 3452 ut
885 3413 953 3452 ex
996 3411 1188 3452 eorum
1236 3399 1418 3466 specie
1457 3410 1814 3465 cxsurgamus
1848 3394 1916 3449 ad

309 3497 544 3553 divinam
585 3494 1038 3565 omnipotentiam
1066 3493 1466 3565 agnoscendum
1494 3533 1509 3558 ,
1547 3508 1611 3549 ac
1640 3509 1918 3548 commen-

309 3590 570 3654 dandam,
599 3589 902 3659 priesertim
929 3603 1093 3658 quum
1120 3595 1226 3641 tam
1257 3585 1568 3656 praestantia
1591 3585 1912 3656 cxitniaque,

309 3694 474 3754 atque
515 3683 776 3738 immensa
802 3722 816 3745 ,
864 3695 1003 3751 pene
1030 3677 1296 3746 dixerim,
1335 3691 1562 3748 corpora
1603 3679 1656 3732 in
1689 3678 1918 3733 ministe-

307 3779 448 3832 rium
476 3786 710 3832 nostrum
736 3789 860 3832 esse
887 3773 1144 3830 voluerit.

380 3870 472 3926 2t.
519 3870 684 3925 Feras
730 3883 915 3939 porro,
939 3874 1101 3938 atque
1131 3865 1370 3922 immites
1401 3863 1638 3932 bestias,
1679 3879 1915 3921 veneno-

308 3979 506 4035 sasque
525 3974 578 4018 et
601 3963 929 4026 animantes,
954 3970 1009 4016 et
1035 3958 1230 4015 herbas
1251 3957 1725 4029 condiditquidem
1751 3959 1910 4024 Deus,

309 4073 418 4111 non
463 4065 754 4127 propterea
782 4066 960 4112 tamen
1008 4051 1127 4107 hac
1158 4051 1394 4107 hominis
1422 4066 1585 4107 causa
1635 4067 1758 4132 non.
1785 4066 1914 4107 con-

308 4147 466 4205 didit.
495 4150 550 4204 Si
587 4151 862 4205 hominem
895 4147 1210 4202 innocentia
1256 4147 1434 4201 adhuc
1471 4147 1697 4216 potitum
1742 4146 1911 4217 inSpi-

309 4243 423 4310 cis,
457 4243 570 4298 huic
590 4286 605 4311 ,
635 4253 688 4300 et
719 4243 822 4299 alia
853 4242 1096 4312 qumvis,
1131 4241 1480 4311 quantmnvis
1522 4242 1758 4311 pessima
1816 4243 1914 4296 liii-

307 4351 443 4408 gas,
476 4335 700 4392 minime
745 4350 951 4392 nocere
996 4333 1078 4389 illi
1107 4344 1355 4403 poterant
1395 4332 1491 4406 (α).
1540 4333 1596 4390 Si
1646 4335 1716 4390 ab
1759 4336 1914 4390 inno-

306 4433 483 4488 centia
508 4433 856 4503 prolapsum;
889 4430 956 4486 ad
987 4430 1298 4486 terrendum
1337 4429 1612 4487 hominem
1632 4475 1647 4498 ,
1671 4446 1909 4502 eumque

305 4525 710 4580 admonendum
742 4539 807 4580 ea
846 4524 1058 4595 posuit,
1091 4523 1255 4578 neab
1279 4522 1425 4577 illius
1445 4522 1786 4592 jussionilms
1814 4523 1911 4579 de-

2023 3311 2076 3365 in
2101 3313 2366 3388 exemplis
2396 3313 2460 3369 iis
2483 3358 2498 3381 ,
2528 3331 2650 3386 quae
2680 3317 2921 3387 quotidie
2949 3320 3335 3389 conspicimus.
3383 3320 3468 3377 An
3516 3338 3628 3380 non

2020 3403 2314 3459 venenosis
2342 3403 2476 3474 ipsis
2517 3407 2882 3462 animantibus
2913 3411 3116 3465 utimur
3138 3451 3152 3479 ,
3185 3426 3482 3484 earumque
3507 3429 3629 3470 car-

2021 3511 2138 3560 nes.
2164 3507 2218 3552 et
2249 3513 2512 3552 venenum
2543 3499 2718 3567 ipsum
2745 3500 2797 3554 in
2823 3501 3147 3557 medicinam
3173 3505 3466 3559 vertimus?
3490 3506 3626 3575 Quis

2020 3590 2193 3643 nescit
2227 3605 2328 3643 nos
2360 3605 2608 3646 ursorum
2637 3634 2651 3657 ,
2677 3603 2730 3647 et
2757 3593 3085 3665 reliquarum
3129 3589 3626 3666 ferarum'pellibus

2023 3681 2097 3735 uti
2127 3681 2193 3734 ad
2240 3679 2409 3752 frigus
2437 3682 2798 3754 abigendnm,
2840 3703 3044 3759 easque
3077 3691 3130 3744 in
3170 3699 3413 3745 nostrum
3443 3691 3626 3761 ipsum

2017 3773 2446 3830 emolumentum
2487 3778 2851 3833 convertere?
2879 3780 3006 3836 Hinc
3031 3797 3162 3837 sane
3192 3781 3237 3836 si
3268 3783 3414 3838 serio
3445 3793 3627 3843 atten-

2017 3868 2228 3932 damus,
2255 3867 2396 3922 haud
2430 3867 2579 3924 inviti
2610 3870 2925 3942 fatebimur,
2948 3875 3089 3947 quod
3117 3875 3358 3930 ahinitio
3387 3878 3624 3946 positunt

2016 3970 2132 4028 est,
2156 3977 2388 4032 corpora
2423 3964 2632 4021 scilicet
2654 3967 2878 4034 qumvis,
2907 3969 3118 4024 tametsi
3147 3972 3621 4043 prmsmntissima,

2017 4054 2230 4110 tametsi
2262 4054 2530 4110 interdum
2549 4058 2732 4125 noxia,
2754 4059 3163 4117 hominiscausa
3189 4061 3357 4118 fuisse
3377 4065 3618 4122 condita.

2087 4148 2178 4204 27.
2227 4147 2303 4202 Ea
2337 4163 2499 4216 porro
2533 4150 2759 4206 rationis
2782 4151 2894 4222 vis,
2930 4155 3313 4226 intelligentia,
3342 4169 3406 4211 ac
3436 4159 3621 4215 cousi-

2017 4242 2170 4310 lium,
2199 4243 2400 4314 quibus
2431 4245 2689 4314 prtcditus
2722 4247 2887 4301 homo
2922 4264 2949 4301 a
3000 4249 3112 4304 Deo
3140 4260 3254 4317 est,
3283 4251 3326 4305 si
3358 4250 3506 4306 illum
3529 4253 3620 4324 ju-

2015 4347 2173 4417 vant,
2222 4345 2278 4390 ut
2332 4337 2523 4392 noxias
2550 4336 2697 4407 ipsas
2736 4338 3041 4396 animantes
3089 4345 3140 4396 in
3170 4341 3458 4399 utilitatem
3485 4360 3618 4401 con-

2015 4437 2187 4485 vertat
2217 4444 2392 4499 suam,
2419 4431 2593 4487 multo
2621 4433 2790 4504 magis
2809 4434 3022 4502 juvant,
3058 4446 3116 4490 ut
3137 4449 3324 4491 earum
3356 4439 3616 4509 impetus,

2014 4537 2078 4577 ac
2107 4521 2364 4580 ferociam
2394 4523 2594 4588 evitet,
2644 4525 2965 4597 eludatque;
2999 4538 3092 4581 aut
3135 4527 3180 4582 si
3211 4525 3353 4584 forte
3397 4531 3620 4590 eludere

305 4619 484 4684 liciat,
515 4623 606 4691 qui
642 4621 863 4678 armavit
887 4627 1178 4674 creaturam
1213 4617 1282 4672 ad
1307 4617 1554 4673 ultionem
1584 4619 1912 4674 inimicorum
1938 4607 1992 4668 D
2019 4629 2124 4668 non
2156 4622 2366 4684 potest,
2409 4624 2460 4670 et
2492 4615 2722 4682 evitare,
2753 4619 2992 4674 remedia
3021 4618 3134 4686 illi,
3166 4634 3230 4674 ac
3259 4619 3618 4680 medicamina

304 4730 518 4768 suorum
548 4713 704 4785 (ευρ.
739 4731 789 4779 v,
823 4714 934 4784 l8).
964 4714 1034 4768 Ea
1066 4711 1291 4769 consule
1322 4711 1734 4782 Scripturarttm
1768 4714 1910 4779 loca,

307 4821 434 4876 qua:
475 4807 526 4861 in
560 4805 768 4877 paginae
797 4806 947 4861 calce
995 4815 1122 4860 nato
1151 4801 1336 4878 (Leuit.
1379 4819 1538 4871 xxvi,
1573 4805 1679 4871 22;
1727 4803 1916 4860 Dente-

307 4915 430 4952 ron.
474 4913 620 4953 xxxii
641 4939 654 4962 ,
690 4897 761 4954 24
788 4938 804 4958 ,
837 4906 887 4952 et
915 4896 1006 4952 tib.
1035 4895 1104 4952 IV
1129 4894 1264 4966 Reg.
1294 4911 1367 4962 tt,
1412 4895 1528 4967 2‘).
1556 4895 1733 4965 Quid?
1773 4896 1915 4968 quod

307 4989 426 5060 ipsa
457 4990 669 5046 leonum
713 4988 903 5046 feritas
944 4989 1177 5044 divinam
1221 4989 1669 5058 omnipotentiam
1717 4989 1911 5043 mirum

307 5081 366 5138 in
403 5083 622 5139 modum
653 5099 758 5138 non
798 5098 925 5137 raro
955 5078 1369 5136 commendavit.
1398 5079 1537 5147 Quid
1577 5078 1911 5148 inusitatius,

245 5218 258 5224 -
308 5175 544 5246 ideoque
564 5172 691 5246 quid
714 5174 781 5228 ad
803 5173 1036 5229 divinam
1056 5170 1502 5242 omnipotentiam
1526 5171 1910 5228 celebrandam

306 5265 493 5337 aptius
519 5280 585 5321 eo
608 5274 881 5336 portento,
903 5263 1048 5336 quod
1071 5272 1181 5318 tum
1202 5263 1468 5334 contigit,
1499 5279 1665 5334 quum
1704 5279 1776 5320 ne
1808 5264 1908 5320 Da-

384 5431 466 5500 (a)
511 5429 641 5486 Vide
668 5431 893 5487 obsecro
914 5443 1032 5499 qua:
1060 5425 1160 5500 hoc
1190 5413 1353 5500 super
1394 5433 1712 5500 argumento
1744 5424 1904 5500 docet

303 5495 643 5572 Augustinus
665 5503 701 5557 Ι.
729 5502 836 5557 ide
857 5495 992 5556 Gen.
1019 5499 1276 5553 adversus
1304 5495 1690 5563 Manichc-ls,
1723 5513 1777 5550 n.
1803 5497 1898 5554 29.

388 5594 474 5666 (b),
506 5593 740 5666 lgnatius
767 5593 966 5666 Mariyr
993 5587 1416 5666 in_Ep.istola_ad_
1435 5587 1594 5666 ἣρω.
1624 5588 1901 5666 n._4;_Eu-

305 5657 590 5721 scthisTt.
622 5666 712 5721 lib.
745 5679 870 5729 vni,
901 5657 1261 5734 cap.ﬁ7;;Acta
1293 5657 1350 5714 S.
1383 5657 1440 5716 S.
1469 5657 1732 5734 Inachi,
1763 5660 1896 5734 Pro-

306 5741 364 5793 ω
391 5782 407 5804 ,
440 5746 550 5794 etc.
578 5779 594 5801 ,
623 5755 677 5793 η.
710 5738 776 5798 10
800 5779 814 5804 ,
842 5731 980 5807 apud
1027 5731 1286 5796 Ruinart,
1317 5746 1437 5802 pag.
1491 5731 1598 5789 592
1643 5731 1897 5789 editionis

306 5809 667 5867 Veronensis.

2008 5496 2235 5552 Ruinart
2277 5517 2332 5554 tt.
2365 5499 2437 5553 42
2467 5517 2479 5554 :

2017 4717 2238 4778 pra-stet
2268 4705 2531 4764 adversus
2575 4724 2762 4766 earum
2796 4725 3036 4778 venena,
3069 4727 3132 4768 ac
3171 4728 3385 4768 morsus
3413 4731 3427 4768 :
3459 4719 3536 4771 sic
3561 4727 3620 4773 ut

2017 4802 2279 4858 rasissimi
2311 4803 2452 4869 sint,
2492 4819 2628 4875 quos
2662 4806 2932 4872 ferarum,
2979 4821 3046 4863 ac
3090 4809 3424 4878 serpentium
3474 4827 3617 4868 mor-

2017 4893 2166 4949 sibus
2199 4894 2516 4951 interfectos
2542 4899 2964 4970 conspiciamus,
2989 4909 3149 4971 atque
3177 4903 3316 4956 inter
3349 4902 3448 4958 hos
3470 4904 3617 4974 ipsos

2018 4988 2220 5041 multos
2241 4989 2500 5058 reperies,
2529 4990 2619 5058 qui
2653 4991 2798 5047 feras
2829 4993 2998 5062 ipsas,
3021 5007 3084 5048 ac
3105 5005 3389 5064 serpentes
3417 4998 3468 5052 in
3497 5014 3618 5066 per-

2017 5079 2212 5134 nieiem
2242 5093 2395 5134 suam
2423 5088 2630 5136 temere
2661 5082 2960 5138 irritarent.
2995 5083 3125 5152 Quis
3153 5100 3335 5154 porro,
3384 5096 3442 5143 ut
3463 5088 3615 5146 Scri-

2016 5172 2388 5242 ptnrte-verhis
2411 5180 2527 5228 utar
2553 5171 2796 5248 (Eccles.
2829 5191 2926 5242 χιι,
2957 5176 3072 5249 15),
3097 5178 3420 5236 miserebitur
3445 5185 3614 5239 omni-

2016 5264 2138 5331 bus,
2165 5266 2253 5336 qui
2276 5267 2697 5338 appropinquant
2725 5269 2896 5325 bestiis
2923 5271 2948 5324 .9

2081 5427 2162 5507 (_c)
2204 5425 2495 5507 Eusehade
2524 5425 2848 5507 yartyribus
2875 5428 3182 5496 Palestina,
3213 5447 3334 5504 cap.
3364 5451 3416 5491 χι
3443 5437 3614 5507 (apud

2515 5499 2746 5568 Quorum
2763 5569 2776 5580 ‘
2792 5513 3122 5580 sacrosancta
3151 5499 3438 5580 cado-uera,
3452 5499 3462 5507 ’
3477 5499 3612 5580 etc.)

2007 5571 2139 5624 Acta
2169 5567 2672 5647 §_Yi_ncentii,cap.
2697 5588 2736 5647 _x
2755 5569 2916 5645 (apud
2945 5572 3216 5647 Ruinart.,
3241 5577 3352 5631 edit
3383 5567 3609 5647 verem,

2005 5653 2124 5722 pag.
2173 5640 2335 5722 3281:
2369 5645 2566 5722 Atque”
2695 5640 2899 5722 ipsum,
2926 5645 3164 5722 quod__i_n
3198 5640 3613 5722 ActisLlegitnr

2003 5713 2164 5794 etiam
2209 5711 2261 5794 in
2292 5711 2567 5794 Prudentii
2588 5711 2842 5794 ﬂaymnoA
2863 5715 2928 5770 de
2946 5711 3018 5773 ’S.
3061 5715 3319 5775 Vincentii
3351 5711 3612 5794 Mariyrio

2002 5783 2295 5856 inscripto,
2333 5783 2556 5856 strophe
2585 5783 2698 5855 99',
2743 5786 2848 5843 1υο
2870 5829 2886 5857 ,
2913 5798 3020 5844 etc.
