4248 6258
295 281 407 342 857
1063 281 1134 340 ΙΝ
1173 283 1288 344 ιιιι
1305 286 1430 344 ιιιιι
1469 289 1689 348 EPIST.
1729 291 1861 350 SEU
1901 290 1916 348 l

2023 292 2121 349 EL.
2161 285 2624 352 DlSSER'I'ATlO
2665 287 2913 352 PRIMA.
3532 305 3642 364 858

293 402 444 460 libus
485 397 664 455 brutis
715 396 965 469 ferisque
1021 398 1290 459 inservire
1339 423 1351 459 :
1387 415 1590 464 terrent
1635 411 1779 466 enim
1827 423 1925 465 nos
1952 417 2005 479 Α
2031 410 2209 481 Πεπμιθ
2247 411 2381 467 adeo
2411 407 2703 480 'siquidem
2736 407 2792 461 in
2823 407 2968 468 hunc
2998 415 3214 472 modum
3248 421 3428 476 omnia
3481 425 3637 477 nobis

295 500 463 554 etiam
497 497 746 552 latrones
771 536 787 560 ,
818 501 988 564 autne
1013 509 1114 550 eos
1143 497 1432 569 effugimus
1456 543 1471 566 ,
1519 515 1617 558 nec
1642 515 1925 574 propterea
2027 514 2385 576 conparantur
2415 505 2466 556 in
2497 501 2726 564 bonum,
2757 511 2814 554 ut
2846 502 2992 561 inter
3013 507 3128 564 btec
3155 512 3333 566 omnia
3356 513 3519 568 etiam
3541 529 3630 582 ea,

295 590 609 650 latronibus
631 587 907 644 inservire
933 585 1191 645 dicimur.
1245 591 1356 650 Sed
1386 602 1606 664 prastat
1622 595 1928 666 prteclaris-
2026 612 2144 667 quae
2175 597 2308 651 nihil
2356 603 2483 649 sunt
2506 634 2519 656 ,
2568 606 2934 651 numerentur
2956 640 2970 666 ,
3019 600 3264 658 molestia
3287 645 3300 670 ,
3333 604 3552 661 morbus
3579 612 3638 661 et

295 686 451 742 simis
471 681 857 756 Chrysostomi
884 679 1073 736 verbis
1097 698 1213 739 rem
1245 693 1410 740 totam
1435 703 1709 758 exponere
1739 704 1752 741 :
1793 687 1925 743 «Ve.

295 793 415 834 rttm
443 777 531 834 hic
565 775 814 832 Gentiles
846 772 1067 843 (inquit
1097 773 1225 847 ille)
1261 776 1495 850 (Haurit.
1523 796 1572 835 ιι
1603 779 1732 835 Gen.
1761 797 1815 836 ιι.
1849 778 1920 851 5)

292 870 346 924 in
373 888 476 928 nos
500 873 812 943 insurgunt,
845 875 902 924 et
921 866 1112 922 dicunt
1139 887 1153 924 :
1187 872 1530 943 ϐυηηιοιιιυιιι
1556 885 1661 943 εει,
1689 877 1792 934 hoc
1811 891 1918 932 non

288 977 415 1021 esse
464 979 656 1022 verum
685 981 699 1018 :
728 980 836 1020 non
867 963 1016 1020 enim
1063 960 1412 1023 dominamur
1455 969 1580 1026 feris
1602 1012 1616 1037 ,
1659 970 1920 1040 qttcmad-

284 1055 514 1114 modum
559 1056 837 1127 pollicitus
879 1062 1005 1120 est,
1035 1055 1135 1108 scd
1186 1057 1316 1126 ipsa:
1355 1060 1514 1115 nobis
1556 1063 1754 1130 potius.
1801 1061 1919 1116 into

277 1161 392 1202 non
425 1161 631 1206 verum
665 1157 749 1204 est
778 1147 924 1219 quod
956 1147 1012 1202 hi
1037 1145 1329 1217 objiciunt.
1360 1151 1494 1207 Nam
1520 1167 1646 1208 mox
1676 1161 1734 1206 ut
1759 1167 1918 1223 appao

271 1241 452 1296 ruerit
485 1241 683 1308 homo,
715 1241 843 1297 ferai
875 1242 1056 1311 fugam
1090 1241 1314 1297 faciunt.
1343 1243 1498 1312 Quod
1534 1246 1579 1300 si
1613 1243 1914 1314 aliquando

264 1332 354 1388 vel
399 1332 557 1390 fante
591 1344 822 1405 urgente
845 1374 858 1398 ,
887 1334 969 1388 vel
1002 1333 1160 1388 nobis
1190 1334 1315 1392 illas
1357 1337 1794 1401 lacessentibus,
1844 1338 1915 1394 ab

260 1423 348 1478 eis
390 1424 670 1480 damnum
701 1426 1034 1494 accipimus,
1066 1429 1172 1482 hoc
1199 1441 1307 1484 ιιοιι
1345 1427 1403 1481 fit
1429 1429 1555 1482 ideo
1579 1465 1594 1490 ,
1631 1428 1775 1497 quod
1806 1427 1914 1485 illis

263 1513 317 1568 in
356 1532 462 1572 nos
488 1517 564 1574 sit
599 1517 924 1587 imperium.
959 1517 1055 1572 sed
1095 1518 1170 1574 ob
1212 1520 1429 1589 culpam
1475 1527 1747 1573 nostram.
1776 1518 1912 1574 Nam

262 1622 395 1665 cum
447 1611 702 1666 latrones
731 1623 832 1664 nos
859 1608 1151 1677 invadunt,
1181 1612 1226 1667 si
1259 1626 1372 1667 non
1408 1609 1789 1680 negligimus,
1815 1611 1913 1665 sed

271 1704 326 1758 in
352 1702 479 1760 illos
506 1717 667 1760 arma
697 1717 996 1770 sumamus,
1028 1703 1080 1758 id
1115 1721 1222 1761 non
1257 1705 1386 1762 ideo
1416 1706 1516 1766 fit,
1561 1699 1711 1770 quod
1743 1701 1917 1772 impe-

2026 687 2138 757 ipsa
2168 703 2312 741 mors
2341 687 2531 746 etiam,
2562 688 2619 734 et
2648 696 2991 747 peccatum.»

2097 783 2188 840 35.
2231 780 2578 838 Perstitimns
2603 773 2880 836 hactenus
2905 783 2958 839 in
2990 784 3076 851 iis,
3099 803 3218 858 qua:
3241 788 3448 850 homini
3475 791 3634 848 noxia
3693 817 3700 828 I

2021 875 2334 932 creduntur.
2369 867 2531 944 Quod
2561 864 2628 920 ad
2661 882 2726 922 ca
2773 875 2992 944 attinet,
3021 895 3143 950 qua:
3191 880 3436 948 inutilia;
3487 883 3633 938 (ιιιιι-

2021 967 2273 1028 cultatem
2318 963 2465 1024 hanc
2511 971 2920 1036 pracVenerunt,
2969 985 3033 1028 ac
3077 987 3297 1042 prorsus
3341 973 3635 1032 dissolvere

2019 1074 2078 1116 se
2123 1075 2283 1130 posse
2331 1058 2631 1130 Speraruttt
2677 1055 2873 1128 Stoici,
2903 1075 3188 1128 monentes
3217 1081 3462 1136 magnam
3503 1081 3629 1136 par-

2021 1159 2127 1208 tem
2159 1168 2372 1216 corum,
2405 1159 2533 1220 quin
2580 1141 2787 1206 homini
2829 1154 3038 1214 inutilia
3070 1158 3259 1230 vulgus
3289 1167 3496 1226 censet,
3537 1175 3628 1214 re-

2017 1259 2143 1308 vera
2193 1259 2315 1304 esse
2342 1234 2914 1318 utilissima,_tametsi
2966 1264 3152 1308 eorum
3196 1249 3398 1306 utilitas
3443 1251 3626 1306 statim

2017 1352 2124 1394 non
2153 1345 2387 1394 constet.
2420 1331 2594 1390 Aiunt
2617 1335 2805 1408 enim,
2833 1350 2889 1393 nt
2914 1342 3090 1398 verbis
3131 1357 3318 1400 eorum
3344 1342 3625 1400 Lactantio

2016 1427 2287 1484 referente
2320 1424 2410 1498 (de
2440 1422 2535 1478 Ira
2579 1425 2676 1481 Dei
2706 1447 2826 1503 cap.
2855 1432 2944 1503 15)
2993 1444 3135 1500 utar,
3171 1452 3190 1484 ι
3214 1434 3374 1492 Multa
3419 1449 3540 1492 esse
3569 1433 3624 1487 in

2014 1518 2386 1588 gignentibus,
2420 1527 2468 1570 el
2501 1515 2554 1571 in
2582 1535 2810 1579 numero
2839 1524 3174 1589 animalium,
3201 1541 3426 1595 quorum
3449 1526 3626 1579 adhuc

2015 1608 2184 1666 lateat
2225 1609 2460 1674 utilitas,
2506 1610 2599 1665 sed
2631 1628 2750 1670 eam
2785 1631 3043 1686 processu
3076 1618 3333 1686 temporis
3363 1617 3623 1682 inveniri;

2016 1703 2157 1756 sicut
2184 1705 2299 1772 jam
2329 1701 2478 1768 plura
2506 1706 2771 1773 prioribus
2793 1711 3007 1766 saeculis
3039 1707 3334 1782 incognita,
3385 1711 3625 1766 necessi-

279 1799 417 1854 rium
448 1798 498 1852 in
531 1811 636 1851 nos
669 1794 984 1862 obtineant,
1015 1796 1107 1852 sed
1138 1799 1285 1867 quod
1317 1807 1529 1854 nostra:
1577 1791 1747 1846 saluti
1789 1808 1911 1863 pro.
1941 1797 1990 1858 B
2018 1800 2119 1855 tas,
2153 1804 2214 1848 et
2243 1805 2377 1845 usus
2399 1794 2717 1854 invenerit.»

283 1896 592 1968 spiciamus.
635 1911 660 1945 ο
693 1891 894 1947 Eadem
933 1891 1220 1962 ipsissimis
1268 1896 1380 1949 fere
1431 1888 1626 1947 verbis
1671 1887 1801 1943 alibi
1829 1903 1918 1943 re-

289 1993 414 2062 petit
440 1990 651 2060 (Serm.
689 2003 747 2043 ut
790 1988 842 2042 in
867 1985 1049 2042 Genu.
1081 2005 1137 2043 ιι.
1167 1986 1219 2052 5,
1246 2006 1365 2062 pag.
1394 1989 1468 2044 66
1539 1993 1672 2039 tom.
1729 1991 1782 2038 tv
1808 1984 1917 2038 etii-

291 2087 439 2142 lionis
471 2082 857 2155 Hontfaurom'i
876 2079 914 2152 ).

362 2182 450 2238 5i.
493 2177 758 2237 Eamdem
785 2175 1151 2231 diliicultatem
1179 2176 1344 2231 evitat
1374 2173 1758 2246 Augustinus,
1785 2172 1915 2228 dum

297 2275 489 2330 fatetur
517 2275 696 2344 aliqua
721 2287 786 2330 es
810 2281 958 2340 parte
986 2270 1240 2324 amisisse
1276 2284 1374 2324 nos
1399 2269 1741 2340 dignitatem
1763 2309 1778 2334 ,
1809 2282 1917 2339 qua

297 2367 420 2424 facti
450 2381 639 2422 sumus
679 2363 745 2419 ad
783 2363 1064 2434 imaginem
1096 2363 1229 2427 Dei,
1259 2360 1469 2431 quando
1504 2362 1804 2416 amisimus
1831 2363 1919 2415 in-

301 2464 644 2524 nocentiam;
673 2461 746 2514 ita
776 2468 952 2513 tamen
1002 2472 1101 2511 nos
1147 2455 1399 2510 amisisse
1427 2455 1629 2509 fatetur
1661 2470 1728 2509 ea
1753 2497 1765 2520 ,
1798 2471 1922 2525 qua:

302 2555 609 2615 amisimus,
638 2562 698 2604 ut
725 2561 908 2619 neget,
937 2563 1157 2619 prorsus
1188 2547 1440 2602 amisisse
1461 2587 1474 2610 ,
1501 2547 1924 2616 contendatque

305 2657 668 2716 perseverare
712 2640 891 2695 adhuc
937 2643 991 2694 in
1029 2640 1250 2695 homine
1292 2645 1620 2709 potestatem
1677 2639 1731 2692 in
1781 2639 1926 2693 feras

305 2743 480 2811 ipsas,
510 2749 564 2794 et
591 2737 839 2802 belluas,
875 2735 1003 2791 dum
1038 2737 1184 2806 ipsas
1213 2733 1566 2797 edomamus,
1607 2747 1711 2786 nec
1744 2743 1928 2788 tamen

306 2832 377 2888 ab
399 2832 465 2885 iis
487 2828 704 2884 domari
723 2841 824 2883 nos
845 2828 1096 2884 sinimus.
1121 2826 1230 2882 Sed
1253 2835 1476 2896 praestat
1494 2825 1607 2892 ipsa
1637 2825 1926 2894 Augustini

309 2926 516 2981 monita
548 2921 738 2977 audire
763 2922 780 2992 (
801 2921 922 2975 Lib.
954 2936 971 2976 ι
1007 2922 1071 2975 de
1099 2920 1284 2976 Cenes.
1308 2928 1488 2973 contra
1535 2917 1766 2971 Maniclt.
1803 2935 1922 2989 cap.

317 3018 419 3081 l8,
453 3016 586 3069 alias
634 3031 689 3068 n.
721 3012 815 3085 29)
852 3028 866 3066 :
901 3033 920 3065 ι
960 3010 1265 3084 Aliquando
1309 3011 1469 3064 etiam
1513 3008 1695 3064 solent
1740 3009 1926 3064 dicere

312 3107 646 3182 (Maniclnei)
680 3124 695 3161 :
728 3107 1006 3177 quomodo
1025 3105 1236 3173 accepit
1255 3103 1420 3158 homo
1452 3108 1774 3172 potestatem
1809 3103 1920 3171 pis-

2091 1883 2186 1937 54.
2221 1882 2560 1958 Quamquam
2585 1907 2809 1950 necesse
2849 1910 2954 1948 non
2981 1905 3084 1962 est,
3121 1903 3175 1948 ut
3199 1894 3264 1950 ad
3296 1894 3624 1950 solutionem

2020 1975 2190 2040 hanc.
2224 1990 2356 2042 quae
2379 1986 2662 2056 casteroqui
2691 1987 2846 2043 valde
2873 1987 3164 2058 probabilis
3210 1998 3314 2052 est,
3348 1987 3630 2058 confugia-

2019 2079 2168 2120 mus.
2239 2065 2320 2121 Ea
2374 2077 2602 2148 quippe,
2654 2093 2773 2149 qum
2834 2079 3035 2136 homini
3091 2079 3299 2135 iuniilta
3351 2081 3625 2147 dixerunt,

2018 2157 2329 2218 utilissima
2399 2186 2515 2226 esse
2567 2172 2846 2241 novimus;
2901 2185 3081 2245 atque,
3133 2183 3195 2229 ut
3246 2181 3632 2245 pra-tereamus

2020 2251 2328 2312 utilissima
2379 2261 2662 2334 declarari,
2715 2275 2981 2337 quatenus
3028 2266 3094 2323 iis
3141 2265 3432 2338 aliquando
3464 2265 3635 2320 utitur

2027 2345 2190 2412 Densi,
2237 2359 2303 2405 ut
2329 2357 2774 2426 omnipotentiam
2803 2373 2979 2422 suam,
3011 2375 3072 2415 ac
3103 2360 3378 2415 robustam
3409 2365 3629 2413 manum

2026 2440 2321 2512 ostendat;
2352 2437 2454 2519 qua
2484 2450 2552 2506 de
2579 2467 2636 2505 re
2665 2453 2890 2507 censuie
2919 2467 3040 2522 quae
3075 2453 3210 2508 iiber
3234 2447 3404 2509 Exodi
3451 2452 3638 2522 copio-

2028 2533 2247 2591 sissitue
2297 2541 2457 2599 docet
2497 2543 2694 2615 (Exod.
2729 2557 2843 2611 Vm,
2874 2546 2962 2612 i7,
2991 2557 3121 2614 etc.,
3145 2547 3239 2612 24,
3271 2549 3404 2620 etc.)
3433 2568 3444 2602 :
3475 2560 3532 2603 ut
3557 2547 3637 2616 ld,

2028 2630 2268 2701 inquam,
2317 2647 2728 2708 prmtercamus,
2761 2656 2828 2696 an
2881 2658 2986 2699 non
3018 2642 3376 2699 minutissima
3427 2644 3640 2700 insecta

2031 2723 2236 2780 homini
2305 2729 2592 2788 utilissima
2644 2743 2804 2804 sunt,
2858 2729 3299 2808 quandoquidem
3347 2753 3532 2794 eorum
3583 2743 3641 2793 et

2031 2815 2401 2885 multitudine,
2435 2835 2489 2878 et
2517 2837 2739 2895 genere,
2773 2841 2836 2882 ac
2867 2827 3128 2885 varietate
3171 2829 3392 2885 Divinus
3435 2827 3637 2885 artifex

2031 2925 2093 2966 se
2141 2926 2200 2965 se
2257 2914 2472 2981 prodit?
2520 2917 2579 2971 Si
2609 2919 2728 2989 quis
2757 2917 2823 2975 ad
2857 2935 2917 2976 ea
2949 2937 3067 2993 quae
3100 2922 3387 2978 clarissimi
3440 2919 3644 2978 [icilius

2034 2999 2156 3071 (De’
2191 2999 2391 3057 Viventi
2419 3007 2498 3060 ne’
2553 3009 2787 3080 viventi),
2819 3025 2881 3066 ac
2925 3012 3281 3080 Valisnerius,
3307 3021 3361 3068 et
3381 3013 3643 3081 deinceps

2031 3097 2198 3152 multo
2230 3098 2504 3168 copiosius
2529 3101 2891 3160 licaumnrius
2937 3105 3007 3159 de
3032 3105 3236 3162 insectis
3280 3103 3482 3173 docuit,
3516 3105 3642 3163 aui-

311 3206 456 3257 cimn
487 3202 674 3266 maris,
700 3213 754 3256 et
783 3200 1082 3254 volatilium
1113 3197 1260 3264 οωιί,
1288 3207 1342 3253 et
1372 3197 1608 3250 omnium
1639 3209 1916 3264 pecorum,
1951 3186 1996 3249 C
2033 3203 2176 3243 mum
2206 3189 2522 3268 attenderit,
2552 3195 2842 3252 manifesto
2888 3199 3209 3270 conSpicict,
3256 3200 3542 3257 utilissima
3578 3217 3641 3258 ea

312 3302 369 3350 ct
399 3295 670 3359 ferarum,
700 3307 824 3348 cum
871 3291 1156 3346 videamus
1204 3305 1232 3342 ιι
1289 3289 1473 3344 multis
1500 3287 1626 3344 feris
1671 3287 1924 3344 homines

312 3389 528 3456 occidi,
555 3397 610 3444 et
639 3404 667 3442 a
697 3387 882 3444 multis
910 3387 1220 3441 volatilibus
1247 3385 1406 3442 nobis
1435 3383 1647 3453 noceri,
1679 3399 1800 3454 qua:
1823 3400 1920 3442 vo-

313 3485 490 3537 lumus
512 3480 595 3537 vel
630 3481 822 3548 vitare,
856 3479 945 3534 vel
972 3493 1188 3549 capere,
1213 3487 1270 3532 et
1298 3478 1614 3546 plerumque
1641 3489 1748 3530 non
1789 3489 1916 3546 pos-

309 3574 539 3629 sumus?
565 3572 853 3640 Quomodo
898 3587 1028 3642 ergo
1081 3571 1131 3624 in
1181 3569 1296 3624 htec
1325 3568 1633 3637 accepimus
1677 3576 1916 3636 potesta-

313 3669 462 3724 tem?
503 3668 599 3722 Hic
623 3667 728 3721 illis
753 3666 928 3727 primo
957 3664 1246 3720 dicendum
1277 3675 1381 3728 est,
1401 3662 1550 3732 quod
1575 3662 1796 3716 multum
1830 3677 1918 3716 erc

312 3771 471 3827 rent,
501 3776 592 3831 qm
619 3770 741 3831 post
765 3767 1048 3830 peccatum
1077 3756 1428 3812 considerent
1458 3755 1729 3809 hominem
1749 3794 1764 3820 ,
1791 3769 1912 3808 cum

310 3853 364 3908 in
385 3852 548 3922 huius
589 3852 716 3906 vita:
745 3851 1127 3907 mortalitatem
1160 3851 1450 3906 damnatus
1470 3856 1552 3902 est
1578 3888 1592 3910 ,
1639 3855 1694 3901 et
1732 3847 1914 3902 amisit

313 3944 698 4016 perfectionem
731 3944 897 4012 illam,
927 3957 1032 4014 qua
1065 3940 1242 3998 factus
1267 3949 1352 3996 est
1376 3940 1443 3994 ad
1475 3938 1762 4010 imaginem
1793 3938 1910 3993 Dei.

312 4041 422 4098 Sed
451 4041 500 4096 si
543 4040 820 4096 damnatio
868 4038 988 4109 ejus
1015 4047 1223 4092 tantum
1272 4035 1450 4099 valet,
1496 4043 1555 4089 ut
1593 4044 1700 4088 tam
1731 4033 1914 4090 multis

315 4133 602 4204 pecoribus
651 4133 921 4202 imperet,
975 4129 1226 4202 quamvis
1272 4127 1416 4186 enim
1466 4141 1493 4181 a
1552 4125 1738 4181 multis
1782 4124 1913 4182 leris

318 4235 537 4297 propter
561 4225 908 4294 iragilitatem
936 4223 1185 4293 corporis
1207 4221 1377 4292 possit
1413 4218 1616 4285 occidi,
1662 4233 1692 4274 a
1747 4219 1915 4274 nullis

318 4329 494 4374 tamen
514 4317 724 4374 domari
757 4325 956 4389 potest,
987 4329 1112 4372 cum
1141 4314 1254 4384 ipse
1279 4323 1388 4370 tam
1413 4313 1612 4368 multas
1630 4355 1643 4379 ,
1665 4321 1719 4367 et
1743 4325 1912 4382 prope

317 4430 508 4470 manes
529 4413 734 4470 domet.
771 4433 790 4465 s

383 4507 474 4562 52.
515 4506 625 4564 Sed
653 4505 910 4577 quoniam
943 4502 1205 4560 Bernardi
1229 4501 1568 4564 auctoritate,
1605 4513 1710 4554 non
1736 4499 1912 4556 Tbeo—

2028 3297 2150 3336 esse
2177 3279 2408 3349 homini,
2443 3291 2554 3339 tum
2581 3283 2702 3342 aliis
2738 3289 2957 3360 quidem
2991 3290 3061 3348 de
3110 3294 3310 3368 causis,
3343 3304 3454 3350 tum
3487 3309 3638 3365 prat-

2027 3375 2214 3428 scrtim
2259 3375 2382 3447 quia
2431 3375 2670 3433 divinam
2707 3393 2948 3448 manum,
2983 3385 3301 3454 potentiam,
3333 3401 3396 3442 ac
3419 3386 3640 3442 bonita-

2030 3474 2138 3520 tem
2188 3464 2242 3520 iu
2291 3483 2480 3522 eorum
2533 3471 2829 3540 creatione,
2883 3490 2948 3530 ac
2978 3476 3194 3532 diverso
3225 3479 3348 3533 vita:
3391 3478 3640 3537 instituto

2029 3561 2190 3616 facile
2240 3574 2514 3632 agnoscet.
2563 3563 2644 3620 An
2699 3582 2804 3622 non
2857 3570 3021 3626 etiam
3071 3572 3294 3628 insectis
3346 3584 3640 3631 vescuntur

2027 3653 2331 3708 animantes
2359 3671 2458 3720 cat,
2488 3655 2684 3728 quibus
2726 3663 3028 3728 praesertim
3061 3661 3368 3720 oblectatur
3395 3677 3458 3719 ac
3509 3681 3635 3723 ves-

2027 3746 2159 3800 titur
2189 3747 2394 3802 homo?

2080 3843 2186 3904 ,55.
2220 3847 2430 3900 Montes
2464 3862 2626 3916 porro
2677 3849 3006 3918 inaccessos,
3059 3865 3123 3906 ac
3168 3863 3364 3908 saxeos
3409 3849 3638 3910 utilissie

2023 3949 2142 3989 mos
2185 3934 2390 3992 homini
2423 3938 2467 3992 is
2515 3937 2754 4006 docebit,
2802 3944 2891 4014 qui
2945 3943 3176 4012 metalli,
3232 3959 3294 3999 ac
3343 3948 3634 4006 marmoris

2024 4029 2235 4085 fodinas
2283 4029 2337 4086 in
2391 4032 2457 4088 iis
2499 4033 2884 4093 delitescentes
2935 4037 3182 4106 noverit;
3231 4040 3276 4094 is
3301 4053 3516 4111 quoque
3542 4043 3637 4114 qui

2023 4125 2364 4194 receptacula
2415 4127 2642 4196 nivium,
2675 4138 2836 4201 atque
2865 4145 3151 4203 aquarum,
3186 4149 3250 4189 ex
3283 4131 3480 4204 quibus
3513 4135 3633 4191 fon-

2022 4225 2104 4272 tes
2135 4217 2448 4275 derivantur
2473 4221 2667 4277 aestivo
2701 4227 3004 4294 prtcscrtim
3038 4233 3304 4297 tempore,
3350 4225 3403 4282 in
3437 4227 3633 4286 iisdem

2023 4313 2338 4381 inaccessis,
2369 4325 2531 4385 atque
2558 4317 2874 4389 asperrimis
2905 4319 3184 4377 montibus
3229 4319 3410 4377 inesse
3456 4326 3630 4380 Scivc-

2021 4405 2112 4463 rit.
2143 4408 2399 4474 Consule,
2451 4425 2519 4466 ne
2548 4421 2776 4488 cunctos
2818 4416 3080 4481 excitem,
3123 4413 3227 4471 hoc
3255 4431 3420 4485 super
3471 4433 3633 4490 argu-

2021 4514 2208 4556 mento
2246 4501 2608 4560 clarissimum
2648 4499 3010 4564 ValiSuerium
3043 4506 3286 4581 (Origine
3326 4511 3459 4566 delle
3482 4508 3630 4568 Fon-

312 4599 487 4654 doreti
514 4597 886 4654 tantummodo
911 4639 925 4664 ,
957 4597 1215 4652 adversus
1265 4608 1365 4647 nos
1393 4593 1740 4660 distnltaruas
1765 4631 1779 4656 ,
1808 4607 1908 4647 au-
1940 4589 1996 4651 D
2019 4596 2185 4667 lane).

310 4691 482 4760 diam,
511 4692 760 4760 obsesso,
793 4689 1068 4761 quomodo
1095 4687 1400 4743 Bcrnardus
1427 4687 1539 4756 ipse
1568 4687 1748 4750 istam,
1781 4703 1906 4756 qua-

314 4788 618 4859 liscumque
647 4804 708 4842 ea
743 4795 826 4842 est
851 4828 864 4851 ,
898 4784 1268 4840 difficultatem
1303 4780 1561 4834 dissolvat
1585 4783 1672 4851 (ιι.
1717 4782 1750 4835 6
1799 4796 1910 4834 ser-

320 4883 484 4936 monis
505 4897 523 4936 ι
547 4882 616 4936 de
641 4878 898 4952 Diversis)
928 4897 940 4932 :
965 4878 1064 4934 «Et
1084 4880 1201 4931 haec
1224 4875 1437 4945 quidem
1471 4874 1540 4928 ita
1572 4889 1632 4930 se
1663 4874 1862 4930 habent
1887 4892 1903 4928 :

312 4974 409 5031 sed
440 4984 614 5030 tamen
649 4989 758 5029 non
788 4974 1046 5028 mentitur
1075 4970 1396 5041 Apostolus,
1439 4969 1608 5024 etiam
1637 4969 1747 5024 alio
1783 4968 1908 5024 loco

313 5069 645 5124 manifestius
666 5083 1009 5132 asseverans,
1033 5066 1170 5119 scire
1193 5080 1270 5127 se,
1300 5063 1547 5133 quoniam
1575 5062 1908 5134 diligentibus

313 5158 479 5214 Deum
509 5161 680 5214 omnia
718 5169 1054 5229 cooperantur
1078 5155 1128 5209 in
1151 5155 1334 5210 bonum
1354 5197 1370 5221 ,
1404 5154 1482 5210 Itis
1507 5153 1596 5224 qui
1621 5155 1903 5210 secundum

311 5253 632 5323 propositum
678 5253 841 5306 vocati
869 5260 986 5305 sunt
1029 5248 1208 5302 sancti.
1233 5246 1617 5302 Verumtamen
1674 5249 1904 5304 solerter

311 5343 568 5410 attende,
595 5342 744 5414 quod
763 5356 871 5396 non
903 5341 968 5396 ad
998 5339 1202 5394 libitum
1227 5336 1474 5392 famulari
1504 5382 1515 5404 ,
1559 5337 1654 5393 sed
1701 5351 1903 5410 coope-

313 5435 421 5490 rari
450 5435 579 5492 dicit
599 5436 670 5491 ad
695 5435 914 5490 ιιοιιιιιιι.
946 5431 1126 5504 Neque
1147 5431 1287 5486 enim
1322 5429 1388 5486 ad
1411 5430 1748 5487 voluntatem
1777 5449 1900 5489 ser-

309 5531 484 5597 viunt,
513 5531 603 5586 sed
626 5530 692 5586 ad
726 5509 1043 5594 utilitatem;
1085 5542 1189 5584 non
1212 5524 1276 5580 ad
1305 5525 1658 5596 voluptatem,
1701 5528 1796 5586 sed
1825 5529 1898 5584 ad

309 5624 538 5679 salutem
562 5638 578 5690 ;
604 5638 712 5682 nou
740 5620 810 5682 ad
830 5629 1032 5687 votum,
1057 5617 1150 5682 sed
1168 5617 1235 5674 sd
1256 5616 1596 5680 commodum
1614 5628 1894 5684 nostrum.

384 5758 462 5832 (ιι)
492 5757 607 5832 Lib.
642 5775 735 5814 vni
763 5758 851 5832 de
877 5755 1074 5832 Hister.
1115 5755 1333 5832 animal.
1361 5771 1482 5832 cap.
1515 5758 1541 5816 l
1583 5758 1730 5826 ιδιά
1773 5762 1912 5816 adeo

310 5832 375 5886 de
395 5829 699 5886 'inanimatis
727 5830 999 5902 paulatim,
1035 5829 1318 5898 sensimque
1345 5829 1414 5882 ad
1455 5832 1685 5885 animum
1711 5842 1905 5886 natura

2093 4688 2184 4745 56.
2239 4687 2522 4748 Nonnullae
2570 4702 2718 4763 sunt,
2769 4694 2968 4763 fateor,
3017 4691 3221 4760 herbtc.
3281 4695 3476 4768 quibus
3520 4713 3628 4756 non

2025 4785 2266 4840 vescitur
2295 4783 2479 4840 homo.
2508 4785 2679 4842 Nullae
2707 4795 2835 4842 sunt
2863 4800 3065 4856 tamen,
3097 4789 3289 4861 quibus
3309 4789 3425 4844 avis
3446 4790 3629 4862 aliqua

2021 4891 2127 4930 non
2158 4883 2426 4933 vescatur.
2462 4875 2665 4935 Cornix
2710 4893 2842 4936 sane
2887 4882 3064 4936 cicuta
3095 4879 3350 4950 vescitur,
3385 4877 3631 4940 veneﬁca

2022 4970 2180 5025 nobis
2212 4969 2398 5026 herba.
2427 4971 2560 5040 Quis
2586 4977 2768 5029 autem
2792 4975 2991 5042 nescit,
3028 4987 3156 5031 aves
3185 4972 3464 5031 hominum
3509 4973 3634 5032 usui

2021 5061 2322 5118 inservire?
2370 5061 2638 5119 thterum
2671 5064 2758 5131 iis,
2789 5065 2984 5137 quibus
3021 5081 3128 5122 non
3161 5067 3404 5122 vescitur
3439 5067 3624 5135 homo,

2017 5163 2074 5210 et
2103 5167 2239 5210 rara:
2271 5167 2563 5210 vescuntur
2607 5173 2757 5225 aves,
2791 5157 2934 5214 idem
2965 5160 3130 5214 homo
3151 5157 3348 5220 ,ntitur.
3381 5159 3536 5227 Quod
3580 5160 3628 5214 si

2015 5248 2155 5302 alios
2178 5247 2248 5303 ob
2293 5247 2430 5303 fines
2456 5245 2676 5304 inutiles
2708 5259 2884 5321 putas,
2915 5261 3203 5321 propterea
3233 5257 3421 5307 tamen
3465 5251 3631 5307 utiles

2015 5351 2210 5406 erant,
2271 5342 2412 5412 quod
2463 5341 2664 5398 seriem
2717 5342 2864 5398 illam
2913 5342 3073 5400 nobis
3139 5343 3482 5400 manifestius
3527 5344 3631 5402 sub

2013 5435 2202 5491 oculos
2233 5445 2454 5504 ponant,
2487 5449 2648 5504 quam
2677 5435 2970 5505 aliquando
3016 5447 3322 5492 memorant
3359 5437 3629 5493 Aristote-

2019 5531 2096 5585 les
2122 5528 2221 5603 (a),
2247 5540 2302 5586 et
2326 5529 2558 5597 Tullius,
2589 5540 2644 5585 et
2667 5529 2962 5586 inculcavit
2983 5529 3247 5600 deinceps
3296 5530 3632 5590 Valisucrius

2013 5619 2304 5691 (Peculiari
2330 5617 2580 5691 opusculo
2609 5637 2670 5676 ea
2697 5621 2762 5676 de
2789 5639 2844 5678 re
2874 5623 3070 5696 die);
3101 5621 3352 5681 etfacit.
3379 5623 3434 5680 id
3463 5625 3621 5696 quis—

2029 5760 2293 5833 transitu!
2324 5759 2708 5833 continuatione
2751 5760 2864 5829 ipsa
2911 5760 3065 5814 latrat
3113 5777 3291 5816 eorum
3324 5763 3633 5833 conﬁnium,

2029 5840 2077 5886 et
2107 5832 2329 5887 medium
2358 5831 2619 5904 utriusque
2647 5831 2712 5888 sit
2741 5841 3042 5888 exn-emunt.
