4224 6262
598 266 702 325 859

1288 264 1356 323 ΙΝ
1399 262 1656 322 HILAHII
1694 263 1914 322 EPIST.
1959 260 2092 320 SEU
2132 261 2354 321 LIBEL.
2398 262 2847 322 DISSEHTATIO
2885 261 3223 322 SECUNDA.

3803 264 3919 322 840

599 417 705 474 que
749 400 986 471 detegat,
1037 397 1082 453 si
1124 405 1329 453 naturae
1375 413 1542 470 opera
1593 397 1925 468 diligentius,
1983 411 2207 453 accura-

2321 387 2400 433 tur
2434 380 2713 450 conceptis
2739 378 2920 434 verbis
2949 395 2962 432 :
3005 377 3128 451 Ipse
3170 377 3324 443 dixit,
3373 387 3420 432 et
3466 383 3605 450 facta
3635 389 3778 446 sunt,
3808 381 3922 449 ipse

603 495 811 565 tiusque
842 489 1173 548 observabit.

1003 647 1456 706 DISSERTATIO
1496 647 1720 706 SECUN
1730 649 1839 705 DA.

602 786 686 844 Ad
712 787 804 842 illa
835 786 1020 856 capitis
1046 785 1130 860 v.(
1153 786 1254 842 col.
1288 785 1414 851 756,
1448 802 1502 839 η.
1551 783 1642 857 87)
1669 802 1692 838 :-
1715 800 1803 841 DEI
1852 799 2024 841 FILIUS
2074 799 2206 839 nens

677 897 907 938 ARTIFEX
938 897 1112 937 PATRE
1150 889 1385 937 JUBENTE
1414 894 1734 936 IODERATUS
1773 894 1889 934 EST.
1947 876 2083 932 Item
2139 878 2208 932 ad

674 976 768 1030 illa
791 975 1024 1049 ejusdem
1070 976 1256 1040 capitis
1285 973 1414 1046 (col.
1458 973 1585 1043 757,
1618 992 1672 1029 η.
1703 973 1795 1047 91)
1828 988 2000 1030 :neus
2031 989 2209 1029 enen

675 1082 937 1124 JUSSERA‘I'
962 1085 976 1122 Ξ
1009 1081 1181 1123 FILIUS
1209 1082 1401 1123 VIBTUS
1430 1081 1544 1122 [PSA
1575 1081 1690 1122 SINE
1713 1080 2209 1122 BECRASTINATIONE

677 1179 938 1221 IMPEBIUI
995 1177 1330 1220 CAPESSEBAT
1365 1179 1379 1217 ε
1408 1178 1518 1218 NA)!
1548 1177 1654 1219 ουκ
1684 1175 1930 1216 JUSSIONB
1981 1175 2050 1215 ΕΤ
2079 1175 2210 1214 OPUS

681 1271 941 1313 ssnon.
972 1255 1188 1310 Demum
1212 1255 1281 1310 ad
1307 1256 1408 1310 ista
1439 1254 1563 1327 (col.
1597 1254 1722 1316 757,
1755 1271 1810 1308 n.
1841 1250 1934 1324 97)
1965 1269 1976 1304 :
2003 1267 2072 1307 ετ
2103 1267 2210 1306 cun

679 1366 844 1408 OHNIA
881 1363 1124 1406 JUSSIONE
1179 1362 1367 1404 PATRIS
1420 1363 1667 1404 SEIIONE
1704 1361 2046 1411 OBSEQUENTE
2077 1359 2210 1400 FOR'

686 1458 832 1499 IATA
861 1455 1004 1497 SINT.

685 1589 738 1645 1.
772 1590 911 1646 Ante
960 1587 1222 1644 Hilarium
1273 1584 1449 1652 multi,
1487 1582 1614 1639 alibi
1660 1582 1897 1639 Hilarius
1924 1582 2060 1653 ipse,
2093 1587 2216 1650 post

614 1680 879 1740 Hilarium
910 1678 1093 1736 itidem
1122 1678 1274 1734 multi
1304 1686 1398 1732 aut
1423 1677 1718 1746 ipsissima,
1763 1685 1858 1731 aut
1887 1683 2036 1730 certe
2063 1670 2213 1726 al'ﬁni

2308 471 2591 536 mandavit,
2624 480 2672 526 et
2693 480 2863 525 creata
2891 479 3033 525 sunt.
3070 469 3127 526 Si
3158 470 3304 526 enim
3334 469 3479 526 Deus
3501 470 3690 540 jussit,
3723 481 3776 526 et
3826 487 3918 528 res

2308 572 2503 619 creata:
2533 571 2658 618 sunt
2683 580 2695 616 :
2728 578 2888 634 quem
2919 561 3069 633 juxta
3095 571 3332 618 mentem
3359 561 3666 633 prepbetici
3692 564 3917 633 spiritus

2310 657 2618 727 putabimus
2665 657 2770 712 tale
2819 657 2994 712 Patris
3042 655 3328 726 imperium
3375 657 3597 726 exsequi
3650 655 3918 728 potuisse,

2307 758 2506 819 praeter
2536 763 2683 814 eum,
2716 749 2806 818 qui
2833 747 3068 804 Verbum
3099 755 3203 816 est,
3233 755 3292 802 ut
3338 749 3410 804 ita
3451 747 3660 818 loquar,
3707 749 3921 804 anima-

2311 850 2447 908 lum,
2480 852 2534 896 et
2569 840 2819 897 Veritas?
2854 860 2872 894 ο
3676 909 3677 912 η

2383 935 2437 992 6.
2466 935 2644 1004 Quid?
2690 934 2831 1006 quod
2885 950 2979 990 sex
3016 934 3090 990 illi
3134 935 3411 1005 Episc0pi,
3463 936 3554 1008 qui
3585 935 3654 991 ad
3685 935 3918 992 Paulum

2311 1027 2746 1091 Samosatenum,
2798 1035 3092 1099 antequam
3143 1029 3196 1083 in
3259 1028 3507 1084 ordinem
3557 1029 3922 1100 redigeretur,

2313 1120 2675 1187 scripserunt,
2703 1121 2845 1176 inter
2893 1130 3110 1188 caetera,
3159 1136 3279 1191 quae
3309 1120 3374 1175 ad
3404 1136 3526 1176 eum
3558 1120 3921 1178 refellendum

2313 1212 2563 1280 aﬁ‘erunl,
2630 1211 2734 1268 hoc
2779 1212 3193 1284 expressis-sime
3241 1211 3386 1268 aiunt
3440 1213 3532 1284 (b),
3579 1231 3599 1265 ι
3640 1213 3834 1269 Filium
3869 1215 3923 1271 in

2312 1305 2649 1380 procreando
2676 1305 2879 1361 mundo
2920 1315 3198 1376 paternam
3228 1307 3532 1376 implevisse
3561 1309 3923 1375 voluntatem,

2318 1401 2497 1471 eique,
2531 1409 2590 1455 ut
2618 1399 2670 1454 id
2700 1401 2922 1464 faceret,
2955 1400 3279 1470 praecepisse
3306 1399 3542 1456 Patrem.
3593 1419 3613 1453 ι

2388 1495 2438 1548 7.
2476 1493 2713 1550 Hilarius
2765 1510 2980 1566 quoque
3029 1510 3172 1561 eam,
3225 1509 3387 1564 quam
3420 1506 3577 1552 antea
3627 1495 3762 1562 dixi,
3807 1497 3927 1553 dis-

2317 1585 2629 1642 tinctionem
2678 1583 2775 1640 Dei
2810 1585 3060 1656 jubentis,
3113 1593 3170 1641 et
3217 1583 3312 1641 Dei
3338 1586 3574 1657 facientis
3608 1588 3724 1659 (seu
3773 1605 3927 1644 exse-

2315 1678 2539 1752 quentis)
2589 1681 2764 1751 palam
2815 1681 3099 1750 approbat,
3133 1679 3261 1736 dum
3313 1681 3428 1737 haec
3459 1681 3531 1736 ait
3586 1681 3699 1754 (lib.
3757 1699 3808 1738 tv
3857 1684 3931 1740 de

611 1775 786 1844 aliqua
833 1773 1103 1829 locutione
1153 1771 1234 1826 usi
1282 1779 1430 1838 sunt,
1459 1769 1537 1824 sic
1568 1777 1626 1824 ιη
1668 1768 1957 1838 displicere
1995 1764 2212 1821 Lectori
2244 1784 2292 1844 B
2318 1775 2606 1843 Trinilale,
2645 1792 2699 1829 η,
2745 1773 2834 1845 16)
2871 1792 2883 1828 ε
2929 1793 2946 1828 ε
2983 1774 3089 1832 Sed
3125 1775 3422 1844 videamus,
3458 1775 3509 1831 in
3549 1792 3708 1847 quem
3743 1777 3932 1848 prole-

610 1867 796 1939 utique
845 1881 949 1920 non
999 1863 1167 1936 possit
1215 1861 1474 1934 Epistula:
1513 1870 1714 1916 nostra:
1739 1870 1951 1925 auctor,
1978 1857 2121 1930 quod
2149 1871 2211 1912 ea

609 1973 741 2014 usus
768 1957 859 2012 sit.
889 1955 995 2013 Sed
1026 1971 1093 2011 ne
1122 1966 1324 2012 temere
1353 1954 1469 2009 haec
1512 1952 1716 2008 dixisse
1758 1951 1966 2016 videar,
2018 1965 2210 2006 eorum

611 2051 726 2107 loca
775 2051 862 2105 hic
907 2049 1157 2120 subjicio,
1203 2047 1320 2119 qui,
1367 2048 1441 2101 uti
1489 2045 1623 2108 dixi,
1661 2053 1754 2100 aut
1779 2043 2072 2114 ipsissima,
2123 2048 2218 2096 aut

611 2151 760 2199 certe
788 2141 937 2196 al‘lini
984 2141 1163 2210 aliqua
1212 2138 1489 2194 locutione
1515 2137 1596 2218 usi
1626 2146 1773 2192 sunt.
1818 2135 1989 2192 Porro
2018 2133 2086 2189 ad
2117 2135 2216 2188 tria

613 2233 785 2302 capita
813 2248 907 2288 eas
958 2232 1261 2288 locutiones
1309 2245 1528 2287 revoco.
1583 2228 1822 2284 Primum
1871 2227 2080 2283 scilicet
2123 2239 2219 2282 eos

613 2325 1006 2395 complectetur
1025 2331 1237 2380 veteres
1255 2322 1468 2386 Patres,
1492 2322 1581 2392 qui
1609 2319 2023 2392 expressissime
2043 2322 2215 2386 aiunt,

604 2418 826 2490 jussisse
869 2416 1097 2472 Patrem.
1139 2414 1475 2480 Secundum,
1533 2412 1763 2469 obedisse
1809 2411 2028 2467 Filium.
2081 2409 2215 2467 Ter-

620 2509 778 2575 tium,
835 2507 1180 2563 ministerium
1223 2505 1464 2574 aliquod,
1518 2505 1914 2576 qualecumque
1963 2503 2037 2558 sit
2065 2501 2218 2568 illud,

615 2599 762 2656 Patri
811 2597 1106 2671 praebuisse
1151 2597 1345 2652 Filium
1379 2614 1391 2650 :
1426 2605 1587 2667 atque
1624 2595 1742 2652 inec
1768 2595 1985 2668 quidem
2014 2592 2218 2657 omnia,

617 2701 909 2763 antequam
956 2705 1176 2748 carnem
1229 2698 1555 2744 assumeret.
1590 2687 1686 2744 His
1733 2687 2017 2743 recensitis
2048 2683 2220 2754 subji-

619 2785 828 2841 ciemus
856 2791 1063 2853 postea,
1091 2781 1217 2854 quid
1246 2781 1316 2836 de
1343 2780 1556 2847 barum,
1596 2789 1652 2836 et
1701 2779 1944 2836 afﬁnium
1995 2777 2224 2835 locutio-

619 2890 748 2930 num
779 2874 1174 2944 signiﬁcatioue
1204 2872 1494 2928 dicendum
1520 2873 1612 2927 sit.

693 2968 749 3023 2.
779 2967 858 3023 Ad
891 2969 1121 3037 primum
1149 2979 1308 3037 caput
1338 2967 1454 3022 haec
1499 2964 1789 3036 pertinent.
1839 2963 2074 3019 lrenmus
2103 2961 2221 3034 (lib.

617 3074 672 3115 tv
694 3099 709 3126 ,
733 3075 852 3130 cap.
880 3057 1006 3112 olim
1032 3058 1120 3122 75,
1149 3073 1285 3111 nunc
1333 3057 1424 3124 58,
1454 3073 1508 3110 n.
1540 3058 1597 3126 5)
1645 3056 1762 3111 haec
1810 3056 2003 3111 litteris
2047 3055 2226 3110 consi-

2317 1877 2461 1925 ctum
2477 1868 2591 1924 haec
2604 1867 3126 1938 distinetiojubentis
3144 1867 3258 1935 Dei,
3274 1880 3327 1922 et
3341 1867 3884 1940 lacientisaugeatur.
3901 1889 3921 1923 ι

2387 1965 2442 2020 8.
2494 1963 2823 2019 Novatianus
2872 1963 2942 2032 (si
2971 1963 3017 2018 is
3055 1973 3138 2018 est
3175 1972 3363 2018 auctor
3393 1961 3516 2017 libri
3548 1962 3612 2016 de
3641 1962 3925 2028 Trinitate.

2317 2055 2408 2129 qui
2434 2055 2749 2112 Tertulliani
2781 2054 2931 2109 libris
2952 2053 3303 2126 adjungitur);
3327 2052 3929 2125 Novatianus,inquam,

2319 2149 2375 2205 in
2406 2147 2654 2204 eamdem
2683 2149 3006 2203 sententiam
3055 2148 3170 2201 haec
3205 2147 3280 2203 ait
3308 2145 3450 2220 (cap.
3477 2145 3572 2220 25)
3613 2165 3624 2201 :
3657 2166 3677 2199 ‹
3710 2148 3932 2221 Moyses

2318 2250 2500 2297 autem
2531 2239 2825 2296 introducit
2865 2239 3269 2310 praecipientem
3304 2239 3496 2308 Deum,
3527 2248 3586 2295 ut
3613 2239 3706 2296 lux
3752 2241 3844 2295 ﬁat
3876 2242 3931 2295 in

2323 2333 2533 2404 primis,
2583 2333 2780 2390 calum
2826 2333 3090 2398 ﬁrmetur,
3131 2346 3284 2404 aqum
3313 2343 3732 2404 cOugregentur,
3779 2333 3932 2388 arida

2322 2424 2702 2492 ostendantur,
2735 2423 2942 2480 fructus
2971 2423 3267 2480 secundum
3307 2424 3515 2479 semina
3543 2437 3929 2495 provocemur,

2322 2518 2574 2574 animalia
2601 2518 2992 2590 producantur,
3021 2518 3306 2574 luminaria
3335 2520 3386 2574 in
3413 2518 3554 2575 etelo
3579 2532 3740 2592 atque
3783 2531 3935 2576 astra

2326 2620 2614 2682 ponantur.
2645 2628 2748 2667 non
2776 2611 2941 2667 alium
2972 2611 3211 2668 ostendit
3247 2619 3375 2667 tunc
3415 2611 3647 2667 adfuisse
3676 2612 3809 2678 Deo,
3842 2614 3937 2668 cui

2326 2709 2752 2780 prteciperentur
2781 2707 2896 2763 hmc
2923 2721 3110 2777 opera,
3151 2717 3212 2760 ut
3255 2706 3470 2773 ﬁerent,
3507 2689 3611 2762 nisi
3653 2723 3802 2774 eum,
3834 2724 3940 2775 per

2327 2816 2486 2872 quem
2517 2801 2653 2857 facta
2680 2810 2806 2856 sunt
2835 2799 3036 2867 omnia,
3063 2806 3121 2855 et
3147 2800 3266 2856 sine
3297 2813 3407 2871 quo
3437 2798 3631 2855 laetum
3663 2801 3932 2856 estnihil.

2329 2897 2407 2948 Ac
2473 2893 2520 2948 si
2571 2891 2658 2948 hic
2715 2892 2949 2948 Verbum
3018 2890 3110 2946 Dei
3170 2900 3293 2959 est,
3352 2907 3473 2947 nam
3533 2893 3782 2947 eructat-it
3837 2911 3936 2948 cor

2329 3000 2496 3039 meum
2550 2984 2757 3039 verbum
2801 2985 3018 3052 bonum,
3074 2983 3310 3040 ostendit
3367 2985 3419 3038 in
3489 2983 3750 3056 principio
3801 2983 3939 3041 Ver-

2331 3077 2456 3133 bum
2498 3077 2686 3142 fuisse,
2742 3087 2797 3134 et
2850 3078 3088 3136 Verbum
3144 3080 3246 3135 boc
3298 3077 3441 3150 apud
3493 3078 3703 3135 Patrem
3736 3078 3931 3146 fuisse,

619 3165 776 3224 gnata
806 3152 1054 3224 reliquit:
1085 3169 1104 3203 ο
1126 3151 1412 3215 Factus,et
1427 3150 1722 3220 plasmatus
1739 3149 1900 3204 homo
1928 3147 2222 3205 secundum
2253 3171 2298 3235 ρ
2334 3168 2499 3226 Deum
2545 3181 2807 3243 “mem,
2852 3171 3089 3226 verbum
3139 3171 3305 3228 fuisse
3335 3147 3348 3224 ξ
3397 3171 3577 3226 omnia
3621 3186 3719 3242 per
3754 3171 3934 3242 ipsum

621 3247 931 3318 imaginem,
961 3255 1016 3303 et
1042 3245 1450 3302 similitudinem
1483 3244 1831 3301 constituitur
1860 3245 2043 3301 inlecti
2076 3244 2173 3300 Dei
2207 3261 2221 3298 :

620 3342 781 3398 Patre
806 3340 1024 3412 quidem
1049 3341 1194 3397 bene
1214 3339 1506 3406 sentiente,
1533 3348 1589 3395 et
1613 3338 1837 3421 iubente
1866 3357 1878 3394 :
1913 3337 2050 3394 Filio
2093 3355 2224 3394 vero

620 3437 983 3503 ministrante,
1015 3444 1071 3492 ct
1113 3435 1405 3499 formante,
1453 3433 1656 3505 Spiritu
1683 3449 1812 3491 vero
1837 3432 2138 3500 nutriente,
2169 3440 2225 3488 et

622 3539 875 3601 augente.
915 3547 936 3582 ι
1297 3539 1300 3541 ‘

691 3625 744 3680 5.
779 3621 1096 3694 Hippolytus
1121 3635 1335 3694 quoque
1363 3619 1520 3676 valde
1561 3631 1808 3678 vetustus
1849 3619 2085 3692 scriptor
2131 3619 2221 3695 (In

620 3715 748 3771 libro
773 3727 951 3771 contra
981 3713 1190 3789 Noet.),
1218 3712 1318 3770 Dei
1344 3715 1593 3788 jubentis,
1627 3724 1674 3769 et
1719 3713 1820 3770 Dei
1846 3715 2082 3787 facientis
2128 3730 2214 3772 ex-

621 3810 1021 3882 pressissimam
1053 3808 1385 3865 mentionem
1416 3807 1563 3864 facit.

690 3913 746 3960 4.
784 3903 1154 3959 Tertullianus
1199 3903 1450 3958 similiter
1497 3900 1764 3974 (adversus
1794 3899 2052 3956 Praxeam
2099 3915 2217 3971 cap.

621 3995 714 4069 12)
743 4013 757 4050 :
792 3994 902 4052 Etsi
949 3993 1247 4068 (inquiens)
1297 3994 1483 4067 ubique
1510 4006 1654 4050 teneo
1685 4011 1838 4049 unum
1881 3994 2222 4049 substantiam

619 4089 674 4145 in
703 4091 865 4146 tribus
892 4089 1286 4157 cohazrentibus,
1330 4097 1498 4144 tamen
1545 4088 1707 4143 alium
1733 4089 1904 4142 dicam
1932 4097 2132 4156 oportet
2158 4104 2223 4142 ea;

622 4183 920 4238 necessitate
948 4197 1150 4249 sensus,
1180 4197 1298 4235 eum
1326 4182 1414 4252 qui
1431 4182 1599 4252 jubet,
1628 4192 1675 4235 et
1704 4198 1818 4235 eum
1845 4182 1934 4253 qui
1960 4182 2110 4254 facit.

689 4273 744 4329 5.
795 4274 851 4330 ιι]
901 4277 1076 4345 ipsum
1111 4273 1340 4328 traditur
1370 4274 1438 4326 ab
1468 4273 1736 4344 Origene;
1779 4276 1979 4344 quippe
2018 4273 2066 4328 is
2110 4287 2220 4329 non

620 4371 782 4428 modo
826 4369 994 4426 Deum
1023 4369 1311 4442 jubentem,
1360 4380 1414 4425 et
1447 4367 1610 4424 Deum
1651 4369 1921 4441 facientem
1952 4378 2221 4425 memorat

620 4464 768 4540 (toni.
799 4482 834 4521 tt
857 4467 911 4520 in
934 4465 1092 4521 Joau.
1135 4483 1254 4538 pug.
1289 4463 1354 4520 61
1405 4464 1531 4520 edit.
1571 4463 1789 4536 ﬂuetii),
1828 4479 2017 4520 verum
2052 4465 2216 4520 etiam

2329 3264 2468 3320 facta
2495 3280 2616 3320 esse
2647 3283 2659 3318 :
2711 3264 2806 3321 sed
2851 3265 2994 3320 enim
3043 3265 3150 3322 hoc
3201 3265 3422 3321 Verbum
3449 3265 3581 3322 Caro
3612 3269 3806 3339 factum
3834 3277 3933 3333 est,

2327 3367 2376 3413 et
2431 3358 2678 3414 habitavit
2733 3360 2789 3413 in
2840 3358 3010 3426 nobis,
3061 3357 3313 3414 Christus
3353 3359 3561 3415 scilicet
3612 3359 3752 3415 ﬁlius
3809 3359 3934 3427 Dei,

2326 3464 2488 3521 quem
2519 3449 2645 3504 dum
2688 3459 2742 3504 et
2789 3449 3131 3520 postmodum
3163 3449 3458 3521 secundum
3507 3467 3722 3506 carnem
3751 3449 3937 3507 homi-

2327 3556 2450 3597 nem
2508 3541 2829 3612 accipimus,
2882 3550 2940 3598 et
2984 3550 3111 3598 ante
3159 3542 3338 3599 Mundi
3390 3542 3780 3599 institutionem
3832 3543 3934 3601 Dei

2327 3633 2588 3701 Verbum,
2619 3645 2674 3692 et
2705 3635 2874 3691 Deum
2902 3635 3172 3701 videmus,
3207 3644 3345 3692 etc.»

2399 3727 2456 3783 9.
2492 3726 2727 3799 Cyrillus
2759 3727 3286 3800 Hierosolymitanus
3313 3727 3498 3783 Hilarii
3531 3728 3782 3800 mqualis,
3817 3729 3934 3785 for-

2327 3832 2472 3878 tasse
2494 3822 2654 3877 etiam
2686 3837 2751 3877 eo
2781 3822 3084 3894 antiquior,
3114 3840 3133 3874 ι
3171 3821 3385 3879 Patrem
3415 3822 3762 3879 mandantem
3790 3823 3938 3880 Filio

2325 3916 2681 3980 creationem,
2718 3916 2902 3986 illique
2944 3915 3450 3998 subministrantem
3473 3932 3655 3973 rerum
3685 3917 3936 3974 efﬁcien-

2325 4009 2513 4065 darum
2559 4008 2868 4076 exemplar;
2901 4008 3073 4064 ﬁlium
3129 4024 3260 4063 vero
3287 4018 3698 4079 exsequentem,
3741 4025 3940 4064 crean—

2325 4111 2541 4173 temque
2571 4115 2658 4157 res
2687 4099 2752 4156 ad
2775 4100 3078 4171 exemplar,
3106 4101 3250 4172 quod
3297 4116 3327 4155 a
3378 4100 3538 4157 Patre
3588 4101 3871 4167 habuerat,
3909 4120 3929 4154 ι

2324 4193 2633 4250 describere
2656 4193 2879 4249 minime
2906 4193 3116 4249 dubitat
3141 4191 3415 4266 (ϐαιΙιεοΙι.
3455 4209 3530 4259 xi,
3560 4211 3615 4248 n.
3647 4194 3720 4248 22
3742 4206 3788 4248 rt
3807 4195 3931 4262 Ξῖ).

2402 4286 2490 4342 10.
2550 4285 2776 4341 Basilius
2820 4284 3066 4357 Magnus,
3097 4283 3283 4341 Hilarii
3323 4285 3437 4341 fere
3477 4285 3727 4357 aequalis,
3784 4302 3938 4341 inan-

2325 4381 2533 4436 dantem
2565 4380 2683 4454 (seu
2714 4379 3098 4451 imperantem)
3133 4380 3437 4449 Dominum,
3459 4392 3513 4438 ct
3537 4382 3849 4462 δημιοῡργον
3873 4388 3936 4442 τὸ

2321 4475 2487 4549 λόγον,
2543 4489 2640 4530 seu
2679 4473 2884 4530 uerbum
2941 4475 3160 4546 efficiens
3209 4489 3507 4545 agnoscere
3556 4491 3663 4531 non
3717 4485 3938 4532 veretur

619 4563 737 4616 haec
759 4560 874 4630 ipsa
900 4558 1061 4615 docet
1086 4560 1161 4629 (ιι)
1195 4575 1207 4612 :
1245 4576 1264 4609 ι
1321 4555 1627 4612 Asserimus
1676 4555 1844 4621 enim,
1897 4555 2111 4610 Patrem
2161 4556 2212 4610 in

2323 4567 2436 4641 (lib.
2482 4584 2499 4621 1
2523 4566 2588 4621 de
2615 4566 2820 4639 Spiritu
2844 4577 3042 4634 sancto,
3069 4567 3309 4638 calei).

618 4651 892 4708 creatione
918 4665 950 4708 a
978 4651 1163 4723 Moyse
1192 4649 1466 4718 descripta
1489 4647 1734 4718 jubendo
1759 4647 1832 4702 illi
1861 4645 2085 4714 dixisse,
2129 4647 2222 4716 ﬁat

618 4745 730 4810 lux,
779 4753 833 4798 et
879 4743 973 4814 ﬁat
1003 4743 1403 4812 ﬁrmamentum,
1447 4749 1503 4796 et
1530 4753 1885 4811 quaecumque
1925 4739 2067 4794 Deus
2114 4739 2220 4796 alia

619 4841 738 4898 ﬁeri
765 4842 1051 4912 imperavit
1079 4857 1093 4894 :
1125 4838 1302 4894 eidem
1344 4835 1420 4892 illi
1451 4836 1653 4893 dixisse
1680 4854 1694 4890 :
1731 4834 2010 4890 Faciamus
2049 4834 2220 4890 homi-

617 4954 734 4992 nem
770 4937 839 4991 ad
864 4936 1161 5007 imaginem,
1210 4944 1256 4988 et
1299 4931 1691 4986 similitudinem
1751 4941 1981 4985 nostram
2009 4947 2029 4985 :
2078 4929 2215 4986 Ver-

615 5028 747 5085 bum
791 5037 993 5093 autem,
1032 5034 1094 5082 ut
1134 5026 1345 5098 jussum
1388 5024 1466 5079 illi
1509 5025 1704 5088 luerat,
1767 5023 1961 5078 fecisse
2007 5025 2210 5092 omnia,

616 5138 738 5195 qua:
777 5122 931 5178 illum
957 5120 1119 5195 Pater
1149 5119 1329 5175 facere
1373 5118 1549 5189 iussit.
1597 5119 1774 5188 Atque
1813 5117 1930 5171 haec
1981 5115 2218 5173 diximus

618 5189 726 5271 non
753 5215 908 5286 quasi
935 5189 1245 5283 conjectura
1269 5211 1421 5279 dicti,
1447 5209 1543 5267 sed
1564 5211 1809 5282 ipsismet
1832 5211 2216 5282 prophetarum

616 5307 944 5365 testimoniis
971 5308 1135 5364 etiam
1173 5304 1316 5377 apud
1345 5304 1564 5360 Iudaeos
1595 5306 1825 5375 receptis
1874 5303 2120 5373 nitimur,
2162 5306 2218 5362 in

615 5406 814 5476 quibus
835 5402 903 5459 de
932 5401 1062 5465 Deo,
1092 5402 1364 5472 rebusque
1391 5400 1460 5455 ab
1491 5399 1585 5456 illo
1614 5400 1854 5456 conditis
1880 5399 2000 5455 inec
2027 5398 2218 5455 dicun-

690 5539 767 5626 ςᾳ)
794 5535 1362 5626 Cogtra_(}elsu_m_l_ib.
1395 5555 1457 5605 ιι,
1488 5553 1544 5593 n.
1598 5537 1653 5605 9,
1708 5554 1830 5613 pag.
1883 5539 1991 5596 593
2032 5541 2164 5597 tomi
2197 5557 2214 5595 ι

619 5609 758 5670 edit.
785 5630 838 5684 p.
866 5609 1047 5667 Caroli
1078 5610 1146 5666 de
1176 5609 1224 5664 la
1252 5610 1389 5666 Bue.
1712 5609 1727 5611 ἡ
1787 5609 1804 5613 ⁷

622 5682 772 5809 86gb.)
823 5683 980 5738 Tom.
1029 5697 1050 5737 ι
1093 5681 1226 5738 edit.
1270 5681 1460 5741 Venet.
1514 5679 1808 5741 Concilior.
1843 5683 2044 5742 Labbei
2090 5699 2214 5757 pag.

2403 4661 2490 4716 11.
2523 4659 2722 4716 Marius
2753 4661 3086 4727 Victorinus,
3116 4677 3233 4725 seu,
3265 4671 3323 4716 ut
3350 4662 3441 4718 alii
3476 4663 3770 4734 appellant,
3823 4663 3936 4718 Fa-

2330 4753 2451 4808 bius
2498 4753 2702 4808 marios
2735 4753 2941 4820 Victor,
2974 4753 3162 4810 eadem
3210 4765 3369 4810 aetate
3419 4755 3619 4812 vixisse
3665 4755 3929 4812 creditur.

2328 4846 2501 4916 Hujus
2531 4860 2693 4916 porro
2737 4845 3032 4917 Seriptoris
3065 4847 3116 4902 in
3165 4862 3280 4903 rem
3311 4855 3553 4903 nostram
3581 4848 3696 4904 haec
3726 4848 3933 4904 monita

2331 4938 2404 5012 (α)
2430 4940 2657 5012 allegata
2689 4939 2796 4995 vidi
2822 4957 2835 4993 :
2912 4961 2918 4966 ·

2418 5098 2511 5162 Qui
2536 5097 2797 5162 mandante
2820 5095 2930 5148 Deo
2951 5110 3060 5162 cum
3087 5095 3264 5162 plenus
3286 5103 3456 5149 mente
3481 5099 3703 5162 parentis

2420 5159 2575 5211 Filius
2595 5161 2910 5224 omnipotens
2942 5159 3148 5211 faceret.

2401 5308 2489 5363 12.
2522 5307 2856 5379 Augustinus
2903 5306 3082 5364 eidem
3111 5307 3372 5364 locutioni
3402 5307 3586 5364 lavere
3634 5309 3783 5364 visus
3823 5318 3929 5374 est,

2327 5415 2449 5456 cum
2495 5400 2611 5456 haec
2655 5400 2732 5456 ait
2769 5398 2964 5471 (Serm.
2995 5399 3120 5464 140.
3151 5417 3206 5455 η.
3248 5397 3307 5472 6)
3341 5417 3356 5455 :
3391 5418 3411 5453 ι
3443 5398 3561 5457 Non
3602 5414 3633 5455 a
3683 5408 3934 5473 tempore

2401 5539 2475 5614 (c)
2507 5539 2583 5594 De
2610 5539 2811 5596 Herum
2834 5539 3140 5614 creatione.
3168 5537 3468 5614 Perquisivi
3513 5541 3605 5598 diu
3638 5542 3818 5599 locum
3861 5546 3935 5600 is-

2329 5610 2466 5680 tum,
2499 5625 2600 5667 nec
2622 5623 2803 5666 tamen
2831 5612 3032 5667 inveni.
3066 5610 3138 5666 At
3165 5613 3436 5680 Petavius,
3461 5613 3556 5670 lib.
3577 5628 3617 5669 ιι
3665 5618 3730 5670 de
3779 5614 3930 5670 Trin.

2333 5685 2433 5758 77,
2454 5683 2655 5754 aliique
2684 5699 2815 5758 eum
2843 5682 3099 5758 allegant.
3150 5683 3283 5753 Quis
3310 5698 3473 5756 porro
3503 5685 3604 5743 bos
3639 5695 3846 5746 temere
3879 5687 3930 5743 id

2335 5756 2528 5812 fecisse
2553 5755 2802 5825 putabit?
