4224 6262
313 239 411 293 8H

1058 245 1120 300 IN
1163 244 1417 303 HILARll
1462 246 1678 305 El’lST.
1719 245 1846 303 SEU
1889 243 2110 301 LIBEL.
2157 245 2614 304 DISSERTATIO
2653 246 2994 307 SECUNDA.

3500 254 3607 309 8l2

307 349 492 405 datum
522 369 534 404 :
580 353 674 409 sed
707 354 1015 412 mandatum
1064 367 1270 413 natum.
1304 359 1590 427 Quomodo
1620 359 1765 416 enim
1798 377 1904 414 non
1934 361 1986 419 A
2015 357 2243 415 humana
2298 371 2485 417 natura
2535 373 2808 431 assumpta
2847 363 3030 425 habet,
3085 364 3333 434 accipiat,
3369 375 3609 435 potesta-

308 451 392 498 est
443 444 755 500 mandatum
809 447 1007 513 Patris,
1062 450 1205 519 quod
1234 459 1317 506 est
1361 451 1595 506 Verbum
1633 451 1846 506 Patris?
1883 471 1902 503 ι

310 532 517 590 Rursus
533 551 655 591 cum
677 536 794 592 htec
825 539 1050 608 protulit
1074 540 1152 612 (a)
1183 559 1195 596 :
1227 560 1245 596 t
1274 541 1529 597 Formaut
1551 543 1650 598 sibi
1671 543 1722 597 in
1738 545 1906 614 phan-

307 635 537 685 tasmate
562 629 744 686 cordis
774 633 856 687 sui
905 633 1058 703 quasi
1113 633 1254 691 duos
1302 636 1514 707 aliquos
1560 637 1712 707 quasi
1754 637 1908 706 juxta

307 720 560 789 invicem,
595 721 649 777 in
696 723 810 779 suis
850 733 1028 782 tamen
1060 725 1197 781 locis
1227 729 1575 794 constitutos,
1625 744 1791 784 unum
1819 729 1909 799 ju-

307 813 548 881 bentem,
580 823 637 872 et
664 816 895 872 alterum
926 818 1392 889 obtemperantem
1424 839 1438 875 :
1469 837 1571 878 nec
1602 823 1910 894 intelligunt

309 907 480 978 ipsam
501 908 793 982 jussionem
832 908 1035 977 Patris,-
1065 921 1122 966 ut
1151 912 1342 968 fierent
1391 915 1594 981 omnia,
1626 931 1735 970 non
1787 929 1908 972 esse

307 1001 409 1058 nisi
441 1001 676 1058 Verbum
705 1003 902 1072 Patris,
934 1021 1031 1075 per
1058 1007 1203 1078 quod
1237 1009 1530 1085 facta_sunt
1557 1010 1760 1065 omnia.
1812 1030 1831 1062 ι
1882 1053 1886 1058 .

389 1095 474 1150 13.
531 1087 999 1168 Hisadjttngendi
1049 1107 1178 1154 sunt
1224 1100 1414 1156 Patres
1465 1101 1563 1167 illi,
1608 1103 1698 1172 qtti
1743 1102 1907 1158 verba

312 1187 502 1256 psalmi
532 1204 730 1244 chvttt
760 1189 829 1261 (v.
925 1189 943 1256 )
977 1209 988 1245 :
1023 1189 1144 1262 Ipse
1173 1193 1452 1259 mandavit,
1477 1203 1523 1248 et
1555 1207 1726 1249 creata
1765 1206 1905 1260 sunt,

311 1281 382 1336 ita
411 1291 712 1349 exponunt,
761 1291 819 1337 ut
848 1282 1060 1340 Patrem
1111 1285 1422 1342 describant
1454 1303 1632 1344 rerum
1672 1291 1908 1345 creatio-

309 1388 434 1429 nem
480 1373 618 1430 Filio
661 1377 1104 1446 praecipientem;
1159 1379 1212 1434 itt
1266 1396 1495 1451 quorum
1540 1399 1767 1440 numero
1799 1383 1909 1441 Ire-

310 1482 462 1522 nzeus
491 1467 718 1533 eminet,
749 1468 904 1536 cujus
933 1468 1050 1526 hcce
1077 1472 1361 1528 notissima
1389 1475 1630 1545 quidem,
1663 1475 1760 1532 sed
1787 1492 1909 1548 qua:

311 1567 490 1616 tamen
523 1558 729 1616 referre
758 1559 847 1617 hic
875 1561 1076 1633 placet,
1132 1565 1295 1622 verba
1327 1576 1454 1622 sunt
1477 1568 1590 1632 (lib.
1623 1585 1701 1635 ιιι,
1730 1587 1776 1624 c.
1806 1569 1864 1641 8)
1892 1589 1905 1625 :

307 1649 405 1706 Cui
456 1667 580 1722 ergo
634 1654 921 1725 prtecepit?
969 1653 1134 1712 Verbo
1181 1658 1416 1726 scilicet,
1471 1677 1560 1725 per
1614 1661 1751 1730 quod
1797 1661 1909 1716 εωΙὶ

311 1743 507 1812 [innati
534 1756 678 1800 sunt.
749 1821 751 1824 η

388 1839 476 1894 14.
535 1838 796 1897 Irenaeum
849 1853 1149 1914 sequuntur
1207 1845 1395 1903 Patres
1455 1849 1669 1904 concilii
1721 1850 1910 1906 Antio-

312 1930 472 1986 cheni
513 1930 688 2005 (Tom.
718 1951 734 1989 ι
765 1934 961 1991 Concil.
993 1935 1184 1994 Labbei
1215 1957 1336 2012 pag.
1379 1941 1510 2013 867)
1539 1953 1724 1998 contra
1773 1945 1913 2001 Pau-

317 2023 428 2078 lum
455 2024 868 2083 Samosatenttm
901 2030 1180 2098 celebrati,
1214 2034 1544 2090 Athanasius
1571 2035 1660 2108 (lu
1689 2037 1818 2093 libro
1849 2039 1914 2094 de

320 2117 546 2173 Decretis
571 2120 611 2187 ),
645 2118 878 2192 Cyrilltts
910 2125 1308 2181 Alexandrinus
1333 2126 1447 2198 (lib.
1481 2145 1609 2184 xm
1640 2129 1909 2198 Thesauri,

316 2229 436 2283 pag.
467 2211 622 2285 255).
653 2223 708 2271 et
740 2214 970 2287 Prosper
1007 2217 1103 2293 (In
1149 2233 1420 2277 comment.
1462 2224 1517 2277 in
1563 2225 1733 2280 locum
1777 2227 1915 2282 hunc

316 2303 507 2375 psalmi
551 2322 748 2363 chvnt
778 2327 792 2364 :
849 2309 964 2377 ipse
995 2312 1294 2381 mandavit,
1329 2325 1382 2371 et
1412 2327 1592 2372 creata
1617 2319 1787 2391 sunt).
1818 2320 1915 2376 At-

317 2412 422 2467 que
475 2397 634 2468 hujus
679 2401 894 2471 quidem
928 2406 1188 2475 postremi
1234 2407 1429 2474 Patris,
1461 2417 1522 2464 ut
1551 2421 1678 2480 pote
1702 2411 1793 2482 qui
1823 2412 1913 2467 ditt

320 2499 441 2560 post
475 2489 772 2557 Nictenum.
801 2504 966 2563 atque
997 2496 1134 2552 adeo
1185 2508 1307 2567 post
1361 2499 1914 2572 Constantinopolita-

321 2596 450 2636 nutn
481 2583 768 2640 concilium
814 2585 970 2653 vixit,
1019 2587 1183 2644 verba
1233 2589 1346 2658 ipsa
1395 2593 1597 2648 referre
1628 2593 1715 2650 hic
1743 2595 1914 2652 libet:

332 2692 351 2726 ι
383 2673 537 2743 Quod
566 2677 710 2732 enim
762 2677 906 2734 Deus
934 2680 1086 2748 dicit,
1122 2681 1297 2740 Verbo
1341 2684 1492 2741 dicit.
1541 2687 1608 2742 Et
1657 2687 1914 2757 Verbum,

323 2785 418 2842 per
445 2771 585 2842 quod
617 2771 756 2828 facta
787 2784 912 2829 sunt
940 2776 1142 2845 omnia,
1163 2777 1473 2836 mandatum
1502 2779 1734 2838 dicentis
1757 2797 1916 2839 exse-

323 2865 505 2934 quitur
532 2861 804 2937 (Ibidem).
843 2884 862 2918 ι

394 2955 486 3012 15.
514 2955 597 3011 Ad
623 2957 915 3014 secundum
941 2975 1104 3031 porro
1132 2971 1294 3032 caput
1321 2962 1398 3036 (id
1413 2973 1498 3020 est
1523 2965 1590 3021 ad
1611 2980 1675 3023 ea
1697 2967 1918 3024 Patrum

325 3047 464 3114 loca,
515 3049 569 3104 in
614 3050 810 3120 quibus
851 3049 1047 3109 dicitur
1093 3053 1346 3111 obedisse
1391 3055 1585 3124 Filius,
1631 3067 1918 3132 antequam

2013 460 2118 505 tem
2152 454 2360 507 creandi
2388 462 2444 508 et
2489 455 2789 524 providendi
2818 467 3266 523 commemorant,
3296 473 3455 528 quam
3489 476 3612 530 pro-

2010 543 2098 598 cul
2149 543 2318 598 dubio
2351 545 2511 600 habet
2557 562 2622 602 ex
2657 557 2846 602 natura
2877 547 3080 609 divina,
3114 557 3169 603 et
3199 550 3250 604 itt
3300 562 3492 606 natura
3529 553 3609 609 di-

2012 637 2156 700 vina,
2186 639 2407 694 minime
2438 655 2566 696 vero
2597 656 2662 695 ex
2694 640 2952 696 humana.
3007 642 3086 697 En
3117 658 3237 713 qute
3282 645 3352 701 ibi
3386 647 3608 703 tradun-

2012 740 2099 786 tur
2115 732 2534 802 :tQutecumque
2547 747 2726 788 tamen
2743 743 2916 803 potest
2937 733 3275 808 (Diaconos),
3300 739 3611 796 moderetur

2013 840 2110 896 per
2136 839 2280 894 sese,
2344 835 2565 893 accepta
2592 826 2661 881 ab
2689 827 2954 897 Episcopo
2984 835 3272 898 potestate,
3301 830 3440 886 sicut
3458 833 3614 888 Chri-

2010 930 2130 975 stus
2180 929 2504 990 potestatem
2553 921 2795 987 creandi,
2852 930 2906 976 et
2956 923 3271 991 providendi
3331 923 3539 996 accepit
3583 945 3610 982 a

2009 1011 2190 1066 Patre.
2228 1030 2246 1064 ι
2273 1011 2431 1076 Vide,
2478 1011 2728 1075 obsecro,
2773 1012 3039 1084 integrum
3071 1024 3230 1084 caput
3281 1016 3354 1073 26
3405 1017 3522 1072 libri
3573 1035 3608 1073 ιι

2012 1104 2324 1160 earumdem
2353 1103 2786 1159 Constitutionum
2813 1120 2832 1159 :
2859 1105 2910 1158 in
2953 1123 3058 1176 quo
3093 1107 3308 1176 quidem
3342 1109 3460 1164 loco
3493 1109 3609 1165 hrrc

2011 1197 2151 1253 inter
2183 1206 2375 1253 cratera
2411 1198 2661 1268 leguntur
2693 1215 2707 1251 :
2751 1216 2770 1248 ‹
2811 1197 3176 1254 Diaconissaut
3212 1210 3608 1268 rcprmseutare

2012 1292 2272 1362 Spiritum
2321 1292 2601 1358 Sanctum,
2662 1306 2782 1362 quae
2813 1290 2946 1346 nihil
2996 1293 3112 1346 sine
3161 1293 3396 1348 Diacouo
3438 1296 3613 1351 facere

2011 1385 2228 1449 debeat,
2260 1393 2353 1440 aut
2382 1385 2549 1456 loqui,
2580 1400 2739 1453 quem
2771 1384 2838 1440 ad
2865 1384 3086 1440 modum
3114 1400 3290 1457 neque
3315 1388 3614 1446 Paraclitus

2013 1491 2043 1530 a
2074 1490 2132 1531 se
2172 1477 2288 1546 ipso
2319 1475 2522 1545 aliquid
2557 1475 2820 1547 loquitur,
2855 1488 2946 1531 aut
2997 1478 3142 1545 facit,
3192 1479 3289 1536 sed
3331 1479 3608 1540 Christum

2013 1569 2343 1640 gloriﬁcans,
2377 1569 2711 1626 voluntatem
2743 1570 2886 1625 illius
2915 1580 3212 1642 exspectat.
3423 1575 3428 1582 '
3639 1647 3642 1650 ἢ

2086 1664 2176 1717 17.
2197 1663 2434 1719 Irentetts
2461 1661 2597 1734 (Lib.
2631 1679 2776 1729 tv,c.
2809 1665 2899 1730 l7;
2925 1665 2979 1720 in
3010 1681 3139 1720 nova
3152 1666 3394 1734 editione,
3419 1687 3534 1740 cap.
3559 1672 3613 1737 7,

1942 1750 1991 1812 B
2020 1773 2073 1810 ιι.
2109 1755 2167 1829 4)
2198 1765 2378 1827 negat,
2413 1755 2582 1811 Deum
2610 1755 2829 1812 Patrem
2874 1757 2930 1812 in
2979 1757 3178 1813 Mundo
3215 1760 3500 1815 condendo
3534 1763 3618 1817 in.

2016 1849 2254 1921 diguisse
2282 1849 2610 1921 Angelorum
2638 1865 2838 1918 opera;
2869 1852 3068 1923 quippe
3099 1851 3173 1906 illi
3220 1855 3468 1925 egregius
3514 1856 3618 1912 mi-

2016 1941 2186 1998 nister
2211 1941 2451 1998 Verbum
2486 1951 2685 2012 praesto
2707 1952 2828 1998 est:
2869 1962 2887 1994 ί
2927 1943 3195 1999 ministrat
3221 1947 3386 2013 enim,
3420 1948 3614 2018 inquit,

2015 2032 2082 2088 ad
2113 2033 2295 2088 omnia
2339 2048 2434 2088 sua
2482 2036 2786 2104 progenies,
2818 2045 2871 2089 et
2918 2035 3165 2106 figuratio
3193 2053 3313 2105 sua,
3364 2039 3415 2094 id
3449 2052 3533 2096 est
3554 2041 3618 2096 li-

2019 2127 2148 2192 Iius,
2181 2135 2234 2181 et
2261 2125 2494 2195 Spiritus
2521 2127 2774 2194 Sanctus,
2812 2128 3070 2194 Verbum,
3099 2139 3154 2186 et
3183 2131 3470 2200 sapientia,
3500 2137 3620 2203 qui-

2018 2219 2119 2273 bus
2149 2219 2415 2283 serviunt,
2450 2227 2507 2276 et
2556 2219 2787 2289 subjecti
2818 2230 2946 2274 sunt
2981 2223 3193 2291 Angeli.
3233 2243 3251 2275 ι
3289 2224 3423 2278 Eum
3457 2225 3618 2280 etiam

2017 2310 2106 2367 hic
2127 2312 2307 2368 recole
2335 2312 2712 2385 locum,quem
2742 2331 2890 2370 num.
2923 2315 2958 2368 2
2985 2315 3208 2388 allegavi
3242 2336 3254 2371 :
3293 2318 3461 2376 «Filio
3489 2337 3620 2377 vero

2017 2405 2384 2472 ministrante,
2399 2423 2418 2458 ι
2448 2415 2550 2462 etc.
3009 2475 3014 2480 _
3392 2420 3400 2430 υ
3491 2409 3502 2456 .‘
3678 2482 3679 2485 η

2095 2497 2181 2554 18.
2218 2497 2478 2553 Doctores
2507 2496 2608 2552 bos
2636 2498 2881 2570 sequitur
2909 2499 2975 2564 is,
3003 2501 3090 2554 cui
3129 2500 3391 2558 debemus
3420 2503 3613 2560 librum

2025 2589 2088 2645 de
2117 2589 2508 2654 Incarnatione,
2562 2591 2653 2661 qui
2704 2591 2846 2645 inter
2885 2591 3172 2662 Augustini
3203 2609 3367 2662 opera
3395 2605 3571 2650 exs-tat
3603 2614 3615 2650 :

2019 2683 2220 2754 quippe
2250 2685 2324 2737 ait
2355 2683 2493 2752 (Lib.
2537 2699 2577 2749 ι,
2607 2701 2719 2755 cap.
2756 2683 2838 2754 2),
2877 2701 2896 2734 ι
2942 2683 3137 2738 Filiunt
3168 2685 3220 2740 in
3253 2688 3400 2742 omni
3429 2688 3623 2743 condi-

2021 2773 2170 2831 tione
2200 2775 2348 2832 Patri
2380 2776 2736 2843 ministrasse,
2772 2777 2895 2840 quia
2928 2792 3024 2847 per
3055 2779 3230 2848 ipsum
3259 2781 3439 2854 omnia
3483 2782 3621 2838 facta

2021 2877 2167 2924 sunt.
2208 2888 2227 2921 ι
2265 2869 2319 2925 Si
2355 2870 2405 2923 in
2435 2869 2581 2923 omni
2609 2869 2922 2925 conditione
2947 2870 3092 2926 Patri
3133 2873 3480 2935 ministravit.
3526 2875 3624 2930 Pa-

2025 2960 2092 3015 tri
2125 2960 2289 3015 etiam
2319 2959 2651 3017 ministravit
2677 2961 2768 3016 diu
2805 2971 3094 3032 antequam
3124 2963 3514 3022 incarnaretur.

2097 3055 2184 3109 l9.
2228 3053 2424 3110 Fateor
2468 3069 2651 3124 porro,
2683 3055 2936 3110 nonnulla
2971 3069 3039 3111 ex
3086 3056 3172 3122 iis,
3216 3073 3338 3128 qua:
3369 3059 3624 3130 allegavi-

322 3144 486 3197 etiam
529 3140 822 3199 humanam
860 3160 1080 3202 carnem
1126 3148 1449 3221 assumeret)
1495 3151 1768 3221 pertinent
1810 3169 1916 3209 non
1944 3142 1990 3207 C
2024 3161 2164 3214 mus,
2198 3146 2339 3203 eludi
2372 3145 2603 3204 fortasse
2641 3163 2820 3218 posse,
2860 3148 2944 3204 vel
2994 3145 3042 3202 si
3086 3163 3309 3206 moneas
3348 3151 3625 3222 appositas

322 3251 492 3308 pauca
537 3253 746 3304 eorum,
793 3255 915 3310 quae
944 3241 1108 3296 modo
1152 3241 1456 3310 retulimus,
1497 3254 1660 3316 atque
1686 3261 1914 3318 expres-

321 3329 536 3386 sissime
568 3339 898 3400 postremum
951 3331 1091 3387 istud
1143 3333 1395 3403 Prosperi
1431 3353 1443 3388 :
1480 3335 1790 3393 Mandatum
1839 3340 1919 3394 di-

323 3423 485 3477 centis
527 3423 848 3494 exsequitur;
874 3438 936 3480 ea
959 3441 1172 3496 quoque
1209 3443 1330 3497 qua:
1370 3444 1439 3483 ex
1465 3432 1697 3486 concilio
1724 3435 1916 3489 Antio-

323 3514 500 3572 cheno
527 3517 788 3573 adversus
816 3517 1040 3575 Paulum
1071 3518 1486 3577 Samosatenum
1509 3525 1745 3578 excitata
1769 3534 1912 3580 sunt.

323 3608 478 3666 Adde
507 3610 914 3680 subsequentia.
949 3611 1187 3668 Hilarius
1243 3624 1432 3671 monet
1469 3613 1588 3688 (Lib
1617 3631 1674 3670 tv
1706 3616 1768 3672 de
1793 3615 1918 3671 Tri-

273 3701 419 3760 anit.
450 3721 502 3759 η.
537 3706 652 3778 16),
685 3705 878 3762 Filium
930 3707 986 3763 in
1033 3707 1272 3764 creando
1321 3707 1520 3764 Mundo
1572 3705 1916 3766 obedientem

310 3791 487 3870 dictis
525 3797 620 3854 Dei
647 3797 870 3871 (Patris)
901 3801 1193 3856 exsﬁtisse.
1224 3802 1399 3870 Atque
1426 3800 1478 3856 in
1509 3801 1759 3858 eumdem
1789 3818 1918 3858 sen-

313 3897 444 3964 sum
471 3890 764 3964 Gregorius
793 3891 1164 3950 Nazianzenus
1194 3892 1391 3966 (Carm.
1421 3911 1614 3949 arcano
1656 3910 1769 3962 vm,
1793 3912 1916 3966 pag.

316 3971 452 4058 £75,
485 3983 540 4055 6)
592 3984 707 4041 haec
752 3987 867 4042 ait:
925 4005 944 4038 ι
982 3986 1105 4042 Fuit
1153 3986 1462 4058 aliquando,
1492 4004 1613 4044 cum
1663 3988 1916 4044 Mttndutn

313 4057 620 4144 constituit,
668 4095 923 4150 magnum
951 4079 1152 4137 mentis
1183 4057 1424 4137 verbum
1470 4082 1778 4151 obsequens
1807 4097 1915 4138 ma-

314 4173 414 4246 gni
459 4171 634 4230 Patris
667 4173 854 4229 menti.
894 4192 914 4227 ι
971 4174 1227 4230 Paulinus
1273 4173 1514 4231 Nolanus
1551 4175 1717 4231 etiam
1749 4173 1919 4248 (Poe-

317 4267 452 4326 τηατ.
485 4267 576 4330 52.
607 4285 657 4324 υ.
687 4268 780 4340 85)
814 4288 826 4323 :

331 4369 341 4403 5‘
422 4381 590 4433 Paruit
612 4382 696 4434 ille
721 4379 1030 4448 (Unigenilus
1053 4380 1212 4436 Filius
1232 4381 1326 4435 Dei
1345 4382 1549 4449 )_libons
1565 4422 1579 4445 ,
1607 4385 1745 4435 Deus
1762 4385 1923 4434 omnia

335 4479 339 4486 ..
555 4507 564 4509 Α
736 4447 743 4448 ⁷
848 4447 861 4448 ί
1345 4447 1501 4509 ’[ειιω
1525 4447 1673 4500 Patre
1699 4459 1918 4508 concors,

543 4507 860 4560 Communem
883 4521 1059 4560 curans
1079 4522 1189 4560 rem
1215 4507 1400 4573 pietate
1423 4510 1546 4574 pari.

400 4637 488 4693 16.
522 4637 762 4706 Tertium
790 4647 950 4710 caput
978 4638 1078 4693 ista
1131 4639 1528 4709 complectitur.
1562 4636 1919 4693 Ministerium

319 4728 492 4785 divini
523 4729 685 4786 Verbi
715 4747 745 4786 a
794 4731 953 4787 Patre
995 4740 1295 4802 acceptum,
1353 4729 1582 4800 ideoque
1633 4729 1775 4801 quod
1809 4744 1924 4786 tne-

320 4824 432 4880 rito
484 4823 748 4881 referatur
792 4823 860 4878 ad
915 4823 1166 4880 eumdem
1236 4824 1472 4890 Patrem,
1523 4823 1693 4879 veluti
1731 4838 1920 4878 verum

325 4927 601 4974 auctorem
632 4916 871 4988 ejusdem
913 4917 1222 4986 ministerii,
1264 4916 1676 4989 expressissime
1725 4917 1924 4972 docent

328 5009 746 5079 Constitutiones,
773 5027 907 5082 quas
934 5012 1258 5084 Apostolicas
1285 5012 1558 5082 appellant
1587 5001 1748 5082 (Vide
1768 5010 1920 5066 Cote-

330 5106 443 5160 lerii
481 5107 833 5179 prwfationem
862 5107 916 5161 in
945 5105 1044 5161 has
1070 5105 1548 5176 constitutiones);
1600 5106 1798 5176 quippe
1851 5120 1918 5166 ea

329 5199 684 5274 similitudine
749 5198 1021 5255 interdum
1077 5207 1318 5260 utuntur,
1375 5215 1496 5270 qua:
1547 5197 1923 5255 defensoribus

327 5293 911 5350 consubstantialitatis
935 5292 1102 5349 Verbi
1129 5292 1284 5348 valde
1310 5306 1504 5362 aspera
1525 5293 1638 5347 visa
1667 5299 1770 5347 cst.
1808 5291 1924 5348 Sci-

329 5386 460 5444 licet
500 5387 718 5454 docent,
776 5407 794 5442 ι
828 5389 1127 5445 Diaconum
1167 5389 1376 5444 relerre
1422 5388 1622 5443 debere
1647 5388 1824 5442 omnia
1855 5386 1923 5441 ad

330 5479 684 5553 Episcopum,
713 5482 852 5538 sicut
871 5477 1122 5540 Christus
1151 5480 1321 5537 refert
1340 5481 1520 5537 omnia
1551 5479 1617 5535 ad
1648 5480 1918 5537 Patrem.»

330 5574 399 5632 Et
426 5591 494 5632 ne
514 5576 634 5649 quis
659 5591 722 5633 ea
746 5576 890 5634 dicta
933 5575 1003 5635 de
1039 5584 1330 5649 potestate,
1376 5591 1537 5649 quam
1567 5573 1818 5632 Christus
1870 5575 1923 5632 in

2021 3239 2122 3304 eis,
2151 3255 2287 3310 quos
2314 3239 2694 3306 exeitavimus,
2722 3239 2991 3305 Patribus,
3015 3242 3321 3310 asperiores
3364 3244 3462 3298 has
3485 3244 3630 3299 locu-

2021 3335 2199 3391 tiones
2232 3334 2472 3390 :etenint
2505 3348 2669 3389 voces
2701 3333 2822 3400 has,
2839 3333 3057 3406 jubente
3097 3334 3270 3403 Patre,
3307 3353 3333 3390 a
3363 3338 3630 3408 probatis-

2023 3425 2703 3491 sintislrenzeicodicibus,
2733 3425 2930 3496 quibus
2971 3425 3249 3493 Erasmus,
3295 3429 3498 3500 aliique
3538 3446 3628 3487 ve-

2022 3520 2278 3576 tustiores
2309 3519 2496 3574 lrenzei
2539 3518 2778 3574 editores
2802 3519 2884 3573 usi
2927 3527 3075 3584 sunt,
3108 3521 3302 3577 abesse
3327 3522 3486 3578 docet
3516 3524 3624 3580 lie-

2022 3618 2179 3666 natus
2205 3609 2461 3676 Massnet,
2502 3612 2587 3665 cui
2637 3609 2897 3665 debemus
2925 3619 3252 3680 postremam
3286 3611 3474 3671 lrena-i
3507 3617 3626 3671 edi-

2023 3704 2260 3776 tionem(
2282 3715 2333 3760 et
2351 3704 2576 3774 jubentc
2593 3703 2774 3758 desunt
2800 3705 2854 3759 in
2909 3703 3110 3760 Erasm.
3137 3717 3182 3760 et
3205 3704 3347 3762 Gall.
3381 3708 3398 3778 (
3424 3725 3478 3780 p.
3521 3708 3628 3765 285

2025 3807 2148 3852 ιοιιι.
2175 3815 2191 3853 ι
2235 3799 2360 3853 edit.
2385 3795 2634 3868 Veneta).
2657 3797 3167 3870 Desuntqttoquein
3200 3800 3440 3857 editione
3490 3807 3622 3858 Ant-

2024 3889 2411 3947 stelodameusi
2440 3889 2569 3944 anni
2595 3888 2734 3943 1724
2747 3889 3176 3946 Constitutionum
3191 3896 3622 3966 Apostolicarum,

2024 4001 2144 4057 qua:
2157 3984 2224 4040 de
2254 3993 2522 4054 potestate
2549 3984 2778 4048 creandi,
2807 3996 2862 4040 et
2883 3989 3220 4043 conservandi
3247 4006 3310 4046 ex
3354 3994 3628 4051 nonnullis

2025 4077 2410 4133 vetustioribus
2457 4075 2788 4132 editionibus
2823 4077 3033 4147 objecta
3069 4090 3214 4136 sunt.
3259 4082 3351 4138 Vel
3376 4087 3537 4141 etiam
3577 4089 3624 4142 si

2024 4187 2268 4240 moneas,
2298 4186 2510 4228 summo
2532 4171 2587 4227 in
2610 4171 2785 4242 pretio
2809 4187 2916 4228 non
2941 4171 3222 4230 habendos
3244 4190 3349 4244 eos,
3392 4193 3581 4238 omnes
3605 4224 3622 4247 ,

2025 4281 2162 4338 quos
2189 4263 2512 4321 adduximus
2529 4306 2544 4332 ,
2590 4265 2872 4332 Doctores,
2899 4264 3036 4321 adeo
3061 4275 3120 4320 ut
3137 4267 3204 4322 ab
3226 4283 3411 4324 eorum
3437 4284 3626 4329 auclo-

2025 4359 2185 4415 ritate
2204 4358 2463 4414 commoti
2499 4357 2568 4413 ab
2599 4356 2998 4424 usitatissimis,
3023 4373 3086 4414 ac
3124 4360 3517 4430 probatissimis
3546 4367 3626 4422 lo—

2026 4451 2224 4524 quendi
2261 4450 2507 4508 formulis
2552 4450 2892 4506 recedamus.
2937 4448 3046 4507 Cur
3091 4453 3234 4508 enim
3275 4455 3327 4510 id
3365 4456 3626 4517 adhibere

1946 4539 2181 4601 Dnobis
2213 4559 2321 4598 non
2369 4543 2498 4600 licet
2543 4543 2688 4612 quod
2736 4541 3021 4599 Gennadio
3063 4551 3303 4613 proterre
3350 4549 3625 4624 licuit(De

2031 4638 2234 4694 Eccles.
2255 4636 2495 4710 Dogmat.
2514 4653 2629 4707 cap.
2656 4635 2750 4707 4)?
2783 4653 2805 4690 ι
2829 4635 3250 4704 Nihilcreatum,
3273 4652 3365 4695 aut
3381 4643 3626 4702 serviens

2030 4732 2084 4789 in
2112 4731 2376 4787 Trinitate
2402 4730 2712 4796 credamus,
2740 4741 2800 4785 ut
2825 4729 2939 4785 vult
2963 4729 3248 4802 Dionysius
3270 4732 3390 4789 fons
3429 4736 3565 4792 Arii.
3599 4755 3618 4791 ι

2031 4827 2111 4884 De
2134 4839 2242 4898 quo
2277 4824 2494 4896 quidem
2547 4823 2832 4895 Dionysio,
2885 4823 3099 4878 tametsi
3141 4827 3526 4895 vetustissimo,
3572 4841 3630 4887 et

2033 4919 2327 4990 caeteroqui
2351 4917 2606 4975 laudabili
2631 4917 2768 4982 viro,
2789 4915 2905 4972 hzt-c
2937 4917 3098 4972 etiam
3121 4916 3312 4974 litteris
3341 4923 3629 4992 consigna~

2032 5015 2108 5070 vit
2129 5012 2358 5070 Basilius
2385 5009 2578 5086 (Epist.
2609 5025 2699 5065 xu
2720 5050 2736 5077 ,
2763 5009 2816 5063 in
2841 5011 3062 5064 editione
3089 5009 3234 5064 Patr.
3261 5011 3322 5067 S.
3349 5012 3528 5068 Mauri
3550 5031 3627 5083 ιιι,

2030 5124 2087 5162 n.
2118 5106 2178 5177 2)
2207 5124 2260 5160 ε(
2291 5104 2408 5160 Non
2437 5104 2616 5159 omnia
2648 5103 2794 5158 illius
2825 5102 3054 5159 hominis
3084 5103 3415 5162 admirantur
3441 5126 3457 5164 :
3491 5125 3630 5166 non-

2031 5198 2176 5256 nulla
2229 5211 2357 5253 vero
2407 5209 2629 5264 prorsus
2686 5193 2984 5263 rejicimus.
3035 5195 3432 5266 Propemodum
3479 5203 3625 5260 enim

2035 5292 2212 5356 istius,
2236 5305 2355 5361 quae
2385 5301 2528 5344 nunc
2550 5287 2876 5359 divulgatur,
2902 5285 3194 5356 impietatis
3213 5289 3627 5360 Anomceorum,

2038 5395 2296 5458 quantum
2325 5383 2549 5448 scimus,
2580 5382 2786 5452 primus
2827 5380 2928 5437 iste
2954 5381 3188 5435 humano
3215 5385 3401 5452 generi
3423 5388 3633 5444 semina

2033 5479 2282 5552 prtebuit.
2320 5496 2339 5530 ι
2373 5476 2708 5547 Quamquam
2739 5475 2885 5531 illum
2912 5474 3093 5530 statim
3113 5481 3631 5552 excusarealiquan-

2035 5574 2204 5645 tisper
2231 5570 2468 5639 studeat,
2501 5569 2618 5626 Itazc
2641 5568 2932 5640 subjiciens
2964 5586 2977 5624 :
3017 5586 3036 5622 ι
3055 5567 3286 5628 Causam
3316 5589 3447 5630 vero
3475 5575 3638 5648 hujus

404 5766 483 5841 (a)
519 5765 578 5824 ln
618 5764 712 5825 lib.
745 5772 933 5822 contra
977 5762 1227 5820 Sermon.
1258 5757 1513 5819 Arianor.
1539 5773 1661 5833 cap.
1691 5759 1748 5831 5,
1781 5756 1918 5816 alias
1961 5771 2017 5815 ιι.
2041 5756 2096 5814 4.

737 5861 1014 5926 Ρηιιυι..
1059 5856 1146 5922 Χ.

3116 5848 3196 5908 27
