4248 6258
615 171 725 280 8‘55

1285 213 1358 276 IN
1393 211 1655 274 Ηωιι
1695 212 1913 273 EPIST.
1956 210 2088 270 SEO
2129 209 2352 270 LIBEL.
2401 213 2854 275 DISSEHTATIO
2891 212 3233 275 SECUNDA.

3811 217 3914 274 8H

614 337 696 393 rei
734 349 841 391 non
870 341 1000 406 puto
1037 330 1439 404 improbitatem
1482 329 1646 386 animi
1689 327 1886 395 fuisse,
1931 327 2026 385 sed
2071 327 2216 398 quod
2241 327 2296 390 Α
2322 332 2436 387 nuit
2457 330 2687 389 Basilius
2712 333 2876 390 verba
2909 331 2997 388 illa
3029 331 3226 387 Christi
3253 329 3572 401 explicans:
3610 329 3916 387 Mandatum

617 425 860 484 Sabellio
888 424 1262 482 vehementius
1290 423 1557 478 obluctari
1587 430 1832 493 cuperet.
1858 440 1877 474 ι
1913 421 2022 477 Sed
2067 430 2220 478 certe

619 521 804 578 omnia
825 517 974 576 eludi
1007 531 1116 573 non
1148 525 1396 588 possunt.
1428 515 1560 586 Quis
1600 516 1746 572 enim
1775 515 1958 572 dicere
1999 516 2213 583 audeat,

619 620 874 684 corrupta
905 625 1027 667 esse
1057 610 1259 677 cuiuis,
1288 625 1408 682 qua;
1437 618 1598 666 antea
1623 609 1968 681 protulimus,
1997 608 2216 665 Patrum

619 705 758 772 loca,
797 718 923 761 cum
971 717 1139 776 pauca
1177 717 1241 758 ea
1286 718 1394 758 non
1439 703 1576 769 sint,
1623 713 1679 760 et
1723 703 1981 774 pleraque
2025 703 2216 759 horum

617 808 769 857 certo
789 798 1100 869 incorrupta
1118 797 1262 853 sint?
1280 797 1399 853 Alio
1413 797 1575 869 igitur
1589 797 1962 870 confugiamus
1980 805 2214 868 oportet.

688 891 781 948 εκ).
828 890 1010 946 Inveni
1053 899 1232 947 autem
1263 890 1405 958 apud
1437 889 1744 961 probabiles
1773 890 2075 961 Scriptores
2108 890 2222 947 duo

617 983 948 1041 selutionum
978 982 1185 1054 capita,
1215 997 1444 1053 quorum
1484 982 1717 1051 primum
1762 997 1829 1038 eo
1871 982 2121 1047 vertitur,
2157 987 2219 1037 ut

617 1085 841 1133 moneat
908 1074 1273 1145 asperioribus
1325 1074 1475 1130 hisce
1522 1073 1885 1130 locutionibus
1943 1075 2216 1130 mitiorem

617 1183 838 1226 sensum
867 1167 1068 1224 inesse.
1114 1165 1368 1239 Rigorose
1410 1165 1614 1235 excipit
1655 1166 1873 1223 easdem
1915 1167 2219 1224 locutiones

617 1261 816 1318 solutio
850 1259 1020 1316 altera
1042 1301 1056 1326 ,
1095 1258 1188 1315 sed
1233 1273 1326 1315 eas
1351 1258 1419 1314 de
1463 1257 1659 1325 Verbo,
1692 1267 1957 1329 quatenus
1999 1257 2217 1314 Verbum

618 1363 723 1420 est,
751 1361 809 1410 et
831 1353 1133 1418 inci-casum,
1164 1349 1387 1406 minime
1411 1351 1624 1419 accipit.
1655 1349 1953 1422 Utramque
1988 1350 2218 1408 solutio-

618 1461 766 1511 nem,
800 1446 1050 1510 obsecro,
1083 1442 1475 1514 expendamus.

688 1542 753 1596 2|
768 1581 781 1595 .
805 1539 970 1596 Aiunt
987 1541 1168 1612 itaque
1181 1540 1274 1612 qui
1291 1541 1520 1612 primam
1543 1550 1849 1612 proponunt
1863 1543 2212 1612 solutionem,

617 1633 760 1692 hanc
800 1634 984 1690 inesse
1030 1643 1142 1690 tum
1182 1632 1460 1704 profanis,
1490 1643 1601 1690 tum
1643 1635 1812 1690 sacris
1847 1633 2213 1707 Scriptoribus

2321 425 2548 495 accepia
2572 423 2748 491 Patre,
2779 424 2905 495 quid
2930 425 3122 491 dicam,
3173 433 3280 479 etc.
3334 422 3547 478 Etenim
3599 421 3717 480 bare
3759 423 3925 480 docet

2319 515 2410 573 ille
2440 517 2516 590 (a)
2552 534 2566 573 :
2599 535 2621 571 t
2652 517 2904 572 Attamen
2959 531 3027 573 ne
3059 515 3198 572 forte
3223 530 3290 572 ex
3325 515 3692 586 magnitudine
3733 529 3924 572 eorum

2321 623 2444 680 quas
2471 609 2628 677 fiunt,
2662 611 2936 681 rapiamur
2963 609 3018 664 in
3066 608 3537 680 imaginationem,
3579 618 3637 665 ut
3674 619 3928 680 putemus

2321 702 2608 759 Dominum
2665 702 2932 773 principio
2967 713 3180 772 carere,
3208 702 3338 774 quid
3375 703 3448 758 ait
3491 703 3560 770 is,
3601 705 3692 775 qui
3717 719 3821 776 per
3867 719 3929 760 se

2320 794 2432 850 vita
2479 795 2598 850 esti
2640 793 2754 869 Ego
2781 795 2892 850 uiuo
2937 803 3152 869 propter
3191 793 3426 852 Patrem.
3469 795 3538 852 Et
3563 795 3659 853 Dei
3705 797 3881 854 virtus
3912 811 3927 851 :

2322 886 2448 942 Non
2474 897 2638 957 potest
2667 886 2842 944 Filius
2864 905 2897 942 a
2921 895 2978 944 se
2996 888 3169 958 facere
3187 888 3476 960 quicquam.
3503 888 3706 947 Rursus
3737 890 3783 945 is
3830 890 3930 961 qui

2321 996 2388 1037 ex
2417 981 2656 1052 perlecta
2683 989 2770 1037 est
2796 980 3066 1054 sapientia
3094 997 3110 1036 :
3139 979 3454 1037 laudatum
3475 982 3667 1055 accepi,
3698 982 3826 1055 quid
3843 981 3930 1036 di-

2321 1089 2456 1140 cam,
2487 1073 2676 1144 etquid
2719 1071 2901 1145 loquar
2929 1088 2948 1128 :
2969 1087 3066 1146 per
3105 1072 3220 1129 haec
3261 1074 3448 1130 omnia
3471 1074 3675 1131 ducens
3717 1087 3818 1131 nos
3859 1073 3933 1130 ad

2321 1168 2496 1224 Patris
2541 1169 2942 1240 cognitionem,
2997 1177 3055 1248 et
3100 1169 3514 1226 admirationem
3559 1187 3745 1228 eorum
3801 1186 3930 1242 quae

2321 1260 2568 1334 gerebat,
2609 1259 2676 1316 ad
2718 1261 2870 1316 illum
2909 1260 3174 1329 referens,
3207 1271 3264 1316 ut
3306 1276 3406 1332 per
3431 1263 3602 1332 ipsum
3628 1277 3931 1337 cognosca-

2320 1368 2445 1410 mus
2473 1352 2714 1410 Patrem.
2758 1353 2879 1410 Non
2902 1355 3048 1410 enim
3073 1369 3141 1410 ex
3175 1370 3401 1425 operum
3431 1353 3730 1412 diﬁerentia
3761 1357 3935 1413 Pater

2325 1446 2676 1518 conspicitur,
2701 1447 2858 1518 quasi
2879 1447 3223 1518 peculiarem,
3245 1456 3409 1518 atque
3435 1455 3733 1520 separatam
3755 1449 3936 1506 actio-

2321 1555 2446 1597 nem
2479 1541 2734 1598 exhibeat
2786 1541 3186 1615 (quaecumque
3213 1541 3360 1599 enim
3404 1539 3554 1598 videt
3593 1541 3809 1601 Patrem
3855 1544 3936 1599 fa-

2327 1635 2579 1703 cientem,
2611 1636 2727 1692 baec
2770 1645 2826 1692 et
2869 1636 3041 1692 Filius
3087 1636 3335 1693 similiter
3376 1635 3579 1708 facit);
3623 1653 3812 1695 verum
3864 1653 3934 1695 ex

617 1728 1088 1794 consuetudinem,
1117 1738 1174 1784 ut
1204 1729 1570 1800 asperioribus
1597 1730 1918 1800 quibusdam
1945 1732 2221 1788 vocabulis
2251 1727 2300 1788 B
2324 1728 2514 1800 gloria,
2544 1745 2664 1800 quae
2691 1733 2740 1785 ei
2764 1729 2832 1785 ab
2881 1727 3165 1800 Unigenito
3187 1729 3430 1785 defertur
3454 1771 3469 1795 ,
3499 1745 3718 1800 operum
3761 1731 3937 1787 mira-

624 1823 896 1880 mitiorem
924 1839 1167 1893 sensum,
1198 1838 1264 1881 ac
1292 1824 1741 1894 significationem
1765 1826 2023 1894 tribuant,
2053 1829 2224 1881 minus
2329 1823 2507 1878 culum
2533 1823 2726 1893 carpit,
2751 1823 2877 1878 dum
2907 1835 3106 1894 prazter
3126 1837 3349 1894 operum
3383 1823 3830 1895 magnitudinem,
3863 1826 3934 1881 de

623 1919 842 1988 intelligi
863 1917 1084 1974 volentes
1114 1917 1213 1990 (ut
1240 1927 1296 1973 et
1319 1918 1592 1990 vulgatum
1623 1918 1724 1973 fert
1747 1918 2034 1990 adagium)
2066 1935 2223 1990 quam
2327 1916 2656 1988 ipso’etiam
2701 1924 2923 1973 auctore
2958 1931 3182 1988 operum
3225 1916 3524 1989 gloriatur,
3567 1927 3620 1974 et
3659 1922 3934 1975 exaltatur

615 2010 672 2066 in
717 2011 940 2082 speciem
993 2021 1266 2080 appareat.
1323 2010 1529 2066 Omitto
1578 2019 1794 2066 exteros
1860 2011 2222 2081 profanosque

616 2103 945 2174 Scriptores,
989 2103 1042 2157 in
1083 2103 1280 2173 quibus
1307 2103 1603 2174 frequentia
1633 2103 1924 2158 admodum
1948 2112 2075 2159 sunt
2104 2105 2218 2160 haec

617 2194 888 2266 exempla,
907 2201 966 2249 ut
989 2195 1041 2249 in
1072 2195 1241 2250 sacris
1260 2194 1572 2251 auctoribus
1595 2196 1910 2252 consistam.
1945 2196 2070 2252 Haec
2089 2210 2221 2254 sane

615 2284 819 2342 Paulus
855 2285 1270 2342 Celossensibus
1291 2285 1716 2357 scribit(Coloss.
1746 2304 1820 2356 ιν,
1852 2286 1940 2359 i0)
1970 2304 1982 2341 :
2014 2289 2226 2344 Salutat

611 2392 700 2432 vos
725 2377 1053 2433 Aristarchus
1076 2379 1405 2451 conceptione
1435 2395 1596 2444 meus,
1631 2389 1678 2435 et
1709 2379 1922 2436 H‘areus
1959 2381 2220 2436 consobri-

611 2488 735 2540 nus,
753 2470 822 2527 de
831 2487 929 2542 quo
944 2472 1213 2542 accepistis
1235 2471 1501 2526 mandata.
1518 2471 1690 2528 Porro
1709 2488 1774 2528 eo
1793 2473 2058 2528 vocabulo
2080 2489 2219 2544 prte-

613 2575 762 2635 cepta
799 2565 1028 2636 rigorose
1077 2575 1286 2638 accepta
1334 2565 1554 2621 minime
1597 2564 1844 2622 denotari
1894 2567 2220 2638 interpretes

609 2657 860 2728 plerique
886 2656 1125 2712 tradunt.
1159 2657 1288 2714 Haec
1309 2658 1472 2713 etiam
1507 2659 1560 2713 in
1586 2657 1722 2713 libro
1750 2658 1917 2716 Josue
1947 2657 2220 2717 Habemus

611 2750 818 2824 (Josue,
840 2767 897 2818 x,
923 2749 1015 2830 id)
1045 2749 1324 2806 Obediente
1337 2748 1564 2806 Domino
1584 2752 1693 2806 uoci
1713 2753 1954 2807 hominis.
1969 2751 2077 2809 Sed
2097 2753 2220 2824 quis

611 2845 730 2902 haec
771 2845 1013 2916 rigorose
1045 2846 1270 2916 accipiat
1289 2843 1314 2899 τ
1333 2846 1416 2900 An
1443 2845 1586 2901 Deus
1625 2845 1744 2900 voci
1765 2845 1998 2902 hominis
2019 2861 2079 2902 se
2099 2847 2218 2901 sub-

610 2938 814 3004 mittit,
847 2937 1034 3006 illique
1076 2938 1267 3007 paret‘i
1302 2937 1444 2993 Alibi
1484 2939 1624 2993 Deus
1663 2937 1781 3007 ipse
1810 2937 1927 2992 hare
1964 2938 2033 2994 de
2057 2953 2116 2994 se
2143 2939 2218 2994 ait

2329 2009 2508 2076 abiis,
2537 2010 2628 2080 qui
2652 2007 2950 2082 agnoscunt
2975 2025 3100 2066 eum
3129 2011 3342 2067 Patrem
3368 2013 3578 2068 Domini
3605 2013 3776 2069 nostri
3797 2012 3930 2074 Jesu

2324 2103 2528 2160 Christi
2553 2121 2568 2160 :
2595 2103 2699 2160 Per
2715 2121 2868 2176 quem
2889 2107 3082 2175 omnia,
3106 2115 3154 2162 et
3176 2115 3388 2180 propter
3412 2123 3562 2180 quem
3587 2111 3779 2164 omnia.
3803 2107 3935 2167 ideo

2337 2198 2468 2253 dicit
2517 2198 2776 2255 Dominus
2808 2217 2822 2255 :
2851 2199 3042 2256 Omnia
3084 2217 3195 2256 mea
3247 2214 3338 2256 tua
3364 2211 3504 2271 sunt,
3535 2212 3592 2259 ut
3637 2203 3710 2260 ad
3749 2203 3930 2275 ipsum

2335 2290 2598 2362 originem
2625 2306 2806 2348 rerum
2829 2293 3169 2350 conditarum
3195 2294 3438 2351 referens
3469 2313 3481 2348 :
3509 2291 3578 2349 Et
3603 2304 3691 2350 tua
3707 2307 3842 2361 mea,
3873 2303 3934 2353 ut

2332 2383 2460 2438 inde
2503 2384 2764 2455 principia
2812 2385 3033 2441 creandi
3082 2385 3371 2459 accipiens,
3405 2401 3510 2442 non
3541 2385 3686 2458 quod
3712 2389 3934 2444 auxiliis

2323 2487 2508 2533 utatur
2527 2477 2594 2533 ad
2624 2479 2976 2548 operandam,
3014 2493 3190 2551 neque
3227 2479 3369 2552 quod
3401 2493 3469 2536 ex
3513 2477 3934 2551 particularibus

2325 2573 2598 2628 mandatis
2624 2565 3052 2645 uniuscujusque
3089 2575 3274 2647 operis
3315 2573 3676 2631 ministerium
3706 2589 3933 2633 cencre-

2323 2664 2526 2734 datur;
2560 2681 2682 2720 nam
2715 2666 2860 2720 istud
2890 2664 3106 2736 quidem
3148 2665 3366 2732 servile,
3412 2674 3467 2721 et
3490 2681 3519 2721 a
3547 2667 3726 2722 divina
3754 2667 3934 2740 digni-

2323 2766 2434 2815 tate
2460 2760 2723 2814 immenso
2750 2769 3016 2814 semotum
3040 2759 3328 2814 intervallo
3354 2777 3366 2814 :
3399 2761 3496 2817 sed
3522 2760 3663 2832 quod
3687 2759 3932 2818 Verbum

2328 2854 2569 2925 paternis
2614 2854 2771 2910 bonis
2811 2855 3026 2923 plenum
3082 2854 3438 2926 resplendens
3463 2871 3492 2911 a
3523 2855 3706 2924 Patre,
3747 2857 3931 2914 omnia

2332 2947 2462 3004 facit
2494 2945 2559 3004 ad
2582 2947 2987 3004 similitudinem
3020 2946 3158 3018 eius,
3205 2949 3298 3018 qui
3345 2948 3516 3020 ipsum
3545 2949 3766 3020 genuit:
3793 2947 3926 3006 Nam

611 3027 803 3101 (Isai.,
833 3045 950 3098 cap.
979 3043 1132 3092 xuu,
1159 3029 1292 3099 24):
1327 3028 1533 3084 Sercire
1562 3044 1641 3084 me
1682 3030 1876 3100 fecistis
1909 3031 1966 3084 in
1994 3031 2212 3101 peccatis

2323 3043 2368 3098 si
2395 3042 2546 3114 juxta
2573 3043 2867 3098 essentiam
2896 3041 3029 3098 nihil
3061 3040 3240 3098 diii'ert
3267 3057 3296 3097 a
3325 3039 3505 3110 Patre,
3531 3057 3631 3098 nec
3657 3044 3927 3115 patentia,

609 3123 811 3179 vestris.
841 3121 1142 3178 Prabuistis
1165 3124 1292 3178 mihi
1322 3125 1566 3179 laborem.
1598 3125 1683 3181 An
1716 3124 1859 3180 Deus
1883 3165 1897 3190 ,
1927 3124 2054 3180 dum
2087 3138 2212 3194 pec-

2319 3112 2482 3193 etiam
2511 3153 2540 3191 a
2568 3135 2728 3192 Patre
2772 3135 2973 3191 dili’ert.
3011 3133 3186 3190 Porro
3216 3147 3444 3204 quorum
3469 3112 3691 3206 aequalis
3720 3141 3806 3190 est
3835 3147 3933 3205 po-

609 3217 992 3285 camus,ttobis
1017 3217 1262 3285 inservit,
1295 3216 1482 3288 illique
1505 3217 1746 3273 laborem
1776 3217 2140 3290 imponimus?

686 3331 780 3384 2‘2.
831 3330 1035 3388 Morem
1083 3331 1227 3387 hunc
1263 3329 1504 3403 profecto
1549 3331 1793 3402 sequitur
1822 3330 2055 3388 Hilarius
2095 3329 2213 3388 haec

606 3423 854 3480 elocutus
884 3423 998 3497 (lib.
1027 3439 1063 3479 ιι
1095 3424 1159 3479 de
1183 3423 1393 3489 Trinit.,
1416 3441 1469 3478 η.
1491 3422 1586 3496 24)
1617 3441 1630 3478 :
1656 3441 1674 3476 ι
1701 3424 1927 3481 Humani
1950 3424 2094 3480 enim
2112 3437 2210 3496 ge-

617 3515 766 3572 neris
793 3529 954 3571 causa
980 3515 1076 3571 Dei
1102 3513 1244 3570 illius
1270 3525 1428 3571 natus
1447 3531 1513 3572 ex
1548 3514 1763 3588 Virgine
1790 3525 1893 3585 est,
1926 3529 1980 3573 et
2009 3517 2212 3589 Spiritu

615 3605 817 3664 Sancto
846 3608 964 3678 ipso
995 3607 1097 3663 sibi
1130 3611 1181 3663 in
1213 3609 1314 3664 hac
1339 3609 1656 3679 operatione
1685 3609 1998 3675 famulante,
2029 3622 2083 3666 et
2113 3625 2210 3666 sua

609 3700 747 3771 (Dei
795 3699 1066 3772 videlicet)
1122 3700 1465 3756 inumbrante
1523 3702 1752 3766 virtute,
1804 3705 2048 3775 corporis
2107 3704 2209 3760 sibi

605 3793 754 3849 initia
776 3795 1038 3850 conscvit.
1053 3812 1073 3846 ι
1101 3793 1184 3849 An
1205 3793 1457 3848 Divinum
1474 3792 1709 3850 Verbum
1737 3795 1960 3866 (ctenim
1975 3793 2209 3867 Spiritus

604 3886 789 3942 Sancti
833 3887 1052 3943 neruine
1087 3886 1177 3944 hic
1220 3886 1462 3943 Divinum
1501 3887 1726 3943 Verbum
1778 3897 1797 3962 (
1828 3888 1958 3944 Vide
1989 3900 2210 3946 annota-

603 3979 791 4034 tionem
819 3979 1109 4050 appositam
1135 3981 1254 4034 huic
1277 3979 1410 4049 loco,
1442 3982 1610 4036 littera
1643 3979 1717 4054 g)
1750 3981 2042 4054 intelligit)
2077 3983 2209 4039 sibi-

607 4073 824 4143 metipsi
855 4072 1179 4128 famulatur?

679 4167 770 4222 25.
813 4165 1030 4223 Similes
1060 4167 1181 4222 aliae
1221 4165 1524 4224 locutiones
1565 4165 1708 4223 haud
1753 4167 2120 4240 infrequentes
2152 4170 2204 4222 in

603 4259 818 4317 Sanctis
859 4260 1110 4318 Patribus
1159 4267 1305 4318 Sunt.
1361 4261 1471 4319 Sed
1503 4262 1814 4333 superiores
1843 4262 2094 4318 retulisse
2135 4259 2207 4316 sit

601 4353 755 4410 satis.

669 4445 762 4500 24.
805 4443 898 4501 His
919 4445 1249 4511 constitutis,
1284 4456 1507 4502 monent
1533 4445 1818 4518 'l'heologi,
1841 4461 1958 4515 eas,
1985 4446 2054 4502 de
2080 4446 2202 4515 qui-

2317 3229 2506 3296 tentia,
2533 3228 2724 3284 horum
2748 3227 2970 3284 omnino
3013 3225 3238 3298 tequalis
3277 3233 3437 3283 estet
3460 3226 3724 3297 operatio.
3758 3223 3928 3282 Chri-

2317 3332 2436 3379 stus
2456 3321 2721 3392 siquidem
2757 3321 2854 3377 Dei
2875 3322 3048 3376 virtus
3073 3327 3177 3387 est,
3206 3327 3263 3376 et
3287 3318 3384 3376 Dei
3424 3317 3690 3390 sapientia
3721 3336 3734 3372 :
3765 3328 3821 3375 et
3847 3319 3929 3376 sic

2315 3416 2498 3473 omnia
2529 3431 2626 3486 per
2651 3415 2825 3486 ipsum
2856 3415 2992 3469 facta
3020 3423 3168 3478 sunt,
3191 3412 3480 3483 omniaque
3508 3425 3606 3482 per
3634 3413 3837 3482 ipsum,
3866 3417 3922 3468 et

2315 3511 2368 3566 in
2393 3510 2567 3582 ipsum
2598 3509 2816 3566 condita
2842 3517 2989 3576 sunt,
3037 3522 3144 3563 non
3172 3505 3316 3577 quod
3347 3505 3748 3562 instrumentali
3788 3521 3924 3577 quo-

2314 3603 2439 3659 dam
2482 3617 2568 3684 ac.
2591 3602 2772 3658 servili
2824 3601 3127 3656 ministerio
3173 3597 3426 3670 fttngatur
3453 3615 3470 3651 :
3502 3598 3598 3655 sed
3629 3599 3776 3668 quod
3808 3609 3924 3655 tun-

2315 3711 2475 3768 quam
2505 3693 2754 3750 conditor
2784 3701 3063 3764 paternam
3095 3692 3315 3763 impleat
3335 3691 3686 3748 voltmtatem.
3721 3710 3741 3744 ι

2383 3788 2479 3844 27.
2520 3788 2785 3844 Posumus
2825 3789 3010 3850 etiam,
3052 3787 3098 3841 si
3139 3786 3412 3853 volumus,
3453 3784 3623 3841 verbo
3640 3785 3809 3859 jubea
3833 3787 3928 3841 tri-

2313 3880 2482 3938 buere
2517 3881 2938 3952 explicationem
2985 3877 3206 3936 afllnem
3245 3879 3320 3934 illi
3362 3889 3526 3950 quam
3559 3877 3727 3934 verbo
3759 3877 3934 3933 doceo

2315 3975 2522 4038 tribuit,
2549 3985 2685 4032 teste
2707 3975 2952 4038 Petavio,
2975 3971 3652 4045 GregoriusNazianzenus
3677 3991 3691 4028 :
3715 3973 3932 4029 scilicet

2314 4075 2372 4123 ut
2400 4066 2943 4123 communicationem
2976 4065 3214 4122 idearum
3239 4063 3481 4120 denotet.
3514 4063 3688 4120 Pam
3710 4063 3771 4122 S.
3793 4063 3930 4120 Doc-

2312 4159 2448 4216 toris
2475 4159 2661 4224 verba,
2692 4175 2811 4231 qua:
2842 4159 3004 4215 etiam
3054 4157 3122 4213 ad
3151 4157 3526 4228 explicandum
3577 4155 3800 4213 tertium
3833 4173 3934 4226 ge-

2313 4267 2417 4308 nus
2441 4252 2774 4308 locutionum
2805 4252 3034 4307 mirifice
3079 4251 3292 4322 juvnnt,
3327 4250 3414 4306 hic
3441 4247 3711 4308 adducere
3739 4265 3928 4322 opera:

2312 4345 2544 4417 pretium
2567 4360 2714 4402 reor.
2746 4363 2768 4397 s
2795 4346 3086 4414 Quoniam,
3115 4345 3286 4414 inquit
3333 4344 3430 4404 illo
3483 4343 3760 4419 (Oratione
3785 4345 3860 4400 36
3879 4345 3925 4415 ),

2310 4453 2490 4494 rerum
2548 4440 2860 4496 earumdem
2913 4439 3112 4495 formas
3159 4439 3328 4496 veluti
3383 4440 3437 4494 in
3489 4439 3606 4510 ipso
3654 4439 3932 4510 imprimit.

599 4539 704 4595 bus
731 4540 1072 4602 disserimus.
1101 4539 1434 4610 locutiones,
1469 4541 1805 4597 commodam
1847 4539 2076 4610 aliquam
2108 4553 2204 4595 ex-
2228 4507 2284 4569 D
2309 4530 2471 4587 Pater
2503 4549 2516 4586 :
2547 4532 2859 4602 exsequitur
2887 4540 3065 4586 autem
3096 4529 3335 4587 Verbum
3369 4547 3476 4587 non
3519 4531 3788 4602 imperite.
3823 4531 3924 4588 sed

601 4633 944 4702 plicationem
1005 4633 1260 4703 excipere
1287 4629 1480 4704 procul
1513 4632 1680 4688 dubio
1725 4632 1964 4689 debere:
1991 4634 2200 4688 tametsi

599 4726 845 4782 eamdem
869 4726 1283 4797 explicationem
1307 4743 1414 4781 non
1447 4741 1635 4782 omnes
1662 4727 1953 4797 excipiant,
1978 4737 2034 4784 et
2057 4727 2198 4782 diffi-

599 4819 702 4874 cile
729 4821 886 4874 valde
917 4819 989 4872 sit
1017 4827 1219 4874 certam
1253 4819 1487 4890 aliquam
1515 4819 1775 4874 indicare.

667 4912 761 4968 25.
805 4911 858 4966 In
891 4925 957 4967 eo
991 4911 1229 4982 plerique
1249 4911 1597 4977 conveniunt,
1632 4921 1687 4966 ut
1717 4909 1823 4980 his,
1851 4921 1906 4967 et
1932 4909 2200 4969 similibus

595 5003 885 5076 phrasibus
914 5019 1020 5058 non
1051 5001 1193 5058 aliud
1241 5003 1561 5072 denmetur,
1599 5001 1701 5058 nisi
1740 5001 1955 5059 Patrem
1999 5004 2200 5073 princi-

598 5096 746 5166 pium
765 5112 889 5152 esse
915 5099 1291 5165 apemtionum,
1320 5112 1426 5152 non
1453 5093 1614 5152 modo
1642 5094 1711 5150 ad
1737 5095 1894 5164 intra,
1923 5109 2026 5169 qua
2049 5096 2118 5153 de
2137 5113 2199 5154 re

595 5202 758 5244 nemo
783 5188 1046 5259 disputat,
1077 5189 1185 5244 nisi
1211 5192 1443 5246 Arianus
1467 5191 1514 5246 is
1545 5191 1645 5257 sit;
1678 5205 1865 5245 verum
1893 5191 2054 5245 etiam
2077 5207 2199 5259 ope-

591 5281 850 5336 rationum
872 5282 941 5336 ad
963 5291 1128 5348 extra,
1155 5294 1422 5354 quatenus
1451 5283 1520 5338 ab
1545 5297 1612 5339 eo
1641 5292 1697 5338 ut
1717 5285 1857 5355 fonte
1885 5284 1904 5357 (
1931 5281 2034 5338 hac
2051 5286 2196 5338 enim

594 5373 952 5431 similitudine
989 5373 1181 5432 Patres
1224 5375 1324 5446 ipsi
1359 5383 1584 5432 utuntur
1607 5373 1628 5447 )
1650 5385 1840 5431 cuncta
1871 5375 2190 5446 procedunt.

663 5464 753 5519 26.
797 5464 1146 5537 Augustinus,
1187 5481 1348 5537 quem
1374 5480 1603 5522 numero
1630 5466 1696 5522 12
1739 5466 1987 5538 allegavi,
2017 5464 2074 5521 id
2113 5466 2195 5520 in-

591 5555 775 5613 dicare
821 5556 1083 5616 videtur:
1119 5556 1217 5616 sed
1258 5570 1408 5616 certe
1469 5573 1589 5615 eam
1642 5557 2063 5630 explicationem
2113 5557 2196 5613 in-

583 5741 606 5811 f.
655 5742 734 5814 (a)
760 5740 840 5797 Ex
891 5739 1342 5819 interpretatione
1380 5741 1637 5803 editionis
1658 5741 1805 5802 Patr.
1828 5743 1885 5803 S.
1940 5741 2236 5812 Μίδαι-ἥδη).
2271 5742 2336 5803 de
2369 5741 2574 5814 Spiritu
2593 5742 2811 5817 Sancto,
2835 5746 2902 5806 ad
2926 5743 3387 5820 Amphilochium,
3417 5761 3538 5824 cap.
3564 5749 3616 5820 8,
3647 5767 3696 5806 η.
3741 5753 3824 5806 ω.

2307 4622 2564 4687 scienter,
2593 4633 2668 4690 et,
2697 4633 2752 4678 ut
2789 4622 2966 4693 aptius
2994 4623 3204 4694 loquar,
3231 4633 3477 4694 paterae.
3521 4639 3541 4676 ι
3574 4622 3778 4690 Quibus
3815 4625 3924 4678 [κλμ

2306 4715 2546 4772 zlanzeni
2571 4716 2754 4772 verbis
2779 4715 3021 4772 recitatis
3053 4716 3168 4772 i130
3197 4715 3446 4772 Petavius
3483 4713 3736 4788 subjicit(
3761 4719 3848 4770 tib.
3887 4735 3918 4768 ετ

2306 4808 2378 4866 de
2403 4807 2692 4879 Trinitate,
2717 4827 2834 4881 cap.
2865 4809 2920 4876 4,
2943 4827 3089 4864 num.
3116 4811 3148 4866 6
3174 4811 3192 4881 )
3215 4826 3230 4863 :
3254 4825 3275 4862 ε
3300 4809 3506 4880 Quibus
3527 4807 3580 4865 in
3603 4807 3783 4866 verbis
3809 4825 3912 4864 ναι

2307 4905 2594 4980 ἐνσημαίνει
2621 4919 2726 4960 non
2759 4915 2842 4960 est
2869 4905 3190 4974 simpliciter
3210 4904 3483 4979 designare
3504 4947 3520 4972 ,
3551 4911 3610 4960 nt
3638 4905 3796 4961 vertit
3833 4907 3916 4958 ln-

2311 5005 2543 5068 terpres,
2575 4997 2670 5054 sed
2700 4999 2750 5052 in
2781 4998 2886 5052 alio
2921 4998 3073 5052 velut
3119 4997 3434 5068 imprimere
3460 5015 3474 5053 :
3504 4996 3646 5054 unde
3672 5005 3914 5066 constet,

2306 5087 2526 5145 Patrem
2557 5089 2796 5146 indicare
2825 5087 2985 5154 Filio,
3015 5088 3102 5145 vel
3130 5099 3254 5146 eum
3283 5085 3508 5150 docere.
3553 5087 3684 5160 quid
3707 5087 3918 5145 facien-
3979 5157 3986 5174 ν

2307 5178 2438 5236 dum
2463 5184 2554 5249 sit,
2579 5191 2634 5238 et
2657 5179 2810 5252 quasi
2833 5179 3188 5236 monstrando
3205 5180 3420 5252 pra-ire,
3442 5177 3577 5236 nihil
3597 5178 3742 5236 aliud
3765 5193 3910 5244 esse,

2306 5275 2410 5330 nisi
2433 5275 2608 5330 eidem
2640 5289 2744 5330 una
2773 5287 2896 5330 cum
2930 5281 3119 5330 natura
3147 5283 3202 5330 et
3228 5271 3464 5330 essentia
3507 5285 3684 5330 rerum
3711 5273 3918 5329 [τοὶειι-
3995 5299 4008 5326 κ

2306 5367 2498 5424 derum
2523 5367 2959 5438 intelligentiam,
2988 5374 3043 5422 et
3068 5381 3262 5422 earum.
3293 5366 3526 5433 formas,
3571 5373 3730 5436 atque
3761 5367 3924 5422 ideas

2307 5463 2709 5520 communicare
2738 5460 3027 5534 gignendo.
3071 5477 3091 5515 ι

4002 5361 4026 5472 ‘s

4009 5493 4025 5530 4

2380 5555 2730 5614 Perstitimus
2760 5555 3022 5614 hactenus
3051 5554 3106 5610 in
3134 5555 3312 5628 prius
3337 5551 3608 5610 scitatione
3639 5571 3684 5608 ιιι
3716 5567 3783 5606 ρο
3809 5569 3920 5624 ρο.
4007 5555 4018 5592 τ

3877 5787 3996 6215 t
