4224 6262
273 334 380 405 sis

943 342 1012 399 IN
1049 334 1312 398 HILARII
1386 336 1602 396 EPIST.
1647 334 1780 396 SEO
1822 333 2045 394 ιιυειι.
2090 335 2538 398 DlSSEllTATIO
2577 334 2919 396 SBCUNDA.

3478 343 3583 398 8l6

274 455 400 523 sita,
423 453 566 526 quod
594 452 959 524 asperioribus
985 452 1133 509 hisce
1156 450 1519 508 locutionibus
1547 451 1727 506 mitior
1748 465 1874 507 sen—
1899 451 1952 510 Α
1978 451 2122 506 enim
2146 431 2354 506 camena
2376 461 2552 506 natam
2566 451 2961 522 assumptum),
2985 468 3089 507 non
3111 461 3281 509 tamen
3300 455 3354 508 in
3376 457 3583 527 nulla):

275 563 372 604 sus
399 547 684 602 inhaereat.

347 643 439 695 εδ.
481 641 712 712 Aggredi
745 640 1008 696 debemus
1055 656 1196 696 nunc
1232 638 1554 696 solutionem
1607 639 1828 694 alteram
1855 677 1874 706 ,

276 748 402 804 quae
424 732 642 790 easdem
687 732 1012 799 locutiones,
1059 742 1150 787 at
1191 742 1339 788 certe
1391 746 1640 802 magnam
1689 745 1874 786 earum

277 834 488 896 partem
517 823 762 896 (etenim
794 822 1006 878 Paulini
1047 824 1198 879 locus
1240 832 1515 895 postrema
1556 821 1658 878 hac
1705 821 1879 892 expli-

278 917 494 970 catione
521 931 582 971 se
601 914 878 985 explanari
903 931 1016 970 non
1037 915 1204 986 sinit)
1229 915 1702 986 rigoremquidem
1729 914 1877 970 acci-

280 1010 378 1080 pit,
406 1009 502 1067 sed
532 1018 690 1080 negat
713 1024 806 1064 eas
827 1010 896 1064 de
929 1009 1100 1065 Verbo
1145 1018 1414 1080 quatenus
1443 1009 1664 1064 Verbum
1693 1020 1796 1078 est,
1826 1019 1882 1066 et

279 1101 600 1165 increatnm,
633 1102 802 1170 accipi
830 1117 1005 1172 posse.
1032 1103 1253 1159 Scilicet
1283 1103 1514 1159 Verbum
1541 1145 1556 1170 ,
1588 1104 1834 1174 inquiunt
1860 1145 1875 1171 ,

277 1188 332 1248 in
360 1209 541 1249 rerum
569 1193 964 1250 mundanarum
1007 1196 1287 1250 creatione
1323 1210 1644 1266 corpoream
1694 1212 1882 1268 quam-

280 1285 404 1342 dam
432 1287 691 1356 speciem,
719 1301 950 1357 eantque
979 1285 1230 1342 hutnanze
1268 1287 1621 1353 sitnillimam,
1664 1304 1761 1345 seu
1790 1305 1883 1358 po-

287 1381 395 1437 tius
449 1381 740 1436 humanam
761 1381 960 1452 ipsum,
999 1380 1096 1438 sed
1140 1381 1333 1450 forma,
1382 1391 1440 1438 et
1489 1382 1887 1453 pulchritudine

276 1472 494 1544 egregia
533 1473 871 1542 assumpsit:
911 1483 1074 1543 atque
1126 1473 1180 1528 in
1232 1489 1296 1530 ea
1346 1484 1540 1530 cuncta
1591 1463 1896 1542 condidit,

274 1563 507 1634 ideoque
524 1564 819 1631 hominem,
833 1563 921 1621 cui
940 1566 996 1620 in
1011 1565 1222 1632 eadem,
1247 1581 1407 1636 quam
1428 1567 1685 1635 diximus,
1707 1565 1885 1623 forma

277 1670 341 1713 se
371 1654 654 1712 visendum
689 1655 938 1727 praebuit,
969 1673 1204 1728 cuque
1241 1659 1508 1716 allocutus
1555 1670 1658 1716 est.
1700 1659 1886 1730 Neque

277 1765 411 1805 vero
440 1749 653 1806 Adamn
681 1750 860 1806 solum
888 1765 949 1807 se
971 1751 1025 1806 in
1052 1766 1116 1809 ea
1142 1752 1424 1809 visendum
1450 1753 1669 1819 obtulit,
1697 1769 1888 1810 verum

1977 553 2034 599 et
2076 559 2221 612 saepe
2268 545 2415 600 alibi.
2463 544 2569 600 Sed
2622 546 2968 615 apertissime
3017 544 3070 600 id
3113 544 3275 602 docet
3320 549 3583 606 adversus

1978 634 2307 692 Marcionem
2339 636 2623 706 disputans
2649 655 2662 690 :
2693 637 2894 692 etenim
2927 636 3044 691 hac
3071 639 3346 710 eloquitur
3375 641 3488 712 (lib.
3522 658 3581 705 n,

1977 745 2094 799 cap.
2125 730 2193 785 27
2224 729 2289 802 );
2337 748 2356 782 ‹
2416 729 2547 784 Nam
2597 738 2653 783 et
2695 727 3016 799 proﬁtemur
3049 727 3324 788 Christum
3368 747 3585 801 semper

1979 822 2158 892 egisse
2189 821 2242 876 in
2276 821 2372 876 Dei
2405 820 2579 876 Patris
2607 821 2847 884 nomine,
2878 821 3052 891 ipsum
3083 823 3152 876 ab
3175 823 3329 877 initio
3359 839 3588 881 conver-

1980 923 2182 980 satum,
2211 916 2386 984 ipsum
2435 927 2788 984 congressum
2820 930 2942 968 cum
2986 913 3318 972 Patriarchis
3339 957 3360 984 ,
3385 927 3438 972 et
3468 933 3590 988 pro-

1983 1010 2182 1081 phetis,
2229 1008 2396 1064 lilium
2439 1009 2727 1070 creatoris,
2761 1019 3067 1064 sermonem
3117 1009 3272 1080 ejus,
3318 1026 3478 1081 quem
3522 1027 3590 1067 ex

1982 1105 2278 1172 semetipso
2317 1103 2642 1174 proferendo
2673 1104 2844 1158 iiiin
2875 1103 3074 1158 fecit...
3110 1105 3163 1158 in
3215 1104 3332 1161 haec
3374 1121 3588 1176 quoque

1983 1194 2279 1264 dispositus
2303 1205 2384 1251 est
2411 1212 2440 1249 a
2468 1207 2643 1265 ptre,
2673 1211 2796 1265 qua
2819 1203 2876 1249 ut
2895 1195 3132 1250 humana
3165 1195 3587 1266 reprehenditis,

1988 1285 2213 1342 Edicem
2228 1290 2342 1360 jam
2371 1287 2494 1342 inde
2512 1305 2544 1342 α
2566 1287 2850 1358 primordio
2871 1288 2986 1358 jam
3013 1285 3133 1341 inde
3158 1286 3439 1354 hominem,
3456 1288 3594 1358 quod

1986 1389 2096 1436 erat
2120 1385 2327 1452 futurus
2354 1381 2410 1435 in
2438 1382 2562 1450 ﬁne.
2590 1381 2688 1436 llle
2708 1390 2792 1435 est
2818 1380 2908 1447 qui
2937 1379 3242 1445 descendit,
3270 1381 3361 1436 ille
3389 1382 3480 1451 qui
3511 1383 3593 1436 in-

1986 1481 2249 1544 terrogat,
2280 1473 2370 1528 ille
2392 1473 2485 1544 qui
2517 1472 2777 1542 postulat,
2810 1471 2901 1526 ille
2927 1472 3018 1542 qui
3041 1472 3211 1542 iurat,
3241 1483 3349 1528 etc.
3389 1491 3408 1525 ι
3443 1473 3499 1530 Si
3526 1473 3596 1531 ab

1988 1564 2146 1621 initio
2169 1574 2525 1622 conversatus
2545 1574 2650 1630 est,
2673 1565 2720 1618 si
2749 1578 2780 1617 a
2811 1563 3110 1633 praeordio
3125 1563 3235 1633 jam
3259 1564 3384 1620 inde
3405 1563 3592 1634 homo,

1987 1659 2136 1730 quod
2160 1671 2278 1716 erat
2306 1658 2516 1715 iuturus
2546 1659 2600 1712 in
2626 1658 2766 1724 line;
2818 1657 2873 1713 in
2915 1660 3194 1716 creatione
3238 1661 3426 1732 utique
3473 1662 3593 1732 ipsa

1989 1752 2170 1808 Mundi
2197 1753 2214 1821 (
2243 1752 2290 1807 si
2318 1750 2717 1807 Tertullianu
2749 1749 2949 1821 audis)
2978 1751 3144 1806 homo
3161 1760 3298 1808 erat.
3331 1754 3403 1807 At
3429 1752 3596 1809 homo

275 1846 436 1898 etiam
499 1844 715 1900 caeteris
783 1845 1150 1914 Patriarcbis,
1200 1863 1348 1919 sape
1389 1849 1550 1904 etiam
1605 1848 1894 1919 Prophetis
1920 1836 1972 1898 Β
2000 1854 2286 1915 propterea
2318 1842 2422 1899 dici
2455 1858 2563 1898 non
2594 1851 2793 1912 potest,
2827 1843 2970 1914 quod
2997 1858 3029 1898 a
3079 1843 3382 1914 primordio
3410 1845 3600 1901 huma-

274 1931 434 2004 ipsis,
463 1934 600 1990 adeo
630 1944 690 1990 ut
727 1935 795 1991 iis
831 1939 1026 1993 crebro
1052 1941 1364 2009 apparuerit
1388 1940 1576 1996 eadem
1606 1939 1781 1996 forma
1813 1943 1893 1998 in-

275 2022 471 2090 dutus,
518 2041 678 2096 quam
734 2025 788 2082 in
825 2029 1104 2085 creatione
1151 2041 1552 2101 assumpserat,
1609 2043 1701 2088 aut
1745 2043 1894 2091 certe

276 2117 548 2173 simillima
573 2119 772 2191 aliqua,
797 2135 973 2194 eaque
1005 2133 1322 2182 constanter
1345 2127 1602 2182 humana.
1634 2127 1894 2184 Petavius

278 2213 544 2283 plurimos
575 2229 694 2269 eam
723 2216 775 2270 in
805 2233 918 2271 rem
949 2216 1105 2272 aiiert
1126 2218 1338 2286 Patres,
1365 2235 1526 2291 quos,
1558 2220 1606 2276 si
1636 2219 1741 2288 vis,
1765 2238 1894 2278 con-

278 2305 399 2361 sule
440 2310 492 2361 in
535 2322 600 2362 eo
635 2307 779 2374 loco,
809 2325 972 2380 quem
1015 2312 1084 2366 ad
1115 2313 1328 2384 paginae
1372 2314 1576 2370 calcem
1620 2316 1767 2381 cito,
1799 2331 1896 2371 ex-

283 2413 475 2469 presse
503 2400 765 2471 allegatos
796 2403 898 2474 (a).
934 2404 1050 2475 Ego
1090 2407 1448 2477 paucissimos
1476 2408 1724 2480 seligam,
1758 2409 1894 2468 Lec-

278 2502 452 2548 twem
485 2492 551 2548 ad
577 2497 828 2550 canalem
865 2499 1142 2554 Petavium
1169 2501 1494 2557 amandans.

355 2585 446 2642 29.
517 2586 882 2645 Tcrtullianus
954 2589 1215 2648 adversus
1287 2593 1549 2650 Praxeam
1610 2597 1893 2665 disputans

282 2681 428 2749 (cap.
469 2680 536 2752 7)
579 2680 650 2737 de
697 2683 964 2739 Sermone
997 2700 1066 2741 ac
1097 2687 1275 2744 Verbo
1308 2688 1493 2743 ditino
1535 2703 1714 2744 rerum
1742 2703 1892 2744 crea-

284 2775 488 2830 tionem
515 2785 854 2847 exsequente
883 2777 964 2850 (ὁ)
1016 2779 1132 2835 hare
1159 2782 1232 2836 ait
1262 2800 1274 2835 :
1307 2800 1326 2834 ι
1360 2783 1512 2838 Tunc
1539 2783 1702 2852 igitur
1729 2785 1892 2838 etiam

283 2867 401 2938 ipse
423 2865 618 2925 Sermo
636 2871 899 2940 speciem,
922 2880 976 2926 et
1001 2881 1250 2928 ornatum
1277 2889 1434 2930 suum
1465 2876 1651 2941 sumit,
1676 2891 1891 2942 sonum,

285 2969 342 3016 et
369 2977 582 3028 vocem,
615 2978 736 3018 cunt
768 2962 896 3018 dicit
927 2964 1068 3019 Deus
1099 2983 1111 3018 :
1146 2963 1269 3020 Fiat
1307 2967 1464 3022 lux...
1518 2971 1588 3021 At
1630 2983 1730 3038 ego
1761 2968 1896 3022 nihil

291 3055 416 3111 dico
440 3055 506 3112 de
530 3057 640 3111 Deo
687 3058 866 3124 inane,
900 3069 954 3112 et
993 3075 1218 3114 \acuum
1251 3061 1468 3132 prodire
1519 3063 1788 3132 potuisse,
1840 3071 1896 3116 ut

285 3165 394 3205 non
421 3150 489 3206 de
527 3150 707 3214 inani,
753 3162 808 3208 et
834 3167 1006 3209 vacuo
1042 3154 1348 3224 prolatum;
1383 3171 1484 3210 nec
1526 3172 1714 3211 carere
1765 3156 1894 3210 sub-

280 3245 500 3309 stantia,
531 3243 676 3314 quod
699 3243 768 3300 de
794 3253 942 3300 tanta
969 3246 1267 3302 substantia
1314 3249 1601 3317 processit,
1632 3258 1686 3301 et
1714 3255 1889 3303 tantas
1914 3225 1961 3290 Ο

279 3336 612 3392 substantias
651 3337 814 3404 fecit;
846 3337 975 3394 fecit
1001 3343 1142 3394 latim
1173 3347 1233 3396 et
1267 3341 1382 3410 ipse
1409 3355 1528 3412 qua
1571 3342 1714 3397 iacta
1756 3350 1886 3396 sunt

277 3443 377 3500 per
406 3429 572 3484 illum.
607 3430 776 3496 Quale
802 3439 907 3496 est,
940 3440 998 3484 ut
1020 3432 1154 3486 nihil
1179 3433 1252 3486 sit
1283 3433 1420 3500 ipse,
1451 3433 1572 3488 sine
1623 3449 1730 3503 quo
1759 3433 1892 3487 nihil

279 3521 482 3578 factum
511 3523 634 3578 est?
663 3521 732 3578 Ut
763 3523 940 3579 inanis
963 3524 1164 3592 solida,
1193 3535 1248 3580 et
1273 3540 1477 3580 vacuus
1509 3526 1688 3593 ptem,
1719 3533 1777 3580 et
1804 3527 1891 3580 in-

281 3617 584 3687 corporalis
627 3619 932 3688 corporalia
973 3619 1048 3674 sit
1089 3620 1388 3688 cperunt?
1413 3618 1545 3672 Nam
1583 3619 1684 3673 etsi
1718 3628 1896 3688 potest

281 3710 576 3780 aliquando
598 3711 724 3783 quid
749 3712 864 3768 iieri
888 3712 1162 3768 diversum
1187 3712 1326 3781 ejus,
1356 3727 1455 3783 per
1478 3712 1622 3783 quod
1647 3713 1730 3779 iit,
1759 3711 1894 3766 nihil

281 3807 468 3863 tanien
499 3815 676 3877 potest
707 3805 845 3872 ﬁeri,
880 3822 974 3876 per
1000 3805 1048 3860 id
1073 3805 1215 3876 quod
1243 3821 1487 3871 vacuum,
1518 3816 1573 3859 et
1605 3806 1763 3860 inane
1789 3812 1890 3858 est.

284 3887 465 3953 Vacua
492 3907 548 3953 et
571 3897 745 3952 inanis
772 3913 858 3953 res
902 3905 990 3953 est
1009 3898 1199 3954 Sermo
1225 3897 1336 3962 Dei,
1367 3897 1457 3966 qui
1508 3893 1674 3950 Filius
1725 3895 1896 3951 dicms

285 3997 393 4051 est,
424 3990 516 4059 qui
542 3991 658 4060 ipse
686 3990 827 4046 Deus
872 3990 1282 4061 cognominatus
1319 3999 1401 4044 est
1429 4007 1440 4042 :
1470 3987 1533 4041 Et
1567 3987 1748 4043 Sermo
1789 4001 1898 4042 erat

285 4081 432 4149 apud
460 4079 652 4148 Deum,
685 4092 730 4137 et
755 4079 897 4136 Deus
919 4091 1026 4137 erat
1056 4081 1288 4138 Sermo?
1317 4080 1588 4150 Scriptum
1621 4089 1704 4134 est
1730 4098 1742 4133 :
1776 4077 1895 4133 Non

291 4191 464 4231 sumet
491 4192 675 4236 nomen
696 4173 795 4230 Dei
827 4177 878 4229 in
908 4192 1114 4230 vanum.
1149 4175 1244 4230 llic
1271 4183 1418 4230 certe
1446 4187 1548 4237 εει,
1579 4173 1667 4242 qui
1695 4170 1749 4226 in
1781 4170 1899 4227 eiii-

288 4269 377 4338 gie
407 4267 504 4326 Dei
529 4267 882 4330 constitutus,
915 4283 1027 4322 non
1056 4267 1300 4338 rapinam
1325 4249 1654 4321 existimavit
1681 4279 1802 4320 esse
1839 4280 1898 4319 se

292 4363 556 4430 aequalem
583 4363 715 4418 Deo.
746 4361 804 4416 in
827 4377 929 4433 qua
957 4360 1138 4433 efﬁgie
1163 4361 1258 4416 ὒόί
1277 4360 1306 4412 ?'
1320 4359 1516 4430 Utique
1547 4359 1600 4414 in
1631 4359 1756 4426 alia,
1789 4373 1898 4412 non

290 4465 473 4512 tamen
505 4454 556 4510 in
588 4456 806 4512 nulla...
837 4456 1206 4524 Quaecumque
1253 4469 1386 4523 ergo
1421 4451 1720 4508 substantia
1766 4450 1897 4505 Ser-

298 4554 478 4604 monis
506 4547 626 4617 fuit,
659 4549 802 4604 illam
827 4549 950 4605 dico
976 4561 1284 4619 personam,
1317 4557 1370 4601 et
1412 4545 1488 4600 illi
1533 4559 1728 4600 nomen
1775 4543 1898 4598 Filii

294 4641 536 4707 vindico,
563 4651 617 4698 et
638 4642 766 4697 dum
806 4639 1003 4698 Filium
1043 4653 1300 4713 agnosco,
1351 4637 1647 4694 scentulum
1677 4653 1706 4692 a
1738 4635 1900 4693 Patre

301 4733 559 4792 defendo.
598 4755 618 4789 ι

377 4830 568 4889 iudice
595 4830 778 4901 itaque
803 4827 1157 4893 Tertulliano,
1208 4824 1445 4883 Verbum
1489 4824 1730 4881 divinum
1779 4838 1900 4880 cum

297 4942 388 4984 res
413 4925 641 4990 creavit,
671 4923 895 4994 speciem
918 4931 974 4979 et
998 4932 1238 4977 ornatam
1267 4919 1521 4990 sumpsit,
1555 4918 1608 4975 id
1637 4928 1720 4974 est
1741 4927 1900 4973 exte-

294 5020 504 5077 riorem
532 5016 840 5090 quamdam,
880 5024 938 5070 et
975 5014 1266 5080 visibilem,
1299 5025 1528 5082 eamque
1564 5009 1899 5082 elegantissi-

298 5127 446 5168 mam
470 5110 728 5184 speciem,
755 5117 811 5164 et
835 5107 1088 5164 formam.
1117 5106 1290 5176 Quam
1317 5105 1540 5177 quidem
1562 5105 1825 5174 speciem,
1849 5115 1906 5159 et

295 5207 530 5266 iormam
562 5203 858 5260 humanam
887 5201 1056 5258 fuisse
1082 5201 1283 5258 indicat
1325 5199 1416 5256 ille
1442 5209 1498 5255 et
1540 5197 1631 5254 hic
1660 5198 1678 5269 (
1704 5198 1756 5252 in
1805 5215 1906 5270 qua

300 5299 463 5370 eﬁigie
490 5317 504 5355 :
536 5299 711 5369 utique
740 5297 794 5352 in
823 5296 932 5352 alia
961 5294 1051 5370 (id
1067 5304 1158 5352 est
1186 5291 1411 5350 alterius
1437 5291 1658 5366 generis
1683 5333 1698 5360 ,
1733 5306 1908 5363 neque

300 5439 486 5584 “$2:
493 5439 616 5496 Lib.
647 5449 741 5495 rm
769 5436 832 5493 de
854 5435 1120 5501 Trinitate,
1151 5443 1272 5506 cap.
1305 5431 1361 5502 2,
1395 5446 1451 5487 n.
1476 5431 1532 5497 5,
1563 5439 1618 5486 et
1644 5445 1760 5503 seq.
1788 5439 1903 5486 toto

378 5648 452 5722 (ὕ)
491 5643 656 5722 Quod
679 5649 744 5705 de
781 5639 965 5722 Verbo
996 5647 1182 5722 divino
1231 5659 1317 5722 res
1362 5643 1661 5722 mundanas
1690 5654 1910 5722 creante

306 5718 615 5779 sermonem
645 5721 842 5779 habeat
863 5720 1250 5783 Tertullianus,
1279 5719 1393 5772 haec
1422 5718 1581 5788 paulo
1604 5719 1914 5781 praeceden-

306 5795 382 5864 tja
404 5793 648 5864 eiusdem
669 5791 994 5850 Tertulliani
1025 5790 1194 5864 verba
1221 5789 1505 5864 declarant
1537 5806 1552 5844 :
1585 5788 1654 5845 Ut
1693 5790 1916 5859 primum

309 5859 450 5920 Dens
499 5866 659 5922 voluit
705 5882 796 5935 ea,
828 5879 941 5936 qua:
971 5879 1085 5919 cum
1129 5859 1342 5935 Sophim
1386 5861 1587 5918 ratione
1610 5871 1657 5918 et
1684 5875 1916 5918 srmone

1923 4608 1978 4674 β
2096 4587 2322 4642 Venturo
2342 4592 2388 4640 in
2414 4601 2624 4640 nostram
2646 4589 2817 4639 faciem
2841 4599 2948 4653 post
2971 4604 3098 4642 sazcu

1997 1951 2120 1990 nant
2148 1950 2368 1991 carnem
2419 1935 2779 2005 assumpserit
2822 1936 3071 1991 :etenim
3113 1950 3234 1991 eam
3278 1939 3509 2010 sumpsit
3540 1937 3594 1993 in

1995 2027 2105 2084 line
2135 2037 2471 2096 temporum,
2503 2026 2664 2081 Maria
2707 2027 3065 2084 Sanctissima
3099 2027 3176 2083 illi
3222 2044 3442 2085 carnem
3492 2031 3596 2085 mi-

1996 2122 2296 2186 nistrante;
2324 2134 2455 2190 ergo
2484 2128 2772 2189 propterea
2819 2120 2982 2175 homo
3009 2119 3117 2176 dici
3150 2129 3352 2191 potest,
3397 2122 3541 2192 quod
3569 2138 3599 2176 a

1996 2211 2297 2282 primordio
2325 2212 2376 2265 in
2407 2210 2641 2265 humana
2669 2209 2843 2266 forma
2875 2227 2972 2267 seu
3017 2217 3204 2281 specie
3240 2215 3514 2283 apparuit,
3547 2216 3602 2270 in

1995 2320 2100 2378 qua
2129 2307 2293 2362 etiam
2319 2306 2600 2376 deinceps,
2629 2306 2674 2360 si
2704 2305 3095 2363 'l'ertullianum
3119 2309 3297 2374 audis,
3320 2310 3592 2380 apparuit:

1995 2400 2306 2458 Ahrabamo
2344 2400 2574 2464 scilicet,
2622 2398 2847 2468 Jacobo,
2881 2411 2936 2456 et
2963 2401 3294 2472 pati-iambis
3332 2402 3594 2473 reliquis,

1996 2491 2168 2564 Moysi
2197 2506 2436 2562 quoque,
2462 2501 2518 2546 et
2541 2492 2758 2546 caeteris
2786 2491 3094 2562 prophetis.

2068 2585 2157 2640 50.
2201 2584 2258 2639 lu
2280 2583 2534 2639 eumdem
2561 2597 2782 2640 sensum
2806 2582 3133 2639 Prudentius
3151 2583 3458 2654 generatim
3481 2583 3600 2642 haec

1999 2678 2159 2735 docet
2186 2677 2293 2749 (c):
3479 2692 3485 2697 ‘

2091 2793 2195 2859 Sed
2219 2798 2464 2859 tamenet
2484 2793 2648 2859 Patris
2665 2797 2938 2859 specimen,
2959 2810 3059 2859 quo
3081 2810 3297 2848 cernere
3321 2799 3395 2850 ias
3415 2803 3479 2854 sit

2092 2856 2335 2930 Eumenis
2355 2856 2612 2930 aliquando
2634 2856 3110 2930 oculiscoucurrere
3135 2870 3434 2930 promptum,

2094 2918 2234 2990 Quod
2259 2918 2482 2990 quamvis
2506 2919 2666 2990 hebes
2691 2918 3251 2990 intuitusspeculaiitine
3278 2918 3469 2990 glauco,

2096 2981 2435 3045 umentique
2458 2984 2564 3030 acie
2589 2983 2746 3045 potuit
2765 2981 3035 3045 nebulosus
3057 2987 3212 3045 adire,
3278 2981 3326 2990 ”’

2097 3045 2314 3117 Quisque
2342 3042 2586 3117 uitulinum
2614 3044 2795 3094 vidisse
2815 3044 2977 3117 Donni
3001 3042 3323 3117 memoratur,
3347 3051 3412 3102 ab
3431 3053 3540 3117 ipso

2095 3101 2313 3170 infusum
2339 3105 2461 3170 vidit
2481 3115 2669 3168 natum,
2701 3120 2808 3154 nam
2837 3105 2986 3157 Filius
3008 3108 3100 3158 hoc
3119 3117 3214 3170 est,

2093 3168 2234 3238 Quod
2256 3168 2320 3217 de
2335 3167 2497 3238 _Patre
2521 3167 2705 3218 micans
2725 3179 2795 3238 se
2809 3172 3038 3232 praestitit
3071 3167 3452 3238 inspiciendum,-

2090 3230 2191 3297 ζει·
2211 3231 2426 3293 Species,
2449 3243 2572 3297 quas
2597 3242 2765 3297 posset
2784 3230 2928 3297 homo
2953 3230 3381 3297 comprehendere
3399 3230 3540 3293 visu:

2093 3292 2215 3341 Nam
2241 3291 2379 3342 mera
2403 3291 2636 3354 maiestas
2657 3299 2733 3342 est
2757 3293 2960 3352 iniinita,
2986 3291 3079 3345 nec
3106 3297 3256 3350 intrat

2091 3355 2326 3417 Obtutus,
2349 3355 2512 3417 aliquo
2535 3356 2586 3405 ni
2609 3369 2666 3405 se
2690 3356 3029 3408 moderamine
3053 3359 3250 3413 formet.

2070 3441 2337 3510 Deinceps
2364 3455 2496 3494 vero
2523 3440 2606 3512 (ά)
2637 3458 2651 3494 :

2093 3535 2223 3598 Quin
2246 3534 2407 3595 potius
2429 3538 2652 3598 scrutare
2675 3530 2773 3580 Dei
2797 3533 3050 3598 signacula
3074 3536 3123 3584 iu
3149 3539 3257 3598 ipso

2091 3597 2249 3658 Fonte
2272 3595 2554 3654 vetustatis,
2579 3595 3037 3658 percurras’sqinia
3064 3595 3205 3658 primi

2091 3657 2373 3728 Scriptoris,
2401 3667 2548 3728 quem
2575 3655 2671 3728 non
2692 3656 2874 3705 bardus
2898 3655 3075 3717 Pater,
3093 3667 3177 3728 aut
3194 3660 3327 3728 Arus
3351 3661 3535 3728 Augur,

2095 3719 2280 3769 Fabula
2305 3732 2400 3784 nec
2423 3718 2795 3784 veterisl'amte,
2821 3732 2914 3768 nec
2941 3720 3136 3784 garrula
3162 3725 3345 3784 nutrix,

2093 3784 2197 3834 Nec
2219 3795 2338 3844 sago
2357 3781 2590 3844 clangom
2617 3779 2817 3844 loquax,
2846 3788 2898 3830 et
2919 3779 3120 3832 stridula
3143 3787 3312 3834 cornix

2095 3845 2219 3919 item
2232 3841 2459 3919 detinere
2471 3841 2578 3919 Dei
2597 3878 2611 3902 ,
2632 3841 2720 3890 sed
2745 3856 2906 3919 coeant
2936 3845 3152 3919 proditus
3171 3847 3296 3919 ipse,

2094 3908 2207 3965 Ipse
2232 3906 2372 3968 Deus
2393 3907 2638 3968 trepidum
2663 3905 2921 3954 mortalem
2945 3908 3079 3956 mitis
3100 3905 3258 3960 amico

2095 3969 2276 4019 lmbuit
2292 3967 2524 4030 alloquio,
2550 3980 2728 4077 segue,
2756 3980 2812 4016 ac
2835 3981 2919 4016 sua
2945 3982 3130 4019 summa
3145 3975 3350 4026 retexit.

2095 4031 2331 4077 Nimirum
2356 4030 2579 4077 meminit
2640 4030 2820 4077 crintor
2845 4031 3155 4077 doctissimus
3177 4033 3259 4077 illn

2092 4031 2331 4082 Nimirum
2356 4030 2579 4078 meminit
2604 4030 2820 4089 Scriptor
2845 4031 3155 4083 doctissimus
3176 4033 3259 4083 illo

2094 4093 2242 4144 Orbis
2267 4093 2508 4156 principio
2526 4104 2622 4140 non
2645 4091 2826 4156 solum,
2852 4105 2946 4156 nec
2967 4095 3076 4144 sine
3095 4095 3291 4147 Christo

2094 4153 2388 4206 Inforniasse
2415 4153 2609 4203 Patrem
2637 4153 2833 4203 facturae
2861 4154 3040 4215 plasma
3063 4159 3286 4210 novellae.

2094 4216 2256 4274 Fecit,
2284 4218 2369 4278 ait,
2395 4217 2612 4280 condens
2632 4217 2876 4280 hominem
2901 4216 3056 4280 Deus,
3086 4226 3138 4269 et
3155 4221 3290 4271 dedit
3309 4221 3394 4273 olli

2093 4280 2306 4347 Qra‘Dei
2323 4317 2336 4340 ,
2352 4279 2604 4347 quidnam
2623 4287 2699 4327 est
2703 4278 2868 4347 aliud,
2888 4278 3239 4347 quamdicere,
3269 4284 3403 4336 solus
3496 4343 3502 4347 _

2093 4343 2201 4412 ISon
2227 4339 2677 4412 erat?'atquc_Deo
2699 4339 2835 4412 Dens
2858 4339 3126 4412 adsistebat
3148 4339 3316 4412 agenti
3337 4387 3352 4412 ,

2097 4405 2253 4472 Quum
2281 4399 2520 4472 Dominus
2522 4403 2726 4472 _i'ace_ret
2745 4399 3293 4472 Dominisubuimaéine
3323 4399 3502 4472 plasma
3522 4448 3535 4462 .

2097 4467 2320 4538 {Ebrietas
2343 4466 2496 4538 forma
2522 4466 2702 4538 Patris,
2731 4465 3202 4538 nos.(_]hristii’ormti
3223 4477 3275 4519 et
3311 4465 3473 4538 imago
3496 4490 3507 4527 :

2097 4530 2358 4584 Condimur
2380 4531 2429 4577 in
2449 4527 2622 4577 faciem
2643 4527 2835 4579 Domini
2859 4531 3082 4578 bonitate
3169 4540 3328 4597 terna,

2097 4587 2322 4641 Venturo
2342 4592 2388 4640 in
2414 4601 2624 4640 nostram
2646 4589 2817 4639 faciem
2843 4599 2948 4641 post
2971 4545 3328 4641 sacuEtaChrist

3121 4607 3147 4642 a

3172 4593 3381 4648 Christo.

2077 4677 2165 4732 5i.
2211 4678 2291 4731 An
2314 4691 2442 4730 vero
2469 4673 2535 4730 ad
2571 4675 2686 4730 inec
2715 4676 2937 4746 respicit
2966 4675 3227 4748 Ecclesia,
3268 4699 3389 4738 cum
3437 4683 3597 4758 hym-

2008 4787 2134 4827 num
2163 4769 2307 4825 hunc
2337 4768 2638 4824 canendum
2666 4770 2909 4841 praecipit
2941 4769 3051 4844 (e)?

2160 4860 2592 4924 Rexisempitcrne
2616 4857 2864 4923 C(elitum,

2254 4923 2439 4976 Rerum
2464 4928 2660 4974 creator
2682 4925 2916 4984 omnium,

2255 4985 2474 5051 Equalis
2490 4991 2610 5051 ante
2633 4985 2813 5051 stagna

2255 5043 2466 5110 Semper
2490 5046 2690 5110 Pars-nti
2714 5043 2886 5097 Filius.

2163 5109 2412 5174 Nascente
2434 5111 2519 5174 qui
2544 5109 2722 5174 Mundo
2746 5110 2908 5160 Faber

2258 5171 2530 5232 Imaginem
2558 5171 2718 5220 vultus
2741 5174 2810 5221 tui

2261 5230 2484 5284 Tradens
2509 5233 2716 5291 Adamo,
2751 5230 2967 5282 nobilem

2266 5296 2405 5346 Limo
2425 5299 2603 5360 iugasti
2622 5298 2861 5358 spiritum.

2011 5430 2354 5496 disposuerat,
2405 5425 2548 5501 intra
2593 5439 2646 5501 se
2693 5421 3119 5501 irt__stiltstattlins,
3155 5437 3202 5482 et
3252 5431 3444 5501 species
3487 5451 3610 5492 sua:

2013 5493 2165 5557 edere
2195 5501 2210 5563 (
2239 5512 2360 5568 cap.
2395 5496 2448 5568 6,
2481 5496 2726 5568 ejn~d_em
2758 5493 2877 5568 libri
2903 5495 2946 5565 ).

2086 5570 2167 5646 is)
2208 5570 2263 5648 l_n
2291 5563 2589 5637 Apotheos.
2617 5564 2810 5620 Contra
2827 5563 3084 5648 heresim,
3107 5586 3226 5640 quia
3250 5571 3458 5630 Patrem
3487 5594 3612 5648 pas-

2017 5637 2399 5712 sum—afﬁrmat,
2432 5647 2667 5712 poemat.
2699 5654 2734 5702 ι,
2765 5653 2820 5712 _v_.
2868 5637 2952 5699 i8.
2972 5649 3084 5712 etc.

2094 5714 2176 5784 (ά)
2195 5706 2409 5768 "Contra
2433 5706 2734 5788 Unignims,
2764 5706 2815 5762 id
2838 5717 2922 5764 est
2958 5709 3283 5770 Sabellionos
3309 5713 3576 5776 hereticos
3602 5759 3616 5788 ,

2022 5780 2259 5861 poemat.
2275 5798 2435 5861 _n_,_v.
2470 5780 2592 5861 ill.

2097 5855 2170 5929 (ε)
2208 5854 2292 5913 Ad
2321 5854 2509 5912 latnt.
2543 5849 2752 5911 Domini
2783 5867 2799 5911 :
2829 5858 3077 5925 tempore
3103 5853 3298 5916 Pasch.
