4224 6262
600 304 703 363 847

676 429 808 491 Seu,
836 435 895 481 ut
925 425 1051 480 olim
1082 424 1401 496 expressius
1432 423 1709 494 legebatur
1736 442 1749 478 :

757 538 1191 600 Bex_sempiterne
1214 537 1449 600 Domine,

852 598 1036 648 Rerum
1058 607 1253 648 creator
1275 598 1512 661 omnium,

850 663 941 720 Qui
964 673 1073 710 eras
1093 668 1209 710 ante
1232 665 1411 710 saecula

850 724 1061 786 semper
1084 736 1195 773 cum
1214 723 1365 786 Patre
1385 721 1557 772 Filius.

756 784 847 846 Qui
873 784 1039 835 Mundi
1064 786 1113 834 in
1141 784 1404 847 primordio

854 847 1007 910 Adam
1035 847 1279 910 plasmasti
1308 847 1576 907 hominem,

853 909 943 973 Qui
969 909 1065 959 tuae
1086 910 1293 973 imagini

852 971 1051 1021 Vultum
1069 971 1250 1023 dedisti
1273 972 1501 1022 similem.

674 1080 764 1138 52.
796 1079 905 1136 Sed
938 1096 1058 1135 cum
1086 1079 1153 1135 de
1181 1080 1266 1135 his
1296 1080 1533 1152 agimus,
1565 1094 1661 1136 cur
1686 1080 1921 1137 Leonem
1951 1080 2201 1153 Magnum

608 1171 1089 1245 przctermittimus,
1131 1172 1220 1242 qui
1252 1173 1551 1243 generatim
1587 1172 1778 1237 docet.
1809 1171 2083 1229 Chrismm
2108 1190 2205 1229 an-

607 1266 922 1338 tiquissimis
960 1264 1232 1330 Patribns,
1266 1264 1497 1336 ideoque
1520 1265 1730 1322 Adamo
1760 1266 2199 1322 Patriarcharum

607 1358 1009 1430 antiquissimo,
1044 1357 1099 1413 in
1126 1358 1306 1428 specie
1332 1358 1564 1414 humana
1596 1359 1934 1430 apparuisse,
1961 1367 2017 1413 et
2046 1358 2205 1430 hujus

608 1454 777 1525 ipsius
810 1452 889 1508 rei
920 1452 1187 1507 rationem
1212 1451 1368 1507 affert
1400 1453 1741 1523 elegantem?
1776 1471 1794 1505 ι
1820 1453 2096 1521 Potuerat,
2126 1453 2207 1509 in-

614 1546 734 1617 quit
763 1545 853 1600 ille
876 1543 1073 1617 (Epist.
1106 1560 1224 1611 xm,
1244 1546 1299 1599 in
1319 1545 1443 1600 edit.
1474 1545 1757 1615 Quesneltii
1786 1563 1955 1613 xxvu,
1976 1563 2093 1617 cap.
2123 1547 2205 1617 2),

609 1637 1003 1708 omnipotentia
1038 1637 1131 1693 Dei
1162 1638 1243 1693 sic
1278 1638 1345 1693 ad
1386 1638 1690 1703 docendos,
1726 1639 2210 1710 justiticandosque

610 1733 858 1789 homines
886 1746 1179 1803 apparere,
1214 1732 1485 1802 quomodo
1511 1743 1567 1789 et
1593 1732 1951 1798 Patriarchis,
1984 1743 2039 1789 et
2078 1732 2209 1790 Pro-

1285 300 1349 356 ΙΝ
1391 299 1650 359 HILARII
1681 299 1901 358 EPIST.
1944 298 2076 358 SEU
2119 298 2340 357 LIBEL.
2387 298 2839 360 DISSERTATIO
2870 301 3213 363 SECUNDA.

3798 307 3905 364 818

2224 422 2279 484 Α
2304 429 2431 488 tam,
2457 423 2741 487 qualemve
2769 422 2962 479 credas
2990 423 3153 478 fuisse
3180 420 3337 494 primi
3374 421 3608 477 hominis
3632 421 3780 478 illius
3807 440 3903 479 ve-

2302 514 2604 569 nustatem?
2629 525 2888 585 quantum
2921 514 2975 569 in
3008 529 3105 570 ore
3134 513 3300 569 dccus
3321 555 3336 579 ,
3364 530 3497 583 quas
3524 515 3727 585 gratias
3761 516 3907 571 insc-

2302 607 2485 663 disse?
2505 627 2524 660 ι

2373 700 2466 758 55.
2489 700 2626 769 Quid
2645 699 2714 757 de
2734 699 2926 757 horum
2954 701 3208 772 opinione
3232 702 3574 761 sentiendum
3596 703 3690 771 sit,
3722 718 3905 759 meum

2304 808 2411 848 non
2442 802 2526 848 est
2563 808 2703 849 nunc
2730 793 2981 850 definire.
3028 793 3164 849 Illud
3197 808 3345 851 certe
3365 806 3605 862 constat,
3642 796 3909 852 alterutra

2306 886 2494 942 harum
2521 886 2850 942 solutionum
2879 886 3103 943 dissolvi
3131 904 3490 960 quaecumque
3517 905 3586 945 ex
3610 888 3913 959 asperiori-

2306 980 2406 1037 bus
2444 980 2548 1035 illis
2576 979 2976 1046 locutionibus,
3009 995 3143 1052 quas
3190 981 3243 1037 in
3271 982 3424 1045 titulo
3445 983 3566 1054 ipso
3607 982 3911 1054 praeposui,

2304 1073 2682 1129 desmnuntur.

2377 1168 2469 1224 56.
2501 1169 2637 1223 Dum
2672 1176 2851 1225 tamen
2876 1169 2993 1226 hanc
3015 1185 3236 1237 moneo,
3271 1171 3399 1227 nolo
3425 1186 3752 1243 quemquam
3785 1187 3915 1229 nos-

2307 1264 2405 1319 tris
2434 1265 2768 1334 temporibus
2801 1265 2866 1320 iis
2895 1264 2996 1320 uti.
3055 1265 3269 1322 Etenim
3300 1266 3345 1321 si
3386 1267 3508 1338 quis
3543 1267 3607 1323 iis
3641 1276 3913 1332 uteretur.

2309 1355 2355 1411 is
2379 1356 2739 1425 suspicionem
2765 1357 3051 1428 prmberet,
3080 1373 3149 1414 ne
3171 1376 3373 1413 servum
3398 1368 3609 1429 putaret
3634 1375 3780 1423 eum,
3810 1357 3908 1430 qui

2300 1448 2535 1522 jubetur,
2566 1458 2623 1505 ut
2651 1450 2868 1504 monitis
2898 1459 3021 1505 utar
3058 1453 3250 1507 vetusti
3292 1452 3436 1507 illius
3473 1452 3794 1523 Scriptoris,
3821 1453 3919 1523 qui

2312 1555 2343 1593 a
2388 1541 2571 1597 multis
2612 1539 2890 1613 Gregorius
2933 1542 3357 1618 Thaumaturgus
3401 1542 3601 1601 dicitur
3630 1544 3731 1617 (α).
3780 1544 3923 1601 Hinc

2312 1632 2587 1704 Nyssenus
2615 1634 2692 1706 (in
2716 1634 2803 1688 lib.
2837 1634 2896 1707 ι)
2921 1634 3241 1691 Eunomium
3265 1635 3629 1707 reprehendit,
3664 1637 3810 1709 quod
3835 1636 3922 1692 di-

2315 1728 2487 1793 xerit,
2520 1746 2539 1781 (
2564 1726 2757 1783 Filium
2778 1728 3025 1800 jussione
3048 1730 3219 1786 Patris
3242 1730 3435 1788 fecisse
3457 1747 3579 1804 quae
3600 1732 3736 1787 facta
3762 1740 3921 1795 sunt;

609 1825 790 1895 phetis
816 1826 867 1880 in
892 1824 1076 1896 specie
1111 1823 1294 1884 carnis
1324 1827 1594 1896 apparuit,
1620 1842 1786 1897 quum
1815 1837 1907 1882 aut
1937 1828 2210 1883 luctamen
2238 1817 2288 1880 Β
2315 1820 2442 1877 dum
2462 1836 2524 1876 ea
2554 1835 2654 1892 pro
2674 1828 2944 1892 potestate
2968 1821 3191 1877 creavit.
3232 1840 3249 1875 ι

611 1916 749 1982 iniit,
774 1925 866 1971 aut
891 1932 1198 1973 sermonem
1237 1918 1553 1984 conseruit,
1599 1934 1790 1973 eumve
1814 1918 1991 1974 ofﬁcia
2027 1919 2212 1990 hospi-

611 2012 834 2067 talitatis
861 2026 969 2068 non
1000 2010 1209 2077 abnuit,
1234 2011 1317 2067 vel
1339 2012 1502 2067 etiam
1530 2011 1833 2082 appositum
1864 2012 2042 2067 cibum
2065 2029 2213 2068 sum-

616 2104 745 2174 psit.
788 2103 894 2161 Sed
922 2104 1029 2158 illa:
1058 2103 1318 2175 imagines
1348 2103 1505 2173 hujus
1544 2104 1779 2159 hominis
1798 2113 1952 2161 erant
1983 2105 2212 2174 indices,

613 2196 770 2266 cujus
797 2198 1080 2252 veritatem
1113 2212 1178 2252 ex
1214 2196 1635 2267 praecedentium
1676 2197 1893 2252 Patrum
1930 2198 2099 2269 stirpe
2125 2214 2216 2254 su-

613 2289 889 2355 mendam,
914 2289 1333 2361 signiiicatiunes
1355 2290 1599 2358 mysticae
1626 2290 1967 2346 nuntiabant.
1999 2291 2066 2346 Et
2092 2290 2217 2349 ideo

618 2384 1029 2442 Sacramentum
1079 2383 1533 2440 reconciliationis
1572 2395 1770 2440 nostra:
1802 2393 1929 2441 ante
1970 2394 2215 2455 tempora

625 2488 827 2534 aeterna
872 2477 1196 2548 dispositum
1237 2478 1398 2533 nullae
1455 2478 1749 2547 implebant
1812 2478 2033 2550 figuraz;
2093 2482 2219 2551 quia

614 2572 853 2626 nondum
885 2580 1275 2642 supervenerat
1307 2569 1541 2640 Spiritus
1566 2570 1796 2627 Sanctus
1833 2571 1885 2627 in
1915 2572 2214 2643 Virginem,

617 2681 718 2722 nec
757 2666 930 2721 virtus
957 2665 1224 2721 Altissimi
1252 2664 1671 2721 obmnbraverat
1705 2667 1787 2734 ei,
1820 2678 1877 2723 ut
1904 2669 2042 2723 intra
2074 2668 2217 2725 inte-

614 2769 819 2816 merata
843 2760 1049 2816 viscera
1072 2758 1377 2816 aediﬁcante
1397 2760 1498 2816 sibi
1520 2760 1799 2831 Sapientia
1818 2762 2062 2831 domum,
2089 2764 2222 2819 Ver-

613 2851 741 2909 bum
780 2868 909 2908 caro
953 2853 1141 2919 fieret,
1176 2861 1231 2908 et
1274 2852 1446 2907 forma
1484 2853 1615 2921 Dei,
1657 2870 1720 2910 ac
1752 2856 1923 2911 forma
1972 2856 2116 2913 servi
2165 2856 2218 2911 in

615 2963 779 3002 unam
805 2947 1166 3002 conveniente
1188 2960 1498 3015 personam,
1523 2957 1743 3003 creator
1768 2957 2075 3019 temporum
2098 2964 2223 3005 nas-

613 3047 831 3094 ceretur
857 3039 909 3093 in
937 3047 1181 3108 tempore
1204 3079 1219 3104 ,
1249 3047 1306 3094 et
1356 3054 1451 3109 per
1484 3055 1643 3109 quem
1675 3039 1813 3096 facta
1863 3051 1989 3098 sunt
2014 3044 2216 3111 omnia,

614 3131 732 3201 ipse
761 3129 905 3185 inter
932 3128 1111 3185 omnia
1142 3129 1477 3201 gigneretur.
1517 3149 1537 3183 ι

686 3222 780 3278 55.
816 3222 986 3278 Leoni
1027 3220 1381 3293 adjunganms
1410 3222 1729 3280 Cassianum
1761 3224 1877 3283 haec
1916 3227 2216 3286 tradentem

619 3317 731 3386 (tib.
769 3331 843 3381 tv,
879 3316 952 3371 De
981 3315 1188 3371 incarn.
1220 3333 1334 3388 cap.
1368 3314 1436 3387 9)
1466 3333 1477 3370 :
1526 3336 1544 3368 ι
1581 3317 1678 3374 llic
1706 3334 1837 3391 ergo
1867 3336 2005 3377 unus
2033 3331 2117 3378 est
2148 3321 2218 3377 ad

617 3409 957 3466 Patriarchas
981 3410 1227 3481 loquens,
1255 3411 1307 3464 in
1338 3410 1623 3481 Prophetis
1649 3428 1897 3482 manens,
1920 3430 1985 3471 ex
2016 3413 2221 3486 Spiritu

615 3514 911 3573 conceptus
932 3543 947 3566 ,
988 3510 1147 3557 natus
1172 3517 1240 3558 ex
1270 3501 1491 3574 Virgine
1515 3502 1700 3570 Maria,
1742 3506 1795 3561 in
1820 3505 2017 3562 Mundo
2046 3507 2219 3576 visus,

617 3597 758 3654 inter
784 3596 1032 3653 homines
1053 3605 1427 3663 conversatus,
1466 3598 1691 3669 afﬁgens
1725 3599 1869 3671 ligno
1889 3598 2081 3657 Crucis
2104 3601 2223 3658 chi-

619 3688 948 3761 rographum
994 3697 1375 3758 peccatorum,
1411 3689 1751 3758 triumphans
1796 3690 1847 3745 in
1889 3692 2217 3763 semetipso,

620 3782 965 3839 adversarias
1014 3780 1172 3836 nobis
1198 3780 1554 3852 inimicasque
1588 3782 1820 3839 virtutes
1866 3792 2042 3842 morte
2080 3787 2224 3842 occi-

618 3876 784 3944 dens,
813 3875 1129 3947 resurgendi
1159 3874 1321 3931 ﬁdem
1348 3877 1596 3933 omnibus
1630 3878 1874 3935 tribuens
1892 3920 1908 3948 ,
1936 3880 2108 3951 gloria
2136 3881 2221 3936 sui

618 3968 866 4040 corporis
892 3968 1304 4038 corruptionem
1336 3966 1585 4025 humana:
1615 3972 1796 4026 carnis
1822 3970 2161 4028 interimens.
2193 3990 2213 4024 ι

686 4063 779 4118 ει.
812 4060 1015 4116 Horum
1044 4061 1285 4126 Palmm,
1316 4072 1479 4131 atque
1501 4064 1554 4118 in
1582 4064 1772 4135 primis
1797 4064 2075 4121 Prudentii
2104 4082 2224 4123 ves-

624 4155 750 4226 tigia
784 4168 1032 4225 premere
1063 4152 1277 4209 videtur
1316 4154 1587 4211 Steuchus
1634 4166 1821 4212 noster
1866 4157 2220 4229 Eugubinus,

628 4261 790 4325 quem
817 4244 1012 4301 summi
1042 4245 1277 4300 nominis
1302 4246 1477 4301 virum
1501 4258 1700 4303 norunt
1721 4263 1932 4317 omnes,
1959 4265 2080 4307 cum
2109 4252 2224 4309 haec

622 4343 700 4397 ait
727 4342 805 4411 (in
826 4340 1068 4409 Cosmop.
1102 4340 1225 4394 edit.
1265 4339 1396 4394 Ven.
1432 4339 1608 4396 Νίσοιὶ
1636 4360 1755 4414 pag.
1782 4343 1906 4416 159)
1936 4363 1949 4399 :
1985 4364 2004 4397 ι
2026 4347 2225 4402 Acces-

624 4434 699 4489 sit
717 4448 851 4503 ergo
877 4431 1070 4498 Filius,
1102 4447 1168 4487 ac
1193 4431 1430 4488 Verbum
1463 4434 1553 4489 Dei
1585 4434 1652 4489 ad
1679 4436 2005 4492 creationem
2035 4437 2225 4493 huma-

624 4540 749 4579 nam
780 4524 832 4579 in
876 4524 1047 4579 forma
1070 4566 1085 4591 ,
1113 4525 1367 4595 imagine,
1401 4525 1691 4597 habituque
1728 4528 1994 4598 humano,
2026 4546 2222 4602 gerens

626 4615 1088 4687 speciosissimam
1120 4616 1623 4691 divinissimamque
1663 4620 1912 4686 formam,
1944 4634 1996 4678 et
2023 4624 2222 4693 jucun-

626 4710 933 4776 dissimam,
960 4711 1200 4765 omnium
1231 4710 1582 4768 humanarum
1608 4716 1897 4771 formarum
1929 4720 2225 4787 pulchritu-

626 4802 808 4859 dinem
837 4811 1211 4874 superantem.
1258 4802 1431 4872 Quam
1476 4807 1782 4877 videntem,
1831 4820 1887 4867 et
1926 4811 2223 4872 intuentem

628 4894 847 4965 generis
876 4894 1046 4949 nostri
1083 4895 1377 4966 principem
1399 4898 1729 4955 censendum
1758 4912 1844 4959 est
1868 4919 2053 4963 amore
2085 4908 2228 4964 insa-

629 4987 777 5042 nisse
798 5026 815 5051 ,
846 4996 1256 5057 creatoremque
1297 4989 1547 5045 omnibus
1576 4991 1813 5051 feminis
1842 5000 2226 5067 speciosiorem

627 5094 769 5149 pene
800 5078 1095 5149 deperisse.
1132 5080 1279 5135 Hanc
1316 5084 1571 5152 speciem,
1610 5086 1955 5160 divinamque
1988 5096 2227 5163 pulchri-

628 5171 908 5239 tudinem,
964 5172 1453 5242 clementissimus,
1499 5178 2027 5257 formosissimusque
2072 5204 2228 5246 assu-

631 5282 812 5332 mens,
845 5282 1008 5337 quam
1049 5276 1169 5323 erat
1195 5279 1317 5338 post
1347 5271 1513 5325 multa.
1546 5282 1792 5345 tempora
1821 5294 1993 5351 usque
2015 5282 2080 5337 ad
2110 5299 2228 5339 car-

638 5374 764 5414 nem
792 5367 847 5415 et
867 5375 990 5415 ossa
1017 5370 1413 5431 assumpturus,
1444 5366 1665 5420 creabat
1698 5366 1971 5426 hominem
1996 5373 2230 5446 largiens

634 5450 686 5508 ei
716 5454 951 5522 speciem
977 5453 1116 5511 hanc
1139 5466 1339 5512 tantam
1368 5459 1484 5529 ipse
1504 5461 1709 5531 primus
1733 5465 2079 5540 archetypus,
2105 5487 2230 5544 spe.

629 5546 964 5603 ciosissimus
987 5547 1127 5619 ipse,
1154 5551 1573 5620 speciosissima:
1600 5554 1767 5625 prolis
1787 5572 2019 5617 creator.
2046 5563 2230 5634 Quan-

700 5726 878 5812 (a)_}n
905 5731 1323 5812 expositaﬁdcjnt
1353 5750 1513 5812 quam
1544 5746 1727 5812 tamen
1756 5759 1788 5799 a
1813 5744 2223 5812 Thaumaturao

625 5795 935 5865 abjudicaut
966 5795 1215 5858 Petavius
1252 5803 1347 5862 lib.
1371 5795 1428 5864 ἰι
1455 5808 1525 5865 de
1554 5795 2214 5895 Trinitfcapf'i-“itjg:

2244 3183 2291 3247 C

2384 1914 2477 1969 37.
2506 1912 2838 1983 Augustinus
2864 1929 3081 1984 quoque
3104 1915 3208 1970 dici
3237 1924 3381 1971 vetat
3401 1916 3476 1987 (in
3506 1916 3596 1971 tib.
3620 1930 3659 1971 ιι
3688 1914 3757 1971 de
3781 1915 3926 1972 Gen.

2316 2006 2383 2062 ad
2424 2007 2504 2062 lit.
2538 2024 2659 2079 cap.
2690 2007 2746 2079 6)
2784 2027 2803 2061 (
2826 2008 3005 2077 juberi
3030 2008 3223 2063 Filium
3253 2025 3281 2061 a
3329 2010 3516 2073 Patre.
3550 2025 3674 2066 eum
3706 2010 3822 2081 ipse
3853 2012 3930 2065 sit

2318 2099 2613 2171 principale
2642 2099 2879 2156 Verbum
2898 2100 3097 2167 Patris,
3123 2117 3224 2173 per
3244 2101 3385 2173 quod
3410 2102 3550 2158 facta
3572 2111 3700 2158 sunt
3715 2103 3925 2159 omnia.

2321 2194 2524 2251 Deinde
2553 2195 2675 2265 quia
2715 2211 2822 2250 non
2849 2196 3130 2261 convenit,
3172 2206 3230 2251 ut
3256 2196 3423 2252 Filius
3450 2198 3603 2268 quasi
3629 2197 3819 2268 jussus
3849 2197 3930 2254 fe-

2319 2286 2459 2342 cisse
2492 2287 2838 2359 intelligatur.
2877 2306 2894 2338 )
2936 2288 3076 2345 Alibi
3106 2287 3268 2344 etiam
3307 2289 3422 2344 haec
3464 2291 3687 2360 protulit
3729 2291 3807 2361 (in
3833 2291 3925 2344 lib.

2319 2392 2499 2435 contra
2555 2381 2796 2438 Sermon.
2857 2382 3041 2437 Arion.
3098 2400 3215 2453 cap.
3271 2383 3365 2455 58)
3416 2401 3489 2438 :t
3523 2384 3741 2441 Iussum
3798 2401 3930 2443 vero

2321 2475 2609 2531 obaudisse
2632 2475 2826 2530 Filium
2850 2517 2865 2543 ,
2897 2487 3187 2547 antequam
3211 2476 3485 2547 acciperet
3510 2491 3759 2545 carnem,
3784 2478 3930 2537 unde

2323 2570 2410 2626 isti
2432 2570 2767 2635 existiment,
2797 2571 3001 2625 nescio.
3042 2590 3061 2620 ι

2394 2665 2482 2721 58.
2532 2663 2793 2720 Similiter
2833 2663 3034 2719 ldatius
3062 2664 3178 2737 (lib.
3215 2680 3275 2721 ιιι
3300 2675 3481 2721 contra
3511 2665 3931 2739 Varimundum)

2323 2756 2657 2827 Nyssenum,
2693 2757 2847 2825 cujus
2876 2772 3047 2827 nuper
3082 2757 3464 2823 meminimus,
3501 2758 3659 2827 plane
3683 2770 3925 2827 secutus,

2325 2861 2487 2922 negat
2524 2850 2715 2905 Filium
2749 2849 2964 2921 jubente
3012 2848 3169 2905 Patre
3200 2848 3395 2907 fecisse
3433 2866 3556 2922 qua
3586 2850 3727 2908 facta
3768 2862 3929 2919 sunt,

2323 2958 2445 2999 cum
2478 2960 2571 3015 pro
2602 2952 2850 3014 potestate
2872 2944 3137 2998 creaverit.

2844 3101 3306 3160 DISSERTATIO
3330 3101 3395 3159 lll
3409 3146 3421 3158 .

2324 3218 2407 3274 Ad
2458 3217 2621 3275 verba
2676 3218 2767 3273 illa
2817 3233 2938 3289 cap.
2985 3235 3017 3271 ν
3053 3219 3239 3289 (num.
3298 3219 3437 3285 t00,
3500 3218 3648 3283 etc.)
3716 3236 3731 3273 :
3788 3219 3931 3277 Cos-

2323 3325 2502 3367 CESSIT
2549 3326 2736 3377 ΕἸΊΛΙ,
2799 3325 2871 3366 UT
2910 3326 3055 3367 KOIO
3105 3326 3194 3367 ιιιιι
3252 3325 3512 3369 IIAGINEI
3561 3327 3848 3369 PORTARET
3878 3329 3932 3369 IN

2323 3420 2551 3472 TERRIS,
2605 3420 2846 3461 DATUBUS
2890 3420 3093 3461 POSTEA
3147 3420 3591 3471 ειιιιιιτυιιιιιειι,
3657 3424 3705 3464 ει
3767 3424 3936 3467 ιιιιαο

2325 3514 2679 3555 εειινΑιιιςτυιι
2740 3514 2966 3555 ιιιιεελ.
3000 3497 3082 3553 ΑΙ)
3135 3514 3394 3556 IIAGINEI
3433 3515 3534 3555 κοιι
3580 3516 3751 3557 νοτες
3806 3516 3936 3556 εδει

2396 3607 2613 3648 ιιὊιιιιΑιι
2653 3605 2793 3647 “ANC
2830 3605 3046 3648 HOIINIS
3083 3605 3434 3647 BXTERIOIBI
3469 3606 3707 3660 FACT“,
3747 3599 3859 3648 etc.

2400 3730 2451 3782 «Ι.
2504 3729 2817 3800 Saepissime
2855 3728 2959 3787 hoc
3002 3729 3069 3787 de
3113 3742 3434 3802 argumento
3473 3738 3639 3803 agunt
3679 3739 3933 3800 veteres,

2327 3836 2502 3892 neque
2534 3822 2566 3876 ii
2598 3831 2829 3890 tantum,
2862 3823 2955 3894 qui
2984 3823 3193 3880 divinas
3220 3825 3532 3900 Scripturas
3561 3836 3800 3893 norunt,
3831 3824 3936 3881 sed

2326 3912 2361 3969 ii
2390 3929 2627 3984 quoque,
2653 3930 2788 3985 quos
2811 3914 3068 3971 falsorum
3091 3919 3369 3974 numinum
3392 3919 3632 3975 cultores
3655 3919 3936 3975 novimus.

2400 4008 2482 4061 An
2510 4022 2617 4062 non
2658 4007 2775 4065 haec
2803 4009 3216 4082 expressissime
3254 4012 3479 4070 Ovidius
3513 4012 3738 4087 protulit
3768 4013 3887 4088 (lib.
3921 4028 3941 4069 ι

2328 4097 2573 4170 Metam.)
2594 4100 2618 4153 ’ἔ

2421 4191 2650 4260 Sanctius
2667 4192 2749 4260 his
2769 4193 2966 4256 animal,
2989 4196 3271 4260 mentisque
3292 4198 3522 4260 capacius
3546 4195 3659 4247 ιιιω

2418 4254 2607 4304 Deerat
2623 4255 2798 4313 adhuc,
2823 4262 2877 4305 et
2894 4254 3023 4329 quod
3042 4254 3278 4332 dominari
3301 4254 3559 4332 in'czetera

2420 4316 2575 4365 Natus
2597 4316 2742 4367 homo
2765 4324 2862 4371 est.
2884 4332 2990 4368 sive
3016 4320 3145 4371 hunc
3166 4320 3330 4371 dwmo
3352 4335 3547 4371 semine
3588 4328 3691 4371 ectt

2420 4316 2575 4365 Natus
2597 4316 2742 4367 homo
2765 4324 2862 4377 est,
2884 4316 2990 4368 sive
3016 4320 3145 4371 hunc
3166 4320 3330 4371 divino
3352 4323 3547 4373 semine
3570 4316 3691 4375 fecit

2420 4377 2512 4448 [Ile
2531 4378 2694 4440 cpifex
2721 4392 2890 4448 rerum
2912 4380 3074 4448 Mundi
3097 4380 3319 4433 melioris
3339 4397 3501 4448 origo,

2418 4442 2537 4509 S_i_v_e
2560 4453 2739 4490 recens
2756 4442 2927 4509 tellus,
2949 4444 3261 4509 seductaque
3276 4442 3445 4509 nupei
3460 4447 3523 4495 ab
3544 4444 3642 4497 alto

2422 4502 2629 4553 Emere
2652 4506 2851 4564 cognati
2875 4502 3127 4558 retinebat
3143 4502 3332 4557 semina
3348 4502 3468 4559 ἐιειί
3488 4546 3502 4565 .

2422 4564 2577 4677 guam
2596 4573 2733 4615 satus
2753 4566 2930 4629 Japeto
2953 4569 3151 4618 mixtam
3169 4569 3444 4620 ﬂuvialibus
3463 4564 3607 4621 undis

2465 4628 2593 4677 inxit
2614 4628 2664 4676 in
2682 4628 2898 4677 eﬂiaiem
2920 4632 3258 4677 moderantum
3281 4641 3456 4677 cuum
3478 4632 3607 4677 Dem

2465 4628 2593 4677 inxit
2614 4628 2664 4676 in
2682 4628 2898 4693 eﬂigiem
2920 4632 3258 4682 moderantum
3281 4641 3456 4684 cuncta
3476 4632 3717 4683 Deorum.

2402 4736 2457 4789 2.
2489 4734 2555 4791 Ει
2591 4735 2643 4789 in
2683 4734 2785 4790 hac
2809 4734 3026 4806 quidem
3054 4736 3445 4807 significatione
3473 4737 3692 4795 videtur
3720 4738 3941 4795 locutus

2327 4827 2538 4893 Cicero,
2571 4843 2692 4884 cum
2721 4827 2948 4883 Paulum
2988 4828 3198 4885 induxit
3225 4827 3329 4884 Dei
3351 4830 3615 4887 vocabulo
3657 4830 3941 4889 hominem

2330 4922 2728 4978 honestantem.
2754 4939 2775 4974 ‹
2798 4922 2965 4978 Deum
2996 4922 3177 4993 igitur,
3199 4924 3375 4995 inquit
3414 4924 3613 4981 Paulus
3640 4926 3719 4994 (in
3744 4924 3939 4981 Somn.

2334 5014 2531 5085 Scip.),
2564 5025 2620 5069 te
2659 5029 2783 5071 esse
2812 5014 2949 5070 scito
2983 5032 2995 5068 :
3026 5015 3069 5069 si
3098 5015 3315 5086 quidem
3337 5025 3423 5073 est
3463 5017 3624 5083 Deus,
3653 5016 3743 5088 qui
3763 5016 3939 5089 viget,

2332 5107 2423 5178 qui
2450 5108 2637 5172 sentit,
2667 5106 2759 5178 qui
2791 5106 3061 5173 meminit,
3086 5108 3179 5180 qui
3206 5109 3482 5180 providet,
3509 5110 3601 5181 qui
3632 5118 3739 5166 tam
3769 5113 3937 5183 regit,

2334 5210 2389 5257 et
2426 5202 2766 5267 moderatur,
2812 5211 2870 5260 et
2908 5212 3093 5259 movet
3122 5204 3177 5260 id
3217 5219 3453 5273 corpus,
3481 5206 3568 5262 cui
3610 5206 3942 5278 praepositus

2334 5305 2437 5360 est,
2466 5310 2625 5365 quam
2651 5294 2792 5350 hunc
2819 5295 3075 5351 mundum
3104 5296 3197 5353 ille
3226 5299 3482 5371 princeps
3516 5299 3711 5355 Deus.»

2404 5390 2458 5444 5.
2488 5388 2595 5445 Nos
2626 5397 2686 5444 ut
2715 5388 2903 5445 ordine
2931 5390 3361 5462 progrediamur,
3390 5390 3459 5447 ad
3495 5407 3749 5464 suprema
3778 5408 3937 5466 quae-

2335 5480 2458 5536 dam
2485 5480 2659 5550 capita
2687 5482 3001 5553 quaistiunis
3021 5498 3286 5539 summam
3324 5485 3717 5542 revocabimus.
3749 5485 3938 5542 Primo

2337 5572 2544 5631 scilicet
2566 5573 2899 5645 inquiremus
2916 5617 2933 5645 ,
2956 5592 3023 5631 an
3050 5590 3115 5633 ea
3142 5576 3320 5650 imago
3343 5593 3408 5635 ac
3427 5578 3747 5648 similitudo,
3770 5594 3935 5653 quam

2331 5757 2727 5837 Tillemontius,
2756 5768 2889 5837 tom.
2931 5777 2986 5837 tv
3016 5760 3217 5819 Histor.
3258 5761 3399 5819 Eccl.
3435 5763 3489 5821 in
3520 5763 3932 5837 Gregor.'l‘hau-

2327 5839 2457 5890 mat.
2487 5838 2591 5890 art.
2614 5830 2672 5899 2,
2701 5839 2757 5891 et
2782 5832 2874 5891 alii
2893 5832 3079 5891 etiam.
