4224 6262
313 342 420 401 849

1017 344 1082 402 IN
1122 345 1378 404 BILARII
1417 346 1633 406 EPIST.
1677 348 1808 406 SEU
1849 347 2067 407 LIBEL.
2102 350 2550 411 DISSERTATIO
2589 355 2928 415 SECUNDA.

3506 359 3613 418 850

313 461 396 516 sui
423 459 579 516 nobis
600 459 793 518 indidit
815 461 976 529 Deus,
1004 463 1240 521 sintduo
1260 465 1504 536 qundam
1529 479 1559 520 a
1586 469 1648 522 ’se
1670 465 1904 536 diversa,
1934 469 1990 532 Α
2013 468 2288 527 vocabulis
2325 470 2637 540 denotatur,
2686 472 2787 528 nisi
2836 481 3099 543 praestans
3133 473 3380 545 quaedam
3421 476 3615 533 simili-

310 568 381 608 an
414 569 578 608 unum
607 562 838 610 tantum.
869 556 1184 624 Quaeremus
1213 557 1479 624 secundo,
1519 559 1572 612 in
1601 573 1709 630 quo
1735 560 1909 630 posita

280 713 282 716 τ
313 646 387 701 sit
419 646 536 702 haec
579 646 756 718 imago
785 658 838 703 et
863 648 1180 705 similitudo.
1207 651 1414 720 Quibus
1442 650 1784 717 constitutis,
1824 667 1912 708 se-

317 747 518 810 quetur
545 739 710 796 veluti
735 741 1080 797 corollarium
1122 744 1324 799 solutio
1355 744 1530 800 tertiae
1569 745 1905 816 quaestionis,

312 831 367 887 in
394 847 499 904 qua
526 831 761 888 hominis
790 843 942 906 parte
971 835 1144 906 posita
1166 837 1237 892 sit
1268 838 1445 907 imago
1469 837 1606 904 haec,
1629 849 1682 894 et
1714 836 1906 892 simili-

311 924 479 992 tudo;
521 940 588 981 au
615 925 824 982 scilicet
850 927 902 980 in
937 941 1193 999 corpore,
1224 945 1289 983 an
1316 929 1370 985 in
1401 931 1604 986 anima.
1641 930 1910 1002 Sequetur

316 1033 532 1091 quoque
561 1017 762 1075 solutio
805 1029 1013 1092 quartas
1051 1022 1405 1092 quaestionis,
1448 1039 1518 1079 an
1548 1023 1647 1080 Soli
1683 1025 1907 1092 homini,

277 1145 281 1152 -
310 1127 442 1177 seu,
475 1121 533 1168 ut
560 1111 872 1184 expressius
914 1114 1086 1170 dicam
1109 1155 1125 1179 .
1165 1131 1233 1170 an
1266 1117 1368 1172 soli
1392 1118 1538 1183 viro,
1565 1133 1633 1174 an
1674 1118 1909 1175 lmminm

311 1206 476 1262 etiam
506 1206 793 1277 imaginem
814 1247 832 1274 ,
871 1207 941 1263 de
975 1223 1082 1279 qua
1109 1207 1464 1276 disserimus,
1510 1220 1563 1266 et
1602 1210 1910 1267 similitudi-

312 1314 436 1354 nem
465 1297 722 1354 indiderit
755 1299 914 1355 Deus.
951 1299 1220 1371 Sequetur
1259 1302 1492 1372 denique
1519 1303 1720 1359 solutio
1754 1304 1910 1374 quin-

309 1399 402 1458 ta»,
433 1406 502 1446 an
524 1393 763 1464 Angelus
785 1393 950 1450 etiam
973 1393 1041 1450 ad
1067 1393 1502 1466 similitudinem,
1525 1405 1581 1454 et
1610 1399 1906 1471 imaginem

312 1483 411 1540 Dei
438 1483 612 1541 factus
631 1485 724 1542 sit.

873 1613 1118 1664 QUBSTIO
1144 1617 1303 1659 PRIIA
1313 1645 1327 1658 .

310 1736 393 1790 Αη
427 1751 486 1792 ea
510 1736 702 1808 imago,
735 1746 783 1792 et
814 1736 1133 1806 similitudo,
1161 1756 1315 1810 quam
1341 1742 1486 1798 nobis
1513 1742 1704 1798 indidit
1725 1739 1867 1798 Deus
1887 1784 1903 1812 ,

312 1831 417 1885 sint
441 1829 544 1885 duo
570 1832 807 1902 quaedam
833 1851 864 1888 a
892 1851 946 1889 se
968 1832 1188 1901 diversa,
1215 1853 1283 1890 an
1315 1852 1474 1892 unum
1505 1846 1722 1894 tantum.

382 1946 436 2000 4.
471 1947 530 2012 li,
570 1947 762 2017 quibus
795 1948 968 2018 placet
991 1951 1204 2006 unicam
1237 1961 1444 2009 tantum
1481 1957 1643 2010 modo
1673 1971 1785 2011 rem
1818 1955 1906 2012 hic

311 2038 560 2106 indicari,
594 2055 700 2096 non
725 2041 879 2108 duas,
911 2042 978 2098 ad
997 2042 1140 2101 hunc
1167 2045 1383 2102 modum
1413 2047 1708 2119 disputant.
1743 2048 1902 2104 Reci-

313 2140 524 2200 tomus,
554 2132 812 2198 obsecro,
843 2135 1024 2190 statim
1057 2137 1220 2193 verba
1243 2153 1337 2205 ea,
1371 2153 1534 2210 super
1554 2139 1748 2212 quibus
1773 2155 1906 2196 con-

309 2224 553 2280 stituitur
581 2227 828 2297 quaestio.
860 2227 1061 2286 Cenes.
1100 2248 1114 2286 ι
1143 2231 1289 2288 Deus
1323 2233 1590 2290 Adamum
1618 2244 1906 2292 creaturos

306 2316 426 2375 haec
471 2319 547 2375 ait
596 2323 686 2395 (υ.
717 2321 810 2388 26,
843 2320 956 2394 27)
990 2342 1004 2380 :
1049 2323 1326 2382 Faciamus
1359 2327 1620 2384 hominem
1650 2330 1719 2384 ad
1766 2332 1900 2385 ima-

303 2417 508 2488 ginem,
554 2427 600 2472 et
641 2420 1032 2477 similitudinem
1059 2435 1284 2480 nostram
1317 2441 1336 2480 :
1375 2436 1424 2481 et
1461 2429 1638 2498 praesit
1677 2429 1905 2498 piscibus

303 2509 534 2564 maris...
565 2508 633 2564 Et
653 2513 840 2567 creavit
861 2510 1006 2567 Deus
1027 2515 1282 2570 hominem
1313 2517 1381 2572 ad
1407 2519 1686 2591 imaginem
1707 2537 1856 2574 suam
1884 2537 1906 2577 :

305 2600 375 2654 ad
394 2601 668 2672 imaginem
692 2601 793 2658 Dei
823 2606 1013 2660 creatnt
1036 2607 1225 2662 illum:
1257 2610 1560 2679 masculum,
1581 2621 1632 2666 et
1643 2613 1904 2683 fmminam

307 2696 429 2766 fecit
453 2712 560 2750 eos.
596 2696 767 2752 Porro
787 2737 803 2762 ,
834 2713 956 2754 cum
988 2700 1104 2756 haec
1131 2704 1376 2758 narratio
1403 2706 1683 2772 recolitur,
1711 2717 1804 2763 aut
1831 2709 1906 2764 si-

271 2831 274 2834 .
305 2787 628 2844 militudinis
653 2798 886 2859 tantum,
913 2801 1004 2847 aut
1029 2794 1276 2864 imaginis
1297 2797 1502 2852 mentio
1522 2797 1602 2864 ﬁt,
1626 2813 1727 2854 nec
1753 2799 1903 2856 dein-

267 2923 276 2932 ,
309 2894 441 2950 ceps
470 2895 533 2936 ea
560 2879 886 2954 junguntur,
914 2898 1012 2939 seu
1040 2895 1376 2957 repetuntur.
1420 2887 1530 2946 Cur
1559 2890 1762 2960 porro?
1801 2892 1903 2947 nisi

263 3015 273 3023 .
306 2975 432 3044 quia
469 2989 694 3031 necesse
734 2989 839 3032 non
868 2987 984 3033 erat
1023 2994 1335 3049 expressam
1365 2982 1647 3053 utriusque
1675 2984 1907 3040 mentio-

313 3081 439 3121 nem
472 3067 612 3131 lieri,
638 3083 762 3124 cum
786 3069 946 3124 unica
969 3071 1342 3127 tantummodo
1368 3087 1457 3128 res
1482 3074 1570 3128 sit.
1602 3075 1684 3129 An
1713 3073 1784 3130 de
1810 3090 1908 3131 an-

309 3158 614 3223 tecedente.
648 3173 744 3216 seu
772 3173 1052 3232 assumpto
1078 3161 1326 3217 dubitas?
1353 3162 1486 3218 Illud
1511 3165 1693 3219 statim
1724 3176 1908 3222 osten-

2012 561 2162 618 tudo.
2215 562 2356 619 Audi
2385 606 2400 629 ,
2447 581 2576 620 num
2609 580 2732 621 vera
2760 565 3007 637 eloquar.
3057 565 3201 620 Vixit
3241 576 3412 623 autem
3447 568 3611 623 Adam

1981 656 2104 730 -(en
2129 674 2248 729 quae
2276 658 2540 715 habemus
2577 660 2630 716 in
2652 660 2874 734 Genesi)
2895 670 3096 716 centum
3122 662 3334 733 triginta
3363 664 3532 732 annis,
3563 673 3615 719 et

2011 752 2187 821 genuit
2213 751 2283 805 ad
2303 752 2582 824 imaginem
2617 761 2664 807 et
2694 754 3087 809 similitudinem
3115 770 3263 809 suam
3282 795 3298 822 ,
3323 755 3617 826 vocavitque

2013 859 2196 898 nomen
2221 847 2337 917 ejus
2364 844 2492 900 Seth
2515 844 2669 916 (Gen.
2703 861 2760 910 v,
2793 844 2871 919 5).

1985 988 1990 994 .
2084 934 2140 991 6.
2172 935 2325 1003 Quod
2368 937 2413 991 si
2445 937 2632 993 Patres
2673 937 2894 1010 adjungi
2944 939 3052 1004 vis,
3103 940 3334 996 libenter
3359 940 3613 1012 adiungi-

2014 1042 2156 1084 mus.
2189 1027 2398 1084 Praeeat
2435 1027 2765 1101 Augustinus
2805 1031 2922 1085 haec
2959 1029 3182 1087 tradens
3212 1031 3434 1102 (Quwst.
3468 1047 3520 1087 tv
3561 1032 3616 1086 in

2014 1118 2254 1190 Denter.)
2280 1138 2292 1174 :
2327 1139 2346 1175 ι
2374 1121 2511 1190 Quid
2540 1123 2750 1178 intersit
2781 1123 2924 1178 inter
2943 1123 3372 1188 similitudinem,
3401 1131 3458 1180 et
3481 1124 3617 1180 ima-

2011 1213 2212 1286 ginem,
2237 1215 2405 1285 quteri
2427 1215 2584 1272 solet.
2616 1215 2722 1272 Sed
2747 1215 2836 1271 hic
2862 1230 2966 1270 non
2991 1216 3169 1282 video,
3194 1217 3323 1288 quid
3348 1215 3616 1273 interesse

2015 1307 2270 1372 voluerit,
2307 1308 2408 1363 nisi
2440 1316 2534 1363 aut
2574 1308 2788 1365 duobus
2834 1309 2953 1366 istis
2979 1310 3258 1367 vocabulis
3287 1327 3449 1367 unam
3495 1327 3610 1368 rem

1983 1438 1990 1441 μ
2013 1398 2419 1470 signiﬁcaverit,
2453 1411 2558 1457 etc.
2595 1420 2614 1454 ι

1983 1525 1986 1528 ι
2085 1491 2228 1548 Alibi
2275 1494 2436 1549 etiam
2489 1509 2607 1550 eam
2653 1495 2943 1566 imaginem
2998 1496 3092 1552 Dei
3123 1511 3224 1567 pro
3251 1510 3317 1552 eo
3358 1506 3611 1567 usurpat,

2012 1585 2157 1657 quod
2185 1586 2342 1658 vulgo
2370 1586 2713 1643 similitudini
2741 1589 3026 1658 imputant,
3057 1597 3117 1643 ut
3133 1587 3393 1660 deinceps
3415 1587 3613 1654 dicam;

2012 1680 2129 1737 haec
2156 1681 2355 1752 quippe
2383 1682 2458 1736 ait
2489 1680 2564 1754 (in
2600 1690 2749 1736 tract.
2781 1683 2836 1736 in
2867 1698 2946 1753 ps.
2985 1697 3114 1750 un,
3143 1698 3197 1736 ιι.
3232 1680 3281 1752 ι)
3313 1698 3325 1735 :
3363 1699 3384 1734 ι
3411 1679 3615 1738 Omnes

2011 1776 2133 1832 lacti
2161 1775 2229 1831 ad
2278 1775 2567 1847 imaginem
2615 1776 2742 1842 Dei,
2795 1776 2899 1832 nisi
2949 1777 3181 1832 terrenis
3230 1775 3616 1849 cupiditatibus

1936 1864 1986 1925 B
2010 1878 2315 1935 conterant,
2345 1870 2488 1941 quod
2522 1871 2612 1925 ille
2641 1870 3013 1926 formavit.....
3043 1872 3210 1943 (num.
3239 1871 3317 1942 5).
3348 1870 3417 1926 Et
3447 1886 3615 1942 quare

2009 1963 2295 2033 imaginem
2338 1961 2568 2018 Caesaris
2596 1964 2828 2018 creatori
2874 1971 3056 2018 vestro
3105 1962 3512 2032 ostendebatis,
3559 1974 3616 2018 et

2007 2055 2126 2126 ejus
2154 2056 2440 2126 imaginem
2474 2057 2527 2110 in
2561 2057 2756 2111 vestris
2787 2055 3043 2111 cordibus
3067 2056 3365 2112 delebatis?
3401 2075 3422 2108 ι

2079 2148 2132 2201 ’1.
2165 2146 2492 2202 Severianus
2517 2161 2730 2218 quoque
2751 2147 3104 2204 Gabalitanns
3130 2147 3182 2202 in
3207 2145 3458 2203 eumdem
3483 2162 3614 2203 sen-

2007 2254 2125 2294 sum
2145 2259 2161 2296 :
2182 2258 2200 2292 ι
2212 2238 2348 2307 Quid
2372 2247 2476 2307 est,
2500 2239 2692 2310 inquit,
2715 2239 2791 2310 (a)
2819 2239 3115 2296 secundum
3130 2239 3456 2311 imaginem?
3473 2238 3617 2294 Deus

2009 2341 2093 2388 est
2121 2342 2363 2389 sanctus.
2406 2332 2482 2402 Si,
2507 2347 2608 2388 nos
2651 2333 2825 2389 saneti
2855 2348 3041 2389 sumus
3062 2375 3078 2400 ,
3105 2333 3173 2390 ad
3201 2333 3488 2404 imaginem
3522 2349 3615 2389 su-

2009 2442 2129 2482 mus
2157 2426 2271 2483 Dei.
2307 2427 2488 2484 Sancti
2521 2426 2668 2484 enim
2692 2467 2708 2494 ,
2742 2427 2950 2498 inquit,
2979 2437 3175 2494 estote,
3209 2429 3332 2499 quia
3360 2441 3463 2499 ego
3489 2441 3616 2482 san—

2007 2531 2130 2573 ctus
2151 2532 2294 2574 sum.
2323 2519 2466 2574 Deus
2494 2528 2578 2575 est
2601 2519 2800 2590 justus.
2835 2518 2895 2575 Si
2921 2519 3184 2589 justitiam
3208 2518 3610 2590 persequimur,

2009 2609 2186 2680 imago
2212 2608 2306 2664 Dei
2337 2624 2542 2665 sumus.
2584 2628 2604 2662 ι
2739 2631 2742 2634 ·
3331 2673 3343 2682 ,

2079 2701 2136 2758 8.
2158 2701 2422 2758 Similiter
2443 2702 2763 2759 Ambrosius
2792 2698 3106 2775 imaginem,
3125 2711 3184 2759 et
3205 2702 3613 2760 similitudinem

1971 2824 1974 2827 -
2015 2793 2107 2849 Dei
2136 2794 2290 2849 nobis
2320 2793 2543 2849 inditam
2573 2795 2624 2849 in
2656 2795 3162 2865 supernaturalibus
3181 2837 3197 2862 ,
3219 2811 3284 2852 ac
3309 2796 3611 2851 moralibus

2008 2885 2542 2940 virtutibuscollocat
2571 2884 2662 2960 (In
2682 2885 2777 2940 Ps.
2805 2901 2969 2941 cxvm
3000 2897 3172 2940 octon.
3200 2884 3432 2958 22),sed
3461 2887 3532 2942 ita
3556 2895 3617 2942 ut

2008 2975 2308 3032 similitudo
2325 2976 2395 3030 ab
2418 2976 2651 3047 imagine
2677 2976 2900 3031 minime
2918 2975 3155 3032 diﬂ‘erat.

2083 3071 2136 3126 9.
2161 3069 2355 3125 Petrus
2372 3069 2500 3125 item
2522 3069 2888 3142 Chrysologus
2911 3069 3107 3136 (Serm.
3144 3069 3305 3141 120):
3337 3088 3355 3123 t
3380 3068 3503 3136 Ubi,
3526 3071 3612 3125 in-

2009 3163 2155 3234 quit,
2185 3161 2505 3217 delictorum
2537 3162 2740 3216 morbis
2780 3161 2958 3232 imago
2993 3161 3106 3230 ipsa
3155 3161 3334 3216 ablata
3363 3159 3614 3216 condito-

307 3250 510 3307 dimus.
563 3251 935 3308 Similitudinis
985 3255 1357 3312 tantummodo
1397 3256 1602 3312 mentio
1647 3257 1708 3312 lit
1734 3259 1906 3314 versi-
1935 3249 1981 3314 C
2013 3257 2228 3312 ris......
2264 3255 2558 3325 Apostolus
2594 3255 2791 3308 Paulus
2833 3253 2900 3308 ad
2942 3251 3356 3308 similitudinem
3398 3265 3616 3309 revocat

312 3344 439 3401 culo
469 3359 486 3398 ι
520 3345 714 3413 capitis
741 3360 810 3410 v;
839 3347 892 3400 in
926 3361 1036 3418 quo
1063 3345 1279 3417 quidem
1312 3347 1430 3402 loco
1464 3349 1776 3404 recoluntur
1803 3365 1866 3405 ea
1888 3390 1905 3418 ,

307 3452 432 3508 qua:
466 3435 752 3494 versiculis
787 3438 858 3492 27
892 3448 950 3494 et
996 3437 1068 3494 28
1097 3453 1219 3510 cap.
1256 3454 1276 3494 ι
1303 3441 1444 3495 dicta
1475 3451 1648 3495 erant.
1691 3439 1908 3498 Scilicet

311 3531 429 3586 haec
469 3530 524 3586 in
560 3545 650 3595 eo,
679 3546 842 3602 quem
869 3532 1106 3588 diximus
1126 3574 1142 3600 ,
1191 3533 1386 3602 capitis
1421 3549 1454 3588 v
1480 3534 1748 3590 versiculo
1779 3536 1912 3605 legi-

312 3638 434 3678 mus
477 3640 494 3677 :
539 3621 640 3678 Hic
665 3634 742 3679 est
785 3625 912 3679 liber
939 3625 1282 3697 generationis
1323 3625 1513 3681 Adam.
1557 3624 1628 3679 In
1653 3627 1762 3692 die,
1809 3643 1912 3698 qua

313 3717 502 3772 creavit
527 3715 665 3772 Deus
684 3715 965 3782 hominem,
993 3717 1062 3772 ad
1085 3717 1470 3772 similitudinem
1492 3715 1586 3772 Dei
1609 3720 1726 3789 fecit
1741 3719 1914 3776 illum:

311 3813 602 3864 masculum
623 3852 638 3872 ,
669 3820 716 3865 et
737 3813 997 3883 [trutinam
1030 3813 1216 3867 creavit
1246 3828 1330 3866 eos
1352 3854 1366 3876 ,
1405 3823 1451 3867 et
1490 3813 1745 3867 benedixit
1780 3814 1910 3871 illis.

311 3903 513 3958 Contra
545 3902 744 3960 Genes.
777 3918 898 3975 cap.
929 3919 1011 3969 rx,
1038 3901 1101 3970 6,
1137 3903 1503 3960 Ecclesiastici
1531 3919 1652 3974 cap.
1682 3919 1790 3959 xvu
1810 3944 1826 3969 ,
1859 3914 1915 3961 et

312 3995 442 4051 alibi
465 3995 624 4052 etiam
649 3997 828 4069 imago
852 3999 1224 4052 tantummodo
1253 4008 1602 4054 memoratur.
1636 3999 1726 4055 Sic
1750 4013 1914 4071 porro

314 4089 479 4144 habet
506 4092 572 4156 is,
595 4105 758 4162 quem
787 4091 1017 4161 primum
1045 4091 1293 4161 allegavi,
1318 4093 1609 4161 Scriptura:
1637 4093 1808 4158 locus,
1838 4093 1918 4148 vi-

316 4179 514 4236 delicet
543 4182 840 4238 versiculus
866 4191 1052 4237 sextus
1078 4184 1270 4252 capitis
1301 4199 1350 4238 ιι
1373 4182 1600 4240 Genesis
1625 4202 1638 4237 :
1667 4185 1915 4252 Quicum-

312 4289 414 4342 que
433 4271 671 4340 e/Tuderit
696 4275 975 4328 humanum
1000 4277 1321 4347 sanguinem,
1349 4275 1594 4345 fundetur
1617 4277 1825 4350 sanguis
1851 4276 1918 4331 il-

316 4365 418 4419 lius
445 4381 464 4420 :
489 4366 557 4420 ad
577 4367 851 4438 imaginem
877 4369 1070 4439 quippe
1101 4367 1194 4423 Dei
1223 4368 1390 4432 [actus
1417 4376 1492 4422 est
1509 4367 1679 4422 homo.
1716 4367 1798 4424 En
1823 4384 1918 4425 au-

317 4468 426 4514 tem
451 4475 512 4514 ea
534 4501 550 4527 ,
584 4477 704 4531 quae
733 4462 878 4528 dixi,
913 4461 1279 4517 Ecclesiastici
1314 4466 1478 4517 verba
1514 4462 1654 4533 (cap.
1677 4479 1825 4530 xvlt,
1861 4465 1914 4531 1,

283 4551 390 4623 .2)
429 4571 441 4604 :
493 4551 631 4607 Deus
666 4555 853 4608 creavit
926 4554 990 4608 de
1031 4564 1165 4607 terra
1199 4552 1486 4619 hominem,
1526 4561 1574 4606 et
1627 4555 1907 4609 secundum

2012 3347 2238 3414 Christi,
2261 3356 2320 3401 et
2341 3355 2508 3400 totam
2538 3343 2812 3419 (formam)
2843 3343 3050 3400 reducit
3076 3344 3144 3399 ad
3170 3345 3458 3414 imaginem
3487 3359 3618 3402 con-

2014 3439 2207 3494 dltoris
2227 3457 2239 3492 :
2263 3456 2284 3490 ι
2318 3438 2480 3509 idque
2501 3436 2693 3508 probat
2709 3452 2778 3491 ex
2799 3435 3062 3505 Apostolo
3079 3437 3297 3490 dicente
3313 3434 3493 3507 (Rom.
3518 3451 3618 3504 xu,

2021 3531 2080 3606 2)
2104 3551 2117 3586 :
2152 3531 2335 3587 Nolite
2367 3529 2684 3600 conﬁgurari
2713 3528 2831 3582 huic
2853 3529 3064 3593 swculo,
3093 3539 3200 3584 etc.
3227 3527 3380 3583 Alios
3399 3529 3444 3583 si
3461 3539 3616 3598 optas

2015 3628 2258 3699 ejusdem
2303 3626 2590 3681 sententiae
2619 3623 2846 3688 Patres,
2881 3637 2978 3678 eos
3021 3621 3119 3677 tibi
3157 3622 3418 3693 praebebit
3461 3622 3614 3678 Peta-

2015 3722 2136 3777 vius
2163 3720 2278 3793 (De
2302 3717 2448 3789 Opif.
2479 3733 2551 3784 ιι,
2579 3715 2644 3782 2,
2695 3715 2786 3779 10,
2846 3714 2950 3784 15)
2992 3729 3022 3769 a
3057 3728 3166 3785 quo
3207 3729 3340 3769 sane
3382 3711 3621 3784 Cyrillus

2017 3812 2423 3870 Alexandrinus
2478 3810 2531 3864 in
2588 3807 2836 3864 eamdem
2878 3805 3203 3862 sententiam
3247 3805 3472 3862 affertur
3517 3805 3615 3878 (b).

2017 3907 2253 3964 Joannes
2285 3906 2413 3960 item
2442 3902 2797 3972 Philoponus,
2819 3907 2875 3956 et
2889 3899 3148 3969 Origenes
3169 3896 3274 3971 (De
3301 3898 3510 3968 opiﬁcio
3531 3914 3622 3953 sea:

2019 4000 2218 4054 dierum
2248 3998 2336 4052 lib.
2370 4012 2430 4062 ιι,
2459 4011 2582 4065 cap.
2611 3993 2670 4059 2,
2698 4009 2752 4047 ιι.
2791 3990 2906 4062 15).
2935 3989 3145 4059 Quibus
3174 3990 3366 4061 positis
3399 3989 3622 4045 conclu-

2019 4092 2119 4159 dit,
2156 4109 2177 4144 ι
2200 4089 2531 4161 probabilius
2557 4101 2682 4143 esse
2708 4085 2912 4140 Mosem
2944 4085 3104 4140 ambo
3134 4085 3235 4139 ista
3273 4084 3489 4139 nomina
3521 4098 3620 4153 pro

2021 4198 2130 4239 uno
2169 4183 2472 4253 eodemque
2500 4180 2821 4252 sumpsisse,
2862 4187 3024 4248 atque
3068 4179 3124 4231 ix
3165 4177 3530 4250 παραλλήλου,
3563 4185 3622 4230 ιιι

2021 4277 2293 4350 posterior
2321 4276 2518 4347 prioris
2539 4274 2610 4329 sit
2632 4273 2942 4345 explicatio.
2981 4291 3002 4325 ι

2095 4368 2182 4424 10.
2211 4367 2508 4423 Prteiverat
2558 4365 2750 4420 horum
2804 4363 3010 4419 monita
3059 4362 3214 4419 Philo
3258 4361 3376 4433 (De
3400 4361 3622 4432 Opiﬁc.,

2021 4480 2077 4530 p.
2112 4462 2199 4527 14,
2228 4461 2352 4515 edit.
2380 4458 2625 4530 Lugdun.
2668 4473 2792 4512 ann.
2823 4455 2988 4525 1561)
3034 4473 3050 4512 :
3101 4453 3300 4527 quippe
3329 4454 3444 4511 haec
3490 4456 3568 4510 ait
3606 4472 3620 4509 :

1988 4575 1994 4588 ι
2028 4573 2048 4608 ι
2068 4553 2178 4611 Sed
2206 4552 2460 4624 quoniam
2485 4565 2590 4605 non
2613 4549 2817 4620 qumvis
2844 4548 3021 4620 imago
3049 4547 3216 4604 refert
3234 4547 3514 4617 exemplar
3533 4561 3624 4602 ar-

315 4647 591 4715 imaginem
613 4664 758 4701 suout
789 4647 910 4720 fecit
935 4647 1102 4702 illum.
1136 4646 1202 4700 Et
1223 4648 1406 4700 iterum
1427 4648 1668 4700 convertit
1689 4647 1838 4701 illum
1859 4649 1913 4702 in
1936 4643 1992 4705 D
2017 4647 2329 4718 chetypum.
2357 4653 2588 4713 suntque
2605 4641 2786 4696 multa:
2808 4641 3135 4707 dissimiles;
3162 4651 3282 4710 post
3298 4638 3415 4695 haec
3435 4639 3623 4707 verba,

315 4739 515 4809 ipsam,
549 4751 596 4793 et
625 4741 904 4794 secundum
936 4757 990 4793 se
1025 4740 1219 4794 vestivit
1243 4738 1390 4794 illum
1417 4738 1621 4792 virtute.
1651 4739 1917 4796 Similiter
2013 4742 2169 4814 juxta
2189 4738 2481 4810 imaginem,
2516 4735 2755 4791 additum
2776 4742 2860 4790 est
2880 4733 3290 4804 signiﬁcantius,
3312 4743 3362 4788 et
3383 4732 3628 4787 similitu-

319 4833 482 4901 epist.
515 4846 532 4885 ι
553 4831 624 4910 ad
653 4829 965 4889 Corinthios
1000 4837 1142 4904 (cap.
1171 4848 1261 4900 χι,
1305 4830 1361 4902 7)
1393 4849 1406 4886 :
1449 4829 1541 4885 Vir
1577 4833 1784 4903 quidem
1812 4850 1918 4889 non
2023 4835 2190 4889 dinem
2223 4843 2318 4895 ,ιιι
2347 4831 2676 4900 intelligatur
2713 4836 2962 4884 exactum
3001 4825 3237 4899 sigillum
3266 4827 3497 4883 formam
3534 4823 3632 4879 ha-

320 4926 466 4979 debet
499 4926 664 4981 velare
709 4938 863 4999 caput
911 4945 1084 4994 suum,
1133 4929 1378 4997 quoniam
1424 4931 1618 5003 imago,
1664 4939 1712 4984 et
1752 4929 1919 4999 gloria

320 5016 422 5071 Dei
447 5029 538 5074 est.
570 5007 776 5075 Rursus
803 5021 856 5076 in
886 5022 1059 5094 Epist.
1093 5023 1159 5077 ad
1191 5022 1404 5077 Coloss.
1437 5038 1559 5093 cap.
1591 5038 1648 5078 ιιι
1676 5023 1750 5094 (υ.
1784 5022 1876 5094 10)
1903 5040 1917 5077 :
2003 5051 2006 5054 -

321 5120 370 5162 et
401 5110 669 5165 induentes
706 5129 895 5168 novum
924 5130 1060 5181 eum,
1097 5114 1185 5187 qui
1211 5125 1485 5169 renouatur
1504 5116 1557 5169 in
1583 5115 1918 5186 agnitionem,

323 5203 607 5258 secundum
628 5205 903 5277 imaginem
930 5206 1066 5277 eius,
1093 5205 1180 5275 qui
1203 5207 1392 5260 creavit
1416 5205 1586 5260 illum.

395 5298 450 5350 5.
476 5296 658 5363 Quid?
684 5302 826 5368 quod
854 5299 1269 5368 expressissime
1297 5299 1350 5353 in
1384 5298 1678 5367 Scripturis
1710 5299 1924 5356 tametsi

327 5387 524 5461 imago,
557 5402 612 5446 ct
651 5391 947 5447 similitudo
983 5392 1296 5463 iungantur,
1329 5407 1436 5447 non
1468 5391 1612 5448 aliud
1651 5401 1832 5450 tamen
1858 5394 1927 5451 iis

2023 4927 2159 4983 hens
2189 4923 2674 4996 evidentissimam.
2707 4940 2727 4974 ι

2100 5021 2188 5074 11.
2211 5016 2411 5074 Contra
2436 5016 2680 5072 sentiunt
2699 5015 2814 5079 alii,
2843 5023 3177 5084 monentque
3200 5013 3302 5069 hoc
3322 5013 3463 5068 inter
3481 5027 3627 5080 eam,

2029 5111 2098 5167 de
2123 5125 2225 5181 qua
2252 5109 2488 5180 agimus,
2511 5106 2824 5177 imaginem,
2848 5115 2904 5161 et
2932 5104 3338 5160 similitudinem
3368 5119 3633 5177 apparere

2030 5201 2320 5261 discrimen
2349 5215 2365 5252 :
2390 5200 2476 5255 vel
2497 5198 2640 5269 quod
2667 5197 3062 5267 expressiorem
3107 5207 3270 5268 atque
3301 5197 3633 5254 exactiorem

2010 5294 2438 5354 .similitudinem
2455 5301 2716 5362 exposcat
2738 5291 2938 5362 imago,
2969 5291 3021 5347 id
3067 5292 3330 5348 innuente
3371 5292 3633 5361 Augusti-

2033 5405 2104 5447 no
2117 5388 2214 5463 (c),
2230 5384 2707 5457 etexpressissime
2722 5383 2968 5440 tradente
2982 5383 3314 5456 Hieronymo
3325 5387 3504 5440 Areno
3517 5381 3635 5454 (d):

293 5555 298 5560 ’
404 5559 483 5632 (9)
512 5557 661 5632 Orat.
690 5576 723 5611 v
745 5559 812 5615 de
838 5557 1016 5632 Mundi
1046 5559 1297 5632 Opillcio
1325 5561 1464 5632 u._4.
1498 5574 1622 5632 pag.
1657 5559 1765 5616 284
1795 5561 1928 5617 tomi
2037 5568 2140 5632 tem
2163 5557 2207 5612 si
2225 5557 2289 5632 ﬁt
2309 5552 2615 5618 similitudo,
2639 5554 2884 5609 continuo
2905 5552 2965 5623 ﬁt
2989 5561 3037 5607 et
3064 5553 3255 5624 imago,
3285 5558 3418 5616 etc.,
3439 5557 3635 5620 quaest.

330 5645 384 5686 vt
604 5629 889 5709 Chrysost.
929 5627 1180 5709 editionis
1219 5627 1622 5709 Montl'auconi'i.
1782 5701 1815 5709 _
2040 5645 2093 5687 tv
2122 5631 2187 5709 in.
2219 5627 2517 5709 petiterpn.
2649 5696 2683 5709 η
3156 5692 3172 5709 _
3251 5708 3256 5709 γ
3364 5691 3401 5709 ν

404 5692 481 5776 (ὸ)
513 5703 591 5757 Ex
626 5692 928 5779 lib_.'contra
965 5701 1570 5772 Anthropomorphitas,
1603 5711 1658 5759 et
1678 5717 1746 5759 ex
1774 5701 1934 5760 Cate-
2113 5696 2274 5779 (dun
2318 5698 2384 5779 ii_s
2414 5696 2770 5779 Sermonibus
2793 5710 3001 5779 ,"quos
3031 5692 3268 5777 nondum
3289 5692 3493 5779 ‘editos
3529 5705 3634 5779 _ex_-

333 5762 823 5846 nafmaguscripta.
975 5845 981 5846 ί
1180 5762 1196 5772 ’
1241 5844 1249 5846 ᾗ
1450 5845 1457 5846 ί
1557 5762 1568 5770 ’
1680 5844 1720 5846 ἡ
2042 5762 2210 5827 scribi
2230 5769 2371 5846 iussi
2394 5777 2702 5846 exvetusto
2729 5762 3090 5846 codicé:h_aec
3111 5765 3254 5846 enim
3273 5762 3509 5846 docetin
3525 5777 3642 5846 ser:-

305 5854 310 5862 '
405 5844 476 5914 (ε)
509 5842 610 5898 Ubi
627 5835 816 5915 imago,
847 5845 1088 5900 continuo
1132 5854 1181 5898 et
1205 5842 1491 5899 similitudo
1538 5855 1629 5900 est.
1672 5844 1791 5900 Non
1834 5861 1934 5900 au-
2001 5902 2014 5910 ,
2042 5856 2207 5898 mone
2231 5835 2307 5894 'in
2338 5839 2674 5896 Dominican.
2727 5854 2801 5894 xx
2842 5848 2964 5909 post
2993 5838 3389 5895 Pente'eostem.
3429 5835 3645 5894 (Sacra
