4224 6262
652 340 748 398 851

1332 336 1402 394 ΙΝ
1441 338 1702 398 HILARII
1740 336 1961 396 EPIST.
2005 336 2138 394 εει]
2176 335 2252 393 LI?

2360 337 2401 391 ’..
2446 333 2899 392 [)ISSERTATIO
2933 333 3268 392 SECUNDA.

3851 339 3960 396 852

652 461 738 518 vel
791 459 933 530 quod
1005 459 1180 528 imago
1226 472 1422 528 corpus
1486 470 1724 532 spectet,
1775 459 2072 515 similitudo
2125 458 2245 513 anl-
2276 461 2323 522 Α
2351 458 2680 513 credendum
2707 467 2822 526 est,
2854 459 3139 529 imaginem
3172 459 3224 512 in
3269 455 3490 512 homine
3535 457 3786 526 reperiri,
3818 461 3955 514 utin

652 567 818 620 mam,
873 558 933 608 ut
980 551 1236 619 opinatur
1279 549 1518 608 lrenaaus
1575 555 1729 626 (Lib.
1768 570 1836 619 v,
1868 570 1983 624 cap.
2017 552 2083 623 6)
2123 551 2252 608 :vel

650 646 793 718 quod
823 643 1250 703 naturaliadona
1275 643 1483 702 Adamn
1511 648 1710 702 collata
1732 647 1912 718 imago
1934 645 2153 711 indicet,
2176 644 2253 700 si-

649 735 900 796 militudo
924 751 1054 796 vero
1084 738 1537 806 supernaturalia.
1566 739 1702 796 Hinc
1734 740 2046 810 imaginem,
2077 738 2124 792 si
2151 738 2252 800 hos

649 829 921 894 audimus,
953 829 1176 884 retinuit
1208 829 1448 885 admisso
1476 840 1734 901 peccato;
1759 840 1816 886 at
1841 829 2250 886 similitudinem

648 921 889 982 Adamns
910 921 1111 978 amisit.
1128 921 1198 978 Ut
1225 922 1278 978 in
1297 923 1572 980 veteribus
1597 923 1846 980 Patribus
1870 923 2249 990 consistamus,

646 1014 1130 1085 Chrysoatomum,
1161 1015 1514 1071 Severianum
1553 1017 1954 1082 Gabalitanum,
1983 1014 2252 1086 Cyrillum

650 1108 1122 1175 Alexandrinum,
1171 1108 1530 1180 Augustinum
1594 1111 1832 1181 denique
1896 1111 2033 1165 libro
2083 1125 2135 1165 vt
2183 1109 2253 1166 de

655 1202 793 1259 Gen.
847 1202 917 1258 ad
979 1202 1213 1260 litteram
1271 1217 1394 1273 cap.
1451 1204 1522 1258 I7
1574 1204 1770 1275 allegat
1810 1201 2084 1258 Calmetus
2131 1200 2253 1274 (In

655 1297 826 1352 locum
877 1297 1013 1351 hunc
1068 1296 1320 1352 Geneseos
1344 1296 1388 1368 ).
1438 1297 1656 1354 Addere
1705 1305 1918 1368 poterat
1955 1305 2066 1350 tum
2115 1295 2252 1352 alios

653 1389 877 1454 multos,
928 1396 1038 1442 tum
1091 1397 1240 1444 certe
1288 1389 1616 1460 Origenem,
1664 1398 1721 1446 et
1772 1389 2106 1459 Seriptorem
2152 1402 2253 1444 no-

654 1490 849 1547 strum,
882 1497 1021 1553 quos
1051 1481 1308 1552 deinceps
1328 1461 1692 1548 adducemus;
1725 1481 2012 1536 Paulinum
2037 1495 2254 1552 quoque

653 1575 941 1641 Nolanum,
972 1573 1300 1647 Nyssenum,
1335 1574 1626 1634 Maximum
1660 1575 1980 1646 Martyrem,
2007 1574 2254 1640 aliosque

654 1685 762 1724 non
793 1684 1014 1740 paucos,
1044 1685 1180 1740 quos
1209 1681 1492 1739 recenset,
1515 1686 1706 1727 eorum
1739 1669 1856 1724 loca
1885 1669 2126 1739 allegans
2155 1670 2254 1724 Pe-

649 1764 821 1820 tavius
848 1761 968 1833 (De
1004 1761 1178 1834 0,111.,
1207 1763 1294 1818 lib.
1329 1779 1387 1829 tt,
1415 1781 1529 1833 cap.
1562 1763 1618 1828 2,
1650 1781 1705 1816 η.
1734 1763 1846 1832 15).
1879 1761 1936 1817 In
1976 1761 2164 1828 primis
2202 1759 2253 1816 id

2356 558 2468 606 toto
2517 551 2790 615 maxime,
2853 565 2955 605 nec
2999 549 3318 619 simpliciter
3370 548 3624 604 resideat.
3681 547 3956 606 Caeterum

2355 644 2572 698 ubinam
2601 643 2691 698 illa
2739 644 2973 698 maxime
3001 642 3110 710 sit,
3153 652 3210 698 et
3233 657 3338 713 qua
3378 651 3534 712 parte
3570 643 3915 712 compleatur
3939 685 3956 709 ,

2353 737 2496 807 quod
2521 736 2721 791 dictum
2749 746 2861 802 est,
2889 736 2960 790 ad
2995 736 3272 808 imaginem
3299 777 3314 801 ,
3349 734 3491 790 Deus
3521 736 3693 802 novit,
3726 736 3818 806 qui
3844 736 3960 790 sin-

2354 829 2522 900 gulari
2554 829 2657 885 hoc
2691 829 2942 900 imaginis
2990 843 3102 883 suae
3159 827 3425 884 beneficio
3456 828 3735 883 hominum
3785 843 3960 901 genus

2354 921 2571 980 allicere
2602 922 2792 976 voluit.
2823 941 2843 974 ι

2429 1016 2516 1072 15.
2551 1013 2837 1085 Epiphanii
2863 1012 3050 1084 opinio
3082 1012 3270 1084 paucis
3298 1011 3536 1084 placuit,
3566 1013 3801 1084 ideoque
3825 1013 3958 1068 dili-

2355 1107 2569 1177 gentius
2605 1106 2977 1177 exquisierunt
3007 1147 3023 1172 ,
3075 1107 3126 1159 in
3183 1119 3296 1174 quo
3337 1106 3638 1160 consultius
3682 1105 3960 1161 videretur

2354 1201 2641 1272 imaginem
2673 1215 2814 1268 eam,
2846 1208 2903 1255 et
2927 1198 3338 1254 similitudinem
3378 1201 3668 1256 collocare.
3709 1199 3766 1255 in
3795 1215 3961 1270 supe-

2356 1293 2501 1348 riore
2530 1293 2826 1362 quaestione
2852 1291 3108 1358 diximus,
3143 1291 3437 1348 nonnullos
3476 1291 3667 1348 Patres
3703 1293 3956 1350 eamdem

2357 1384 2644 1455 imaginem
2673 1385 2725 1438 in
2754 1383 2912 1438 donis
2934 1383 3270 1439 naturalibus
3311 1383 3469 1438 nobis
3499 1383 3718 1439 tributis
3755 1385 3960 1441 consti-

2358 1477 2525 1531 tuisse
2546 1518 2560 1542 ,
2590 1475 2998 1531 similitudinem
3037 1489 3167 1530 vero
3197 1475 3249 1529 in
3291 1475 3812 1545 supernaturallbue.
3863 1477 3959 1532 His

2357 1566 2634 1638 adjungite
2655 1583 2760 1622 non
2786 1568 2946 1622 modo
2969 1582 3118 1632 eum,
3139 1581 3301 1638 quem
3326 1566 3683 1633 illustramus,
3710 1567 3958 1638 Scripto-

2357 1677 2513 1727 rem;
2545 1663 2742 1717 etenim
2780 1661 3065 1716 manifesto
3096 1660 3146 1716 id
3189 1661 3352 1718 tradit
3388 1660 3442 1715 in
3475 1660 3540 1716 iis
3563 1702 3577 1725 ,
3610 1677 3731 1733 qua:
3757 1662 3962 1718 disser-

2359 1755 2548 1810 tationi
2581 1756 2705 1811 huic
2727 1756 3032 1826 praeposui,
3076 1756 3287 1810 verbis:
3320 1775 3338 1806 ι
3376 1755 3658 1812 ConceSsit
3679 1757 3870 1823 etiam,
3907 1767 3962 1814 ut

652 1857 1028 1928 copiosissime
1048 1858 1364 1926 exsequitur
1393 1865 1584 1912 auctor
1607 1856 1728 1912 libri
1748 1856 1810 1909 de
1828 1853 2107 1920 Spiritu,“
2127 1852 2254 1908 Ani-
2285 1872 2332 1932 Β
2360 1846 2523 1902 homo
2555 1848 2644 1902 Dei
2678 1847 2962 1919 imaginem
2999 1859 3238 1919 portaret
3267 1849 3322 1903 in
3355 1850 3537 1913 terris,
3567 1849 3793 1905 daturus
3838 1861 3963 1920 post

651 1966 735 2006 ma
761 1947 856 2019 (α),
886 1948 980 2018 qui
998 1957 1176 2003 exstat
1197 1949 1340 2002 inter
1365 1963 1530 2018 opera
1554 1945 1861 2017 Augustini.
1885 1945 1997 2001 Nec
2025 1954 2252 2015 praeter-

654 2057 746 2097 eas
795 2042 921 2097 volo
950 2041 1334 2109 Alchuvinum,
1358 2042 1450 2112 qui
1479 2041 1779 2096 luculenter
1806 2044 1922 2110 ipse
1946 2054 2160 2110 quoque
2188 2053 2255 2094 ea

655 2135 727 2190 de
746 2149 808 2190 re
832 2133 943 2205 agit
965 2132 1066 2204 (b).

1107 2266 1432 2336 ΩΠᾸΞΞΤΙΟ
1473 2263 1810 2323 SECUNDA.

770 2383 836 2444 In
862 2399 963 2455 quo
991 2384 1159 2456 posita
1186 2385 1252 2438 sit
1280 2384 1412 2450 hwc,
1442 2383 1507 2438 de
1534 2399 1637 2452 qua
1673 2381 1878 2454 agimus
1895 2421 1909 2448 ,
1941 2380 2109 2452 imago
2133 2420 2148 2446 ,

1269 2486 1316 2530 et
1347 2473 1656 2532 similitudo.

730 2586 818 2642 η.
857 2587 1031 2659 Quam
1081 2595 1289 2643 vetusta
1343 2587 1414 2642 sit
1467 2587 1696 2657 quaestio
1745 2585 1898 2653 hinc,
1954 2585 2265 2657 pariterque

659 2697 817 2753 quam
847 2662 1087 2746 dilﬁcdis
1116 2681 1188 2744 sit
1217 2682 1283 2740 ad
1319 2682 1672 2751 solvendum,
1705 2696 1773 2740 ex
1801 2682 1868 2738 iis
1890 2725 1906 2748 ,
1941 2695 2063 2752 quae
2106 2680 2267 2738 tradit

662 2775 1019 2846 Epiphanius,
1069 2775 1228 2834 facile
1281 2777 1642 2846 assequimur.
1696 2775 1918 2833 Scilicet
1960 2783 2069 2830 tam
2107 2773 2159 2831 in
2204 2773 2269 2830 li-

664 2868 785 2935 bre,
825 2867 879 2924 in
932 2881 1039 2941 quo
1087 2867 1349 2925 adversus
1390 2867 1628 2924 lia-resse
1675 2867 1914 2937 disputat
1948 2865 2048 2938 (c),
2106 2880 2267 2936 quam

659 2961 714 3014 in
771 2961 1045 3015 Ancorato
1099 2975 1164 3015 ea
1211 2960 1279 3016 de
1331 2975 1390 3015 re
1431 2962 1564 3029 agit,
1603 2971 1657 3014 et
1703 2958 1992 3016 doctorum
2046 2969 2267 3014 sentcn—

665 3053 766 3107 tias
802 3067 864 3109 ea
904 3068 1072 3126 super
1097 3053 1469 3108 controversia
1505 3054 1818 3108 summatim
1849 3051 2103 3120 exponit,
2137 3049 2268 3107 illud

663 3144 1013 3212 concludens,
1039 3163 1060 3197 ι
1082 3159 1186 3199 non
1215 3159 1338 3200 esse
1361 3144 1473 3199 ullo
1494 3143 2057 3212 mododcﬁniendum,
2079 3154 2169 3198 aut
2187 3142 2271 3198 af-

2357 1954 2421 1996 ea
2451 1939 2882 2005 similitudinem.
2916 1943 2960 1996 si
2991 1940 3170 2012 imago
3198 1949 3510 1997 servaretur
3547 1941 3736 2010 illaesa,
3762 1963 3781 1994 ι
3808 1953 3917 1998 etc.
3944 1961 3959 2008 ;

2361 2051 2552 2092 vermn
2579 2036 2742 2090 etiam
2784 2034 3072 2105 Origenem
3099 2077 3113 2101 ,
3146 2049 3305 2104 quem
3350 2035 3509 2106 plane
3546 2036 3700 2106 sequi
3749 2037 3966 2092 videtur

2360 2130 2595 2199 scriptor
2623 2136 2843 2195 noster;
2870 2131 3068 2198 quippe
3093 2126 3211 2183 hmc
3247 2128 3546 2184 litterarum
3593 2131 3966 2184 monumentis

2362 2221 2583 2278 tradidit
2609 2221 2695 2293 (ά)
2725 2239 2738 2277 :
2774 2241 2794 2276 ι
2832 2222 2946 2276 Hoc
2977 2235 3210 2291 namque
3229 2221 3430 2278 indicat
3453 2223 3664 2294 Moyses
3687 2232 3814 2279 ante
3838 2239 3966 2279 om-

2362 2329 2462 2370 nes
2490 2355 2505 2378 ,
2531 2328 2656 2370 cum
2687 2314 2918 2384 primam
2945 2313 3311 2370 conditionem
3356 2314 3592 2370 hominis
3619 2324 3838 2372 enarrat
3885 2316 3968 2372 die

2363 2417 2524 2462 cens:
2545 2414 2594 2460 et
2632 2403 2768 2460 dixit
2796 2402 2971 2460 Deus:
2999 2403 3282 2460 Faciamus
3306 2405 3560 2460 hominem
3577 2407 3647 2460 ad
3665 2406 3967 2477 imaginem,

2365 2507 2414 2553 et
2443 2498 2837 2556 similitudinem
2883 2509 3132 2555 nostrain.
3165 2498 3318 2554 Tunc
3357 2499 3554 2555 deinde
3582 2500 3765 2554 addit:
3795 2497 3867 2554 Et
3898 2504 3972 2572 fe-

2364 2591 2436 2647 cit
2461 2588 2604 2646 Deus
2631 2591 2910 2654 hominem,
2940 2592 3010 2644 ad
3042 2590 3135 2645 Dei
3165 2591 3443 2662 imagitmn
3470 2593 3588 2664 ferit
3614 2592 3767 2646 illum
3793 2633 3809 2657 ,
3830 2609 3971 2648 mas-

2365 2679 2544 2738 culum
2564 2689 2612 2734 et
2641 2681 2901 2751 [marinam
2922 2681 3041 2753 fecit
3071 2696 3178 2744 eos,
3204 2691 3252 2736 et
3277 2681 3532 2738 benedixit
3549 2696 3656 2736 eos.
3690 2681 3806 2738 Hoc
3839 2696 3972 2752 ergo

2367 2775 2514 2846 quod
2537 2775 2674 2832 dixit
2693 2815 2710 2841 ,
2733 2775 3098 2848 adiungimus
3131 2773 3225 2830 Dei
3258 2776 3382 2846 fecit
3415 2791 3529 2830 eum
3556 2817 3572 2842 ,
3602 2785 3655 2832 et
3682 2775 3754 2832 de
3780 2775 3973 2832 simili-

2369 2867 2556 2924 tudine
2584 2866 2754 2931 siluit,
2779 2881 2890 2924 nou
2917 2865 3068 2921 alid
3118 2864 3319 2926 indicat
3346 2907 3368 2931 ,
3395 2865 3504 2921 nisi
3527 2865 3676 2937 quod
3718 2867 3974 2938 imaginis

2369 2962 2586 3030 quidem
2617 2960 2936 3032 dignitatem
2965 2959 3225 3030 inprima
3249 2959 3564 3016 conditione
3591 2961 3868 3032 percepit,
3901 2963 3975 3017 si-

2370 3054 2690 3112 militudinis
2717 3068 2847 3109 vero
2875 3052 3135 3122 perfectio
3163 3053 3214 3108 in
3253 3053 3722 3110 consummatione
3755 3063 3973 3110 servata

2370 3155 2455 3201 est
2478 3164 2490 3199 :
2515 3145 2724 3201 scilicet
2753 3154 2814 3200 ut
2842 3145 2956 3215 ipse
2987 3145 3093 3200 sibi
3114 3159 3235 3200 eam
3266 3146 3501 3215 propria:
3539 3147 3827 3201 industriae
3861 3160 3976 3201 stu-

660 3234 984 3291 lirmandum
1015 3277 1030 3300 ,
1059 3251 1293 3305 qunam
1325 3236 1376 3290 in
1419 3242 1572 3305 parte
1604 3236 1780 3306 imago
1828 3236 1918 3293 illa
1967 3237 2264 3294 consistat:
2293 3257 2338 3320 ρ
2372 3237 2476 3294 diis
2503 3253 2572 3293 ex
2613 3237 2707 3292 Dei
2748 3238 3048 3294 imitatione
3083 3235 3454 3292 conscisceret
3479 3278 3493 3302 ,
3523 3252 3646 3292 cum
3697 3239 3973 3306 possibili-

660 3325 756 3382 sed
786 3335 965 3383 tamen
999 3327 1273 3382 latendum
1303 3341 1423 3383 esse
1447 3327 1628 3383 inesse
1655 3327 1707 3383 in
1746 3327 1997 3395 homine,
2027 3343 2095 3384 ne
2121 3330 2262 3384 divi-

663 3435 790 3474 num
825 3417 1142 3474 beneficium
1176 3418 1425 3476 tollamus
1453 3435 1485 3473 e
1516 3418 1718 3485 medio,
1747 3434 1810 3475 ac
1832 3419 1926 3476 Dei
1955 3421 2260 3476 auctoritati

656 3509 961 3566 dil'lidannus
1008 3509 1237 3580 (Haeres.
1263 3511 1332 3565 70
1357 3528 1410 3565 tt.
1464 3508 1580 3582 2).r
1616 3511 1753 3570 Hinc
1782 3551 1798 3576 ,
1830 3525 1896 3566 eo
1919 3511 2120 3581 judice,
2152 3512 2262 3572 Atl-

656 3603 801 3660 diani
825 3619 968 3669 eam,
1001 3605 1070 3660 de
1093 3619 1196 3675 qua
1227 3605 1470 3675 agimus,
1496 3605 1782 3676 imaginem
1809 3607 1864 3661 in
1891 3621 2122 3677 corpore
2149 3611 2261 3664 col-

657 3694 934 3757 iocantes.
975 3711 1138 3751 tcum
1167 3695 1222 3751 iu
1245 3697 1348 3752 hac
1393 3705 1543 3766 parte
1588 3697 1814 3767 majore,
1846 3713 2008 3766 quam
2041 3714 2136 3766 par
2165 3701 2257 3767 sit,

655 3788 1019 3846 contentionis
1048 3787 1230 3849 studio
1257 3787 1524 3848 ducantur
1543 3830 1559 3854 ,
1587 3789 1654 3846 ab
1683 3789 2065 3849 Ecclesiastica
2095 3792 2263 3853 tradi-

661 3883 808 3938 tione
835 3895 900 3938 ac
938 3880 1184 3938 doctrina
1231 3880 1510 3939 recedunt.
1536 3881 1670 3950 Quae
1697 3899 1820 3942 cum
1853 3899 2045 3942 omnes
2087 3884 2264 3944 homi-

665 3986 764 4028 nes
784 4013 800 4038 ,
829 3972 923 4028 Dei
953 3972 1021 4026 ad
1049 3973 1334 4043 imaginem
1378 3985 1592 4033 creatos
1612 3989 1734 4033 esse
1764 3975 2024 4040 fateatur,
2058 3977 2261 4038 nullam

658 4076 837 4122 tamen
889 4075 1094 4136 partem
1141 4066 1370 4132 definit,
1403 4066 1455 4122 in
1485 4082 1589 4137 qua
1635 4067 1959 4126 istiusmodi
2011 4068 2262 4140 imaginis

655 4157 796 4218 ratio
811 4157 1126 4222 collocanda
1143 4157 1406 4216 videatur.
1425 4177 1446 4212 ›
1465 4158 1660 4229 Rejicit
1675 4159 1874 4218 deinde
1889 4175 2004 4228 eos,
2031 4178 2050 4212 ε
2062 4161 2257 4231 quibus

654 4250 853 4318 placet,
901 4263 1000 4306 nec
1022 4250 1074 4304 in
1096 4249 1296 4316 anima,
1317 4265 1421 4308 nec
1441 4251 1494 4308 in
1515 4265 1744 4320 corpore
1763 4251 1920 4312 sitam
1945 4252 2256 4322 imaginem,

653 4347 752 4403 sed
780 4346 895 4404 sola
911 4347 1110 4418 virtute
1135 4346 1472 4405 contineriu
1503 4361 1846 4418 easquoque,
1867 4365 1887 4400 ι
1911 4347 2001 4418 qui
2020 4363 2128 4408 non
2144 4349 2257 4402 vir-

655 4448 848 4508 tutem,
879 4440 973 4497 aed
996 4440 1321 4511 baptismum
1350 4481 1366 4508 ,
1392 4449 1447 4498 et
1486 4456 1606 4512 quae
1653 4440 1705 4497 in
1735 4455 1798 4498 ea
1825 4439 2101 4498 confertur
2129 4455 2256 4512 gra-

649 4535 782 4592 tiam
810 4549 934 4593 esse
959 4533 1170 4592 aiunt.»
1209 4534 1274 4589 Et
1298 4533 1416 4589 hac
1441 4531 1662 4590 demum
1690 4533 1907 4591 statuit:
1942 4551 1962 4586 ς
1984 4531 2061 4588 ita
2089 4546 2256 4602 porro

2373 3341 2481 3385 tate
2506 3331 2606 3386 sibi
2641 3329 2989 3400 perfectionis
3017 3330 3072 3385 in
3113 3331 3279 3386 initiis
3325 3330 3449 3386 data
3482 3345 3580 3401 per
3605 3331 3859 3402 imaginis
3887 3333 3971 3387 dio

2368 3424 2624 3494 gnitatem
2656 3465 2670 3488 ,
2704 3424 2758 3478 in
2787 3423 2892 3479 line
2935 3423 3152 3478 demum
3209 3439 3306 3492 per
3333 3438 3560 3492 operum
3609 3425 3971 3494 espletioncm

2369 3515 2660 3585 perfectam
2687 3514 2788 3572 sibi
2821 3515 2935 3584 ipse
2958 3513 3366 3571 similitudinem
3388 3527 3818 3574 consummaret.
3865 3518 3972 3573 Sed

2365 3607 2604 3681 apertius
2631 3607 2768 3673 lucc,
2791 3616 2846 3663 et
2868 3607 3174 3664 evidentius
3227 3608 3299 3666 ita
3329 3623 3390 3663 se
3439 3608 3640 3666 habere
3664 3651 3679 3676 ,
3725 3610 3967 3674 Joannes

2367 3700 2662 3770 Apostolus
2689 3699 2881 3756 deﬁnit
2937 3700 3040 3755 hoc
3091 3699 3254 3755 modo
3302 3701 3709 3771 pronuntians:
3745 3701 3924 3758 Filioli
3953 3746 3968 3768 ,

2367 3792 2598 3849 nondum
2618 3797 2828 3857 scimus,
2860 3792 2984 3862 quid
3027 3794 3190 3862 futuri
3225 3793 3386 3847 simus
3423 3809 3443 3846 :
3468 3795 3513 3848 si
3542 3809 3660 3848 vero
3683 3795 3970 3850 revelatum

2367 3883 2512 3940 nobis
2539 3884 2694 3954 fuerit
2720 3884 2782 3937 de
2809 3882 3078 3938 Saluatore
3099 3926 3111 3945 .
3139 3877 3249 3940 sine
3273 3884 3430 3942 dubio
3452 3885 3627 3940 dicetis
3647 3901 3666 3940 :
3696 3886 3896 3940 similes
3927 3889 3975 3942 ei

2365 3976 2567 4030 erimus.
2599 3973 2702 4030 Per
2721 3973 2862 4045 quod
2883 3973 3186 4030 certissime
3209 3974 3409 4030 indicat
3428 3982 3483 4032 et
3506 3975 3666 4031 tinem
3687 3979 3935 4032 omnium
3952 4020 3970 4045 ,

2367 4082 2526 4138 quem
2553 4067 2732 4126 adhuc
2757 4066 2859 4122 sibi
2881 4066 3013 4124 dicit
3052 4067 3314 4138 ignotum,
3345 4075 3400 4125 et
3423 4067 3838 4126 siilitudinem
3875 4069 3974 4125 Dei

2359 4161 2854 4230 Sperandam,qum
2899 4159 3320 4230 promeritorum
3366 4161 3698 4230 perfectione
3737 4170 3974 4232 praesta-

2359 4251 2523 4310 bitur.
2556 4252 2676 4322 ipse
2701 4266 2914 4322 quoque
2939 4250 3277 4318 Dominusin
3307 4251 3602 4321 Evangelio
3632 4253 3750 4307 tunc
3771 4253 3973 4311 eadem

2361 4359 2470 4402 non
2495 4345 2670 4402 solum
2702 4345 2904 4412 futura,
2929 4360 3114 4404 verum
3144 4347 3307 4404 etiam
3337 4349 3420 4402 sui
3452 4345 3846 4403 intercessione
3872 4347 3968 4402 fu-

2361 4449 2501 4506 tura,
2531 4440 2818 4512 designat,
2839 4440 2968 4497 dum
3004 4441 3122 4511 ipse
3151 4441 3252 4496 hoc
3281 4455 3311 4497 a
3342 4440 3503 4497 Patre
3527 4441 3806 4513 discipulis
3849 4443 3973 4499 suis

2357 4533 2648 4604 impetrare
2673 4533 2927 4604 dignatur
2963 4533 3184 4590 dicens:
3221 4532 3415 4600 Pater,
3447 4533 3562 4589 uolo
3591 4576 3606 4602 ,
3658 4543 3716 4589 ut
3738 4534 3826 4589 ubi
3868 4551 3970 4606 ego

643 4740 860 4798 quoque
885 4723 1160 4798 Scriptura
1193 4727 1375 4798 narrat
1401 4760 1418 4785 ,
1454 4717 1622 4774 Deum
1665 4717 1850 4798 fecisse
1888 4716 2149 4798 hominem
2177 4718 2246 4772 ad
2271 4722 2330 4783 D
2351 4717 2457 4786 lus,
2482 4728 2635 4798 tom_o_
2659 4733 2676 4798 ξ
2696 4714 3096 4798 .ItaliteAS‘acm
3117 4731 3240 4798 pag.
3280 4716 3409 4798 ιφ,
3436 4726 3490 4774 et
3518 4733 3586 4774 ex
3634 4733 3700 4774 eo
3725 4717 3868 4776 Cave
3891 4721 3966 4777 ad

642 4788 958 4869 imaginem,
1011 4788 1061 4850 et
1106 4791 1510 4869 similitudinem
1545 4788 1714 4869 suam.
1771 4788 1900 4869 lflus
1929 4795 2110 4844 autem
2161 4800 2245 4846 est

645 4859 820 4938 imago
852 4909 864 4929 ,
907 4859 1065 4938 quam
1098 4862 1437 4938 simi_l_ituclo._
1472 4860 1566 4914 Est
1591 4859 1734 4914 enim
1781 4860 1958 4938 imago
1989 4874 2245 4938 expressa

641 4943 718 4997 rei
749 4930 1044 4994 similitudo
1072 4974 1084 4996 .
1118 4946 1172 4988 et
1199 4933 1396 4987 dicitur
1425 4932 1636 4998 imago,
1663 4932 1817 5000 quasi
1842 4944 1966 4983 vera
2001 4930 2240 5000 iinilago.

644 5008 949 5067 Similitqu
971 5015 1054 5059 est
1081 5020 1262 5060 rerum
1301 5005 1478 5072 aliqua
1511 5003 1926 5067 relincunt-ilio
1953 5041 1968 5065 ,
1999 5003 2146 5056 velut
2180 5004 2244 5055 il-

646 5085 732 5140 hul
773 5100 786 5137 :
822 5079 1067 5138 Videbam
1111 5077 1338 5134 homines
1373 5074 1503 5128 velut
1530 5073 1738 5129 arbores
1769 5073 2108 5129 ambulantes.
2158 5073 2247 5134 Fi-

643 5157 742 5210 lius
771 5153 948 5214 i‘uzute
983 5151 1070 5201 liei
1105 5149 1277 5218 imago
1307 5157 1383 5218 est
1429 5144 1772 5218 P.tlris,gt1t_tia
1809 5159 1902 5218 per
1933 5145 2112 5218 omnia
2146 5143 2244 5218 lfa-

641 5229 704 5279 tri
739 5223 948 5281 similis,
972 5231 1024 5273 et
1058 5222 1108 5272 in
1145 5215 1289 5271 nullo
1334 5217 1474 5270 Patri
1509 5215 1816 5269 dissimilis.
1841 5216 1991 5268 Sicut
2043 5215 2238 5272 Paulus

640 5299 709 5350 nit
736 5316 746 5350 :
783 5299 868 5356 qui
894 5299 964 5344 est
992 5290 1171 5359 Imago
1198 5289 1288 5340 Dei
1317 5288 1606 5341 invisibilis.
1656 5285 1796 5359 Nam
1840 5287 2010 5355 qualis
2016 5285 2194 5359 _Pa_ter
2221 5329 2236 5351 ,

639 5370 760 5424 lrtl‘is
789 5355 976 5424 Filius.
1001 5355 1360 5428 Omnipotens
1403 5359 1560 5414 Pater
1591 5398 1606 5422 ,
1637 5356 1985 5426 omnipotens
2016 5355 2185 5411 Filius
2217 5398 2233 5422 ,

644 5451 697 5493 ct
729 5441 804 5491 sic
834 5437 899 5489 de
948 5433 1168 5500 reliquis
1195 5473 1208 5495 ,
1240 5445 1360 5500 qua:
1406 5428 1769 5500 prmdicautnr
1811 5428 1866 5482 in
1911 5428 2234 5500 substantia.

649 5510 886 5574 Eslcrgo
912 5498 1079 5574 Filius
1103 5517 1228 5558 vere
1253 5498 1455 5574 imago,
1485 5499 1536 5564 id
1561 5509 1641 5574 e_st
1665 5512 1924 5574 expreSs‘a
1953 5500 2045 5574 Dei
2063 5498 2240 5574 Patris

646 5565 960 5632 similitudo.
995 5573 1149 5628 Unde
1175 5565 1389 5626 dictum"
1418 5565 1532 5625 est;
1569 5565 1848 5624 Faciamus
1888 5567 2150 5623 hominem
2172 5569 2241 5624 ad

645 5652 914 5724 imaginem
937 5655 1187 5724 nostrain.
1219 5642 1326 5724 sed
1373 5641 1646 5724 hominem
1686 5642 1751 5694 ad
1783 5637 2091 5724 imaginem,
2117 5639 2241 5710 quia

645 5705 793 5774 soliis
822 5715 1069 5773 Christus
1098 5720 1182 5768 est
1219 5713 1398 5782 imago
1425 5754 1438 5774 ,
1468 5713 1562 5767 sed
1614 5705 1778 5782 homo
1805 5711 1872 5765 ad
1894 5705 2190 5781 "imaginem
2223 5753 2239 5778 ,

651 5789 700 5841 id
733 5798 816 5842 est
844 5797 899 5838 ut
928 5784 1112 5837 tendat
1142 5782 1207 5836 ad
1236 5779 1545 5853 imaginem.
1584 5801 1602 5834 ι
1641 5779 1808 5836 Porro
1860 5779 2244 5905 llicro'utymum

651 5856 933 5905 Aretinutn
969 5867 1036 5904 ne
1060 5854 1298 5905 ianotum
1327 5861 1502 5905 putes.
1534 5851 1610 5905 Ea
1633 5850 1880 5905 consule.
1907 5866 2028 5905 una:
2075 5853 2244 5905 label-

651 5856 933 5914 Aretittutn
969 5867 1036 5904 ne
1060 5854 1298 5920 ignotum
1327 5850 1502 5920 p'utes.
1534 5851 1610 5906 Ea
1633 5850 1880 5916 consule,
1907 5866 2028 5922 qua:
2051 5850 2248 5922 Ughel-

2349 4805 2549 4846 annum
2579 4787 2718 4844 1144
2749 4803 2866 4858 pag.
2887 4787 2998 4842 222
3029 4787 3155 4854 tomi
3181 4803 3218 4852 tt
3245 4789 3483 4844 tradunt.

2423 4860 2497 4934 (α)
2531 4859 2663 4934 gap.
2712 4856 3004 4934 :Porro
3035 4858 3178 4912 hunc
3232 4859 3425 4934 librum
3477 4862 3529 4914 in
3557 4859 3799 4915 editione
3853 4861 3966 4934 Pa—

2351 4930 2494 4987 trum
2529 4931 2588 4988 S.
2618 4931 2788 4986 Mauri
2820 4930 3062 4985 invenies
3096 4944 3216 5002 pag.
3261 4931 3331 4986 35
3391 4940 3445 4986 et
3488 4945 3605 5003 seq.
3640 4933 3961 5002 appendicis

2353 5006 2484 5060 torni
2518 5019 2590 5058 tv.
3390 5033 3398 5050 ο

2424 5074 2499 5150 (b)
2532 5075 2675 5150 luco
2716 5072 3018 5150 opusculo,
3048 5071 3191 5150 quod
3239 5071 3308 5129 ad
3337 5073 3730 5150 lt.unc__modu_m
3761 5074 3962 5132 inscri-

2389 5087 2499 5157 _(D)
2532 5087 2585 5129 tu
2610 5088 2675 5128 eo
2716 5087 3018 5194 Ἡηιδοιιις)ἓ
3048 5087 3191 5197 inoo
3239 5087 3308 5129 aa
3338 5087 3488 5157 nunc
3511 5087 3730 5130 mnuum
3761 5087 3958 5132 inscrt-

2352 5143 2526 5200 bitur:
2559 5147 2697 5198 dicta
2780 5182 2792 5194 .
2845 5144 3016 5198 Albim
3091 5155 3237 5198 evita:
3279 5161 3432 5209 super
3470 5145 3602 5210 illud
3658 5143 3958 5203 Geueseos:

2351 5217 2613 5271 faciamus
2645 5216 2941 5278 hominem,
2967 5225 3099 5282 etc.,
3132 5230 3253 5286 pag.
3279 5213 3348 5269 54
3377 5217 3613 5284 Operum
3637 5213 3954 5272 Alchuvini.

2349 5291 2528 5359 Atque
2555 5287 2637 5359 (ut
2664 5288 2842 5341 obiter
2870 5297 3074 5359 notem,
3104 5288 3228 5341 licet
3256 5287 3463 5359 idante
3490 5303 3577 5342 me
3615 5287 3960 5344 adverterint

2349 5357 2453 5432 PP.
2484 5361 2539 5413 ὃ.
2567 5357 2742 5432 Mauri
2777 5371 2895 5426 pag.
2927 5357 3028 5414 6U
3074 5357 3403 5432 Appendicis
3435 5368 3566 5432 tom.
3594 5375 3633 5432 u
3659 5360 3956 5432 Ambrosii)

2349 5429 2537 5484 eadem
2569 5429 2724 5498 plane
2749 5435 2962 5481 exstant
2984 5443 3106 5496 cap.
3133 5428 3291 5482 tertio
3344 5428 3464 5484 libri
3515 5430 3606 5498 qui
3640 5428 3960 5486 inscribitur

2347 5501 2410 5576 de
2431 5500 2679 5576 dignitate
2714 5498 3024 5576 conditionis
3074 5499 3347 5574 humanm,
3395 5501 3484 5570 qui
3514 5501 3656 5574 liber
3699 5501 3828 5566 olim
3858 5505 3959 5556 tri-

2349 5565 2616 5626 bueb'atur
2647 5565 2956 5626 Ambrosio.
3343 5569 3347 5574 ’

2423 5641 2493 5724 (ι’)
2529 5641 2732 5724 μωτωὶ
2763 5656 2907 5724 tua",
2941 5651 3062 5714 qure
3091 5648 3177 5697 est
3203 5639 3576 5718 Audianorum
3602 5685 3618 5710 ,
3647 5659 3701 5712 τι.
3732 5637 3770 5698 Ξ
3794 5652 3851 5700 et
3875 5643 3909 5697 3
3930 5683 3953 5711 ,

2353 5709 2483 5768 etin
2514 5709 2716 5766 Ancnr.
2753 5727 2807 5764 η.
2838 5710 2926 5766 55.
2960 5709 2978 5714 ⁷
3493 5709 3499 5718 “

2422 5780 2649 5862 (ἀμέρ),
2704 5795 2769 5862 ιιιΔ
2791 5781 3174 5862 Pergameno“,
3215 5797 3312 5862 seu
3359 5783 3426 5862 de
3452 5775 3851 5862 ΔΡηήςῂιίίμιι.
3887 5787 3949 5858 Ι,

2422 5799 2505 5855 (α)
2531 5799 2649 5850 μυ,
2704 5799 2762 5836 ιιι
2791 5799 2911 5848 reri
2941 5799 3132 5854 annon
3215 5799 3312 5856 seu
3359 5799 3426 5840 ae
3465 5799 3650 5858 mutu
3685 5799 3754 5862 up,

2364 5869 2482 5928 pag.
2513 5853 2615 5910 152
2644 5855 2771 5909 tomi
2799 5869 2815 5912 t
2844 5854 3096 5920 editionis
3227 5851 3408 5921 Caroli
3433 5855 3504 5914 de
3531 5857 3580 5921 la
3619 5799 3754 5930 leue.
