4248 6258
319 331 428 389 8ὕ5
1000 330 1068 391 IN
1108 325 1370 384 IllLAﬂll
1412 324 1638 382 EPIST.
1686 322 1819 381 SEU
1865 321 1945 380 LII

2046 321 2096 378 l..
2141 316 2610 376 DlSSEB’i‘ATlO
2645 315 3001 378 SECUNDA.
3589 333 3695 392 39,-,

310 469 445 519 sunt,
468 460 515 507 et
536 451 622 506 isti
645 450 748 506 sint
779 465 977 506 mecum
1001 487 1018 511 ,
1044 457 1092 502 et
1135 443 1268 500 sicut
1291 458 1388 514 ego
1415 483 1430 510 ,
1465 447 1517 497 et
1561 448 1618 494 tu
1649 454 1818 494 unum
1848 453 1940 492 ω-
1969 446 2026 508 Α
2129 453 2149 488 t
2187 435 2261 491 Ut
2298 447 2519 508 semper
2549 434 2859 507 respiciens
2901 447 3125 492 sursum
3154 479 3170 505 ,
3212 451 3524 504 «eamer
3547 456 3696 506 ιιιιηη

315 560 452 613 mus,
479 543 553 598 ita
578 551 626 598 et
652 543 740 597 isti
767 544 824 597 in
849 541 992 597 nobis
1019 552 1176 594 unum
1203 536 1326 590 sint.
1355 531 1414 587 In
1439 545 1552 602 quo
1574 531 1694 601 jam
1719 528 1944 587 videtur
2053 530 2108 584 in
2131 538 2318 585 mente
2346 527 2606 597 haberes,
2640 537 2696 586 et
2723 527 3004 599 originem
3035 537 3191 588 tuam
3252 535 3597 600 incessanter
3629 544 3698 600 ad

317 635 435 706 ipsa
465 632 770 690 similitudo
797 633 864 704 (si
894 631 1002 688 dici
1026 624 1236 702 potest)
1265 622 1562 696 proﬁcere;
1593 628 1653 678 et
1671 635 1750 676 ex
1777 617 1946 674 simili
2053 622 2299 678 animum
2327 637 2648 682 revocares.
2687 621 2848 679 Fecit
2877 623 3029 680 enim
3052 631 3129 693 te,
3164 637 3226 684 ut
3250 629 3464 694 dictum
3489 647 3597 704 est,
3629 640 3699 695 ad

314 745 484 786 unum
504 729 618 802 jam
647 727 788 797 ﬁeri,
820 742 916 799 pro
939 740 1006 783 eo
1031 725 1148 781 sine
1190 719 1358 777 dubio
1383 714 1533 788 quod
1568 713 1626 770 in
1665 725 1949 770 consum-
2056 713 2354 786 imaginem
2383 730 2536 772 suam
2567 757 2584 784 ,
2613 725 2671 774 et
2711 715 3145 774 similitudinem
3178 721 3365 783 Deus:
3396 727 3465 785 ad
3511 729 3699 804 imagi—

317 826 580 891 matione,
604 823 690 880 vel
737 823 845 879 line
868 821 1042 878 omnia
1066 860 1082 886 ,
1116 825 1171 873 et
1205 816 1259 872 in
1303 809 1558 869 omnibus
1585 808 1748 864 Deus
1778 813 1888 860 est.
1921 819 1946 858 ι
2060 823 2210 874 netu,
2235 817 2296 864 ut
2314 808 2550 867 haberes
2581 809 2916 868 memoriam
2940 851 2958 878 ,
2989 810 3342 876 intellectum
3363 861 3382 888 ,
3407 822 3696 882 discretio-

391 917 482 974 Η.
500 915 704 971 Volunt
723 915 901 987 itaque
928 911 982 968 hi
1004 912 1112 968 duo
1131 908 1464 978 Scriptores,
1484 896 1952 964 similitudinem,
2062 916 2212 969 nem,
2244 912 2298 958 et
2325 910 2524 957 cetera
2564 903 2870 968 naturalia;
2903 902 2973 957 ad
3019 905 3444 969 similitudinem
3469 957 3486 983 ,
3517 927 3576 972 ut
3604 918 3700 972 ha-

315 1010 388 1068 de
409 1025 514 1081 qua
538 1008 960 1078 loquimur,esse
974 1001 1354 1060 beatitudinem
1378 1011 1475 1068 per
1496 993 1779 1048 virtutum
1793 1003 1959 1042 exse-
2067 991 2224 1047 heres
2270 994 2637 1050 innocentiam
2670 1037 2686 1063 ,
2715 995 2995 1066 justitiam
3027 1037 3044 1063 ,
3071 1007 3131 1054 et
3169 1002 3275 1058 alia
3331 1009 3597 1077 gratuita;
3627 1013 3695 1068 ad

311 1101 661 1158 eutionemin
681 1098 838 1156 cmlis
855 1097 1338 1165 obtinendam,qua
1352 1087 1593 1162 quidem.
1613 1083 1960 1154 sijusspecr
2067 1085 2356 1156 imaginem
2403 1089 2455 1141 in
2486 1089 2805 1159 cognitione
2835 1089 3088 1146 veritatis
3116 1133 3134 1158 ,
3165 1095 3234 1150 ad
3283 1098 3696 1161 similitudinem

311 1204 505 1262 tes,se
533 1189 1248 1266 privavitpeccandoAdam;
1271 1176 1812 1258 quamquamdivina
1833 1175 1956 1245 pie-
2066 1178 2120 1236 in
2144 1196 2332 1237 amore
2362 1179 2606 1238 virtutis.
2648 1182 2749 1239 Vel
2782 1192 2941 1240 certe
2983 1183 3160 1241 factus
3209 1203 3271 1245 es
3311 1191 3379 1247 ad
3408 1195 3694 1267 imaginem

310 1297 426 1344 tate
449 1289 740 1354 excitatus,
770 1283 901 1340 illud
939 1284 1114 1354 ipsum
1137 1282 1227 1352 jus
1273 1279 1533 1346 deinceps
1560 1269 1953 1342 recuperavit.
2064 1274 2161 1332 Dei
2183 1275 2396 1332 collatis
2421 1277 2514 1332 tibi
2556 1277 2816 1333 omnibus
2848 1277 3004 1345 istis;
3038 1279 3106 1334 ad
3135 1281 3551 1348 similitudinem
3599 1310 3691 1350 se.

386 1381 482 1436 15.
514 1378 624 1434 Alil
647 1392 810 1450 porro
835 1375 1128 1448 (quodjam
1169 1372 1278 1428 dixi
1309 1368 1630 1444 (Quintiane
1656 1381 1700 1431 1,
1738 1379 1794 1418 n.
1823 1359 1945 1434 11))

2060 1369 2294 1424 cundum
2335 1368 2630 1425 essentiam
2657 1369 2886 1426 deitatis
2926 1369 3104 1428 factus
3142 1389 3205 1430 es
3233 1376 3559 1441 immortalis
3588 1428 3602 1453 ,
3635 1396 3690 1443 et

304 1475 458 1531 lianc
483 1473 664 1546 ipsam
691 1471 1100 1528 similitudinem
1122 1510 1138 1536 ,
1169 1481 1279 1522 non
1335 1466 1387 1520 in
1420 1457 1777 1520 beatitudinis
1821 1465 1950 1526 post
2057 1463 2426 1520 indivisibilis.
2476 1482 2497 1516 ι

301 1577 554 1626 mortem
605 1567 948 1624 assecutione
974 1605 990 1630 ,
1019 1575 1209 1618 verum
1253 1558 1306 1613 in
1333 1557 1622 1614 virtutibus
1651 1597 1666 1624 ,
1701 1564 1848 1623 quas
1882 1548 1947 1608 in

303 1661 566 1757 liacipsa
593 1655 1301 1757 possidemus,collocan_l.':
1332 1650 1473 1757 ψξοξι
1504 1642 1944 1757 τίείάίιξνιὲῗξῗ
2055 1642 2559 1740 approbare-illum
2589 1642 2842 1740 quidem
2901 1642 3235 1730 sententi-am
3299 1642 3686 1757 (9613;391:153

304 1723 550 1812 lasticus
579 1723 803 1810 suorum
823 1723 1209 1806 vocabulorum
1245 1745 1494 1800 libertate
1531 1757 1661 1798 usus
1691 1741 1780 1797 his
1811 1751 1944 1794 ver-

2049 1763 2344 1835 imaginem
2371 1763 2463 1819 Dei
2488 1723 2699 1818 homini
2742 1763 3080 1832 impressam
3129 1765 3186 1823 in
3214 1723 3554 1834 natura-libus

307 1849 400 1906 bis
422 1849 590 1904 Γθοίίθ
615 1846 978 1951 θιΡτξπξθτθῑξ
1972 1867 2021 1929 Β
2050 1859 2135 1914 nis
2164 1827 2454 1914 collocant
2479 1899 2494 1924 ,
2540 1827 2967 1913 similitudinem
3002 1872 3132 1915 vero
3181 1862 3238 1920 in
3280 1827 3685 1939 stipe—rnatum“

315 1951 432 1998 tam
463 1955 575 1998 non
615 1939 920 1996 consistere
948 1934 1004 1990 in
1030 1928 1364 1989 beatitudine
1387 1925 1648 1990 ultimata,
1672 1932 1728 1980 et
1752 1925 1808 1978 in
1837 1936 1936 1992 pa-

321 2036 458 2092 tria:
490 2033 588 2090 sed
611 2031 894 2097 inchoata,
924 2037 980 2084 et
1010 2027 1064 2082 in
1095 2025 1214 2089 via;
1245 2036 1343 2078 seu
1366 2061 1381 2089 ,
1413 2020 1458 2076 si
1497 2019 1608 2087 vis,
1635 2017 1688 2074 in
1721 2017 1936 2074 semine

325 2128 569 2186 caelestis
614 2121 996 2181 beatitudinis»
1033 2117 1139 2190 (sic
1182 2115 1326 2171 enim
1349 2113 1576 2168 virtutes
1607 2109 1932 2181 appellant),

328 2235 441 2277 non
471 2219 528 2275 in
551 2216 669 2289 ipsa
695 2213 1052 2279 beatitudine,
1084 2207 1254 2266 veluti
1283 2207 1337 2262 in
1377 2205 1575 2260 fructu.
1613 2202 1722 2260 Sed
1749 2203 1804 2257 lii
1830 2202 1935 2272 ipsi

333 2327 440 2368 non
465 2312 690 2366 omnino
715 2305 1086 2364 conveniunt:
1120 2299 1286 2370 aliqui
1335 2296 1482 2354 enim
1520 2293 1687 2366 (quod
1717 2303 1842 2350 ante
1866 2307 1936 2348 ex

330 2403 640 2475 Epiphanio
677 2395 1006 2467 notavimus)
1034 2395 1088 2449 in
1111 2394 1298 2448 virtute
1331 2391 1409 2461 (id
1439 2396 1525 2446 est
1552 2387 1607 2443 in
1635 2385 1854 2452 morali,
1881 2393 1939 2442 et

330 2495 569 2553 naturali
601 2494 802 2548 virtute
827 2489 906 2562 (a)
925 2489 968 2562 ),
997 2487 1088 2542 alii
1118 2487 1173 2541 in
1201 2483 1492 2554 baptismo,
1519 2479 1654 2537 etin
1677 2478 1850 2548 gratia
1881 2477 1938 2532 in

329 2604 400 2647 eo
427 2587 657 2652 collata,
688 2585 918 2654 ideoque
943 2583 1014 2651 _in
1055 2574 1458 2649 supernaturali
1486 2573 1727 2639 virtute,
1767 2571 1942 2626 collo-

330 2691 464 2739 cant
517 2681 617 2753 (ὁ).
643 2679 784 2747 Quin
838 2675 1000 2733 etiam
1045 2671 1293 2729 nonnulli
1342 2666 1748 2726 similitudinem
1799 2663 1941 2719 hanc

331 2773 746 2846 angusﬁoribus
770 2768 1032 2826 limitibus
1051 2774 1332 2822 coarctare
1356 2761 1636 2825 videnlur,
1657 2758 1785 2814 dum
1814 2772 1938 2813 eam

334 2867 672 2936 restringunt
694 2863 761 2917 ad
783 2863 1038 2916 virtutum
1061 2865 1254 2930 genus,
1283 2855 1428 2925 quod
1446 2853 1738 2926 negatiuum
1765 2849 1939 2905 Scho-

2130 1577 2218 1632 l7.
2250 1577 2330 1633 Ex
2361 1577 2555 1648 quibus
2588 1575 2888 1647 postremis
2919 1576 3100 1636 verbis
3134 1582 3318 1650 palam
3350 1595 3685 1664 assequeris,

2047 1953 2282 2017 virtute;
2333 1965 2439 2006 non
2473 1965 2664 2007 eorum
2717 1959 2918 2006 tamen
2947 1950 3262 2023 improbare
3302 1965 3631 2022 sententiam
3663 2007 3680 2033 ,

2039 2044 2131 2115 qui
2164 2045 2217 2098 in
2248 2042 2353 2098 alia
2387 2058 2449 2098 re
2474 2050 2741 2098 statuunt.
2782 2041 2862 2096 At
2887 2044 3130 2114 priorem
3173 2047 3326 2108 illam
3355 2059 3681 2116 sententiam

2040 2136 2386 2207 apertissime
2427 2134 2740 2191 Bernartius
2802 2136 3009 2208 excipit
3036 2138 3106 2209 (si
3159 2147 3344 2198 tamen
3395 2146 3677 2207 Bernardo

2043 2227 2442 2282 Mrditationum
2465 2227 2662 2284 librum
2679 2225 2930 2299 tribuis),
2947 2228 3076 2284 dum
3095 2229 3216 2288 haec
3241 2235 3320 2290 ait
3337 2235 3415 2309 (ί)
3436 2255 3452 2295 :
3479 2258 3498 2292 ε
3512 2239 3679 2300 Utere

2041 2320 2205 2389 igitur
2236 2330 2288 2377 te
2314 2323 2433 2392 ipso
2482 2323 2630 2378 velut
2679 2321 2776 2377 Dei
2810 2323 3018 2394 templo
3047 2335 3279 2396 propter
3307 2330 3440 2387 illud
3469 2375 3484 2400 ,
3527 2339 3675 2405 quod

2045 2416 2097 2470 in
2128 2425 2180 2472 te
2202 2425 2288 2472 est
2322 2419 2502 2474 simile
2537 2418 2667 2472 Deo.
2713 2415 2908 2472 Honor
2948 2417 3222 2487 siquidem
3269 2422 3384 2479 Deo
3420 2441 3674 2486 summus

2043 2515 2147 2573 est,
2164 2507 2314 2563 illum
2329 2509 2601 2574 venerari,
2621 2515 2678 2563 et
2693 2507 2918 2562 imitari.
2938 2506 3200 2575 lmitaris,
3219 2513 3265 2566 si
3289 2515 3412 2582 pius
3425 2530 3540 2585 es,»
3557 2530 3666 2580 etc.

2119 2618 2206 2675 18.
2241 2619 2520 2691 Allegatos
2550 2619 2762 2675 videbis
2791 2620 2844 2674 in
2878 2619 3021 2674 lianc
3049 2623 3388 2680 sententiam
3423 2633 3664 2686 nonnul-

2043 2714 2126 2770 los
2156 2715 2450 2786 Scriptura:
2503 2713 2676 2782 locos,
2709 2712 2879 2769 veluti
2911 2711 3064 2767 illum
3112 2713 3342 2772 Levitici
3373 2715 3526 2792 (Cap.
3563 2739 3620 2778 xi
3647 2765 3664 2790 ,

2043 2804 2174 2880 44):
2205 2805 2386 2862 Sancti
2412 2814 2573 2861 estote
2600 2847 2614 2871 ,
2647 2805 2894 2876 quoniam
2921 2819 3015 2875 ego
3043 2801 3274 2862 Sanctus
3298 2822 3415 2862 sum
3445 2847 3462 2878 ,
3492 2813 3663 2867 alios-

2045 2915 2153 2972 que
2183 2903 2369 2956 etlam.
2395 2899 2502 2956 Sed
2535 2907 2796 2970 praestare
2822 2897 2956 2953 mihi
2986 2898 3203 2954 videtur
3222 2899 3374 2956 locus
3405 2902 3498 2958 ille
3517 2905 3659 2960 llat-

2044 2991 2172 3047 thazi
2203 2993 2342 3063 (cap.
2395 3003 2452 3059 v,
2480 2991 2570 3056 44,
2602 2987 2729 3061 45);
2773 2986 2995 3060 Diligite
3035 2989 3271 3045 inimicos
3309 3000 3545 3058 uestros;
3574 2993 3664 3047 be-

2045 3081 2264 3152 nefacite
2285 3083 2385 3147 his,
2412 3081 2501 3154 qui
2526 3079 2743 3134 oderunt
2769 3095 2891 3134 vos:
2921 3088 2970 3134 et
3003 3090 3146 3135 orate
3185 3097 3280 3152 pro
3306 3085 3659 3152 persequenti-

2047 3175 2160 3242 bus,
2183 3186 2230 3228 et
2257 3171 2690 3228 calumniantibus
2730 3185 2856 3238 vos;
2877 3179 2936 3224 ut
2977 3172 3090 3227 sitis
3121 3172 3220 3241 lilii
3251 3170 3428 3226 Patris
3461 3175 3652 3240 uestri,

1964 3253 2010 3321 C
2043 3267 2131 3340 qui
2152 3268 2205 3322 in
2232 3267 2369 3322 aclis
2395 3275 2499 3333 est;
2519 3266 2569 3320 id
2587 3273 2690 3332 est,
2716 3275 2774 3319 ut
2803 3273 2952 3320 recte
2980 3263 3372 3336 interpretatur
3397 3266 3651 3325 Petavius

2046 3360 2151 3432 (De
2176 3358 2367 3430 Opiﬁc.
2407 3357 2498 3413 lib.
2528 3373 2589 3420 ιι,
2620 3358 2676 3428 2,
2706 3355 2798 3427 10)
2816 3398 2830 3425 ,
2863 3375 2882 3410 ι
2905 3359 3092 3416 utsitls
3113 3358 3323 3414 similes
3339 3358 3516 3415 Patris
3534 3373 3656 3416 ves-

2047 3454 2137 3523 tri,
2161 3454 2251 3524 qui
2275 3455 2327 3509 in
2353 3451 2504 3508 otelis
2521 3461 2658 3508 est.)

333 2955 515 3016 lastici
541 2954 854 3026 appellant,
884 2951 938 3008 id
967 2959 1054 3007 est.
1082 2947 1327 3010 adillud.
1362 2945 1508 3018 quod
1543 2947 1812 3000 malorum
1860 2941 1942 2996 lu-

332 3065 460 3120 gam
488 3048 591 3103 sibi
621 3047 812 3102 statuit
833 3057 934 3116 pro
961 3043 1178 3112 objecto
1203 3057 1217 3107 ;
1245 3037 1378 3094 illud
1405 3052 1532 3092 vero
1563 3035 1822 3092 virtutum
1847 3048 1942 3103 ge-

336 3157 476 3210 nus,
500 3141 644 3214 quod
674 3141 814 3196 bona
851 3137 1197 3209 prosequitur
1219 3175 1237 3200 ,
1278 3131 1492 3203 imagini
1534 3129 1827 3184 vindicant.
1856 3125 1941 3184 Ad

338 3240 485 3296 hunc
510 3245 662 3293 certe
688 3233 908 3290 modum
938 3231 1362 3299 interpretantur
1395 3222 1640 3279 nonnulli
1662 3223 1824 3278 verba
1847 3220 1937 3278 illa

337 3327 611 3388 Ambrosii
643 3323 748 3399 (De
765 3325 898 3379 bono
925 3322 1108 3376 mortis
1133 3336 1251 3389 cap.
1281 3316 1337 3383 5,
1370 3335 1423 3372 η.
1464 3315 1583 3389 l7):
1607 3333 1628 3368 ι
1648 3313 1941 3384 Fugiuntus

335 3437 471 3494 ergo
501 3421 617 3476 hac
647 3419 790 3476 mala
815 3458 830 3484 ,
859 3425 915 3472 et
945 3412 1390 3471 transformemus
1417 3409 1654 3465 animam
1698 3415 1941 3463 nostram

334 3514 406 3570 ad
433 3513 579 3570 illam
610 3511 902 3582 imaginem
925 3507 1060 3572 Dei,
1091 3513 1149 3562 et
1171 3501 1605 3559 similitudinem.
1637 3497 1784 3569 Fuga
1816 3512 1936 3552 ma-

338 3611 516 3666 lorum
544 3605 846 3664 similitudo
879 3603 974 3659 Dei
990 3612 1071 3659 est
1091 3641 1108 3666 ,
1132 3607 1188 3656 et
1215 3598 1502 3654 virtutibus
1519 3595 1701 3666 imago
1726 3593 1822 3649 Dei
1847 3607 1941 3649 ac-

338 3702 596 3774 quiritur.
633 3700 758 3758 Ideo
785 3699 876 3770 qui
901 3711 998 3753 nos
1038 3696 1232 3766 pinxit,
1258 3691 1413 3764 quasi
1431 3697 1620 3752 auctor
1643 3686 1816 3760 pinxit
1835 3689 1944 3744 vir-

343 3805 520 3852 tutum
538 3793 831 3851 coloribus.
880 3811 902 3846 ι

421 3888 510 3948 i6.
535 3888 598 3945 in
625 3886 914 3943 virtutibus
931 3896 1152 3956 quoque
1179 3879 1680 3948 supernaturalibus
1694 3877 1943 3936 eamdem

343 3981 760 4040 similitudinem
789 3979 978 4036 statuit
1022 3975 1444 4050 Cbrysostomus
1462 4015 1480 4041 ,
1506 3971 1660 4043 cujus
1683 3972 1858 4036 locum
1889 3971 1943 4028 in

346 4077 560 4149 paginae
598 4075 751 4132 calce
795 4082 924 4128 noto
979 4069 1076 4144 (ο).
1101 4068 1432 4126 Severianus
1478 4081 1693 4139 quoque
1725 4063 1804 4138 (tt)
1832 4106 1849 4134 ,
1889 4073 1947 4124 et

343 4181 538 4228 auctor
564 4168 735 4225 libelli
765 4207 779 4232 ,
803 4167 894 4238 qui
932 4163 1204 4220 instructio
1251 4160 1550 4217 Sacerdotis
1583 4159 1895 4216 inscribitur
1923 4201 1939 4228 ,

343 4263 463 4320 sive
494 4260 806 4319 Bernardus
835 4260 882 4314 is
925 4258 1036 4324 sit,
1065 4257 1181 4313 sive
1208 4255 1345 4312 alius
1374 4254 1782 4325 probatissimos
1815 4269 1947 4310 sane

345 4371 565 4417 auctor:
589 4360 790 4416 etenim
819 4353 1152 4412 haeeiitteris
1166 4351 1568 4409 commendavit
1587 4349 1694 4421 (a):
1731 4367 1752 4402 ι
1782 4349 1948 4405 Crea-

349 4455 426 4509 vit
445 4463 532 4522 te,
551 4468 676 4509 cum
703 4466 814 4507 non
839 4463 1020 4514 esses;
1053 4446 1336 4512 recreavit,
1366 4461 1486 4500 cum
1509 4444 1755 4515 perditus
1775 4457 1944 4500 esses:

347 4547 574 4614 creavit,
606 4555 664 4602 ut
690 4557 844 4601 esses
870 4542 1144 4614 particeps
1174 4537 1520 4594 beatitudinis
1550 4549 1697 4604 suae;
1731 4551 1948 4592 recrea-

347 4643 446 4711 vit,
479 4659 550 4699 ne
587 4650 710 4714 post
738 4640 948 4711 lapsum
1001 4649 1354 4708 permaneres
1397 4648 1586 4689 exsors
1617 4634 1802 4703 patriae
1833 4673 1849 4700 ,
1895 4643 1950 4690 et
1975 4657 2031 4718 D

349 4750 540 4792 exsors
569 4735 838 4792 felicitatis
872 4739 1118 4787 internae:
1142 4728 1348 4784 creavit
1375 4737 1428 4783 te
1457 4725 1526 4783 ad
1554 4726 1861 4798 imaginem,
1895 4736 1951 4783 et

349 4831 759 4887 similitudinem
788 4843 942 4883 suam
957 4843 980 4892 ;.
997 4826 1062 4880 ad
1086 4824 1395 4894 imaginem,
1411 4821 1700 4879 conferens
1723 4823 1816 4878 tibi
1849 4838 1946 4878 na-

353 4923 544 4979 turalia
564 4940 580 4990 ;
607 4920 677 4978 ad
695 4918 1131 4981 similitudinem,
1160 4914 1392 4986 largiens
1411 4917 1669 4985 gratuita,
1686 4925 1744 4970 ut
1769 4925 1953 4972 mente

352 5014 674 5082 excolleres,
702 5023 755 5070 et
785 5012 964 5070 omnia
989 5007 1320 5066 irrationalia
1343 5008 1552 5064 ratione
1579 5007 1832 5065 vinceres
1861 5025 1874 5062 :

447 5155 724 5224 Pronaque
737 5159 1098 5224 cum__spect_en_t
1114 5153 1377 5224 animantia
1397 5162 1578 5224 caetera
1602 5161 1804 5218 terram,

449 5222 521 5273 Os
543 5215 727 5272 homini
749 5215 959 5270 sublime
982 5217 1138 5280 dedlt,
1159 5215 1437 5280 ctelumque
1462 5217 1632 5280 videre

453 5284 627 5346 Iussit,
657 5291 712 5336 et
729 5289 928 5336 erectos
949 5280 1010 5331 ad
1031 5278 1195 5332 sidera
1214 5279 1392 5329 tollere
1415 5278 1608 5341 vultus;

434 5417 511 5548 ῳ
545 5413 738 5476 Atl‘errl
767 5417 906 5474 solet
946 5417 1097 5473 Plato
1125 5417 1188 5471 de
1214 5415 1408 5490 legibus
1439 5425 1560 5488 post
1584 5417 1820 5474 medium
1848 5461 1866 5488 ,
1896 5427 1955 5476 et

495 5495 744 5547 uestem.
775 5489 908 5545 Vide
932 5490 1050 5548 eius
1105 5489 1220 5543 loca
1249 5489 1390 5548 apud
1421 5489 1700 5546 Petavittm
1731 5491 1800 5546 de
1828 5489 1955 5548 Oui-

359 5489 744 5619 glc'r:l§mleltl2.
775 5489 908 5617 vitale
932 5490 1050 5561 ejus
1105 5489 1220 5543 loca
1249 5489 1390 5560 apud
1421 5489 1700 5546 Patavium
1731 5491 1800 5546 de
1828 5489 1957 5562 Opi-

440 5604 453 5617 .
511 5582 522 5617 l
569 5601 582 5616 .
618 5579 676 5627 n,
747 5604 762 5626 ,
872 5601 884 5614 .

438 5635 514 5708 (ὁ)
542 5634 790 5690 Paulinus
823 5631 1071 5708 blolatius
1096 5645 1275 5708 sane_,_
1302 5642 1355 5684 ut
1384 5630 1624 5708 reliquos
1667 5633 1909 5708 omittam
1943 5673 1960 5701 ,

362 5701 860 5782 itt"sitpcrnatural_i
913 5703 1119 5782 virtute
1173 5701 1403 5782 col-luent
1455 5701 1614 5772 epist,
1657 5704 1722 5760 ad
1773 5705 1961 5760 sever.

364 5777 494 5834 olim
519 5772 578 5840 Ξ,
614 5789 754 5830 nunc
785 5772 880 5840 24,
910 5789 962 5828 n.
998 5777 1052 5838 9,
1078 5785 1196 5828 nam
1215 5773 1431 5840 idcirco,
1459 5782 1564 5829 etc.

2119 3567 2184 3624 Et
2213 3568 2266 3622 in
2292 3567 2429 3622 lianc
2455 3565 2672 3638 quidem
2721 3565 3032 3636 opinionem
3061 3565 3097 3620 ii
3123 3577 3315 3622 omnes
3359 3565 3476 3624 fere
3513 3583 3648 3625 con-

2046 3661 2324 3727 sentiunt,
2355 3657 2448 3730 qui
2493 3657 2903 3714 similitudinem
2957 3657 3026 3715 ab
3065 3656 3300 3736 imagine
3347 3659 3440 3716 Del
3491 3659 3650 3719 nobis

2048 3753 2309 3825 impressa
2332 3761 2606 3823 separant.

2120 3867 2210 3924 19.
2248 3867 2319 3923 Ut
2353 3865 2422 3921 ad
2471 3866 2761 3939 imaginem
2797 3865 2894 3924 Dei
2927 3865 3085 3924 nobis
3111 3865 3339 3932 inditam
3387 3868 3602 3925 veniam
3635 3911 3652 3938 ,

2048 3973 2146 4015 sex
2175 3972 2241 4014 ea
2269 3957 2338 4014 de
2365 3972 2428 4012 re
2458 3958 2782 4028 opinionum.
2827 3972 3032 4028 genera
3061 3999 3078 4025 ,
3109 3967 3167 4014 et
3198 3959 3368 4015 veluti
3395 3974 3653 4032 suprema

2047 4051 2222 4122 capita
2247 4049 2422 4105 video.
2465 4047 2724 4105 Nonnulli
2770 4050 2980 4106 scilicet
3025 4050 3084 4104 in
3147 4065 3416 4122 corporeo
3464 4053 3648 4124 aliquo

2049 4155 2170 4197 eam
2225 4141 2515 4213 imaginem
2563 4138 2798 4212 positam
2852 4142 3091 4198 voluere.
3135 4143 3244 4200 Alii
3290 4143 3347 4200 in
3389 4141 3655 4204 attribute

2048 4232 2228 4305 aliquo
2249 4233 2517 4306 spirituali
2546 4273 2563 4300 ,
2591 4249 2700 4306 quo
2748 4233 2916 4291 homo
2936 4249 3060 4290 cum
3087 4233 3200 4290 Deo
3225 4236 3534 4304 conveniat,
3561 4251 3654 4292 ea-

2049 4343 2156 4400 que
2179 4327 2248 4383 de
2299 4341 2462 4382 causa
2510 4325 2579 4380 ad
2605 4326 2898 4396 imaginem
2948 4325 3095 4382 illius
3123 4326 3214 4382 sit.
3261 4325 3320 4388 Id
3365 4327 3652 4400 designare

2051 4421 2180 4478 dum
2211 4421 2479 4488 student,
2527 4421 2954 4492 explicareque,
3011 4421 3068 4476 in
3121 4423 3299 4480 varias
3352 4424 3655 4490 sententias

2051 4516 2289 4585 abeunt,
2343 4530 2375 4570 e
2419 4513 2618 4586 quibus
2644 4514 2953 4586 potissimas
3007 4513 3269 4588 deinceps
3321 4516 3649 4588 expentlam,

2055 4611 2160 4667 Alii
2191 4611 2246 4668 in
2275 4609 2631 4667 similitudine
2646 4609 2979 4681 expressiori
3027 4610 3329 4678 collocant,
3360 4628 3524 4684 quam
3553 4615 3657 4669 bo-

2058 4706 2264 4761 minem
2295 4705 2455 4773 inter,
2485 4711 2541 4760 et
2570 4702 2735 4759 Deum
2763 4704 2878 4760 sive
2902 4704 2960 4762 in
2986 4719 3084 4762 sua
3105 4715 3296 4770 natura.
3325 4707 3654 4778 inspecutm,

2056 4799 2176 4854 sive
2193 4808 2458 4870 quatenus
2490 4799 2663 4854 trinus
2688 4807 2797 4866 est,
2815 4808 2912 4854 aut
2930 4809 3197 4870 quatenus
3223 4816 3418 4874 expers
3449 4804 3659 4874 peccati

2059 4905 2168 4962 est,
2197 4904 2292 4950 aut
2315 4893 2534 4950 demum
2579 4902 2847 4963 quatenus
2867 4893 3058 4950 beatus
3097 4905 3182 4952 est
3203 4938 3222 4965 ,
3251 4905 3516 4955 statuunt.
3547 4897 3659 4958 Alii

2062 4989 2116 5044 in
2146 5001 2231 5054 eo,
2262 4987 2408 5059 quod
2442 4987 2582 5044 sicut
2610 4987 2752 5044 Deus
2785 4987 3242 5058 perfectissimum
3269 5004 3370 5048 eus
3421 5002 3505 5048 est
3534 5034 3552 5060 ,
3585 4993 3661 5049 ita

2063 5083 2227 5138 homo
2276 5081 2664 5153 perfectissima
2723 5095 2988 5139 creatura.
3034 5083 3140 5140 Alii
3185 5085 3476 5159 imaginem
3517 5089 3658 5146 hanc

2062 5179 2118 5234 in
2155 5178 2374 5236 Christo
2413 5178 2765 5250 perquirunt;
2809 5187 3183 5251 monentque,
3223 5182 3347 5244 ideo,
3388 5184 3660 5248 Adamum

2064 5272 2178 5328 Deo
2203 5271 2464 5340 similem,
2490 5281 2548 5327 et
2593 5271 2660 5326 ad
2705 5269 2854 5326 illius
2881 5273 3162 5343 imaginem
3203 5274 3372 5333 fuisse
3413 5277 3616 5338 dictum
3642 5317 3665 5348 ,

2068 5419 2294 5492 homine,
2326 5427 2456 5478 tom.
2480 5433 2531 5492 vi
2555 5416 2811 5492 editionis
2832 5413 3150 5492 Mqutiauc.,
3181 5431 3301 5492 pag.
3337 5415 3460 5475 165.

2140 5459 3157 5564 ζ’ἇῖῑςεξᾙὶὅιιέίί”ὃὶὲὶίὶἓξη’ἔ“ἱὶὄόἶῗ”ξνζ
3182 5459 3308 5544 ’ἐιῗῖ
3333 5459 3505 5562 ξ’ίῖἱιὶς.
3558 5487 3670 5548 ist

2075 5562 2206 5618 tom.
2239 5578 2291 5616 γι
2311 5562 2590 5633 Clirysost.

2145 5636 2218 5706 te)
2250 5633 2397 5706 Part.
2425 5630 2472 5706 '1,
2503 5649 2622 5706 cap.
2654 5633 2709 5698 l,
2738 5647 2858 5706 pag.
2882 5630 3138 5706 58591]ιί
3168 5646 3227 5692 ni
3254 5630 3519 5690 Editionis
3547 5633 3669 5691 Vc-

2077 5699 2214 5760 ncla':
2246 5703 2408 5772 Oper.
2441 5703 2498 5760 S.
2534 5699 2791 5758 B'ernardi
2812 5699 2940 5756 sum
2969 5699 3128 5758 1727.

2149 5776 2226 5847 (Ι)
2259 5775 2500 5850 illedjtat.
2529 5771 3170 5850 chcognitionehupiana
3202 5771 3508 5850 conditionis
3545 5785 3668 5850 cap.

441 5849 514 5921 (ε)
544 5847 778 5905 Numero
811 5845 846 5901 5
875 5843 1110 5903 liomilite
1137 5845 1189 5902 in
1217 5845 1374 5901 illud:
1423 5844 1656 5913 Domine,
1683 5861 1786 5900 non
1817 5856 1888 5902 est
1915 5848 1969 5902 in
2077 5845 2132 5914 6,
2158 5841 2294 5918 "pag.
2328 5844 2426 5904 571
2476 5841 2606 5902 tomi
2635 5841 2950 5903 n'editionis
2977 5842 3112 5901 Ven.
3137 5845 3262 5902 anni
3287 5845 3446 5903 1727.
