4224 6262
2284 208 2300 234 Ι

631 345 734 399 83"}
1300 341 1370 398 ιΝ
1408 338 1668 396 HILARII
1711 337 1931 395 EPIST.
1976 335 2108 394 SEU
2151 337 2374 394 LIBEL.
2421 333 2878 392 DISSERTATIO
2914 332 3254 391 SECUNDA.
3834 331 3938 383 826

629 465 754 534 quia
779 460 1032 517 conditus
1056 467 1142 514 est
1170 455 1366 512 similis
1409 455 1624 512 Christo
1651 495 1667 522 ,
1697 453 1928 525 ideoque
1958 453 2070 508 Deo
2118 467 2224 507 non
2254 452 2302 513 A
2330 451 2591 507 adducam
2617 452 2695 525 (η.
2721 449 2814 522 47)
2833 491 2849 516 ,
2898 465 2961 506 ac
2987 451 3376 506 Damascenum
3412 447 3621 523 (Ectog.
3678 448 3839 503 litter.
3871 449 3933 512 Α,

629 559 684 613 in
716 571 811 612 sua
833 563 1024 610 natura
1052 550 1318 622 spirituali
1345 549 1591 620 inspecto
1619 589 1636 615 ,
1668 547 1764 604 sed
1809 557 2076 619 quatenus
2107 560 2229 601 car—
2331 563 2386 600 n.
2419 545 2530 617 72).

627 663 754 705 nem
784 645 1076 714 assumpsit
1104 686 1120 709 ,
1149 651 1245 698 ant
1297 651 1648 712 apparentem
1677 681 1694 705 .
1748 655 1914 712 quum
1952 639 2226 694 hominem
2401 640 2490 695 22.
2526 639 2599 696 Ut
2627 639 2691 693 ad
2715 652 2810 695 eos
2836 638 3060 710 gradum
3087 637 3281 694 faciam
3306 679 3323 706 ,
3369 638 3460 709 qui
3507 636 3754 692 eamdem
3798 637 3937 692 ima-

629 738 893 796 condidit.
927 736 1114 805 illique
1144 737 1428 804 deinceps,
1459 745 1512 788 et
1541 731 1889 800 Patriarchis,
1917 741 1971 787 et
1996 730 2229 801 prophe-
2331 731 2508 803 ginem
2540 730 2596 786 in
2626 729 2886 785 attributa
2905 731 3089 798 aliquo
3118 729 3384 800 spirituali
3410 751 3424 795 ς
3477 744 3584 798 quo
3621 729 3788 784 homo
3812 743 3936 784 cum

631 833 701 887 tis
737 821 1023 901 apparuit;
1052 837 1146 882 aut
1169 826 1371 882 realem
1401 867 1416 890 ,
1447 841 1511 880 ac
1555 824 1991 890 substantialem,
2019 838 2142 878 cum
2173 823 2227 876 in
2335 825 2445 880 Deo
2467 826 2773 888 conveniat,
2803 837 2975 894 eaque
3005 821 3076 879 de
3097 836 3261 878 causa
3286 822 3362 876 illi
3391 821 3585 876 similis
3613 822 3680 876 sit
3710 863 3727 888 ,
3777 821 3937 875 sitam

628 924 923 996 purissimo
951 914 1157 977 Mariae'
1186 920 1424 990 Virginis
1451 927 1604 974 utero
1629 919 1928 972 incarnatus
1975 925 2068 970 est.
2124 913 2227 968 Alii
2333 918 2540 979 volunt.
2572 933 2690 972 eam
2720 917 2772 972 iu
2803 917 3004 973 virtute
3027 931 3132 971 non
3165 915 3321 985 pauci
3351 915 3660 980 collocant,
3689 926 3856 982 atque
3885 915 3937 970 in

630 1019 848 1074 demum
885 1017 1022 1071 hanc
1050 1013 1343 1084 imaginem
1400 1011 1635 1067 fatentur
1675 1009 1893 1080 quidem
1928 1007 1978 1062 in
2010 1005 2228 1061 homine
2335 1010 2473 1066 hanc
2497 1010 2804 1081 opinionem
2837 1007 2997 1063 facile
3022 1021 3118 1063 eos
3141 1007 3378 1062 deduces
3400 1007 3607 1071 Patres,
3641 1021 3784 1076 quos
3804 1005 3942 1061 alleo

630 1125 753 1165 esse
780 1153 793 1174 ,
825 1097 919 1164 sed
961 1109 1013 1162 in
1043 1121 1149 1178 quo
1173 1105 1344 1176 pnsita
1367 1105 1475 1170 sit,
1511 1119 1570 1158 se
1599 1103 1850 1173 ignorare
1879 1108 2153 1156 asserunt.
2331 1113 2422 1176 gat
2452 1103 2721 1169 Petavius,
2748 1116 2976 1158 numero
3005 1102 3070 1158 10
3092 1112 3148 1157 et
3175 1101 3236 1156 li
3271 1100 3463 1169 capitis
3489 1102 3524 1156 2
3551 1099 3674 1154 libri
3697 1099 3814 1154 nde
3827 1099 3942 1169 opi-

708 1227 798 1281 ‘20.
835 1223 904 1279 Ut
949 1213 998 1276 ai
1022 1221 1195 1292 primo
1226 1206 1616 1274 sententiarum
1649 1216 1824 1284 capite
1852 1213 2226 1277 exordinmur,
2300 1188 2307 1194 ’
2335 1197 2454 1265 ﬁdo
2473 1210 2564 1249 εεπ
2582 1194 2805 1249 ἀίεννηιο
2839 1194 2979 1250 sum
3002 1208 3164 1262 Ροετθ
3188 1191 3506 1248 Αηὶυτοδίυε
3525 1191 3626 1264 (θα
3653 1193 3941 1246 θοηονηον⁶

633 1319 861 1377 Audiani
889 1361 904 1384 ,
962 1285 1233 1372 referente
1280 1311 1583 1382 Epiphanio
1615 1309 1846 1382 (Hazres.
1874 1307 1944 1363 70
1974 1325 2114 1360 num.
2148 1305 2228 1378 2),

2333 1291 2400 1343 tis
2431 1307 2546 1360 cap.
2581 1287 2638 1353 5,
2666 1306 2720 1342 n.
2755 1287 2846 1358 i7)
2904 1297 3014 1342 tum
3045 1287 3098 1342 in
3129 1301 3192 1341 eo
3225 1329 3239 1351 ,
3279 1300 3437 1357 quem
3458 1285 3568 1354 jam
3599 1285 3831 1356 allegavi
3858 1286 3936 1355 (η.

637 1414 807 1485 «quod
855 1376 920 1466 ad
967 1411 1256 1480 imaginem
1316 1376 1411 1460 Dei
1451 1376 1668 1460 creatus
1715 1402 1954 1456 Adamus
2008 1376 2225 1464 dicitur,
2335 1381 2404 1485 {5
2431 1382 2448 1452 )
2481 1423 2496 1447 ν
2526 1381 2652 1485 ξξεο
2674 1390 2828 1485 νὶίυηι
2851 1379 3022 1485 ξῑίξηη
3047 1378 3175 1485 “libi
3205 1379 3566 1485 tradens
3596 1376 3688 1485 (ξπ
3712 1395 3832 1485 Wf-
3866 1394 3942 1432 ιη

630 1473 916 1574 praefracte
938 1473 1287 1556 referendum
1320 1496 1386 1551 ad
1416 1510 1613 1565 corpus
1638 1493 2042 1548 existimabant.
2095 1489 2230 1545 Cum

2335 1475 2490 1530 Luca:
2519 1475 2609 1530 lib.
2657 1474 2717 1546 ι)
2743 1492 2756 1530 :
2818 1474 3013 1531 «Solus
3033 1475 3177 1530 enim
3205 1473 3455 1529 Christus
3481 1483 3564 1529 est
3587 1473 3745 1544 picus
3763 1473 3941 1543 imago

633 1567 780 1650 enim
809 1595 1071 1665 scriptum
1105 1592 1212 1646 sit:
1248 1588 1533 1644 Faciamus
1551 1585 1826 1640 hominem
1845 1583 1912 1639 ad
1943 1583 2230 1652 imaginem
2337 1572 2429 1627 Dei
2455 1613 2472 1637 ν
2523 1580 2744 1642 propter
2793 1585 3108 1638 expressam
3140 1571 3194 1625 in
3227 1585 3287 1625 se
3317 1580 3558 1640 paternae
3596 1567 3942 1624 claritudinis

630 1660 999 1750 nOSIram',‘et
1029 1679 1439 1738 similitudinem
1467 1720 1482 1745 ,
1513 1677 1693 1732 statim
1741 1675 1872 1730 illud
1906 1673 2228 1742 subjicitur:
2335 1665 2616 1719 unitatem.
2659 1663 2849 1718 Justus
2872 1673 3050 1718 autem
3085 1663 3248 1717 homo
3280 1661 3350 1716 ad
3393 1661 3682 1732 imaginem
3706 1660 3803 1716 Dei
3834 1669 3939 1724 εει,

636 1781 806 1836 Deum
832 1787 1046 1849 sumpto
1069 1776 1138 1832 de
1177 1785 1320 1830 terra
1345 1773 1567 1844 pulvere
1597 1770 1870 1827 hominem
1915 1766 2230 1824 fabricasse.
2263 1841 2306 1849 _
2333 1757 2382 1811 si
2414 1764 2636 1827 propter
2657 1755 2973 1810 imitandam
3001 1755 3205 1810 divinae
3228 1753 3659 1810 conversationis
3681 1752 3941 1806 similitu-

627 1874 764 1928 Cum
799 1841 1260 1943 igitur-hominem
1293 1841 1361 1921 de
1394 1875 1533 1921 terra
1561 1863 1850 1919 formatum
1881 1869 2126 1922 asserat,
2154 1859 2233 1914 vi-
2263 1841 2312 1902 B
2339 1849 2519 1906 dinem
2542 1892 2558 1916 .
2618 1849 2876 1904 mundum
2925 1848 3069 1903 hunc
3101 1848 3193 1902 Dei
3239 1845 3548 1917 cognitione
3577 1854 3894 1901 contemnat
3926 1861 3938 1906 ;

631 1965 730 2021 des
757 1937 927 2018 ιοίωη
957 1962 1086 2017 illud
1115 1977 1148 2018 ε
1175 1970 1315 2015 mm.
1341 1956 1633 2013 conﬂatum
1652 1955 1932 2010 verissime
1958 1953 2232 2008 hominem
2339 1943 2756 2012 voluntatesque
2779 1951 3021 1996 terrenas
3052 1939 3205 1996 verbi
3254 1938 3598 2010 perceptione
3643 1937 3933 2006 despiciat,

631 2057 835 2112 vocari.
904 2054 985 2110 Ex
1013 2068 1121 2125 quo
1147 2053 1394 2122 sequitur
1420 2050 1487 2106 de
1515 2057 1735 2104 terreno
1759 2046 1854 2101 illo
1882 2044 2230 2118 praedictum,
2344 2052 2454 2108 quo
2483 2036 2677 2091 alimur
2701 2035 2753 2089 in
2776 2035 2939 2090 vitam
2964 2051 2978 2099 ;
3011 2032 3154 2088 unde
3173 2042 3228 2086 et
3247 2047 3445 2101 corpus
3475 2030 3674 2085 Christi
3701 2029 3940 2094 edimus,

637 2152 774 2218 (me,
807 2160 862 2204 ιιι
884 2150 949 2204 ad
981 2117 1271 2218 imaginem
1301 2147 1395 2201 Dei
1426 2144 1772 2199 condemur.
1886 2117 1889 2118 7
2225 2191 2228 2194 ,
2339 2140 2398 2184 ut
2425 2129 2551 2183 vita:
2581 2136 2797 2183 aeterna:
2849 2126 3114 2196 possimus
3143 2138 3264 2179 esse
3295 2123 3583 2192 participes
3609 2140 3622 2176 :
3657 2141 3675 2173 ι
3703 2117 3941 2192 Chryso-

708 2213 984 2296 Audianos
1011 2213 1191 2294 hacin
1223 2254 1282 2293 rc
1322 2236 1494 2292 secuti
1542 2245 1669 2291 sunt
1699 2233 2234 2304 AnthrOpomorphi-
2338 2230 2545 2275 εῑοῐηιιδ
2573 2263 2588 2286 ς
2633 2219 2961 2276 Severianus
3005 2216 3358 2273 Gabalilaﬂus
3412 2213 3590 2287 (θΐαιο
3618 2229 3647 2265 "
3680 2213 3745 2266 ἀε
3762 2213 3943 2265 πίνηάῖ

639 2349 708 2394 tzn
737 2355 800 2394 ea
828 2334 1184 2392 similitudine
1212 2332 1402 2396 innixi,
1427 2345 1588 2403 quam
1609 2329 1850 2385 divinum
1873 2329 2034 2394 inter,
2056 2339 2111 2383 et
2131 2328 2230 2383 hu-

2337 2314 2594 2367 creatione
2614 2329 2669 2365 η.
2692 2311 2750 2376 4,
2778 2328 2900 2383 pag.
2924 2309 3031 2366 484
3052 2319 3174 2363 tom.
3201 2325 3252 2364 vt
3277 2308 3492 2363 edition.
3520 2305 3935 2377 Montfnucon.),

631 2446 851 2487 manum
878 2443 1074 2499 corpus
1101 2427 1281 2482 inesse
1311 2399 1606 2495 ﬁngebant.
2337 2414 2529 2460 auctor
2550 2403 2810 2465 homiliar,
2843 2417 2965 2472 qua:
2988 2400 3067 2456 sic
3089 2401 3403 2456 inscribitur
3427 2417 3440 2453 :
3473 2399 3608 2464 quod
3632 2399 3787 2453 homo
3813 2401 3944 2450 ima-

701 2524 793 2580 2l.
819 2523 927 2580 Sed
956 2490 1074 2576 haec
1103 2521 1223 2591 quis
1250 2490 1424 2575 ferali
1475 2517 1559 2574 An
1585 2517 1725 2572 Deus
1754 2517 1808 2570 in
1837 2515 2074 2570 humano
2113 2529 2232 2570 cor-
2339 2516 2369 2570 9

2339 2499 2509 2570 ginem
2539 2497 2636 2551 Dei
2658 2512 2749 2565 per
2766 2504 3027 2564 peccatum
3046 2494 3254 2565 abjccit,
3273 2491 3510 2565 Cyrillus
3520 2490 3937 2557 Alexandrinus,

633 2633 765 2690 pore
785 2618 869 2673 sui
901 2615 1188 2684 imaginem
1221 2612 1494 2682 imprimet
1519 2651 1534 2676 ,
1564 2610 1654 2681 qui
1679 2622 1904 2679 prorsus
1935 2607 2232 2683 spiritualis
2340 2588 2668 2690 θῑῧξξιθξίυε
2711 2587 2951 2642 ¹¹Ῑ⁵ι⁰¹¹ίε¹³
2975 2585 3176 2641 Νῗοπηί
3197 2584 3427 2690 (mmini
3455 2593 3651 2638 auem"
3674 2579 3775 2655 (“)-
3812 2582 3945 2636 Dili'

637 2721 746 2780 est,
779 2719 837 2767 et
861 2724 1122 2779 corporea
1146 2707 1336 2779 quavis
1365 2704 1509 2760 mole
1533 2703 1769 2760 carens?
1799 2702 1872 2757 Ea
1895 2718 2014 2774 quae
2045 2701 2237 2756 adver-

2339 2682 2654 2752 gentissime
2686 2695 2866 2751 porro.
2898 2691 2952 2734 et
2977 2681 3198 2748 copiose
3219 2677 3465 2733 eamdem
3493 2678 3821 2732 sententiam
3841 2689 3943 2730 ex-

633 2769 1338 2874 sus'Anthro'pomorphitas
1361 2798 1622 2869 Theologi
1648 2769 1965 2866 disputant,
2012 2803 2233 2850 senten-

2339 2774 2530 2846 ponit,
2581 2783 2639 2830 et
2659 2773 2920 2844 approbat
2945 2771 3352 2842 Theodorelus,
3406 2785 3565 2842 quem
3625 2769 3774 2840 legas
3800 2777 3930 2838 opto

639 2900 769 2954 tiam
802 2899 941 2952 hanc
963 2863 1070 2950 iam
1088 2863 1448 2958 vehementer
1471 2863 1758 2955 evertunt,
1815 2897 1873 2942 ut
1899 2887 1952 2942 iu
1981 2902 2042 2940 ea
2072 2886 2233 2942 relel-
2346 2867 2574 2940 (ρυωδεο
2600 2882 2674 2922 Χι
2697 2867 2752 2920 δη
2781 2863 3064 2936 cenam)-

632 2991 791 3045 lentla
812 2987 1113 3042 consistere
1142 2999 1248 3038 non
1281 2981 1351 3036 sit
1395 2996 1558 3050 opus.
1603 2978 2000 3032 Tantummodo
2052 2976 2237 3047 itaque
2412 2982 2501 3037 25.
2556 2981 2649 3036 His
2698 2981 2927 3051 adjunge
2967 2979 3355 3051 Hieronymum
3391 2977 3675 3033 Aretinum
3704 3017 3718 3042 ,
3779 2989 3938 3046 quem

633 3079 724 3136 hic
744 3079 1103 3158 Augustinum
1129 3074 1352 3130 afferam
1373 3063 1394 3138 i,
1450 3087 1520 3127 ne
1546 3070 1732 3126 videar
1756 3069 1962 3140 Optimi
1989 3069 2236 3125 Doctoris
2342 3085 2499 3130 antea
2522 3075 2684 3130 etiam
2715 3075 2963 3146 allegavi.
3009 3073 3090 3129 En
3123 3088 3253 3129 vero
3272 3087 3393 3143 quae
3425 3071 3584 3126 tradit
3606 3070 3682 3143 (b)
3723 3070 3815 3126 hic
3843 3085 3941 3124 au-

632 3172 1016 3226 auctoritatem
1038 3177 1424 3222 contemnere:
1451 3163 1593 3220 «Vos
1619 3171 1798 3217 autem
1823 3159 2038 3224 fratres,
2062 3161 2237 3233 inquit
2278 3229 2312 3238 _
2344 3177 2483 3229 ctor,
2509 3175 2567 3222 ut
2593 3168 2749 3223 nobis
2773 3167 3116 3238 persuadeat,
3145 3165 3435 3238 imaginem
3453 3165 3608 3220 Deiin
3637 3165 3943 3220 remotione

633 3264 728 3320 ille
757 3260 1194 3337 (Enarrat.inps.
1230 3272 1420 3322 XLVIII,
1445 3274 1497 3311 n.
1532 3254 1646 3328 11).
1668 3254 2011 3311 considerate
2026 3269 2122 3310 vos
2140 3254 2238 3310 ho-
2269 3229 2314 3293 Ο
2348 3280 2377 3317 a
2403 3263 2656 3334 peccatis,
2688 3272 2773 3327 et,
2811 3272 2864 3316 ut
2909 3261 3038 3332 ipsis
3066 3261 3292 3332 hujusce
3318 3260 3554 3316 auctoris
3587 3259 3770 3314 verbis
3801 3269 3940 3322 utar,

635 3357 813 3411 mines
854 3353 1023 3410 factos
1066 3351 1134 3406 ad
1172 3350 1500 3421 imaginem,
1549 3356 1605 3404 et
1658 3346 2068 3402 similitudinem
2121 3347 2235 3402 Dei.

2342 3357 2395 3411 in
2423 3354 2678 3410 munditia
2707 3369 2827 3410 esse
2856 3354 3114 3425 positam.
3150 3353 3439 3423 Explicans
3468 3352 3632 3408 verba
3665 3351 3755 3406 illa
3786 3350 3949 3406 Chri-

636 3448 816 3519 Imago
843 3447 940 3502 Dei
971 3447 1114 3501 Ῐηῑιιε
1135 3454 1220 3500 εει
1246 3488 1261 3511 ,
1295 3457 1402 3498 ιιοη
1433 3452 1518 3497 εει
1547 3441 1600 3496 in
1623 3454 1854 3511 corpore
1879 3481 1892 3505 ι
1928 3454 2036 3493 ηοη
2067 3448 2152 3494 εει
2183 3439 2237 3494 in
2341 3448 2445 3504 sti:
2483 3449 2616 3504 beati
2643 3447 2822 3502 mundi
2845 3446 2998 3501 corde
3024 3488 3040 3514 ,
3067 3447 3308 3515 quoniam
3329 3447 3432 3516 ipsi
3460 3444 3626 3500 Deum
3646 3443 3892 3499 videbunt
3919 3461 3936 3504 ,-

639 3542 865 3598 auribus
895 3540 1036 3605 istis,
1063 3552 1199 3609 quas
1222 3536 1450 3597 videtis.
1475 3542 1530 3590 et
1557 3533 1753 3599 oculis,
1786 3540 1843 3587 et
1869 3531 2092 3586 naribus
2121 3570 2138 3596 ,
2183 3539 2240 3584 et

2342 3541 2459 3596 lucc
2490 3540 2560 3596 de
2605 3541 2836 3610 imagine
2864 3540 2955 3592 Dei
2983 3537 3186 3593 homini
3230 3537 3492 3607 impressa
3518 3536 3676 3593 docet
3705 3552 3720 3589 :
3757 3536 3945 3590 diun-

643 3634 844 3706 paiaio.
876 3642 931 3687 ει
959 3631 1232 3693 manibus,
1265 3624 1564 3696 θιβθάίδυε
1589 3640 1604 3690 ;
1629 3623 1724 3679 sed
1755 3633 1838 3679 εει
1869 3621 2008 3677 fama
2033 3631 2234 3686 tamen;
2341 3632 2473 3688 ditia
2504 3631 2685 3687 cordis
2711 3639 2869 3687 sexto
2894 3630 3012 3685 loco
3042 3631 3258 3701 ponitur
3279 3672 3294 3696 ,
3321 3631 3447 3700 quia
3473 3639 3631 3684 sexto
3659 3627 3748 3684 die
3777 3625 3946 3684 homo

637 3727 730 3782 ubi
768 3734 855 3781 est
880 3715 1228 3786 intellectus,
1268 3720 1357 3774 ubi
1387 3730 1468 3774 est
1496 3732 1687 3782 mens,
1743 3715 1832 3770 ubi
1856 3716 1992 3770 ratio
2020 3716 2241 3770 investi—
2341 3724 2588 3781 conditus
2615 3723 2790 3780 estad
2814 3724 3099 3794 imaginem
3131 3723 3268 3788 Dei;
3320 3722 3437 3778 haec
3484 3723 3626 3778 enim
3679 3722 3946 3779 munditia

635 3817 828 3891 ganda:
857 3815 1100 3872 veritatis
1122 3856 1140 3882 ,
1189 3813 1279 3868 ubi
1317 3823 1402 3868 est
1429 3811 1562 3866 tides
1586 3851 1601 3878 ,
1648 3808 1738 3864 ubi
1762 3817 1845 3864 est
1883 3822 2009 3877 spes
2036 3815 2235 3873 vestra,

2342 3829 2427 3875 est
2447 3818 2624 3889 imago
2649 3817 2782 3885 Dei,
2826 3833 2930 3889 qua
2975 3818 3122 3873 clare
3152 3818 3315 3872 Deum
3368 3816 3620 3870 omnibus
3643 3815 3945 3886 perturba-

634 3911 729 3966 ιιδὶ
760 3910 994 3965 Charitas
1025 3916 1226 3972 vestra.
1251 3904 1324 3961 ibi
1354 3903 1514 3958 habel
1543 3903 1684 3958 Deus
1712 3900 1997 3971 imaginem
2022 3913 2230 3955 suam”
2342 3910 2578 3965 tionibus
2606 3910 2860 3976 remOtis,
2893 3919 2950 3965 et
2997 3909 3144 3964 omni
3185 3907 3414 3980 caligine
3443 3907 3694 3963 vitiorum
3723 3917 3942 3963 remota

715 4004 786 4060 Et
814 4003 943 4058 alibi
990 3999 1265 4076 (Enarrat.
1289 4000 1343 4053 in
1371 4015 1449 4068 ps.
1477 4012 1586 4061 LIV,
1615 4013 1667 4049 η.
1692 3995 1750 4066 ὅ)
1771 4011 1785 4047 :
1809 3993 2011 4048 «Porro
2033 4003 2237 4060 autem,
2342 4004 2383 4057 γ]

2342 4003 2628 4069 videmus;
2673 4002 2928 4073 quoniam
2979 4004 3054 4057 illi
3087 4002 3341 4057 dicuntur
3369 4000 3569 4057 mundo
3593 4000 3760 4057 corde
3784 4043 3800 4067 ,
3844 4003 3941 4072 qui

635 4089 1685 4162 ChariSSimi,meminiSSCdebemus:ad
1709 4089 1997 4160 ίιηειείιιεηι
2019 4087 2114 4142 θεῖ
2138 4102 2237 4143 “05
2341 4099 2520 4152 exutis
2559 4097 2811 4151 omnibus
2833 4097 3084 4152 medullis
3111 4095 3186 4168 (c)
3229 4096 3551 4150 scculartum
3588 4109 3770 4150 rerum
3797 4137 3814 4161 ,
3859 4094 3949 4148 in-

636 4203 759 4246 esse
785 4189 958 4244 factos
989 4229 1004 4250 ,
1039 4200 1140 4242 nec
1179 4183 1303 4239 alibi
1331 4197 1492 4254 quam
1527 4181 1582 4236 in
1614 4181 1734 4251 ipso
1756 4179 2056 4234 intellectu.
2100 4177 2235 4234 Nam
2344 4188 2532 4242 mirum
2563 4187 2759 4242 mentis
2783 4189 2836 4242 in
2867 4189 2984 4243 solo
3015 4189 3127 4243 Deo'
3153 4186 3571 4258 contemplando
3592 4186 3778 4258 ﬁgunt.
3816 4185 3946 4241 “me

631 4283 685 4337 in
710 4280 891 4336 "illius
915 4279 1080 4335 ΐθιὶυε
1111 4295 1138 4330 ³
1165 4277 1352 4333 δθδῑίίε
1381 4289 1730 4345 ειιβθτθῐηιπε
1758 4271 1846 4328 “bi
1870 4284 2050 4329 amem
2073 4272 2237 4326 homo
2342 4281 2520 4350 imago
2547 4279 2894 4336 obtenebrata
2923 4291 3043 4335 erat
3085 4282 3136 4334 in
3162 4281 3380 4336 homine
3409 4295 3503 4350 per
3529 4277 3741 4350 Culpam
3763 4321 3779 4345 ,
3837 4281 3940 4334 sed

635 4373 702 4429 ad
745 4373 1032 4443 ilnnginem
1065 4371 1163 4427 Dei
1203 4369 1403 4425 factum
1445 4383 1504 4423 se
1551 4369 1702 4423 novit
1733 4409 1748 4433 ,
1777 4365 1853 4422 ibi
1875 4365 2080 4436 aiiquitl
2105 4366 2156 4419 ilt
2177 4379 2238 4420 se
2343 4372 2506 4427 modo
2529 4374 2818 4429 reformata
2843 4381 2928 4430 est
2948 4389 3042 4444 per
3062 4373 3288 4444 gratiam
3315 4374 3428 4428 Dei.
3475 4373 3541 4427 Et
3557 4373 3768 4428 nuncin
3783 4383 3945 4428 sexta

631 4466 880 4538 agnoscit
905 4465 1137 4535 amplius
1158 4477 1278 4518 esse
1307 4505 1322 4528 ,
1375 4476 1536 4532 quam
1575 4459 1758 4515 datum
1807 4469 1890 4514 est
1920 4455 2234 4528 pecoribus.
2341 4463 2429 4519 die
2453 4507 2466 4528 ,
2511 4463 2561 4519 id
2587 4473 2671 4520 est
2697 4467 2748 4519 in
2781 4475 2931 4520 sexta
2955 4475 3116 4521 aetate
3142 4466 3334 4521 iterum
3366 4465 3536 4520 factus
3556 4475 3642 4521 est
3673 4466 3835 4520 homo
3865 4469 3940 4520 ad

629 4557 1003 4615 Consideratis
1036 4570 1168 4610 vero
1191 4553 1443 4609 omnibus
1466 4553 1660 4619 rebus,
1692 4563 1828 4622 quas
1855 4550 2018 4606 habet
2047 4549 2234 4614 homo,
2265 4614 2313 4630 ἢ
2344 4559 2630 4628 imaginem
2673 4558 2786 4614 Dei.
2831 4557 2958 4614 Haec
3011 4559 3395 4629 contemplatio
3416 4601 3431 4624 ,
3483 4559 3577 4615 Dei
3618 4559 3794 4630 imago
3830 4569 3942 4626 est,

634 4651 841 4708 invenit
868 4665 929 4706 se
954 4664 1022 4706 eo
1053 4649 1272 4719 proprie
1298 4646 1590 4703 discretum
1620 4661 1649 4699 a
1680 4659 1897 4715 pecore,
1941 4642 2086 4715 quod
2118 4642 2236 4712 ipse
2265 4614 2317 4674 D
2342 4652 2466 4722 quia
2490 4667 2586 4723 per
2614 4667 2734 4707 eam
2765 4652 2921 4706 nobis
2951 4652 3117 4708 Deum
3156 4614 3532 4723 im;ginamur,
3566 4662 3621 4708 ει
3647 4614 3803 4723 ηυξεί

636 4745 834 4801 habeat
865 4744 1218 4800 intellectum.
1245 4761 1265 4794 ι
1297 4741 1403 4797 Sed
1451 4748 1504 4796 et
1534 4739 1679 4794 illam
1705 4738 2014 4808 opinionem
2038 4735 2236 4790 adver-
2340 4743 2627 4816 imaginem
2655 4744 2898 4800 videmus
2919 4745 3087 4800 Deum
3119 4787 3135 4814 ,
3186 4744 3403 4817 quando
3427 4748 3620 4802 merito
3649 4745 3770 4816 plus
3810 4745 3941 4801 aliis

632 4854 726 4895 sus
757 4838 1033 4895 Audianos
1053 4835 1328 4891 disserens
1346 4833 1677 4904 Epiphanius
1709 4848 1738 4886 a
1766 4829 2237 4886 verisimilitudine
2343 4835 2654 4906 sequimur;
2677 4838 2800 4907 quia
2819 4837 2918 4892 nisi
2942 4838 3211 4908 prmcedat
3229 4837 3486 4892 mundum
3508 4852 3606 4893 cor
3627 4841 3681 4893 in
3697 4837 3943 4902 homine,

632 4930 1055 4988 remotissimam
1083 4925 1320 4981 ostendit
1345 4923 1572 4998 (Haeres.
1600 4924 1693 4989 70,
1727 4940 1781 4976 n.
1829 4919 1910 4992 2).
1941 4921 1996 4976 ld
2019 4935 2236 4992 quoque
2343 4945 2449 4985 ηοη
2480 4943 2696 4987 creatur
2739 4931 2980 5004 (imago),
3019 4951 3038 4998 η
3065 4932 3400 4988 Senmmiam
3427 4931 3567 4986 hanc
3588 4929 3812 4986 minime
3841 4931 3945 4985 im-

635 5022 845 5097 peragit
874 5019 1246 5075 Τιιθοίῖονθῑυε
1273 5016 1498 5088 (Quam-
1525 5014 1597 5070 20
1647 5015 1700 5069 in
1728 5011 1987 5081 Cenes-)t
2022 5022 2076 5068 οι
2109 5013 2230 5066 Ιπθ·
2344 5023 2513 5094 probo
2543 5041 2556 5077 :
2587 5025 2784 5078 etenim
2815 5023 2868 5078 iu
2897 5024 2962 5078 iis
2983 5023 3392 5092 quaestionibus,
3413 5024 3465 5078 in
3497 5023 3688 5093 quibus
3710 5023 3942 5078 multum

633 5115 856 5172 vissime
901 5112 1047 5168 Zeno
1099 5107 1214 5186 (lib.
1277 5126 1338 5175 ιι,
1393 5117 1542 5163 tract.
1598 5108 1707 5175 19,
1755 5106 1848 5172 20,
1911 5122 2030 5176 pag.
2082 5104 2230 5171 206,

2343 5115 2704 5186 ambiguitatis
2735 5116 2785 5170 in
2803 5130 2936 5172 voce
2955 5116 3090 5185 ipsa,
3121 5116 3372 5186 illiusque
3402 5114 3747 5184 usurpatione
3767 5114 3939 5182 inest,

632 5205 740 5263 207
782 5205 930 5260 Edit.
993 5204 1185 5260 Veron.
1239 5199 1541 5272 Batlcrin.).
1613 5200 1780 5256 Posse
1824 5208 2001 5252 tamen
2053 5198 2236 5268 aliquo

2343 5205 2771 5276 significationes
2793 5206 2947 5263 valde
2967 5207 3186 5263 dissitas
3207 5207 3382 5263 eidem
3407 5209 3524 5278 voci
3552 5205 3788 5264 tribuere
3811 5222 3940 5274 pos-

633 5298 798 5354 m0d°
849 5298 1012 5354 etiam
1051 5310 1249 5366 οοτςιυε
1277 5293 1570 5349 huma'mm
1616 5291 1682 5346 ad
1712 5291 1999 5362 imaginem
2027 5289 2122 5345 Dei
2154 5288 2236 5343 fa-
2343 5310 2548 5352 sumus.
2593 5298 2707 5354 Hoc
2727 5308 2910 5355 tamen
2941 5301 3154 5356 videtur
3181 5301 3472 5370 explicatio
3498 5300 3589 5354 illa
3629 5301 3830 5356 habere
3858 5301 3940 5354 in-

633 5400 782 5448 ctum
809 5389 980 5446 videri
1007 5429 1023 5454 ,
1069 5387 1227 5444 docet
1250 5385 1503 5442 Petavius
1523 5383 1628 5458 (De
1659 5381 1804 5455 opif.
1837 5381 1930 5437 lib-
1955 5397 2016 5448 tl.
2057 5380 2116 5448 2,
2146 5379 2227 5452 5).
2341 5389 2637 5457 commodi,
2669 5393 2810 5462 quod
2833 5393 3045 5464 imagini
3076 5394 3280 5458 tribuit,
3313 5397 3457 5464 quod
3489 5393 3600 5448 Viri
3622 5392 3940 5456 clarissimi,

632 5493 692 5542 et
717 5483 908 5541 vadem
937 5481 1295 5554 Augustinum
1316 5478 1506 5546 affert,
1561 5477 1716 5547 cujus
1757 5475 1921 5532 verba
1963 5475 2226 5548 deinceps

2341 5479 2586 5552 adeoque
2616 5483 2732 5554 ipse
2761 5482 3124 5556 Hieronymus
3153 5485 3432 5552 Aretinus,
3461 5483 3812 5540 Sintititudini
3840 5485 3937 5540 tri—

692 5682 772 5758 (a)
815 5683 872 5758 In
906 5647 1051 5758 locis
1087 5665 1158 5736 ab
1199 5679 1400 5758 eodem
1437 5675 1660 5733 Petavio
1690 5673 1932 5746 allegatis
1963 5713 1980 5740 ,
2030 5687 2151 5745 cap.
2175 5673 2214 5727 2
2325 5754 2337 5758 _
2385 5678 2466 5758 (ε)
2489 5677 2545 5734 In
2573 5677 2758 5758 codice
2784 5697 2798 5734 :
2823 5680 3054 5758 ηιὶώιιι.ε
3079 5695 3205 5758 qua:
3233 5681 3583 5758 quidemvog
3601 5681 3730 5752 quid
3756 5680 3928 5737 deno-

620 5749 1112 5832 Ιίὴξβιμερρὶβεη
1143 5766 1198 5832 ιι..
1230 5749 1435 5832 19,1.
1479 5828 1490 5832 Δ
1731 5817 1743 5828 θ
1802 5831 1824 5832 η
1867 5814 1902 5832 ﬂ
2002 5825 2033 5832 Α
2108 5831 2111 5832 γ
2156 5831 2159 5832 γ
2321 5754 2415 5816 tet,
2451 5765 2670 5820 prorsus
2696 5751 2884 5820 ignoro
2915 5771 2928 5807 :
2961 5753 3056 5808 sed
3075 5749 3306 5810 fortasse
3334 5755 3524 5811 sordes
3550 5749 3792 5811 denotat.

616 5869 630 5893 ι
690 5823 765 5889 (ὁ)
791 5822 846 5876 1η
879 5814 1143 5877 Sermone
1171 5814 1573 5891 injettivitatem
1598 5817 1832 5873 omnium
1863 5814 2205 5872 Sanctorum.
