4224 6262
370 327 474 382 ΩῚΤ

1030 328 1097 383 IN
1137 327 1392 385 HILAR“
1431 326 1652 385 EPIST.
1698 327 1830 385 SE"
1873 330 2090 388 HBEL.
2136 331 2590 393 DISSRRTATIO
2627 332 2966 393 SECUNDA.

3564 334 3668 390 858

371 446 561 500 huunt.
606 444 672 499 Et
701 457 899 515 paucos
929 458 1058 498 sane
1099 445 1349 500 invenies
1377 487 1394 512 ,
1426 446 1517 514 qui
1553 445 1647 502 Dei
1679 446 1964 518 imaginem
1995 453 2048 510 A
2071 451 2195 520 giae
2227 451 2340 508 Dei.
2397 453 2496 511 Ubi
2529 455 2704 526 imago
2739 453 2877 509 Dei?
2907 454 2960 508 lu
2987 463 3168 508 mente
3196 495 3212 520 ,
3244 454 3296 508 in
3332 451 3662 508 intellectu.»

367 544 435 597 al»
461 543 615 598 initio
643 541 850 596 homini
887 542 1240 612 impressam,
1274 556 1372 613 per
1402 551 1682 613 peccatum
1713 542 1966 598 abolitam

367 634 659 690 aﬂirmeut.

441 727 577 783 Hinc
601 728 938 798 Augustinus
976 729 1118 800 quod
1167 729 1221 784 in
1271 729 1446 800 capite
1471 729 1540 785 27
1583 737 1639 784 et
1683 727 1754 784 28
1788 728 1877 784 lib.
1911 745 1964 784 Vl

369 819 433 874 de
459 819 641 876 Genesi
668 821 737 874 ad
766 821 985 876 litteram
1024 822 1091 877 de
1140 824 1380 893 imagine'
1400 822 1492 878 Dei
1542 837 1638 892 per
1686 833 1962 893 peccatum

366 916 645 988 deperdita
674 918 902 982 dixerat,
929 918 996 973 ad
1023 917 1165 974 hunc
1179 918 1395 974 modum
1416 919 1701 984 imminuit,
1724 926 1778 974 et
1796 917 1961 973 veluti

365 1011 621 1066 emendat
665 1012 779 1084 (lib.
833 1027 871 1066 ιι
920 1021 1137 1068 retraet.
1189 1028 1236 1066 c.
1287 1009 1387 1084 24)
1425 1029 1439 1066 :
1487 1029 1507 1064 ‹
1539 1009 1596 1066 ln
1624 1019 1784 1067 sexto
1825 1009 1962 1065 libro

364 1102 509 1175 quod
531 1103 672 1170 dixi,
695 1103 862 1157 Adam
887 1104 1157 1175 imaginem
1178 1103 1296 1170 Dei,
1317 1103 1596 1159 secundum
1617 1119 1768 1174 quam
1789 1103 1961 1173 factus

362 1210 457 1264 est,
481 1197 768 1269 perdidisse
795 1209 1022 1267 peccato,
1075 1214 1180 1254 non
1204 1199 1281 1254 sic
1301 1198 1670 1268 accipiendum
1692 1207 1804 1261 est,
1837 1209 1958 1252 tan-

361 1305 521 1362 quam
547 1291 613 1344 in'
640 1306 706 1345 eo
739 1291 883 1344 nulla
911 1292 1230 1346 remanserit
1255 1332 1270 1353 .
1317 1290 1413 1346 sed
1458 1290 1602 1362 quod
1635 1301 1741 1345 tam
1765 1287 1954 1344 .del‘or-

363 1382 466 1437 mis
493 1391 550 1437 ut
577 1383 959 1438 reformatione
985 1399 1120 1454 opus
1138 1383 1378 1439 haberet.
1429 1401 1449 1434 »

435 1477 715 1530 [lationem
747 1492 875 1530 vero
903 1475 1126 1546 hujusce
1155 1492 1266 1532 sua:
1312 1476 1673 1547 persuasionis
1717 1475 1951 1542 adducit,

356 1585 480 1626 cum
506 1580 692 1625 monet
735 1572 788 1625 in
815 1572 998 1642 aliquo
1025 1571 1295 1643 perenni,
1341 1584 1395 1628 et
1440 1587 1656 1641 semper
1698 1572 1955 1627 duraturo

354 1681 476 1722 eam
504 1709 519 1732 ,
565 1665 632 1722 de
680 1681 784 1736 qua
810 1668 1018 1736 agimus
1042 1709 1056 1732 ,
1109 1666 1394 1737 imaginem
1424 1681 1545 1722 esse
1577 1666 1951 1722 collocandum

354 1759 482 1832 (lib.
508 1775 599 1816 xw
619 1760 686 1816 de
701 1759 892 1815 Triuit.
923 1779 1037 1832 cap.
1060 1761 1114 1827 ’5,
1135 1779 1274 1815 nam.
1297 1764 1329 1817 4
1349 1760 1399 1832 );
1427 1780 1446 1814 ι
1471 1762 1620 1817 Absit
1643 1770 1844 1830 autem,
1871 1763 1952 1815 io-

2143 543 2235 601 26.
2263 544 2611 602 Prudentium
2640 587 2656 614 ,
2683 561 2844 618 quem
2867 545 3125 616 deinceps
3155 544 3506 617 allegabimus
3538 587 3552 611 ,
3612 543 3666 600 in

2072 637 2317 693 eamdem
2350 640 2670 696 sententiam
2714 640 2911 696 merito
2955 639 3218 705 adduces;
3269 637 3666 695 Theodoretum

2071 746 2306 800 queque,
2336 747 2454 799 seu,
2483 744 2540 787 ut
2562 738 2738 802 aptius
2767 733 2959 801 loquar
2977 774 2991 798 ,
3022 747 3117 788 eos
3141 774 3158 798 ,
3186 746 3324 800 quos
3353 731 3668 787 Theodore-

2071 830 2156 878 tus
2180 823 2396 894 allegat,
2428 826 2518 894 qui
2545 824 2884 880 collocabant
2908 825 2960 879 in
2990 834 3238 894 potestate
3259 824 3540 899 judicandi
3571 825 3666 881 ho-

2069 917 2199 971 mini
2235 916 2432 972 tributa
2456 961 2472 984 ,
2501 933 2618 973 eam
2651 960 2668 985 ,
2726 919 2793 974 de
2827 934 2931 991 qua
2964 919 3318 990 disputamus,
3353 919 3661 990 imaginem.

2065 1009 2328 1067 Nimirum
2355 1011 2399 1066 si
2430 1013 2642 1081 penitus
2667 1027 2856 1068 eorum
2904 1027 3061 1068 sensa
3104 1011 3410 1084 perpendas
3433 1054 3448 1078 ,
3505 1011 3665 1069 facile

2063 1103 2131 1159 ad
2155 1103 2589 1176 intelligentiam,
2617 1120 2712 1160 seu
2738 1105 2805 1160 ad
2829 1105 3662 1178 intelligendi,.discernendique

2064 1207 2386 1268 potestatem
2414 1215 2478 1255 ac
2503 1200 2610 1255 vim
2640 1202 2824 1272 opinio
2852 1217 2913 1257 ea
2942 1201 3243 1256 deducitur.
3290 1200 3442 1270 Quod
3465 1202 3513 1258 si
3541 1217 3662 1272 pro-

2068 1293 2284 1349 nuntiat
2311 1294 2684 1351 Theodoretus
2705 1338 2719 1361 ,
2767 1311 2873 1350 non
2913 1310 3035 1351 esse
3065 1297 3223 1364 plane
3245 1296 3480 1351 similem
3517 1297 3661 1352 Divi-

2062 1403 2146 1442 ηεξ
2173 1387 2543 1458 intelligentim
2579 1388 2866 1444 humanam
2918 1388 3327 1460 intelligentiam
3361 1388 3480 1460 (ιι),
3536 1391 3657 1460 quis

2059 1496 2123 1536 ea
2152 1481 2219 1537 de
2246 1496 2304 1536 re
2335 1482 2617 1553 ambigat?
2661 1481 2765 1538 Sed
2793 1481 2936 1536 aliud
2967 1491 3050 1536 est
3077 1497 3196 1538 esse
3225 1490 3514 1552 utcumque
3541 1482 3654 1538 Deo

2061 1575 2290 1631 similem
2336 1577 2388 1631 in
2431 1575 2786 1646 intelligentia
2830 1576 2943 1645 ipsa
2987 1577 3294 1642 hominem,
3341 1575 3487 1632 aliud
3532 1591 3657 1633 esse

2061 1682 2281 1735 prorsus
2313 1667 2561 1723 similem.
2584 1668 2922 1724 Postremum
2945 1669 3066 1735 hoc,
3089 1668 3232 1739 quod
3264 1670 3460 1725 merito
3481 1672 3657 1739 reiicit

2057 1759 2454 1827 Theodoretus,
2486 1771 2541 1816 et
2555 1777 2652 1816 nos
2669 1760 2942 1831 rejicimus
2959 1779 2972 1827 ;
2991 1762 3220 1830 primum
3247 1763 3402 1818 facile
3419 1763 3658 1818 admitti-

351 1854 501 1923 quit,
547 1863 602 1908 ut
649 1869 768 1909 cum
801 1854 996 1909 anima:
1027 1865 1214 1910 natura
1247 1855 1315 1910 sit
1350 1855 1704 1921 immortalis,
1755 1871 1854 1911 nec
1875 1855 1944 1910 ab
1973 1856 2021 1917 B
2049 1868 2190 1907 mus.
2214 1852 2318 1908 Sed
2333 1869 2683 1923 quzeeumque
2706 1853 3477 1921 senseritTheodoretus,eam
3500 1870 3651 1922 sane,

350 1943 504 1999 initio
534 1959 642 2015 quo
662 1955 843 2001 creata
869 1955 971 2011 est,
1003 1962 1238 2016 unquam
1261 1947 1520 2017 deinceps
1543 1963 1663 2002 esse
1693 1948 1944 2010 desistat,

349 2035 402 2090 id
429 2052 538 2108 quo
560 2038 693 2092 nihil
725 2039 917 2093 melius
952 2039 1147 2106 habet,
1197 2055 1300 2094 non
1330 2056 1452 2096 cum
1485 2042 1604 2111 ejus
1629 2043 1945 2098 immortali-

347 2140 457 2185 tate
485 2131 764 2202 perduret.
807 2131 942 2201 Quid
973 2147 1103 2187 vero
1130 2133 1323 2189 melius
1344 2133 1397 2188 in
1423 2134 1542 2203 ejus
1569 2143 1755 2189 natura
1787 2150 1944 2189 erea-

347 2233 458 2276 tum
483 2233 584 2290 est,
617 2239 774 2293 quam
804 2223 946 2294 quod
978 2224 1044 2278 ad
1073 2223 1154 2279 Sui
1183 2223 1458 2279 Creatoris
1489 2226 1774 2294 imaginem
1807 2227 1941 2280 laeta

345 2315 465 2370 est?
514 2313 627 2369 Non
652 2316 813 2387 igitur
834 2319 886 2370 in
921 2315 1046 2371 tidei
1069 2319 1371 2370 retentione
1401 2358 1415 2378 ,
1454 2317 1938 2386 contemplatione,

344 2408 661 2474 dileCIione,
685 2425 804 2480 qum
832 2423 934 2464 non
957 2410 1058 2465 erit
1091 2425 1327 2480 semper,
1353 2411 1446 2464 sed
1479 2410 1609 2466 ineo
1636 2411 1776 2482 quod
1802 2427 1942 2466 sem-

341 2516 440 2573 per
469 2501 595 2568 erit,
629 2502 951 2557 invenienda
983 2511 1085 2567 est,
1118 2518 1278 2574 quam
1306 2502 1412 2558 dici
1435 2513 1683 2573 epos-teat
1706 2547 1720 2571 ,
1755 2504 1944 2575 imagi-

340 2610 460 2652 nem
493 2595 606 2651 Dei.
622 2614 641 2647 »

410 2710 502 2765 24.
538 2709 644 2765 Sed
673 2709 761 2765 alii
793 2725 897 2765 non
923 2710 974 2764 in
998 2711 1442 2774 accidentalibus,
1475 2721 1532 2766 ut
1556 2714 1625 2766 ita
1649 2712 1939 2781 appellem,

337 2803 691 2874 qualitatibus
724 2803 806 2858 his
837 2804 1131 2868 Collocant,
1157 2804 1251 2860 sed
1273 2805 1325 2860 in
1351 2804 1942 2870 essentialibus;diﬂe-

337 2904 465 2949 runt
493 2905 694 2960 autem,
721 2895 847 2949 dum
881 2895 984 2951 hoc
1011 2897 1184 2966 ipsum
1213 2897 1437 2952 delinire
1461 2899 1673 2953 student
1699 2939 1714 2964 ,
1743 2907 1794 2952 et
1825 2905 1937 2952 sta-

338 2987 516 3042 bilire.
560 2989 735 3058 Atque
768 2988 818 3044 in
841 2989 1033 3058 Spiritu
1065 2989 1181 3059 ipsi»
1206 3031 1220 3053 ,
1245 3005 1340 3044 seu
1367 2989 1545 3044 anima
1576 2990 1807 3043 hominis
1833 3004 1938 3043 non

339 3081 496 3152 pauci
541 3097 660 3137 eam
691 3081 976 3154 imaginem
1021 3091 1287 3138 statuunt.
1339 3082 1422 3137 At
1466 3083 1687 3137 minime
1733 3097 1935 3137 conve-

338 3174 516 3239 niunt,
549 3189 673 3228 ntnn
707 3176 757 3228 in
793 3174 1170 3244 intelligentia,
1193 3176 1391 3230 Immin
1419 3175 1717 3242 voluntate,
1738 3191 1862 3228 num
1885 3175 1934 3230 in

337 3278 567 3338 utroque
599 3267 784 3323 eadem
816 3269 992 3339 imago
1017 3268 1088 3322 sit
1112 3268 1450 3324 collocanda.
1800 3263 1802 3266 ’

411 3364 536 3419 llam
565 3363 723 3420 docet
747 3404 762 3426 .
824 3364 1050 3420 Gelenio
1073 3363 1369 3429 interprete
1390 3405 1404 3430 ,
1441 3362 1596 3417 Philo
1626 3361 1728 3436 (De
1757 3365 1933 3434 Opiﬁc.

334 3474 458 3530 pag.
485 3457 552 3512 15
600 3457 724 3510 edit.
756 3455 997 3526 Lngdun.
1040 3457 1166 3508 anni
1197 3453 1360 3526 1561)
1411 3471 1424 3507 :
1474 3455 1712 3510 «Dicitur
1754 3456 1933 3527 imago

328 3549 483 3620 juxta
515 3558 750 3605 mentem
789 3551 1071 3605 rectricem
1111 3549 1345 3602 animze:
1391 3546 1458 3601 ad
1499 3547 1624 3602 illud
1657 3548 1800 3602 enim
1826 3549 1935 3603 sin-

332 3642 540 3714 gulare,
560 3657 658 3697 ceu
686 3640 1034 3712 archetypum
1069 3640 1119 3693 in
1141 3653 1467 3709 unoquoque
1497 3653 1650 3693 mens
1677 3638 1931 3710 efﬁgiata,

333 3747 419 3794 est
449 3733 845 3806 quodammodo
873 3735 1013 3789 Deus
1041 3733 1158 3803 ejus
1189 3775 1205 3800 ,
1234 3734 1323 3803 qui
1358 3734 1526 3802 ipsam
1560 3732 1930 3788 circumfert.»

336 3830 616 3886 Philonem
662 3828 813 3897 sequi
861 3826 1072 3880 videtur
1101 3826 1356 3880 Clemens
1384 3823 1780 3878 Alexandrinus
1813 3824 1927 3895 (lib.

334 3941 386 3980 γι
435 3922 660 3994 Strom.)
698 3920 1002 3975 «hominem
1037 3934 1262 3974 monens
1283 3918 1349 3972 ad
1376 3917 1466 3972 Dei
1494 3918 1779 3986 imaginem
1811 3931 1933 3972 esse

334 4017 558 4079 factum,
592 4030 698 4070 non
727 4023 946 4086 propter
971 4022 1257 4067 structura:
1281 4026 1391 4066 sua:
1410 4009 1652 4081 ﬁguram,
1677 4009 1770 4065 sed
1794 4025 1932 4081 quo-

332 4111 478 4165 niam
502 4108 575 4162 uti
605 4107 744 4163 Deus
771 4107 982 4161 ratione
1014 4105 1230 4160 molitur
1261 4105 1439 4159 omnia
1466 4145 1480 4167 ,
1531 4104 1608 4157 sic
1641 4102 1804 4158 homo
1839 4103 1930 4172 qui

333 4199 569 4272 perlecta
592 4197 920 4270 cogitatione
944 4197 1200 4269 prmditus
1228 4206 1332 4262 est,
1375 4211 1439 4251 ex
1473 4195 1720 4250 rationali
1755 4195 1925 4250 iacul-

335 4303 446 4349 tate
473 4293 666 4359 b0nas,
691 4301 746 4348 et
777 4291 1033 4347 honestas
1062 4292 1304 4345 actiones
1334 4291 1700 4360 exsequitur.»
1736 4289 1930 4344 Alliuia

342 4374 505 4440 tradit
532 4384 678 4440 Zeno
707 4383 822 4457 (lib.
850 4400 909 4447 ιι,
943 4395 1041 4437 tra.
1070 4383 1158 4448 l9,
1201 4383 1318 4454 20).

401 4498 499 4555 25.
530 4499 719 4556 Eidem
750 4499 990 4570 opinioni
1035 4499 1241 4553 accedit
1265 4498 1596 4568 Augustinus
1626 4497 1738 4571 (lib.
1762 4513 1836 4552 xu
1861 4496 1928 4552 de

331 4591 563 4648 Civitate
598 4608 712 4663 cap.
773 4589 904 4664 25);
953 4591 1154 4662 quippe
1208 4601 1487 4660 postquam
1535 4591 1720 4645 retulit
1765 4589 1926 4644 verba

331 4685 422 4740 illa
451 4703 465 4740 :
506 4683 667 4739 «fecit
692 4699 821 4754 ergo
865 4683 1004 4738 Deus
1029 4682 1300 4737 hominem
1331 4681 1397 4736 ad
1415 4683 1724 4753 imaginem,
1778 4692 1829 4736 et
1854 4682 1928 4734 si-

333 4775 692 4831 militudinem
716 4790 923 4841 suam,»
962 4774 1076 4830 hmc
1103 4774 1309 4843 suhjicit
1343 4792 1354 4828 :
1394 4791 1413 4826 ι
1451 4774 1610 4828 talem
1635 4772 1930 4844 quippeilli

332 4868 571 4923 animam
601 4869 805 4923 creavit
832 4909 847 4932 ,
897 4882 1002 4938 qua
1033 4881 1128 4937 per
1157 4867 1420 4922 rationem
1445 4875 1604 4936 atque
1628 4866 1931 4936 intelligen-

334 4963 462 5016 tiam
493 4963 747 5018 omoibus
769 4971 917 5017 esset
947 4964 1292 5032 praestantior
1311 4961 1638 5016 animalibus
1663 4963 1930 5017 terrestri-

331 5053 458 5118 bus,
492 5064 545 5109 et
573 5053 904 5120 natatilihus,
935 5065 994 5110 et
1011 5053 1317 5110 volatilibus
1349 5097 1363 5121 ,
1394 5069 1511 5125 quae
1559 5063 1798 5110 mentem
1823 5054 1924 5109 liu-

326 5128 560 5217 jusmodi
595 5146 1011 5202 nonhaberent.
1106 5175 1114 5184 ε
1168 5173 1175 5180 -

402 5240 546 5296 Alibi
570 5241 785 5296 brevius
808 5282 825 5308 ,
869 5240 964 5296 sed
1005 5255 1111 5296 non
1143 5239 1320 5295 minus
1349 5254 1606 5310 expresse
1636 5237 1832 5310 (Tract.
1867 5256 1923 5294 ιιι

308 5334 384 5386 "in
404 5331 630 5402 .laon.):
669 5332 814 5387 (Non
841 5331 1062 5389 distasa
1084 5326 1305 5403 pecore,
1339 5333 1442 5387 nisi
1468 5331 1775 5388 intellectu:
1809 5333 1923 5390 noli

312 5424 546 5481 'aliunde
569 5424 812 5496 gloriari.
833 5466 847 5480 .
867 5465 882 5480 .
908 5465 922 5480 .
971 5424 1128 5483 Unde
1170 5441 1299 5497 ergo
1325 5427 1518 5482 melior
1538 5425 1633 5481 es?
1680 5424 1760 5482 Ex
1784 5425 1920 5481 ima-

399 5608 476 5681 (a)
508 5606 1024 5681 Rursumadinstar
1051 5605 1143 5662 Dei
1170 5605 1410 5681 omnium
1437 5606 1752 5681 conditoris.
1785 5620 1910 5678 reg-

326 5677 420 5737 nat
444 5679 627 5745 homo,
655 5688 712 5732 et
727 5678 950 5747 judicat.
983 5677 1178 5733 Verum
1209 5679 1349 5732 Deus
1368 5678 1794 5739 accusatoribus.
1822 5677 1916 5732 aut

327 5751 555 5807 testibus
593 5749 814 5804 minime
855 5750 1053 5819 indiget
1082 5789 1096 5814 ,
1131 5749 1344 5820 quando
1365 5749 1591 5819 judicat.
1651 5751 1741 5804 Sic
1770 5748 1914 5804 enim

324 5822 460 5878 Cain
498 5820 880 5878 condemnavit
919 5819 1169 5890 tanquam
1207 5819 1424 5877 sceleris
1450 5822 1567 5889 eius
1611 5821 1906 5892 inspector.

2051 1961 2211 2016 quam
2240 1946 2324 2000 hic
2353 1947 2726 2015 proposuimus
2755 1947 3060 2015 Opinionem
3085 1947 3130 2000 si
3148 1947 3268 2016 quis
3291 1945 3530 2011 alterius,
3555 1960 3654 2001 nec

2055 2039 2311 2104 recentis,
2332 2054 2431 2092 nec
2454 2039 2834 2094 contemnendi
2861 2039 3153 2107 Seriptoris
3183 2039 3504 2094 auctoritate
3525 2053 3653 2093 con-

2054 2132 2270 2187 ﬁrmare
2295 2132 2497 2203 cupiat,
2526 2142 2688 2201 atque
2721 2134 3013 2196 illustrare,
3047 2131 3226 2200 adeat,
3251 2131 3503 2195 obsecro,
3532 2146 3651 2200 qua:

2055 2237 2251 2282 auctor
2281 2225 2400 2280 libri
2427 2226 2489 2279 de
2516 2225 2740 2296 Spiritu,
2771 2235 2817 2280 et
2840 2226 3025 2279 Anima
3050 2241 3110 2278 ea
3141 2223 3209 2279 de
3236 2238 3293 2278 re
3315 2222 3477 2277 tradit
3504 2224 3646 2293 (cap.

2049 2318 2165 2390 56).
2210 2317 2468 2373 Consulat
2491 2329 2673 2374 autem
2695 2333 2826 2388 rogo
2844 2317 3140 2373 editionem
3163 2315 3384 2371 Patrum
3407 2313 3464 2369 S.
3482 2313 3650 2369 Mauri
3698 2353 3706 2361 .

2050 2413 2066 2484 (
2092 2411 2158 2466 In
2189 2412 2411 2482 append.
2438 2414 2560 2466 Ιοιηὶ
2601 2427 2649 2466 γι
2678 2411 2950 2482 Augustin.
2983 2425 3103 2482 pag.
3125 2407 3256 2480 35);
3287 2421 3410 2462 nam
3429 2407 3482 2461 in
3507 2422 3650 2462 mar-

2046 2506 2173 2578 gine
2217 2507 2409 2575 capitis
2461 2507 2552 2569 56,
2609 2505 2753 2574 quod
2811 2503 3010 2572 allego,
3043 2504 3208 2557 citata
3239 2501 3476 2557 inveniet
3504 2515 3644 2554 non-

2046 2599 2195 2655 nulla
2225 2598 2480 2654 Bernardi
2515 2599 2652 2659 loca.
2674 2614 2740 2651 ex
2771 2597 2966 2664 quibus
2993 2595 3237 2664 Scriptor
3261 2595 3364 2649 iste
3393 2593 3642 2664 exscrip-

2046 2690 2184 2750 sissc
2211 2691 2422 2746 videtur
2451 2705 2570 2758 qum
2596 2706 2658 2744 ea
2692 2689 2760 2744 de
2783 2705 2840 2742 re
2872 2688 3049 2742 docet.

2115 2806 2206 2861 27.
2239 2805 2295 2860 In
2319 2805 2613 2860 Voluntate
2639 2819 2798 2871 porro
2825 2801 3158 2858 c0nstituunt
3180 2799 3426 2855 eamdem
3456 2797 3646 2869 imagi-

2045 2913 2168 2954 nem
2195 2897 2286 2967 qui
2317 2897 2371 2951 in
2396 2896 2647 2951 libertate
2676 2894 2969 2949 collocant.
3009 2897 3184 2963 Atque
3223 2891 3309 2947 his
3341 2891 3484 2948 favet
3508 2891 3643 2947 Ter-

2044 2991 2302 3047 tullianus
2327 2990 2445 3046 hac
2464 2989 2668 3044 docens
2694 2987 2809 3056 (lib.
2834 3003 2871 3042 tt
2894 2997 3081 3040 contra
3100 2983 3358 3040 Marcion.
3382 3000 3498 3052 cap.
3534 2983 3604 3054 5)
3628 2999 3640 3034 :

2050 3104 2068 3138 ι
2101 3076 2379 3150 Liberum,
2407 3092 2463 3138 et
2490 3082 2573 3136 sui
2600 3079 2851 3145 arbitrii,
2883 3088 2937 3134 et
2969 3093 3082 3132 sua:
3113 3077 3394 3146 potestatis
3427 3076 3644 3132 invenio

2043 3180 2316 3235 hominem
2345 3193 2376 3232 a
2397 3179 2506 3232 Deo
2522 3175 2830 3229 institutum
2856 3189 2868 3226 :
2901 3171 3103 3227 nullam
3131 3171 3301 3242 magis
3327 3169 3639 3240 imaginem,

2041 3283 2098 3332 et
2121 3270 2532 3329 similitudinem
2570 3267 2663 3324 Dei
2716 3268 2769 3321 in
2790 3273 2795 3277 “
2816 3265 2910 3320 illo
2937 3263 3378 3318 animadvertens
3402 3302 3418 3324 .
3479 3275 3638 3332 quam

2041 3363 2491 3437 ejusmodistatus
2511 3359 2761 3415 formam.
2778 3378 2796 3410 »
2820 3357 2884 3413 Et
2902 3356 3158 3425 deinceps
3177 3355 3316 3428 (cap.
3346 3353 3640 3424 6):t0por-

2043 3459 2190 3514 lebat
2215 3455 2506 3525 imaginem
2533 3495 2550 3519 ,
2579 3460 2634 3507 et
2667 3450 3072 3505 similitudinem
3105 3448 3197 3502 Dei
3225 3446 3378 3502 liberi
3400 3444 3636 3508 arbitrii,

2039 3561 2094 3606 et
2125 3565 2236 3603 suae
2259 3545 2540 3618 potestatis
2569 3543 2780 3598 institui
2807 3584 2822 3606 ,
2878 3543 2929 3595 in
2961 3555 3063 3610 qua
3106 3539 3208 3594 hoc
3234 3538 3408 3609 ipsum
3433 3537 3629 3606 imago,

2039 3653 2093 3700 et
2122 3640 2418 3698 similitudo
2448 3638 2539 3693 Dei
2571 3637 2960 3706 deputaretur;
3000 3632 3207 3687 arbitrii
3236 3629 3446 3684 scilicet
3477 3629 3640 3684 liber-

2040 3745 2122 3791 tas
2147 3777 2164 3802 ,
2197 3745 2251 3791 et
2282 3742 2575 3806 potestas.»

2105 3828 2199 3885 28.
2229 3827 2589 3897 Hieronymus
2620 3835 2834 3892 quoque
2862 3820 2978 3874 haec
2998 3818 3243 3873 scribens
3265 3817 3346 3887 (b)
3371 3831 3385 3869 :
3435 3813 3628 3871 «Solus

2039 3921 2180 3976 Deus
2204 3929 2288 3974 est
2317 3959 2331 3984 ,
2367 3921 2419 3972 in
2445 3932 2603 3987 quem
2635 3924 2912 3984 peccatum
2939 3926 3044 3966 non
3073 3909 3234 3966 cadit.
3264 3911 3471 3964 Caetera
3504 3923 3627 3962 cum

2035 4013 2146 4067 sint
2173 4011 2326 4067 liberi
2345 4007 2551 4063 arbitrii
2581 4007 2749 4079 (juxta
2781 4003 2922 4073 quod
2947 4012 3003 4058 et
3030 4003 3191 4058 homo
3214 4003 3282 4059 ad
3309 4001 3624 4072 imaginem,

2035 4115 2088 4160 et
2115 4103 2520 4158 similitudinem
2549 4100 2640 4155 Dei
2668 4097 2836 4153 laetus
2858 4095 2987 4168 est),
3020 4095 3071 4150 in
3089 4103 3372 4166 utramque
3402 4103 3629 4165 partem,

2035 4213 2186 4254 suam
2221 4205 2448 4268 possunt
2477 4193 2696 4250 ﬂectere
2725 4191 3108 4246 voluntatem.»

2106 4313 2259 4370 Titus
2289 4301 2597 4367 Bostrensis
2621 4307 2869 4361 similiter
2891 4305 3007 4359 hmc
3037 4302 3281 4358 elocutus
3311 4300 3426 4371 (lib.
3447 4315 3484 4354 ιι
3511 4315 3635 4354 con-

2035 4421 2115 4462 tra
2148 4406 2440 4476 Maniclt.):
2477 4402 2792 4458 (“duritiem
2828 4399 2968 4454 Deus
2990 4396 3315 4462 honoravit,
3361 4393 3633 4449 fabricatis

2033 4517 2156 4558 eum
2197 4500 2262 4554 ad
2304 4498 2592 4569 imaginem
2635 4511 2822 4548 suam:
2859 4501 2914 4546 ut
2945 4491 3085 4547 sicut
3118 4491 3232 4560 ipse
3263 4488 3515 4542 libertate
3542 4501 3636 4540 na-

2037 4604 2169 4649 turae
2193 4592 2363 4647 bonus
2385 4598 2487 4654 est,
2517 4588 2596 4642 sic
2639 4587 2800 4640 homo
2829 4584 3078 4640 libertate
3108 4580 3370 4652 propositi
3400 4579 3637 4634 imitator

2040 4685 2134 4741 Dei
2156 4694 2326 4748 esset,
2355 4697 2461 4737 non
2485 4679 2766 4734 abstinens
2787 4693 2817 4731 a
2848 4683 3089 4747 peccato,
3114 4674 3237 4742 quia
3262 4671 3402 4726 desit
3429 4678 3632 4724 natura:

2037 4780 2137 4849 ipsi
2170 4786 2406 4847 potestas
2431 4817 2446 4842 ,
2488 4773 2581 4830 sed
2621 4773 2872 4827 libertate
2902 4766 3160 4840 propositi
3181 4767 3432 4820 virtutem
3465 4765 3634 4818 hono-

2035 4887 2185 4927 l‘allS.
2211 4889 2230 4922 ι
2320 4895 2326 4906 ·
2419 4901 2422 4904 λ
2541 4915 2547 4923 ,
2703 4901 2711 4910 ι
3347 4905 3350 4908 .

2029 4983 2038 4986 ·
2104 4964 2195 5018 29.
2222 4963 2304 5018 An
2333 4952 2438 5017 non
2464 4975 2598 5016 vero
2623 4959 2912 5029 imaginem
2941 4956 3057 5020 Dei,
3076 4955 3144 5010 de
3165 4967 3262 5024 qua
3287 4949 3628 5013 disserimus,

2033 5057 2088 5112 in
2109 5055 2356 5111 libertate
2373 5053 2553 5108 statuit
2575 5051 2858 5116 Macarius,
2887 5047 3101 5118 quando
3131 5047 3244 5101 haec
3265 5044 3424 5098 docet
3443 5040 3628 5115 (llam.

2035 5146 2172 5218 15)?
2202 5165 2220 5198 ι
2271 5146 2350 5201 Tu
2383 5161 2510 5202 vero
2544 5154 2828 5214 prepterea
2847 5157 2907 5196 es
2928 5142 2993 5195 ad
3024 5140 3336 5210 imaginem.
3365 5147 3420 5191 et
3441 5134 3634 5190 simili-

2033 5235 2271 5293 tudinem
2305 5237 2421 5301 Dei,
2449 5235 2702 5304 quoniam
2739 5235 2812 5286 uti
2844 5231 2983 5286 Deus
3010 5229 3092 5284 sui
3113 5227 3272 5298 juris,
3305 5241 3370 5282 ac
3398 5232 3633 5296 potestas

2035 5333 2101 5388 tis
2127 5341 2244 5395 est,
2281 5339 2335 5386 et
2368 5329 2512 5401 quod
2539 5328 2650 5383 vult
2678 5326 2807 5382 facit
2973 5327 3042 5380 ita
3071 5325 3234 5380 etiam
3265 5336 3319 5378 tu
3349 5320 3632 5392 potestatis

2031 5440 2093 5482 es
2113 5435 2240 5490 tuae,
2270 5442 2290 5477 »
2324 5432 2430 5479 etc.

2024 5604 2196 5661 Homo
2225 5618 2355 5661 vero
2384 5604 2435 5658 in
2458 5602 2750 5673 judicando
2774 5600 3000 5657 testibus
3019 5614 3154 5668 Opus
3177 5596 3365 5662 habet,
3389 5606 3445 5652 et
3468 5609 3626 5650 accu-
3692 5603 3698 5608 ‘

2023 5676 2317 5740 satoribus,
2345 5690 2508 5744 quum
2540 5676 2750 5744 ignoret
2776 5689 2863 5736 ea,
2883 5688 3003 5744 qua:
3025 5677 3332 5744 perpetrata
3360 5680 3507 5744 sunt.

2095 5745 2172 5820 (b)
2197 5745 2252 5802 In
2283 5735 2440 5817 epist.
2461 5735 2591 5820 olim
2614 5747 2737 5802 H6.
2761 5745 2815 5801 In
2837 5735 3077 5801 editione
3104 5735 3400 5798 Veronensi
3424 5737 3508 5810 Ep
3527 5779 3538 5792 .
3555 5735 3619 5792 21

2023 5817 2407 5876 αάῡειιιιεειιιιι
2429 5832 2486 5872 ιι.
2512 5817 2608 5873 40.
