4224 6262
368 303 468 360 SM

1054 288 1126 355 iﬂ
1163 289 1421 354 ηιιλιιη
1462 287 1684 351 EPI‘S'I‘.
1727 289 1856 349 SE!)
1898 287 1948 348 Li

2052 286 2120 346 1..
2163 285 2620 347 DiSSEB‘M'ﬂO
2659 286 3000 348 SECUNBA.
3562 283 3664 345 illi

370 416 608 474 homine.
641 415 843 472 Tamen
872 429 999 470 num
1032 413 1235 484 Angela
1262 411 1521 482 impressa
1548 411 1618 465 sit
1643 422 1706 463 ea
1726 449 1741 473 ,
1768 407 1964 477 detque
1990 407 2044 468 Α
2066 416 2202 475 quas
2244 403 2407 461 habet
2453 404 2633 460 anima
2676 418 2800 459 cum
2829 401 3097 459 Trinitate
3140 400 3513 458 Sanctissima.
3558 400 3665 454 I'o-

365 510 574 583 agimus
594 555 607 573 .
642 509 737 565 Dei
781 508 960 580 imago
981 548 998 576 ,
1039 504 1231 589 merito
1258 502 1555 560 dubitatur.
1585 498 1761 570 Quid?
1785 497 1960 570 quod,

364 604 504 663 side
529 602 832 661 :ctemitste
858 601 1197 673 disputemus
1218 639 1233 667 ,
1263 612 1370 655 non
1394 612 1463 654 ea
1488 603 1575 653 est
1616 593 1922 666 huiusmodi
1946 634 1962 660 ,

367 707 429 757 ut
454 713 552 771 per
577 712 638 754 se
664 695 779 752 sele
809 694 905 751 Dei
934 694 1169 771 similem
1197 690 1378 751 faciat.
1410 689 1493 745 Att
1520 702 1629 744 non
1656 684 1961 751 materiam,

365 806 471 864 qua
491 802 805 863 empyremn
824 795 1038 844 constat
1052 825 1069 853 ,
1095 792 1357 842 :eterrmm
1374 782 1684 839 duraturam
1702 776 1965 835 incitans?

364 883 498 954 Quis
523 893 703 938 tamen
729 879 824 935 Dei
853 878 1090 935 similem
1118 878 1265 935 illam
1293 876 1471 944 dicat,
1500 885 1593 930 aut
1634 872 1731 929 Dei
1774 869 1965 942 imagi-

366 988 491 1033 nem
541 974 595 1030 in
621 987 684 1030 ea
717 968 991 1029 eollocet?
1021 970 1307 1028 Daemones
1356 966 1490 1039 ipsi,
1524 976 1581 1022 et
1618 966 1816 1021 anima:
1842 977 1965 1034 qum

366 1072 418 1126 in
446 1068 638 1126 inieris
658 1068 971 1125 cruciantur
989 1108 1005 1135 ,
1045 1073 1310 1137 perpetuo
1339 1061 1673 1135 perstabunt.
1708 1061 1791 1116 An
1815 1058 1965 1115 simi-

363 1162 443 1220 les
471 1174 759 1234 propterea
781 1160 894 1218 Deo
913 1158 939 1215 i

433 1253 613 1326 Atque
652 1253 773 1308 hinc
798 1250 1014 1323 quidem
1046 1249 1160 1320 ipsa
1202 1245 1435 1313 adhibe,
1487 1243 1533 1299 si
1577 1241 1694 1307 vis,
1736 1240 1782 1297 si
1823 1238 1963 1295 forte

363 1349 635 1421 quispiam
678 1346 861 1403 Fausti
891 1343 1207 1417 Regiensis,
1233 1349 1289 1398 et
1315 1336 1527 1397 Maximi
1568 1334 1821 1408 martyris
1860 1348 1958 1390 au-

361 1440 614 1500 ctoritate
642 1441 893 1498 suﬂ’ultus
916 1438 1022 1514 (α),
1049 1448 1198 1504 eam,
1226 1451 1386 1509 quam
1408 1434 1674 1500 dicimus,
1706 1430 1798 1485 Dei
1830 1429 1964 1484 ima-

362 1538 545 1608 ginem
572 1535 629 1591 in
661 1534 968 1591 aeternitate
996 1531 1242 1589 ctdlocet.

435 1627 526 1685 56.
572 1628 630 1684 in
654 1628 892 1698 potentia
919 1623 1267 1681 construendi
1289 1617 1706 1690 stabiliendiqae
1733 1615 1956 1673 aedificia

360 1719 451 1777 alii
480 1720 854 1777 collocarunt:
895 1732 1122 1788 quorum
1172 1714 1495 1772 sententiain
1527 1721 1584 1768 et
1619 1709 1919 1782 expositam
1940 1749 1957 1777 ,

2066 497 2493 566 stremumhoc,
2535 498 2679 568 quod
2721 496 2893 555 fusius
2932 506 3127 553 auctor
3164 496 3253 553 ille
3290 496 3667 567 prosequitur,

2065 588 2259 647 iisdem
2288 589 2472 646 verbis
2511 604 2787 660 exponere
2828 589 3040 660 placet,
3082 588 3281 660 quibus
3321 589 3409 647 ille
3452 594 3671 645 enarrat

2066 678 2209 753 (cap.
2231 679 2328 752 55)
2352 697 2367 735 :
2405 698 2426 735 ι
2452 680 2751 749 Quemdam
2778 682 2946 739 etiam
2974 691 3177 742 satth
3206 680 3483 739 Trinitatis
3504 680 3669 738 habet

2066 770 2352 844 imaginem
2377 788 2393 826 :
2418 774 2594 844 primo
2618 774 2673 830 in
2694 786 2762 830 eo
2786 774 2930 846 quod
2956 775 3098 832 sicut
3126 774 3268 831 Deus
3290 782 3405 840 est,
3430 773 3585 839 vivit,
3611 781 3669 833 et

2064 867 2239 937 sapit,
2270 867 2344 926 ita
2372 865 2550 924 anima
2576 867 2875 924 secundum
2905 883 3062 925 suum
3092 868 3314 931 modum
3343 877 3469 933 est,
3496 867 3625 924 sivit
3644 910 3661 935 ,

2064 968 2121 1014 et
2158 958 2321 1028 sapit.
2354 958 2452 1017 Est
2477 974 2695 1031 quoque
2721 969 2778 1016 et
2821 960 2922 1017 alia
2951 961 3187 1018 Trinitas
3226 961 3279 1018 in
3310 972 3406 1029 ea;
3445 962 3571 1037 quia
3597 961 3664 1019 ad

2066 1050 2352 1122 imaginem
2402 1053 2654 1121 perlecta:
2692 1053 2940 1123 quidem,
2984 1060 3042 1111 et
3081 1069 3309 1113 summa!
3351 1054 3663 1122 Trinitatis,

2063 1159 2186 1212 quae
2211 1153 2296 1200 est
2324 1142 2379 1201 in
2425 1143 2620 1211 Patre,
2650 1152 2707 1200 et
2750 1144 2923 1208 Filio.
2952 1155 3010 1202 et
3036 1145 3238 1218 Spiritu
3266 1148 3499 1218 Sancto,
3531 1163 3665 1207 wn-

2064 1236 2174 1294 dita
2199 1247 2306 1294 est.
2340 1237 2410 1294 Et
2437 1237 2565 1294 licet
2584 1240 2743 1294 unius
2771 1239 2841 1295 sit
2880 1248 3084 1299 natura:
3106 1243 3314 1310 anima,
3344 1250 3456 1301 tres
3482 1252 3663 1301 tamen

2064 1329 2119 1386 iu
2148 1345 2211 1387 se
2252 1331 2395 1389 vires
2436 1329 2600 1389 habet
2622 1371 2638 1396 ,
2670 1330 2723 1386 id
2760 1341 2845 1387 est
2888 1331 3217 1391 intellectum
3238 1377 3252 1399 ,
3289 1336 3619 1393 voluntatem
3642 1378 3659 1404 ,

2061 1431 2117 1480 et
2154 1424 2519 1490 memoriam;
2572 1422 2716 1493 quod
2760 1423 2902 1481 idem
2931 1466 2945 1492 ,
2997 1426 3123 1483 licet
3175 1426 3296 1483 aliis
3346 1427 3557 1497 verbis,
3608 1429 3662 1486 in

2060 1517 2357 1588 Evangelia
2380 1517 2721 1587 designatur,
2757 1531 2881 1575 cum
2908 1517 3103 1576 dicitur
3128 1537 3141 1574 ;
3174 1519 3357 1592 diliges
3386 1517 3662 1581 Dominum

2061 1608 2228 1665 Deum
2256 1616 2405 1667 tttttnt
2425 1624 2493 1665 eis
2512 1619 2619 1664 toto
2645 1608 2802 1665 corde
2823 1620 2912 1673 tuo
2932 1652 2948 1676 ,
2974 1621 3024 1667 et
3046 1627 3112 1668 ea:
3134 1620 3241 1675 tota
3262 1614 3441 1668 «ninia
3465 1622 3555 1668 tua
3573 1654 3588 1681 ,
3613 1621 3663 1675 et

2058 1719 2125 1759 es
2149 1712 2256 1758 tota
2277 1713 2442 1764 mente
2466 1713 2597 1770 tua;
2627 1700 2680 1758 id
2709 1710 2792 1759 est
2820 1718 2886 1759 es
2912 1713 3025 1759 toto
3048 1704 3326 1762 intellectu
3358 1713 3451 1765 tuo
3469 1748 3484 1772 ,
3512 1714 3569 1761 et
3590 1721 3659 1760 ex

363 1810 821 1883 descriptamque,
843 1818 901 1867 et
915 1810 1175 1879 reiectam
1202 1810 1403 1879 pariter
1427 1804 1538 1861 vidi
1560 1804 1630 1859 ad
1660 1803 1802 1859 hunc
1830 1816 1953 1857 mo-
1980 1805 2031 1865 Β
2059 1806 2169 1855 tota
2198 1795 2473 1851 voluitate
2499 1803 2617 1862 tua,
2642 1804 2698 1850 et
2715 1810 2783 1851 ex
2812 1804 2925 1859 tota
2954 1796 3217 1863 memoria
3242 1807 3352 1863 tua.
3383 1796 3516 1853 Nam
3552 1798 3660 1855 sic.

360 1904 489 1962 dum
534 1905 656 1977 (b):
702 1920 724 1957 t
760 1904 1122 1974 lieperlunttrr
1162 1911 1220 1957 et
1262 1900 1402 1966 alia,
1448 1899 1503 1954 in
1554 1898 1751 1968 quibus
1792 1894 1956 1950 homo

362 1999 531 2057 Deum
578 1996 835 2054 imitatur.
876 1996 1157 2068 Siquidem
1185 1994 1253 2049 ad
1282 1993 1638 2050 imitationem
1668 1988 1765 2045 Dei
1790 1988 1956 2043 Crea-

360 2091 498 2148 toris
544 2091 717 2147 homo
751 2078 1019 2146 construit
1064 2088 1288 2155 domos,
1340 2085 1609 2157 parietes,
1662 2081 1951 2148 civitates,

356 2188 583 2254 pertus,
624 2190 830 2249 naves,
884 2180 1129 2247 navalia,
1182 2190 1411 2242 currus,
1437 2184 1497 2232 et
1542 2174 1649 2232 alia
1704 2173 1951 2239 inﬁnita,

353 2275 520 2331 veluti
541 2274 831 2345 imagines,
854 2281 911 2329 et
941 2273 1139 2344 lignras
1166 2271 1289 2328 coli
1309 2304 1325 2338 ,
1349 2268 1509 2336 solis,
1542 2268 1715 2333 lunai,
1743 2274 1797 2320 et
1819 2264 1951 2319 stel-

354 2367 529 2423 larum
551 2404 566 2434 ,
592 2367 725 2424 item
763 2365 1040 2422 heminam
1062 2406 1078 2431 ,
1107 2372 1166 2421 et
1205 2362 1518 2420 animalium
1560 2358 1951 2416 irrationalium

353 2461 555 2518 ferinas
580 2479 596 2530 ;
626 2459 833 2518 inﬁnita
860 2473 1038 2517 tamen
1060 2468 1151 2515 est
1166 2459 1222 2513 in
1244 2456 1455 2517 ratione
1477 2453 1747 2511 condendi
1773 2453 1953 2508 diver-

348 2555 502 2609 sitas.
547 2554 685 2610 Nam
714 2553 858 2610 Deus
894 2551 1135 2608 omnium
1164 2564 1230 2605 ex
1263 2551 1359 2617 iis,
1400 2562 1521 2619 qua:
1563 2554 1800 2612 sunt,“
1839 2559 1950 2600 non

346 2655 506 2715 sunt,
531 2656 677 2703 creat
695 2686 711 2712 ,
745 2645 907 2716 idque
930 2644 1051 2702 sine
1075 2643 1263 2699 labore
1280 2681 1295 2707 ,
1322 2651 1380 2697 et
1407 2649 1690 2711 tempore:
1720 2639 1846 2709 quia
1871 2638 1951 2693 si-

349 2739 468 2796 mul
486 2749 651 2811 atque
673 2738 905 2794 voluerit
916 2772 939 2803 ,ε
963 2735 1209 2808 producit
1228 2732 1374 2806 quod
1395 2731 1449 2789 ei
1471 2732 1751 2804 placuerit.
1775 2728 1952 2785 uerno

345 2844 478 2888 vero
504 2832 733 2887 materia
759 2824 895 2900 opus
924 2830 1088 2885 habet
1105 2869 1121 2895 ,
1152 2826 1359 2899 indiget
1384 2823 1789 2891 instrumentis,
1812 2838 1949 2879 cen-

344 2923 470 2979 siiie
486 2962 504 2990 ,
536 2930 813 2993 tempore,
840 2929 901 2979 et
926 2920 1151 2989 labore,
1172 2933 1242 2976 ac
1270 2918 1460 2975 solidis
1483 2918 1691 2977 artibus
1715 2917 1782 2973 ad
1812 2929 1951 2987 opus

342 3015 791 3076 eenstnendmn.
834 3013 1116 3087 Siquidem
1161 3013 1496 3070 architectus
1544 3011 1751 3084 indiget
1799 3010 1950 3066 labro

344 3111 565 3178 mrario,
593 3109 747 3167 faber
766 3120 951 3171 autem
971 3107 1203 3164 avarius
1220 3105 1474 3173 metallis,
1500 3116 1558 3162 et
1581 3104 1944 3162 carbonibus:

2060 1903 2119 1950 ut
2146 1908 2216 1961 ex
2258 1894 2418 1952 Patre
2462 1907 2758 1968 generatur
2782 1895 3065 1962 Filius,.et
3088 1912 3159 1954 ex
3193 1897 3383 1964 Patre,
3414 1896 3660 1968 Filioque

2060 1987 2302 2056 procedit
2324 1986 2560 2058 Spiritus
2582 1989 2842 2055 Sanctus,
2870 1990 2945 2046 ita
2970 2004 3038 2046 es
3059 1988 3341 2046 intellectu
3364 2001 3659 2060 generatur

2058 2082 2341 2151 voluntas,
2374 2094 2428 2139 et
2453 2100 2519 2140 ex
2547 2083 2631 2140 bis
2650 2084 2916 2141 ambobus
2948 2084 3192 2154 procedit
3236 2082 3519 2149 memoria,
3551 2084 3657 2140 sie-

2057 2185 2116 2230 ut
2158 2175 2318 2231 lacile
2363 2192 2398 2233 a
2439 2178 2685 2249 sapiente
2746 2178 2987 2249 quolibet
3036 2187 3214 2249 potest
3254 2175 3502 2246 intelligi.
3547 2174 3659 2231 Nec

2055 2266 2198 2323 enim
2224 2270 2407 2325 animo
2436 2269 2674 2340 perlecta
2701 2280 2883 2341 potest
2904 2284 3030 2327 esse
3058 2271 3180 2325 sine
3211 2269 3292 2325 his
3324 2268 3525 2335 tribus,
3556 2280 3657 2323 nec

2057 2360 2247 2418 horum
2276 2364 2439 2420 trium
2466 2364 2682 2436 aliquod
2705 2364 2827 2422 sine
2853 2352 2974 2421 aliis
3000 2364 3214 2421 duobus
3234 2365 3499 2434 integrum
3526 2370 3660 2417 con-

2054 2463 2183 2523 stat,
2214 2465 2474 2527 quantum
2502 2455 2569 2513 ad
2588 2471 2742 2512 suam
2785 2457 3016 2528 pertinet
3045 2455 3432 2515 habitudinem.
3463 2455 3530 2509 Et
3550 2454 3659 2510 sic-

2055 2554 2114 2602 ut
2142 2546 2286 2603 Deus
2322 2547 2517 2615 Pater,
2555 2551 2701 2604 Dem
2725 2548 2926 2615 Filius,
2955 2548 3100 2605 Deus
3128 2548 3363 2619 Spiritus
3389 2547 3654 2613 Sanetus;

2056 2653 2166 2696 non
2195 2650 2375 2697 tamen
2403 2651 2515 2697 tres
2545 2640 2761 2707 Dii,sed
2786 2655 2925 2698 unus
2955 2641 3119 2708 Deus,
3147 2648 3201 2698 ct
3229 2650 3341 2697 tres
3372 2653 3649 2711 mecum;

2054 2734 2125 2790 ita
2158 2734 2336 2790 anima
2365 2736 2674 2793 itateiiectus
2695 2776 2711 2802 ,
2739 2735 2916 2791 anima
2939 2734 3210 2802 voluntas,
3238 2735 3419 2790 anima
3447 2747 3653 2790 memo-

2053 2828 2131 2884 ria
2148 2868 2163 2896 ,
2184 2842 2289 2883 non
2318 2835 2497 2885 tamen
2525 2838 2635 2885 tres
2652 2828 2849 2883 anima:
2869 2826 2923 2883 in
2947 2842 3056 2883 uno
3073 2842 3303 2898 corpore
3318 2869 3334 2893 ,
3359 2825 3455 2883 sed
3475 2826 3655 2881 anima

2052 2938 2158 2977 una
2179 2964 2195 2989 ,
2240 2935 2297 2978 et
2320 2933 2432 2979 tres
2459 2924 2624 2979 vires.
2652 2923 2826 2994 Atque
2855 2924 2909 2979 iu
2942 2923 3025 2978 his
3055 2924 3224 2978 tribus
3247 2921 3482 2977 divinam
3515 2921 3650 2976 ima-

2051 3016 2230 3087 ginem
2253 3016 2393 3087 gerit
2414 3015 2734 3073 mirabiliter
2762 3015 2813 3072 in
2840 3028 2941 3071 sua
2978 3026 3169 3070 natura
3209 3024 3395 3073 noster
3428 3013 3654 3069 interior

2053 3106 2253 3174 homo,
2292 3116 2349 3164 et
2375 3122 2443 3163 ex
2480 3107 2564 3163 bis
2596 3109 2749 3180 quasi
2789 3107 3265 3167 excellentioribns
3299 3109 3496 3164 animai
3524 3107 3653 3163 viri-

342 3203 595 3261 timiliter
615 3212 674 3259 et
700 3216 893 3258 omnes
918 3202 1013 3273 qui
1039 3201 1182 3272 ligna
1206 3200 1459 3264 cedunt,
1494 3197 1559 3254 iis
1584 3198 1676 3269 qui
1704 3197 1943 3267 plantas,
1972 3199 2019 3263 C
2050 3201 2149 3256 bus
2167 3200 2420 3272 iubemur
2445 3200 2669 3272 diligere
2697 3198 3075 3268 ﬂenditorem,
3109 3210 3168 3255 ut
3194 3201 3246 3255 in
3275 3208 3532 3269 quantum
3565 3199 3648 3254 in-

341 3307 437 3352 aut
460 3305 661 3353 terram
684 3294 961 3352 excolunt.
983 3295 1163 3364 Atque
1188 3292 1293 3351 hoc
1318 3298 1479 3364 pacto
1496 3306 1590 3348 ars
1610 3305 1947 3361 unaquaeque

340 3389 413 3443 ab
434 3387 554 3443 diis
582 3386 790 3443 artibus
816 3399 977 3441 usum
1006 3398 1190 3441 earum
1220 3391 1499 3440 mutuatur
1523 3400 1537 3437 :
1571 3390 1944 3439 verumtamen

342 3485 541 3548 hostio,
588 3482 716 3535 dum
755 3484 833 3535 ita
872 3476 1146 3549 quippiam
1185 3477 1489 3542 maturuit,
1534 3476 1775 3533 imitatur
1808 3490 1948 3545 quo-

339 3572 636 3630 dammodo
660 3582 964 3629 creatorem
979 3610 998 3639 ,
1022 3570 1175 3626 velut
1196 3569 1377 3639 imago
1403 3566 1779 3639 archetypum.
1807 3565 1947 3623 lina-

340 3680 412 3739 go
426 3667 575 3722 enim
594 3665 879 3737 archetypi
898 3664 1123 3732 ligurem
1144 3660 1306 3717 habet
1327 3672 1342 3715 ε
1372 3674 1561 3717 verum
1587 3672 1753 3731 quum
1776 3672 1946 3715 mein-

342 3764 561 3818 brorum
590 3761 826 3832 speciem
863 3757 1099 3821 habent,
1125 3757 1366 3815 actiones
1410 3764 1591 3811 tamen
1619 3767 1725 3809 nou
1756 3750 1940 3808 habet.

340 3854 503 3911 Caret
529 3854 676 3909 enim
705 3850 921 3917 anima,
953 3862 1051 3921 per
1078 3861 1240 3920 quam
1270 3857 1521 3905 movetur
1547 3860 1767 3917 corpus.
1809 3865 1830 3900 ι

408 3948 504 4004 37.
542 3945 825 4003 Collocant
865 3944 958 4003 alii
1005 3946 1061 4000 in
1102 3941 1456 3999 similitudine
1502 3955 1629 3996 eum
1677 3938 1942 3996 Triaitate

340 4038 721 4097 Sanctissima.
749 4039 823 4094 At
841 4051 1006 4111 quum
1032 4036 1280 4093 eamdem
1305 4033 1712 4105 similitudinem
1733 4030 1942 4095 studio.-

339 4133 456 4191 sius
502 4132 792 4204 designare
839 4132 1215 4199 contendunt,
1258 4129 1602 4201 aliquantum
1650 4124 1950 4185 dissident.

339 4224 595 4289 Nonnulli
623 4223 713 4293 qui
754 4223 1145 4281 Danaseenum
1174 4221 1413 4293 allegant
1432 4219 1507 4295 (ο)
1535 4220 1719 4292 (quam
1750 4226 1934 4285 recte,

338 4318 575 4377 viderint
613 4314 775 4389 alii),
814 4315 951 4372 alias
986 4314 1212 4386 quidem
1256 4314 1495 4377 sationes
1533 4311 1797 4380 silerent,
1839 4310 1939 4373 sed

340 4408 484 4466 hane
521 4409 756 4479 pariter,
801 4408 945 4479 quod
988 4406 1201 4464 divinas
1242 4405 1620 4478 processimus
1646 4405 1823 4470 Adaei
1867 4404 1937 4465 ait

338 4503 582 4559 imitatus
602 4519 625 4558 :
653 4513 709 4560 et
734 4501 881 4573 quod
904 4502 1027 4573 ipse
1066 4514 1179 4558 non
1221 4500 1294 4558 sit
1327 4498 1576 4573 genitus,
1604 4497 1747 4556 Abel
1785 4499 1938 4570 geni:-

2049 3293 2339 3365 telligitur,
2367 3292 2648 3365 diligatur,
2674 3304 2729 3349 et
2759 3294 2811 3348 in
2841 3300 3098 3365 quantum
3126 3292 3366 3365 diligitur
3385 3333 3399 3357 ,
3431 3306 3649 3361 semper

2047 3387 2101 3442 in
2129 3388 2385 3443 memoria
2416 3386 2697 3444 habeatur.
2727 3385 2837 3442 Nec
2866 3387 3041 3442 solum
3069 3386 3266 3442 sufﬁcit
3291 3386 3360 3442 de
3387 3401 3455 3441 eo
3482 3384 3651 3442 intel-

2046 3477 2255 3545 lectus,
2289 3479 2389 3534 nisi
2422 3478 2513 3537 iiat
2555 3478 2609 3533 in
2648 3493 2835 3535 amore
2898 3478 3016 3548 ejus
3059 3478 3329 3534 voluntas.
3388 3479 3501 3534 into
3540 3493 3640 3533 nec

2045 3567 2159 3625 haec
2184 3570 2289 3644 duo
2325 3553 2628 3637 sufficiunt,
2664 3570 2761 3625 nisi
2787 3569 3046 3626 memoria
3072 3571 3328 3637 addatur,
3365 3585 3470 3641 qua
3502 3586 3645 3626 sent-

2045 3676 2141 3734 per
2168 3663 2223 3718 in
2242 3674 2423 3719 mente
2452 3663 2826 3734 intelligentia,
2848 3675 2904 3720 et
2922 3665 3195 3735 diligentis
3224 3674 3440 3720 maneat
3465 3666 3639 3721 Deus:

2045 3752 2117 3812 Ut
2157 3753 2295 3811 sicut
2324 3754 2530 3810 nullum
2562 3764 2740 3827 potest
2765 3770 2889 3812 esse
2932 3766 3298 3824 momentum,
3329 3771 3437 3828 quo
3478 3754 3643 3812 homo

2043 3863 2151 3904 non
2180 3858 2390 3916 utatur,
2424 3850 2506 3905 vel
2549 3848 2758 3906 fruatur
2805 3849 2902 3907 Dei
2933 3850 3204 3918 bonitate,
3236 3859 3295 3906 et
3340 3852 3648 3907 misericor-

2042 3941 2164 4012 dia;
2199 3945 2271 3999 ita
2299 3943 2504 4005 nullum
2543 3945 2610 4001 sit
2636 3956 2966 4001 momentum
2994 3987 3008 4013 ,
3040 3961 3148 4018 quo
3188 3956 3510 4018 praesentem
3542 3962 3649 4005 non

2042 4036 2241 4094 habent
2261 4052 2386 4095 eam
2425 4039 2481 4095 in
2519 4040 2796 4096 memoria.
2826 4037 2895 4095 Et
2925 4039 3048 4097 ideo
3076 4040 3206 4096 mihi
3247 4042 3394 4112 justo
3434 4043 3646 4098 videtur

2045 4131 2251 4188 dictum
2270 4173 2286 4201 ,
2313 4143 2557 4190 nostrum
2585 4134 2897 4192 interiorem
2923 4134 3193 4190 hominem
3214 4148 3339 4189 esse
3361 4135 3648 4205 imaginem

2040 4223 2159 4281 Dei.
2191 4243 2214 4278 ι
2254 4222 2311 4281 in
2354 4224 2457 4281 hac
2497 4224 2611 4296 ipsa
2666 4234 2937 4297 postrema
2993 4224 3354 4297 descriptione
3399 4227 3647 4296 congruit

2040 4326 2230 4374 auctor
2270 4316 2470 4387 libelli,
2498 4319 2589 4391 qui
2625 4320 2691 4375 de
2728 4319 2987 4393 Dignitate
3024 4319 3248 4376 hominis
3296 4314 3605 4376 inscribitur
3630 4362 3645 4386 ,

2040 4422 2095 4468 et
2144 4411 2439 4484 aliquando
2468 4412 2753 4470 Ambrosio
2797 4413 2965 4485 (quod
2990 4414 3101 4485 jam
3132 4413 3389 4486 diximus)
3416 4414 3648 4469 tributus

2038 4517 2143 4565 est.
2168 4507 2421 4579 lie-cujus
2438 4507 2655 4581 quidem
2676 4506 2845 4565 libelli
2868 4515 3087 4565 auctore
3112 4506 3234 4563 vide
3260 4520 3387 4579 qua!
3404 4507 3471 4563 ad
3494 4520 3642 4563 num.

339 4606 456 4667 tus,
486 4597 633 4654 Hera
670 4596 1015 4670 processerit.
1057 4594 1264 4652 Auctor
1288 4608 1421 4651 vero
1448 4593 1568 4653 libri
1598 4594 1661 4649 de
1689 4592 1890 4667 Spiritu
1913 4634 1930 4661 ,
1958 4583 2014 4648 Ι)
2039 4601 2111 4661 δι
2145 4600 2482 4658 maluimus.

339 4702 391 4748 at
428 4691 648 4760 Anicia,
683 4704 851 4764 quem
874 4700 1031 4749 antea
1072 4689 1239 4749 etiam
1274 4686 1537 4760 aliegavi,
1576 4687 1742 4761 paulo
1777 4687 1937 4745 aliter

340 4800 459 4843 rem
489 4786 772 4857 proponit,
803 4791 1092 4856 monetque
1116 4783 1254 4840 duas
1291 4782 1554 4855 intagioes
1577 4783 1790 4840 Sanctae
1814 4782 1936 4839 Tri-

337 4876 525 4933 nitatis
556 4891 717 4947 misse
752 4875 809 4931 in
850 4877 1027 4932 anima
1055 4872 1429 4932 considerari:
1464 4874 1692 4946 primam
1732 4873 1789 4930 in
1826 4888 1934 4942 eo,

335 4968 484 5041 quod
513 4968 655 5025 sicut
684 4969 829 5025 Deus
869 4978 988 5035 est,
1020 4968 1181 5037 visit,
1221 4977 1278 5025 et
1319 4969 1493 5039 sapit,
1532 4968 1603 5024 ita
1643 4967 1823 5026 anima
1850 4981 1939 5025 se-

335 5060 575 5117 cundum
603 5074 760 5117 suum
787 5059 1005 5117 modum
1023 5071 1139 5125 eat,
1164 5059 1293 5115 vivit
1314 5100 1332 5127 ,
1354 5067 1410 5116 et
1437 5059 1595 5130 sapit.
1619 5058 1761 5132 (Qua
1789 5060 1842 5115 in
1876 5074 1936 5115 re

337 5156 593 5213 convenit
630 5168 855 5227 prorsus
891 5164 1079 5213 auster
1105 5153 1274 5211 libelli
1303 5153 1367 5209 de
1395 5151 1659 5225 Dignitate
1685 5153 1937 5209 conditio-

335 5251 421 5306 nis
445 5249 687 5306 humana:
705 5290 721 5319 ,
751 5248 887 5307 ω’
905 5249 1319 5319 expressissime
1356 5247 1597 5305 docens:
1623 5247 1773 5306 Sicut
1794 5246 1938 5304 Dm

335 5353 447 5413 rat,-
472 5345 624 5411 ἄνει,
644 5353 697 5400 et
734 5344 900 5414 sapit,
928 5344 1005 5398 ira
1026 5343 1201 5400 animo
1223 5341 1505 5398 nandum
1541 5356 1698 5397 suum
1729 5340 1939 5399 modum

335 5447 413 5494 est
429 5478 447 5506 ,
468 5439 622 5507 alsit,
646 5446 693 5496 at
711 5436 895 5507 sapit.)
916 5435 1223 5494 Secundam
1246 5435 1305 5492 in
1326 5434 1488 5495 variis
1508 5434 1935 5507 conveniendis,

419 5619 499 5764 (ag
538 5618 685 5691 Lege
710 5616 894 5674 Petav.
926 5615 990 5671 de
1022 5615 1209 5686 opm.
1258 5615 1356 5701 ita.
1384 5588 1457 5691 ii,
1482 5615 1676 5700 2,,14.

419 5692 469 5764 (ὸ
515 5688 860 5764 Theodoret.
914 5696 1107 5760 quiest.
1156 5702 1229 5743 xx
1294 5704 1346 5744 In
1391 5687 1676 5759 Genestm,

417 5687 860 5765 (b)_'l'heodoret.
914 5696 1107 5760 quiest.
1156 5702 1229 5743 xx
1294 5688 1346 5744 in
1391 5687 1680 5759 Genesitn,
1735 5688 1945 5747 Joanne

337 5761 481 5829 Pico
511 5762 825 5831 interprete.

428 5833 501 5909 (ε)
541 5833 623 5900 Ex
649 5848 716 5891 eo
739 5833 875 5905 libro
894 5874 910 5902 ,
938 5848 1099 5906 quem
1124 5833 1436 5908 inscripsit:
1464 5835 1716 5907 quomodo
1736 5835 1803 5906 ad
1820 5837 1953 5908 ima—

2113 4695 2206 4752 58.
2244 4693 2577 4766 Augustinus
2622 4700 2836 4760 autem,
2872 4699 2929 4750 et
2958 4692 3337 4749 Theodorctus
3374 4691 3467 4747 diu
3508 4699 3637 4749 ante

2042 4785 2146 4843 bos
2176 4787 2483 4859 Scriptores
2509 4785 2654 4841 idem
2683 4784 2859 4856 ipsum
2904 4794 3279 4856 argumentum
3312 4798 3651 4855 persequun-

2045 4894 2152 4940 tur.
2181 4883 2243 4940 in
2280 4896 2348 4938 eo
2385 4896 2516 4943 vero
2553 4880 2736 4946 illam,
2768 4879 2837 4935 de
2873 4893 2978 4950 qua
3025 4880 3272 4950 agimus,
3302 4876 3494 4934 ultimae
3522 4892 3647 4933 cum

2042 4975 2309 5034 Trinitate
2333 4974 2684 5037 Sanctissima
2712 4972 3119 5029 similitudinem
3142 4970 3376 5027 collocat
3400 4970 3650 5042 Augusti-

2039 5086 2142 5129 nus
2171 5070 2289 5140 (ά),
2318 5076 2380 5123 ut
2422 5066 2619 5123 divinis
2648 5064 2900 5121 Personis
2939 5064 3056 5119 hac
3097 5064 3195 5119 tria
3239 5061 3604 5133 respondeant
3627 5103 3643 5127 ,

2041 5175 2197 5219 mens
2214 5202 2230 5227 ,
2254 5173 2409 5215 amor
2427 5198 2444 5224 ,
2475 5166 2532 5214 et
2557 5156 2752 5213 notitia
2771 5195 2787 5223 ,
2812 5169 2913 5212 seu
2932 5154 3190 5227 cngtibio.
3215 5153 3313 5211 Vel
3341 5155 3604 5211 memoria
3626 5194 3642 5221 ,

2040 5250 2396 5324 intelligentia
2420 5292 2436 5318 ,
2466 5251 2738 5306 voluntas.
2847 5323 2852 5328 λ

2112 5346 2205 5405 59.
2248 5345 2378 5401 Eam
2395 5382 2413 5411 ,
2441 5343 2511 5400 de
2543 5357 2650 5414 qua
2675 5345 2921 5414 agimus,
2946 5338 3355 5398 similitudinem
3377 5379 3394 5408 ,
3442 5346 3539 5411 per
3564 5338 3643 5395 si-

2042 5438 2439 5504 militudinem,
2457 5450 2623 5508 quam
2647 5434 2807 5491 habet
2837 5433 3001 5490 homo
3030 5446 3153 5489 cum
3182 5430 3448 5489 Trinitate
3476 5430 3645 5489 Sano-

2048 5570 2375 5762 ἕέιέᾴηὸζῖκ
2408 5619 2505 5676 Dei
2535 5630 2734 5677 ruinas.
2764 5617 2941 5677 Temo
2986 5634 3011 5677 ι
3055 5619 3315 5679 editionis
3343 5618 3395 5677 la
3430 5619 3637 5688 Quieti,

2057 5761 2985 5917 nidifj‘binii
3019 5764 3191 5895 θείνας
3229 5778 3349 5859 ei.
3392 5761 3633 5845 Butam
