4200 6256
631 297 741 385 ses

1294 295 1365 352 IN
1403 293 1665 352 HlLARII
1706 292 1927 351 EPIST.
1969 293 2098 352 SEU
2141 292 2365 349 LIBEL.
2413 291 2870 351 DISSER'I‘ATIO
2908 291 3252 351 SECUNDA.

3819 292 3923 350 εἰει

630 412 860 479 tissima,
893 411 1091 482 pariter
1112 409 1345 480 explicat
1367 407 1728 479 Hieronymus
1751 408 2006 463 Aretinus
2033 408 2143 478 (ιι),
2177 418 2229 462 et
2254 413 2305 468 Α
2336 406 2496 463 habet
2527 408 2714 470 Pater.
2748 418 3031 479 postquam
3079 409 3314 478 Spiritus
3358 407 3589 465 Sanetus
3627 412 3934 480 processit?

633 505 823 563 eadem
867 506 1010 571 fere,
1044 512 1208 574 atque
1254 501 1615 574 Augustinus,
1669 501 1937 572 proponit.
1983 499 2063 554 En
2106 514 2228 570 qua:

631 600 795 657 tradit
824 599 914 654 ille
940 597 1033 669 (In
1060 614 1214 653 serm.
1249 598 1303 651 in
1341 596 1550 652 Domin.
1584 612 1653 651 xx
1693 607 1814 667 post
1838 591 2176 664 Pentecosl.)
2211 611 2223 645 :

634 710 654 745 ι
686 690 820 748 Cum
847 702 1026 746 autem
1055 689 1190 746 dixit
1215 690 1632 754 similitudinem,
1666 688 1755 745 hic
1782 688 1934 744 addit
1961 700 2186 744 nostram
2210 729 2225 754 ,

627 783 874 841 referens
919 782 1322 839 similitudinem
1370 783 1438 838 ad
1478 782 1837 846 Trinitatem.
1865 782 2120 853 quoniam
2173 783 2226 838 in

625 876 847 933 homine
893 888 976 933 est
1018 876 1262 948 quaedam
1309 876 1610 932 similitudo
1656 876 1985 932 Trinitatis:
2025 877 2230 933 creavit

627 985 860 1042 namque
899 969 1042 1026 Deus
1081 971 1179 1027 tria
1226 972 1277 1026 in
1323 969 1573 1038 homine,
1601 969 1951 1035 memoriam,
1985 968 2229 1024 intellec-

627 1075 774 1132 tum,
817 1065 1181 1131 voluntatem,
1225 1081 1322 1136 per
1365 1081 1526 1134 quam
1573 1079 1698 1120 cum
1723 1063 1988 1120 Trinitale
2035 1062 2231 1118 indivi-

626 1159 787 1215 dnam
815 1159 1104 1231 quamdam
1149 1159 1310 1214 habet
1336 1158 1769 1220 similitudinem.
1803 1157 1950 1213 Patri
1997 1173 2230 1227 namque

629 1269 725 1324 per
771 1254 1087 1308 memoriam
1137 1253 1512 1307 assi-milatur:
1565 1251 1704 1306 Filio
1750 1266 1846 1322 per
1896 1251 2226 1306 intellectum

625 1344 1038 1401 conformatur:
1071 1343 1292 1414 Spiritui
1340 1345 1541 1399 Sancto
1587 1359 1681 1413 per
1718 1343 2050 1398 voluntatem
2081 1357 2230 1398 com-

627 1439 924 1508 paginatur.
953 1435 1087 1491 Nam
1119 1437 1256 1492 sicut
1281 1436 1439 1491 Pater
1469 1451 1498 1490 a
1529 1436 1675 1490 nullo
1702 1445 1817 1501 est,
1844 1435 1939 1491 sed
1969 1435 2037 1491 ab
2059 1450 2125 1490 eo
2146 1445 2230 1491 est

627 1529 797 1586 Filius
819 1573 834 1597 ,
864 1532 943 1586 sic
981 1531 1242 1586 memoria
1283 1545 1404 1586 cum
1433 1531 1506 1585 sit
1545 1532 1628 1586 vis
1654 1533 1881 1596 animae,
1908 1544 1938 1584 a
1972 1529 2116 1584 nulla
2139 1543 2229 1584 ea-

625 1641 746 1680 rnm
775 1633 859 1680 est
879 1665 894 1690 ,
924 1623 1020 1680 sed
1069 1625 1136 1679 ab
1165 1639 1232 1682 ea
1259 1633 1344 1680 est
1385 1623 1712 1680 intellectus.
1745 1623 1897 1678 Sicut
1929 1636 2061 1678 vero
2105 1621 2227 1692 Spi-

625 1717 760 1774 ritus
785 1716 1013 1774 Sanctus
1041 1732 1072 1772 a
1097 1718 1257 1774 Patre
1283 1717 1560 1788 procedit.
1592 1728 1646 1773 et
1673 1732 1702 1771 a
1731 1715 1902 1781 Filio;
1932 1716 2011 1771 sic
2035 1715 2227 1771 volun-

2330 500 2498 572 Cujus
2538 499 2753 572 quidem
2797 502 3197 586 processionem
3251 517 3345 573 per
3387 501 3728 560 eduCtionem
3772 504 3933 561 [levat

2329 608 2394 650 ex
2423 604 2574 649 costa
2615 593 2808 650 Adami
2849 591 3074 650 indicari
3109 593 3223 660 vis;
3257 609 3613 666 quamquam,
3641 606 3697 650 ut
3731 604 3930 652 caetera

2299 737 2306 744 .
2329 687 2606 753 omittam,
2635 686 2864 742 formata
2889 695 2974 743 est
3005 686 3148 741 licva
3172 701 3240 742 ex
3262 697 3412 742 costa
3439 687 3630 743 Adami
3653 704 3669 754 ;
3696 688 3937 759 Spiritus

2293 789 2302 806 ‘
2331 781 2561 838 Sanctus
2587 795 2718 836 vero
2747 781 3009 838 formatus
3036 794 3142 836 n0n
3169 789 3286 847 est,
3313 779 3406 838 sed
3439 781 3694 838 inoﬂ‘abili
3728 781 3898 838 modo
3923 823 3938 849 ,

2293 907 2308 914 -
2332 882 2388 930 et
2415 874 2572 944 plane
2594 872 2775 929 divino
2807 872 3068 943 procedit.
3101 887 3181 929 ιιι.
3211 871 3452 930 Atlamus
3482 873 3651 929 lilium
3675 873 3848 932 habet
3868 893 3936 932 ex

2296 967 2591 1031 -muliere,
2624 980 2731 1020 non
2762 980 2828 1020 ex
2871 980 2931 1020 se
2977 964 3319 1021 tantumuAn
3366 963 3417 1020 id
3464 966 3719 1035 exprimit
3765 966 3941 1023 divini

2296 1096 2300 1098 -
2331 1059 2456 1115 Filii
2479 1059 2915 1129 generationem?
2938 1076 3014 1114 tv.
3044 1059 3210 1114 Filios
3233 1059 3492 1130 plurimos
3513 1059 3702 1115 habuit
3732 1060 3941 1130 Adam,

2329 1167 2532 1222 eosque
2557 1163 2611 1206 et
2643 1168 2853 1219 mares,
2883 1161 2938 1208 et
2984 1151 3264 1216 fmminas,
3292 1162 3348 1206 et
3388 1153 3618 1222 probos.
3650 1162 3705 1209 et
3735 1154 3946 1224 impro-

2277 1247 2298 1273 ³
2330 1244 2447 1300 bos.
2475 1245 2558 1300 An
2587 1245 2762 1316 imago
2814 1261 2877 1304 ea
2908 1252 2991 1301 εει
3035 1245 3401 1317 generationis
3464 1245 3742 1317 Unigeniti
3798 1248 3944 1304 Dei?

2305 1352 2384 1391 ~v.
2408 1337 2576 1392 lilium
2604 1336 2792 1393 habuit
2822 1338 3059 1394 Adamus
3080 1353 3146 1393 ex
3177 1337 3342 1403 HeVa,
3375 1354 3494 1409 qua:
3523 1355 3590 1394 ex
3613 1355 3680 1396 eo
3702 1339 3940 1395 formata

2330 1439 2442 1496 est,
2491 1441 2654 1501 atque
2699 1430 2858 1500 hujus
2902 1431 3118 1501 quidem
3169 1430 3422 1487 formatio
3469 1432 3701 1504 Spiritus
3754 1432 3942 1490 Sancti

2332 1524 2732 1593 processionem
2765 1524 2989 1580 iunttere
3014 1523 3229 1580 dicitur.
3257 1525 3341 1581 An
3373 1525 3541 1591 ﬁlium
3573 1525 3744 1582 habet
3775 1525 3944 1583 Pater

2328 1630 2397 1672 ex
2422 1615 2627 1688 Spiritu
2664 1617 2897 1673 Sancto?
2923 1616 3194 1673 Hactenus
3221 1617 3274 1672 in
3307 1615 3400 1673 ﬁlii
3425 1619 3790 1690 generatione
3815 1633 3942 1690 per-

2299 1759 2306 1770 ,
2331 1707 2588 1763 stitimus.

627 1819 710 1864 tas
735 1825 763 1863 a
788 1812 1048 1866 memoria
1068 1853 1083 1878 ,
1115 1823 1169 1868 et
1195 1811 1504 1868 intellectu:
1533 1811 1633 1866 nisi
1660 1811 1805 1866 enim
1831 1812 2089 1866 memoria
2113 1825 2228 1866 rem
2259 1805 2306 1865 B
2404 1802 2496 1857 H.
2538 1801 2823 1861 Processio
2854 1817 3019 1874 porro
3055 1802 3288 1874 Spiritus
3337 1805 3520 1862 Sancti
3565 1805 3789 1862 felicius
3837 1822 3941 1863 non

627 1902 778 1972 prius
805 1905 1130 1974 attingeret,
1180 1919 1280 1960 nec
1328 1902 1632 1960 intellectus
1673 1919 1791 1960 eam
1833 1912 2083 1974 caperet,
2131 1919 2230 1959 nec

623 2009 744 2050 eam
771 1994 1018 2052 voluntas
1039 2007 1436 2066 cnnsequenter
1462 2005 1761 2066 appeteret.
1794 1996 1932 2051 Ecce
1953 1994 2230 2066 quomodo

626 2089 798 2144 factus
823 2099 908 2144 est
935 2089 1096 2145 homo
1122 2091 1194 2145 ad
1217 2091 1603 2146 similitudinem
1630 2090 1748 2145 Dei.
1778 2107 1798 2143 ι

695 2179 812 2236 Non
833 2182 1096 2238 absimilis
1111 2192 1197 2238 est
1218 2183 1543 2239 Theodoreti
1566 2183 1863 2250 sententia;
1891 2183 2005 2238 lucc
2031 2184 2230 2254 quippe

534 2305 540 2314 -
629 2273 704 2327 ait
733 2273 950 2344 (Quaen.
971 2291 1038 2331 xx
1067 2277 1120 2330 in
1145 2273 1379 2331 Genesim
1408 2276 1428 2345 )
1461 2292 1477 2332 :
1501 2275 1709 2332 «Habet
1733 2276 1876 2332 enim
1898 2276 2011 2346 ipsa
2035 2275 2231 2344 (anima

623 2364 874 2438 humana)
906 2366 1211 2424 facultatem
1242 2369 1562 2425 ratimtalem
1584 2409 1600 2434 ,
1627 2379 1684 2425 et
1710 2369 1927 2424 vitalem
1969 2369 2022 2424 in
2049 2383 2110 2425 se
2136 2385 2149 2422 :
2177 2381 2232 2424 et

626 2472 782 2513 utens
809 2459 1026 2527 quidem
1067 2460 1318 2530 producit
1359 2475 1664 2516 sermonem
1686 2502 1700 2528 ,
1729 2460 2006 2516 concurrit
2049 2469 2228 2514 autem

632 2563 756 2606 cum
784 2565 1035 2608 sermone
1064 2553 1307 2623 spiritus,
1325 2568 1432 2609 non
1462 2563 1752 2625 generatus
1781 2553 2232 2625 quidem,quem-

622 2646 911 2703 admodum
963 2663 1177 2715 sermo,
1234 2649 1328 2704 sed
1363 2661 1624 2720 perpetuo
1651 2663 1996 2720 consequens
2023 2663 2232 2704 sermo—

624 2752 747 2793 nem
769 2780 784 2800 .
813 2749 868 2794 et
895 2755 1018 2796 cum
1047 2755 1146 2808 eo,
1179 2741 1307 2797 dum
1347 2741 1559 2809 editur,
1585 2755 1939 2798 concurrens.
1991 2760 2011 2794 ι
2066 2783 2088 2791 ..

695 2829 1063 2886 Demascemts
1101 2847 1266 2902 porro
1308 2832 1464 2887 aliam
1504 2833 1707 2888 invenit
1753 2832 1892 2887 inter
1938 2831 2225 2887 humanam

622 2922 855 2976 animum
873 2965 888 2988 ,
913 2933 968 2978 et
991 2924 1737 2981 TrinitatemSanctissimam
1761 2924 2190 2980 convenientiam
2215 2941 2227 2977 :

622 3029 676 3072 et
707 3017 821 3071 haec
846 3030 927 3072 εει
949 3015 1201 3086 (οναι.ιιι
1219 3018 1286 3072 de
1325 3016 1574 3086 lmagio.,
1597 3035 1650 3070 η.
1668 3017 1762 3088 20)
1785 3037 1796 3071 :
1819 3036 1838 3070 ι
1858 3017 2026 3073 Sicuti
2047 3019 2225 3083 Pater,

623 3109 713 3179 qui
747 3119 830 3164 est
866 3125 1050 3177 mens,
1081 3120 1135 3166 et
1161 3110 1331 3165 Filius
1359 3110 1595 3165 Verbum
1614 3152 1629 3177 ,
1653 3120 1709 3166 et
1733 3111 1969 3181 Spiritus
1997 3111 2229 3167 Sanctus

2331 1896 2651 1966 exprimitur
2679 1911 2778 1966 per.
2801 1897 3202 1966 processionem
3223 1938 3238 1963 ,
3267 1911 3364 1952 seu
3392 1899 3813 1968 productionem
3842 1900 3944 1954 He-

2333 2001 2413 2040 vac
2441 2002 2508 2042 ex
2558 1987 2753 2044 Adami
2781 1997 2964 2051 costa-
2983 1987 3198 2058 Etenim
3223 2030 3239 2055 ,
3269 1998 3327 2044 ut
3366 1990 3416 2044 id
3461 1993 3706 2047 omittam
3729 2034 3753 2059 ,
3802 1994 3942 2062 quod

2305 2078 2563 2139 ,ante.de
2589 2079 3160 2152 eadetn,,processione
3183 2081 3334 2146 dixi.
3368 2097 3498 2138 sane
3529 2083 3778 2154 Spiritus
3807 2084 3943 2142 San-

2303 2182 2454 2236 .ctus
2491 2173 2983 2244 per.spirationem
3015 2173 3288 2245 procedit,
3316 2189 3435 2242 nec,
3457 2189 3526 2230 ex
3566 2176 3689 2230 solo
3740 2176 3904 2234 Patre
3926 2220 3943 2244 ,

2335 2281 2521 2321 verum
2538 2266 2712 2330 ,etiam
2741 2281 2808 2336 ex
2833 2265 2975 2328 Filio
3003 2267 3248 2336 procedit
3270 2279 3478 2338 ,_a,tque
3503 2284 3568 2322 ex
3617 2269 3944 2333 amorePa-

2303 2359 2430 2415 ttris
2453 2401 2468 2425 ,
2495 2368 2551 2415 et
2589 2359 2712 2414 Filii
2767 2359 3041 2424 procedit.
3061 2359 3144 2415 Att
3175 2359 3304 2430 haec
3345 2360 3803 2428 similitudinem,
3849 2379 3944 2420 seu

2307 2454 2618 2526 imaginem
2646 2455 2880 2524 aliquam
2908 2455 2974 2514 in.
2993 2457 3338 2526 processione
3357 2497 3374 2524 ,
3405 2471 3503 2513 seu
3532 2457 3709 2527 potius
3738 2458 3800 2513 in
3833 2457 3942 2514 for-

2305 2547 2572 2604 .matione
2591 2547 2754 2604 [levae
2781 2563 2846 2603 ex
2873 2559 3022 2604 costa
3046 2549 3238 2610 Adami
3270 2548 3506 2605 habent?
3532 2548 3725 2606 Restat
3756 2550 3937 2622 itaque

2304 2640 2504 2712 -(quod
2524 2641 2636 2711 jam
2665 2640 2797 2713 dixi)
2823 2651 2882 2697 ut
2907 2642 3155 2700 latissime
3181 2643 3506 2714 accipiatur,
3555 2660 3684 2709 non,
3704 2646 3944 2717 rigorose

2303 2761 2308 2778 ι
2332 2731 2663 2802 similitudo,
2691 2743 2854 2806 atque
2885 2737 3062 2806 imago
3090 2736 3181 2791 illa
3210 2735 3518 2804 Trinitatis,
3547 2753 3811 2808 quamn.
3829 2737 3931 2802 37,

2334 2841 2401 2882 ex
2427 2827 2604 2884 aliena
2631 2829 2897 2885 sententia
2923 2827 3330 2902 descripsimus.
3358 2828 3546 2900 Neque
3573 2845 3705 2893 vero
3729 2833 3865 2891 hac
3890 2833 3940 2887 in

2303 2925 2698 2992 ‘Damaseeno,
2729 2928 2970 2996 qnemin
3015 2926 3159 2991 hanc
3183 2927 3596 2998 explicationem
3641 2927 3939 3000 allegatum

2333 3016 2482 3084 vidi,
2510 3031 2767 3086 expresse
2792 3017 3021 3074 invenis.
3047 3017 3186 3073 Num
3218 3018 3366 3092 idex
3409 3035 3476 3079 eo
3512 3018 3607 3074 liat
3625 3059 3641 3085 ,
3669 3021 3825 3090 quod
3852 3036 3942 3076 co-

2333 3110 2482 3166 dices
2523 3111 2660 3166 alios
2686 3113 2753 3167 ab
2799 3111 2894 3175 iis,
2925 3127 3060 3183 quos
3093 3113 3278 3169 habuit
3306 3113 3359 3169 le
3402 3113 3610 3184 Quicn,
3637 3115 3802 3187 cujus
3830 3116 3942 3172 edi-

625 3217 764 3255 nnns
795 3203 931 3259 Dens
958 3212 1119 3259 sunt:
1151 3204 1230 3258 sic
1257 3218 1412 3258 mens
1443 3203 1664 3258 verbum
1688 3245 1704 3269 ,
1758 3213 1812 3258 et
1841 3204 2070 3273 Spiritus
2091 3220 2230 3261 unus
2255 3199 2300 3262 C
2336 3203 2482 3258 tione
2509 3211 2666 3271 utor,
2693 3205 2940 3260 diversos
2970 3205 3006 3260 ii
3031 3206 3238 3274 citent,
3271 3209 3456 3263 nescio
3483 3225 3498 3262 :
3530 3207 3637 3264 Sed
3671 3210 3796 3264 haec
3823 3219 3937 3268 tan-

624 3293 808 3348 homo.
845 3313 864 3346 ›
897 3295 1074 3366 Atque
1103 3295 1217 3350 inec
1270 3294 1508 3366 quidem,
1549 3309 1690 3365 quae,
1737 3295 1814 3349 uti
1866 3297 2075 3358 notavi.
2125 3298 2223 3354 de-

623 3394 911 3441 sumuntur
963 3403 1032 3442 ex
1079 3387 1324 3442 oratione
1389 3402 1444 3440 ιιι
1501 3387 1565 3440 de
1609 3386 1965 3459 Imaginibus,
2002 3387 2115 3444 fere
2141 3407 2227 3445 rc-

623 3488 881 3550 petuntur
931 3481 982 3534 in
1031 3480 1306 3550 Opusculo
1360 3481 1620 3551 inscripto
1666 3498 1680 3535 :
1742 3481 2006 3548 Quomodo
2051 3484 2225 3554 imago

623 3569 721 3625 Dei
748 3570 1007 3640 impressa
1033 3572 1097 3626 sit
1127 3570 1345 3627 homini.
1915 3559 1918 3564 I

692 3662 783 3719 40.
817 3665 899 3719 An
930 3662 1046 3718 haec
1075 3663 1316 3733 rigorose
1340 3664 1637 3720 sumimus?
1665 3664 1806 3721 Nihil
1839 3667 2037 3723 minus.
2066 3667 2222 3722 Enim

621 3772 749 3813 vero
768 3757 811 3812 si
834 3757 1058 3828 primam
1080 3759 1492 3828 explicationem
1517 3759 1848 3830 inquisitioni
1871 3759 2187 3830 snbjicimus
2203 3803 2218 3826 ,

619 3851 798 3920 aliqua
827 3861 1155 3917 occurrunt,
1198 3868 1318 3922 quae
1360 3853 1666 3909 difficultati
1708 3869 1814 3908 non
1836 3854 1938 3910 levi
1965 3855 2218 3910 subsunt.

621 3943 870 3999 Profecto
890 3961 1240 4014 qttazcnmque
1265 3962 1330 4002 ea
1353 3947 1511 4002 inerit
1532 3988 1547 4009 ,
1571 3948 1686 4002 sive
1709 3951 1906 4019 imago.
1930 3949 2047 4005 sive
2073 3949 2221 4005 simi-

624 4036 828 4104 litudo,
856 4036 971 4091 sive
1019 4046 1304 4109 utrumque
1349 4037 1572 4104 horum,
1607 4053 1714 4094 non
1738 4053 1801 4094 ea
1826 4047 1946 4096 erat
1978 4039 2220 4095 desitura

622 4128 677 4182 in
707 4129 940 4194 Adamo,
968 4129 1062 4185 sed
1093 4129 1160 4183 ad
1193 4131 1337 4185 illius
1363 4140 1609 4202 posteros
1651 4131 2027 4200 producenda,
2057 4132 2106 4187 si
2134 4133 2218 4187 in-

623 4235 825 4275 nocens
853 4220 1196 4291 perstitisset.
1228 4222 1342 4275 Non
1374 4236 1503 4293 ergo
1531 4223 1584 4276 in
1615 4237 1681 4277 eo
1702 4222 1959 4278 collocari
2004 4223 2097 4280 illa
2127 4237 2224 4292 po-

618 4312 774 4378 terit,
805 4312 946 4384 quod
975 4315 1088 4383 ipse
1111 4328 1220 4369 non
1251 4315 1320 4370 sit
1346 4315 1580 4385 genitus.
1611 4315 1766 4384 Quod
1786 4316 1834 4372 si
1865 4317 2107 4388 rigorose
2129 4333 2222 4372 su-

620 4407 820 4461 mimus
865 4421 1061 4463 nomen
1101 4408 1347 4479 genitus,
1393 4411 1516 4480 quis
1557 4410 1797 4481 genitum
1847 4427 1879 4466 a
1922 4411 2222 4468 Deo-dicet

617 4497 926 4556 Adamum?
952 4501 1200 4558 Profecto
1229 4518 1331 4558 vox
1364 4503 1453 4558 illa
1484 4505 1725 4575 rigorose
1749 4515 1959 4581 sumpta
1984 4507 2219 4562 consub-

2332 3307 2442 3353 tum
2472 3299 2524 3354 in
2551 3314 2620 3355 eo
2653 3299 2938 3370 leguntur,
2971 3316 3092 3371 qute
3117 3301 3352 3357 recitare
3380 3301 3466 3356 hic
3497 3301 3627 3357 libet
3651 3301 3745 3370 (Et
3781 3302 3928 3359 Orat.

2328 3408 2385 3447 ιιι
2413 3392 2478 3448 de
2511 3393 2732 3464 Imagin.
2765 3411 2817 3448 η.
2848 3395 2941 3464 20)
2967 3413 2980 3448 :
3016 3414 3036 3448 ‹
3066 3393 3308 3451 Tertium
3337 3410 3508 3466 genus
3539 3395 3835 3466 imaginum
3857 3406 3937 3452 est

2328 3501 2520 3543 eorum
2545 3529 2559 3551 ,
2587 3502 2710 3558 qua;
2739 3502 2837 3558 per
2863 3487 3220 3543 imitationem
3247 3504 3277 3542 a
3309 3489 3419 3544 Deo
3450 3488 3588 3542 facta
3611 3498 3737 3543 sunt
3766 3505 3782 3541 :
3815 3499 3932 3557 puta

2331 3577 2589 3635 ltomo....
2620 3579 2750 3634 Nam
2777 3579 2938 3634 veluti
2969 3579 3163 3646 Pater,
3201 3579 3292 3649 qui
3339 3593 3494 3635 mens
3531 3589 3642 3644 est,
3669 3587 3724 3634 ct
3760 3580 3935 3636 Filius

2329 3673 2457 3728 item
2486 3672 2711 3728 verbum
2735 3715 2750 3738 ,
2783 3681 2838 3727 et
2883 3671 3116 3743 Spiritus
3145 3672 3379 3728 Sanctus
3407 3688 3546 3729 unus
3583 3671 3727 3729 Deus
3770 3683 3932 3738 sunt;

2327 3766 2406 3820 sic
2434 3781 2587 3820 mens
2606 3808 2621 3832 ,
2650 3767 2874 3820 verbum
2894 3808 2909 3832 ,
2939 3775 2996 3822 et
3020 3765 3245 3836 spiritus
3273 3779 3412 3820 unus
3435 3765 3598 3820 homo
3620 3775 3768 3820 sunt.
3798 3765 3932 3820 Tum

2327 3859 2491 3914 etiam
2525 3869 2750 3928 propter
2791 3858 3003 3912 arbitrii
3031 3857 3367 3921 libertatem,
3399 3865 3456 3911 ct
3499 3857 3806 3927 imperandi
3835 3873 3932 3912 au-

2327 3952 2632 4006 ctoritatem
2658 3951 2825 4005 Deum
2855 3950 3093 4004 imitatur
3121 3967 3137 4006 :
3164 3949 3240 4004 ait
3268 3949 3465 4019 quippe
3485 3966 3498 4002 :
3518 3946 3808 4004 Faciamus
3837 3947 3932 4003 ho-

2329 4052 2527 4106 minem
2548 4050 2614 4104 ad
2631 4051 2942 4121 imaginem,
2966 4058 3024 4104 et
3049 4048 3464 4105 similitudinem.
3489 4057 3730 4109 nostram
3757 4065 3774 4104 :
3805 4047 3932 4102 sub-

2313 4143 2512 4214 ditque
2545 4160 2556 4195 :
2585 4142 2649 4197 Et
2677 4141 3029 4198 dominamini
3056 4143 3290 4212 piscibus
3318 4141 3507 4207 maris,
3528 4159 3547 4194 ι
3580 4150 3688 4196 etc.
3717 4139 3777 4196 ln
3805 4153 3931 4210 optt-

2325 4238 2477 4294 sculo
2507 4251 2666 4304 vero,
2698 4237 2838 4306 quod
2871 4236 3148 4307 inscripsit
3183 4255 3196 4291 :
3228 4236 3487 4307 quomodo
3535 4234 3603 4289 ad
3653 4235 3928 4306 imaginem

2326 4329 2422 4385 Dei
2443 4329 2596 4384 homo
2637 4331 2739 4397 sit,
2784 4344 3030 4402 magnam
3077 4337 3283 4401 partem
3309 4341 3501 4386 eorum
3539 4325 3777 4396 repetit,
3807 4339 3928 4396 quae

2325 4421 2490 4478 modo
2513 4423 2791 4478 attulimus
2813 4463 2827 4487 ,
2857 4434 2968 4478 tum
2993 4423 3112 4478 hare
3134 4421 3351 4490 subjieit
3377 4417 3540 4493 (Pag.
3588 4417 3864 4486 δηλουιὶ
3908 4432 3926 4471 ι

2323 4516 2447 4570 edit.
2484 4513 2692 4588 Venet.)
2719 4533 2732 4570 :
2755 4535 2775 4568 ι
2799 4515 3025 4585 Quando
3040 4515 3112 4570 de
3136 4515 3250 4590 Deo
3273 4528 3453 4570 sermo
3477 4521 3583 4578 est,
3611 4527 3751 4568 unus
3781 4510 3925 4567 Deus

621 4595 930 4650 Stantialem
988 4597 1209 4652 indicat.
1236 4597 1318 4654 An
1349 4599 1822 4656 consubstantialis
1845 4600 1956 4656 Deo
1976 4599 2217 4656 Adamus
2247 4595 2298 4655 D
2322 4606 2661 4674 celebratur,
2683 4615 2739 4662 et
2787 4607 3044 4662 adoratur
3067 4606 3122 4660 in
3149 4606 3319 4661 tribtts
3344 4604 3762 4677 hypostaslbus‘,
3795 4617 3926 4660 una-

618 4689 740 4745 est?
766 4689 848 4745 Ad
880 4690 1032 4747 lucc:
1070 4693 1114 4746 si
1142 4693 1374 4748 animam
1405 4681 1620 4764 spectas
1640 4737 1656 4762 ,
1685 4711 1716 4750 a
1747 4695 1858 4751 Deo
1888 4705 2104 4751 creatus
2131 4695 2212 4751 di-

617 4785 758 4839 citur
791 4784 955 4840 Adam
981 4826 995 4849 ,
1027 4801 1132 4840 non
1158 4788 1375 4857 genitus
1401 4805 1414 4840 :
1443 4789 1486 4841 si
1515 4802 1644 4844 vero
1671 4802 1867 4859 corpus
1889 4830 1904 4854 ,
1933 4796 2042 4844 non
2068 4789 2217 4860 geni-

623 4887 708 4932 tus
732 4919 746 4942 ,
779 4877 874 4932 sed
907 4879 1165 4934 formatus
1208 4879 1446 4936 Adan’tns
1474 4880 1705 4945 dicitur.
1755 4882 1956 4953 quippe
1995 4898 2063 4939 ex
2095 4899 2218 4940 cor-

617 4986 749 5042 pore
773 4983 1020 5040 constat,
1051 4988 1158 5044 quo
1190 4989 1296 5030 non
1339 4985 1553 5031 constat
1599 4975 1740 5032 Deus
1762 5019 1776 5043 ,
1806 4977 2029 5048 ipsaque
2071 4976 2218 5032 illius

617 5066 798 5122 anima
839 5065 1064 5136 spiritus
1087 5075 1171 5123 est
1199 5067 1312 5123 Deo
1340 5067 1498 5140 longe
1547 5068 1799 5136 inferior,
1849 5079 2034 5140 utpote
2063 5085 2216 5125 crea-

617 5171 736 5229 tus,
766 5170 821 5218 et
847 5162 1156 5231 mutabilis,
1187 5175 1242 5218 et
1266 5179 1295 5218 a
1323 5163 1503 5220 divina
1543 5164 1841 5220 substantia
1882 5164 2090 5220 infinito
2135 5165 2216 5219 in-

619 5253 841 5309 tervallo
869 5255 1096 5311 distans.
1129 5257 1209 5310 Au
1240 5256 1419 5326 itaque
1459 5256 1701 5312 Atlamus
1730 5257 1894 5312 divini
1929 5256 2094 5312 Verbi
2119 5272 2213 5328 ge-

616 5346 952 5403 nerationem
981 5348 1279 5418 exprimit?
1297 5349 1465 5417 Quam
1495 5350 1537 5402 si
1583 5359 1765 5405 tamen
1791 5350 2013 5406 omnino
2039 5351 2216 5407 adhuc

617 5441 699 5496 vis
722 5439 1061 5511 exprimere;
1090 5440 1370 5508 advertas,
1401 5441 1656 5509 obsecro,
1689 5457 1848 5514 quam
1881 5443 2102 5513 pulchre
2123 5459 2218 5500 ex-

614 5535 834 5606 primat.
867 5535 950 5589 An
980 5549 1086 5590 non
1123 5533 1333 5590 'Filium
1383 5534 1622 5590 Adamus
1667 5534 1882 5604 habuit,
1933 5547 2213 5608 postquam

615 5642 684 5683 ex
728 5628 875 5685 illius
923 5629 1073 5685 costa
1119 5627 1346 5686 formata
1385 5635 1471 5685 est
1519 5627 1704 5684 lleva?
1729 5631 1812 5684 Au
1845 5644 1976 5685 vero
2019 5629 2213 5686 Filium

684 5807 762 5875 (al
800 5787 936 5864 Vide
958 5823 1080 5878 qua:
1107 5807 1176 5866 de
1199 5821 1267 5865 eo
1290 5807 1527 5866 diximus
1553 5807 1622 5864 ad
1647 5822 1798 5864 num.
1835 5808 1926 5866 ﬂ.

2320 4716 2426 4772 que
2445 4701 2621 4757 deitas
2643 4741 2658 4766 ,
2694 4716 2799 4756 una
2824 4708 3014 4756 natura
3035 4741 3053 4770 ,
3083 4715 3186 4756 una
3209 4701 3321 4768 vis,
3351 4707 3409 4755 et
3433 4698 3670 4770 potentia
3689 4697 3928 4766 ,‘volun-

2323 4805 2407 4850 tas
2435 4810 2540 4850 una
2567 4813 2582 4849 :
2617 4803 2728 4850 tres
2755 4808 3006 4864 personat
3027 4835 3042 4860 ,
3072 4804 3127 4849 et
3158 4805 3268 4850 tres
3292 4793 3643 4866 hyposmses,
3673 4807 3926 4863 unaque:-

2319 4904 2424 4959 que
2451 4903 2571 4944 cum
2599 4903 2696 4943 sua
2731 4888 3080 4959 proprietate.
3113 4887 3245 4958 Nam
3291 4889 3594 4958 proprietas
3621 4887 3797 4942 Patris
3834 4895 3917 4942 est

2321 4981 2763 5038 innascibilitas:
2808 4982 3108 5052 pmprietas
3154 4980 3306 5046 Filii,
3355 4982 3653 5036 nativitas:
3694 4990 3751 5036 et
3798 4995 3922 5050 pro-

2322 5076 2523 5146 prietas
2551 5074 2818 5147 Spiritus,
2857 5074 3152 5144 processio.
3201 5073 3346 5129 Deus
3371 5084 3456 5130 est
3481 5072 3642 5130 Pater
3663 5115 3678 5137 ,
3708 5072 3799 5143 qui
3825 5085 3916 5127 ca—

2321 5179 2407 5226 ret
2436 5169 2588 5225 initio
2615 5187 2628 5222 :
2662 5169 2806 5224 Deus
2834 5178 2921 5224 est
2950 5167 3151 5236 Filius,
3181 5168 3275 5240 qui
3300 5167 3529 5239 perinde
3573 5165 3784 5222 initium
3814 5179 3918 5220 non

2322 5261 2546 5329 habuit,
2577 5261 2877 5332 quamlibet
2903 5260 2977 5316 sit
3018 5275 3085 5317 ex
3110 5261 3267 5316 Patre
3303 5279 3317 5316 :
3351 5259 3495 5315 Deus
3525 5258 3754 5329 Spiritus
3777 5255 3915 5312 San-

2317 5364 2437 5412 ctus
2457 5397 2470 5418 ,
2501 5355 2782 5426 utriusque
2809 5363 3144 5419 coaeternus,
3194 5355 3465 5424 simulque
3514 5353 3653 5408 initii
3682 5365 3877 5422 expers
3901 5368 3913 5402 :

2319 5462 2392 5505 ex
2418 5447 2575 5503 Patre
2615 5446 2870 5518 prodiens
2892 5489 2908 5514 ,
2942 5461 3050 5502 non
3078 5445 3200 5502 Filii
3246 5459 3431 5512 more,
3461 5457 3516 5500 ut
3556 5445 3769 5514 genitus
3808 5443 3914 5507 sit,

2321 5540 2399 5596 uti
2428 5539 2630 5606 Filius,
2674 5539 2769 5596 sed
2813 5539 3178 5611 processione.
3213 5537 3391 5594 Unum
3426 5537 3526 5594 tria
3556 5546 3641 5594 est
3675 5537 3874 5594 deitate
3895 5577 3910 5600 ,

2320 5631 2484 5704 inque
2511 5632 2680 5689 tribus
2706 5630 3110 5704 bypostasibus.
3145 5649 3166 5683 ι
