4200 6256
249 303 356 359 855

936 299 1003 358 IN
1042 297 1304 355 HILARII
1344 294 1560 355 El’lST.
1605 290 1997 365 SEU_LIBEL.
2043 288 2494 348 DISSERTATIO
2530 285 2868 346 SECUNDA.

3448 282 3555 340 866

323 418 415 471 4.).
459 415 597 472 Alia:
625 413 1043 487 explicationes,
1075 430 1208 486 quas
1235 414 1480 486 praebent
1508 421 1698 496 auctor
1728 411 1852 466 libri
1883 415 1932 474 Α
1965 428 1985 463 ‹
2014 409 2132 465 Νοη
2165 419 2248 465 est
2291 423 2421 480 ergo
2447 407 2514 462 ad
2559 407 2848 477 imaginem
2882 401 2997 466 Dei,
3030 402 3081 456 in
3106 415 3209 472 qua
3233 399 3375 456 Deus
3405 414 3555 454 sem-

254 508 317 564 (ιε
347 509 552 578 Spiritu
575 515 620 562 et
651 507 862 572 Anima,
888 515 1077 562 auctor
1098 521 1311 577 quoque
1329 504 1580 561 libellide
1597 503 1857 575 Dignitate

255 600 562 656 conditionis
589 599 851 664 humanm,
871 598 1226 670 Augustinus,
1260 612 1323 652 ac
1349 581 1742 661 Theodoretus,
1777 609 1856 649 eae

256 692 434 748 minus
448 691 571 747 lata:
586 690 857 758 videmur,
878 698 930 746 et
945 687 1119 759 excipi
1135 687 1423 744 commode
1441 694 1685 758 possunt,
1702 684 1859 740 dum-

260 783 422 840 modo
435 783 611 856 primo
626 783 694 838 ad
719 781 990 838 hominem
1007 781 1232 837 minime
1254 791 1521 848 coarctes,
1541 778 1636 835 sed
1653 777 1858 849 Augelo

257 891 575 933 communes
588 875 749 932 facias
765 892 780 931 :
794 873 1032 931 secundo
1046 874 1261 930 fatearis
1280 874 1686 946 processionum
1712 871 1859 928 ordi-

260 987 384 1028 nem
411 971 668 1027 minutius
708 981 982 1027 servatum
1018 969 1239 1026 minime
1280 971 1449 1027 fuisse
1501 969 1796 1040 aliquando
1827 983 1856 1023 a

262 1064 694 1136 praeclarissimis
743 1065 826 1119 his
871 1063 1209 1120 doctoribus.
1255 1063 1462 1130 Tertio,
1520 1079 1583 1119 ex
1620 1061 1856 1127 duabus,

260 1173 394 1229 quas
423 1157 811 1229 explicavimus
841 1172 909 1212 ex
943 1156 1264 1228 Augustino,
1295 1165 1352 1213 et
1379 1155 1745 1220 Theodoreto,
1789 1157 1862 1209 si-

264 1247 679 1314 militudinibus,
713 1247 894 1304 minus
919 1247 1081 1302 latam
1109 1262 1230 1304 esse
1251 1263 1392 1313 eam,
1423 1264 1544 1318 quae
1574 1249 1626 1302 in
1656 1256 1856 1311 mente,

263 1340 475 1408 notitia,
508 1350 563 1396 et
589 1355 797 1407 amore,
837 1357 1001 1411 quam
1023 1357 1143 1412 qua:
1172 1341 1225 1396 in
1264 1341 1641 1411 intelligentia,
1667 1340 1862 1395 volun-

1959 497 2057 575 per
2078 502 2206 559 est?
2235 502 2329 558 sed
2365 501 2512 568 audi,
2545 501 2671 571 quia
2714 499 2780 553 ad
2813 497 3099 569 imaginem
3132 505 3215 552 est
3259 494 3394 549 Dei:
3425 492 3558 548 dicit

1960 597 2104 653 enim
2155 594 2447 665 Apostolus
2477 592 2556 664 (ll
2589 589 2822 646 Corinth.
2880 605 2961 657 in,
3013 584 3161 656 18):
3213 586 3322 642 Nos
3374 586 3556 653 itaque

1959 703 2149 744 omnes
2201 686 2435 743 revelata
2487 683 2625 742 facie
2670 682 2895 755 gloriam
2949 681 3042 735 Dei
3088 678 3460 751 speculantes,
3488 675 3558 731 ad

1960 780 2206 838 eamdem
2253 779 2545 852 imaginem
2581 776 2950 834 reformamur
2979 771 3194 845 agloria
3225 771 3278 826 in
3301 769 3553 842 gloriam,

1960 877 2099 932 sicut
2128 891 2156 928 a
2180 874 2394 931 Domini
2425 872 2640 945 spiritu.
2675 892 2692 925 ι

2029 968 2122 1026 45.
2167 970 2276 1039 Ego
2310 981 2471 1038 porro
2497 965 2722 1022 minime
2739 978 2932 1021 vereor
2950 962 3127 1027 fateri,
3153 961 3209 1017 in
3229 957 3561 1016 beatitudine

1961 1060 2216 1118 collocari
2240 1074 2400 1132 posse
2431 1057 2718 1131 imaginem
2753 1057 3021 1128 aliquam;
3064 1069 3226 1126 quam
3273 1062 3455 1108 tamen
3483 1051 3560 1106 si-

1963 1143 2324 1212 militudinem
2370 1154 2582 1226 potius,
2627 1167 2786 1224 quam
2835 1150 3120 1221 imaginem
3174 1145 3450 1217 appellare
3494 1143 3562 1199 li-

1961 1251 2079 1306 buit
2104 1248 2346 1319 Origeni,
2380 1257 2434 1304 et
2470 1244 2757 1315 Scriptori,
2784 1258 2947 1315 quem
2987 1241 3318 1296 illustramus
3349 1235 3564 1310 (Recole

1966 1361 2020 1399 ιι.
2059 1340 2170 1414 l3).
2201 1342 2307 1399 Sed
2340 1351 2538 1412 praeter
2580 1355 2723 1401 eam,
2754 1353 2914 1409 quam
2961 1336 3085 1390 vita:
3129 1333 3286 1388 alteri
3327 1328 3565 1388 servavit

262 1444 395 1500 tate,
427 1445 483 1491 et
511 1449 698 1491 amore
735 1435 1052 1498 collocatur,
1078 1443 1169 1490 aut
1190 1433 1244 1489 iu
1269 1433 1419 1489 afﬁni
1464 1433 1590 1488 alio.
1630 1433 1694 1488 Et
1733 1447 1866 1487 sane
1967 1436 2128 1504 Deus,
2161 1435 2323 1489 aliam
2349 1433 2526 1489 adhuc
2559 1433 2610 1487 in
2643 1431 2764 1499 hac,
2795 1445 2956 1502 quam
2983 1426 3233 1493 vivimus,
3263 1426 3398 1493 vita,
3429 1424 3568 1479 ima.

268 1526 647 1583 Theudor-etus
682 1525 798 1598 ipse
821 1528 888 1582 de
927 1526 1038 1592 illa,
1074 1542 1233 1596 quam
1263 1541 1411 1580 num.
1443 1525 1511 1580 58
1554 1523 1860 1589 attulimus,

264 1620 523 1689 Opinione
545 1617 808 1690 judicium
837 1619 938 1674 hoc
964 1618 1207 1690 profert:
1239 1637 1257 1669 ι
1292 1617 1402 1675 Sed
1434 1617 1740 1688 huiusmodi
1766 1617 1863 1671 acl-

262 1723 392 1769 sunt
412 1712 614 1769 homini
638 1725 890 1784 tanquam
915 1712 1168 1782 imagini:
1198 1728 1357 1783 quam
1385 1712 1455 1766 ob
1483 1726 1595 1767 rem
1625 1725 1728 1766 nec
1753 1725 1870 1766 ser-

1965 1531 2142 1601 ginem
2170 1527 2376 1584 homini
2398 1527 2718 1598 impressam
2748 1524 2914 1580 fuisse
2941 1540 2968 1576 a
2998 1523 3130 1588 Deo,
3163 1519 3405 1592 plerique
3443 1535 3566 1574 seu-

1966 1623 2127 1677 tiunt.
2185 1621 2545 1690 Quamobrem
2578 1620 2622 1674 si
2650 1617 2963 1682 concedam,
2989 1616 3039 1670 id
3072 1631 3178 1685 quo
3206 1612 3563 1680 contendunt,

1968 1714 2237 1770 Ambrosii
2271 1714 2450 1769 verbis
2482 1712 2734 1785 (tametsi
2785 1707 3026 1765 nonnihil
3064 1707 3291 1763 obscura
3324 1721 3384 1762 ea
3417 1703 3559 1775 sint)

263 1824 374 1875 mo,
409 1823 509 1864 nec
538 1808 762 1878 Spiritus
792 1823 887 1877 per
919 1821 980 1863 se
1008 1807 1269 1862 subsistit.
1315 1807 1378 1860 At
1420 1805 1472 1860 in
1503 1804 1856 1861 Sanetissima
1892 1791 1941 1855 Β
1965 1806 2282 1878 significari,
2321 1821 2426 1860 non
2458 1806 2717 1860 continuo
2751 1802 2924 1859 fateor
2952 1801 3017 1856 ad
3049 1801 3234 1882 aliam,
3272 1814 3395 1870 qua:
3418 1813 3562 1852 mor-

261 1901 530 1958 Trinitate
573 1910 685 1957 tres
713 1900 1063 1971 intelligimus
1103 1898 1454 1972 hypostases,
1496 1913 1700 1970 easque
1742 1898 1860 1952 sine

263 1997 583 2053 confusione
624 1996 824 2062 unitas,
856 2004 911 2050 et
939 2010 1037 2066 per
1057 2010 1117 2050 se
1147 1991 1526 2049 subsistentes.
1562 1992 1693 2046 Nam
1735 2003 1862 2047 ante

263 2089 447 2145 secula
488 2087 702 2162 genitus
744 2097 828 2142 est
853 2102 883 2142 a
913 2085 1076 2142 Patre
1117 2085 1256 2141 Deus
1286 2084 1548 2152 Verbum,
1587 2084 1863 2152 insepara-

261 2181 386 2236 bilis
413 2191 595 2236 autom
633 2187 718 2235 est
745 2194 776 2234 a
805 2178 1048 2249 genitore
1079 2195 1091 2230 :
1125 2177 1195 2232 Et
1225 2175 1584 2248 proficiscitur
1611 2190 1640 2228 a
1671 2173 1784 2230 Deo
1807 2183 1863 2230 et

263 2275 424 2330 Patre
443 2273 675 2345 Spiritus
707 2274 962 2339 Sanctus,
993 2273 1082 2344 qui
1133 2280 1188 2328 et
1223 2270 1539 2341 intelligitur
1569 2270 1621 2324 in
1648 2268 1860 2338 propria

268 2366 573 2440 liypostasi.
603 2384 621 2418 ι
653 2365 729 2421 Ea
755 2381 942 2435 porro,
969 2380 1128 2435 quam
1167 2380 1229 2419 ex
1265 2362 1596 2434 Hieronymo
1637 2360 1864 2415 Aretino

262 2459 618 2531 subiecimus,
641 2459 932 2528 explicatio
954 2458 1059 2514 hoc
1083 2456 1307 2527 insuper
1326 2455 1489 2513 habet
1511 2452 1860 2519 incommodi,

263 2551 408 2623 quod
430 2550 560 2606 dum
591 2551 907 2607 memoriam
937 2549 1158 2620 reliquis
1181 2548 1391 2604 duabus
1417 2546 1680 2620 putentiis
1709 2554 1864 2602 ante-

265 2643 465 2698 riorem
498 2644 646 2708 facit,
675 2657 704 2697 a
735 2642 1008 2697 communi
1045 2640 1489 2711 phil050phorum
1517 2640 1782 2703 omnium,
1813 2647 1868 2692 et

267 2735 670 2807 Theologorum
694 2736 1043 2807 persuasione
1069 2734 1274 2791 recedit
1300 2733 1570 2806 (statuunt
1586 2733 1729 2788 enim
1751 2747 1867 2787 om-

268 2845 367 2886 nes
391 2829 728 2886 intellectum
752 2829 1012 2884 memoria
1041 2830 1277 2899 priorem
1302 2825 1468 2896 esse),
1493 2835 1548 2883 et
1573 2828 1691 2897 plus
1711 2841 1869 2898 aequo

269 2931 514 2978 veterum
547 2919 972 2988 Platonicorum,
1001 2920 1337 2990 aliorumque
1364 2919 1716 2974 Etlinicorum
1747 2919 1870 2988 phi-

271 3013 626 3083 losophorum
666 3011 880 3083 placitis
923 3011 1154 3076 accedit,
1186 3011 1277 3082 qui
1317 3011 1525 3067 scilicet
1565 3011 1872 3066 statuebant

269 3106 536 3163 memoria
578 3105 812 3162 animam
835 3146 851 3174 ,
879 3115 1168 3175 antequam
1209 3105 1422 3174 corpori
1453 3103 1831 3159 infunderetur
1850 3143 1866 3170 ,

1967 1910 2075 1956 teni
2125 1910 2364 1956 nostram
2412 1899 2770 1954 subsecutum
2794 1905 2895 1961 est,
2941 1895 3128 1959 vitam,
3162 1909 3304 1957 eam,
3337 1892 3404 1948 de
3461 1906 3568 1962 qua

1965 1994 2194 2064 agimus,
2226 1993 2515 2063 imaginem
2546 1991 2784 2061 protrahi
2828 1989 3049 2044 debere.
3081 1987 3150 2042 Et
3181 2001 3369 2042 revera
3411 1995 3468 2040 ut
3516 1985 3568 2040 in

1964 2085 2255 2142 Ambrosio
2286 2086 2402 2156 ipso
2432 2084 2749 2150 consistam,
2783 2083 2942 2153 paulo
2971 2090 3095 2137 ante
3135 2078 3409 2135 Ambrosii
3445 2094 3574 2136 sen-

1967 2180 2190 2236 tentiam
2238 2178 2465 2248 allegavi
2505 2193 2570 2233 ex
2626 2191 2692 2233 eo
2736 2177 2875 2248 ipso,
2919 2191 3078 2246 quem
3107 2175 3430 2239 citaverunt,
3467 2186 3573 2226 nu-

1967 2289 2120 2328 mero
2151 2271 2220 2327 45
2250 2270 2617 2340 desumptam,
2664 2269 2714 2323 in
2743 2284 2846 2339 qua
2881 2267 3098 2340 quidem
3127 2268 3326 2322 anima:
3350 2276 3570 2332 nostra),

1966 2381 2080 2436 quae
2101 2364 2259 2419 libera
2287 2373 2379 2429 est,
2409 2372 2457 2418 et
2483 2362 2694 2434 diffusis
2724 2363 3135 2433 cogitationibus,
3165 2373 3316 2425 atque
3344 2360 3577 2416 consiliis

1969 2460 2068 2514 huc
2095 2468 2246 2529 atque
2280 2457 2408 2512 illuc
2440 2464 2678 2527 vagatur,
2710 2455 3022 2528 imaginem,
3048 2454 3116 2511 de
3144 2450 3369 2526 qua'liic
3395 2449 3592 2509 disse?

1968 2551 2162 2615 rimus,
2188 2549 2412 2604 inditam
2443 2547 2627 2604 docet.

2041 2643 2132 2699 46.
2165 2643 2330 2698 Estne
2363 2659 2525 2714 porro
2553 2642 2722 2708 aliud,
2757 2643 2809 2697 in
2841 2657 2950 2713 quo
2991 2641 3240 2699 eamdem
3287 2641 3576 2711 imaginem

1970 2736 2246 2792 colloces?
2279 2736 2376 2791 Est
2406 2737 2610 2808 utique.
2643 2735 2927 2805 Quodnam
2977 2752 3139 2806 porro
3184 2737 3232 2792 si
3272 2751 3571 2809 esposcas,

1973 2831 2154 2887 statim
2178 2830 2450 2886 indicabo.

2049 2926 2126 2979 Ac
2156 2925 2387 2994 primum
2420 2921 2637 2997 quidem
2671 2923 2849 2994 imago
2885 2922 2978 2979 Dei
3009 2922 3117 2979 dici
3160 2932 3450 2994 utcumque
3479 2939 3576 2995 po-

1977 3018 2105 3072 terit
2157 3016 2341 3083 homo,
2375 3024 2645 3086 quatenus
2694 3017 2834 3072 sicut
2876 3017 3015 3072 Deus
3056 3015 3263 3071 entium
3307 3017 3574 3085 omnium,

1975 3124 2369 3181 causarumque
2399 3109 2793 3180 perfectiones,
2829 3117 2988 3179 atque
3020 3107 3372 3164 excellentias
3418 3109 3471 3164 in
3525 3123 3586 3165 se

273 3200 558 3272 praiditam
582 3215 726 3266 esse,
757 3211 809 3256 et
849 3199 1120 3254 luculenta
1144 3239 1159 3264 ,
1190 3199 1478 3253 multarum
1508 3212 1712 3262 rerum,
1741 3209 1865 3266 quas

1978 3203 2394 3272 complectitur;
2427 3218 2586 3271 quam
2613 3204 2686 3258 oh
2712 3217 2828 3258 rem
2859 3219 3016 3256 causa
3046 3219 3324 3256 causarum
3347 3202 3587 3274 appella-

269 3295 386 3367 jam
413 3295 696 3364 didicerat,
719 3293 906 3351 notitia
932 3291 1288 3364 praedivitem.
1322 3294 1402 3346 An
1428 3289 1739 3346 Catholicus
1762 3289 1878 3345 hazc
1984 3309 2068 3354 ius
2097 3305 2198 3354 est
2222 3312 2250 3351 a
2287 3295 2625 3367 philosophis
2655 3314 2668 3351 :
2701 3300 2770 3350 ita
2805 3294 2967 3351 homo
3002 3295 3389 3364 perlecliones,
3423 3305 3588 3365 atque

275 3387 582 3459 proponet?
1722 3452 1727 3456 _
1983 3391 2334 3447 excellentias
2358 3400 2727 3446 creaturarum
2759 3390 2999 3444 omnium
3024 3389 3076 3443 in
3105 3403 3165 3444 se
3186 3389 3582 3458 complectitur;

349 3481 440 3538 45.
485 3481 566 3536 An
593 3495 722 3537 vero
761 3479 1048 3552 imaginem
1081 3479 1175 3536 Dei
1206 3478 1415 3534 homini
1444 3478 1764 3548 impressam
1796 3477 1881 3532 tli-
1985 3500 2144 3553 quam
2184 3483 2255 3538 ob
2294 3499 2406 3538 rem
2440 3483 2821 3548 inici-acastum,
2867 3497 2963 3537 seu
2995 3496 3193 3552 parvus
3233 3481 3484 3548 Mundus,
3530 3490 3589 3540 et.

277 3591 390 3644 ces,
408 3573 551 3645 quod
575 3576 714 3630 sicut
742 3575 924 3639 Pater,
941 3575 1032 3646 qui
1052 3588 1206 3628 mens
1230 3580 1405 3636 est,et
1432 3570 1597 3626 Filius
1616 3570 1880 3635 Verbum.
1987 3586 2236 3633 creatura
2264 3577 2506 3631 omnium
2531 3577 2922 3645 perfectissima
2951 3573 3035 3630 εει
3059 3576 3378 3646 appellatus.
3426 3577 3495 3632 Et
3521 3577 3591 3632 de

278 3677 337 3725 et
363 3666 596 3740 Spiritus
624 3668 854 3724 Sanctus
895 3683 1034 3722 unus
1059 3667 1203 3723 Deus
1239 3675 1387 3732 sunt,
1434 3663 1514 3720 sic
1555 3678 1730 3728 mens,
1764 3677 1886 3716 ver—
1992 3673 2102 3728 Deo
2132 3671 2349 3742 quidem
2401 3670 2475 3736 id,
2529 3669 2670 3741 quod
2698 3670 2830 3736 dixi,
2858 3669 3218 3726 indubitatum
3259 3678 3364 3726 est.
3399 3670 3590 3728 Restat

278 3763 428 3830 llum.
477 3771 532 3818 el
567 3762 792 3833 Spirilus
829 3761 937 3816 Sim-
977 3776 1114 3816 llnllS
1146 3759 1350 3814 hllmo‘.’
1397 3760 1478 3814 Αιι
1511 3757 1649 3823 hinc:
1683 3771 1803 3826 (ιυω
1831 3756 1884 3810 in
1989 3767 2190 3837 itaque,
2225 3763 2444 3836 utquod
2476 3763 2546 3820 de
2575 3765 2792 3820 homine
2817 3763 3033 3828 tradidi,
3066 3765 3250 3834 paucis
3277 3765 3586 3822 ostendam.

282 3857 505 3914 homine
526 3857 896 3929 38005030105.
922 3870 1040 3921 seu:
1066 3864 1123 3910 ιιι
1155 3852 1474 3926 expressius
1499 3850 1807 3922 loquamur,
1834 3850 1888 3906 in
1996 3860 2310 3930 Spectemus
2341 3859 2514 3930 primo
2546 3859 2844 3926 hominem,
2870 3869 2930 3914 ut
2954 3858 3027 3914 ita
3055 3858 3265 3930 loquar,
3298 3859 3615 3930 particulas

281 3952 459 4008 anima
504 3949 764 4016 hominis,
815 3959 924 4005 tres
967 3947 1295 4021 hypostases
1347 3955 1504 4013 sunt,
1539 3954 1594 4001 et
1625 3959 1731 4000 una
1762 3944 1862 3998 sub

1995 3955 2112 4010 tim.
2156 3951 2460 4008 Humanum
2483 3968 2680 4020 corpus
2705 3967 2866 4024 quam
2901 3961 3163 4023 praistans
3189 3953 3280 4018 sit,
3303 3961 3360 4010 et
3404 3954 3615 4020 bruto»

283 4046 503 4111 stantia,
527 4061 622 4102 seu
644 4045 899 4112 essentia,
933 4044 1273 4109 sicutPater,
1299 4042 1556 4107 Verbum,
1582 4051 1636 4096 et
1657 4037 1863 4110 Spiritu

1993 4063 2113 4102 rum
2144 4043 2496 4102 animantium
2525 4045 2783 4117 speciem,
2825 4060 2888 4101 ac
2927 4047 3154 4102 formam
3185 4058 3388 4118 quanto
3428 4049 3596 4106 inter-

284 4139 518 4196 Sanctus
548 4152 660 4195 ires
689 4138 1009 4210 hypostases
1045 4147 1193 4204 sunt,
1229 4146 1284 4192 et
1313 4147 1452 4191 unus
1485 4134 1661 4190 Deus?
1697 4132 1754 4188 Si
1788 4131 1892 4186 hu-
1997 4139 2139 4196 vallo
2199 4147 2419 4209 superet
2453 4181 2469 4206 ,
2530 4139 2629 4194 viri
2687 4139 3120 4208 praestantissimi
3191 4141 3306 4209 jam
3379 4140 3588 4212 pridem

283 4230 524 4302 jusmodi
557 4228 933 4287 convenientia
968 4229 1249 4286 sufﬁceret
1281 4228 1349 4284 ad
1375 4227 1664 4299 imaginem
1709 4225 1800 4280 Dei
1838 4224 1891 4279 in
1997 4229 2373 4295 ostenderunt,
2403 4245 2435 4286 θ
2457 4230 2654 4301 quibus
2704 4229 2792 4286 hic
2822 4229 3002 4286 indico
3041 4230 3406 4298 Lactantium,
3434 4247 3597 4303 quem

291 4324 514 4382 homine
551 4323 956 4390 stabiliendam,
996 4322 1142 4379 haud
1178 4337 1322 4394 aegre
1353 4321 1538 4393 utique
1568 4322 1620 4376 in
1659 4321 1897 4375 humano
2000 4322 2148 4394 legas
2176 4331 2306 4394 opto
2335 4321 2447 4396 (lib.
2466 4323 2559 4377 ide
2589 4321 2860 4394 Opi/icio).
2906 4325 3001 4378 Diu
3030 4339 3194 4395 porro
3220 4334 3347 4382 aute
3367 4324 3602 4382 Lactan-

290 4434 521 4491 corpore
550 4433 670 4474 eam
701 4419 1023 4474 collocares.
1047 4417 1265 4474 Scilicet
1290 4428 1488 4486 corpus
1509 4412 1576 4469 ad
1607 4412 1897 4468 essentiam
2003 4416 2134 4471 tium
2161 4415 2351 4472 Cicero
2378 4415 2492 4488 (lib.
2527 4431 2543 4470 ι
2575 4416 2638 4470 de
2663 4415 2848 4488 Ofﬁc.)
2873 4433 2886 4470 :
2915 4435 2935 4470 ι
2969 4417 3161 4486 Nobis,
3191 4419 3382 4490 inquit,
3411 4435 3600 4491 perso-

293 4514 529 4570 hominis
563 4515 817 4586 pertinet,
842 4527 944 4568 nec
972 4513 1092 4568 sine
1117 4524 1347 4581 corpore
1378 4507 1582 4579 percipi
1611 4504 1776 4562 homo
1805 4519 1900 4574 ρο·
1924 4541 1980 4602 D
2003 4526 2126 4567 nam
2157 4509 2416 4581 imposuit
2435 4510 2550 4579 ipsa
2581 4521 2771 4565 natura
2797 4525 2919 4566 cum
2949 4513 3294 4577 excellentia,
3328 4523 3598 4585 prmstan-

297 4618 424 4674 test,
454 4608 596 4662 sicut
629 4621 729 4663 nec
758 4606 877 4663 sine
907 4605 1083 4660 tribus
1118 4602 1320 4660 divinis
1360 4599 1611 4672 personis
1653 4599 1899 4655 Sanetis-
1925 4599 1963 4602 “
2002 4605 2184 4675 tiaque
2209 4603 2568 4659 animantium
2610 4602 2964 4673 reliquarum,
2996 4622 3016 4656 ι
3076 4605 3144 4660 Ει
3194 4606 3311 4678 ipse
3362 4607 3605 4677 profecto

295 4703 432 4758 siina
465 4701 720 4758 Trinitas.
757 4701 892 4768 Quis
932 4709 1114 4756 tamen
1151 4697 1205 4754 in
1247 4710 1476 4768 corpore
1515 4693 1752 4750 humano
1780 4708 1900 4750 eam
2005 4706 2258 4768 aspectus
2302 4710 2366 4752 ac
2408 4696 2592 4752 vultus
2637 4696 2894 4764 hominis,
2922 4707 3184 4770 quantum
3228 4699 3318 4755 ille
3366 4699 3606 4771 reliquas

298 4796 589 4868 imaginem
616 4793 880 4852 collocet?
907 4793 1133 4850 Constat
1160 4792 1342 4862 itaque
1371 4788 1681 4862 hujusmodi
1711 4788 1904 4845 simili-
2005 4791 2310 4848 animantes
2342 4790 2664 4848 excellentia
2693 4791 2892 4858 vincat,
2919 4807 2983 4848 ac
3013 4791 3295 4865 dignitate,
3321 4793 3609 4850 manifesto

303 4887 538 4952 tudines,
565 4902 695 4951 seu,
725 4887 771 4943 si
810 4885 1092 4958 appellare
1117 4885 1191 4941 ita
1218 4883 1320 4950 vis,
1369 4883 1641 4954 imagines,
1681 4881 1906 4937 minime
2008 4884 2269 4942 ostendit.
2296 4882 2518 4940 Scilicet
2541 4884 2584 4940 si
2604 4883 2824 4940 easdem
2853 4883 3154 4943 animantes
3188 4870 3414 4942 intueris
3438 4885 3606 4960 (Boet.

299 4981 563 5052 rigorosas
587 4994 728 5042 esse.
761 4978 859 5035 sed
888 4977 1223 5034 latissimas:
1250 4975 1394 5048 quod
1433 4976 1478 5033 si
1518 4975 1614 5031 tibi
1648 4975 1780 5031 satis
1800 4983 1903 5043 est,
2010 4979 2074 5034 de
2096 4978 2356 5034 Consolat.
2389 4978 2479 5032 lib.
2515 4993 2573 5045 v,
2625 4975 2683 5049 5)
2717 4994 2732 5032 :

301 5087 404 5142 ego
436 5071 617 5142 utique
644 5069 1011 5127 Sanctissima:
1031 5068 1311 5125 Trinitatis
1334 5068 1616 5138 imaginem
1650 5066 1702 5122 in
1728 5066 1904 5121 anima
2237 5068 2400 5142 Variis
2417 5067 2586 5142 videas
2607 5070 2728 5142 licet
2745 5071 2907 5142 omnia
2929 5071 3215 5142 discrepare
3239 5070 3424 5132 formis,

305 5130 627 5234 impressam
657 5177 778 5219 esse
810 5161 1040 5228 fatebor,
1064 5169 1282 5232 propter
1297 5175 1417 5216 eam
1442 5159 1632 5227 etiam,
1660 5172 1818 5230 quam
1841 5174 1865 5214 e

2107 5131 2268 5182 Prona
2289 5139 2454 5182 tamen
2474 5130 2623 5181 facies
2648 5132 2863 5183 hebetes
2888 5134 3019 5183 valet
3038 5130 3111 5183 in'
3151 5146 3300 5184 avare
3324 5130 3518 5186 sensus.

2111 5193 2263 5244 Unica
2284 5206 2411 5256 gens
2433 5193 2683 5243 hominum
2705 5193 2895 5245 celsum
2919 5194 3051 5246 levat
3069 5147 3215 5246 ait‘ius
3232 5209 3490 5256 cacumen,

310 5256 650 5312 Damasceno
674 5255 925 5321 attulisti,
958 5254 1247 5311 rationem.
2116 5233 2596 5320 Kme'ié'v'isi'éa;
2604 5233 2966 5320 Eiii'é’éimé.”
2978 5233 3490 5321 h'e‘sBi'cmtiBTéFFa‘éf

2116 5255 2430 5320 Atque’levis
2451 5263 2588 5306 recto
2605 5262 2704 5306 stat
2727 5268 2954 5320 corpore.
2979 5258 3294 5322 despicitque
3313 5255 3492 5310 terras.

379 5346 474 5403 44.
513 5347 618 5418 Qui
657 5347 968 5420 imaginem,
1004 5346 1070 5402 de
1095 5363 1198 5418 qua
1223 5346 1463 5419 agimus,
1497 5345 1549 5400 in
1577 5342 1910 5402 beatitudine
2092 5348 2182 5402 47.
2223 5346 2525 5403 Pertractat
2556 5346 2659 5403 hoc
2703 5359 3082 5419 argumentum
3123 5350 3456 5420 Augustinus
3497 5350 3615 5423 (lib.

310 5440 603 5509 collocant,
643 5456 747 5513 qua
783 5439 1002 5496 demum
1042 5441 1307 5510 potiturus
1347 5450 1431 5496 est
1473 5439 1659 5505 homo,
1703 5454 1828 5495 cum
1856 5439 1912 5495 in

2021 5439 2125 5495 ide
2153 5437 2339 5495 Genesi
2359 5449 2540 5494 contra
2563 5438 2794 5495 Manich.
2837 5457 2952 5511 cap.
3006 5442 3097 5507 i7,
3136 5459 3190 5496 η.
3246 5441 3363 5514 28),
3421 5443 3620 5514 quippe

312 5534 469 5592 cmlis
495 5534 660 5590 Deum
683 5531 889 5590 videbit
911 5533 1046 5604 facie
1085 5531 1154 5587 ad
1184 5531 1369 5603 faciem
1398 5528 1503 5603 (α),
1534 5531 1650 5588 haec
1677 5531 1916 5588 Ambro-
2021 5533 2114 5604 qui
2144 5531 2372 5589 innuero
2417 5547 2525 5589 non
2570 5542 2810 5601 veretur,
2843 5548 3004 5605 posse
3055 5534 3239 5606 aliquo
3266 5534 3428 5593 modo
3459 5535 3622 5594 etiam

315 5627 380 5684 sii
417 5627 584 5684 verba
636 5625 1170 5699 alferunt(chaem.
1205 5625 1294 5679 lib.
1328 5641 1384 5682 vx
1414 5641 1532 5698 cap.
1576 5624 1634 5692 8,
1692 5643 1746 5680 η.
1795 5623 1913 5695 45).

2023 5638 2222 5697 corpus
2251 5623 2568 5690 humanum
2615 5625 2685 5683 ad
2730 5626 3019 5698 imaginem
3051 5626 3147 5684 Dei
3175 5626 3381 5686 factum
3429 5617 3621 5695 videri,

389 5764 468 5838 (ιι)
508 5764 659 5822 lianc
705 5763 1002 5839 imaginem
1054 5762 1132 5839 in_
1169 5761 1524 5839 similitudine
1575 5759 1906 5834 cxpressiori
1944 5759 2234 5832 collocant,
2275 5777 2441 5835 quam
2493 5762 2769 5825 hominem
2800 5764 2962 5832 inter,
3013 5771 3071 5823 et
3111 5763 3305 5835 Deum,
3351 5774 3617 5839 quatenus

323 5832 518 5895 beatus
541 5843 647 5909 est,
669 5832 934 5896 statuunt.
967 5832 1252 5911 Recoleu.
1291 5833 1377 5892 t9.
