4200 6256
675 342 780 399 8G7
1353 330 1425 394 IN
1460 330 1720 392 HlLARll
1753 328 1970 391 EPIST.
2013 326 2145 386 SEU
2196 322 2417 386 LIBEL.
2463 316 2917 386 DISSEHTATIO
2953 322 3299 387 SECUNDA.
3823 334 3903 392 i68

666 459 811 531 quod
839 455 1042 515 indicet
1064 470 1162 513 nos
1192 454 1444 512 meliores
1464 467 1609 521 esse,
1633 467 1795 524 quam
1827 447 2028 507 bestias
2055 465 2069 500 :
2098 465 2116 500 ι
2136 445 2264 501 Om-
2290 445 2349 508 Α
2372 442 2511 513 quod
2543 443 2697 502 adest
2720 487 2735 511 ,
2787 443 3039 519 quodque
3076 456 3319 516 praesens
3349 452 3452 510 est,
3484 452 3547 503 se
3566 451 3901 519 accommodat,

663 553 812 609 nium
842 550 985 608 enim
1015 546 1330 605 animalium
1356 562 1608 617 corpora,
1656 545 1775 603 sive
1802 558 1925 617 qua:
1974 541 2031 598 in
2071 540 2225 612 aquis
2249 583 2264 609 ,

663 646 780 701 sive
802 648 922 714 qua:
941 642 996 697 in
1014 649 1160 699 terra
1194 641 1416 709 vivunt,
1444 638 1560 697 sive
1583 654 1705 710 quae
1738 638 1796 699 in
1831 650 1961 693 aere
1993 632 2225 691 volitant
2247 675 2260 698 ,

664 736 921 793 inclinata
977 742 1109 789 sunt
1146 732 1213 789 ad
1247 741 1471 797 terram.
1511 738 1567 786 et
1611 746 1719 786 non
1751 732 1877 786 sunt
1896 735 2101 792 erecta,
2126 722 2269 780 sicut

663 823 904 884 hominis
925 839 1143 895 corpus.
1169 822 1290 893 Quo
1311 821 1646 895 significatur
1674 820 1838 878 etiam
1870 817 2111 876 animum
2140 828 2265 872 nos-

661 928 804 974 trum
830 919 884 975 in
908 932 1142 990 superna
1166 932 1290 985 sua,
1320 915 1373 971 id
1391 924 1475 972 est
1500 914 1554 971 in
1584 923 1783 973 acterna
1813 908 2115 984 spiritualia
2139 920 2262 965 ere-

658 1020 807 1069 ctum
870 1025 991 1068 esse
1061 1008 1282 1066 debere.
1355 1002 1430 1066 ita
1491 1004 1813 1080 intelligitur
1858 1016 1955 1078 per
2020 1003 2264 1061 animum

658 1104 941 1167 maxime.
981 1096 1285 1158 adtestante
1333 1101 1496 1158 etiam
1536 1104 1720 1156 erecta
1769 1094 2021 1169 corporis
2064 1088 2259 1164 forma,

658 1196 826 1255 homo
857 1192 1030 1251 factus
1065 1193 1134 1251 ad
1165 1194 1476 1266 imaginem,
1505 1199 1561 1248 et
1590 1186 2000 1247 similitudinem
2030 1186 2151 1244 Dei.
2184 1196 2204 1241 t

732 1287 878 1344 idem
910 1280 1037 1343 alibi
1066 1278 1149 1343 bis
1172 1286 1353 1343 verbis
1397 1285 1594 1359 repetit
1627 1284 1751 1358 (tib.
1781 1292 1984 1340 Lxxxm
2020 1272 2262 1354 quaestio-

657 1401 801 1450 num,
859 1391 1040 1454 quiest.
1065 1380 1154 1451 51,
1209 1398 1263 1437 n.
1292 1379 1348 1447 2,
1404 1377 1502 1452 ‘5):
1539 1397 1559 1433 ι
1588 1375 1875 1447 Quomodo
1918 1386 2101 1432 autem
2150 1388 2259 1429 non

657 1480 729 1535 sit
760 1480 1137 1549 incongruum,
1167 1473 1312 1548 quod
1342 1473 1540 1530 dicitur
1562 1473 1727 1530 etiam
1753 1482 1949 1542 corpus
1971 1468 2170 1527 laetum
2190 1464 2261 1523 ad

660 1570 1072 1628 similitudinem
1104 1568 1224 1635 Dei,
1256 1560 1414 1624 facile
1440 1565 1716 1638 intelligit,
1747 1563 1839 1636 qui
1865 1558 2151 1634 diligenter
2175 1567 2261 1616 at-

658 1665 826 1721 tendit
853 1662 997 1737 quod
1027 1661 1229 1719 dictum
1270 1671 1356 1717 est
1385 1680 1397 1714 :
1433 1660 1502 1716 Et
1544 1660 1675 1716 fecit
1705 1660 1846 1716 Deus
1896 1654 2079 1715 omnia
2116 1656 2258 1713 bona

655 1755 816 1813 valde
845 1753 1001 1827 (Gen.
1039 1770 1118 1819 III,
1151 1752 1227 1825 l).
1274 1751 1447 1810 Nemo
1491 1752 1642 1808 enim
1685 1748 1919 1817 dubitat,
1960 1750 2089 1823 quin
2138 1748 2259 1820 ipse

2369 534 2644 607 paululum
2696 533 2991 594 admodum
3038 539 3282 595 sentiens
3315 539 3661 613 praeteritum,
3685 549 3767 597 aut
3790 540 3903 599 iutu-

2369 644 2511 687 rum.
2552 624 2729 687 Homo
2757 638 2961 701 autem,
2989 630 3137 705 quod
3166 632 3393 690 rationis
3421 641 3504 691 est
3534 634 3810 707 particeps,
3832 650 3907 709 per

2367 732 2527 792 quam
2556 723 2943 796 consequentia
2973 725 3167 792 cernit,
3195 736 3387 783 causas
3417 738 3592 782 rerum
3631 724 3781 792 videt,
3835 743 3906 786 ea-

2368 826 2597 888 rumque
2624 824 2965 888 progressus,
2997 828 3051 876 et
3075 819 3229 891 quasi
3253 818 3646 876 antecessiones
3669 830 3764 875 non
3788 819 3910 894 igno-

2365 916 2472 976 rat,
2517 908 2900 967 similitudines
2949 920 3247 982 eomparai,
3289 918 3345 967 et
3396 911 3557 969 rebus
3593 910 3905 983 praesentibus

2365 1000 2625 1074 adjungit.
2656 1012 2816 1075 atque
2863 1004 3105 1061 annectit
3151 1003 3397 1060 futuras:
3430 1002 3579 1059 facile
3625 1005 3774 1061 totius
3811 1005 3911 1062 vita:

2364 1108 2587 1150 cursum
2627 1094 2792 1166 videt,
2840 1097 2908 1153 ad
2954 1108 3185 1169 eamque
3233 1096 3523 1169 regendam
3559 1106 3805 1169 ιιι-πρωί
3834 1106 3906 1157 res

2363 1188 2725 1245 necessarias.
2775 1186 3087 1262 Eademque
3130 1198 3321 1248 natura
3351 1185 3403 1247 vi
3438 1191 3656 1248 rationis
3679 1189 3912 1250 hominem

2362 1280 2617 1338 conciliat
2638 1280 2840 1340 homini
2871 1282 2939 1340 ad
2960 1285 3245 1353 orationis,
3274 1291 3330 1343 et
3357 1284 3427 1342 ad
3455 1285 3574 1342 vitae
3594 1287 3875 1345 societatem
3900 1306 3911 1342 :

2364 1373 2757 1447 ingeneratque
2803 1374 2859 1433 in
2891 1376 3081 1449 primis
3121 1379 3453 1449 praecipuum
3493 1380 3762 1452 quemdam
3788 1392 3909 1436 anto-

2362 1477 2481 1523 rem
2510 1462 2560 1522 ln
2596 1478 2711 1532 eos,
2745 1470 2835 1540 qui
2866 1471 3135 1540 procreati
3167 1479 3294 1528 sunt
3331 1489 3345 1525 :
3376 1470 3723 1544 impellitque,
3759 1476 3807 1528 ut
3832 1473 3910 1528 tio-

2362 1559 2566 1615 minuin
2596 1571 2791 1628 conus,
2821 1568 2877 1619 et
2904 1562 3300 1622 celebrationes
3328 1570 3384 1621 et
3419 1579 3563 1633 esse,
3588 1574 3640 1622 et
3663 1581 3691 1621 a
3717 1581 3769 1621 se
3794 1565 3904 1622 obiri

2364 1648 2549 1706 velit.)
3704 1724 3709 1727 _

2433 1743 2524 1799 5t.
2570 1742 2662 1802 ms
2692 1745 2831 1806 adde
2855 1791 2870 1818 ,
2904 1758 2972 1806 ne
3001 1749 3201 1807 multos
3228 1744 3478 1819 aderam,
3506 1762 3626 1823 quin
3648 1742 3792 1810 docet
3825 1751 3908 1810 liae

654 1848 905 1920 primitus
932 1847 1003 1903 sit
1024 1844 1217 1903 bonus.
1246 1846 1457 1917 Corpus
1483 1861 1700 1918 quoque
1729 1840 1987 1910 hominis,
2014 1843 2139 1914 quia
2164 1856 2254 1898 so-
2283 1834 2332 1900 B
2358 1844 2523 1907 super
2553 1849 2875 1911 argumento
2906 1841 3242 1914 Augustinus
3288 1844 3377 1914 (de
3431 1838 3643 1902 diuersis
3677 1848 3907 1918 question.

653 1939 766 1996 lum
806 1941 946 1995 inter
986 1936 1303 1994 animalium
1356 1944 1695 1994 terrenarum
1724 1950 1953 2006 corpora
1994 1942 2101 1991 non
2131 1950 2255 2005 pro-

653 2050 781 2089 num
810 2031 862 2088 in
890 2032 1057 2088 alium
1082 2038 1411 2101 prostratum
1434 2036 1539 2097 est,
1566 2045 1691 2086 cum
1713 2028 1783 2084 sit
1809 2027 2045 2097 visibllc,
2064 2027 2160 2083 sed
2186 2027 2254 2083 ad

653 2123 972 2181 intuendum
1002 2123 1201 2181 omium
1230 2130 1545 2180 erectum...
1570 2122 1734 2178 etiam
1763 2121 1887 2192 quia
1922 2120 2030 2176 tale
2058 2128 2162 2185 est,
2196 2127 2255 2174 tit

652 2216 720 2272 ad
747 2214 1221 2286 contemplandum
1244 2214 1440 2272 coelum
1462 2211 1534 2268 sit
1561 2212 1761 2283 aptius,
1780 2210 1948 2284 magis
1975 2210 2029 2266 in
2060 2208 2164 2266 hoc
2186 2208 2253 2265 ad

655 2308 969 2380 imaginem,
992 2316 1049 2365 et
1067 2305 1476 2363 similitudinem
1504 2300 1788 2377 Dci,quam
1808 2306 2005 2361 eastern
2026 2312 2252 2376 corpora

663 2399 1002 2469 animalium,
1032 2400 1230 2456 factum
1263 2394 1435 2456 videri
1468 2408 1664 2471 potem.
1692 2417 1717 2451 ν

722 2493 812 2550 48.
842 2492 983 2563 Quin
1011 2494 1068 2547 et
1094 2490 1267 2548 Pollio
1296 2489 1631 2547 Prumiensis
1652 2484 1771 2564 (tib.
1815 2503 1836 2543 ι
1879 2480 1951 2545 de
1977 2496 2121 2545 statu
2149 2485 2251 2544 dos

552 2638 559 2645 .
648 2604 772 2645 mus
805 2587 923 2651 Dei.
944 2585 1036 2641 sub
1065 2586 1363 2656 ﬂuentiam.
1386 2599 1442 2639 ut
1470 2581 1714 2638 Biblioth.
1747 2572 1894 2636 Patr.
1925 2581 2048 2637 edit.
2076 2579 2251 2638 Paris.

650 2700 770 2756 pag.
800 2678 932 2753 569)
992 2680 1049 2737 id
1096 2680 1271 2752 ipsum
1306 2678 1504 2749 innuit,
1536 2688 1802 2750 quatenus
1825 2677 2251 2752 pulcritudinem

646 2776 895 2848 corporis
937 2777 1012 2832 ita
1049 2774 1419 2842 commendat,
1453 2780 1512 2830 u't
1540 2780 1769 2831 testetur
1793 2784 1931 2846 opus
1969 2774 2251 2846 sapientia:

646 2884 743 2942 per
769 2868 946 2924 officia
970 2869 1217 2939 corporis
1244 2866 1465 2924 diversa
1497 2868 1817 2923 monstrari.

716 2962 808 3018 49.
850 2959 958 3017 Sed
983 2968 1080 3015 cur
1110 2961 1499 3015 Damascenum
1533 2968 1642 3015 non
1688 2959 2028 3030 allegemus?
2048 2958 2251 3030 quippe

644 3062 712 3110 ex
740 3050 966 3123 antiquo
1000 3051 1277 3121 Seriptore
1298 3092 1314 3117 ,
1345 3062 1502 3122 quem
1550 3048 1882 3105 Melliodium
1922 3051 1974 3105 in
2009 3046 2151 3105 libro
2188 3048 2253 3105 de

641 3147 1034 3211 resurrectione,
1050 3159 1171 3201 esse
1191 3144 1268 3200 ait
1283 3142 1341 3199 Ρ.
1357 3144 1408 3200 le
1430 3143 1625 3213 Quich,
1643 3143 1761 3200 haec
1781 3144 1937 3201 docet
1957 3140 2034 3217 ta)
2055 3158 2070 3201 :
2089 3140 2251 3213 (Quis

2358 1940 2593 1994 Lxxxut,
2617 1940 2800 2000 quasi.
2824 1928 2915 1995 5f.
2942 1946 2997 1987 η.
3027 1928 3105 2005 3).
3131 1926 3308 1989 Pauca
3330 1930 3543 2006 selige:
3571 1948 3590 1987 α
3626 1932 3733 1991 Non
3760 1936 3911 1992 imme-

2357 2020 2485 2084 rito,
2521 2021 2696 2091 inquit
2717 2022 2826 2090 ille,
2857 2030 2915 2080 et
2950 2024 3055 2081 iSte
3087 2022 3251 2080 homo
3281 2025 3555 2099 particeps
3583 2022 3768 2084 dicitur
3792 2024 3903 2084 simi

2358 2110 2601 2168 litudinis
2635 2108 2750 2182 Dei,
2806 2122 2917 2172 non
2967 2114 3142 2174 solum
3195 2116 3321 2190 quia
3358 2116 3515 2183 vivit,
3537 2117 3677 2190 quod
3703 2118 3845 2176 etiam
3869 2116 3911 2175 in

2356 2196 2548 2259 bestiis
2591 2208 2855 2277 apparet;
2884 2207 2979 2266 sed
3011 2202 3247 2283 amplius
3276 2211 3421 2284 quod
3455 2208 3522 2270 ad
3548 2218 3770 2270 mentem
3795 2222 3904 2271 con-

2356 2297 2585 2353 vertitur
2610 2312 2670 2354 se
2700 2309 3190 2376 regentemhqnam
3232 2298 3478 2363 illustrat
3506 2300 3776 2380 sapientia.
3795 2305 3913 2381 quod

2354 2388 2410 2445 in
2439 2389 2628 2446 bestiis
2657 2400 2763 2448 non
2818 2400 2998 2466 potest
3045 2395 3253 2454 ratione
3301 2399 3640 2457 carentibus.
3675 2414 3695 2454 ι
3744 2398 3913 2457 Recole

2353 2498 2475 2554 quae
2505 2490 2571 2540 ex
2600 2480 2849 2563 Pliilone,
2873 2478 3157 2548 Clemente
3182 2486 3581 2562 Alexandrino,
3609 2491 3816 2568 aliisque
3834 2488 3914 2552 Pa-

2356 2579 2550 2651 tribus,
2573 2580 2716 2638 n.24
2743 2590 2797 2640 et
2817 2582 2911 2655 26,
2937 2594 2993 2645 et
3022 2604 3212 2647 rursus
3235 2605 3292 2646 n.
3314 2590 3387 2648 52
3414 2600 3487 2650 ex
3518 2588 3782 2652 Ambrosio
3803 2599 3916 2649 attu-

2353 2672 2538 2730 limus.

2428 2764 2519 2824 52.
2559 2766 2886 2842 Conjnnctio
2938 2782 3102 2846 porro
3147 2774 3261 2850 ipsa
3307 2778 3512 2836 aniina’:
3562 2784 3619 2838 et
3663 2777 3910 2852 corporis.

2351 2872 2676 2936 quamquam
2707 2865 2935 2935 homini,
2969 2878 3252 2944 postquam
3311 2872 3362 2927 in
3392 2879 3676 2947 peccatum
3713 2871 3911 2935 decidit,

2352 2953 2585 3029 ideoque
2617 2969 2900 3031 postquam
2954 2977 2984 3017 a
3034 2963 3464 3034 przeclarissiino
3507 2962 3598 3021 illo
3627 2960 3909 3021 innocentis:

2351 3056 2517 3116 statu.
2552 3051 2603 3106 in
2627 3068 2734 3124 quo
2769 3052 3022 3113 conditus
3050 3068 3157 3125 est,
3199 3058 3431 3126 corruit,
3469 3058 3707 3115 nonnihil
3738 3057 3913 3113 incom-

2352 3142 2510 3197 moda
2543 3145 2634 3210 sit,
2667 3148 2923 3216 quoniam
2953 3165 3165 3220 corpus,
3200 3150 3341 3223 quod
3363 3151 3732 3224 corrumpitur,
3758 3158 3914 3224 aggra-

643 3236 835 3294 duram
862 3238 1069 3294 assium
1120 3236 1487 3295 substantiam
1517 3230 1822 3308 compegit?
1849 3216 1974 3309 quis
2001 3235 2244 3292 membra
2270 3216 2318 3281 C
2350 3242 2432 3289 vat
2459 3236 2705 3306 intimam,
2741 3254 2864 3294 cum
2893 3216 3182 3297 utilissima
3212 3216 3410 3300 futura
3446 3216 3651 3308 fuisset.
3681 3216 3728 3300 si
3762 3216 3910 3301 iuvan-

641 3330 935 3403 colligavit.
970 3341 1028 3387 ut
1073 3334 1255 3387 nervis
1285 3330 1661 3399 tenderentur,
1694 3337 1750 3387 et
1791 3331 1935 3387 circa
1959 3330 2244 3401 iuncturas

641 3422 841 3482 innexa
896 3422 1408 3493 lasarentur?‘Quis
1464 3424 1743 3492 humores,
1799 3425 2129 3498 mollemque
2176 3442 2244 3482 ex

642 3518 811 3574 humo
838 3522 1077 3584 carnem,
1105 3519 1365 3588 sanguine
1396 3530 1516 3572 eam
1546 3514 1918 3587 perfundendo
1948 3514 2243 3573 fermenta—

639 3610 717 3665 vit
743 3609 768 3663 ?
794 3606 958 3666 Solus
988 3608 1145 3681 plane
1177 3608 1659 3679 prmStantissimus
1703 3608 1898 3664 artifex
1956 3608 2118 3676 Deus,
2151 3609 2240 3679 qui

637 3701 937 3768 hominem,
972 3700 1022 3757 id
1051 3708 1135 3758 est
1161 3701 1371 3756 ratione
1398 3700 1704 3772 praeditam,
1726 3711 1779 3757 et
1806 3701 2085 3755 animatum
2106 3702 2240 3756 ima-

635 3794 808 3864 ginem
836 3804 1007 3859 suam,
1038 3806 1159 3857 nos,
1184 3792 1428 3865 inquam,
1462 3788 1772 3859 fabricavit,
1806 3801 1860 3848 et
1888 3807 1955 3848 ex
1982 3791 2206 3848 humido
2224 3835 2239 3861 ,

638 3896 695 3945 et
719 3886 1015 3957 perexiguo
1055 3888 1264 3942 semine
1314 3887 1368 3941 in
1415 3885 1575 3942 vulva
1626 3885 1841 3952 matris,
1872 3884 2021 3940 Velut
2049 3900 2079 3941 e
2109 3898 2237 3942 cera

635 3972 1019 4037 conformavit.
1050 3975 1249 4050 Ecquis
1267 3975 1417 4034 enim
1432 3988 1542 4046 est,
1565 3980 1655 4050 qui
1682 3975 1948 4048 providet,
1980 3992 2047 4032 ne
2078 3974 2242 4035 fictus

638 4074 882 4132 humoris
930 4072 1110 4145 capia,
1142 4082 1198 4128 et
1234 4072 1643 4142 co‘mpressiione
1671 4084 1927 4127 vasorum
1971 4070 2196 4126 obrutus
2222 4112 2237 4137 ,

633 4166 781 4224 intus
823 4160 1173 4238 praedicetur?
1206 4166 1313 4220 Aut
1337 4162 1477 4235 quis,
1506 4172 1797 4238 postquam
1814 4160 2057 4235 gestatus
2087 4173 2240 4220 utero

635 4266 739 4327 est,
771 4266 825 4316 et
849 4259 1064 4317 tandem
1091 4257 1146 4315 in
1178 4259 1352 4315 lucem
1382 4258 1580 4322 editus,
1610 4270 1675 4315 ex
1712 4250 2023 4321 imbecillo.
2060 4268 2113 4314 et
2136 4270 2235 4328 pii-

633 4353 760 4409 sillo
790 4344 1063 4425 magnum,
1097 4351 1403 4423 pulchrum,
1433 4359 1490 4407 et
1525 4351 1806 4406 robustum
1838 4348 2096 4416 reddidit,
2130 4348 2233 4405 nisi

630 4447 774 4503 idem
827 4440 967 4516 ipse.
1011 4454 1173 4517 quem
1230 4444 1392 4501 modo
1438 4438 1711 4512 dicebam,
1748 4442 2235 4515 praestantissimus

630 4537 886 4593 conditor
911 4534 1072 4601 Deus,
1107 4537 1200 4608 qui
1244 4533 1507 4607 potentia?
1545 4536 1660 4591 suae
1692 4532 2033 4603 emcacitate,
2064 4532 2236 4590 instar

2350 3328 2495 3400 liqua
2547 3330 2812 3402 dignitate
2838 3374 2854 3402 ,
2904 3334 3019 3392 Deo
3065 3334 3328 3394 obediens
3352 3382 3367 3407 ,
3431 3340 3748 3410 perstitissel
3780 3355 3790 3390 :
3822 3324 3912 3392 sitis

2348 3431 2528 3478 tamen
2556 3423 2734 3480 adhuc
2772 3441 2879 3483 non
2912 3437 3063 3483 caret
3086 3428 3499 3487 emolumentis.
3527 3431 3741 3489 Scilicet
3774 3425 3914 3484 beati-

2350 3511 2550 3569 tudinis
2571 3516 3016 3575 cumniatissimm
3060 3521 3379 3593 participem
3414 3523 3632 3580 tandem
3658 3516 3907 3591 aliquando

2346 3605 2512 3664 faciet
2542 3604 2815 3667 hominem
2839 3653 2854 3679 ,
2898 3626 3003 3683 qua
3046 3612 3303 3685 nimirum
3351 3614 3448 3672 ille
3480 3617 3728 3690 potietur,
3753 3612 3795 3669 si
3815 3626 3911 3668 cor-

2346 3714 2479 3770 pore
2524 3700 2591 3758 ad
2637 3717 2760 3759 cmn
2794 3718 2949 3761 usum
2983 3714 3164 3764 utetur
3190 3750 3206 3776 ,
3258 3715 3490 3780 propter
3514 3719 3669 3784 quem
3693 3704 3910 3766 conditus

2345 3791 2512 3850 homo
2542 3802 2658 3863 est;
2690 3802 2750 3851 ut
2785 3797 2995 3854 scilimt
3020 3798 3218 3856 divinis
3238 3796 3488 3872 jussibus
3521 3803 3847 3873 obsequatur,
3871 3802 3915 3854 et

2344 3895 2553 3955 pareat.
2580 3885 2665 3943 An
2695 3903 2803 3943 non
2837 3888 2982 3946 iStud
3012 3906 3236 3963 corpus,
3267 3888 3409 3966 quod
3439 3895 3721 3951 sentiuntur
3747 3893 3793 3946 in
3819 3900 3913 3946 car-

2343 3979 2601 4048 ruptione,
2628 3991 2801 4053 surget
2852 3980 2906 4038 in
2933 3984 3324 4059 incorruptione
3347 3984 3446 4043 2...
3478 3988 3547 4044 Et
3566 3986 3701 4060 quod
3724 3985 3915 4042 sentina-

2342 4082 2428 4128 tur
2447 4072 2693 4143 animale,
2722 4088 2899 4150 surget
2926 4094 3114 4149 corpus
3143 4080 3377 4154 spiritale
3404 4080 3452 4156 (ι
3475 4078 3707 4141 Corinth.
3728 4096 3813 4147 xv,
3839 4078 3915 4144 ‘2:

2342 4162 2484 4240 44)?
2537 4160 2861 4228 Effundetur
2914 4168 3123 4231 scilictIt
3163 4173 3216 4230 in
3264 4186 3468 4247 corpus
3516 4179 3687 4248 ipsum
3735 4172 3916 4247 egregia

2342 4258 2615 4337 quaedam,
2649 4270 2703 4317 et
2728 4274 2862 4321 vere
2885 4264 3126 4322 cmlestis
3147 4256 3424 4336 voluptas,
3465 4280 3529 4325 ac
3563 4269 3808 4333 suavitas,
3831 4274 3917 4332 qua

2340 4350 2471 4407 illud
2502 4350 2791 4420 imbutum,
2819 4369 2883 4413 ac
2903 4357 3073 4413 veluti
3101 4354 3446 4430 anser-ptum,
3478 4374 3587 4416 non
3620 4358 3773 4416 modo
3799 4351 3911 4412 nihil

2340 4459 2409 4500 ex
2446 4444 2588 4502 mole
2612 4444 2752 4518 ipsa,
2777 4463 2859 4516 ac,
2894 4450 2941 4507 si
2973 4460 3167 4508 vocare
3195 4453 3267 4509 ita
3298 4451 3455 4519 sinis,
3487 4450 3801 4523 corpulentia
3835 4460 3914 4505 sua

2339 4537 2576 4608 patietur
2606 4541 2959 4611 incommodi,
2997 4554 3185 4601 Verum
3217 4545 3382 4601 etiam
3404 4544 3840 4617 iucundissimam
3865 4552 3916 4594 ac

629 4629 854 4703 pictoris
881 4629 1186 4700 cujusdam,
1211 4630 1414 4685 forma
1442 4626 1497 4684 in
1516 4627 1797 4684 diversum
1829 4626 2043 4683 mutat!
2089 4626 2233 4684 Deus
2259 4615 2313 4677 D
2339 4632 2495 4702 plane
2534 4631 2822 4689 miriﬁcam
2850 4648 2916 4690 ex
2967 4648 3030 4692 ea
3059 4635 3323 4707 percipiet
3350 4615 3785 4693 oblectationem.
3817 4628 3911 4688 llos

627 4722 1050 4780 immortalitatis
1078 4728 1184 4789 est,
1213 4722 1346 4787 vita,
1388 4731 1442 4776 et
1472 4719 1812 4792 incorruptio
1842 4739 1855 4775 :
1886 4732 2022 4792 opus
2048 4729 2230 4778 autem

628 4818 749 4884 Dei,
777 4817 1011 4875 homo...
1042 4816 1110 4872 At
1137 4814 1207 4872 de
1229 4814 1450 4871 bot'nine
1474 4830 1580 4870 non
1606 4815 1733 4871 item
1757 4815 1912 4882 dixit,
1938 4811 2234 4882 Prominet;

625 4912 723 4969 sed
748 4927 764 4970 :
788 4902 1068 4981 Faciamus
1096 4908 1351 4965 hominem
1374 4907 1445 4963 ad
1463 4908 1742 4982 imaginem
1763 4916 2066 4978 nostrum,et
2088 4910 2234 4965 sinti-

626 5005 915 5061 litudinem.
950 5005 1020 5060 Et
1047 5005 1342 5077 assumpsit
1379 5003 1527 5060 Deus
1573 5004 1861 5076 pulverem
1889 5003 1959 5062 de
1987 5013 2150 5073 terra,
2177 5015 2234 5064 et

625 5098 842 5158 ettinxit
867 5108 1016 5159 eum.
1047 5116 1066 5154 ι
1100 5091 1297 5157 Aldina
1318 5094 1489 5155 tradit
1518 5097 1573 5156 in
1605 5094 1873 5172 paranete
1903 5096 1959 5156 in
1987 5110 2057 5158 eo
2079 5101 2224 5169 loco,

623 5206 791 5266 quem
817 5196 875 5250 in
900 5193 1061 5250 calce
1083 5192 1297 5265 pagina
1323 5191 1499 5265 allego
1522 5187 1627 5266 to),
1657 5204 1821 5265 quan
1844 5192 2044 5251 ιιεαιοι·
2090 5204 2225 5251 con-

622 5286 768 5343 sulat
796 5294 949 5360 opto.
1672 5284 1673 5287 “

2339 4718 2407 4780 de
2435 4732 2754 4799 argumento
2779 4736 2905 4782 cum
2936 4724 3030 4781 alii
3057 4726 3236 4795 multi,
3263 4734 3379 4784 tum
3401 4728 3705 4800 phnser'ﬁm
3724 4721 3915 4783 disserit

2338 4817 2590 4890 egregius
2631 4817 2717 4874 Vir
2742 4810 3052 4875 Cardinalis
3084 4812 3449 4878 animum
3503 4820 3557 4877 in
3597 4826 3662 4877 eo
3710 4813 3907 4879 libello,

2336 4927 2497 4984 quem
2519 4909 2583 4967 de
2601 4909 2913 4969 Sanctorum
2940 4909 3481 4986 felicitateinscriiit,
3505 4915 3578 4973 de
3597 4918 3703 4988 quo
3722 4907 3916 4986 quidem

2336 5004 2519 5062 libello
2548 5004 2874 5077 pronuntiat
2920 5002 3245 5066 Vindellnus
3267 5002 3346 5081 (in
3389 5008 3601 5083 pi-chat.
3634 5000 3912 5080 adpftysic.

2335 5096 2751 5171 particularem)
2780 5097 3074 5171 (eruditus,
3118 5098 3319 5169 fateor,
3367 5100 3787 5173 ingeniosusque
3810 5093 3914 5171 plri-

2335 5189 2620 5262 losophus,
2668 5189 2771 5247 sed
2796 5188 3138 5257 Bellarmini,
3166 5203 3329 5266 atque
3366 5186 3503 5251 adeo
3534 5186 3914 5251 Camuﬂtorlm

2329 5283 2573 5337 omnium
2601 5283 2904 5339 acerrimus
2920 5281 3119 5358 hostis)
3130 5285 3252 5356 plus
3272 5298 3391 5342 eum
3404 5286 3640 5344 veritatis
3657 5284 3914 5347 euntium.

697 5382 787 5440 50.
818 5379 973 5451 Quod
1011 5378 1057 5437 si
1096 5374 1337 5435 animum
1383 5374 1624 5447 hominis
1648 5372 1904 5446 attendis,
1935 5376 2083 5434 inter
2126 5375 2226 5434 lto-
2327 5388 2482 5447 quam
2504 5373 2728 5450 grandes
2743 5374 2866 5433 illos
2882 5378 3346 5435 controuersiarum
3369 5376 3527 5436 libros
3548 5394 3570 5436 :
3594 5374 3915 5452 quoquidem

620 5476 824 5534 minem
853 5476 935 5551 (ut
963 5484 1153 5532 rursus
1182 5468 1362 5531 verbis
1378 5468 1664 5530 Ciceronis
1706 5468 1851 5546 utar)
1886 5470 1992 5545 (de
2016 5466 2227 5530 omnis
2323 5468 2533 5540 iudicio
2576 5469 2704 5527 dum
2756 5468 3091 5529 malevolum
3144 5468 3412 5531 adversus
3454 5471 3768 5529 Cstboﬁeos
3809 5464 3915 5524 ani-

621 5569 805 5638 tilmv,
830 5568 923 5639 ll)
954 5584 974 5621 ι
1008 5576 1064 5625 et
1090 5562 1348 5635 beiluam,
1377 5564 1485 5624 hoc
1512 5565 1749 5623 maxime
1781 5562 2010 5622 interest
2031 5606 2049 5634 ,
2078 5558 2229 5636 quod

624 5661 742 5719 haec
769 5668 997 5726 tantum,
1028 5666 1288 5731 quantum
1332 5670 1497 5717 sensu
1541 5663 1814 5724 movetur,
1853 5652 1923 5715 ad
1950 5657 2005 5715 id
2042 5654 2221 5714 solum

1463 5780 1570 5839 litt.
1593 5780 1660 5851 Α,
1689 5780 1832 5838 titul.
1860 5792 1977 5847 νηι.
2002 5780 2136 5839 edit.
2173 5780 2221 5838 ιε

807 5888 823 5920 ,
967 5888 983 5908 .
1056 5888 1072 5919 ,
1206 5887 1220 5905 .
1366 5892 1381 5908 .

807 5888 823 5920 θ
850 5887 983 5908 ννιιη
1009 5887 1072 5919 ΙΙ,
1099 5887 1220 5920 γ’..
1253 5887 1381 5909 νιν.

2328 5574 2476 5621 mum
2504 5560 2733 5636 profert,
2767 5574 2893 5623 eum
2928 5577 3137 5638 tamen,
3162 5566 3235 5625 de
3272 5576 3388 5642 quo
3416 5562 3656 5639 agimus,
3688 5552 3914 5621 libellum

2330 5654 2563 5716 mimice
2602 5654 2970 5717 commendat.

2327 5779 2482 5910 vi?"
2501 5780 2668 5924 Ξῖεῇ
2698 5781 2811 5840 πο
2838 5784 2963 5855 (per
2990 5794 3239 5842 «roum
3286 5778 3421 5854 vis)
3446 5765 3580 5836 tonui
3608 5788 3653 5833 η
3672 5769 3911 5834 editionis

3020 6038 3091 6045 κ-υ
