4248 6258
295 226 409 284 869

1021 223 1094 282 la
1128 225 1386 287 lilLARll
1427 226 1636 289 EPIST.
1675 229 1808 290 SEU
1849 225 1937 288 Lll

2041 262 2073 287 ι.
2119 220 2570 287 DlSSEltTAT‘IO
2603 221 2830 285 SECUN
2838 219 2950 282 DA.

3534 229 3640 285 870

371 343 465 399 53.
503 339 602 397 His
635 338 978 408 constitutis,
1011 343 1208 401 irum
1249 362 1352 402 non
1397 357 1479 404 est
1505 349 1698 419 primo,
1740 350 1783 404 si
1817 349 1914 403 lto-
1941 361 1994 423 Α
2018 347 2122 418 geli
2153 346 2353 402 etenim
2381 345 2560 417 istim,
2612 341 2827 405 vivunt,
2875 340 3150 408 sentiunt,
3203 349 3260 398 et
3299 342 3636 400 discernunt.

299 435 438 494 mini
467 434 672 505 amplas
701 450 768 489 ac
793 435 1098 506 magniﬁca:
1127 439 1313 496 laudes
1343 443 1664 512 tribuantur,
1687 444 1924 500 dicatur-

307 546 420 604 que
463 527 773 602 aliqando
825 544 860 585 a
910 529 1282 601 Scripthus
1303 535 1405 610 (α),
1429 537 1572 608 quod
1599 549 1758 594 antea
1787 537 1920 606 dixi,

301 641 500 695 parvus
521 622 778 690 mundus,
809 621 1108 695 aliquando
1135 639 1506 686 creaturarum
1533 632 1773 687 omnium
1797 647 1924 702 per-

299 719 626 784 lectissima,
663 717 971 788 aliquando
1020 717 1185 775 totius
1231 733 1494 780 creaturae
1522 725 1789 796 epilogus,
1826 725 1926 780 ali-

299 812 524 884 quando
547 812 718 866 etiam
748 820 1006 866 creatura
1035 814 1236 882 omnis,
1267 816 1412 886 quod
1442 817 1514 872 ita
1542 828 1728 888 postea
1756 819 1928 889 expli-

299 916 426 965 cant
454 947 471 976 ,
515 905 666 978 Quod
713 905 800 960 vel
832 914 1216 962 creaturarum
1267 913 1510 965 omnium
1565 911 1927 980 perfectiones

301 1001 593 1073 formaliter
631 1001 830 1056 habeat
856 1041 871 1065 ,
920 997 1006 1055 vel
1065 1001 1262 1056 saltem
1311 1004 1606 1059 cmineum.
1659 1005 1926 1060 Nimirum

254 1121 259 1130 -
299 1111 493 1168 paruus
522 1092 748 1150 mundus
777 1100 1072 1164 propterea
1098 1091 1306 1151 dicitur
1329 1137 1345 1164 ,
1378 1096 1522 1166 quod
1551 1096 1776 1167 quiquid
1831 1111 1928 1166 per

299 1188 544 1261 reliquas
572 1195 853 1243 creaturas
875 1186 1136 1242 diﬂ'usum
1167 1195 1279 1250 est,
1306 1190 1597 1259 complecti
1623 1192 1676 1245 in
1703 1205 1763 1246 se
1789 1203 1928 1246 unus

300 1281 538 1348 videtur,
562 1295 793 1351 eamque
817 1279 889 1335 ob
931 1294 1154 1337 causam
1187 1283 1366 1337 annis
1394 1293 1644 1338 creatum
1691 1285 1928 1356 epilogus

295 1373 468 1431 etiam
495 1373 718 1432 dicitur.
750 1371 1206 1429 Perfectissimam
1243 1389 1388 1431 vero
1413 1385 1783 1432 creaturarum
1807 1393 1928 1433 om-

308 1467 462 1523 nium
519 1474 806 1537 propterea
847 1463 1103 1536 appellari
1162 1466 1422 1536 volunt,
1491 1470 1616 1539 quia
1657 1471 1932 1527 inanimes

311 1574 444 1616 sane
486 1574 584 1615 sua
633 1558 967 1629 praestantia,
996 1572 1058 1613 ac
1083 1558 1320 1628 spiritu,
1347 1573 1456 1630 quo
1480 1560 1810 1630 vivificatur,
1840 1577 1934 1618 su-

313 1660 502 1723 perat;
535 1651 747 1723 Angelo
790 1665 922 1708 vero
975 1659 1200 1721 praestat
1259 1665 1332 1706 ea
1393 1651 1508 1722 ipsa
1549 1652 1623 1709 de
1659 1669 1743 1721 re,
1768 1669 1932 1725 quam

2023 440 2217 496 Omnis
2261 449 2442 495 autem
2471 447 2742 492 creaturae
2783 433 2984 503 aliquid
3033 434 3204 491 habet
3250 436 3432 493 homo.
3465 438 3642 497 Habet

2028 545 2260 600 namque
2290 542 2584 584 commune
2610 539 2735 580 esse
2777 539 2901 580 cum
2953 524 3257 594 lapidibus,
3287 531 3470 586 vivere
3513 543 3637 586 cum

2028 622 2341 688 arboribus,
2373 621 2580 677 sentire
2605 631 2744 672 cum
2771 614 3130 684 animlibus,
3164 619 3470 693 intelligere
3511 638 3637 680 cum

2027 714 2273 785 Angelis.
2308 713 2364 771 Si
2405 725 2540 784 ergo
2566 723 2864 767 commune
2911 709 3076 764 habet
3115 711 3320 784 aliquid
3346 730 3468 770 cum
3496 717 3644 773 omni

2032 815 2279 863 creatura
2334 806 2521 870 homo,
2560 803 2713 874 juxta
2763 800 2967 872 aliquid
3014 806 3200 859 omnis
3254 818 3502 864 creatura
3558 820 3644 866 est

2031 903 2216 960 homo.
2246 903 2402 960 Omni
2430 915 2568 972 ergo
2607 907 2874 955 creaturae
2912 901 3249 968 praedicatur
3272 904 3642 976 Evangelium,

2030 1009 2198 1066 quam
2221 997 2324 1052 soli
2357 995 2568 1050 hum-ini
2600 990 2955 1065 pra-dicatur,
2987 995 3115 1064 quia
3160 994 3254 1052 ille
3273 997 3525 1056 videlicet
3549 980 3647 1056 tio-

2029 1098 2206 1156 cetu-r,
2236 1100 2458 1162 propter
2481 1101 2642 1159 quem
2670 1083 2730 1140 in
2765 1095 2908 1140 terra
2933 1098 3130 1142 cuncta
3153 1099 3337 1147 creata
3359 1101 3510 1157 sunt,
3537 1103 3592 1150 et
3615 1109 3646 1148 a

2032 1197 2141 1254 quo
2189 1182 2372 1238 omnia
2419 1195 2518 1254 per
2541 1179 2835 1252 quamdam
2877 1177 3304 1241 similitudinem
3329 1185 3506 1243 aliena
3536 1201 3645 1243 non

2032 1283 2185 1330 sunt.
2212 1293 2232 1328 ι

2106 1367 2197 1422 55.
2228 1361 2287 1421 Id
2333 1367 2506 1436 ipsum
2549 1373 2870 1436 porroan—te
2907 1362 3168 1424 doctores
3205 1381 3422 1426 tiostros
3461 1369 3651 1427 Chris-

2033 1461 2181 1514 tiana
2225 1457 2329 1514 lide
2382 1459 2676 1515 instructos
2705 1456 3020 1513 subcdorati
3051 1470 3182 1516 sunt
3221 1471 3432 1519 veteres
3459 1462 3647 1518 Philo-

2036 1551 2230 1622 sophi,
2285 1565 2349 1605 ac
2399 1544 2592 1619 βόεια).
2625 1549 2876 1606 Ovidiqu
2922 1551 3145 1620 omitto,
3179 1557 3335 1624 cujus
3382 1554 3646 1622 tutissimi

2037 1643 2296 1701 versiculi
2337 1643 2452 1714 (tib.
2481 1659 2546 1700 xv
2565 1643 2958 1717 metamorph.),

316 1745 483 1802 modo
507 1746 858 1816 exposuimus
884 1785 900 1811 ,
943 1743 1342 1815 conjunctione
1372 1745 1581 1802 scilicet
1627 1748 1844 1814 animae,
1875 1759 1932 1805 et
1963 1755 2012 1817 Β
2131 1743 2238 1819 ἔξω
2255 1757 2454 1819 quoque
2479 1757 2592 1819 Ρπξ
2617 1745 2782 1798 Ιππῶ
2803 1745 3073 1819 iamiam
3097 1761 3195 1798 Μ
3213 1725 3422 1812 ὤφθη
3437 1748 3616 1809 solum,

316 1840 594 1911 corporis;
625 1854 735 1910 qua
769 1837 988 1909 quidem
1013 1836 1084 1894 de
1137 1851 1305 1892 causa
1335 1838 1655 1908 ampliorem
1691 1839 1744 1895 in
1773 1841 1934 1898 cmlis
2039 1899 2053 1912 ,

320 1931 710 1988 beatitudinem
737 1938 1084 2001 assequetur.

395 2034 486 2090 54.
527 2031 682 2101 Quod
716 2045 846 2088 vero
902 2032 972 2088 de
1001 2027 1430 2101 perfectionibus
1475 2033 1560 2089 vel
1616 2035 1930 2106 furntattter,

322 2126 408 2181 vel
441 2127 720 2181 eminenter
747 2125 816 2180 ab
845 2139 912 2179 eo
947 2123 1213 2193 possessis
1243 2123 1376 2190 dixi,
1411 2125 1482 2179 ita
1529 2127 1824 2196 explicant,
1876 2135 1934 2183 ut

324 2217 464 2272 sicut
491 2216 638 2273 Deus
679 2215 1042 2287 perfectiones
1072 2227 1266 2270 omnes
1296 2215 1381 2272 vel
1420 2217 1708 2288 formaliter
1763 2219 1934 2277 habet

334 2310 451 2382 (eas
475 2310 682 2386 scilicet
709 2325 832 2381 quae
873 2311 1057 2365 statim
1089 2324 1241 2364 suam
1272 2311 1646 2378 praestantiam
1672 2313 1931 2382 produnt,

326 2419 427 2458 nec
458 2403 512 2458 in
541 2405 622 2458 eis
643 2402 846 2474 aliquid
877 2400 1308 2474 imperfectionis
1329 2403 1662 2478 involvitur),
1695 2408 1776 2461 vel
1799 2409 1934 2462 emi-

326 2507 504 2552 nenter
527 2497 546 2567 (
571 2511 666 2552 eas
689 2497 892 2568 quippe
915 2499 1275 2568 perfectiones
1314 2497 1619 2554 eminenter
1652 2501 1937 2570 possidere

326 2589 560 2656 dicitur,
597 2604 717 2658 quae
747 2586 1097 2658 conjunctum
1132 2587 1187 2642 in
1217 2603 1311 2643 sua
1344 2589 1566 2645 notione
1593 2589 1794 2646 habent
1827 2593 1934 2646 ali-

326 2681 460 2752 quid
487 2678 941 2752 imperfectionis,
974 2679 1276 2749 cuiusmodi
1307 2691 1388 2736 est
1417 2679 1678 2752 perfectio
1704 2681 1936 2740 Creato-

329 2787 558 2838 rarum;
588 2787 711 2826 nam
745 2771 844 2826 has
865 2786 1057 2826 omnes
1083 2772 1359 2842 possidet,
1396 2773 1493 2828 sed
1523 2774 1782 2844 seposita,
1805 2789 1942 2846 qua-

332 2865 465 2921 libet
493 2865 928 2936 imperfectione)
955 2884 968 2920 :
997 2867 1070 2922 ita
1114 2867 1282 2921 homo
1323 2866 1682 2937 perfectiones
1722 2883 1939 2936 omnes,

333 2973 466 3029 quas
495 2955 758 3012 Creatura
785 2959 998 3026 assequi
1047 2967 1246 3028 potest,
1276 2959 1360 3014 vel
1391 2975 1447 3013 rc
1475 2958 1616 3028 ipsa,
1645 2973 1710 3016 ac
1736 2964 1942 3032 forma-

2137 1807 2326 1858 Veruin
2350 1807 2498 1858 etiam
2516 1808 2746 1860 volucres
2764 1807 2938 1860 anitum
2963 1823 3156 1875 sumus,

2038 1898 2095 1954 id
2148 1899 2365 1968 ipsum,
2413 1901 2555 1970 quod
2598 1901 2870 1967 diximus,
2916 1904 3274 1974 comprobare
3313 1904 3646 1970 creduntur;

2039 2001 2311 2062 quatenus
2360 1995 2590 2049 innuuut
2619 1995 2896 2052 hominem
2927 1995 3064 2066 (nos)
3099 1995 3643 2066 prostantis-simam,

2041 2097 2100 2144 et
2129 2097 2310 2159 partes
2335 2088 2569 2160 reliquas
2588 2090 3036 2160 complectentem
3063 2089 3245 2145 Mundi
3267 2103 3392 2145 esse
3417 2096 3648 2157 portent.

2041 2179 2320 2247 Ovidium,
2349 2181 2588 2253 inquam.
2618 2184 2832 2248 omitto,
2863 2193 2922 2238 ut
2943 2182 3288 2254 expressiora
3313 2191 3649 2236 vetustorum

2044 2272 2386 2344 Scriptorum
2405 2275 2524 2329 loca
2543 2274 2790 2330 alteram.
2819 2275 2904 2332 An
2933 2289 3040 2330 non
3067 2274 3353 2346 perspicue
3375 2272 3469 2328 tibi
3498 2273 3652 2328 vidc-

2046 2375 2133 2420 tur
2161 2366 2372 2421 locutus
2414 2367 2632 2434 Cicero,
2675 2368 2806 2422 dum
2848 2367 2966 2424 haec
2991 2367 3068 2422 ait
3111 2365 3217 2435 (De
3259 2363 3651 2436 universitate):

2051 2478 2072 2511 ι
2098 2459 2240 2514 Deus
2265 2459 2466 2514 animal
2497 2475 2662 2515 unum
2679 2460 2980 2530 spectabile
2999 2458 3302 2526 hominem,
3335 2456 3390 2511 in
3409 2473 3515 2528 quo
3534 2471 3655 2512 om-

2047 2554 2138 2609 nia
2162 2554 2412 2608 animalia
2438 2555 2872 2619 continerentur,
2893 2551 3092 2610 effecit.
3118 2571 3138 2604 ι

2119 2647 2210 2703 56.
2244 2648 2382 2716 Quid
2413 2663 2544 2704 vero
2577 2647 2780 2706 clarius
2833 2648 2919 2704 his
2954 2646 3155 2703 Manilii
3183 2645 3402 2702 monitis
3427 2644 3569 2718 (Lib.
3604 2660 3658 2700 tv

2048 2742 2374 2814 Attrauoat.)
2419 2760 2433 2797 :

2315 2844 2439 2903 Quid
2461 2844 2642 2894 mirum
2665 2856 2876 2895 noscere
2896 2842 3138 2893 mundum

2142 2906 2192 2969 Si
2219 2899 2422 2969 possunt
2445 2907 2686 2969 immittas,
2716 2908 2894 2968 quibus
2917 2913 2996 2956 est
3023 2911 3077 2955 et
3094 2901 3308 2969 mundus
3330 2901 3382 2952 in‘
3404 2899 3544 2969 ipsis,

2145 2963 2544 3031 Exemplumque
2567 2967 2661 3018 Dei
2673 2963 2890 3032 quisque
2918 2973 2995 3020 est
3017 2969 3068 3016 in
3089 2967 3308 3031 imagine
3331 2963 3514 3029 paria?

339 3052 453 3106 liter
483 3047 672 3115 habet,
729 3048 808 3102 uti
849 3049 1088 3104 animum
1129 3049 1503 3118 spiritualem,
1547 3053 1830 3119 eximium,
1879 3069 1945 3109 ac
2051 3059 2244 3130 quibus
2283 3059 2502 3128 quidem
2545 3060 2790 3114 Versibus
2821 3059 2963 3115 haud
2994 3060 3229 3116 obscure
3257 3057 3480 3124 iudicat,
3525 3056 3662 3113 ima-

341 3139 521 3196 nnbile
555 3153 791 3210 corpus;
823 3139 907 3194 vel
957 3141 1269 3207 eminenter,
1305 3139 1356 3196 id
1403 3151 1484 3198 est
1533 3143 1602 3198 ita
1651 3143 1849 3209 habet,
1881 3159 1941 3202 ut
1966 3149 2014 3213 C
2045 3151 2226 3222 ginem
2255 3149 2371 3218 Dei,
2399 3151 2616 3206 ratione
2633 3152 2794 3217 duce,
2823 3167 2888 3208 ac
2911 3151 3080 3208 veluti
3101 3151 3362 3216 doctrice,
3397 3151 3454 3204 il
3479 3165 3566 3217 ea,
3592 3149 3663 3206 de

337 3241 577 3302 superet,
610 3233 694 3288 vel
727 3244 873 3288 certe
897 3229 1136 3287 involvat
1165 3231 1554 3302 perfectionem
1583 3236 1752 3303 illam,
1775 3251 1938 3308 quam

345 3326 398 3380 in
430 3327 645 3382 caeteris
675 3323 940 3382 creaturis
981 3326 1292 3396 admiraris,
1322 3328 1408 3385 vel
1430 3327 1508 3384 illi
1537 3329 1732 3386 saltem
1763 3331 1937 3402 ωριιί-

340 3418 535 3472 valeat.
565 3417 704 3474 nunc
737 3417 1058 3484 bonitatem,
1087 3434 1186 3474 seu
1209 3419 1595 3488 perfectionem
1617 3421 1722 3476 sibi
1745 3436 1935 3478 conve-

341 3511 577 3566 nientem
634 3510 796 3566 habet
848 3511 1138 3583 formaliter
1191 3510 1292 3584 (id
1321 3521 1405 3568 est
1450 3527 1748 3585 expresse,
1777 3525 1941 3586 atque

341 3601 589 3672 ipsam),
637 3603 966 3672 reliquarum
1019 3611 1199 3660 autem
1242 3604 1594 3659 animantium
1640 3607 1939 3665 eminenler.

343 3692 642 3749 Perfectior
687 3693 964 3758 nimirum,
1007 3703 1063 3749 et
1092 3694 1448 3751 excellentior
1486 3697 1556 3751 ob
1594 3695 1836 3769 ingenii,
1887 3710 1942 3756 et

340 3785 507 3841 animi
542 3786 690 3844 vires
731 3795 815 3842 est
857 3785 1245 3854 animantibus,
1271 3803 1412 3858 quas
1442 3789 1678 3859 ingenio,
1718 3801 1774 3845 ut
1804 3791 1944 3847 dixi-

347 3893 490 3945 mus,
520 3888 576 3935 et
591 3887 720 3935 arte
743 3885 987 3950 superat,
1020 3879 1064 3934 si
1093 3877 1407 3936 fortitudine
1447 3891 1736 3952 superatur
1767 3897 1781 3937 :
1812 3881 1942 3939 hinc

342 3971 514 4027 multo
543 3967 736 4028 melius
758 3980 845 4028 est
868 3971 1143 4027 hominem
1187 3968 1333 4038 esse,
1381 3981 1541 4043 quam
1574 3975 1820 4042 leonem,
1851 3991 1940 4032 ur—

341 4080 480 4131 sum,
514 4073 608 4120 aut
627 4065 789 4126 aliam
818 4057 1120 4136 quamlibet
1141 4065 1470 4121 animantem
1497 4067 1728 4123 brutam.
1763 4063 1938 4127 Habet

341 4160 544 4231 pariter
557 4159 834 4231 egregiam
855 4159 1042 4231 generi
1071 4173 1172 4214 suo
1199 4159 1610 4217 convenientem
1633 4163 1942 4235 pulchrituo

2051 3262 2156 3316 qua
2191 3246 2423 3318 agimus,
2475 3245 2710 3301 hominis
2757 3246 3116 3312 excellentia,
3164 3254 3220 3300 et
3267 3242 3661 3314 perfectionem

2049 3341 2290 3394 omnium
2317 3338 2700 3408 complexione
2723 3337 2847 3407 jure
2875 3352 2941 3394 ac
2971 3338 3168 3393 merito
3195 3335 3478 3391 collocari.

2122 3435 2204 3486 An
2235 3447 2342 3487 non
2381 3432 2576 3499 etiam,
2609 3443 2670 3486 ut
2699 3432 2766 3486 ad
2811 3429 3258 3499 praeclarissimas
3307 3429 3660 3486 Halanorum

2009 3597 2012 3601 ι
2051 3525 2346 3594 scriptores
2377 3538 2688 3580 sermonem
2723 3537 2936 3592 quoque
2957 3532 3372 3586 convertemus,
3405 3521 3458 3575 id
3481 3521 3658 3592 ipsum

2050 3617 2218 3673 tradit
2235 3617 2414 3682 Philo,
2439 3631 2600 3687 quem
2629 3615 2940 3672 Iudaeorum
2966 3613 3386 3670 disertissimum
3413 3614 3653 3685 appellat

2050 3710 2415 3784 Hieronymus
2447 3708 2554 3782 (De
2593 3708 2732 3766 Viris
2760 3708 3004 3764 illustrid.
3031 3722 3154 3777 cap.
3179 3706 3266 3778 αθ,
3295 3707 3426 3762 dum
3449 3715 3516 3762 ea
3557 3707 3663 3765 hoc

2050 3819 2216 3876 super
2254 3814 2573 3875 argumento
2613 3799 2806 3868 tradit,
2851 3817 2972 3874 quas
3010 3815 3136 3857 cum
3177 3800 3304 3856 alibi
3333 3801 3660 3870 retulerim,

2051 3899 2140 3956 hic
2186 3907 2436 3971 repetere
2493 3913 2601 3954 non
2643 3903 2734 3954 est
2775 3897 3050 3954 necesse?
3097 3896 3174 3952 Ea
3229 3905 3408 3952 tamen
3458 3897 3664 3954 recolat

2053 3993 2272 4049 Lector.

2126 4081 2216 4140 57.
2270 4085 2363 4140 His
2402 4084 2712 4140 constitutis
2757 4083 2954 4139 mirum
2983 4093 3098 4139 non
3119 4091 3234 4146 est.
3267 4081 3316 4137 si
3337 4093 3539 4139 cuncta
3563 4083 3661 4140 bo-

2053 4178 2190 4234 mini
2225 4175 2557 4243 subdiderit,
2590 4183 2679 4232 aut
2709 4187 2859 4232 certe
2904 4177 3300 4247 obsequentes,
3332 4175 3662 4233 subsidium»-

339 4254 544 4320 dinem,
565 4264 626 4309 ut
650 4255 694 4309 si
735 4269 855 4310 eam
892 4252 1202 4325 diligentius
1227 4255 1554 4324 perpendes,
1587 4257 1734 4312 illam
1766 4258 1940 4327 ipsam
2049 4285 2188 4342 que,
2223 4280 2385 4342 atque
2429 4285 2589 4342 opem
2629 4271 2950 4326 familiarem
2981 4270 3148 4344 (pene
3188 4269 3459 4342 dixeram)
3503 4271 3660 4328 dere-

339 4356 581 4417 superet,
606 4362 767 4417 quam
789 4346 952 4404 habet
973 4361 1128 4418 ager,
1147 4357 1202 4402 et
1227 4348 1402 4416 siqua
1425 4359 1550 4403 sum
1571 4349 1678 4404 aiia
1723 4353 1937 4422 egregia

2053 4373 2239 4419 rentes
2263 4369 2548 4420 creaturas
2574 4363 2810 4434 reiiquas
2838 4377 2962 4419 esse
2979 4361 3226 4434 jusserit,
3259 4371 3424 4432 atque
3447 4377 3509 4418 ea
3537 4364 3655 4432 ipsa

338 4441 522 4510 specie
550 4441 796 4513 erudita.
825 4441 953 4497 Hac
981 4456 1102 4513 quae
1134 4441 1592 4498 Scholasticorum
1631 4461 1786 4502 more
1811 4448 1942 4501 hac-
1987 4531 1990 4533 _
2053 4457 2108 4512 in
2137 4471 2202 4513 re
2223 4459 2304 4513 sui
2335 4456 2567 4513 similem
2596 4469 2718 4513 esse
2749 4457 3000 4513 voluerit.
3032 4455 3210 4511 Atrea
3229 4453 3303 4510 de
3323 4454 3659 4511 redimitae?

341 4543 496 4589 tenus
535 4549 658 4590 sum
682 4543 1022 4602 prosecutus,
1053 4534 1248 4590 vetusti
1271 4534 1460 4590 Patres
1493 4536 1762 4591 interdum
1795 4538 1941 4594 indi-
1969 4539 2024 4602 D
2047 4551 2190 4609 Audi
2247 4551 2536 4609 nominum
2576 4553 2753 4624 ipsum
2793 4549 2910 4609 hac
2956 4552 3310 4622 eloquentem.
3357 4548 3570 4620 (ϐακε,
3619 4566 3659 4617 ι’

339 4625 680 4684 cantzveluti
694 4626 1028 4697 Aumatium
1056 4625 1148 4699 (de
1193 4629 1422 4696 quiant'it.
1462 4627 1657 4682 anima:
1695 4645 1812 4700 cap.
1841 4631 1937 4698 33,

2047 4645 2165 4718 26).
2201 4663 2219 4698 ι
2257 4641 2541 4701 Faciamus
2571 4646 2844 4702 hominem
2874 4645 2944 4700 ad
2972 4643 3296 4715 imaginem,
3325 4652 3387 4697 et
3409 4640 3663 4697 simiiitu-

340 4735 396 4774 ιι.
423 4717 556 4792 70),
605 4717 968 4774 Damasecntts
993 4717 1078 4785 (in
1125 4716 1298 4772 libello
1338 4719 1586 4788 inscripto
1615 4739 1628 4773 :
1659 4723 1941 4791 quomodo

341 4811 506 4868 immo
525 4811 598 4868 ad
621 4810 911 4882 imaginem
938 4810 1108 4882 Dei),
1133 4819 1193 4866 et
1215 4811 1488 4880 copiosius
1511 4811 1804 4885 Gregorius
1825 4813 1943 4874 Ma-

345 4921 508 4977 gnus,
535 4906 696 4977 cuius
721 4907 882 4964 verba
911 4906 1118 4962 referre
1137 4904 1224 4960 hic
1249 4905 1424 4975 placet
1451 4906 1528 4978 (ὑ)
1562 4926 1575 4962 :
1605 4909 1937 4981 «Numquid,

341 4998 685 5066 fratresmei,
707 4999 962 5058 Sanctum
981 4997 1424 5072 Evangeliumyel
1450 4999 1940 5074 imonsatisrebus,

341 5091 427 5147 vel
455 5091 626 5148 brutis
656 5091 976 5148 spiritalibus
1018 5091 1193 5148 fuerat
1237 5091 1662 5162 pmdicandum,
1690 5103 1752 5151 ut
1771 5097 1839 5152 de
1867 5111 1940 5152 eo

343 5185 625 5257 discipulis
672 5187 920 5243 dicatur:
953 5187 1226 5257 pradicas
1269 5188 1408 5241 omni
1461 5191 1762 5246 arentum?
1821 5191 1934 5247 Sed

345 5279 522 5334 omnis
546 5275 1048 5337 creatumaomine
1066 5281 1311 5352 signatur
1334 5280 1518 5336 homo.
1544 5283 1681 5340 Sunt
1701 5299 1939 5356 namque

345 5371 573 5442 lapides,
605 5373 700 5431 sed
732 5387 830 5430 nec
854 5373 1067 5439 vivunt,
1115 5387 1212 5428 nec
1241 5373 1480 5430 sentiunt
1513 5383 1682 5432 :ssnt
1724 5377 1935 5447 herbae,

344 5471 400 5520 et
429 5464 685 5536 arbusta;
711 5467 896 5524 vivunt
916 5465 1152 5539 quidem,
1189 5465 1284 5522 sed
1311 5479 1418 5523 non
1450 5468 1791 5529 sentiunt....
1817 5473 1936 5530 An-

351 5681 364 5699 ,
418 5608 497 5699 (nl
629 5622 833 5699 possent
878 5609 1106 5699 homines
1125 5652 1168 5694 ,Ι
1193 5610 1392 5699 quibus
1421 5621 1592 5696 ροηδε
1625 5614 1858 5698 φυάν.
1879 5615 1940 5669 επ

347 5682 487 5764 ipsis:
526 5682 927 5755 Exemplumque
969 5682 1062 5738 Dei
1084 5683 1292 5754 quisque
1319 5691 1392 5740 est
1416 5685 1470 5740 in
1504 5686 1727 5758 imagine
1752 5701 1938 5758 parva.

348 5749 530 5811 Manil.
560 5769 612 5811 tv
640 5754 846 5812 Aurora.

2049 4735 2236 4792 (linem
2267 4747 2540 4805 nostram,
2569 4747 2626 4795 et
2667 4739 2855 4809 praesit
2894 4736 3130 4808 piscibus
3159 4733 3355 4800 maris,
3385 4743 3442 4791 et
3469 4734 3663 4790 volti-

2051 4829 2196 4885 libus
2232 4830 2390 4898 rtuli,
2425 4841 2478 4887 et
2505 4830 2724 4900 bestiis,
2759 4831 3137 4899 universasque
3173 4838 3360 4892 terra,
3403 4826 3663 4897 omnique

2050 4923 2255 4994 repiiii,
2288 4925 2432 4993 quod
2464 4934 2712 4982 movetur
2737 4925 2792 4982 in
2821 4934 3028 4982 terra»
3059 4923 3144 4980 Ad
3169 4923 3471 4994 mmba
3488 4921 3666 4994 ειη.

2051 5025 2330 5069 sostomus
2357 5014 2584 5087 (ΙΙ-σπῆι.
2617 5018 2650 5072 8
2673 5018 2729 5072 in
2759 5016 2891 5072 Gen.
2925 5031 2980 5070 η.
3007 5016 3070 5087 5)
3095 5015 3216 5070 haec
3239 5013 3428 5070 scrth
3452 5030 3470 5069 :
3505 5031 3528 5066 ι
3559 5011 3664 5068 Ne-

2051 5121 2162 5177 que
2188 5109 2332 5162 enim
2377 5121 2500 5163 cum
2542 5109 2671 5166 dicit
2703 5129 2718 5165 :
2763 5109 3046 5165 Faciamus
3085 5108 3345 5164 hominem
3377 5107 3666 5163 secundum

2051 5199 2332 5271 imaginem
2373 5210 2602 5257 nostram
2621 5245 2636 5270 ,
2688 5209 2736 5258 et
2782 5203 3069 5258 seatmdtnn
3105 5199 3495 5257 siniﬁtulim
3515 5239 3532 5268 ,
3574 5199 3666 5256 hic

2053 5307 2366 5350 sermonem
2395 5295 2590 5361 ﬁnivit,
2615 5296 2713 5353 ed
2739 5307 2840 5367 per
2859 5307 2943 5361 ea,
2969 5307 3096 5367 quae
3115 5291 3386 5365 adiungis,
3407 5292 3666 5349 marinas-

2055 5394 2172 5441 tum
2204 5385 2360 5442 nobis
2401 5386 2543 5454 facit,
2574 5403 2682 5459 quo
2708 5401 2870 5446 sensu
2903 5396 3102 5444 nomen
3130 5385 3376 5458 imaginis
3397 5383 3662 5456 posuerit.

2052 5474 2198 5544 Quid
2228 5477 2371 5532 enim
2412 5477 2587 5536 dicit?
2617 5479 2686 5535 Et
2709 5480 3002 5536 dominetur
3042 5477 3267 5550 piscibus
3293 5477 3474 5542 maris,
3503 5485 3552 5530 et
3578 5491 3667 5531 uo-

2139 5621 2214 5695 (ἢ
2251 5622 2456 5695 Homil'.
2488 5621 2562 5679 29
2585 5622 2640 5678 in
2671 5617 2982 5695 Evangeia,
3001 5619 3080 5695 ad
3099 5617 3277 5676 verba
3301 5616 3438 5674 ille:
3464 5616 3663 5688 pracdic-

2052 5691 2170 5753 cate
2195 5691 2534 5768 Evangelium
2557 5694 2698 5751 omni
2719 5691 2992 5750 cum
3024 5691 3187 5750 lare.
3217 5701 3328 5748 xvi.
