4248 6258
670 261 768 320 871

1349 257 1421 316 ΙΝ
1457 254 1716 314 ﬂlLARlI
1754 250 1970 311 EPIST.
2012 249 2145 309 SEU
2187 249 2408 307 LIBEL.
2456 250 2907 310 DISSERTATIO
2941 251 3283 313 SECUNDA.

3865 257 3965 314 87?.

669 375 897 431 (utilibus
942 375 1083 439 mli,
1117 372 1352 429 omnibus
1380 371 1645 442 reptilibus
1682 384 1835 442 super
1862 378 2100 422 tem-am.
2127 367 2271 421 ltna-
2299 371 2350 430 Α
2378 367 2472 434 cit,
2503 377 2558 425 et
2596 377 2799 424 tantam
2828 371 3042 427 caeteris
3071 371 3475 428 venerationem
3505 372 3587 429 sui
3613 372 3880 441 infundit,
3916 384 3968 430 ιιι

665 469 844 540 ginem
873 482 1002 538 ergo
1041 465 1177 522 dixit
1202 463 1270 520 de
1299 465 1632 536 principatu,
1662 471 1716 517 et
1755 459 2029 525 dominio,
2067 473 2172 513 non
2199 457 2267 512 de

663 560 846 630 aliquo
883 559 1034 614 alio:
1085 556 1222 624 Quia
1277 556 1420 612 Deus
1466 555 1596 612 fecit
1643 553 1919 610 hominem
1969 551 2266 622 principem

663 652 930 716 omnium,
961 665 1082 721 qua:
1108 657 1238 707 sunt
1263 663 1429 720 super
1457 658 1655 704 terram
1674 688 1689 713 ,
1721 655 1776 702 et
1809 643 1945 700 nihil
1970 658 2134 714 super
2159 652 2269 698 ter-

661 759 777 800 ram
807 743 1027 800 homine
1055 743 1228 815 majus
1257 751 1362 810 est,
1404 751 1459 798 et
1482 740 1664 799 omnia
1694 741 1796 795 sub
1823 745 2090 810 potestate
2120 735 2267 792 illius

661 847 809 894 διιιιι.
831 856 851 890 ι

733 933 801 989 Ει
827 946 1017 989 rursus
1046 929 1274 1003 (Homit.
1305 932 1397 997 10,
1429 947 1484 984 ιι.
1517 929 1578 1000 4)
1609 945 1623 983 :
1663 946 1684 981 t
1707 927 1999 996 Postquam
2043 938 2142 979 nos
2168 922 2265 979 do-

659 1027 772 1082 cuit
810 1041 910 1098 per
947 1024 1328 1096 praecedentia,
1371 1022 1500 1096 quid
1545 1021 1619 1078 sit
1661 1019 1946 1077 secundum
1989 1015 2265 1089 imaginem

661 1116 758 1172 Dei
784 1117 906 1189 fecit
933 1133 1048 1172 eum
1075 1132 1095 1171 :
1123 1125 1178 1172 et
1226 1123 1286 1172 ut
1315 1130 1384 1171 ne
1428 1112 1798 1184 impudentem
1834 1109 2052 1182 quidem
2078 1107 2266 1164 defen-

657 1208 828 1266 sionis
858 1219 1185 1281 praetextum
1216 1207 1486 1278 relinquat
1517 1205 1779 1262 Ecclesiae
1809 1203 2060 1274 dogmata
2091 1201 2265 1272 impu-

655 1317 826 1374 gnare
851 1302 1186 1366 volentibus,
1218 1300 1494 1371 paululum
1523 1309 1840 1368 progressus
1879 1293 2023 1350 idem
2066 1293 2260 1349 iterum

653 1395 847 1464 docet,
903 1395 1048 1468 quod
1089 1395 1212 1452 ideo
1255 1392 1502 1465 imaginis
1544 1390 1762 1447 nomine
1807 1403 1938 1445 usus
1981 1387 2073 1453 sit,
2118 1385 2263 1458 quod

655 1489 1040 1562 imperaturus,
1091 1499 1146 1546 et
1183 1489 1286 1546 sub
1319 1503 1381 1545 se
1425 1497 1705 1544 creaturas
1741 1497 1933 1542 omnes
1976 1480 2262 1539 habiturus

654 1592 826 1642 esset.
873 1601 894 1636 ι

726 1677 796 1733 Ει
845 1675 1031 1748 paucis
1069 1673 1405 1746 interpositis
1431 1673 1510 1744 (ιι.
1543 1671 1642 1744 5):
1690 1689 1711 1724 ‹
1752 1669 1940 1725 Vidisti
1983 1667 2262 1723 inenarra-

2373 459 2619 515 certatim
2646 459 2804 532 quasi
2833 463 2944 533 regi
2974 462 3248 528 obediant.
3285 475 3343 522 et
3385 465 3506 521 voci
3550 465 3665 536 ejus
3709 467 3971 524 obsecun-

2370 553 2502 610 dent
2527 571 2540 608 :
2570 563 2768 610 etcum
2791 554 2901 610 sint
2922 555 3339 625 irrationabilia,
3363 557 3628 616 rationem
3651 570 3966 632 agnoscant.

2371 655 2428 703 et
2471 647 2810 718 disciplinam
2863 663 2983 704 eam
3037 649 3372 720 imprimant,
3417 666 3578 723 quam
3625 663 3810 709 natura
3863 669 3966 710 non

2371 739 2580 796 tribuit.
2615 739 2856 813 Denique
2883 741 3130 800 videntes
3170 743 3300 800 ferae
3325 746 3445 816 ejus
3471 747 3965 817 mansuetudinem,

2369 829 2488 902 ejus
2521 832 2749 903 imperio
2780 844 3184 891 mansuescunt."
3212 835 3371 908 Srpe
3397 839 3796 908 suspenderunt
3827 854 3970 896 mor-

2366 939 2462 980 sus
2490 941 2641 994 suos,
2687 937 2975 984 revocante
3011 943 3148 984 sono
3198 929 3348 985 vocis
3388 929 3658 987 humana).
3706 931 3968 989 Videmus

2368 1015 2590 1075 innoxio
2610 1033 2806 1074 canum
2833 1022 2996 1076 dente
3022 1021 3238 1091 lepores
3267 1021 3386 1077 sine
3416 1022 3639 1080 vulnere
3664 1025 3782 1095 capi
3809 1043 3826 1079 :
3853 1025 3966 1082 leo-

2369 1127 2466 1169 nes
2487 1127 2700 1184 quoque
2721 1114 2940 1186 ipsos,si
2961 1131 3064 1172 vox
3087 1116 3322 1173 hominis
3341 1119 3700 1188 resultaverit,
3728 1121 3964 1188 praedam

2365 1207 2638 1266 dimittere
2666 1227 2679 1262 :
2721 1210 2940 1278 pardos,
2981 1220 3144 1282 atque
3171 1227 3328 1268 ursos
3358 1213 3590 1280 incitari,
3621 1229 3687 1270 ac
3715 1216 3965 1272 revocari

2365 1300 2631 1358 vocibus;
2673 1317 2843 1372 equos
2873 1303 3062 1374 plausu
3109 1302 3388 1360 hominum
3428 1303 3690 1372 fremere,
3736 1306 3956 1363 silentio

2362 1393 2576 1449 mollire
2603 1408 2821 1449 cursum
2857 1412 2869 1447 :
2897 1391 3132 1466 denique
3157 1411 3303 1465 saepe
3335 1396 3453 1452 sine
3478 1397 3708 1453 verbere
3737 1407 3967 1468 praster-

2362 1497 2494 1544 eunt
2531 1487 2846 1544 verberatos
2874 1507 2888 1550 ,:
2933 1490 3005 1545 ita
3039 1489 3415 1546 vehementius
3457 1488 3582 1546 illos
3626 1490 3816 1547 incitat
3865 1491 3966 1547 lin-

2360 1596 2480 1653 gua:
2511 1580 2814 1653 ﬂagellum.
2865 1602 2884 1637 ι

2429 1673 2522 1730 61.
2549 1675 2691 1732 Ecce
2715 1674 2846 1730 item
2871 1675 3100 1731 Marium
3129 1675 3398 1733 Victorem
3417 1718 3434 1743 ,
3467 1675 3692 1734 latinum
3717 1678 3960 1747 scilicet,

651 1771 817 1828 bilem
865 1769 1238 1842 potestatem?
1293 1767 1485 1825 Vidisti
1539 1764 1874 1838 principatus
1928 1759 2256 1833 magnitudi-
2285 1767 2334 1830 Β
2362 1775 2416 1824 ει
2443 1775 2711 1824 vetustum
2758 1768 2992 1825 patrem.
3034 1769 3160 1824 nec
3191 1785 3386 1838 nempe
3430 1769 3742 1842 quuemem
3781 1771 3838 1826 in
3869 1771 3964 1828 ho.

657 1865 828 1922 nem?
874 1863 1071 1920 Vidisti
1115 1863 1335 1920 condita
1373 1861 1557 1918 omnia
1595 1860 1699 1916 sub
1735 1859 1894 1929 hujus
1936 1862 2255 1926 potestatem

650 1957 915 2016 redacta?
961 1957 1107 2015 Nihil
1151 1957 1380 2030 posthac
1429 1954 1704 2010 mediocre
1749 1951 1818 2008 de
1862 1948 2112 2007 rationali
2155 1945 2260 2002 hoc

649 2051 866 2107 animali
886 2049 1216 2121 imaginaris,
1243 2048 1339 2104 sed
1360 2050 1535 2118 cogita
1559 2045 1782 2100 honoris
1805 2039 2253 2113 magnitudinem,

649 2151 706 2201 et
754 2143 966 2199 Domini
1007 2157 1134 2214 erga
1179 2141 1309 2197 illud
1351 2139 1826 2205 benevolentiam,
1867 2137 2255 2205 obstupesceus

647 2237 794 2295 illius
834 2239 1187 2304 immensam,
1230 2242 1286 2292 et
1326 2233 1741 2291 inenarrabilem
1786 2228 2192 2300 benignitatem.
2227 2243 2248 2276 ι

727 2332 904 2406 Atque
949 2332 1003 2388 id
1049 2331 1223 2403 ipsum
1263 2329 1390 2386 alibi
1427 2329 1626 2400 repetit
1667 2325 1779 2399 (lib.
1821 2340 1840 2379 ι
1881 2323 1950 2379 ad
1994 2317 2251 2392 Stagir.),

646 2441 876 2483 monens
905 2443 926 2478 ι
951 2425 1186 2480 voluisse
1213 2424 1381 2480 Deum
1407 2421 1512 2476 hoc
1541 2435 1663 2478 esse
1682 2421 1737 2476 in
1767 2418 1926 2475 terris
1953 2415 2250 2481 hominem,

645 2520 790 2592 quod
822 2519 939 2592 ipse
960 2519 1152 2576 eratin
1181 2516 1391 2575 caelis.»
1424 2515 1560 2571 Vide
1589 2516 1752 2570 etiam
1773 2527 1893 2583 qua:
1922 2525 2039 2567 eam
2056 2508 2113 2564 in
2135 2521 2252 2563 rem

647 2612 809 2670 tradit
848 2613 1068 2670 homilia
1095 2627 1132 2669 ιι
1155 2611 1209 2666 in
1238 2609 1537 2681 Epistolam
1563 2605 1632 2662 ad
1665 2605 1922 2661 Hebraeos
1953 2601 2029 2676 (η.
2059 2597 2139 2672 2).

717 2709 808 2766 58.
854 2707 1134 2781 Nyssenus
1181 2704 1634 2778 Chrysostomum
1680 2715 1744 2757 ea
1787 2699 1840 2755 in
1891 2695 2250 2768 explicatione

644 2811 998 2872 praecesserat
1027 2817 1044 2867 ;
1073 2799 1479 2870 subsequuntur
1505 2804 1686 2850 autem
1713 2791 2039 2848 Severianus
2065 2785 2248 2844 Gaba-

642 2897 875 2965 litanus,
903 2905 961 2954 et
987 2894 1386 2952 Theodoretus.
1425 2890 1702 2962 Nyssenus
1743 2885 1954 2942 scilicet
1979 2893 2090 2938 tum
2119 2879 2245 2935 alibi

646 2990 882 3064 (Dialog.
911 3005 990 3054 tu,
1022 2999 1146 3044 tom.
1181 3002 1200 3042 ι
1244 2984 1495 3040 Biblioth.
1527 2980 1654 3036 Pat.
1689 2977 1870 3034 Graeco
1897 2976 2091 3037 latinia,
2124 2989 2242 3042 cap.

647 3084 750 3155 4),
780 3094 892 3140 tum
913 3079 1155 3139 etiamin
1183 3078 1320 3134 libro
1345 3076 1409 3130 de
1453 3073 1674 3129 hominis
1707 3070 1914 3144 cpi/icio
1944 3066 2093 3124 uberi
2117 3078 2245 3121 ora-

644 3178 791 3235 tione
832 3176 958 3239 hoc,
983 3175 1054 3231 de
1080 3188 1188 3246 quo
1209 3172 1439 3244 agimus,
1469 3166 1830 3239 persequitur,
1869 3161 1986 3218 haec
2014 3172 2242 3230 praeser-
2271 3163 2316 3226 C

645 3274 743 3330 tim
766 3285 1034 3329 monens:
1071 3286 1092 3322 ι
1127 3267 1196 3324 Ut
1227 3265 1282 3322 in
1305 3265 1408 3320 hac
1436 3262 1542 3318 vita
1568 3259 1804 3315 artiﬁces
1829 3256 2243 3312 instrumentum

642 3383 706 3425 ea
749 3366 922 3426 forma
948 3363 1266 3427 moliuntur,
1298 3374 1419 3431 quae
1446 3355 1565 3412 usui
1597 3353 1668 3411 sit
1693 3362 1818 3424 apta
1847 3369 1860 3405 :
1892 3352 1963 3406 ita
1990 3359 2244 3419 tanquam

641 3475 736 3518 vas
779 3457 1051 3530 quoddam
1103 3455 1173 3511 ad
1219 3451 1368 3524 regni
1416 3445 1943 3506 administrationem
1988 3439 2241 3496 idoneum

639 3560 886 3610 naturam
917 3555 1158 3605 nostram
1187 3541 1670 3618 praestantissimus
1697 3537 1980 3594 fabricavit
2005 3531 2200 3588 artifex
2226 3547 2239 3584 :

638 3663 704 3705 ac
727 3656 840 3704 tum
867 3644 1068 3701 animae
1089 3640 1342 3706 dotibus,
1375 3647 1488 3694 tum
1527 3637 1699 3709 ﬁgura
1734 3634 1848 3705 ipsa
1876 3629 2121 3701 corporis
2158 3636 2240 3681 ta-

638 3740 748 3796 lem
771 3736 1076 3810 designavit
1100 3733 1409 3798 hominem,
1439 3740 1498 3785 ιιι
1531 3727 1598 3784 ad
1631 3741 1855 3798 regnum
1898 3729 2045 3779 esset
2067 3717 2240 3789 aptis-

638 3833 831 3890 simus.
863 3851 882 3886 ι
915 3829 1093 3900 Atque
1131 3827 1184 3884 id
1213 3827 1416 3897 ipsum,
1443 3821 1588 3896 quod
1614 3821 1702 3877 hic
1732 3818 1966 3889 attingit,
1997 3814 2238 3884 copiosa,

639 3927 718 3982 uti
763 3925 1018 3988 diximus,
1048 3923 1326 3992 deinceps,
1355 3927 1518 3990 atque
1547 3913 1780 3987 eleganti
1811 3913 2020 3968 ratione
2054 3921 2242 3979 perse-

637 4018 840 4091 quitur.
888 4014 1045 4084 Quod
1090 4013 1286 4070 attinet
1327 4010 1394 4066 ad
1443 4006 1794 4067 Severianum
1840 4003 2238 4065 Gabalitanum,

635 4125 762 4168 eum
793 4108 1038 4175 consule,
1058 4121 1221 4179 quem
1251 4104 1307 4160 in
1329 4103 1477 4160 calce
1507 4101 1715 4172 pagina:
1740 4097 1965 4167 designo
1984 4138 2002 4163 ,
2036 4094 2237 4158 locum,

639 4203 826 4274 idque,
865 4203 936 4260 de
973 4216 1080 4274 quo
1108 4202 1340 4274 agimus,
1384 4195 1640 4252 traditum
1674 4189 1919 4248 invenies
1955 4188 2056 4261 (τι).

711 4296 800 4353 59.
831 4294 1206 4352 Theodoretus
1235 4305 1364 4348 vero
1390 4289 1444 4344 in
1470 4285 1721 4344 eamdem
1753 4281 2079 4340 sententiam
2121 4278 2238 4334 haec

638 4387 802 4446 tradit
827 4386 922 4459 (In
955 4385 1124 4459 Caput
1172 4401 1226 4441 xt
1250 4381 1501 4457 Epistolas
1530 4397 1546 4437 ι
1575 4379 1643 4435 ad
1671 4374 1971 4448 Corinth);
2006 4392 2026 4426 ι
2066 4373 2238 4428 Homo

2362 1861 2525 1917 minis
2547 1863 2825 1919 creatione
2859 1863 3028 1918 Deum
3058 1862 3264 1919 inducit
3289 1862 3390 1934 (De
3419 1863 3636 1935 Origine
3661 1865 3890 1937 mundi):

2451 1977 2592 2043 ljunc
2611 1977 2857 2043 hominem
2877 1975 3121 2043 faciamus,
3143 1979 3232 2043 ait,
3259 1978 3341 2041 qui
3363 1985 3546 2037 regnet
3566 1979 3614 2027 in
3637 1979 3779 2043 orbe,

2453 2039 2518 2091 Et
2536 2041 2602 2090 sit
2623 2041 2785 2102 imago
2802 2039 2930 2092 Dei:
2953 2039 3162 2091 similem
3181 2039 3334 2091 decet
3357 2054 3473 2092 esse
3496 2043 3684 2093 creanti
3698 2077 3715 2105 ,
3737 2039 3835 2093 etc.

2360 2121 2430 2178 Et
2453 2122 2714 2195 deinceps
2745 2140 2758 2176 :

2449 2214 2583 2276 Ergo
2608 2215 2740 2264 hunc
2761 2217 3072 2278 praepositum
3097 2216 3250 2266 rebus
3271 2228 3381 2266 cum
3403 2215 3611 2278 conjuge
3628 2214 3775 2278 jussit

2451 2277 2692 2330 Crescere
2718 2277 2808 2342 per
2831 2277 3070 2338 sebalem,
3097 2284 3354 2342 terrasque
3376 2277 3581 2342 replere
3606 2277 3856 2330 vacantes.

2357 2361 2568 2418 Rursus
2596 2376 2813 2433 quoque
2831 2381 2850 2416 .:

2449 2451 2800 2518 l_’rimus_enim
2821 2455 3032 2518 meritis,
3056 2448 3335 2518 postremus
3361 2453 3411 2503 in
3433 2455 3610 2505 ordine
3633 2461 3734 2506 toto

2448 2514 2626 2580 Enetus
2646 2515 2812 2580 homo,
2839 2523 2893 2580 ut
2914 2514 3031 2580 sese
3055 2517 3208 2580 rebus
3227 2524 3462 2580 praestare
3486 2518 3674 2568 creatis

2447 2575 2646 2642 Nosset,
2670 2585 2724 2630 et
2739 2578 2853 2628 hinc
2873 2577 3050 2629 laudes
3067 2575 3279 2630 Domino
3301 2578 3614 2643 persolveret
3637 2594 3826 2643 aequas.

2425 2685 2515 2742 62.
2561 2687 2619 2743 In
2669 2686 2914 2743 eamdem
2959 2691 3286 2744 sententiam
3322 2687 3568 2744 Alcimus
3601 2687 3796 2744 Avitus
3841 2687 3960 2759 ipse

2352 2798 2569 2856 quoque
2595 2783 2711 2840 hmc
2737 2783 2805 2840 de
2827 2783 3050 2841 homine
3077 2785 3388 2857 loquentem
3414 2787 3582 2842 Deum
3606 2787 3770 2842 facit:

2445 2898 2587 2965 lianc
2609 2898 2846 2965 formetur
2865 2899 3033 2961 homo,
3059 2901 3234 2965 summi
3254 2902 3580 2965 quemgtangit
3603 2902 3761 2964 imago

2442 2961 2684 3017 Numinis.
2709 2968 2761 3012 et
2782 2970 2997 3012 nostram
3021 2962 3156 3012 celso
3179 2961 3388 3015 donatus
3411 2961 3599 3014 honore

2441 3023 2624 3087 Induat
2645 3025 2858 3074 interius
2883 3023 3090 3074 formosa
3114 3034 3285 3076 mente
3316 3025 3539 3087 figuram.

2441 3085 2588 3151 Ijlunc
2609 3086 2734 3137 libet
2758 3087 2943 3137 erectis
2959 3087 3223 3151 sublimem
3247 3085 3485 3140 incedere
3508 3089 3704 3151 plantis,

2443 3146 2535 3215 Qui
2559 3156 2706 3215 regat
2727 3155 2917 3215 aeterno
2937 3149 3210 3215 subjectum
3236 3151 3456 3213 pondere
3477 3146 3730 3215 mundum,

2445 3211 2596 3284 [Bruta
2621 3209 2808 3284 domet,
2834 3209 3000 3284 legem
3025 3209 3323 3284 cunctis,'a.c.
3337 3217 3541 3284 nomina
3553 3222 3714 3277 ponat,

2445 3273 2587 3336 intra
2607 3279 2767 3336 notet,
2794 3271 3010 3336 cwlique
3029 3275 3151 3333 vias,
3177 3281 3229 3324 et
3250 3276 3414 3326 sidera
3436 3271 3583 3336 norit,

2442 3333 2609 3402 Discat
2632 3344 2684 3386 et
2706 3333 2942 3402 inspectis
2961 3336 3253 3402 discernere
3271 3343 3495 3402 tempora
3516 3333 3699 3402 signis;

2444 3396 2682 3464 Subjiciat
2705 3396 2913 3460 pelagus
2935 3410 3142 3464 saevum.
3166 3396 3466 3464 iugeniodue
3486 3396 3642 3464 tenaci

2440 3457 3046 3532 fossideat‘quaeenmque
3064 3459 3201 3532 videt
3219 3457 3334 3512 ἴοιιί
3358 3457 3515 3532 lie-stis
3537 3463 3788 3515 frendens

2441 3521 2656 3583 Serviat,
2681 3521 2908 3583 et’posito
2927 3521 3118 3572 discant
3141 3533 3398 3576 mansueta
3420 3526 3587 3579 furore

2442 3582 2710 3651 I_mperium
2729 3582 2950 3651 iumenta
2972 3587 3100 3648 pati,
3122 3585 3343 3651 jussique
3367 3586 3513 3651 ligari

2441 3645 2702 3713 [festinent
2719 3645 2894 3713 trepidi
2917 3645 3154 3713 consueta
3170 3650 3189 3713 _i
3197 3661 3230 3713 ιι
3252 3645 3646 3713 vincla'juvenci.

2441 3710 2648 3780 Quoque
2673 3711 2818 3780 etiam
2842 3716 3016 3780 natura
3048 3710 3260 3780 hominis
3283 3710 3535 3780 sublimior
3559 3726 3750 3780 exstet,

2439 3771 2643 3841 incipiat
2662 3776 2824 3821 rectos
2844 3771 2894 3841 in
2919 3771 3096 3841 coelum
3123 3771 3301 3841 tollere
3328 3775 3508 3841 vultus,

2439 3831 2695 3898 Factorem
2718 3840 2908 3898 quaerat
2929 3834 3199 3898 prOprium,
3223 3837 3300 3886 cui
3325 3831 3653 3892 mente’ﬂdell

2439 3894 2699 3959 Impendat
2718 3893 2946 3945 famulam
2971 3893 3194 3960 longaevo
3216 3900 3265 3948 in
3285 3906 3510 3964 tempore
3532 3905 3702 3956 vitam.

2415 4001 2507 4057 63.
2537 4001 2643 4059 Sed
2673 4002 2794 4072 quis
2818 4001 3176 4075 Augustinum
3209 4021 3316 4060 non
3346 4008 3568 4075 referat,
3604 4010 3698 4081 qui
3727 4011 3846 4068 btec
3877 4014 3956 4070 ait

2343 4093 2444 4167 (De
2471 4094 2666 4152 Genesi
2694 4107 2885 4154 contra
2913 4096 3172 4166 Manich.,
3203 4098 3293 4154 lib.
3327 4119 3364 4167 ι,
3393 4119 3508 4174 cap.
3554 4103 3658 4171 i7,
3707 4123 3762 4160 η.
3812 4107 3911 4179 28)
3937 4125 3954 4165 :

2348 4204 2368 4240 ι
2399 4186 2552 4256 Quod
2580 4187 2742 4245 homo
2763 4189 2830 4246 ad
2861 4190 3152 4262 imaginem
3184 4191 3276 4248 Dei
3301 4191 3476 4250 factus
3495 4193 3716 4265 dicitur,
3744 4212 3954 4255 secun-

2340 4280 2468 4337 dum
2507 4281 2816 4339 interiorem
2848 4283 3121 4340 hominem
3167 4285 3386 4354 dicitur,
3431 4287 3520 4346 ubi
3572 4299 3656 4344 est
3699 4291 3864 4358 ratio,
3895 4303 3954 4348 et

2340 4375 2687 4434 intellecms:
2729 4379 2876 4437 unde
2922 4381 3086 4438 etiam
3132 4381 3294 4440 habet
3335 4392 3662 4452 potestatem
3714 4385 3952 4455 piscium

635 4491 722 4539 est
751 4481 843 4538 Dei
883 4481 1081 4552 imago,
1137 4491 1313 4549 neque
1350 4473 1528 4546 quoad
1567 4485 1797 4542 corpus,
1839 4483 2017 4539 neque
2057 4464 2236 4538 quoad
2340 4472 2539 4538 maris,
2584 4479 2640 4536 et
2664 4472 2962 4531 volatilium
2992 4476 3147 4544 C(Bli,
3180 4486 3237 4532 et
3276 4477 3519 4533 omnium
3550 4491 3813 4548 pecorum
3837 4522 3850 4546 ,
3891 4488 3954 4536 et

633 4577 905 4642 animam,
951 4574 1046 4631 sed
1089 4579 1297 4629 tantum
1349 4568 1494 4640 quod
1532 4566 1727 4623 attinet
1767 4563 1833 4619 ad
1869 4561 2230 4633 principatum
2257 4556 2312 4618 Ι)
2338 4559 2597 4634 ferarum,
2637 4575 2694 4623 et
2729 4569 2908 4625 omnis
2975 4579 3166 4637 terrm,
3213 4579 3271 4628 et
3307 4571 3547 4627 omnium
3591 4575 3904 4642 repentium
3929 4615 3945 4642 ,

633 4676 692 4726 et
716 4665 1001 4737 imperium
1019 4681 1034 4722 :
1052 4672 1112 4720 ut
1128 4662 1216 4720 cui
1240 4676 1370 4733 ergo
1394 4659 1660 4726 omnium,
1683 4673 1803 4728 quae
1831 4663 1958 4710 sunt
1986 4653 2040 4708 in
2065 4662 2230 4720 terra,

632 4759 918 4832 imperium
941 4765 1027 4814 est
1051 4755 1344 4820 creditum,
1369 4751 1466 4810 Dei
1488 4753 1665 4822 imago
1688 4747 2011 4819 appellatur;
2036 4745 2235 4801 mulier

631 4865 836 4920 autem,
870 4862 930 4908 ut
951 4866 1073 4924 quae
1099 4850 1170 4906 sit
1197 4849 1250 4904 in
1283 4853 1551 4920 potestate
1579 4843 1701 4908 viri,
1731 4853 1803 4898 est
1832 4841 1928 4897 viri
1951 4839 2147 4912 gloria,
2178 4849 2233 4894 et

629 4949 797 5008 veluti
821 4948 1003 5019 imago
1032 4943 1280 5016 imaginis
1306 4959 1319 4994 :
1348 4955 1472 4997 nam
1496 4940 1612 5008 ipsa
1639 4938 1802 4994 etiam
1834 4935 1953 4990 aliis
1973 4935 2228 5006 imperat,

627 5043 725 5102 sed
753 5043 869 5100 viro
891 5041 1134 5113 subjecta
1163 5052 1306 5105 esse,
1331 5044 1388 5093 et
1409 5035 1459 5092 ei
1488 5047 1679 5106 parere
1704 5031 1856 5102 jussa
1883 5037 1985 5086 est.
2021 5047 2042 5081 ι

699 5137 791 5196 60.
821 5135 929 5194 Sed
956 5150 1026 5192 ne
1054 5132 1275 5190 Graecos
1305 5138 1514 5186 tantum
1539 5126 1816 5182 videamur
1844 5121 2038 5178 afferre
2058 5162 2073 5188 ,
2100 5133 2228 5176 ecce

627 5229 725 5287 tibi
777 5227 1124 5286 Ambrosium
1173 5223 1293 5281 brec
1337 5221 1406 5279 de
1463 5219 1688 5276 homine
1740 5215 2040 5273 tradentem
2099 5213 2225 5286 (b):

631 5343 652 5379 ι
690 5325 803 5380 Hoc
823 5322 1021 5380 mentis
1046 5320 1232 5390 vigore
1256 5324 1314 5374 et
1341 5323 1566 5372 externa
1607 5310 1830 5383 subigit,
1859 5317 1916 5366 et
1942 5314 2192 5377 separata
2210 5347 2225 5372 ,

624 5431 690 5476 ac
714 5415 968 5474 distantia
991 5411 1153 5480 videt,
1180 5420 1238 5468 et
1261 5407 1521 5466 validiora
1545 5405 1748 5462 viribus
1773 5399 2028 5458 animalia
2050 5396 2223 5470 subji-

697 5578 975 5694 ιε’)..οιιες
998 5565 1896 5694 διέξηιξπέιεένςιιιιξι.ιιηιι
1918 5559 2216 5694 tanta;

624 5640 841 5710 tom.'vt
866 5651 971 5722 0p.
992 5649 1282 5722 _Cbrysost.
1311 5645 1444 5704 edit.
1486 5640 1896 5700 Montfauconii.
1918 5640 1988 5694 In
2022 5649 2126 5708 quo
2152 5640 2226 5691 est

627 5725 759 5780 ratio
790 5720 1076 5794 imaginis?
1103 5721 1156 5776 in
1181 5725 1453 5790 potestate,
1481 5724 1590 5776 etc.

2337 4672 2460 4728 qua:
2485 4667 2612 4714 sunt
2636 4674 2801 4732 super
2827 4671 3024 4718 terram
3050 4681 3064 4717 :
3095 4679 3217 4720 cum
3241 4664 3387 4720 enim
3409 4664 3658 4732 dixisset,
3685 4666 3950 4736 faciamus

2338 4751 2594 4806 hominem
2620 4752 2690 4806 ad
2714 4753 3007 4822 imaginem,
3041 4764 3088 4810 et
3122 4755 3517 4812 similitudinem
3543 4767 3807 4825 nostram,
3840 4759 3947 4815 ad—

2335 4841 2471 4898 didit
2513 4844 2812 4900 continuo:
2847 4843 2917 4900 Et
2957 4846 3138 4902 habeat
3166 4857 3465 4920 potestatem
3496 4851 3720 4920 piscium
3759 4855 3945 4923 maris,

2335 4946 2384 4991 et
2413 4937 2699 4992 volatilium
2729 4939 2864 5006 cteli,
2897 4947 2952 4994 et
2980 4949 3176 4998 cratera
3212 4957 3228 4996 :
3256 4953 3316 5006 ut
3343 4941 3799 5016 intelligeremus,
3831 4963 3946 5004 non

2335 5040 2558 5101 propter
2597 5046 2795 5102 corpus
2840 5032 2944 5090 dici
2986 5033 3260 5092 hominem
3301 5037 3616 5095 factum'ad
3645 5039 3948 5110 imaginem

2336 5120 2458 5190 Dei,
2499 5121 2593 5179 sed
2624 5135 2843 5196 propter
2869 5139 2990 5181 eam
3019 5136 3364 5198 potestatem,
3390 5144 3498 5201 qua
3527 5130 3711 5186 omnia
3735 5146 3948 5202 pecora

2335 5223 2574 5286 superat.
2618 5213 2812 5272 Omnia
2849 5218 2993 5274 enim
3017 5219 3269 5277 animalia
3303 5229 3503 5278 caetera
3535 5222 3783 5293 subjecta
3813 5234 3956 5281 sunt

2336 5303 2539 5360 homini
2567 5321 2676 5364 non
2708 5317 2928 5379 propter
2949 5326 3168 5383 corpus,
3199 5313 3294 5369 sed
3327 5324 3546 5386 propter
3574 5315 3950 5385 intellectum,

2335 5413 2496 5469 quem
2521 5415 2624 5456 nos
2650 5399 2936 5473 habemus,
2963 5413 3017 5460 et
3047 5404 3142 5461 illa
3172 5420 3279 5462 non
3306 5405 3526 5464 habent.
3564 5426 3586 5460 ι

2402 5561 2482 5650 (li)
2526 5561 2648 5650 ετιι).
2692 5579 2767 5650 vi.
2815 5567 2977 5639 epist.
3021 5583 3248 5638 xxxvm,
3287 5570 3424 5630 alias
3461 5570 3638 5631 classe
3678 5586 3720 5640 ι,
3773 5575 3955 5647 epist.

2333 5631 2482 5702 nm,
2515 5631 2864 5696 Horontianal
