4200 6256
297 309 407 368 875

995 307 1062 366 ΙΝ
1094 306 1346 366 HILARII
1389 307 1604 366 EPIST.
1649 307 1779 365 SEU
1812 306 2029 365 LIBEL.
2067 307 2518 366 DISSERTATIO
2555 307 2830 366 TERTIA.

3484 316 3590 374 874

373 428 462 485 6.5.
497 426 594 482 llic
633 439 879 488 recense,
921 425 964 478 si
996 426 1096 486 vis,
1126 425 1311 479 Patres
1338 439 1432 479 eos
1485 425 1574 495 qui
1617 433 1892 494 peccatum
1924 427 1970 485 Α
2002 425 2210 480 Etenim
2257 441 2378 481 cum
2418 441 2610 481 cursus
2659 426 2761 480 iste
2805 423 3007 479 homini
3049 425 3340 494 inserviat,
3387 428 3592 484 homini

302 519 574 577 Daetnonis
632 519 684 571 in
728 532 795 572 eo
845 517 1148 584 Collocant,
1204 516 1344 585 quod
1400 518 1650 571 inviderit
1694 515 1894 570 homini

300 627 567 670 summam
594 625 716 665 eam
761 610 813 663 in
845 623 932 664 res
961 624 1156 663 omnes
1186 616 1508 679 potestatem
1559 623 1621 662 ac
1648 607 1893 663 domina-

302 716 440 772 tum,
483 718 642 776 quem
697 701 799 757 sibi
846 699 1236 756 conferendum
1286 700 1453 755 fuisse
1500 708 1726 766 putarat.
1788 698 1898 755 llos

302 813 468 870 porro
499 811 596 851 nec
637 792 1065 852 contemnendos
1092 808 1256 856 sane.
1289 808 1388 847 nec
1421 806 1621 864 paucos
1645 791 1896 858 equidem

302 904 670 954 recenserem,
695 886 796 942 nisi
829 887 1066 942 laborem
1095 901 1272 941 meum
1299 886 1650 955 antit-ipasset
1679 883 1898 954 praecla-

303 982 552 1038 ris~imus
582 979 852 1043 Petavius,
881 979 1036 1046 cujus
1067 979 1242 1033 locum
1267 978 1320 1032 in
1351 978 1499 1033 calce
1524 979 1730 1047 paginae
1751 992 1779 1029 a
1812 991 1899 1030 me

303 1074 598 1131 indicatum
646 1073 874 1128 obsecro
895 1071 1149 1127 consulas
1199 1070 1300 1141 (De
1350 1071 1559 1143 Angelis
1602 1085 1682 1134 ιιι,
1727 1069 1784 1133 2,
1816 1069 1896 1138 8).

304 1165 476 1230 Adde,
507 1165 550 1219 si
581 1167 684 1229 vis,
716 1163 1088 1219 auctoritatem
1128 1163 1298 1218 Rabbi
1324 1161 1555 1227 Saadiae,
1588 1161 1902 1216 collocantis

304 1260 512 1315 scilicet
537 1275 678 1323 eam,
718 1257 788 1311 de
823 1273 924 1325 qua
957 1257 1188 1324 agimus,
1234 1256 1519 1326 imaginem
1553 1255 1605 1309 in
1651 1254 1900 1321 imperio,

304 1360 360 1408 et
387 1349 757 1406 dominatione
789 1347 992 1421 (Refert
1018 1364 1081 1403 ea:
1105 1347 1244 1401 Aben
1279 1346 1448 1401 Hezra
1474 1343 1652 1400 Petav.
1681 1346 1745 1399 de
1776 1343 1902 1414 Opi-

306 1445 394 1515 βε.
423 1461 481 1509 ιι,
513 1445 568 1510 3,
595 1443 678 1514 2).

376 1537 468 1594 65.
498 1537 833 1607 Quamquam
875 1549 1100 1591 necesse
1133 1550 1241 1590 non
1284 1542 1368 1589 est
1398 1532 1500 1588 hac
1529 1531 1581 1586 in
1614 1546 1674 1586 re
1717 1531 1768 1585 in
1797 1530 1903 1585 Pa-

309 1638 486 1694 trum,
526 1639 580 1683 et
603 1627 950 1682 Hebraeorum
980 1624 1303 1681 testimoniis
1328 1623 1418 1678 diu
1451 1622 1718 1686 laborare,
1770 1621 1907 1677 adeo

307 1720 514 1776 scilicet
552 1719 602 1773 id
638 1718 978 1788 perspicuum
1021 1726 1133 1778 est,
1172 1726 1229 1770 ut
1257 1714 1388 1770 illud
1433 1728 1647 1784 queque
1678 1713 1906 1767 vetu~tis

309 1813 444 1882 ipsis
497 1820 549 1866 et
581 1810 723 1866 inter
762 1808 1080 1864 idololatria:
1112 1809 1361 1862 tenebras
1389 1804 1579 1876 positis
1613 1803 1906 1872 Scriptori-
1934 1801 1980 1861 Β

310 1903 412 1958 bus
439 1902 754 1958 innotuerit.
788 1900 843 1956 Id
889 1916 1047 1966 porro
1088 1900 1376 1954 multormn
1404 1898 1623 1968 quidem
1649 1897 1904 1965 opinione

309 1992 567 2048 denotant
596 1993 682 2048 illa
714 1991 876 2048 Tullii
915 1991 1116 2046 monita
1145 1989 1254 2060 (lib.
1287 2005 1320 2043 ιι
1353 1990 1416 2043 de
1457 1988 1709 2058 ﬁnibus):
1747 2005 1766 2039 ‹
1802 1986 1906 2041 Ea-

311 2083 435 2140 dem
468 2082 734 2152 (hominis)
766 2083 902 2137 ratio
954 2083 1114 2136 habet
1152 2082 1204 2135 iu
1245 2096 1306 2136 se
1351 2079 1606 2150 quiddam
1647 2080 1905 2151 amplum,

311 2188 475 2247 atque
507 2177 870 2248 magniﬁcum,
906 2175 970 2230 ad
1003 2175 1376 2246 imperandum
1419 2173 1588 2244 magis
1649 2187 1810 2242 qttam
1841 2169 1908 2226 ad

317 2270 612 2343 parendum
630 2268 1120 2326 accommodatum.
1143 2267 1470 2338 EXpressius
1499 2279 1662 2338 porro
1679 2262 1910 2320 Ovidius

315 2363 360 2434 (l
391 2361 763 2434 Metamorph.)
799 2383 812 2418 :

407 2478 634 2550 _Sanctius
751 2475 948 2550 animal,
973 2475 1255 2550 ruentisque
1277 2474 1504 2550 capacius
1516 2471 1632 2550 altae

406 2539 598 2590 Deerat
621 2537 799 2600 adhuc,
824 2545 878 2587 et
900 2538 1027 2600 quod
1051 2537 1287 2589 dominari
1313 2538 1363 2585 in
1384 2544 1567 2586 extera
1591 2539 1776 2598 posset.

406 2600 561 2652 Natus
588 2602 738 2653 homo
762 2605 857 2662 est,
885 2608 982 2650 etc.

386 2705 478 2762 66.
522 2705 658 2762 Hinc
701 2703 966 2761 edomitus
1015 2704 1085 2759 ab
1127 2703 1350 2760 homine
1380 2703 1624 2758 videmus
1667 2701 1915 2756 crudeles

315 2799 523 2854 belluas
557 2816 571 2853 :
611 2807 773 2869 atque
820 2798 869 2852 id
905 2812 1026 2852 cum
1052 2798 1234 2852 caeteri
1264 2798 1540 2866 eleganter
1581 2796 1908 2864 describant,

317 2889 604 2960 descripsit
657 2903 788 2944 sane
835 2888 1090 2943 Martialis
1141 2888 1304 2942 nobili
1362 2887 1455 2942 illo
1526 2887 1915 2958 epigrammate

318 2981 446 3054 (fere
480 2981 697 3036 habetur
733 2980 822 3035 lib.
853 2996 902 3046 ι,
931 2997 985 3034 n.
1021 2978 1182 3050 104),
1223 2978 1368 3050 quod
1401 2979 1468 3034 ad
1507 2981 1652 3032 hunc
1693 2977 1913 3032 modum

319 3073 505 3144 incipit
539 3090 552 3126 ε

566 3163 706 3228 Picto
727 3163 857 3228 quod
876 3165 994 3228 iuga
1015 3163 1224 3228 delicata
1248 3161 1374 3212 collo

568 3224 759 3277 Pardus
777 3224 1006 3299 sustinet,
1031 3226 1364 3334 improbei‘ue
1400 3224 1562 3287 tigres

568 3287 835 3334 Indulgent
854 3295 1136 3334 patientiam
1158 3287 1288 3334 ﬁarze
1312 3287 1375 3334 lo.

567 3287 835 3353 Indulgent
853 3288 1136 3352 patientiam
1158 3287 1375 3350 ﬁagello.

320 3391 465 3467 quod
489 3394 705 3466 quidem
738 3392 1068 3464 epigramma
1097 3393 1368 3462 integrum
1397 3390 1543 3461 legas
1577 3389 1736 3446 velim
1765 3408 1778 3444 :
1808 3391 1916 3446 ele-

321 3501 454 3558 gans
478 3487 677 3558 quippe
715 3485 872 3541 valde
899 3495 1004 3552 est,
1036 3485 1498 3548 venustissimum,
1531 3490 1589 3539 et
1612 3482 1686 3542 id.
1713 3483 1782 3538 de
1811 3499 1917 3554 quo

322 3581 553 3650 agimus,
583 3577 807 3633 miriﬁce
832 3577 1168 3642 comprobat.

394 3671 482 3726 67.
517 3670 659 3727 Ante
685 3669 982 3725 Martialem
1009 3677 1384 3738 argumentum
1414 3663 1519 3720 hoc
1545 3665 1918 3736 copiosissime

324 3771 680 3834 pertractarat
706 3761 889 3819 Philo:
919 3762 1077 3831 cujus
1103 3760 1264 3816 verba
1287 3759 1330 3813 si
1346 3758 1599 3824 referam,
1630 3771 1822 3812 vereor
1853 3771 1920 3811 ne

327 3869 484 3926 aequo
509 3857 610 3910 sim
640 3855 852 3926 longior
885 3871 898 3907 :
932 3854 1108 3908 locum
1147 3853 1234 3906 ubi
1253 3851 1438 3921 jaceat
1465 3849 1710 3906 consulat
1750 3850 1919 3904 lector

326 3944 414 4017 (de
442 3946 637 4014 Opiﬁc.
687 3945 867 4000 Gelen.
901 3945 1182 4015 interprete
1222 3960 1343 4014 pag.
1380 3942 1446 3996 16
1485 3951 1534 3996 et
1584 3941 1650 3996 17
1681 3940 1920 3996 editionis

331 4038 532 4110 Gryph.
576 4040 701 4093 anni
732 4037 918 4110 1561).

399 4131 490 4189 68.
522 4131 705 4201 Quid?
747 4131 890 4200 quod
927 4130 1101 4199 pisces
1129 4130 1252 4200 ipsi,
1284 4129 1496 4184 tametsi
1534 4127 1602 4183 ab
1641 4128 1918 4184 hominum

330 4229 606 4280 consortio
634 4223 1004 4281 remotissimi.
1035 4237 1141 4276 non
1169 4237 1294 4276 raro

425 4315 489 4368 Et
509 4322 687 4367 norunt
709 4316 979 4378 dominum,
1003 4327 1300 4378 manumque
1330 4313 1550 4364 lambunt

449 4440 464 4452 ο
700 4441 712 4451 0
887 4375 948 4449 Et
973 4375 1279 4452 adiungistri

424 4440 609 4492 Vocem
629 4441 839 4504 quisque
862 4440 938 4489 sui
963 4440 1098 4488 venit
1115 4440 1308 4489 citatus.

1995 531 2129 572 sane
2174 517 2528 572 ministerium
2570 517 2940 583 praestabunt,
2985 517 3074 587 qni
3139 517 3311 586 ipsum
3355 519 3595 590 dirigunt

1997 608 2406 681 perﬁciuntque.
2435 609 2619 677 Quid?
2650 609 2790 679 quod
2817 609 2978 664 iidem
3009 610 3201 680 Augeli
3223 612 3378 667 nobis
3408 615 3592 670 tutela:

1996 718 2060 757 ac
2107 702 2358 773 praesidio
2384 711 2530 763 sunt,
2572 703 2710 757 sicut
2759 701 2826 758 ab
2867 703 3130 771 Apostolo
3159 703 3327 759 Paulo
3357 704 3592 777 (Hebre.

1998 809 2037 860 t,
2073 794 2162 863 la)
2196 811 2216 845 ί
2249 793 2614 848 Ministratorii
2642 793 2863 863 spiritus
2889 793 3230 866 appellentur
3260 808 3480 866 propter
3499 814 3594 855 eos

1999 887 2170 952 missi,
2222 888 2311 958 qui
2353 887 2718 944 haereditatem
2748 888 2969 956 capiunt
2989 888 3196 943 salutis.
3220 909 3240 942 ι
3270 889 3389 958 Quo
3417 891 3484 947 de
3511 906 3598 948 ar-

1999 990 2256 1051 gumento
2275 979 2424 1049 plura
2447 981 2530 1034 hic
2549 979 2808 1046 dicerem,
2839 981 2941 1035 nisi
2962 981 3218 1050 peculiari
3251 981 3437 1039 libello
3449 999 3512 1039 ea
3529 983 3598 1040 de

2003 1089 2061 1127 re
2087 1072 2310 1142 copiose
2337 1072 2694 1140 disputassetn
2725 1072 2900 1143 (Dein
2945 1072 3132 1144 Angeli
3169 1074 3428 1146 custodi).
3455 1077 3596 1132 Con-

2001 1165 2140 1230 sule,
2173 1165 2218 1219 si
2243 1165 2342 1227 vis,
2372 1164 2648 1220 Petaviuin
2675 1165 2762 1238 (de
2785 1167 2966 1237 Auget.
2997 1183 3054 1229 tt.
3081 1169 3134 1230 6,
3171 1169 3200 1220 7
3222 1179 3270 1222 et
3295 1169 3448 1240 seq.).

2075 1283 2162 1339 70.
2197 1283 2330 1339 Eam
2373 1283 2443 1338 ob
2471 1297 2584 1338 rem
2617 1298 2723 1338 non
2766 1296 3018 1338 verentur
3057 1284 3209 1339 multi
3242 1285 3461 1339 inditam
3493 1285 3596 1338 bo-

2005 1377 2136 1431 mini
2182 1377 2276 1432 Dei
2309 1377 2595 1447 imaginem
2628 1377 2680 1432 iu
2710 1392 2776 1431 eo
2816 1391 3046 1446 ponere,
3082 1377 3224 1449 quod
3266 1379 3408 1433 sicut
3457 1379 3598 1434 Deus

2005 1482 2184 1523 rerum
2230 1467 2470 1522 omnium
2514 1467 2636 1522 ﬁnis
2675 1477 2790 1534 est,
2823 1483 2921 1524 seu
2974 1483 3136 1523 causa
3184 1469 3391 1534 ﬁnalis,
3441 1469 3513 1524 ita
3544 1479 3598 1526 et

2009 1559 2192 1623 homo,
2225 1576 2292 1614 eo
2324 1561 2694 1615 tantummodo
2739 1561 2837 1616 hac
2869 1563 2923 1617 in
2952 1577 3011 1618 re
3041 1563 3206 1617 Deum
3239 1564 3380 1618 inter
3425 1574 3480 1620 et
3503 1563 3602 1618 ho-

2009 1653 2206 1706 minem
2233 1650 2542 1707 discrimiue
2579 1654 2773 1721 posito,
2805 1655 2949 1724 quod
2984 1655 3124 1710 Deus
3154 1670 3333 1710 rerum
3361 1655 3601 1710 omnium

2013 1743 2133 1798 linis
2173 1743 2398 1798 ultimus
2433 1747 2523 1804 sit.
2566 1746 2727 1799 homo
2757 1760 2886 1800 vero
2927 1745 2992 1800 ad
3039 1748 3203 1801 Deum
3232 1748 3406 1816 ipsum
3445 1747 3606 1818 dirigi

2007 1834 2222 1900 debeat,
2251 1846 2306 1890 et
2335 1835 2400 1890 ad
2428 1851 2550 1890 eum
2579 1836 2932 1898 contendere,
2963 1838 3014 1891 in
3036 1852 3145 1908 quo
3164 1839 3430 1909 quiescat,
3460 1848 3515 1894 et
3534 1838 3603 1892 ad

2008 1925 2164 1996 cujus
2192 1925 2416 1995 gloriam
2460 1926 2578 1996 ipse
2609 1941 2828 1997 quoque
2853 1926 2922 1980 sit
2951 1927 3217 1982 conditus.
3250 1928 3358 1984 Sed
3402 1929 3504 1984 hoc
3532 1927 3603 1985 de

2008 2026 2330 2082 argumento
2367 2032 2488 2070 cum
2523 2018 2845 2072 luculentius
2869 2016 3001 2073 alibi
3028 2020 3230 2089 egerim
3262 2017 3506 2090 (Dissert.
3538 2021 3602 2090 t),

2009 2124 2132 2164 eum
2170 2110 2345 2163 locum
2387 2109 2589 2164 recolat
2629 2109 2818 2164 lector.

2083 2223 2172 2278 7i.
2205 2225 2268 2277 At
2297 2223 2406 2294 jam
2441 2222 2732 2278 vertendus
2757 2232 2840 2278 est
2867 2238 3049 2279 sermo
3078 2225 3145 2279 ad
3176 2241 3364 2280 eorum
3394 2225 3607 2296 opinio-

2013 2331 2136 2371 nem
2158 2357 2173 2380 ,
2205 2315 2296 2383 qui
2336 2325 2562 2372 censent
2609 2331 2760 2378 eam,
2793 2315 2862 2372 de
2889 2333 2990 2388 qua
3026 2317 3373 2384 disserimus,
3417 2319 3604 2388 imagi-

2014 2422 2159 2470 nem,
2201 2407 2280 2462 sic
2316 2406 2690 2476 explicandam
2730 2423 2870 2473 esse,
2923 2417 2980 2462 ut
3005 2418 3290 2479 prepterea
3331 2408 3508 2463 dictus
3537 2409 3610 2463 sit

2012 2497 2185 2552 Adam
2210 2498 2278 2552 ad
2309 2497 2398 2552 Dei
2431 2498 2739 2567 imaginem,
2771 2497 2911 2567 quod
2951 2498 3111 2552 homo
3139 2498 3376 2553 donatus
3412 2501 3483 2554 sit
3511 2514 3607 2554 na-

2016 2597 2133 2642 tura
2161 2603 2255 2653 ea,
2290 2589 2446 2658 cujus
2475 2593 2710 2659 speciem
2741 2591 2986 2644 induerat
3029 2591 3189 2653 Deus,
3238 2602 3296 2646 ut
3333 2592 3608 2648 hominem

2015 2685 2308 2744 conderet;
2353 2695 2456 2752 qua
2487 2681 2648 2735 etiam
2691 2681 2872 2751 specie
2906 2692 3017 2736 tum
3059 2681 3233 2737 eidem
3275 2683 3482 2738 Adamo
3517 2699 3614 2753 ap-

2019 2773 2216 2841 paruit,
2267 2782 2378 2826 tum
2425 2773 2647 2842 reliquis
2689 2772 3016 2829 Patriarchis
3072 2783 3128 2828 et
3168 2773 3473 2842 Pr0pbetis.
3503 2775 3612 2830 Sed

2016 2863 2085 2920 de
2125 2864 2229 2920 hoc
2256 2880 2470 2933 quoque
2500 2875 2822 2936 argumento
2851 2881 2972 2921 cum
3009 2867 3142 2920 satis
3171 2867 3297 2922 alibi
3339 2867 3614 2924 disserue-

2018 2959 2207 3023 rimus,
2242 2957 2295 3012 in
2323 2957 2560 3013 secunda
2590 2959 2800 3013 scilicet
2832 2958 3235 3025 dissertatione,
3277 2958 3343 3014 ad
3371 2974 3496 3016 eum
3537 2962 3614 3016 lo-

2018 3064 2140 3104 cum
2170 3049 2426 3103 lectorem
2457 3048 2650 3118 allego.

1941 3195 1986 3256 Ο
2090 3163 2180 3216 72.
2229 3159 2336 3217 Sed
2379 3160 2508 3232 quid
2555 3159 2624 3216 de
2653 3161 2868 3216 illorum
2895 3161 3150 3230 Opinione
3178 3161 3468 3218 dicendum
3494 3172 3615 3230 est,

2019 3251 2109 3323 qui
2157 3260 2350 3324 putant
2383 3262 2668 3321 prepterea
2715 3252 2782 3307 ad
2815 3253 2906 3307 Dei
2949 3252 3240 3322 imaginem
3284 3254 3612 3324 appellatum

2019 3344 2187 3399 fuiSse
2226 3343 2420 3410 Adam,
2447 3344 2590 3416 quod
2629 3361 2750 3401 eam
2796 3355 3066 3411 naturam,
3093 3361 3158 3402 ac
3187 3346 3414 3401 formam
3444 3362 3473 3402 a
3505 3348 3615 3404 Deo

2019 3439 2304 3506 receperit,
2334 3453 2493 3506 quam
2524 3437 2801 3492 habiturus
2823 3448 2941 3494 erat
2968 3439 3284 3510 Unigenitus
3335 3441 3447 3508 Dei,
3495 3458 3618 3497 cum

2020 3525 2086 3581 ad
2131 3527 2376 3581 homines
2423 3543 2609 3582 eorum
2654 3537 2838 3598 caput,
2885 3529 3145 3584 Dominus
3199 3546 3265 3586 ac
3305 3533 3620 3602 redemptor

2021 3625 2280 3670 venturus
2308 3625 2443 3671 erat.
2475 3616 2529 3671 Id
2559 3631 2690 3672 sane
2721 3621 3000 3688 proposuit
3025 3618 3393 3676 Tertullianus
3423 3632 3533 3677 tum
3565 3626 3618 3678 in

2022 3707 2159 3762 libro
2200 3716 2388 3762 contra
2419 3707 2680 3762 Praxeam
2714 3708 2816 3778 (a).
2851 3720 2960 3764 tum
2991 3711 3229 3765 etiamin
3263 3712 3404 3766 libro
3435 3715 3497 3767 de
3527 3731 3608 3768 νει

2021 3799 2335 3852 surrectione
2361 3800 2532 3854 carnis
2571 3798 2687 3855 haec
2725 3799 2971 3856 scribens
3016 3802 3156 3872 (cap.
3202 3803 3281 3875 vt)
3312 3821 3326 3856 :
3363 3822 3383 3855 ι
3436 3805 3620 3874 Quod-

2021 3905 2251 3961 cumque
2288 3891 2431 3945 enim
2475 3891 2633 3946 limus
2671 3892 3094 3962 exprimebatur,
3123 3892 3373 3949 Christus
3413 3897 3619 3967 cogita-

2023 3986 2184 4040 batur
2216 3987 2378 4040 homo
2407 3985 2635 4051 iuturus,
2673 3985 2816 4056 quod
2843 3995 2899 4041 et
2940 3983 3129 4053 limus,
3171 3997 3226 4042 et
3263 4003 3391 4044 caro
3416 4004 3622 4056 sermo,

2023 4080 2164 4148 quod
2189 4093 2237 4134 et
2265 4090 2405 4134 terra
2426 4089 2572 4135 tunc.
2595 4080 2684 4136 Sic
2701 4081 2844 4136 enim
2872 4080 3114 4150 pra-latio
3132 4081 3304 4137 Patris
3324 4083 3391 4138 ad
3415 4083 3581 4140 ﬁlium
3605 4103 3619 4138 z

2023 4171 2303 4228 Faciamus
2328 4173 2600 4229 hominem
2644 4173 2713 4228 ad
2757 4175 3044 4245 imaginem
3089 4184 3145 4231 et
3211 4175 3619 4231 similitudinem

2024 4277 2286 4322 nostram.
2326 4266 2394 4322 Et
2437 4266 2564 4322 fecit
2613 4267 2886 4322 hominem
2933 4267 3075 4324 Deus
3108 4285 3122 4322 :
3167 4268 3218 4322 id
3253 4272 3438 4339 utique
3475 4271 3617 4340 quod

2026 4357 2201 4423 ﬁnxit,
2231 4357 2298 4413 ad
2334 4359 2619 4430 imaginem
2660 4358 2755 4414 Dei
2793 4358 2918 4414 fecit
2947 4359 3122 4425 illum,
3161 4360 3367 4416 scilicet
3394 4359 3618 4419 Christi.

2027 4452 2092 4506 Et
2120 4465 2303 4507 sermo
2339 4452 2484 4506 enim
2517 4451 2678 4518 Deus,
2709 4451 2800 4521 qui
2829 4451 2884 4506 in
2914 4450 3093 4522 efﬁgie
3125 4452 3218 4508 Dei
3256 4455 3581 4510 constitutus
3603 4498 3619 4523 ,

331 4546 473 4619 quod
505 4560 605 4616 ego
633 4547 747 4615 ipse
777 4560 922 4614 saepe
962 4543 1091 4610 vidi,
1122 4545 1250 4599 dum
1288 4545 1462 4600 virum
1498 4545 1716 4616 pietate,
1747 4554 1802 4602 et
1829 4560 1922 4601 co-
1947 4578 2004 4640 D
2027 4557 2134 4598 non
2176 4543 2418 4614 rapinam
2453 4543 2784 4598 existimavit
2826 4541 3023 4611 pariari
3061 4543 3190 4599 Deo.
3225 4543 3299 4599 lta
3341 4545 3502 4600 limus
3533 4547 3623 4601 ille

331 4640 520 4696 mitate
569 4647 912 4709 Prmstantem
946 4637 1007 4692 ι).
1036 4636 1375 4706 Fulgentium
1403 4636 1700 4692 Musiauum
1733 4652 1796 4692 ex
1834 4651 1926 4690 or-
1947 4631 1993 4640 '
2023 4635 2133 4704 jam
2163 4643 2291 4689 tunc
2323 4633 2611 4706 imaginem
2651 4633 2878 4690 iudueus
2920 4631 3122 4690 Christi
3157 4636 3318 4692 futuri
3345 4637 3402 4692 in
3431 4652 3622 4706 Carne,

333 4734 458 4789 dine
477 4731 962 4791 Cartbusiensium.
995 4745 1194 4802 quique
1223 4729 1642 4786 Bouoniensium
1685 4730 1922 4801 Religio-

334 4839 515 4880 sorum
534 4823 580 4878 [λι
589 4825 749 4879 miliae
769 4837 912 4878 nunc
925 4832 1139 4892 praeest,
1159 4821 1266 4878 Deo
1281 4832 1335 4877 et
1353 4821 1658 4877 hominibus
1672 4819 1922 4884 dilectus,

335 4918 682 4974 convenirem
717 4935 729 4971 :
763 4915 1209 4971 familiarissimos
1249 4916 1390 4970 enim
1439 4914 1671 4971 habebat
1717 4915 1922 4983 pisces,

336 5011 533 5081 quique
559 5023 692 5064 voce
720 5009 862 5062 illius
883 5007 1036 5062 acciti
1065 5008 1242 5061 statim
1273 5007 1648 5071 accurrebaut,
1667 5013 1726 5061 ut
1746 5005 1924 5061 cibum

337 5115 402 5156 ex
439 5100 583 5154 illius
614 5115 774 5154 manu
809 5108 1104 5154 sumerent.

410 5194 499 5249 69.
532 5192 650 5257 Hic,
689 5193 732 5246 si
773 5192 872 5257 vis,
907 5192 1084 5248 recole
1122 5206 1241 5263 quae
1278 5190 1659 5247 dissertatione
1689 5207 1706 5247 ι
1733 5193 1926 5246 statui-

338 5297 488 5346 mus;
525 5285 776 5338 nimirum
800 5283 1032 5338 hominis
1055 5297 1214 5337 causa
1239 5283 1512 5337 sensibilis
1534 5291 1724 5338 cuncta
1748 5293 1930 5338 creata

338 5391 480 5433 esse.
537 5375 746 5431 HOmini
815 5391 1030 5446 quoque
1079 5376 1312 5446 Angelos
1366 5377 1512 5445 ipsos
1567 5377 1928 5431 ministerium

340 5479 599 5546 praestare
642 5469 686 5523 is
735 5468 1008 5533 fatebitur,
1052 5469 1142 5538 qui
1195 5469 1489 5523 assentitur
1527 5469 1588 5523 D.
1627 5467 1852 5523 Thamar
1880 5475 1938 5523 et

2027 4745 2134 4785 non
2164 4738 2371 4784 tantum
2407 4729 2497 4784 ltei
2527 4742 2665 4798 opus
2691 4737 2828 4788 erat,
2853 4725 2949 4783 sed
2971 4738 3026 4782 et
3054 4729 3260 4800 pignus.
3313 4747 3332 4782 ι

2101 4844 2188 4900 75.
2210 4844 2410 4901 Eadem
2425 4843 2945 4912 traditPrudeutius,
2967 4843 3085 4900 haec
3111 4845 3355 4901 elocutus
3384 4845 3462 4917 (in
3483 4845 3627 4918 Apo-

2029 4941 2224 5012 tlteosi)
2246 4957 2258 4993 :

2127 5051 2350 5121 Christus
2371 5051 2523 5121 forma
2543 5053 2719 5121 Patris,
2743 5067 2834 5121 nos
2851 5053 3027 5121 Christi
3055 5053 3204 5104 forma
3228 5063 3280 5104 et
3303 5056 3482 5121 imago,

2128 5113 2388 5178 anditnur
2412 5117 2457 5163 in
2483 5117 2657 5164 faciem
2682 5115 2878 5178 Domini
2914 5117 3140 5178 bonitate
3153 5125 3372 5178 paterna,

2128 5175 2336 5226 Venturi
2364 5179 2411 5224 in
2433 5186 2647 5226 nostrain
2672 5177 2844 5226 faciem
2867 5183 2978 5239 post
2998 5175 3179 5228 sucula
3200 5175 3400 5230 Christi.

2031 5279 2186 5337 Adde
2214 5295 2333 5348 quae
2363 5279 2490 5333 alibi
2521 5278 2622 5334 hoc
2641 5277 2712 5334 de
2739 5287 3056 5349 argumento
3082 5280 3317 5336 diximus
3343 5279 3625 5354 (Ηίθεοι-ια.

2033 5386 2106 5438 tt,
2129 5388 2183 5425 n.
2206 5371 2278 5427 29
2303 5379 2350 5425 et
2377 5367 2564 5440 seqq.).

2108 5464 2198 5519 74.
2241 5463 2309 5518 At
2337 5463 2588 5518 Petavius
2628 5462 2650 5535 (
2671 5459 2750 5518 De
2785 5460 2976 5532 Opiﬁe.
3011 5477 3078 5530 ιι,
3107 5463 3174 5532 2,
3203 5463 3279 5537 4)
3319 5465 3628 5533 opinionem

339 5560 692 5617 Scholasticis
710 5575 846 5630 pene
861 5559 1110 5615 omnibus
1125 5560 1460 5625 docentibus,
1479 5561 1740 5616 caelorum
1763 5572 1938 5615 astro—
2039 5556 2178 5611 ltanc
2194 5554 2669 5624 propterea.rejicit
2684 5597 2696 5618 ,
2712 5555 2854 5625 quod
2871 5556 2914 5609 si
2944 5571 3068 5611 vera
3096 5566 3263 5624 esset,
3287 5557 3431 5613 Deus
3452 5559 3628 5624 l’ater,

340 5667 568 5723 rumque
592 5667 809 5708 cursum
837 5652 906 5708 ab
931 5650 1119 5706 iisdem
1149 5650 1372 5721 Angelis
1401 5651 1558 5723 dirigi
1617 5651 1932 5723 perﬁcique.

2039 5648 2131 5719 qui
2180 5645 2298 5701 haec
2341 5647 2584 5702 elocutus
2612 5660 2734 5701 esse
2754 5655 3040 5702 censetur:
3081 5644 3358 5704 Faciamus
3375 5649 3631 5706 hominem

417 5793 494 5868 (a)
524 5793 655 5866 Cap.
681 5807 775 5849 stt.
803 5791 930 5849 Erat
949 5799 1116 5848 autem
1132 5790 1203 5846 ad
1222 5793 1370 5863 cujus
1397 5790 1670 5863 imaginem
1689 5789 1941 5862 faciebat;
1962 5786 2033 5846 ad
2061 5785 2158 5859 ﬁlii
2182 5785 2406 5855 scilicet,
2437 5785 2524 5857 qui
2554 5783 2708 5842 homo
2737 5785 2943 5856 futurus
2973 5786 3160 5880 certior
3183 5804 3246 5842 ac
3271 5788 3455 5847 verior.

625 5887 883 5951 ΡΑΤιιυι.
973 5883 1053 5945 Χ.

3080 5875 3160 5942 '28
