4200 6256
558 314 666 397 8ιέ

1282 322 1353 380 IN
1382 317 1637 379 HILARII
1676 311 1898 374 EPIST.
1941 315 2069 373 SEU
2109 312 2328 372 ιιιιει.
2371 308 2823 370 DISSERTATIO
2850 308 3131 399 TERTIA.

3752 303 3865 365 876

555 454 624 509 ad
662 451 933 524 imaginem
984 457 1031 502 et
1070 443 1454 500 similitudinem
1482 448 1745 502 nostram;
1800 442 2025 489 nostram
2053 430 2156 486 uti-
2182 432 2232 491 A
2329 429 2417 486 78.
2452 430 2507 487 Si
2537 443 2668 485 vero
2692 429 2743 483 in
2762 425 3093 499 perfectione
3121 423 3338 489 eximia,
3370 434 3542 493 quam‘
3560 434 3723 494 supra
3756 435 3867 475 ca:-

555 561 653 615 que
678 521 781 598 non
807 540 1045 604 dixisset,
1074 537 1170 591 sed,
1189 544 1328 589 tuam
1359 531 1415 605 (ο
1438 531 1583 604 Fili).
1610 529 1747 586 Num
1777 527 1891 582 haec
1918 521 2161 579 animad-

556 614 743 693 versio
756 632 1064 702 Opinionem
1084 644 1204 684 eam
1226 626 1354 681 satis
1375 624 1604 691 refutet,
1632 621 1718 677 alii
1739 619 1992 677 viderint.
2018 614 2161 671 Con-

559 728 712 793 sule,
749 724 1014 789 obsecro,
1055 721 1329 776 Petavium
1375 717 1549 788 ipsum
1590 730 1708 786 cap.
1741 727 1819 768 vn
1854 710 1976 767 libri
2022 723 2061 764 ιι
2089 707 2158 764 de

560 816 825 873 Trinitate
857 812 1046 887 (11.4).

630 909 714 964 Ex
742 907 1003 963 hactenus
1032 903 1191 960 dictis
1218 901 1474 973 dijudicet
1503 900 1718 962 Lector,
1759 892 1899 967 quid
1929 891 1997 947 de
2034 904 2160 962 pos-

559 1013 733 1059 trema
756 1000 1012 1071 opinione
1031 995 1371 1053 sentiendum
1394 993 1485 1060 sit,
1509 1004 1694 1046 eorum
1717 988 1943 1048 scilicet,
1968 983 2058 1053 qui
2082 982 2169 1036 l‘a-

558 1110 739 1158 tentur
761 1102 813 1154 in
836 1099 1057 1154 homine
1076 1096 1291 1167 quidem
1315 1104 1500 1151 extare
1527 1106 1646 1148 eam
1667 1134 1682 1158 ,
1706 1088 1775 1144 de
1796 1100 1898 1158 qua
1924 1081 2156 1153 agimus,

557 1193 949 1251 similitudinem
989 1200 1037 1245 et
1063 1190 1372 1260 imaginem:
1425 1184 1518 1241 sed
1548 1185 1599 1238 in
1628 1196 1735 1253 quo
1768 1177 1941 1249 posita
1969 1189 2032 1229 ea
2063 1169 2155 1234 sit,

560 1288 786 1345 minime
810 1299 1093 1357 apparere.
1121 1283 1177 1339 Si
1204 1281 1331 1350 quid
1354 1280 1569 1336 scilicet
1590 1274 1870 1348 probabile
1899 1271 2159 1357 hactenus

559 1381 824 1443 diximus,
848 1356 965 1432 tam
997 1376 1126 1441 etsi
1155 1373 1394 1429 stabilire
1429 1382 1580 1427 certo
1620 1382 1728 1423 non
1771 1362 2071 1435 possimus,
2103 1356 2160 1410 in

556 1485 667 1541 quo
694 1469 813 1525 haec
834 1469 1003 1537 posita
1030 1467 1137 1531 sit;
1170 1474 1347 1520 tamen
1371 1464 1589 1517 Patrum
1616 1474 1679 1516 ea
1706 1459 1761 1513 in
1785 1448 2161 1523 disquisitione

557 1563 741 1634 posita
764 1560 940 1617 studia
980 1558 1301 1621 eiecerunt,
1345 1566 1406 1611 ut
1439 1552 1733 1610 verisimile
1771 1545 1973 1619 aliquid
2014 1545 2162 1598 inve-

556 1653 832 1718 nerimus,
862 1652 915 1706 in
947 1665 1053 1721 quo
1084 1652 1220 1704 hanc
1245 1648 1590 1703 collocemus.
1623 1644 1697 1699 Ea
1728 1641 1796 1696 de
1833 1653 1901 1694 re
1942 1634 2164 1691 minime

558 1742 860 1809 dubitabis,
901 1744 957 1797 si.
988 1758 1053 1796 ea
1089 1739 1414 1810 expenderis
1435 1778 1449 1802 ,
1479 1751 1602 1806 qua
1629 1750 1660 1789 a
1692 1725 2162 1787 numam-decimo

558 1836 722 1893 tertio
748 1835 814 1890 ad
844 1833 987 1890 hunc
1013 1848 1184 1903 usque
1211 1831 1393 1886 locum
1419 1828 1639 1898 copiose
1669 1823 2010 1880 tradidimus.

1017 1987 1342 2064 eumsrto
1382 1985 1446 2042 ιιι
1495 1995 1552 2043 ει
1588 1983 1676 2039 tv.

560 2131 627 2189 In
656 2148 755 2203 qua
781 2128 999 2186 hominis
1028 2138 1172 2199 parte
1202 2124 1370 2195 posita
1409 2122 1477 2176 sit
1515 2118 1658 2182 haec,
1692 2116 1757 2170 de
1795 2129 1897 2183 qua
1934 2110 2157 2181 agimus,

626 2226 798 2293 imago
825 2230 872 2275 et
899 2218 1200 2275 similitudo.
1234 2215 1332 2269 Et:
1391 2212 1473 2267 An
1500 2211 1598 2266 soli
1625 2210 1763 2271 tiro,
1792 2221 1862 2259 an
1885 2203 2039 2258 etiam
2066 2204 2161 2270 fte-

629 2291 785 2370 miaat
822 2311 1049 2370 eamdem
1086 2308 1377 2378 imaginem
1419 2313 1464 2358 et
1494 2297 1886 2357 similitudinem
1913 2291 2165 2349 indidem

631 2405 795 2463 Deus.

627 2542 717 2596 75.
749 2539 807 2596 Si
835 2554 899 2596 ea
923 2535 1309 2607 expendimus,
1334 2546 1455 2603 quae
1480 2531 1534 2585 in
1563 2524 1831 2599 superiori
1855 2520 2159 2594 quaestione

558 2636 826 2703 diximus,
871 2631 1027 2687 facile
1067 2627 1367 2693 constabit,
1414 2624 1466 2678 in
1501 2635 1729 2691 corpore
1776 2617 1897 2687 poni
1939 2612 2162 2669 minime

558 2743 723 2800 posse
742 2741 892 2793 eam,
923 2721 990 2778 de
1017 2737 1121 2793 qua
1146 2720 1386 2799 agimus,
1410 2715 1505 2771 Dei
1536 2712 1858 2783 imaginem,
1889 2706 1993 2762 nisi
2020 2703 2162 2760 forte

559 2821 615 2875 in
646 2836 706 2874 ea
739 2815 1135 2890 signiﬁcatione
1175 2810 1228 2865 id
1268 2792 1499 2872 dicatur,
1532 2819 1693 2888 quam
1731 2810 2008 2875 praeeunte
2048 2798 2162 2852 Au-

557 2884 856 2985 gustino
886 2908 954 2962 47
983 2904 1378 2977 proposuimus.
1425 2899 1485 2954 In
1516 2884 1696 2953 anima
1724 2910 1850 2950 vero
1881 2889 2009 2962 poni
2039 2904 2162 2959 pos-

557 2984 640 3070 se,
668 3002 889 3056 minime
910 2998 1118 3053 dubito.
1146 2998 1213 3049 At
1235 3009 1360 3047 nttm
1386 2992 1440 3045 in
1465 2990 1659 3044 animze
1686 2984 2009 3047 substantia,
2032 2995 2160 3035 num

557 3096 613 3150 in
649 3093 795 3147 illius
824 3089 1110 3161 potentiis,
1144 3102 1273 3140 num
1316 3084 1420 3138 alia
1462 3081 1714 3151 quapiam
1762 3076 2015 3161 ratione,
2039 3083 2152 3127 tum

2259 532 2402 580 teras
2430 532 2708 579 creaturas
2741 521 2898 575 habet
2932 519 3123 584 homo,
3156 529 3275 572 eam
3308 512 3721 570 similitudinem
3752 508 3870 567 col-

2260 616 2442 683 loces;
2476 614 2751 671 t'ceminam
2780 611 2847 667 ad
2877 610 2972 665 Dei
2999 609 3285 680 imaginem
3324 606 3522 663 factam
3563 619 3733 676 neges
3776 616 3874 662 ne-

2258 723 2411 765 cesse
2435 715 2538 762 εει.
2569 703 2783 760 Etenim
2811 701 3023 757 mulieri
3048 706 3268 770 prtestat
3292 695 3395 761 vir,
3426 695 3695 766 illiusque
3708 702 3875 764 caput

2258 808 2359 856 est.
2390 793 2811 867 Expressissime
2839 790 3255 864 Chrysostomus
3276 786 3382 863 (a):
3412 785 3523 844 «Ut
3548 786 3694 842 enim
3725 784 3887 841 scias

2261 893 2493 947 humana
2522 888 2692 945 forma
2718 883 2999 958 praeditum
3027 897 3137 939 non
3162 896 3284 939 esse
3311 895 3550 945 numen,
3581 879 3707 935 audi
3727 878 3878 934 Pau-

2260 982 2371 1039 lum
2410 980 2713 1037 dicentem:
2754 976 2847 1032 Vir
2873 977 3079 1049 quidem
3106 991 3209 1030 non
3247 974 3399 1028 debet
3419 972 3613 1040 vetari,
3644 986 3773 1027 eum
3805 971 3889 1025 sit

2259 1077 2433 1147 imago
2481 1084 2529 1128 et
2566 1072 2735 1144 gloria
2774 1070 2868 1125 Dei
2898 1085 2918 1124 :
2980 1067 3175 1123 Mulier
3210 1074 3383 1121 autem
3419 1064 3588 1138 gloria
3622 1064 3721 1119 viri
3757 1071 3877 1133 est,

2262 1176 2531 1239 propterea
2569 1164 2749 1231 debet,
2789 1162 3000 1233 inquit,
3041 1161 3209 1216 velum
3248 1159 3436 1214 habere
3481 1172 3643 1226 supra
3690 1165 3874 1225 caput.

2261 1260 2552 1317 Enimvero
2574 1256 2622 1312 si
2653 1256 2758 1311 hoc
2780 1256 2900 1311 loco
2932 1253 3221 1325 imaginem
3250 1251 3301 1306 id
3331 1249 3655 1321 appellavit,
3687 1262 3879 1318 aqua-

2263 1354 2368 1408 lem
2410 1350 2607 1407 divinaa
2646 1349 2791 1404 omni
2836 1362 2905 1403 ex
2944 1356 3097 1417 parte
3139 1344 3326 1399 forma
3355 1340 3764 1399 similitudinem
3798 1340 3879 1396 si-

2263 1444 2524 1515 gniﬁcans
2546 1484 2562 1511 ,
2594 1454 2645 1498 ct
2678 1441 2878 1497 idcirco
2911 1440 3003 1494 Dei
3035 1439 3211 1510 imago
3241 1448 3465 1495 vocatur
3505 1436 3677 1491 homo
3690 1477 3707 1504 ,
3739 1435 3869 1510 quia

2267 1541 2407 1597 Deus
2436 1539 2540 1594 hoc
2570 1548 2727 1608 pacto
2760 1535 3018 1606 ﬁguratus
3056 1541 3160 1590 est.
3206 1532 3377 1608 Igitur
3411 1531 3708 1588 secundum
3747 1528 3876 1584 illos

2267 1651 2373 1691 non
2401 1606 2586 1688 virum
2608 1640 2815 1685 tantum
2847 1628 2915 1683 ad
2944 1627 3228 1698 imaginem
3269 1606 3469 1680 factum
3510 1622 3614 1679 dici
3656 1628 3881 1692 oporte-

2267 1725 2389 1792 bat,
2417 1722 2514 1779 sed
2536 1722 2702 1777 etiam
2734 1720 3053 1783 mulierem;
3088 1715 3333 1772 mulieris
3359 1715 3505 1771 enim
3548 1713 3761 1785 .virique
3816 1711 3881 1766 ti-

2189 1809 2237 1869 Β
2263 1831 2428 1887 gura,
2460 1823 2516 1869 et
2544 1812 2751 1882 forma,
2785 1822 2837 1866 et
2878 1808 3174 1866 similitudo
3212 1818 3307 1863 est.
3336 1822 3462 1862 una.
3497 1804 3667 1874 Quam
3713 1804 3887 1875 igitur

2263 1908 2335 1965 ob
2364 1915 2581 1962 causam
2612 1905 2791 1975 imago
2824 1902 2914 1958 Dei
2948 1903 3031 1956 vir
3064 1900 3287 1966 dicitur,
3336 1900 3534 1955 mulier
3590 1912 3725 1953 vero
3764 1912 3878 1953 non

2262 2000 2433 2057 item?
2458 1998 2595 2065 Quia
2624 1997 2878 2052 nimirum
2912 2008 3017 2048 non
3047 1993 3118 2048 de
3143 1992 3377 2063 imagine
3416 1992 3748 2047 mentionem
3784 1988 3866 2045 lb—

2263 2092 2372 2160 cit,
2405 2107 2524 2161 quae
2553 2092 2603 2146 in
2635 2090 2806 2145 forma
2837 2088 2938 2143 sita
2968 2085 3070 2151 sit,
3103 2084 3199 2142 sed
3239 2084 3308 2141 de
3346 2084 3581 2156 imagine
3604 2126 3618 2148 ,
3659 2097 3782 2155 qua:
3816 2083 3869 2138 in

2262 2184 2573 2251 dominatu,
2604 2199 2762 2254 quam
2794 2182 2946 2238 solus
2979 2181 3140 2235 homo
3171 2179 3368 2244 habet,
3401 2192 3507 2234 non
3536 2187 3717 2233 autem
3744 2189 3876 2232 mu-

2264 2276 2383 2331 lier.
2416 2275 2550 2330 Nam
2584 2275 2670 2331 hic
2700 2274 2916 2344 quidem
2953 2272 3153 2328 nemini
3185 2271 3433 2326 subditus
3457 2278 3579 2334 est,
3609 2267 3701 2325 illa
3738 2268 3870 2325 huic

2268 2367 2514 2432 subdita,
2542 2365 2995 2438 quemadmodum
3026 2363 3202 2434 inquit
3231 2362 3372 2418 Deus
3397 2378 3410 2415 :
3443 2360 3710 2416 Ad‘rirum
3731 2370 3887 2416 tuear

2278 2458 2541 2513 conversio
2563 2469 2671 2524 tua,
2696 2467 2743 2511 et
2770 2458 2883 2527 ipse
2897 2456 2975 2510 tui
3001 2454 3368 2510 dominabitur.
3393 2452 3725 2510 ldeircoDei
3749 2452 3876 2523 qui-

2268 2548 2391 2603 dem
2424 2548 2600 2618 imago
2629 2555 2715 2602 est
2742 2548 2843 2612 vir,
2876 2546 2999 2617 quia
3031 2544 3412 2601 sublimiorem
3433 2542 3640 2603 nullum
3674 2542 3871 2608 habet,

2265 2630 2721 2710 quemadmodum
2757 2639 2865 2693 Deo
2894 2637 3181 2693 sublimior
3203 2645 3291 2692 est
3325 2636 3541 2702 nullus,
3573 2635 3675 2692 sed
3696 2633 3876 2690 omni-

2265 2729 2367 2786 bus
2395 2729 2724 2785 dominatur.
2756 2729 2947 2786 Mulier
2974 2742 3105 2784 vero
3129 2727 3300 2803 gloria
3327 2728 3428 2783 viri
3453 2735 3537 2789 εει
3553 2769 3577 2796 ,_
3600 2727 3729 2798 quia
3754 2727 3885 2789 vim

2266 2820 2507 2893 subjecta
2538 2830 2638 2877 est.
2669 2840 2688 2874 ι
2777 2889 2783 2894 ν

2339 2914 2427 2969 79.
2464 2912 2727 2979 Imitatur,
2755 2920 2811 2968 et
2838 2920 3040 2968 tantum
3072 2926 3180 2969 non
3206 2920 3376 2968 totum
3408 2911 3671 2970 exseribit
3700 2910 3882 2984 Chry-

2266 3013 2565 3061 sostomum
2590 3004 2966 3060 Theodoretus
3009 3003 3084 3076 (b)
3130 3004 3247 3060 haec
3266 3004 3502 3060 docens:
3531 3021 3551 3054 ι
3577 3002 3752 3060 Homo
3789 3012 3877 3061 est

2268 3097 2365 3152 Dei
2396 3097 2572 3167 imago
2595 3139 2608 3161 ,
2642 3112 2815 3167 neque
2853 3095 3032 3168 quead
3066 3112 3267 3167 corpus
3285 3137 3309 3162 ι
3337 3111 3511 3166 neque
3541 3094 3721 3166 quoad
3751 3096 3875 3150 ani-

558 3187 777 3243 demum
816 3157 1064 3242 asseres,
1109 3192 1229 3232 cum
1272 3174 1507 3245 aliquam
1536 3187 1615 3257 ex
1657 3178 1814 3225 antea
1870 3157 2154 3261 explicatis
2186 3188 2443 3257 Cmam,
2493 3157 2604 3247 ἔθα
2636 3157 2841 3248 mnium
3059 3157 3261 3248 uti“,
3400 3157 3764 3260 inm“!
3820 3197 3876 3244 et

560 3274 906 3347 Opinionibus
948 3268 1317 3341 amplecteris.
1364 3266 1465 3333 Qui
1513 3256 1657 3319 enim
1706 3265 1759 3316 in
1808 3258 1997 3330 spiritu
2038 3272 2157 3314 eam

559 3368 848 3437 imaginem
880 3363 1182 3427 collocant,
1230 3360 1285 3413 in
1319 3357 1511 3412 animm
1542 3353 1843 3410 substantia
1874 3351 2159 3407 collocant.

563 3459 665 3529 Qui
690 3459 749 3525 in
778 3456 1056 3511 intellectu
1077 3495 1091 3519 ,
1118 3452 1389 3508 voluntate
1406 3492 1420 3514 ,
1447 3448 1698 3503 libertate
1715 3489 1730 3512 ,
1757 3444 1983 3515 aliisque
2009 3443 2165 3512 hujus

564 3551 741 3619 modi,
766 3552 821 3605 in
843 3547 1096 3620 potentiis
1117 3552 1342 3614 ponunt.
1365 3541 1467 3610 Qui
1490 3555 1617 3594 vero
1639 3539 1692 3593 in
1716 3536 1913 3592 eximia
1931 3533 2166 3589 hominis

561 3642 896 3717 perfectione
917 3682 931 3706 ,
964 3649 1018 3695 et
1043 3635 1362 3694 excellentia
1384 3677 1398 3700 ,
1434 3643 1594 3701 atque
1634 3630 1685 3684 in
1716 3627 1954 3683 dominio
1977 3669 1990 3693 ,
2022 3624 2166 3697 quod

563 3751 726 3808 supra
754 3742 1031 3791 creaturas
1059 3736 1276 3787 exercet
1300 3769 1316 3795 ,
1348 3725 1576 3795 aliisque
1605 3721 1854 3777 al’linibus
1881 3721 2040 3775 sitam
2070 3733 2167 3775 vo-

563 3831 681 3884 lunt
703 3868 719 3894 ,
769 3826 873 3881 alia
905 3822 1106 3879 addant
1148 3833 1371 3875 necesse
1400 3826 1482 3872 est
1503 3858 1516 3880 ,
1549 3813 1762 3869 tametsi
1795 3812 1848 3867 in
1878 3813 2056 3866 anima
2084 3809 2165 3882 (si

566 3920 715 3990 loqui
759 3919 831 3972 ita
871 3911 1159 3984 volumus)
1209 3910 1599 3982 fundamentum
1648 3904 1907 3970 habeant,
1957 3911 2039 3967 et,
2089 3900 2167 3957 uti
2226 3920 2229 3929 ι

565 4007 875 4067 scholastici
903 4005 1014 4061 fere
1039 4005 1230 4068 aiunt,
1290 4000 1636 4055 adhtesionem
1681 4006 1735 4052 et
1761 3995 2062 4060 subiectum.
2099 3994 2165 4049 Et

564 4102 635 4159 de
663 4116 722 4157 ιιι
748 4097 1046 4171 quaestione
1076 4094 1353 4148 hactenus.

640 4195 729 4250 76.
756 4191 907 4262 Quod
936 4191 1115 4259 itaque
1142 4186 1209 4241 ad
1254 4192 1496 4255 quartam
1525 4182 1745 4248 attinet,
1777 4178 2167 4235 desumituril-

568 4288 673 4344 lius
691 4287 891 4342 solutio
911 4298 939 4336 a
960 4280 1233 4337 solutione
1253 4278 1459 4348 primae,
1479 4288 1542 4329 ac
1562 4272 1810 4329 secundae
1832 4271 2163 4342 qtttestionis,

565 4381 663 4440 sed
687 4377 937 4436 secunda:
956 4374 1274 4447 praesertim.
1308 4370 1519 4426 Etenim
1542 4368 1587 4423 si
1611 4368 1662 4421 in
1682 4366 1857 4421 anima
1879 4405 1893 4430 ,
1919 4365 2169 4435 illiusque

570 4470 825 4544 potentiis
847 4512 862 4536 ,
902 4483 964 4523 ac
997 4462 1379 4534 qualitatibus,
1408 4468 1499 4515 aut
1519 4501 1533 4524 ,
1562 4458 1609 4513 si
1640 4458 1750 4523 vis,
1786 4458 1839 4512 in
1880 4456 2166 4510 virtutibus

2270 3284 2555 3353 imperium
2581 3300 2593 3336 :
2628 3291 2686 3336 ut
2715 3281 2803 3337 cui
2832 3297 2965 3353 ergo
2990 3282 3231 3338 omnium
3253 3322 3270 3349 ,
3302 3297 3425 3350 qua:
3451 3289 3579 3336 sunt
3609 3281 3661 3335 in
3694 3290 3837 3336 terra
3856 3319 3872 3344 ,

2270 3375 2563 3446 imperium
2586 3384 2670 3430 est
2698 3375 2963 3430 creditum
2987 3415 3004 3441 ,
3035 3375 3130 3430 Dei
3170 3376 3351 3444 imago
3390 3372 3719 3443 appellatvm.
3760 3369 3885 3426 ln-

2269 3467 2370 3524 lier
2395 3476 2574 3523 autem
2606 3475 2669 3523 ut
2691 3484 2810 3538 quae
2837 3469 2906 3524 sit
2932 3470 2985 3523 iu
3019 3462 3288 3538 potestate
3316 3467 3454 3532 viri,
3485 3474 3583 3521 est1
3610 3464 3731 3520 vid
3753 3464 3883 3534 gle-

2269 3561 2351 3616 ria
2391 3568 2448 3616 et
2498 3560 2644 3616 velut
2686 3562 2862 3631 imago
2903 3560 3189 3631 imaginis:
3230 3573 3359 3613 nam
3395 3558 3525 3628 ipsi
3551 3556 3887 3613 etim-“alii

2271 3654 2539 3724 imperat:
2573 3653 2671 3711 sed
2701 3654 2816 3709 viro
2844 3654 3093 3723 subjecta
3117 3666 3277 3718 esse,
3308 3659 3373 3707 et
3400 3648 3695 3721 ciperem
3717 3649 3872 3718 juss:

2270 3752 2373 3800 est.
2405 3745 2656 3809 iDeinde
2702 3745 2869 3800 aliam
2913 3746 3181 3800 rationem
3219 3742 3489 3814 adjungitt,
3544 3751 3619 3796 ut:
3648 3741 3895 3811 Ιηςιωα

2274 3838 2603 3909 praestantiae
2628 3838 2905 3895 immittam
2957 3849 3200 3895 exortem
3252 3837 3447 3892 laniati:
3502 3833 3675 3890 rNeu
3725 3834 3881 3889 cui.

2270 3930 2389 3994 vir,
2437 3929 2643 3999 inquit,
2700 3946 2762 3986 ex
2795 3930 3024 3986 muliere
3063 3936 3182 3996 est,
3238 3927 3335 3984 sed
3385 3926 3581 3983 mulier
3621 3937 3695 3982 ex-
3736 3925 3877 3980 vim.

2271 4020 2415 4091 Ergo
2455 4021 2614 4076 etiam
2645 4021 2855 4077 ratione
2883 4022 3173 4077 creationis
3203 4020 3304 4075 viri
3335 4021 3759 4090 ιιιιιιιιηειμτιω
3778 4015 3883 4075 ὼ-

2271 4114 2466 4169 tiueut.
2517 4112 2726 4169 Etenim
2757 4130 2865 4168 non
2887 4121 2975 4169 est
2993 4123 3205 4168 creatus
3225 4114 3307 4167 vir
3329 4122 3548 4182 propter
3568 4110 3877 4173 ﬁdlem.

2269 4204 2364 4261 sed
2389 4205 2582 4259 mulier
2605 4214 2825 4273 propter
2844 4207 3042 4261 virum.
3067 4205 3187 4261 Hoc
3200 4206 3367 4261 etiam
3386 4202 3587 4259 ethicis
3601 4202 3899 4258 ﬂustra.-

2269 4295 2503 4351 dendum
2523 4337 2539 4362 ,
2568 4296 2745 4350 virum
2780 4296 2904 4366 jure
2932 4299 3553 4367 prinoipatumtenere:
3586 4308 3699 4351 non
3725 4295 3875 4350 enim

2270 4386 2357 4441 hic
2387 4395 2603 4455 propter
2633 4386 2778 4441 illius
2806 4403 2999 4453 usum,
3030 4387 3126 4444 sed
3156 4389 3267 4458 ipsa
3298 4396 3529 4461 propter
3557 4386 3878 4458 eius'usnm

2271 4482 2532 4553 producta
2556 4493 2657 4539 est.
2673 4502 2694 4536 ι
2719 4483 2920 4543 Eadem
2945 4484 3245 4541 tradiderat
3266 4482 3567 4553 quaesdone
3594 4496 3675 4539 xx
3694 4481 3749 4539 in
3771 4480 3882 4537 Ge-

568 4567 822 4632 collocas,
844 4563 960 4633 quis
980 4560 1048 4615 ab
1068 4574 1130 4615 ea
1156 4557 1414 4627 dignitate
1439 4555 1681 4609 heminas
1702 4550 2164 4606 arceatlAlcimus

2274 4577 2447 4632 nesim
2480 4578 2498 4645 (
2522 4577 2575 4629 in
2604 4575 2758 4630 ueteri
2784 4568 3011 4631 editione
3029 4617 3045 4642 ,
3075 4550 3347 4648 interprete
3369 4573 3575 4633 Joanne
3599 4571 3776 4643 Pico).
3810 4571 3881 4629 Et

570 4658 758 4714 Avitus
795 4654 1041 4711 immittas
1086 4650 1309 4720 hujusce
1347 4645 1683 4702 excellentiae
1723 4652 2000 4713 cornpotes
2042 4659 2165 4714 pro-

572 4750 715 4805 fecto
738 4747 864 4802 facit
879 4788 893 4809 ,
916 4759 1037 4799 cum
1062 4741 1178 4796 haec
1201 4741 1273 4795 ait
1298 4739 1401 4811 (Ad
1422 4736 1704 4792 Fuscinam
1727 4753 1953 4792 sororem
1979 4735 2066 4791 lib.
2090 4738 2127 4806 ι)
2151 4755 2165 4793 :

666 4860 795 4911 Ecce
811 4859 955 4909 vides
972 4867 1097 4904 sexu
1117 4860 1171 4900 ut
1190 4860 1357 4901 careat
1377 4851 1593 4900 caelestis
1614 4852 1798 4912 imago,

663 4922 877 4971 Interior
901 4918 1101 4967 sortitus
1121 4914 1265 4962 homo
1283 4924 1427 4974 quam
1445 4920 1614 4961 mente
1635 4917 1875 4973 retentat,

667 4983 775 5033 Nec
797 4994 976 5032 sexum
996 4983 1235 5039 acceptat.

644 5088 734 5144 77.
755 5085 950 5142 Marius
971 5085 1096 5141 item
1114 5081 1295 5136 Victor
1317 5075 1562 5137 immittas
1582 5075 1822 5147 ejusdem
1842 5079 2170 5150 praestantiae

573 5181 866 5253 participes
903 5177 1115 5232 videtur
1142 5172 1319 5228 facere
1340 5212 1357 5237 ,
1387 5186 1508 5224 cum
1543 5170 1709 5225 Deum
1751 5169 1868 5225 hrec
1904 5172 2165 5242 eloquen-

573 5285 683 5335 tem
714 5271 915 5327 inducit
938 5267 1054 5342 (lib.
1084 5282 1102 5321 ι
1128 5266 1184 5323 in
1209 5260 1514 5332 Genesium:

670 5383 812 5435 Nunc
832 5381 1082 5431 hominem
1107 5376 1355 5430 faciamus,
1383 5374 1471 5435 ait,
1495 5374 1578 5435 qui
1605 5377 1789 5436 regnet
1808 5373 1856 5422 in
1881 5373 2025 5436 orbe,

670 5446 732 5499 Et
753 5447 819 5495 sit.
840 5445 1004 5505 imago
1018 5441 1123 5505 Dei
1144 5452 1155 5487 :
1180 5436 1392 5505 similem
1408 5436 1558 5505 decet
1577 5447 1690 5505 esse
1712 5436 1901 5505 creanti
1914 5472 1932 5496 ,

671 5507 821 5558 Liber
844 5504 903 5553 ad
924 5497 1178 5553 arbitrium
1204 5498 1378 5549 fruitur
1400 5497 1484 5559 qui
1508 5504 1677 5546 mente
1701 5497 1899 5546 creatis.

651 5654 734 5727 (a)'
757 5649 1083 5727 Sarmenti!
1109 5649 1164 5703 in
1190 5647 1422 5727 (genesim
1450 5662 1502 5701 ιι.
1526 5645 1592 5713 2,
1623 5658 1746 5716 pag.
1776 5642 1884 5700 655
1928 5643 2078 5701 Tomi
2108 5661 2162 5701 tv

573 5718 828 5781 editionis
866 5718 1266 5778 Montl'auconii.

645 5792 723 5865 (b)
750 5794 817 5852 lu
838 5790 1177 5852 Commenta.
1201 5788 1255 5845 in
1300 5786 1511 5857 Episto.
1538 5783 1692 5844 Pauli
1730 5785 1754 5841 1
1778 5782 1849 5843 ad
1875 5785 2001 5843 Cor.
2030 5802 2151 5859 cap.

2271 4667 2339 4724 de
2368 4667 2578 4723 duabus
2608 4667 2694 4722 his
2720 4667 3114 4739 quaestionibus
3142 4671 3295 4722 satis.

2741 4801 3069 4869 QUESTIO
3086 4798 3368 4869 QUlNTA-.

2379 4923 2458 4976 An
2488 4922 2717 4993 Angelus
2745 4924 2814 4999 ad
2839 4920 3229 4975 similitudinem
3266 4927 3317 4972 et
3341 4917 3619 4991 imaginem
3646 4913 3751 4973 Dei

2931 5012 3100 5082 factus
3137 5012 3225 5066 sit.

2343 5128 2432 5186 80.
2458 5128 2628 5199 llujus
2648 5142 2860 5199 quoque
2883 5121 3199 5197 quaestionis
3218 5125 3467 5182 solutioa
3491 5123 3513 5180 Ι
3539 5131 3596 5179 ει
3611 5121 3656 5181 ιι
3694 5138 3881 5194 quaes-

2275 5217 2436 5272 tionis
2514 5233 2579 5275 ac
2623 5218 2873 5273 secunda:
2917 5218 3214 5287 praesertim
3259 5216 3530 5271 solutione
3573 5213 3881 5275 derivatur.

2275 5309 2335 5365 Si
2365 5313 2508 5366 enim
2539 5310 2950 5368 similitudinem
3021 5319 3075 5365 et
3104 5310 3391 5385 imaginem
3421 5308 3474 5363 in
3502 5307 3689 5380 gratiae
3712 5306 3889 5371 donis,

2273 5400 2543 5467 colloces,
2592 5403 2713 5473 quis
2752 5401 2821 5457 ad
2864 5399 3271 5457 similitudinem
3325 5410 3387 5456 et
3426 5398 3717 5470 imaginem
3776 5396 3877 5455 Dei

2274 5493 2445 5549 factos
2473 5510 2595 5552 esse
2628 5497 2861 5568 Angelos
2890 5502 3095 5567 neget,
3117 5508 3249 5557 cum
3271 5491 3327 5547 hi
3359 5492 3412 5549 in
3453 5492 3566 5569 ipsa
3596 5489 3901 5551 creatione:

2270 5663 2326 5733 ιιι
2346 5691 2378 5733 ,γ
2405 5651 2471 5705 ad
2514 5651 2677 5733 verba
2718 5652 2840 5733 illa:
2900 5652 3131 5733 Vipnon'
3160 5653 3309 5733 debet
3342 5651 3511 5709 velare
3535 5663 3697 5727 caput
3722 5667 3879 5710 suum

2268 5721 2601 5797 (interprete
2632 5724 2899 5781 Gentiano
2931 5725 3163 5789 Herveto
3183 5726 3221 5794 ).
