4200 6256
559 321 665 380 879

1988 317 2050 371 Β.
2093 317 2353 374 HILARII

3739 318 3852 376 880

547 435 753 498 Codex,
783 432 1138 503 evulgandum
1167 431 1371 487 censui.
1422 431 1491 484 At
1522 429 1774 499 quoniam
1818 428 2138 484 Pictaviensi
2168 434 2221 496 Α
2246 445 2363 485 runt
2396 430 2510 484 loca
2543 429 2777 500 allegare
2817 430 3167 486 consuevissc
3205 429 3304 501 (ε).
3354 430 3531 500 Atque
3576 428 3704 485 huic
3729 431 3853 501 qui-

550 527 755 582 Hilario
780 525 1050 595 abjudico,
1083 524 1125 576 si
1162 522 1365 577 Hilario
1393 521 1548 575 alteri
1581 520 1817 577 tribuere
1845 521 1925 575 vis
1956 521 2135 591 (quod

553 635 653 689 per
695 633 780 673 me
827 616 1043 684 quidem
1095 614 1281 683 licet),
1334 613 1631 668 Arelatensi
1693 612 1893 667 Hilario
1943 614 2141 679 tribue,

549 726 707 780 quem
754 718 903 763 certo
951 708 1199 761 novimus
1246 716 1296 761 et
1330 720 1479 759 sacra
1531 705 1728 773 templa
1773 702 2014 758 erexisse
2042 706 2146 774 (a),

544 802 773 871 ideoque
799 798 1101 863 dedicasse,
1125 808 1178 853 et
1199 810 1480 852 sermones
1502 794 1569 850 ad
1600 795 1856 864 pttpttlttm
1887 793 2147 850 recitasse

549 913 656 952 non
697 909 895 964 paucos
939 892 1047 963 (b);
1076 908 1140 947 ex
1176 892 1387 963 vulgata
1419 905 1632 959 quoque
1670 888 2142 958 interpretatione,

547 1006 650 1063 qua
682 1004 814 1045 sane
836 986 1001 1043 utitur
1036 986 1260 1056 hujusce
1286 984 1567 1041 Sermonis
1596 993 1806 1047 auctor,
1840 982 2147 1052 Scriptura-

552 1142 601 1187 et
643 1130 866 1200 Cephea.
894 1138 940 1183 et
967 1127 1224 1200 Joannes,
1244 1127 1331 1197 qui
1380 1125 1679 1200 videbantur
1717 1123 1972 1200 columna:
2000 1138 2135 1187 esse,

552 1207 641 1272 qui
661 1193 834 1256 eidem
884 1199 1131 1272 adventui
1161 1193 1303 1272 _ejtis
1334 1197 1697 1251 testimonium
1727 1193 2070 1262 perhilterettt
2115 1211 2139 1272 _t

550 1263 633 1330 Ᾱη
665 1288 792 1329 vero
834 1271 1123 1326 adventum
1159 1263 1365 1321 Domini
1399 1274 1811 1336 prircesserunt,
1843 1278 1890 1318 et
1927 1279 2044 1336 eam
2077 1263 2148 1317 ob

553 1361 771 1401 causam
797 1343 1094 1397 «columine
1115 1334 1456 1393 stantesanie
1474 1338 1671 1392 ostium
1702 1337 1915 1403 templi)
1936 1334 2151 1388 fuerunt

554 1416 808 1479 lacubus,
843 1424 897 1468 et
938 1411 1173 1481 Cepttas,
1206 1409 1542 1481 etiJoannes.
1585 1408 1697 1481 qui
1720 1407 1994 1481 Christum
2026 1421 2146 1481 Anon

554 1477 981 1558 prteuuntiat'unt
1004 1477 1032 1545 ,'
1067 1482 1160 1535 sed
1206 1480 1347 1534 illius
1388 1478 1539 1558 fuere
1568 1477 1877 1558 discipuli?_
1901 1477 2152 1558 Profecto

555 1546 837 1615 columnas
868 1568 963 1610 eos
996 1565 1277 1620 propterea
1304 1561 1457 1603 vocat
1479 1546 1878 1620 Paulus.’qttod
1905 1547 2151 1620 stabiles,

555 1629 931 1684 Columnarum
984 1616 1175 1687 instar,
1205 1623 1256 1675 in
1292 1620 1393 1675 [ide
1423 1629 1628 1683 essent,
1657 1626 1712 1672 et
1754 1616 1914 1673 veluti
1964 1616 2155 1686 praeci-

558 1715 659 1771 pua
698 1697 1008 1771 christiana:
1038 1690 1659 1771 lij‘iiﬂ-iOIIIS“fllitjiﬂillzl.

630 1773 711 1837 (a)
778 1768 833 1823 In
878 1781 998 1837 cap.
1066 1766 1099 1837 8_
1138 1764 1272 1817 Vita:
1318 1764 1401 1837 S._
1429 1761 1615 1815 llilarii
1660 1758 2005 1837 Arelatensis
2038 1757 2155 1811 ltzec

558 1831 824 1895 habentur
852 1855 865 1891 :
898 1831 961 1890 Iri
985 1835 1270 1889 mediatore
1283 1834 1479 1908 jugiter
1501 1847 1865 1908 permanere...
1890 1831 2156 1908 instituere

559 1911 888 1967 monasteria.
916 1908 1175 1976 aediﬁcare
1202 1900 1413 1974 tenipl'a,
1443 1900 1747 1968 conﬁrmare
1773 1900 2054 1955 Monachus
2074 1900 2157 1953 in-
2185 1941 2233 2002 Β

560 1986 819 2037 stituttone
844 1996 957 2033 sua.

628 2052 708 2123 (b)
728 2051 878 2123 Cap._
900 2051 952 2103 tl
980 2046 1224 2123 ejusdem
1255 2044 1390 2123 Vit?
1421 2043 1538 2123 lucc
1567 2043 1848 2112 leguntur:
1884 2059 1903 2094 ι
1929 2041 1985 2122 Si
2012 2040 2155 2111 peri-

559 2117 735 2179 tnrtttn
777 2117 932 2175 turba
963 2119 1244 2177 defuisset,
1287 2117 1514 2183 simplici
1550 2128 1802 2167 sermone
1832 2117 2153 2183 rusticorum

561 2196 727 2249 corda
754 2192 1063 2245 nutriebat:
1091 2198 1146 2241 at
1164 2187 1253 2240 tibi
1276 2181 1569 2239 instructos
1592 2184 1971 2251 supervenisse
1995 2181 2157 2235 vidis-

556 2275 663 2326 set,
694 2276 947 2318 sermone
972 2276 1036 2313 ac
1066 2259 1213 2311 vultu
1244 2259 1443 2320 pariter
1472 2258 1524 2309 in
1553 2255 1789 2326 quadarn
1810 2254 1978 2322 gratia
2009 2252 2157 2326 inso-

556 2322 661 2387 lita'
677 2333 1029 2397 excitabatur,
1078 2343 1136 2382 se
1185 2328 1302 2388 ipso
1342 2326 1550 2397 celsiori
1573 2322 1892 2397 apparebat,
1926 2331 1981 2375 ιιι
2011 2322 2158 2397 ejus-

556 2405 679 2459 dem
705 2403 895 2473 prolati
924 2392 1142 2456 auctora
1165 2398 1444 2473 temporis,
1467 2396 1557 2473 qui
1587 2392 1710 2473 suis
1724 2396 1940 2473 scriptis
1963 2392 2159 2473 merito

558 2462 891 2532 claruerunt.
917 2473 1139 2531 Silvius.
1173 2462 1459 2530 Eusebius,
1488 2462 1781 2520 Domnulus
1800 2462 2158 2519 admiratione

561 2544 835 2605 suci-ensi.
870 2546 922 2596 in
956 2546 1069 2596 Itan:
1092 2540 1253 2595 verba
1279 2538 1625 2607 proruperint
1654 2535 1804 2607 :Nun
1828 2535 2155 2599 doctrinam,

562 2633 669 2673 non
697 2614 1084 2684 eloquentiam.
1108 2609 1202 2665 sed
1230 2610 1415 2684 nescio
1436 2606 1561 2676 quid
1580 2623 1742 2684 super
1762 2606 2006 2684 homines
2028 2620 2159 2657 con-

562 2675 901 2743 secutuml...
936 2683 1001 2739 Et
1030 2685 1153 2737 licet
1180 2681 1346 2749 gratia
1378 2675 1496 2745 eius
1523 2693 1588 2733 ex
1618 2678 1704 2749 Ιιίδγ
1729 2675 2005 2749 θυννίδας..
2037 2690 2159 2743 qua:

564 2761 752 2813 eadem
781 2754 997 2811 dicendi
1025 2748 1225 2818 impetit
1256 2758 1527 2819 concepit,
1549 2748 1752 2819 genuit.
1773 2748 2006 2819 ornavit,
2037 2762 2161 2819 pro-

562 2830 705 2888 tulit,
739 2828 908 2896 possit
935 2816 1137 2894 absque
1175 2816 1816 2896 haesitatione.dignosci;
1863 2818 1981 2896 vita
2010 2816 2162 2896 scili-

562 2910 649 2955 cet
677 2886 933 2952 antistitis
958 2886 1237 2950 llnt'torati.
1271 2890 1505 2946 Itomilite
1532 2889 1584 2944 itt
1608 2886 1778 2942 totius
1799 2904 1923 2941 antu
1957 2886 2159 2941 festivi-

565 2969 762 3023 tatibus
790 2966 1078 3035 expeditae,
1094 2974 1245 3035 etc.»
1272 2962 1381 3015 Hac
1406 2967 1635 3035 tor_tas~e
1656 2960 1987 3025 cottjectura.
2010 2964 2066 3011 et
2093 2970 2160 3008 eo

566 3042 726 3093 etiam
772 3031 914 3103 quod
946 3036 1086 3089 idem
1118 3034 1292 3103 Stylus
1312 3072 1325 3087 .
1352 3031 1661 3103 acpltrasis
1689 3038 1968 3103 :tpp.t_t'e.tt.
1995 3036 2161 3103 atque

565 3124 626 3163 ea
652 3122 771 3175 qua:
793 3097 856 3159 in
888 3107 990 3158 vita
1019 3105 1077 3159 S.
1112 3097 1454 3175 l_|6nnra_tiab
1479 3099 1679 3175 Hilario
1706 3097 2009 3175 Arelatem}
2032 3112 2162 3150 eon-

565 3166 765 3241 scri'pta
813 3179 1054 3238 eminet,
1100 3172 1458 3227 Coutbetisius
1514 3169 1711 3236 aliique
1768 3166 1996 3241 permoti
2054 3181 2159 3241 non

568 3238 832 3303 modicam
886 3258 1092 3313 partem
1130 3258 1317 3299 eorum
1372 3256 1724 3303 sermonum,
1792 3254 1882 3307 qut
1930 3238 2161 3313 Sus‘ebio

2245 524 2367 579 dem
2395 523 2722 592 conjectum
2744 540 2808 579 ac
2838 524 3131 594 suspicioni
3187 540 3322 579 mea:
3352 524 3466 592 ipsa
3500 518 3689 577 llilarii
3714 524 3853 578 Are-

2246 617 2466 671 latensis
2511 616 2735 685 scriptio
2778 615 3001 685 hujusce
3049 616 3332 671 Sermonis
3378 614 3665 684 scriptioni
3706 614 3852 669 haud

2246 708 2510 762 absimilis
2568 707 2857 778 plurimum
2912 707 3075 764 favet.
3133 709 3201 762 At
3256 707 3578 778 cuicumque
3630 706 3855 762 tandem

2247 812 2427 853 sermo
2456 799 2543 853 liic
2570 799 2853 858 tribuatur.
2887 798 3170 856 laudabilis
3212 810 3291 853 est
3329 797 3537 868 utique,
3569 808 3623 853 et
3663 799 3858 868 procul

2250 890 2415 946 dubio
2443 903 2701 955 vetustus,
2730 893 2962 962 ideoque
2989 891 3058 957 is,
3087 892 3177 962 qui
3208 891 3485 962 antiquam
3537 892 3772 948 iet-niam
3793 906 3860 948 ac
3938 936 3941 937 ν

2250 984 2542 1040 candorem
2575 986 2862 1054 pristinum
2892 986 3137 1055 recipere
3164 994 3484 1041 mereretur.

2254 1122 2370 1197 Vita
2420 1125 2478 1197 S.
2518 1122 2803 1183 Honorati.
2835 1138 2954 1192 quae
2982 1122 3168 1197 procul
3200 1121 3362 1197 dubio
3388 1122 3457 1197 ab
3483 1120 3685 1197 Hilario
3718 1122 3860 1179 Are-

2252 1193 2445 1249 latensi
2476 1204 2776 1261 coutpostta
2822 1191 2940 1255 est,
2980 1191 3054 1245 ad
3094 1192 3237 1247 hunc
3286 1191 3501 1246 niodtnu
3552 1192 3861 1261 Scriptura:

2254 1266 2367 1319 loca
2386 1265 2709 1333 allegantur,
2730 1282 2784 1318 n.
2802 1268 2851 1319 5.
2866 1284 2885 1317 t
2910 1264 3016 1318 «Ne
3038 1264 3223 1319 laudes
3245 1263 3587 1317 honnnemin
3604 1264 3712 1318 vita
3733 1280 3860 1330 sua,

2255 1347 2307 1390 et
2340 1338 2532 1391 itcrutn
2564 1355 2576 1389 :
2603 1355 2621 1389 ι
2644 1341 2782 1390 Ante
2809 1343 3036 1390 mortem
3054 1351 3121 1389 tte
3141 1335 3330 1389 laudes
3352 1337 3681 1403 quempiam.
3716 1353 3771 1390 tt.
3799 1336 3859 1392 8.

2255 1406 2511 1461 Ordinate
2539 1408 2589 1460 itt
2622 1423 2707 1462 me
2736 1407 3076 1469 citaritatem,
3108 1422 3158 1458 η.
3196 1405 3271 1460 1ολ
3305 1406 3359 1458 In
3390 1409 3555 1460 multa
3573 1409 3861 1475 patientia,

2259 1478 2311 1531 in
2343 1477 2556 1546 vigiliis,
2592 1478 2643 1532 in
2695 1477 2938 1546 jejuniis.
2994 1476 3044 1529 in
3090 1480 3359 1539 castitate,
3414 1475 3466 1546 in
3513 1475 3771 1540 scientia.
3806 1478 3863 1532 in

2258 1545 2424 1602 verbo
2467 1545 2836 1613 veritatis,’in
2891 1552 3088 1601 virtute
3133 1547 3249 1605 Dei.
3299 1564 3353 1599 η.
3390 1545 3458 1602 Η
3522 1547 3671 1611 Euge
3700 1563 3865 1605 serve

2260 1619 2419 1674 bone.
2452 1628 2509 1674 et
2551 1619 2743 1679 fidelis.
2776 1619 2911 1673 intra
2942 1620 2994 1672 itt
3022 1620 3274 1683 gaudium
3306 1618 3520 1673 Dotniui
3545 1619 3645 1683 tui,
3675 1635 3730 1673 ι.
3768 1621 3863 1677 15.

2259 1689 2435 1758 Super
2462 1689 2707 1761 aspidem
2736 1700 2809 1761 et
2842 1688 3148 1743 basiliscutn
3188 1688 3594 1761 an_tbnlab_is._et
3628 1691 3861 1761 concul-

2258 1762 2408 1814 cabis
2453 1759 2662 1815 leonem
2706 1770 2759 1813 et
2781 1759 3094 1814 draconem.
3142 1772 3196 1811 ’.ε
3242 1759 3380 1815 Ecce
3423 1759 3546 1814 dedi
3580 1760 3733 1815 voltis
3764 1777 3866 1828 po-

2261 1840 2525 1886 testatem
2562 1832 2802 1885 calratnti
2853 1845 3013 1900 supra
3061 1842 3342 1897 serpentes
3394 1840 3443 1884 et
3518 1831 3863 1901 scorpiones.

2260 1918 2313 1956 η.
2346 1902 2436 1958 £0.
2467 1901 2656 1956 Vende
2686 1902 2867 1956 omnia
2896 1908 3008 1958 tua.
3035 1913 3087 1955 et
3117 1901 3185 1955 da
3227 1901 3584 1970 pauperibus,
3630 1913 3689 1957 et
3714 1901 3865 1967 veni.

2259 1984 2311 2025 et
2343 1989 2569 2043 sequere
2600 1988 2721 2039 me,
2753 1989 2806 2026 η.
2831 1972 2921 2025 20'.
2953 1972 3218 2027 Otunilttts
3245 1973 3428 2028 omnia
3456 1976 3650 2037 tactus,
3682 1974 3860 2043 0.37.

2257 2044 2355 2111 Qui
2391 2042 2580 2097 timent
2609 2054 2683 2106 te.
2730 2043 2991 2097 videbunt
3021 2058 3127 2105 nte.
3162 2054 3210 2096 et
3240 2044 3589 2098 l.t-tabnntur.
3634 2063 3685 2093 =
3722 2042 3867 2110 Quid

2257 2116 2400 2168 enim
2434 2114 2600 2169 habes
2625 2113 2767 2183 quod
2793 2129 2898 2166 non
2926 2114 3219 2181 accepisti?
3249 2124 3340 2167 aut
3361 2115 3405 2168 si
3437 2115 3714 2181 accepisu.
3734 2114 3868 2185 quid

2258 2186 2529 2253 gloriaris.
2549 2188 2700 2251 quasi
2729 2202 2832 2238 non
2857 2186 3171 2256 at-cepetis?
3202 2204 3221 2238 ι
3248 2187 3415 2239 Porro
3431 2186 3615 2239 ltzecin
3640 2186 3869 2251 Vulgata

2259 2256 2337 2309 sic
2363 2273 2419 2310 sc
2448 2256 2642 2311 habent
2676 2274 2687 2308 :
2739 2274 2761 2310 σ
2790 2259 2924 2310 Ante
2953 2264 3184 2310 mortem
3235 2274 3303 2310 tte
3350 2256 3539 2311 laudes
3588 2256 3865 2311 hominem

2258 2330 2564 2397 quempiam
2615 2325 2856 2395 (Erclcs.
2894 2343 2980 2391 XI,
3016 2326 3142 2397 50).
3183 2327 3460 2381 Urdittavit
3492 2331 3545 2381 in
3574 2343 3660 2382 tne
3688 2327 3869 2381 chari-

2263 2408 2421 2469 tatent
2451 2395 2687 2469 (Cantia.
2724 2412 2780 2451 ιιι
2803 2438 2817 2460 ,
2859 2397 2949 2467 ι).
2978 2397 3034 2451 In
3075 2395 3237 2451 multa
3272 2398 3526 2468 patientia
3548 2439 3561 2460 ,
3612 2400 3662 2452 in
3696 2398 3870 2453 tribu-

2263 2466 2485 2539 latione,
2516 2470 2567 2522 in
2601 2466 3039 2531 necessitatibus,
3071 2469 3124 2523 in
3167 2466 3528 2538 angustiis....
3564 2475 3617 2522 iit
3645 2469 3869 2539 vigiliis,

2263 2540 2314 2610 in
2347 2538 2589 2609 jejuniis,
2615 2540 2666 2593 itt
2695 2539 2967 2603 ca~titate,
2997 2542 3047 2591 itt
3079 2541 3406 2610 scictttia,_tn
3434 2538 3868 2610 longanimitate,

2262 2609 2317 2664 in
2346 2608 2626 2668 suavitate.
2652 2610 2702 2663 itt
2730 2610 2931 2666 Sttiritu
2962 2611 3185 2673 Sancto.
3227 2613 3277 2663 itt
3301 2608 3563 2665 rharitati-
3590 2627 3697 2667 non
3720 2610 3868 2675 ﬁcta,

2260 2678 2321 2752 in
2360 2682 2527 2733 verbo
2556 2680 2843 2749 veritatis,;
2872 2681 2924 2734 in
2974 2681 3172 2752 virtute
3221 2681 3317 2735 Dei
3349 2681 3431 2752 (ll
3458 2681 3577 2737 Cor.
3617 2699 3692 2744 vt.
3722 2684 3778 2745 Δ.
3812 2682 3871 2748 5,

2262 2749 2354 2821 6).
2402 2752 2547 2823 Euge
2573 2766 2728 2823 serve
2757 2752 2897 2823 bone
2923 2762 2973 2804 et
3007 2751 3200 2823 ﬁdelis,
3230 2749 3368 2806 intra
3396 2753 3448 2806 itt
3476 2752 3732 2823 gaudium
3758 2753 3871 2807 Do-

2266 2820 2393 2894 luit-ni
2452 2822 2524 2875 ttti
2571 2836 2584 2884 ι
2614 2820 2804 2894 Matth.
2851 2836 2995 2886 XXV,
3024 2822 3159 2894 21).
3204 2823 3379 2890 Super
3414 2820 3655 2893 aspidem
3682 2833 3738 2878 et
3774 2824 3875 2879 ba-

2263 2891 2503 2946 siliscnni
2543 2892 2860 2957 ambulabis,
2886 2903 2940 2946 et
2968 2891 3315 2949 concaleattis
3352 2891 3562 2949 leonem
3588 2904 3643 2950 et
3671 2897 3871 2949 draco-

2264 2977 2384 3016 nent
2438 2959 2576 3031 (Ps.
2625 2978 2706 3018 xc.
2773 2964 2902 3031 15).
2962 2963 3101 3019 Ecce
3154 2965 3275 3018 dedi
3345 2967 3495 3019 vobis
3551 2975 3873 3033 potestatem

2264 3032 2507 3111 galeatidi
2536 3048 2696 3111 supra
2719 3043 3000 3111 serpentes
3026 3045 3079 3089 et
3119 3035 3431 3111 scorpiones
3456 3040 3476 3105 (
3503 3034 3629 3090 Luc.
3663 3052 3716 3111 ι,
3740 3035 3807 3091 i9
3826 3034 3872 3105 ).

2264 3101 2452 3157 Vende
2473 3105 2615 3171 quod
2651 3101 2851 3164 habes.
2883 3114 2937 3158 et
2960 3105 3027 3159 da
3059 3101 3481 3173 paupertlnts...,
3510 3117 3565 3161 et
3590 3101 3747 3172 veni,
3786 3101 3875 3162 se-

2263 3188 2429 3241 quere
2478 3191 2563 3229 tne
2612 3173 2846 3246 (Matth.
2897 3191 3009 3238 ιιι.
3052 3177 3115 3231 2i
3149 3184 3185 3243 ).
3218 3177 3319 3244 Qui
3353 3179 3547 3232 timent
3599 3191 3671 3243 te,
3723 3176 3876 3232 vitle-

2268 3246 2393 3319 bunt
2429 3259 2532 3307 tne,
2555 3246 3004 3319 et_laualntntttr_(
3033 3246 3123 3302 Pa.
3170 3262 3354 3310 cxvut.
3386 3247 3455 3303 74
3480 3252 3518 3319 ).
3559 3248 3698 3319 Quid
3725 3248 3873 3319 ettitu

563 3319 866 3395 Emissa-uo
889 3307 988 3395 "aut
1036 3315 1304 3395 Eucherio
1345 3313 1510 3395 tribui
1560 3324 1930 3395 ιλοῃριιιεχίξζθη
1962 3308 2164 3395 Hilario
2189 3307 2236 3370 C
2272 3314 2441 3395 lt-tbes
2472 3316 2627 3395 .quod
2659 3331 2765 3395 non
2798 3307 3090 3384 accepisti?
3123 3324 3175 3395 _si
3217 3307 3403 3395 autem
3432 3307 3715 3395 acceptio,
3744 3318 3875 3395 quid

564 3388 869 3445 Arelatensi
903 3387 1165 3440 tribuunt.
1202 3383 1335 3439 Vide
1359 3380 1672 3438 Cnmbetisii
1722 3378 1971 3435 bibliotlt.
2015 3378 2158 3434 Con-

567 3464 747 3517 cinna.
772 3460 824 3511 itt
856 3457 1078 3512 Resurr.
1112 3456 1342 3509 Duutini.

644 3530 715 3603 (c)
755 3528 898 3585 Sane
926 3531 977 3603 i_n
1010 3528 1074 3582 iis
1095 3526 1464 3603 sermonibus,
1495 3537 1632 3603 quos
1663 3522 1715 3603 in
1750 3520 2166 3603 resurrectionis

569 3590 865 3658 υοὶιίίιιίυω
881 3600 1223 3653 solemnitate
1250 3590 1788 3649 recitasm'ttilariuiti
1811 3590 2166 3646 Contbetisius

566 3681 777 3735 censet,
812 3670 1045 3725 Eusebio
1069 3668 1354 3723 Emisseno
1378 3668 1561 3731 utique
1590 3663 1917 3735 adscriptis.
1942 3662 2167 3735 Vulgata

566 3732 860 3814 Scriptura:
886 3741 1260 3809 interpretatio
1289 3737 1608 3807 plerumque
1636 3735 1858 3791 emittet.
1887 3732 1995 3789 Sed
2024 3743 2082 3788 et
2112 3734 2167 3788 itt

2266 3386 2537 3461 gloriaris,
2570 3388 2720 3453 quasi
2756 3389 3203 3461 nonat-ceperis?
3225 3406 3244 3441 ι
3280 3389 3335 3461 (ι
3363 3388 3486 3444 Cor.
3519 3405 3594 3450 tv.
3624 3390 3677 3444 7.
3704 3390 3723 3459 )
3748 3389 3866 3457 Qua

2266 3455 2487 3525 qitidetn
2524 3460 2760 3511 toi-orum
2794 3460 3086 3514 collatione
3113 3461 3274 3528 plane
3289 3455 3632 3527 assequeris.
3661 3455 3753 3515 aut
3775 3455 3875 3527 'ip-

2269 3528 2561 3600 sissitnatn.
2607 3544 2768 3600 quam
2812 3544 2955 3584 nunc
2999 3533 3296 3600 sequimur,
3338 3532 3407 3585 ab
3440 3530 3643 3587 Hilario
3685 3528 3878 3586 Arelao

2270 3597 2412 3672 tettsi
2438 3598 2928 3672 tuisseallegatatn,
2954 3597 3215 3672 autcerte
3243 3611 3348 3657 tam
3380 3602 3599 3656 afﬁnem
3634 3600 3878 3672 Vulgata:

2272 3668 2795 3739 interpretationem,
2831 3684 2886 3725 ut
2910 3686 3008 3741 pro
3036 3670 3262 3743 Vulgata
3294 3674 3481 3730 haberi
3515 3673 3707 3743 possit.

596 3869 3177 3897 Mm

1417 3982 2020 4115 SERMO
2118 3988 2265 4112 B.
2363 3989 3039 4121 HILARII

859 4220 996 4292 DE
1059 4210 1794 4289 DEDICATIONE
1863 4210 2388 4284 ECCLESI/E
2446 4214 2944 4288 CUMPTUS
2999 4232 3077 4307 (a)
3135 4214 3637 4291 PICTAVIS

1314 4372 1393 4433 IN
1464 4367 1851 4433 ECCLESIA
1924 4366 2171 4431 IPSIUS

2245 4368 2528 4432 IBIDEM
2604 4367 3154 4434 CONSECRATA.

1912 4506 2559 4540 ———-——°-———-

646 4614 784 4686 Quia
813 4610 1041 4684 propitia
1070 4607 1307 4671 Deitate,
1336 4604 1558 4660 Fratres
1585 4597 1901 4657 Charissimi
1924 4638 1939 4664 ,
1969 4595 2175 4651 solem-
2206 4597 2261 4657 D
2284 4605 2459 4652 sonet.
2491 4597 2553 4653 Hi
2583 4609 2709 4655 sunt
2732 4600 2875 4656 enim
2924 4600 3129 4656 fructus
3168 4600 3324 4657 bona:
3353 4601 3603 4666 arboris;
3630 4600 3721 4659 hic
3750 4601 3883 4658 boni

575 4712 661 4767 nia
689 4704 1045 4764 dedicationis
1076 4700 1336 4756 Ecclesia:
1359 4696 1725 4759 celebramus,
1760 4691 2025 4746 debemus
2047 4700 2181 4740 con-
2283 4689 2462 4745 cordis
2493 4689 2796 4757 thesaurus,
2831 4695 2946 4748 haec
2977 4692 3323 4748 fundamenta
3369 4694 3634 4765 sapientis
3681 4694 3879 4750 Archi-

576 4815 770 4875 gruere
814 4793 1163 4855 soletnnitati,
1214 4806 1373 4860 quant
1406 4787 1656 4847 colimus.
1704 4794 1759 4837 ut
1796 4783 1938 4836 sicut
1974 4777 2178 4834 ornatis

577 4872 870 4950 studiosius
898 4886 1142 4957 ejusdem
1179 4880 1435 4938 Ecclesiae
1466 4877 1789 4949 parietibus,
1820 4872 2058 4943 pluribus
2083 4884 2175 4924 ac-

578 4988 757 5043 censis
788 4980 1103 5040 luminibus,
1129 4974 1388 5046 ampliato
1412 4984 1635 5025 numero
1652 4968 1970 5028 lectionum,
1993 4960 2174 5015 addita

582 5078 923 5133 Psatmorum
970 5068 1225 5131 melodia.
1269 5064 1408 5119 laetis
1439 5069 1651 5116 noctein
1691 5057 1890 5127 vigiliis
1916 5070 1985 5109 ex
2025 5065 2176 5107 more

579 5168 975 5237 transegimus;
1015 5164 1083 5215 ita
1128 5158 1289 5215 etiam
1340 5151 1635 5225 penetralia
1678 5147 1921 5204 cordium
1957 5155 2173 5237 nostro-

579 5276 697 5315 rum
746 5236 960 5326 semper
1006 5250 1328 5308 necessariis
1369 5248 1629 5299 bonorum
1677 5254 1904 5311 operum
1948 5236 2144 5291 decore

579 5367 700 5409 mus
727 5349 1026 5406 ornatibus.
1051 5344 1279 5410 Semper
1310 5340 1361 5391 itt
1396 5336 1551 5391 nobis
1593 5332 1806 5387 ﬂamina
1836 5329 2031 5384 divina:
2063 5330 2174 5396 pie-

570 5447 694 5500 tatis
743 5455 797 5497 et
849 5444 1099 5494 fratern:e
1163 5430 1405 5489 cititatis
1461 5436 1707 5497 auge~cat
1756 5440 1771 5489 ;
1826 5435 2043 5489 semper
2107 5420 2158 5473 in

573 5533 879 5592 sanetnario
908 5528 1141 5599 pectoris
1185 5522 1353 5580 nostri
1382 5519 1684 5577 cmlestium
1728 5516 1983 5571 memoria
2031 5529 2171 5584 pra--

573 5644 853 5704 ceptorum
895 5636 952 5684 et
975 5624 1234 5697 angelicae
1262 5618 1588 5677 laudationis
1613 5615 1846 5672 dulcedo
1873 5624 2057 5670 sancta
2082 5630 2165 5671 re-

2284 4781 2435 4848 tecti,
2485 4799 2607 4853 quae
2655 4784 2810 4839 nobis
2853 4783 3114 4840 hodierna
3161 4782 3347 4841 Saneti
3394 4784 3669 4856 Evangelii
3719 4785 3885 4840 lectio

2280 4875 2644 4942 commendat,
2681 4892 2779 4932 nos
2806 4892 2911 4931 non
2959 4876 3188 4932 formam
3216 4876 3587 4943 solummodo,
3622 4875 3721 4933 sed
3766 4877 3885 4932 vir-

2280 4977 2444 5024 tutem
2475 4970 2651 5038 potius
2674 4969 2871 5024 habere
2899 4969 3147 5038 pietatis:
3177 4969 3321 5040 quod
3342 4971 3503 5025 etiam
3527 4970 3755 5039 mystica
3789 4983 3888 5025 ve-

2282 5062 2411 5114 teris
2458 5061 2794 5115 instrumenti
2840 5060 3058 5116 liisloria
3109 5061 3395 5132 diligenter
3439 5062 3695 5123 insinuat.
3744 5075 3874 5114 cum

2282 5153 2367 5208 vel
2410 5153 2460 5208 Μ
2486 5168 2625 5224 ογεεδ
2651 5154 3075 5218 tabernaculum,
3120 5155 3201 5209 vel
3232 5155 3490 5226 tetnplutn
3520 5153 3755 5209 Domino
3780 5150 3885 5209 Sa-

2283 5244 2461 5298 lomon
2493 5244 2543 5298 in
2575 5245 2788 5301 Sanctae
2833 5244 3089 5300 Ecclesiae
3131 5256 3314 5317 typum
3343 5246 3617 5311 condidit;
3648 5260 3886 5315 utraque

2281 5338 2423 5390 enim
2465 5336 2656 5391 domus
2686 5337 2914 5392 tirmiter
2946 5337 3163 5393 fundata
3204 5354 3327 5394 esse
3356 5338 3633 5394 refertur:
3668 5337 3880 5393 Taber-

2280 5430 2527 5484 naculutn
2554 5429 2793 5501 quidem.
2841 5432 2983 5501 quod
3027 5441 3341 5500 compactos
3368 5431 3437 5487 de
3482 5432 3679 5486 tabulis
3712 5432 3886 5487 hahe-

2278 5522 2363 5577 bat
2395 5524 2626 5591 ptrietes
2655 5538 2819 5591 super
2850 5525 3003 5580 bases
3044 5534 3348 5591 argenteas,
3410 5526 3666 5596 templum
3695 5534 3879 5581 autem

2276 5628 2438 5684 super
2465 5614 2669 5684 lapides
2696 5614 2932 5686 quadros
2960 5616 3013 5672 in
3044 5616 3395 5674 fundamento
3422 5617 3758 5689 suppositos.
3789 5616 3883 5674 Li-

645 5768 718 5837 (a)
761 5767 968 5823 Nullius
999 5760 1407 5834 signiﬁcationis
1434 5768 1518 5817 est
1543 5774 1645 5815 vox
1688 5767 1952 5829 comptus,
1992 5771 2151 5828 quam
2175 5755 2337 5815 habet
2369 5757 2561 5816 codex.
2595 5756 2849 5816 Fortasse
2876 5757 3160 5831 legendum
3183 5766 3266 5817 est
3290 5758 3619 5831 compositus.
