4200 6256
362 321 463 378 881

1369 324 1602 384 SERMO
1633 329 1720 386 DE
1762 329 2221 391 DEDICATIONE
2264 334 2642 394 ECCLESUE.

3554 352 3662 408 882

361 455 464 533 gna
494 455 710 512 quoque
739 449 895 533 erant
922 443 1288 512 imputribilia,
1322 458 1354 499 e
1377 445 1573 516 quibus
1601 454 1656 501 et
1678 446 1954 505 Taberna-
1978 451 2033 512 Α
2059 466 2154 522 per
2178 452 2496 511 charitatem
2527 466 2839 526 aperantur,
2881 460 3118 516 ctelestis
3147 461 3270 517 vita:
3314 466 3533 533 praemia
3563 481 3656 524 ex-

361 530 545 587 culuni
575 547 739 588 omne
769 531 988 600 factum,
1018 547 1070 589 et
1097 535 1378 606 Templum
1423 537 1567 594 intus
1593 548 1863 608 ornatum,
1893 555 1957 596 ac

359 621 598 694 desuper
624 634 826 680 tectum
871 625 1124 697 fulgebat.
1159 627 1362 683 Aurum
1404 631 1568 686 etiam
1608 631 1675 687 de
1703 632 1957 688 thesauro

361 717 508 774 bono
533 718 800 789 Optimum
827 720 1198 791 proferebant,
1222 722 1290 777 de
1320 739 1430 790 quo
1462 724 1696 794 parietes
1719 726 1878 785 intus,
1904 734 1961 780 et

362 810 499 868 foris
542 813 743 878 vestiti,
793 812 1005 883 Templi
1056 830 1162 869 non
1207 825 1412 871 tantum
1463 819 1728 885 parietes,
1772 833 1956 874 verum

363 905 528 960 etiam
555 905 849 975 laquearia,
880 909 1078 971 trabes,
1119 911 1281 973 ostia,
1329 919 1536 977 postes,
1564 922 1616 965 et
1650 914 1956 978 pavimenta

362 1005 524 1053 erant
571 1006 847 1069 cooperta.
901 999 1007 1056 Sed
1055 1012 1106 1056 et
1137 1017 1288 1068 vasa,
1331 1003 1416 1058 vel
1465 1003 1714 1058 utensilia
1763 1005 1959 1060 dumos

364 1090 647 1155 utriusque
675 1099 870 1145 cuncta
901 1107 1040 1162 pene
1067 1108 1285 1158 aurum,
1337 1109 1513 1166 neque
1565 1095 1700 1154 haec.
1751 1096 1850 1151 nisi
1893 1097 1960 1153 de

361 1197 494 1239 auro
520 1183 828 1252 puri-Simo,
854 1184 970 1239 lieri
996 1186 1192 1242 licebat
1240 1187 1473 1242 Frui-tus
1496 1191 1656 1243 etiam
1681 1189 1956 1256 arborum,

360 1275 451 1345 qui
497 1276 550 1328 in
587 1274 750 1330 domo
781 1276 998 1331 Domini
1020 1277 1408 1342 offerebantur,
1461 1281 1737 1348 purissimi
1769 1291 1824 1335 et
1860 1297 1956 1336 ex-

358 1368 544 1437 quisiti
571 1379 694 1424 esse
729 1368 1077 1440 jubebantur.
1115 1369 1229 1426 Hoc
1257 1383 1361 1438 εει,
1407 1371 1564 1437 Vitis,
1594 1371 1783 1437 Olivaz,
1810 1373 1955 1427 Thu-

356 1457 456 1523 ris,
486 1456 738 1529 Myrrhae,
765 1459 852 1515 vel
879 1459 1098 1525 Stactis,
1131 1469 1189 1517 et
1234 1473 1553 1516 exterarum
1603 1462 1910 1532 huiusmodi
1943 1480 1956 1517 :

355 1564 480 1620 quae
534 1549 790 1607 videlicet
823 1563 1019 1608 cuncta
1078 1554 1398 1621 spiritaliter
1447 1555 1718 1611 intellecta
1773 1571 1957 1612 veram

355 1654 558 1698 nostra!
581 1640 731 1701 Fidei
779 1654 833 1700 et
859 1645 1191 1716 operationis
1215 1647 1581 1702 sinceritatem
1616 1646 1956 1703 denuntiant.

357 1735 561 1792 Domus
586 1752 817 1805 namque
842 1749 1091 1810 utraque,
1125 1747 1184 1795 ut
1202 1739 1456 1798 diximus.
1491 1740 1830 1797 Universalis
1859 1741 1959 1798 Ec-

2057 551 2290 612 pectant.
2324 544 2391 600 Et
2429 546 2563 601 bene
2595 547 2869 618 longitudo
2901 565 2974 605 ιι
3003 550 3312 607 cubitorum
3342 562 3448 610 est.
3481 555 3659 614 Sena-

2058 631 2141 686 rio
2165 635 2364 688 etenim
2398 651 2624 692 numero
2653 637 2915 694 bonorum
2956 657 3180 709 operum
3225 644 3360 700 solet
3399 650 3662 716 perfectio

2056 721 2348 794 designari,
2398 729 2524 797 quia
2552 732 2716 783 etiam
2768 730 2907 785 Deus
2933 746 3026 786 sex
3059 731 3250 788 diebus
3281 736 3468 791 mundi
3498 753 3664 794 orna-

2060 825 2300 871 mentum
2349 817 2505 884 fecit;
2537 830 2592 874 et
2617 835 2713 876 sex
2742 832 2869 877 sunt
2909 823 3071 891 hujus
3112 826 3296 882 saaculi
3340 839 3530 885 aetates
3555 873 3570 897 ,
3606 833 3660 888 in

2059 909 2254 978 quibus
2297 923 2479 967 sancta
2515 913 2752 969 Ecclesia
2787 931 2885 986 pro
2913 927 3116 971 mterna
3162 921 3348 990 requie
3392 923 3494 992 piis
3523 929 3662 981 acti-

2062 998 2161 1053 bus
2192 1001 2375 1055 in~tat.
2411 1003 2557 1059 Bene
2590 1020 2661 1059 xx
2694 1010 3007 1064 suntcubiti
3050 1010 3369 1080 latitudinis,
3403 1017 3526 1084 quia
3571 1035 3665 1083 βας

2062 1093 2266 1146 minum
2299 1102 2385 1148 est
2413 1106 2744 1163 praeceptum
2777 1099 3076 1166 charitatis,
3121 1106 3374 1172 quoniam
3419 1105 3666 1165 Ecclesia

2061 1183 2115 1237 in
2148 1185 2490 1241 tribulatione
2511 1187 2786 1252 dilatatur,
2809 1207 2928 1246 cum
2961 1194 3232 1262 perlectus
3250 1198 3477 1268 quisque
3501 1201 3662 1255 etiam

2061 1276 2396 1332 conditorem
2429 1295 2491 1334 ex
2527 1287 2640 1334 toto
2685 1285 2872 1348 corde,
2909 1293 3017 1336 tota
3051 1288 3255 1353 anima,
3301 1298 3409 1343 tota
3441 1291 3662 1358 virtute,

2061 1375 2116 1421 et
2141 1369 2442 1436 proximum
2477 1382 2727 1442 tanquam
2751 1389 2808 1428 se
2838 1374 3013 1444 ip~um
3045 1376 3270 1448 diligere
3298 1379 3479 1437 debet.
3519 1384 3666 1440 Bene

2066 1474 2173 1514 xxx
2203 1461 2254 1514 in
2279 1461 2566 1519 altitudine
2595 1474 2722 1520 sunt
2752 1466 2938 1526 cubiti.
2971 1471 3098 1539 quia
3130 1473 3309 1527 omnis
3356 1473 3665 1532 Electmum

2061 1563 2188 1619 spes
2217 1551 2282 1605 ad
2309 1552 2570 1610 visionem
2615 1568 2820 1612 sancta:
2848 1559 3151 1624 Trinitatis,
3201 1573 3460 1633 quantum
3497 1567 3665 1636 valet,

2061 1655 2123 1696 se
2172 1644 2480 1700 exercendo
2531 1655 2587 1701 et
2654 1648 2992 1716 purificando
3036 1664 3308 1722 properat.
3361 1655 3664 1714 Nntandum

2062 1747 2194 1786 sane
2220 1742 2323 1798 est,
2355 1735 2497 1804 quod
2526 1752 2630 1793 xxx
2678 1739 2846 1794 cubiti
2891 1741 3191 1798 alt;tuiliuis
3223 1759 3329 1798 non
3380 1761 3552 1816 usque
3595 1748 3664 1803 ad

354 1827 533 1884 clesize
591 1829 812 1900 ligurum
882 1841 1285 1900 praemonstrat.
1353 1831 1538 1903 Neque
1594 1834 1948 1903 incongruum
1981 1825 2028 1886 Β
2057 1839 2369 1894 supremum
2402 1829 2585 1896 templi
2617 1827 2910 1900 fastigium,
2953 1833 3049 1888 sed
3082 1849 3252 1905 usque
3291 1835 3360 1891 ad
3391 1837 3668 1909 laquearia

355 1919 479 1990 quis
513 1920 824 1987 arbitretur,
871 1923 1016 1993 quod
1065 1923 1187 1978 dua:
1237 1933 1365 1980 sunt
1401 1925 1595 1981 domus
1647 1927 1859 1981 Domini
1900 1926 1954 1982 in

353 2015 616 2085 mysterio
657 2014 832 2084 taetre,
859 2031 982 2072 cum
1015 2033 1176 2073 unam
1207 2017 1409 2074 Christi
1435 2019 1652 2075 domum
1693 2035 1817 2076 esse
1855 2021 1957 2077 Ec-

354 2106 576 2162 clesiam
605 2106 784 2164 nullus
807 2108 980 2164 lidelis
1002 2111 1261 2180 ambigat.
1286 2112 1415 2168 Duae
1441 2114 1643 2169 etenim
1672 2122 1802 2169 sunt
1825 2129 1956 2170 con-

353 2196 484 2254 dita
509 2197 705 2254 domus
747 2199 820 2255 ob
862 2199 1312 2272 signiﬁcationem
1346 2203 1629 2274 utriusque
1675 2204 1857 2274 populi
1902 2205 1954 2259 iu

355 2289 603 2344 eamdem
631 2289 820 2346 Fidem
850 2293 1084 2355 venturi,
1114 2291 1287 2348 Judaei
1317 2293 1527 2348 scilicet
1577 2305 1740 2365 atque
1778 2296 1957 2365 genti-

356 2379 445 2437 lis.
478 2379 634 2437 Unde
662 2383 800 2438 bene
824 2379 1254 2439 Tabernacu'utn
1281 2385 1396 2440 sola
1429 2386 1581 2456 plebs
1606 2385 1793 2440 Iudaea
1824 2401 1958 2442 con-

353 2472 492 2528 didit
520 2476 572 2529 in
604 2491 810 2530 eremo.
843 2475 1054 2546 Templi
1095 2483 1275 2531 autem
1307 2487 1635 2532 structuram
1667 2478 1956 2550 Proselyti,

358 2575 415 2622 et
445 2567 670 2622 advena:
697 2568 766 2623 de
793 2567 1064 2624 Gentibus
1112 2577 1379 2639 quthuot
1407 2571 1458 2625 in
1490 2575 1690 2640 popqu
1728 2579 1857 2626 tunc
1879 2573 1956 2625 iu-

357 2658 528 2714 veniri
577 2667 846 2729 poterant,
879 2660 1076 2716 devota
1129 2660 1233 2717 llde
1278 2663 1705 2732 ccutpleverunt.
1754 2663 1859 2718 Sed
1907 2671 1963 2717 et

356 2750 473 2808 Rex
507 2751 938 2821 potentissimus,
965 2751 1096 2825 Tyri
1125 2755 1427 2810 conductus
1451 2771 1480 2807 a
1512 2755 1802 2810 Salomone
1820 2768 1964 2808 com-

358 2843 592 2898 modatis
639 2843 960 2909 artificibus,
1016 2855 1070 2899 et
1123 2846 1280 2915 lignis
1331 2845 1737 2916 gratantissime
1785 2844 1958 2914 jnvit,

360 2937 488 3006 quia
517 2934 773 2990 nimirum
804 2943 930 2991 ante
977 2935 1404 2994 incarnationem
1433 2938 1767 2993 Dominicam
1809 2949 1962 2993 notus

363 3040 473 3084 erat
505 3038 710 3084 tantum
740 3031 795 3083 in
821 3029 1011 3085 Judtea
1042 3030 1203 3086 Deus.
1238 3035 1304 3086 At
1334 3042 1618 3101 postquam
1654 3031 1744 3085 ille
1790 3031 1844 3086 in
1873 3045 1959 3094 ea.

363 3137 470 3192 qua
497 3129 676 3188 natus,
721 3132 778 3178 et
808 3137 1000 3192 passus
1029 3133 1134 3189 est,
1165 3138 1330 3178 carne
1362 3125 1712 3179 resuscitatus
1746 3140 1778 3178 a
1819 3139 1965 3177 mor-

2062 1918 2246 1986 templi
2273 1918 2652 1987 pertinebant,
2677 1923 2877 1980 deinde
2903 1925 2970 1981 ad
2999 1926 3269 1998 laquearia
3294 1930 3455 1987 medii
3490 1933 3669 1989 taber-

2061 2009 2235 2062 naculi
2271 2009 2362 2064 alii
2394 2025 2505 2065 xxx
2531 2012 2696 2067 cubiti
2739 2015 3044 2072 altitudinis
3073 2021 3450 2091 assurgebant.
3496 2022 3670 2079 Porro

2062 2107 2336 2155 terrenum
2367 2104 2729 2170 casm-culum,
2771 2106 2915 2175 quod
2969 2120 3272 2178 supererat,
3325 2127 3392 2166 1.x
3433 2111 3669 2169 habebat

2062 2190 2116 2244 in
2149 2189 2511 2259 latitudinem,
2543 2209 2607 2248 ac
2650 2195 2730 2250 sic
2756 2198 2932 2252 omnis
2969 2198 3199 2254 altitudo
3227 2200 3422 2256 domus
3463 2203 3518 2258 in
3563 2218 3667 2260 cxx

2061 2283 2260 2337 cubitis
2305 2294 2422 2339 erat
2448 2294 2689 2342 extenta.
2724 2288 2880 2344 Prior
2909 2290 3072 2361 igitur
3098 2291 3293 2348 domus
3321 2311 3428 2350 xxx
3469 2296 3670 2366 cubitis

2061 2372 2118 2427 in
2146 2375 2430 2432 altitudine
2456 2379 2652 2448 surgit,
2681 2382 2804 2450 quia
2839 2396 3077 2451 przesens
3107 2383 3347 2440 Ecclesia
3372 2387 3438 2441 ad
3474 2388 3668 2443 viden-

2062 2462 2186 2518 dam
2219 2469 2454 2534 speciem
2499 2468 2711 2524 Sancta:
2739 2470 3020 2526 Trinitatis
3053 2483 3160 2527 tota
3209 2475 3510 2532 intentione
3544 2492 3670 2533 sus-

2066 2559 2340 2626 penditur.
2369 2559 2630 2630 Superior
2654 2563 2850 2619 dumus
2879 2581 2982 2619 xxx
3012 2581 3166 2636 teque
3194 2569 3395 2624 cubitis
3427 2584 3485 2624 se
3510 2570 3562 2624 in
3587 2570 3668 2625 al-

2067 2657 2178 2704 tum
2209 2651 2423 2717 attollit,
2455 2652 2580 2723 quia
2610 2654 2804 2710 solutae
2831 2658 3151 2725 corporibus
3179 2659 3376 2714 anima!
3400 2662 3670 2730 perfecto-

2066 2756 2183 2795 rum
2203 2755 2372 2812 usque
2397 2744 2462 2798 ad
2486 2743 2628 2798 diem
2659 2746 2985 2801 universalis
3004 2745 3201 2803 iudicii
3220 2749 3464 2820 ejusdem
3495 2751 3668 2805 beata:

2065 2842 2122 2888 et
2172 2833 2468 2890 individua:
2516 2835 2800 2892 Trinitatis
2849 2839 3107 2909 prteseuti
3142 2840 3352 2895 visione
3399 2844 3666 2897 lruuntur.

2063 2929 2327 2996 Suprema
2355 2931 2550 2987 domus
2579 2933 2661 2988 bis
2687 2934 2905 2988 tricenis
2932 2934 3038 2988 alta
3066 2944 3150 2989 est
3179 2936 3401 3003 cubitis,
3435 2939 3562 3007 quia
3585 2952 3672 2992 rc-

2065 3023 2308 3076 suscitati
2337 3038 2365 3075 a
2399 3025 2626 3077 mortuis
2647 3039 2838 3078 omnes
2868 3024 3025 3079 electi
3047 3025 3505 3095 contemplatione
3527 3027 3672 3097 ejus-

2065 3111 2190 3168 dem
2235 3115 2318 3170 sui
2349 3115 2670 3181 conditoris,
2703 3118 2793 3187 qui
2835 3118 2886 3170 in
2935 3117 3105 3172 tribus
3144 3117 3392 3188 personis
3423 3133 3560 3172 unus
3589 3127 3673 3173 est

368 3215 495 3273 tuis.
517 3225 572 3269 et
599 3214 868 3270 exaltatus
887 3227 971 3270 est
996 3231 1161 3287 super
1180 3217 1350 3271 cmios
1377 3217 1539 3285 Deus,
1557 3232 1723 3286 super
1746 3232 1962 3272 omnem
1989 3203 2035 3266 C
2073 3206 2234 3275 Deus,
2269 3219 2468 3264 a~terna
2501 3210 2723 3278 Spiritus
2752 3209 2936 3274 simul,
2973 3217 3032 3265 et
3057 3209 3237 3265 carnis
3269 3211 3672 3265 immortalitate

365 3308 634 3362 continuo
654 3319 856 3363 terram
886 3308 1118 3363 nominis
1143 3310 1263 3377 ejus
1298 3310 1467 3380 gloria
1515 3309 1758 3376 refulsit,
1789 3311 1965 3367 orbis-

367 3414 473 3471 que
512 3405 798 3456 universus
817 3401 884 3456 ad
912 3400 1328 3457 aediﬁcationem
1364 3403 1556 3457 donius
1595 3403 1744 3457 illius
1772 3417 1960 3458 secur-

369 3495 460 3554 rit.
492 3503 548 3549 et
575 3495 785 3564 accepit
829 3495 898 3548 ab
926 3509 992 3549 eo
1022 3495 1434 3561 promissionem
1481 3494 1744 3548 donorum
1772 3495 1967 3548 coales-

371 3585 521 3642 tium.
547 3585 740 3642 Narrat
763 3601 892 3656 ergo
915 3585 1214 3656 Scriptura.
1237 3585 1357 3653 quia
1391 3585 1643 3654 princepit
1672 3585 1782 3638 llex
1812 3581 1968 3639 Salo-

370 3695 518 3744 mon,
548 3689 605 3734 ut
633 3678 868 3734 tollerent
895 3677 1094 3748 lapides
1114 3675 1338 3749 grandes
1366 3678 1419 3730 in
1449 3675 1796 3746 fundamentis
1817 3673 1967 3730 Tem-

371 3771 468 3842 pli,
491 3781 542 3830 et
557 3770 869 3841 quadrarent
887 3785 992 3824 eos.
1014 3767 1246 3838 Lapides
1267 3777 1444 3823 autem
1467 3767 1699 3838 grandes
1723 3766 1966 3838 pretiosi,

371 3866 461 3934 qui
481 3864 533 3919 iii
548 3863 896 3918 fundamento
913 3862 1075 3917 locati
1090 3869 1263 3916 tutum
1282 3875 1420 3916 onus
1431 3858 1644 3930 Templi
1659 3860 1762 3914 sibi
1776 3875 1966 3928 super-

375 3957 604 4026 positum
623 3964 858 4025 portant,
877 3954 1105 4008 eximios
1121 3963 1322 4007 sancta:
1335 3951 1594 4008 Ecclesia
1608 3950 1712 4006 Dor
1721 3958 1868 4006 tores
1892 3950 1972 4004 in-

373 4047 612 4112 sinuant,
631 4045 864 4117 grandes
893 4045 1144 4100 nimirum
1160 4044 1481 4100 excellentia
1496 4049 1834 4111 meritorum,
1857 4056 1973 4112 pre-

375 4137 544 4191 tiosos
571 4137 811 4192 claritate
827 4144 1098 4207 signorum
1117 4178 1132 4202 ,
1151 4135 1241 4206 qui
1268 4135 1337 4190 ab
1365 4135 1718 4205 ipsuDiilnittO
1749 4137 1969 4189 verbum

375 4231 655 4284 audientes
671 4238 832 4284 totam
847 4229 1139 4284 crescentis
1153 4227 1408 4282 Ecclesiae
1432 4227 1686 4282 fabricam
1714 4241 1810 4282 sua
1845 4241 1974 4295 prat-

375 4319 645 4376 dicati-me
657 4331 972 4387 genuerunt.
988 4322 1132 4386 Quos
1147 4319 1390 4374 videlicet
1404 4319 1606 4390 lapides
1621 4317 1731 4373 Rex
1745 4317 1976 4388 quadra-

279 4452 287 4457 -
377 4429 436 4468 re
461 4414 734 4483 priccepit,
777 4424 834 4468 ut
861 4415 1144 4482 magistros
1161 4411 1420 4466 Ecclesia:
1447 4412 1775 4482 compositos
1805 4411 1972 4466 mori-

378 4505 500 4573 bus,
532 4517 587 4561 et
615 4507 912 4562 immobiles
933 4507 1261 4562 animo‘esse
1296 4506 1495 4562 debere
1539 4509 1794 4578 signaret.
1826 4507 1977 4562 Sicut

2067 3300 2397 3372 gaudebunt.
2450 3300 2648 3356 Factus
2691 3313 2773 3356 est
2805 3300 3018 3356 medius
3048 3302 3224 3372 paries
3257 3301 3310 3356 in
3359 3302 3566 3372 templo
3604 3301 3673 3356 de

2070 3395 2265 3451 tabulis
2291 3395 2528 3451 cedrinis
2557 3412 2624 3451 xx
2649 3396 2955 3451 cubitorum
2981 3394 3304 3461 altitudinis,
3334 3397 3423 3464 qui
3453 3395 3669 3450 divide-

2071 3495 2155 3544 ret
2175 3489 2453 3543 orai-ulum
2487 3488 2538 3541 in
2565 3487 2821 3544 Sanctum
2847 3487 3170 3544 Sanctorum
3195 3505 3210 3553 ;
3247 3503 3277 3541 a
3311 3491 3491 3557 priore
3518 3499 3671 3558 parte

2070 3577 2256 3647 templi
2285 3577 2512 3632 habebat
2540 3593 2610 3631 xx
2629 3577 2840 3632 cubitos
2869 3578 3241 3647 longitudinis,
3275 3588 3329 3632 et
3357 3595 3424 3632 xx
3456 3580 3671 3634 cubitos

2071 3666 2395 3733 latitudinis,
2444 3675 2501 3721 et
2550 3683 2617 3721 xx
2661 3667 2880 3721 cubitos
2909 3666 3232 3721 altitudinis.
3285 3666 3453 3721 Porro
3495 3668 3668 3737 ipsum

2073 3762 2330 3831 templum
2362 3775 2474 3831 pra:
2517 3759 2726 3816 foribus
2755 3760 2962 3815 oraculi
2995 3775 3064 3814 xv
3093 3761 3398 3816 cubitorum
3425 3768 3546 3815 erat
3567 3802 3583 3826 ,
3618 3762 3672 3817 in

2071 3868 2180 3925 quo
2205 3863 2362 3908 erant
2390 3868 2613 3917 mensae,
2647 3861 2704 3907 et
2744 3852 3128 3908 candelabrum
3158 3852 3229 3908 de
3277 3867 3428 3907 auro.
3465 3850 3571 3908 Sed
3617 3864 3672 3910 et

2072 3947 2244 4002 altare
2273 3962 2496 4002 aureum
2545 3960 2715 4016 prope
2744 3947 2942 4000 ostium
2987 3943 3227 4010 Oraculi,
3274 3954 3543 4017 quatenus
3592 3944 3674 4000 in-

2074 4053 2242 4094 censo
2273 4039 2326 4094 in
2349 4053 2415 4093 eo
2440 4039 2789 4110 thymiamate
2817 4051 2984 4110 vapor
3007 4035 3138 4092 fumi
3167 4037 3469 4093 ascendens
3495 4038 3676 4108 operi-

2075 4140 2160 4185 ret
2188 4131 2499 4196 oraculum,
2543 4129 2630 4184 ubi
2659 4142 2773 4184 erat
2803 4143 2925 4184 arca
2967 4127 3324 4193 Testamenti,
3355 4144 3523 4198 super
3567 4145 3672 4200 qua

2075 4232 2233 4278 erant
2264 4221 2552 4276 (Zherttbim
2569 4220 2759 4290 glorias
2787 4218 3167 4275 obumbrantia
3202 4220 3359 4290 Propi
3391 4220 3670 4274 iatorium.

2079 4313 2234 4368 Prior
2258 4327 2389 4381 ergo
2419 4312 2613 4367 domus
2655 4311 2852 4380 prioris
2881 4309 3139 4366 Ecclesiae
3167 4319 3368 4365 statum
3402 4327 3415 4365 :
3447 4311 3674 4366 interior

2077 4405 2203 4459 vitae
2233 4404 2470 4459 caelestis
2497 4403 2796 4472 ingressum
2827 4401 3092 4470 designat.
3128 4399 3280 4456 Unde
3327 4411 3474 4456 recte
3501 4402 3669 4471 priori

2079 4511 2281 4551 mensze
2307 4506 2360 4551 et
2381 4493 2700 4549 candelabra
2729 4500 2856 4546 sunt
2886 4489 3046 4554 facta,
3074 4491 3197 4560 quia
3225 4493 3477 4546 nimirum
3503 4493 3554 4547 in
3580 4492 3678 4547 hac

380 4615 510 4656 vero
525 4601 867 4670 quadratum,
886 4616 1222 4670 quocumque
1239 4602 1486 4662 vertitur,
1508 4600 1694 4662 Stabit,
1717 4601 1785 4654 ita
1816 4602 1966 4656 nimi-

2084 4589 2190 4644 vita
2219 4589 2420 4643 lumine
2450 4597 2754 4642 sanctarum
2788 4585 3211 4655 Scripturarum,
3254 4594 3306 4638 et
3348 4584 3674 4640 Sacramen-

381 4709 502 4750 rum
525 4692 631 4748 vita
659 4697 1020 4764 perlectorum
1035 4709 1156 4763 quae
1171 4694 1238 4748 ad
1263 4695 1505 4750 veritatis
1524 4692 1721 4748 lineam
1748 4695 1979 4750 sollicite

381 4785 587 4840 directa
608 4794 710 4848 est,
743 4785 902 4839 nullis
933 4787 1286 4839 tentationuni
1312 4785 1633 4852 impulsibus
1663 4799 1802 4838 asua
1831 4788 1982 4840 novit

381 4878 680 4934 stabilitate
700 4877 881 4947 dejici.
917 4877 1044 4932 Erat
1069 4887 1247 4930 autem
1269 4877 1552 4948 Templum
1587 4877 1678 4930 Dei
1707 4891 1980 4932 marmore

384 4971 560 5043 pario.
593 4971 736 5037 quod
764 4981 867 5032 est.
898 4970 1074 5036 lapide
1098 4969 1222 5024 albo
1245 4977 1572 5034 extructum,
1601 4976 1661 5023 ut
1687 4967 1976 5024 candorem

391 5064 789 5121 Ecclesiastiete
808 5063 1074 5121 casdtatis
1098 5064 1450 5135 exprimeret,
1480 5063 1548 5118 de
1564 5078 1672 5134 quo
1698 5065 1750 5118 in
1778 5063 1979 5117 amoris

389 5157 614 5213 Cantico
661 5158 921 5214 Dominus
963 5157 1072 5212 ait:
1116 5157 1266 5212 Sicut
1295 5157 1460 5211 lilium
1503 5156 1639 5209 inter
1681 5157 1878 5224 spinas,
1908 5155 1981 5208 sic

391 5254 555 5308 amica
583 5269 697 5307 mea
723 5254 853 5306 inter
900 5253 1055 5322 ﬁlias.
1111 5250 1350 5306 Habebat
1391 5250 1531 5303 idem
1569 5263 1633 5302 1.x
1669 5247 1881 5302 cubitos
1929 5247 1982 5301 in

397 5343 811 5416 longitudinem,
834 5359 940 5398 xxx
973 5343 1190 5398 cubitos
1215 5342 1268 5396 in
1303 5337 1989 5404 latitudii-em,xxxxcuhi-

397 5445 481 5493 tos
525 5441 581 5492 in
629 5437 989 5492 altitudinem.
1041 5434 1341 5505 Longitudo
1383 5448 1514 5502 ergo
1565 5431 1774 5499 Templi
1826 5429 1984 5484 iidem

395 5541 597 5587 sancta:
626 5531 882 5587 Ecclesize
904 5529 1172 5597 designat,
1203 5541 1296 5594 per
1317 5540 1477 5596 quam
1509 5522 1887 5595 loiigauimiter
1907 5522 1983 5575 in-

400 5636 482 5682 ter
508 5640 672 5695 opera
695 5639 788 5679 sua
815 5622 951 5677 bona
976 5634 1259 5688 pravorum
1280 5619 1506 5672 adversa
1537 5617 1693 5672 tollat
1718 5634 1730 5669 :
1762 5611 1988 5669 latitudo

398 5716 752 5781 chariiatiem,
784 5730 887 5785 qua
919 5715 1030 5781 ipsa
1066 5712 1210 5765 intus
1241 5724 1335 5779 per
1375 5713 1578 5763 viscera
1626 5707 1841 5778 pietatis
1870 5720 1992 5774 spa-

2085 4695 2260 4738 torum
2278 4683 2580 4737 cmlestium
2611 4678 2908 4735 refectione
2936 4693 3070 4749 opu~
3100 4676 3392 4731 habemus:
3419 4677 3472 4731 lu
3500 4676 3679 4730 futuro

2083 4784 2259 4830 autem
2311 4775 2506 4829 talibus
2558 4788 2664 4828 non
2714 4771 2993 4841 egebimus
3044 4769 3320 4838 subsidiis,
3381 4769 3475 4824 ubi
3520 4769 3680 4838 juxta

2087 4871 2382 4926 Psalmistze
2427 4882 2615 4922 vocem
2663 4867 2968 4935 quicumque
2998 4863 3332 4936 apparuerint
3359 4878 3476 4916 cunt
3516 4861 3681 4934 justi-

2084 4962 2177 5025 tia,
2199 4960 2523 5015 satiabuntur
2562 4959 2832 5028 manifesto
2857 4956 3025 5027 giaria
3056 4953 3286 5009 Domini.
3319 4953 3374 5007 In
3420 4953 3522 5008 hac
3550 4967 3682 5023 ergo

2087 5055 2192 5109 vita
2224 5053 2386 5108 corda
2426 5052 2720 5121 iustorum,
2770 5049 2922 5118 quasi
2963 5050 3131 5101 altare
3180 5045 3382 5100 incensi
3431 5060 3675 5111 aureum,

2083 5143 2371 5216 splendida
2398 5143 2604 5214 fulgent
2627 5157 2720 5211 per
2749 5139 3065 5194 munditiam
3100 5137 3425 5192 sanctitatis.
3456 5138 3686 5192 Aroma-

2086 5239 2229 5294 tibus
2258 5243 2386 5290 sunt
2413 5235 2608 5290 referta
2637 5233 3027 5289 desideriorum
3057 5227 3438 5299 spiritualium,
3483 5229 3678 5283 incen-

2088 5329 2180 5385 dio
2210 5329 2434 5399 ﬂagrant
2461 5325 2663 5380 amoris
2682 5325 2946 5387 continui,
2970 5331 3026 5378 et
3049 5321 3202 5392 quasi
3229 5319 3467 5376 C(Blesﬁs
3491 5320 3682 5374 introi-

2092 5435 2177 5478 tus
2207 5423 2380 5490 posita
2405 5418 2782 5472 suavissimum
2811 5431 2922 5470 suae
2957 5412 3097 5468 orati
3121 5413 3220 5468 inis
3253 5425 3510 5482 vaporem
3543 5410 3685 5466 inter

2090 5520 2273 5570 sancta
2319 5491 2627 5564 sanctorum
2657 5521 2886 5576 superna
2914 5505 3190 5570 emittunt,
3222 5503 3308 5557 ubi
3330 5499 3568 5556 Christus
3610 5509 3684 5556 est

2092 5608 2148 5661 in
2180 5606 2389 5659 dextera
2420 5601 2517 5657 Dei
2545 5600 2755 5667 sedens,
2785 5612 2944 5668 quem
2967 5597 3312 5667 apertissime
3341 5609 3466 5650 arca
3495 5593 3682 5647 Testa-

2095 5699 2284 5762 meuti,
2309 5712 2428 5764 qua:
2455 5703 2571 5749 erat
2603 5695 2738 5746 intra
2771 5691 2972 5753 velum,
3005 5690 3281 5759 designat;
3316 5690 3369 5743 in
3399 5701 3504 5757 qua
3534 5683 3680 5741 Urna

398 5809 604 5865 tiatur:
633 5777 862 5864 altitudo
886 5777 1062 5875 spem,
1104 5817 1208 5874 qua
1235 5777 1457 5872 prepter
1483 5777 1636 5858 bona
1652 5812 1841 5866 opera,
1873 5811 1995 5865 qua:
2095 5801 2206 5848 erat
2234 5807 2391 5845 aurea
2415 5787 2607 5843 habens
2636 5785 2852 5852 Manna,
2882 5792 2929 5840 et
2967 5780 3122 5853 Virga
3161 5782 3357 5848 Aaron,
3396 5781 3511 5848 quia
3538 5777 3684 5847 freni
