4200 6256
537 297 650 356 885
1981 289 2041 346 Β.
2086 288 2340 356 manu
3725 297 3836 354 res

535 415 742 475 duerat,
787 419 833 482 et
879 407 1092 464 Tabula:
1125 407 1433 464 testamenti.
1466 405 1583 475 Ipsa
1619 420 1851 478 namque
1879 405 2018 476 Area
2047 421 2145 474 na-
2169 409 2223 484 Α
2249 407 2637 478 redemptionis
2663 423 2885 466 munere
2911 407 3115 466 electos
3139 424 3267 466 suos
3289 410 3341 466 in
3366 420 3569 470 aeterna
3593 413 3848 476 taberna-

543 515 719 568 turam
751 501 1103 568 humanitatis
1133 501 1287 570 ejus;
1321 499 1467 562 Urna
1498 513 1709 560 manna:
1749 499 2141 570 plenitudinem
2246 501 2364 558 cula
2393 501 2670 566 laetantes;
2699 515 2806 558 non
2837 514 2933 558 eos
2964 501 3144 571 utique
3171 501 3398 560 ulterius
3423 521 3451 558 a
3477 519 3576 560 sua
3599 521 3844 576 praesen-

533 596 866 652 diviuitatis:
913 593 1074 668 Virga
1124 593 1304 648 Aaron
1354 594 1650 666 potentiam
1699 593 1982 652 sacerdotii
2024 596 2144 662 ejus
2249 594 2319 650 tia
2350 593 2671 658 removebit,
2699 592 2794 650 sed
2826 608 2858 650 a
2885 593 3194 650 discrimine
3218 594 3426 664 iudicii,
3458 596 3605 667 quod
3633 598 3686 653 in
3717 614 3849 654 aere

541 685 940 758 inviolabilem;
999 683 1218 746 Tabula:
1274 686 1584 742 testamenti
1638 684 1967 756 designant,
2016 687 2142 756 quia
2243 685 2576 750 faciendum,
2605 685 2838 744 docente
2863 686 3146 755 Apostolo,
3177 689 3429 746 novimus
3456 689 3513 758 (Ι
3549 689 3730 746 Thess.
3773 707 3849 757 tr,

537 782 654 854 ipse
676 788 764 859 est
783 779 870 847 qui
897 776 1070 848 legem
1095 776 1356 844 condidit,
1381 779 1583 850 quique
1611 777 1774 836 etiam
1804 777 2144 836 benedictio-

537 887 661 927 nem
695 871 798 940 his,
822 869 910 938 qui
941 868 1112 938 legem
1140 867 1360 932 faciunt.
1395 868 1563 924 dabit.
1599 868 1744 924 Bene
1772 877 1952 936 autem
1978 868 2140 926 Tem-

537 965 684 1036 plum
719 977 830 1032 prze
857 960 1065 1016 foribus
1089 959 1306 1028 Qraculi
1333 977 1405 1018 xv
1433 973 1548 1024 erat
1574 962 1878 1022 cubitorum
1910 962 2144 1033 longitu-

539 1056 707 1121 dinis,
753 1054 1012 1126 quoniam
1057 1051 1231 1107 adhuc
1261 1053 1313 1108 in
1356 1053 1457 1110 hac
1504 1053 1612 1107 vita
1639 1053 1861 1124 jejuniis
1891 1062 1947 1110 et
1969 1054 2144 1110 conti-

539 1151 720 1205 nentia
749 1147 997 1222 castigari
1021 1155 1258 1216 oportet,
1295 1157 1347 1200 ut
1375 1145 1441 1204 ad
1476 1147 1703 1200 interna:
1729 1145 2032 1202 dulcedinis
2056 1161 2144 1200 sa-

537 1243 777 1298 tietatem
808 1240 1090 1310 pervenire
1121 1238 1435 1304 videamur;
1471 1254 1595 1294 nam
1625 1239 1729 1294 hoc
1762 1255 1989 1295 numero
2016 1252 2137 1293 cas-

542 1333 856 1403 ligationem
907 1329 1032 1384 vita:
1076 1329 1359 1398 prmsentis
1404 1329 1605 1399 signari
1640 1328 1893 1400 intelligit
1938 1329 2141 1396 omnis,

539 1425 630 1496 qui
658 1421 1148 1502 quadragenarium
1179 1419 1370 1492 Moysi,
1404 1421 1489 1476 vel
1517 1420 1709 1487 Heliae,
1736 1423 1816 1478 vel
1843 1421 2012 1490 ipsius
2037 1419 2138 1474 Do-

540 1522 666 1576 mini
714 1519 982 1590 jejunium
1036 1525 1181 1574 recte
1232 1515 1531 1586 intelligere
1587 1515 1720 1572 vult.
1774 1516 1918 1576 liene
1964 1514 2144 1584 ipsum

539 1614 853 1676 Oraculum,
884 1613 935 1665 in
963 1625 1069 1684 quo
1098 1609 1260 1672 Area,
1294 1624 1414 1680 quae
1440 1624 1536 1679 per
1555 1608 1829 1666 Cherubin
1851 1610 2038 1680 glorim
2067 1618 2149 1665 te-

539 1707 789 1778 gebatur,
815 1719 887 1758 xx
915 1703 1126 1758 culntos
1148 1701 1523 1773 longitudinis,
1550 1701 1874 1766 latitudinis,
1904 1701 2150 1756 altitudi-

2248 779 2374 848 16),
2406 778 2462 838 in
2494 779 2876 834 habitationem
2907 778 3102 834 Patria:
3131 779 3372 836 cmlestis
3403 781 3699 837 immittens
3721 823 3740 846 ,
3794 791 3856 839 ut

2246 886 2346 941 pro
2375 871 2489 925 suis
2520 871 2748 940 quisque
2793 870 3004 930 meritis
3046 872 3368 940 promissam
3407 874 3563 943 regni
3599 874 3857 931 emlestis

2245 964 2431 1024 sedem
2462 963 2774 1034 percipiant.
2811 963 2958 1020 Bene
2997 972 3176 1022 autem
3211 963 3430 1031 dicitur.
3461 966 3603 1035 quod
3629 967 3856 1022 benedi~

2246 1067 2417 1112 centes
2442 1055 2567 1126 Regi
2596 1055 2811 1122 profecti
2832 1065 2948 1110 sunt
2977 1055 3032 1114 in
3059 1055 3395 1114 tabernacula
3425 1073 3541 1123 sua,
3572 1060 3700 1129 quia
3729 1059 3859 1116 haec

2247 1160 2331 1205 est
2359 1149 2612 1206 nimirum
2644 1149 2757 1204 sola
2790 1149 3072 1219 occupatio
3103 1149 3441 1218 quietissima
3496 1167 3560 1207 ac
3591 1151 3860 1208 ﬁdelissi-

2247 1257 2334 1298 ma
2363 1243 2560 1298 civium
2591 1256 2975 1311 supernorum,
3023 1243 3256 1312 hymnos
3283 1244 3579 1311 gratiarum
3621 1257 3722 1298 suo
3766 1242 3859 1302 di-

2248 1349 2373 1396 cere
2401 1320 2666 1388 conditori
2697 1351 2710 1386 :
2745 1331 2871 1400 hinc
2894 1332 3036 1390 enim
3065 1333 3326 1403 scriptum
3355 1343 3441 1391 est
3463 1334 3484 1406 ί
3512 1332 3603 1390 Ps.
3627 1349 3859 1401 uxxtn,

2247 1427 2323 1499 5)
2349 1445 2360 1482 :
2395 1425 2541 1484 Beati
2560 1427 2648 1497 qui
2671 1426 2902 1483 habitant
2929 1426 2981 1480 in
3011 1428 3161 1484 domo
3181 1435 3292 1488 tua.
3321 1427 3376 1484 in
3403 1427 3650 1486 malum
3673 1428 3858 1482 seculi

2249 1519 2532 1576 laudabunt
2560 1528 2609 1573 te
2647 1534 2666 1572 :
2713 1518 2961 1574 ltetantes
2991 1519 3043 1574 iu
3089 1528 3353 1587 tempore,
3389 1527 3445 1576 ct
3489 1519 3657 1576 alacri
3688 1519 3863 1576 corde

2250 1628 2412 1682 Super
2453 1611 2705 1668 omnibus
2749 1611 2928 1678 bouis,
2975 1626 3097 1682 qua:
3141 1611 3348 1674 fecerat
3379 1611 3642 1670 Dominus
3690 1613 3864 1670 David

2249 1719 2410 1764 servo
2457 1718 2577 1761 suo.
2611 1711 2668 1760 et
2717 1702 2880 1760 Israel
2929 1702 3128 1772 populo
3157 1717 3276 1758 suo.
3327 1703 3602 1762 Laetantes
3645 1705 3857 1774 quippe

544 1796 629 1854 nis
661 1794 913 1870 habebat,
947 1794 1033 1864 qui
1065 1807 1325 1850 numerus
1351 1792 1760 1864 perfectionem,
1791 1802 1847 1847 ut
1887 1792 2141 1859 diximus,
2176 1792 2224 1856 B
2245 1797 2375 1869 justi
2401 1811 2566 1866 super
2598 1795 2776 1862 bonis,
2811 1810 2930 1864 qua:
2957 1809 2987 1848 a
3018 1794 3249 1852 Domino
3278 1796 3573 1865 accipiunt,
3606 1796 3864 1853 taberna.

546 1892 776 1962 gemime
802 1889 1108 1952 dilectionis
1131 1888 1392 1952 insinuat,
1420 1886 1543 1958 quia
1571 1886 1827 1957 quidquid
1851 1887 1906 1942 in
1930 1885 2030 1944 hac
2052 1901 2148 1957 pe-

542 1984 913 2056 regrinatione
942 1997 1039 2052 pro
1065 1980 1176 2036 Deo
1200 1983 1429 2053 geritur,
1463 1989 1632 2036 totum
1664 1980 1764 2038 hoc
1790 1981 1844 2038 in
1875 1980 1963 2036 illa
1987 1996 2147 2036 man-

545 2079 697 2138 sione
725 2077 912 2148 patrige
939 2075 1215 2152 perennis,
1263 2073 1351 2130 ubi
1384 2072 1781 2144 magnificentia
1823 2073 1940 2142 ejus
1968 2073 2147 2130 conti-

552 2184 656 2226 nua
687 2169 950 2229 bonorum
975 2165 1259 2236 spirituum
1282 2164 1590 2220 laudatione
1611 2164 1934 2231 sustollitur,
1959 2165 2012 2220 in
2033 2166 2150 2222 sola

546 2258 854 2326 dilectionis
891 2255 1244 2327 amplitudine
1274 2253 1569 2334 perﬁcitur.
1617 2254 1744 2310 llaec
1777 2269 1895 2321 nos,
1942 2255 2152 2311 charis-

548 2350 694 2416 simi,
740 2349 792 2404 in
825 2349 1110 2418 praesentis
1158 2346 1278 2402 festi
1322 2346 1492 2405 nostri
1525 2345 1777 2415 gaudium
1827 2345 1896 2401 de
1942 2345 2152 2405 factura

557 2442 739 2512 templi
772 2454 947 2514 pauca
990 2455 1055 2494 ex
1087 2439 1332 2510 pluribus
1381 2438 1714 2496 fraternitati
1754 2449 1950 2495 vestrae
1985 2453 2156 2509 expo-

547 2535 725 2590 suisse
763 2534 942 2602 libuit,
977 2541 1244 2606 quatenus
1275 2541 1330 2590 et
1360 2531 1608 2598 miranda
1650 2533 1928 2590 terrestris
1957 2532 2154 2590 domus

541 2627 746 2702 fabrica
778 2627 1079 2694 delectaret
1107 2625 1416 2689 audientes,
1446 2634 1500 2682 et
1531 2624 1649 2684 haec
1677 2625 1867 2694 eadem
1895 2626 2155 2694 spiritua-

547 2720 672 2778 liter
700 2719 977 2790 intellecta
1009 2726 1222 2776 mentes
1251 2728 1465 2774 nOStras
1495 2717 1776 2775 ardentius
1801 2717 1870 2774 ad
1911 2733 2155 2774 amorem

549 2828 802 2883 superna:
835 2811 1184 2870 habitationis
1215 2812 1470 2882 erigeret.
1503 2809 1610 2868 Sed
1657 2813 1816 2867 etiam
1851 2813 1952 2870 hac
1995 2812 2159 2869 modo

551 2907 797 2975 exposita
847 2904 1221 2972 dedicatione,
1272 2920 1336 2960 ac
1380 2904 1673 2963 festivitate
1715 2908 2032 2974 subsecuta,
2085 2911 2157 2965 ita

549 2998 827 3067 Scriptura
877 2997 1145 3052 conclusit
1176 2996 1284 3063 (lli
1331 2997 1460 3068 Reg.
1507 3014 1625 3063 vttt,
1658 2997 1771 3070 66)
1815 3017 1828 3053 :
1864 2999 1932 3054 Et
1959 2988 2160 3056 dimisit

553 3089 802 3148 Salomon
830 3089 1070 3160 papulas,
1096 3090 1181 3160 qui
1208 3088 1561 3146 benedicentes
1592 3089 1722 3162 Regi
1765 3093 1985 3162 profecti
2035 3103 2157 3149 sunt

2249 1889 2372 1946 cula
2398 1889 2678 1944 introeunt
2705 1887 3012 1946 cmlestium
3044 1888 3413 1952 mansionum,
3444 1889 3570 1958 quia
3616 1889 3868 1955 quamvis

2247 1995 2444 2052 graves
2474 1979 2637 2050 hujus
2677 1977 2886 2045 saeculi,
2920 1978 3167 2048 quamvis
3195 1978 3341 2050 longi
3377 1977 3577 2040 fuerint
3615 1979 3858 2046 labores,

2252 2074 2414 2132 breve
2445 2071 2698 2130 nimirum
2727 2077 2782 2124 et
2810 2070 2930 2126 leve
2973 2068 3234 2140 quidquid
3280 2081 3483 2128 aeterna
3513 2069 3858 2127 beatitudine

2253 2167 2460 2226 linitur.
2506 2163 2660 2224 Unde
2698 2169 2932 2233 oportet,
2965 2161 3264 2227 Carissimi,
3315 2170 3374 2217 ut
3405 2162 3458 2218 in
3487 2159 3866 2224 aediﬁcatione

2255 2259 2458 2314 Domus
2487 2257 2578 2316 Dei
2607 2253 2976 2327 unusquisque
3005 2261 3248 2310 nostrum
3293 2251 3667 2318 exhortando,
3697 2252 3862 2309 obseo

2255 2353 2478 2420 crando,
2538 2349 2888 2420 increpando,
2944 2349 3057 2419 ipse
3099 2346 3199 2418 piis
3248 2345 3458 2402 actibus
3503 2344 3860 2410 deaudando,

2257 2457 2513 2520 quantum
2541 2446 2705 2511 valet,
2739 2444 2972 2507 insistat,
2998 2455 3063 2497 ne
3090 2442 3134 2497 si
3155 2439 3460 2510 quempiam
3483 2437 3600 2495 Rex
3621 2439 3864 2495 celestis

2259 2555 2402 2596 nunc
2426 2536 2674 2594 desidere
2703 2536 2768 2605 in_
2789 2549 2956 2605 opere
2981 2534 3061 2592 sui
3091 2531 3280 2602 templi
3305 2531 3678 2601 conspexerit,
3710 2532 3866 2586 hunc

2260 2638 2314 2694 in
2346 2643 2588 2704 tempore
2632 2631 2824 2689 futurae
2851 2629 3233 2696 dedicationis,
3267 2643 3476 2699 magna
3505 2641 3620 2683 sua:
3657 2626 3863 2681 solem-

2259 2731 2446 2786 nitatis
2477 2727 2670 2784 reddat
2698 2735 2965 2782 exortem.
3012 2723 3336 2794 Satagautus
3363 2733 3553 2777 mutuo
3579 2720 3866 2777 cbaritatis

2261 2825 2484 2888 auxilio,
2516 2830 2576 2877 ut
2601 2835 2792 2877 omnes
2813 2833 2908 2876 vos
2937 2817 3104 2874 alacri
3149 2817 3336 2881 corde,
3365 2825 3423 2872 et
3460 2815 3761 2870 indefessos
3807 2814 3864 2870 in

2260 2918 2535 2990 operibus,
2565 2930 2688 2986 qua:
2719 2915 2834 2984 ipse
2877 2913 3156 2983 prmcepit,
3186 2912 3508 2973 -inveniens,
3559 2924 3753 2964 omnes
3788 2907 3860 2963 ad

2264 3011 2503 3080 praemia,
2537 3024 2654 3078 qua:
2685 3006 2952 3076 promisit,
2985 3012 3259 3073 perpetuas
3285 3017 3399 3057 sure
3430 3001 3654 3056 visionis
3683 2999 3861 3056 intro-

2261 3101 2422 3156 ducat
2470 3102 2627 3157 Jesus
2674 3097 2924 3155 Christus
2959 3097 3219 3154 Dominus
3263 3101 3470 3158 noster,
3502 3093 3592 3162 qui
3641 3091 3776 3146 vit-it
3805 3098 3864 3146 et

551 3185 604 3237 in
636 3183 970 3238 tabernacula
996 3199 1112 3246 sua,
1146 3184 1400 3250 laetantes.
1429 3193 1475 3240 et
1505 3185 1669 3242 alacri
1692 3187 1846 3244 corde
1866 3203 2154 3260 superam-
2179 3167 2225 3231 (ἶ
2260 3201 2451 3264 regnat
2480 3207 2602 3248 cum
2635 3192 2795 3252 Patre
2821 3189 2960 3244 Deus
2987 3187 3040 3242 in
3064 3187 3269 3243 unitate
3295 3185 3528 3256 Spiritus
3557 3181 3743 3239 Sancti
3769 3196 3867 3251 per

551 3272 701 3328 nibus
723 3272 868 3334 bonis
891 3287 1005 3337 qua:
1031 3271 1224 3341 fecerat
1252 3271 1500 3332 Dominus
1531 3274 1702 3330 Dauid
1737 3294 1899 3349 puero
1927 3295 2022 3334 suo
2047 3320 2062 3344 ,
2104 3289 2154 3335 et

553 3361 721 3420 Israel
749 3362 943 3434 populo
979 3379 1071 3420 suo
1114 3378 1132 3420 :
1177 3363 1418 3426 Dimittat
1461 3365 1605 3424 enim
1641 3367 1900 3424 Dominus
1933 3383 2154 3439 peracto

2260 3297 2455 3346 Cuncta
2481 3285 2680 3342 saecula
2701 3284 3050 3340 saeculorum.
3080 3281 3272 3338 Aman.

614 3495 3823 3524 “mm

1486 3681 1490 3686 ι
1589 3618 2169 3706 MONITUM
2219 3614 2818 3704 EDITORIS.

627 3755 686 3813 In
713 3757 950 3813 editione
981 3756 1277 3813 Veronensi
1307 3772 1374 3815 eo
1405 3758 1508 3814 loci
1551 3759 1893 3816 interserilur
1920 3775 2153 3830 opuscu-

555 3849 666 3904 lum
691 3850 778 3905 cui
808 3849 994 3904 titulus
1023 3867 1036 3903 :
1072 3849 1296 3904 Murum
1332 3851 1387 3904 in
1416 3848 1674 3917 Genesim,
1712 3851 1782 3905 ad
1810 3850 2030 3906 Leonem
2057 3871 2153 3923 pa-

555 3957 694 4010 pam.
726 3939 880 4008 Quod
908 3941 1125 4012 quidem
1155 3955 1396 4010 carmen,
1438 3957 1560 3998 cum
1605 3942 1674 3998 ad
1717 3943 1978 3999 Hilarium
2025 3959 2152 4000 nos-

2259 3769 2402 3816 trum
2433 3771 2539 3813 non
2573 3756 2845 3826 pertinere
2875 3763 3036 3806 nemo
3060 3746 3394 3803 eruditorum
3425 3743 3632 3800 inﬁcias
3655 3755 3769 3810 eat,
3791 3743 3863 3802 ad

2258 3852 2436 3921 Opera
2459 3849 2634 3904 sancti
2664 3862 2818 3920 papae
2839 3847 2926 3902 cui
2954 3849 3299 3913 nuncupatur
3326 3836 3673 3910 relegandum
3702 3835 3866 3892 duri-

2261 3957 2399 3999 mus.

561 4060 3831 4090 ______________________________________________——.

1079 4185 1425 4271 LIBER
1497 4182 1659 4272 DE
1733 4187 2149 4272 PATRIS
2225 4186 2376 4269 ET
2435 4183 2709 4269 FILII
2765 4178 3329 4281 UNITATE,

881 4368 984 4434 ET
1061 4367 1416 4446 ALIQUOT
1490 4367 1878 4436 LOCORUM
1946 4365 2230 4436 SACIUE
2307 4360 2769 4437 SCRIPTUBE
2852 4352 3528 4428 INTERPRETATIO.

1860 4521 2074 4580 uasat
2083 4515 2553 4575 0986+“.

625 4669 728 4736 Qui
777 4667 911 4723 hunc
953 4665 1142 4721 librum
1181 4679 1318 4719 anno
1349 4663 1490 4720 1555
1519 4663 1656 4735 typis
1687 4661 2030 4718 Frobenianis
2064 4661 2149 4715 edi

549 4770 878 4826 curaverunt,
921 4757 1180 4813 vixillum
1216 4773 1243 4810 e
1282 4756 1426 4827 prelo
1452 4757 1824 4821 subduxerunt,
1856 4770 1971 4809 cum
2005 4770 2147 4808 eom-

547 4863 790 4927 pererunt
811 4854 959 4907 illum
980 4867 1084 4906 non
1109 4865 1293 4904 nouum
1318 4848 1511 4906 Hilarii
1528 4865 1676 4919 opus.
1699 4847 1788 4903 sed
1809 4845 2144 4916 rhapsodiam

547 4963 656 5002 esse
677 4943 895 5000 studiosi
922 4941 1240 5015 cujuspiam,
1270 4948 1377 4994 tum
1409 4956 1436 4993 e
1458 4939 1683 4994 secundo
1717 4938 1848 4993 libro
1873 4937 1939 4996 de
1963 4934 2142 4993 Trini-

547 5046 668 5102 tate,
694 5046 802 5090 tum
827 5034 1048 5090 maxime
1091 5047 1153 5086 ea:
1179 5047 1314 5085 nono
1350 5031 1780 5095 consarcinatum,
1823 5029 1904 5084 cui
1933 5027 2144 5083 aliunde

544 5130 755 5186 adtexta
787 5135 861 5182 est
899 5125 1162 5196 appendix
1199 5124 1261 5178 de
1302 5123 1456 5178 variis
1491 5122 1682 5180 Christi
1727 5120 2136 5193 cognominibus.

547 5221 678 5278 Huic
704 5235 859 5291 porro
903 5217 1162 5290 appendix
1200 5216 1456 5287 descripta
1498 5224 1572 5271 est
1594 5232 1657 5270 ea:
1692 5231 1809 5284 cap.
1848 5213 1882 5269 6
1910 5213 2030 5268 libri
2072 5213 2139 5270 de

543 5315 646 5382 ﬁde
680 5311 988 5375 orthodoxa,
1028 5308 1170 5378 apud
1213 5308 1540 5362 Ambrosium
1577 5317 1633 5364 et'
1651 5306 1794 5377 apud
1834 5304 2138 5376 Gregorium

548 5403 686 5459 Naa.
711 5402 930 5474 vulgati,
964 5417 1109 5471 Quem
1135 5398 1371 5469 Gregorii
1395 5396 1578 5454 Baetici
1621 5413 1730 5452 esse
1749 5397 1960 5468 plurimi
1995 5395 2137 5449 arbi-

543 5504 764 5550 trantur.
793 5491 877 5547 Ea:
903 5493 1078 5545 eodem
1107 5489 1457 5546 additamenta
1487 5489 1758 5558 conﬁcitur
1781 5501 1944 5547 sermo
1964 5488 2019 5542 in
2043 5502 2138 5558 ap-

546 5585 758 5654 pendice
783 5581 1061 5652 Augustini
1091 5596 1225 5636 nunc
1253 5581 1379 5637 115.

616 5676 758 5731 Deus
781 5675 872 5745 qui
904 5673 1102 5743 ubique
1131 5679 1217 5728 est
1245 5670 1355 5743 (Ea:
1391 5671 1480 5729 lib.
1524 5687 1561 5728 tt
1607 5669 1798 5728 Hilarii
1826 5671 1890 5728 de
1923 5670 2135 5742 Trinit.,

545 5779 697 5824 num.
725 5763 812 5835 ὅ),
836 5773 892 5820 et
922 5765 1121 5838 ubique
1147 5771 1292 5830 totus
1315 5773 1419 5834 est,
1450 5765 1520 5820 ita
1556 5765 1798 5846 regimen
1832 5765 2138 5849 intelligen-

2253 4657 2340 4713 tiae
2367 4655 2601 4720 excedit.
2633 4663 2784 4714 extra
2823 4668 2981 4726 quem
3015 4651 3150 4708 nibil
3177 4659 3281 4714 est.
3311 4649 3396 4708 cui
3428 4663 3645 4722 semper
3668 4652 3762 4716 sit,
3795 4658 3856 4706 ut

2253 4751 2357 4808 hoc
2392 4750 2553 4806 modo
2588 4765 2649 4808 se
2687 4748 2818 4806 velit
2856 4748 2909 4806 in
2959 4747 3185 4803 veritate
3232 4743 3565 4802 sacramenti
3594 4741 3848 4814 intelligi.

2255 4844 2368 4902 Hoc
2387 4843 2836 4914 imperspicabilis
2861 4849 3068 4904 natura
3093 4848 3179 4900 est
3202 4853 3401 4896 nomen
3421 4838 3474 4904 in
3500 4837 3679 4904 Patre,
3705 4839 3853 4908 quod

2251 4943 2394 4999 Deus
2423 4939 2724 5004 invisibilis,
2752 4935 3061 5002 ineﬂabilis,
3092 4933 3354 4999 inﬁnitus,
3385 4932 3451 4990 ad
3473 4948 3634 5004 quem
3660 4942 3713 4987 et
3735 4931 3852 4989 elo-

2245 5033 2520 5106 queudum
2542 5045 2724 5090 sermo
2763 5029 2947 5094 sileat,
2979 5038 3034 5084 et
3061 5025 3495 5097 investigandum
3521 5038 3715 5084 senats
3749 5021 3850 5078 be-

2247 5127 2484 5189 betetur.
2535 5133 2591 5180 et
2619 5119 3090 5192 complectemlum
3137 5116 3486 5190 intelligentia
3513 5125 3844 5174 coarctetur.

2214 5267 2218 5269 .
2247 5217 2447 5279 Deficit
2470 5230 2602 5286 ergo
2627 5212 2738 5286 (Ex
2767 5229 2912 5272 num.
2951 5209 3010 5282 7)
3037 5212 3089 5272 in
3121 5209 3522 5280 nuncupatione
3547 5206 3842 5276 confessio,

2245 5320 2300 5367 et
2336 5308 2597 5381 quidquid
2643 5307 2720 5362 illi
2763 5320 3076 5364 sermonum
3105 5303 3398 5375 aptabitttr,
3443 5301 3611 5362 Deum
3640 5310 3701 5356 ut
3735 5307 3842 5365 est,

2245 5411 2587 5475 quantusque
2611 5407 2716 5467 est,
2743 5414 2850 5456 non
2887 5399 3157 5468 loquetur.
3203 5395 3452 5454 Perfecta
3480 5393 3704 5454 scientia
3730 5403 3842 5460 est,

2245 5495 2324 5551 sic
2353 5494 2523 5550 Deum
2545 5493 2708 5556 scire.
2743 5499 2799 5548 ut
2825 5490 2954 5548 licet
2973 5506 3080 5546 non
3113 5487 3494 5559 ignorabiletn,
3517 5494 3696 5546 tamen
3727 5483 3846 5540 ine,

2244 5582 2572 5645 narraliilem
2601 5580 2765 5638 scias.
2796 5579 3111 5636 Credendus
3147 5591 3254 5645 eat,
3282 5574 3688 5654 intelligendus,
3708 5573 3843 5638 adn-

2244 5675 2452 5733 rendus
2473 5683 2576 5738 est,
2605 5683 2659 5728 et
2683 5675 2748 5729 iis
2772 5671 2968 5730 ofﬁciis
2993 5669 3347 5744 eloquentius.

2321 5768 2419 5835 est
2443 5776 2624 5832 autem
2655 5764 2824 5832 Filias
2847 5765 3135 5852 progenies
3175 5761 3395 5847 insaniit
3421 5757 3535 5846 (Es
3573 5773 3719 5828 ιιιιη·
3752 5755 3839 5834 8).
