4200 6256
339 317 450 374 885

1318 304 1524 364 LIBER
1575 301 1664 360 DE
1697 296 1946 358 PATRIS
1984 293 2075 352 ET
2117 293 2273 351 ΕΗΔ-1
2314 291 2636 372 ΗΜΤΔΤΕ.

3525 287 3633 344 886

336 443 477 485 unus
503 439 723 493 ex‘uno,
753 439 916 480 ναι-υς
944 439 976 478 a
1008 436 1159 488 vero,
1187 420 1339 475 vivus
1367 433 1397 472 a
1423 418 1568 480 vivo,
1611 413 1879 485 perfectus
1900 426 1931 466 a
1959 414 2014 476 Α
2034 424 2198 468 manu
2249 425 2344 465 sua
2389 409 2585 484 operit,
2627 419 2805 478 pugno
2847 417 3061 462 onmem
3103 401 3370 460 mundum
3408 402 3628 472 claudit,

335 520 600 593 perfecto,
632 518 848 575 virtutis
887 516 1078 579 virtus,
1121 510 1400 582 sapientiae
1444 507 1728 578 sapientia.
1760 503 1931 574 gloria

324 612 547 684 gloriae,
591 610 768 680 imago
794 605 1078 662 invisibilis
1120 603 1238 669 Dei,
1271 602 1441 656 forma
1472 598 1640 668 patris
1665 596 1882 667 ingeniti
1918 613 1930 648 :

338 707 505 762 habet
549 705 710 775 igitur
752 700 1048 758 nativitatis
1093 697 1252 770 hujus
1293 696 1478 766 utique
1529 701 1796 748 secretum
1829 686 1936 760 (Ex

340 815 485 854 num.
517 797 594 870 9).
624 797 692 850 Ει
721 795 765 850 si
790 795 908 866 quis
935 794 1070 848 forte
1101 790 1470 860 intelligentiae
1497 801 1609 840 suae
1638 786 1934 852 imputave-

343 890 433 954 rit,
468 884 836 960 generationis
865 883 1025 954 hujus
1053 888 1446 937 sacramentum
1475 892 1579 934 non
1609 889 1769 946 posse
1799 888 1932 928 con-

342 983 520 1050 Sequi,
547 994 668 1032 cum
697 986 874 1031 tamen
905 984 957 1029 et
981 974 1140 1029 Pater
1162 972 1232 1027 sit
1259 970 1503 1026 absolute
1535 968 1858 1030 intellectus,
1883 973 1937 1018 et

342 1071 518 1128 Filius
543 1085 641 1125 nec
683 1067 857 1138 major
889 1083 974 1133 eo,
1010 1081 1110 1120 nec
1154 1066 1368 1128 minor;
1419 1063 1536 1116 sine
1562 1060 1749 1115 dolore
1787 1073 1815 1111 a
1849 1072 1934 1111 me

345 1162 550 1227 audiet,
586 1161 801 1230 Ignoro,
827 1173 927 1230 ego
957 1157 1162 1223 nescio,
1193 1171 1302 1210 non
1332 1153 1570 1223 requiro.
1605 1149 1937 1206 Consolabor

344 1271 432 1310 me
468 1263 645 1308 tamen
680 1250 1042 1319 :Archangeli
1072 1250 1338 1308 nesciunt,
1373 1245 1563 1315 Angeli
1596 1260 1700 1298 non
1749 1243 1934 1296 audie-

342 1342 490 1411 runt,
533 1342 800 1412 PrOpheta
850 1356 954 1395 non
1002 1340 1188 1402 sensit,
1239 1337 1530 1408 Apostolus
1562 1334 1932 1403 interrogavit,

341 1437 512 1493 Filius
535 1436 649 1504 ipse
671 1449 780 1489 non
806 1432 995 1488 edidit.
1025 1432 1217 1487 Cesset
1240 1433 1393 1484 dolor
1422 1429 1787 1498 querelarum.
1818 1425 1936 1481 Non

343 1539 417 1596 te,
440 1527 682 1599 quisquis
707 1541 768 1582 es
795 1526 883 1596 qui
912 1526 1030 1580 haec
1066 1522 1285 1593 quaeris,
1327 1535 1524 1575 revoco
1556 1521 1608 1573 in
1634 1518 1932 1583 excelsum,

342 1637 452 1678 non
491 1621 549 1676 in
590 1617 1000 1688 amplitudinem
1039 1613 1224 1682 tendo,
1297 1628 1404 1666 non
1448 1611 1658 1666 deduco
1701 1610 1755 1664 in
1805 1625 1934 1680 pro-

340 1714 589 1770 fundum.

2039 517 2197 572 quem
2247 510 2416 558 totum
2465 502 2644 557 omnia
2687 498 2956 564 nesciunt,
3001 506 3056 551 et
3092 496 3384 554 metuendo
3431 497 3630 564 sciunt,

2044 593 2202 664 cujus
2241 594 2444 648 nomini
2493 603 2547 649 et
2588 574 2773 647 virtuti
2814 589 3162 655 famulantur,
3195 587 3339 643 hunc
3381 589 3535 644 orbis
3564 605 3631 644 ex

2037 689 2152 759 ipsa
2183 690 2571 745 elementorum
2599 689 2701 744 sibi
2723 685 3124 744 succedentium
3155 669 3532 742 momentanea
3556 687 3637 741 vi-

2037 783 2350 838 cissitudine
2391 792 2636 837 testatur.

2110 875 2266 930 Ratio
2293 876 2536 946 quaedam
2558 883 2662 940 est,
2685 887 2802 942 quae
2824 872 2964 941 apud
2993 871 3211 928 Graecos
3236 871 3382 946 λὸγος
3397 870 3637 940 appella-

2008 951 2145 1035 -t'ur,
2180 983 2299 1037 quae
2329 968 2466 1020 inter
2490 967 2701 1020 Patrem
2746 972 2808 1018 et
2837 963 3029 1018 Filium
3067 977 3326 1032 personas
3369 963 3452 1017 vel
3481 977 3638 1017 voca-

2039 1060 2160 1115 bula
2207 1059 2486 1126 distinguit
2518 1075 2528 1109 :
2561 1059 2683 1127 quia
2714 1057 2828 1125 ipse
2877 1055 3041 1110 Filius
3087 1054 3226 1108 ratio
3270 1054 3484 1118 dicitur,
3515 1069 3633 1123 quzc

2032 1159 2220 1205 tamen
2245 1150 2382 1203 ratio
2411 1148 2598 1202 multis
2625 1147 2931 1200 nominibus
2953 1145 3273 1216 appellatur.
3307 1143 3464 1198 Modo
3486 1144 3629 1198 enim

2040 1244 2287 1308 verbum,
2319 1241 2478 1296 modo
2528 1241 2716 1306 virtus,
2764 1239 2923 1292 modo
2975 1236 3258 1306 sapientia,
3295 1233 3454 1288 modo
3498 1234 3634 1288 dex-

2042 1346 2177 1400 tera,
2212 1334 2371 1389 modo
2402 1331 2706 1393 brachium,
2756 1329 2915 1382 modo
2961 1327 3271 1397 margarita,
3313 1325 3476 1379 modo
3514 1325 3633 1377 the-

2039 1442 2254 1494 saurus,
2279 1426 2440 1480 modo
2472 1425 2625 1489 retia,
2656 1423 2815 1477 modo
2836 1430 3094 1487 aratrum,
3119 1419 3279 1474 modo
3310 1418 3452 1486 fons,
3474 1418 3634 1473 modo

2038 1533 2214 1594 petra,
2261 1519 2422 1575 modo
2469 1518 2606 1586 lapis
2662 1515 2954 1586 angularis,
3003 1513 3165 1567 modo
3218 1527 3409 1582 agnus,
3467 1512 3630 1565 modo

2043 1619 2225 1680 homo,
2254 1613 2415 1668 modo
2442 1609 2662 1674 vitulus,
2708 1607 2867 1662 modo
2896 1605 3098 1676 aquila,
3131 1603 3292 1659 modo
3321 1603 3429 1669 leo,
3473 1603 3634 1657 modo

2039 1710 2147 1776 via,
2179 1708 2340 1766 modo
2369 1707 2587 1771 veritas,
2613 1702 2775 1758 modo
2802 1703 2930 1768 vita,
2957 1715 3080 1756 cum
3115 1699 3184 1753 sit
3208 1697 3350 1753 Deus
3379 1697 3558 1752 omnia
3580 1705 3635 1750 et

415 1803 542 1859 “me
569 1803 639 1860 de
672 1813 864 1859 “alma
906 1799 1208 1857 ἀίνίηίιθιίε
1249 1797 1522 1868 “ﬁgimus
1550 1795 1660 1870 (Ex
1687 1813 1831 1850 ηυηι·
1867 1795 1927 1850 Η
1967 1796 2012 1858 Β
2041 1804 2093 1859 in
2122 1803 2390 1857 omnibus.
2430 1799 2500 1854 Et
2530 1814 2624 1867 per
2653 1799 2769 1852 bare
2796 1795 3055 1851 vocabula
3087 1793 3388 1850 divinarum
3419 1792 3635 1862 dispen-

339 1907 386 1956 ει
417 1896 526 1968 12),
560 1912 670 1952 non
697 1911 960 1952 summam
985 1893 1352 1959 intelligentia:
1381 1890 1927 1959 comprehendentes,

338 1989 434 2045 sed
458 1988 820 2059 intelligentes
843 1982 1408 2055 incomprehensibilia
1446 1997 1569 2036 esse
1605 1996 1724 2050 qua:
1757 1979 1929 2050 loqui-

339 2095 481 2135 mur.
510 2079 721 2134 Nullum
753 2094 902 2148 ergo,
930 2077 1088 2140 dicis,
1117 2075 1356 2132 officium
1383 2072 1504 2128 ﬁdei
1528 2081 1632 2139 est,
1664 2074 1706 2128 si
1739 2072 1810 2127 nil
1837 2086 1929 2141 po-

340 2173 469 2228 terit
489 2170 893 2242 comprehendi.
919 2169 1087 2226 lmmo
1114 2169 1217 2224 hoc
1245 2166 1478 2222 cilicium
1509 2165 1642 2221 fides
1681 2165 1930 2236 proﬁtea‘

339 2273 447 2330 tur,
499 2265 552 2317 id
602 2263 759 2320 unde.
780 2263 1037 2335 quaeritur
1079 2261 1622 2332 incomprehensibile
1663 2259 1766 2314 sibi
1803 2273 1930 2315 esse

335 2355 504 2412 scire.
525 2355 784 2426 Superest
799 2356 864 2412 de
886 2353 1231 2410 inenarrabili
1246 2352 1594 2423 generatione
1611 2350 1732 2406 Filii
1755 2350 1931 2404 adhuc

340 2447 759 2516 aliquidzimmo
783 2445 982 2517 aliquid
1014 2445 1144 2500 illud
1175 2444 1354 2499 adhuc
1381 2453 1550 2498 totum
1581 2451 1682 2498 est.
1711 2439 1926 2508 (Estne,

338 2541 576 2606 differor,
623 2541 878 2602 hebesco.
909 2550 964 2596 et
1003 2539 1142 2594 unde
1191 2539 1443 2607 incipiam
1483 2538 1689 2593 nescio.
1737 2537 1930 2592 Nescio

335 2634 482 2690 enim
509 2632 724 2704 quando
753 2642 909 2690 natus
942 2633 1011 2686 sit
1037 2630 1204 2685 Filius
1231 2648 1243 2684 :
1272 2638 1328 2685 et
1351 2630 1501 2684 nefas
1523 2638 1608 2684 est
1632 2627 1765 2682 mihi
1790 2628 1930 2683 scire

337 2723 556 2795 quando
586 2734 742 2777 natus
771 2723 840 2776 sit
879 2721 1066 2776 Filius.
1097 2721 1267 2790 Quem
1299 2718 1605 2789 imprecer?
1643 2734 1800 2788 quem
1831 2719 1928 2770 itu-

339 2816 583 2886 plorem?
609 2829 676 2870 ex
713 2813 911 2885 quibus
955 2813 1106 2868 libris
1145 2811 1211 2866 ad
1253 2821 1522 2866 tantarum
1554 2808 1929 2863 difficultatum

339 2909 702 2966 narrationem
758 2907 918 2962 verba
974 2905 1343 2976 praesumam?
1402 2903 1661 2958 Evolvam
1713 2916 1928 2956 omnem

339 3002 562 3064 Graeciae
589 3000 869 3056 scholam?
901 2999 1006 3054 Sed
1035 2999 1162 3068 legi,
1195 2998 1284 3050 ubi
1309 2995 1567 3065 sapiens?
1600 2994 1684 3048 ubi
1717 2994 1931 3048 scriba?

342 3094 433 3149 ubi
463 3093 796 3164 conquisitor
822 3091 1050 3147 saeculi?
1079 3090 1132 3144 In
1165 3089 1268 3143 hoc
1286 3103 1416 3158 ergo
1445 3086 1642 3141 utundo
1669 3087 1930 3154 sophistae

341 3189 491 3244 multi
511 3192 847 3258 etsapientes
875 3195 1033 3242 sunt:
1063 3185 1378 3261 sapientiam
1407 3193 1585 3236 autem
1616 3180 1710 3235 Dei
1739 3195 1929 3250 repro-
1957 3165 2002 3227 (ἶ

342 3281 627 3337 baverunt.
669 3280 915 3336 Scribam
943 3280 1075 3356 legis
1109 3276 1426 3332 consulam?
1471 3275 1575 3331 Sed
1616 3274 1845 3344 ignorat,
1877 3282 1935 3329 et

343 3388 474 3428 crux
499 3371 698 3428 Christi
725 3372 1039 3428 scandalum
1068 3381 1169 3425 est.
1207 3368 1478 3424 Hortabor
1507 3368 1648 3424 forte
1673 3382 1767 3423 vos
1801 3382 1932 3422 con-

343 3467 530 3522 nivere
577 3476 629 3522 et
675 3477 855 3521 tacere
889 3484 902 3520 :
943 3466 1068 3536 quia
1099 3467 1165 3518 ad
1201 3465 1603 3518 venerationem
1644 3462 1760 3532 ejus
1806 3461 1934 3515 satis

343 3559 436 3630 sit,
471 3560 610 3631 quod
637 3559 690 3614 in
732 3559 1037 3628 Evangeliis
1074 3557 1396 3627 prmdicatnr
1424 3566 1567 3610 tanta
1594 3556 1732 3610 inter
1763 3553 1936 3608 homi-

345 3668 444 3710 nes
465 3651 658 3708 l'ecisse
683 3651 948 3722 stupenda
975 3651 1234 3721 prodigia.

419 3742 505 3800 Ea:
534 3761 672 3803 num.
713 3745 801 3801 15.
833 3743 1184 3798 ——Consistit
1212 3742 1356 3797 enim
1402 3756 1581 3796 meum
1614 3741 1663 3794 in
1694 3739 1930 3810 patroci-

347 3839 494 3893 nium
518 3838 897 3894 meditatarum
921 3837 1297 3892 difficultatum
1326 3835 1557 3906 piscator
1579 3849 1762 3904 egens,
1790 3833 1939 3904 igno-

351 3947 456 4003 tus,
491 3937 759 4001 indoctus,
795 3937 1041 3992 manibus
1068 3937 1179 3989 lino
1203 3934 1498 4003 occupatis,
1528 3943 1676 3986 veste
1697 3929 1935 3999 hun'tida,

349 4031 578 4102 pedibus
607 4031 734 4086 limo
776 4031 978 4095 oblitis,
1014 4039 1156 4084 totus
1184 4044 1214 4082 e
1257 4028 1397 4081 navi.
1425 4026 1660 4093 Quaerite
1709 4034 1762 4080 et
1791 4025 1940 4080 inve-

353 4124 486 4193 nite,
517 4133 694 4185 utrum
735 4123 1033 4185 mirabilius
1054 4121 1216 4176 fuerit
1255 4126 1495 4173 mortuos
1535 4118 1844 4182 suscitasse,
1873 4132 1939 4170 an

353 4219 608 4288 imperito
655 4218 936 4273 scientiam
977 4217 1129 4270 istius
1183 4213 1442 4268 doctrina:
1486 4210 1800 4265 intimasse?
1856 4211 1945 4265 Ait

355 4313 519 4375 enim,
556 4313 612 4367 In
640 4311 903 4381 principio
939 4317 1055 4364 erat
1079 4307 1337 4363 Verbum.
1387 4305 1760 4360 Transeuntur
1804 4311 1941 4357 tem-

357 4421 510 4477 pora,
539 4405 973 4460 transmittuntur
995 4401 1211 4464 saecula,
1247 4398 1507 4452 tolluntur
1527 4405 1742 4451 mtates:
1769 4395 1945 4464 pisca-

353 4508 441 4554 tor
472 4493 622 4558 meus
650 4498 958 4554 illitteratus
983 4496 1118 4550 liber
1144 4508 1175 4546 a
1213 4501 1454 4562 tempore
1489 4499 1592 4556 est,
1625 4490 1753 4544 vicit
1778 4503 1940 4544 onme

354 4591 699 4663 principium.

438 4683 758 4756 Principium
790 4683 879 4737 lib.
906 4698 978 4736 Ix.
1008 4709 1076 4720 —
1097 4679 1412 4733 Tractantes
1445 4685 1568 4730 ante
1596 4689 1794 4746 paucos
1834 4674 1948 4728 dies

361 4777 429 4834 de
473 4777 796 4838 indin‘erenti
846 4785 1035 4830 natura
1080 4773 1171 4828 Dei
1224 4773 1389 4842 patris
1434 4779 1487 4826 et
1517 4770 1609 4825 Dei
1656 4769 1771 4833 filii,
1815 4780 1948 4832 etc.,

361 4885 522 4938 usque
566 4868 635 4922 ad
658 4867 768 4924 lum:
793 4882 936 4922 num.
967 4863 1058 4918 M.
1109 4865 1187 4918 Ac
1226 4863 1302 4918 sic
1334 4861 1625 4932 perfectam
1659 4859 1817 4914 fidem
1849 4858 1949 4914 do-

364 4961 498 5026 cuit,
522 4974 645 5019 cum
680 4957 730 5012 id
759 4957 899 5028 quod
930 4956 1091 5012 modo
1129 4965 1231 5020 est,
1263 4954 1502 5025 ejusdem
1536 4952 1793 5022 temporis
1820 4965 1955 5020 Opus

365 5052 470 5117 sit;
495 5059 548 5105 et
576 5050 626 5106 id
657 5049 799 5122 quod
821 5057 1077 5120 operatur
1105 5047 1262 5108 Pater
1286 5054 1539 5116 cperatur
1579 5053 1636 5099 ct
1663 5043 1831 5098 Filius
1859 5057 1950 5098 ex-

369 5155 449 5202 tra
475 5142 762 5215 singularis
792 5143 861 5203 sit
892 5141 1166 5198 unionem.

440 5235 524 5292 Ea:
541 5235 699 5305 capit.
727 5236 760 5294 6
786 5234 1052 5292 Tractatus
1070 5232 1132 5290 de
1156 5230 1259 5301 ﬁde
1283 5229 1594 5288 orthodoxa.
1633 5226 1956 5298 —Denique

371 5341 468 5398 pro
517 5333 693 5396 captu,
730 5339 828 5395 pro
861 5325 1080 5388 viribus,
1131 5337 1226 5392 pro
1273 5321 1378 5375 fide
1423 5328 1605 5375 nostra
1653 5319 1958 5376 intueamur

372 5421 514 5482 Deus
553 5421 682 5489 quid
727 5421 797 5474 sit
836 5436 848 5472 :
895 5429 948 5478 et
987 5416 1268 5474 videamus
1307 5430 1374 5468 an
1426 5414 1499 5468 illi
1549 5411 1719 5483 possit
1759 5410 1957 5480 aliquid

374 5512 698 5585 comparari.
727 5509 887 5568 Certe
919 5510 1020 5564 hoc
1047 5520 1131 5564 est
1160 5509 1322 5571 Dens,
1347 5505 1489 5577 quod
1513 5515 1566 5561 et
1591 5519 1709 5560 cum
1742 5503 1957 5569 dicitur,

375 5623 481 5664 non
515 5616 691 5676 potest
732 5605 876 5672 dici;
921 5619 1042 5660 cum
1086 5603 1406 5666 :estimatur,
1452 5615 1557 5655 non
1597 5607 1775 5670 potest
1814 5595 1962 5652 aesti-

376 5700 554 5764 mari;
587 5713 708 5754 cum
743 5706 1106 5768 comparatur,
1137 5709 1240 5748 non
1273 5703 1449 5762 potest
1473 5690 1774 5761 Comparari
1799 5706 1814 5744 :
1844 5703 1966 5743 cum

384 5793 658 5862 definitur,
712 5792 827 5870 ipsa
875 5789 1187 5856 definitione
1229 5801 1323 5848 sua
1371 5786 1611 5847 crescit:
1644 5783 1737 5857 qui
1775 5782 1969 5839 cmlum

2036 1893 2305 1949 sationum
2333 1890 2588 1962 mysteria
2610 1899 3028 1958 cognoscuntur.

2029 1977 2040 1988 ’
2106 1983 2238 2038 Nam
2267 1989 2321 2036 et
2348 1984 2416 2036 ob
2461 1981 2563 2034 hoc
2593 1979 2827 2034 Verbum
2860 1985 3196 2044 nuncupatur
3231 1974 3393 2044 :quia
3422 1981 3477 2029 et
3506 1988 3631 2042 pro-

2035 2079 2151 2148 prie
2173 2078 2356 2132 divino
2393 2089 2489 2131 ore
2519 2073 2802 2143 processit,
2832 2081 2888 2127 et
2915 2069 3050 2125 nihil
3079 2068 3240 2124 Pater
3285 2067 3402 2122 sine
3441 2081 3510 2121 eo
3539 2075 3632 2119 aut

2029 2172 2214 2240 jussit,
2239 2178 2331 2224 aut
2360 2169 2504 2224 fecit.
2534 2167 2711 2222 Virtus
2741 2165 2938 2220 dicitur
2969 2182 2981 2216 :
3015 2163 3138 2231 quia
3163 2175 3291 2214 vere
3320 2159 3389 2214 de
3417 2159 3550 2223 Deo,
3577 2166 3633 2210 et

2033 2279 2249 2335 semper
2288 2277 2411 2317 cum
2458 2261 2588 2324 Deo,
2623 2267 2677 2313 et
2719 2257 2898 2311 omnis
2942 2262 3177 2323 potestas
3203 2250 3380 2305 Patris
3429 2250 3481 2303 in
3515 2250 3633 2316 ipso

2032 2357 2300 2412 consistit.
2335 2351 2608 2422 Sapientia
2659 2347 2958 2417 appellatur
2992 2363 3006 2399 ;
3036 2343 3159 2414 quia
3203 2342 3274 2396 de
3317 2339 3483 2396 corde
3527 2338 3630 2392 Pa-

2030 2450 2134 2506 tris
2181 2447 2474 2503 adveniens
2522 2457 2717 2498 arcana
2763 2440 2815 2493 in
2862 2435 3178 2494 cmlestibus
3225 2431 3403 2502 (Apud
3448 2429 3629 2484 Ambr.

2031 2541 2275 2599 caelestia
2300 2533 2668 2603 credentibus)
2695 2531 2980 2588 reseravit.
3011 2530 3243 2583 Dextera
3265 2529 3628 2592 nuncupatur:

2031 2635 2174 2704 quod
2219 2647 2315 2701 per
2353 2645 2477 2684 eum
2520 2628 2700 2680 omnia
2751 2637 2915 2693 Opera
2965 2620 3146 2675 divina
3198 2615 3435 2686 perfecta
3479 2623 3626 2667 sunt.

2031 2724 2318 2780 Brachium
2347 2719 2543 2775 dicitur
2572 2735 2584 2770 :
2615 2717 2737 2786 quia
2778 2715 2848 2770 ab
2896 2714 3015 2782 ipso
3042 2709 3227 2766 omnia
3257 2707 3626 2764 continentur.

2033 2817 2315 2886 Margarita
2347 2811 2644 2883 appellatur
2671 2826 2684 2860 :
2709 2810 2832 2876 quia
2863 2804 2996 2860 nihil
3036 2803 3129 2858 illo
3163 2800 3450 2873 pretiosius
3479 2799 3628 2851 inve-

2035 2910 2196 2963 nitur.
2228 2905 2536 2960 Thesaurus
2577 2898 2772 2954 dicitur
2807 2905 2903 2951 :ut
2946 2897 2999 2950 in
3035 2895 3151 2963 ipso
3197 2907 3387 2946 omnes
3417 2887 3630 2944 divitias

2033 2985 2322 3070 regnorum
2376 2993 2677 3050 cmlestium
2713 3031 2728 3052 ,
2778 3004 2898 3058 quae
2944 2984 3406 3049 reconditmsunt.
3456 2994 3622 3051 agno-

2033 3101 2270 3148 scantur.
2298 3089 2497 3158 (Ambr.
2527 3084 2758 3140 condita:
2787 3078 3032 3151 agnosc.)
3065 3079 3219 3133 Retia
3241 3075 3436 3130 dicitur
3467 3091 3479 3127 :
3503 3074 3628 3144 quia

2039 3202 2136 3257 per
2168 3187 2363 3253 ipsum,
2390 3189 2445 3236 et
2474 3180 2524 3233 in
2553 3178 2670 3248 ipso
2696 3177 2765 3230 de
2806 3174 2944 3228 mari
2971 3171 3174 3233 stecnli,
3203 3169 3444 3240 gentium
3477 3167 3630 3236 quasi

2038 3275 2327 3332 multitudo
2359 3272 2582 3342 piscium
2611 3271 2664 3323 in
2689 3265 2931 3322 Ecclesia
2954 3270 3373 3332 congregantur,
3417 3259 3506 3314 ubi
3535 3257 3631 3311 bo-

2037 3382 2229 3424 norum
2274 3365 2644 3432 malorumque
2690 3355 2998 3412 discrimina
3042 3357 3459 3423 cognoscuntur.
3494 3351 3633 3404 Ara-
3723 3387 3736 3400 .

2040 3475 2179 3518 trum
2229 3466 2568 3526 nuncupatur
2601 3454 2762 3524 :quia
2813 3452 2967 3520 signo
3015 3449 3190 3502 crucis
3229 3460 3343 3501 suae
3389 3445 3626 3512 gentium

2037 3564 2256 3626 pectora
2287 3550 2620 3618 subiguntur,
2654 3552 2712 3598 nt
2742 3539 3049 3596 necessario
3088 3538 3281 3592 semini
3317 3549 3627 3605 praeparen-

2040 3625 2144 3701 tur.
2194 3643 2337 3699 Fons
2382 3655 2534 3710 aqua}
2575 3635 2874 3706 appellatur
2905 3650 2916 3684 ε
2946 3631 3067 3701 quia
3117 3645 3183 3684 ex
3223 3643 3290 3682 eo
3334 3625 3629 3680 sitientium

2039 3738 2203 3794 corda
2249 3733 2487 3791 etelestis
2536 3745 2688 3801 aquae
2730 3726 2901 3800 gratia
2947 3724 3255 3792 irrigantur.
3299 3719 3454 3774 Petra
3498 3717 3632 3772 dici-

2043 3845 2129 3890 tur
2162 3851 2176 3889 :
2210 3831 2333 3902 quia
2374 3824 2718 3883 credentibus
2746 3817 3134 3879 fortitudinem,
3167 3811 3460 3868 incredulis
3485 3809 3632 3864 duri-

2045 3927 2170 3982 tiem
2207 3929 2446 3994 praestat.
2476 3917 2637 3986 Lapis
2667 3914 2862 3968 dicitur
2885 3905 3154 3982 angularis
3179 3924 3191 3960 :
3222 3905 3346 3978 quia
3378 3907 3633 3974 utrosque

2044 4019 2278 4090 parietes
2298 4013 2497 4069 veteris
2525 4025 2586 4065 ac
2612 4009 2733 4063 novi
2765 4001 3098 4061 Testamenti
3124 4016 3261 4056 unus
3291 3998 3556 4055 mediator
3580 3997 3635 4052 in

2045 4108 2339 4176 semetipso
2368 4105 2648 4161 Conliltelts
2678 4098 2967 4171 copulavit.
2989 4096 3172 4168 Agnus
3200 4094 3507 4165 appellatur
3536 4109 3550 4150 :
3578 4101 3636 4146 ut

2045 4202 2353 4259 innocentia
2385 4198 2585 4254 Chriin
2618 4205 2672 4251 et
2712 4193 2888 4264 passio
2914 4192 3330 4247 demonstretur.
3361 4187 3534 4241 Homo
3555 4185 3638 4240 di-

2050 4305 2139 4352 tur
2175 4293 2338 4364 :quia
2393 4289 2690 4346 secundum
2740 4299 2955 4339 carnem
2986 4291 3204 4353 propter
3249 4293 3347 4332 nos
3390 4277 3638 4331 homines

2047 4367 2196 4444 nasci
2244 4386 2495 4456 dignatus
2556 4390 2660 4437 est.
2709 4377 2926 4432 Vitulus
2975 4373 3172 4428 dicitur
3206 4369 3369 4440 :qnia
3419 4377 3639 4438 propter

2050 4491 2289 4537 nostram
2321 4478 2547 4532 salutem
2590 4472 2702 4542 pati
2729 4469 3001 4525 sustinuit.
3037 4465 3226 4535 Aquila
3255 4463 3452 4518 dicitur
3477 4480 3491 4515 :
3516 4461 3639 4532 quia

2053 4582 2172 4643 post
2195 4567 2551 4626 venerabilem
2570 4561 3042 4624 resurrectionem,
3069 4556 3219 4624 quasi
3245 4555 3408 4610 remis
3429 4553 3637 4618 alitum,

2052 4664 2118 4719 ad
2142 4664 2354 4717 Patrem
2384 4655 2641 4714 revolavit
2674 4656 2788 4727 (rex
2821 4651 3005 4706 alitum
3029 4647 3095 4702 ad
3123 4647 3296 4701 Patris
3318 4645 3521 4699 revolat
3551 4658 3642 4697 se-

2055 4756 2221 4827 dem).
2251 4753 2394 4808 Idem
2424 4751 2509 4806 leo
2547 4749 2718 4804 dictus
2748 4754 2831 4800 est
2855 4762 2869 4798 :
2897 4743 3019 4814 quia
3047 4741 3162 4810 ipse
3188 4751 3270 4794 eSt
3311 4753 3403 4794 rex
3434 4751 3641 4807 regum,

2053 4850 2142 4920 qui
2176 4857 2403 4901 mortem
2431 4860 2492 4898 ac
2519 4840 2789 4898 diabolum
2818 4837 3033 4892 virtutis
3061 4849 3172 4889 sua:
3202 4840 3464 4904 potestate
3493 4844 3645 4885 con:—

2059 4942 2272 4997 minuit.
2305 4940 2402 4995 Via
2445 4949 2528 4993 cst
2559 4935 2724 5013 :qnia
2759 4948 2853 5002 per
2884 4931 3057 5000 ipsum
3084 4939 3359 4982 accessum
3392 4922 3652 4978 habemus

2066 5034 2386 5105 (adscensns
2414 5030 2516 5100 est)
2572 5027 2639 5082 ad
2669 5027 2837 5081 Deum
2869 5034 3096 5094 patrem.
3131 5019 3340 5074 Veritas
3366 5027 3478 5072 eSI:
3524 5014 3651 5085 quia

2065 5125 2402 5181 mendacium
2431 5121 2619 5177 nescit.
2646 5119 2765 5174 Vita
2788 5127 2871 5173 est
2898 5134 2910 5170 :
2940 5115 3062 5185 quia
3091 5115 3205 5185 ipse
3235 5111 3483 5168 universa
3517 5107 3656 5164 vivi-

2070 5222 2214 5275 ficat.
2250 5217 2414 5272 Vides
2440 5231 2590 5286 ergo,
2621 5212 2743 5284 quia
2769 5227 2862 5282 per
2885 5211 3002 5265 haec
3025 5205 3284 5262 vocabula
3307 5204 3657 5276 significatio-

2067 5327 2164 5368 nes
2191 5309 2600 5380 dispositionnm
2635 5314 2689 5360 et
2718 5317 2940 5374 opermn
2973 5300 3281 5356 divinorum
3311 5306 3656 5370 prmostensae

2068 5413 2191 5459 sunt
2225 5421 2235 5455 :
2268 5417 2376 5456 non
2410 5409 2586 5454 tamen
2619 5398 2734 5467 ipse
2767 5396 2908 5449 Deus
2955 5408 3048 5463 per
3078 5393 3193 5446 haec
3218 5390 3437 5462 proprie
3467 5385 3659 5443 defini-

2069 5506 2153 5551 lllS
2181 5501 2281 5550 εει.

2144 5589 2227 5644 Ea:
2255 5604 2368 5658 cap.
2415 5586 2446 5641 8
2502 5583 2733 5657 prwdicti
2781 5579 3072 5634 Tractatus.
3105 5603 3176 5615 —
3205 5573 3300 5628 Est
3346 5586 3474 5642 ergo
3503 5570 3664 5626 Pater

2077 5685 2220 5740 Deus
2254 5683 2572 5743 immensus,
2600 5685 2856 5735 aeternus,
2887 5665 3471 5739 incomprehensibilis,
3503 5665 3665 5719 intes-

2083 5773 2355 5836 timabilis.
2390 5771 2486 5828 Est
2523 5777 2577 5826 et
2606 5767 2774 5824 Filius
2814 5765 2933 5836 ejus
2965 5760 3218 5818 Dominus
3244 5766 3431 5816 noster
3466 5763 3670 5822 tantus,
