4248 6258
584 297 685 353 887
1567 297 1629 351 IN
1670 295 2090 354 FRAGMENTA
2134 299 2189 352 S.
2235 297 2348 354 BIL
2366 297 2495 353 \Rll
2554 296 2858 355 EPISCOPI
3775 301 3880 354 888

577 424 814 487 quantus
836 425 919 471 est
947 414 1142 480 Pater;
1170 412 1266 470 sed
1311 427 1417 467 non
1467 412 1706 478 aliunde,
1736 412 1832 469 sed
1868 413 1935 469 de
1961 413 2122 471 Patre
2155 432 2167 468 :
2200 422 2256 481 Α
2280 416 2567 487 imaginem
2595 426 2970 472 cernerentur.
3019 415 3154 472 Nam
3199 416 3396 472 Filium
3423 416 3544 488 quis
3575 417 3760 473 videre
3788 434 3886 490 po.

583 501 706 581 quia
749 509 941 580 inquit,
991 507 1068 562 De
1095 504 1253 562 Patre
1282 505 1435 575 exivi,
1477 508 1579 562 hoc
1623 516 1727 570 est,
1776 508 1957 563 lumen
1987 506 2055 562 de
2101 509 2185 563 lu-

585 600 750 660 Inine.
777 599 928 669 Quod
956 599 1001 654 si
1026 599 1192 654 lilium
1217 599 1390 670 (Apud
1412 599 1646 654 Ambros.
1674 599 1778 654 huc
1805 601 2014 656 accrdit
2034 600 2178 672 quod

588 695 667 748 sic
699 693 892 763 lilium)
916 693 1035 757 Dei,
1087 702 1145 747 nt
1168 695 1278 762 jam
1309 693 1512 748 dictum
1544 704 1648 758 est,
1677 696 1848 748 visum
1881 711 1910 748 a
1940 695 2183 765 patribus

581 785 966 855 approbamns,
993 793 1052 838 ut
1076 799 1184 839 non
1210 793 1382 839 totum
1409 785 1461 839 in
1505 784 1598 840 illo
1626 784 1771 854 quod
1803 785 1900 841 Dei
1923 795 2008 841 est
2035 787 2174 841 vidc-

587 889 741 934 retur
770 896 783 932 :
815 879 910 933 sed
941 877 1326 946 dispositiones
1359 893 1538 933 rerum
1570 877 1893 943 futurarum,
1919 893 2040 949 qum
2067 881 2179 935 suis

582 968 888 1040 quibusque
917 968 1255 1037 temporibus
1278 967 1615 1034 complendi-
1641 976 1819 1032 erant,
1844 968 1896 1022 in
1941 970 2057 1038 ipso
2084 984 2179 1040 per

1341 1151 1502 1234 DE
1576 1143 2124 1234 ESSENTIA
2204 1153 2615 1236 PATRIS
2692 1153 2840 1236 ET
2925 1151 3192 1236 FILII

2288 512 2388 564 tnit
2435 519 2725 578 antequam
2759 509 3180 579 conspicabilem
3217 511 3497 566 materiam
3527 526 3648 567 cum
3679 511 3888 582 placuit

2283 602 2599 673 assumpsit,
2625 605 2706 657 vel
2732 603 2908 671 ipsum
2939 602 3210 657 hominem
3238 603 3463 658 induere
3484 603 3738 674 dignatus
3760 605 3886 659 est?

2283 696 2417 764 Quia
2460 709 2516 749 et
2559 697 2601 749 si
2647 695 2880 752 Abrahm
2903 699 3050 751 visus
3077 708 3182 760 est,
3210 695 3305 751 sed
3351 699 3401 750 in
3436 697 3602 751 fortuna
3655 697 3879 753 humani

2283 787 2532 854 corporis
2564 787 2710 842 visus
2751 796 2850 852 est,
2895 803 3000 858 qua
3041 788 3109 843 de
3152 788 3270 858 ejus
3299 787 3474 843 fuerat
3502 805 3663 845 carne
3705 791 3891 858 (Apud

2287 879 2520 933 Ambros.
2556 895 2664 950 quo
2693 880 2812 934 scil.
2859 881 3149 950 postremis
3187 881 3522 951 temporibus
3568 882 3619 936 in
3661 882 3889 938 homine

2287 982 2546 1026 venturus
2571 986 2691 1027 esse
2712 972 3136 1043 ostenderetur).

3453 1083 3878 1100 ——_—_

1511 1310 1834 1372 CONTRA
1877 1311 2358 1376 HERETICOS
2400 1312 2642 1376 LIBER
2683 1312 2910 1400 UNUS.

661 1511 811 1566 Hunc
837 1526 1038 1581 quoque
1080 1509 1265 1564 librum
1308 1524 1341 1561 a
1386 1506 1646 1562 Ludovico
1681 1504 1862 1560 Μίνωι)
1910 1521 1972 1558 ea.
2009 1501 2186 1556 Victo-

585 1606 704 1659 riua
726 1603 1028 1658 bibliotheca
1055 1604 1335 1674 vulgatum,
1366 1617 1394 1656 e
1435 1600 1578 1655 libris
1616 1601 1680 1654 de
1708 1597 1959 1653 Trinitate
1986 1597 2180 1665 con/la-

589 1706 701 1750 tum
727 1711 834 1750 esse
861 1697 1058 1764 primus
1094 1693 1372 1748 observavit
1410 1691 1654 1746 Gillotius
1677 1707 1696 1744 :
1725 1691 1812 1762 qui
1850 1690 1996 1753 locis,
2023 1705 2050 1742 e
2073 1687 2188 1757 qui-

590 1788 683 1842 bus
713 1801 950 1843 centones
969 1787 1158 1858 quique
1179 1786 1413 1840 distracti
1441 1795 1584 1849 sunt,
1617 1785 1825 1844 notatis.
1853 1794 2040 1836 cratera
2063 1796 2189 1849 sup-

592 1877 800 1949 pressit.
840 1876 910 1931 Et
937 1893 1055 1932 vero
1082 1879 1194 1948 quis
1218 1876 1409 1931 rivulos
1457 1876 1690 1946 quwritet
1723 1874 2044 1946 (mulcatos,
2075 1886 2188 1924 cum

591 1989 777 2044 purum
808 1977 1002 2043 {autem
1022 1971 1092 2024 ad
1118 1986 1330 2024 manum
1361 1968 1589 2023 habeat?

661 2065 924 2135 Loquitur
954 2063 1326 2133 Evangelium,
1352 2064 1440 2132 qui
1472 2076 1578 2116 non
1611 2058 1933 2116 honoriﬁcat
1961 2057 2184 2124 Filium,

589 2173 700 2214 non
743 2156 1067 2212 honoriﬂcat
1115 2155 1334 2210 Patrem
1374 2153 1468 2224 qui
1509 2153 1657 2208 misit
1703 2151 1873 2206 illum.
1924 2147 2190 2205 Conclusa

588 2258 716 2305 sunt
745 2248 929 2303 omnia
967 2249 1236 2302 adversus
1277 2245 1519 2300 hzeretici
1551 2243 1750 2299 furoris
1783 2242 2015 2313 ingenia,
2054 2249 2190 2306 etc.,

591 2358 657 2397 ea:
696 2341 787 2396 lib.
817 2355 891 2395 vn
917 2341 979 2394 de
1005 2338 1155 2394 Trin.
1194 2356 1227 2393 a
1258 2356 1404 2393 num.
1441 2337 1506 2394 2|
1545 2348 1656 2406 post
1691 2337 1938 2401 medium,
1985 2335 2054 2389 ad
2082 2337 2191 2389 luec

591 2433 823 2506 ejusdem
863 2431 982 2486 libri
1026 2448 1170 2485 num.
1201 2431 1291 2485 3|.
1326 2429 1394 2484 Et
1429 2415 1558 2501 quia
1595 2426 1861 2484 calumnia
1901 2427 2028 2480 dicti
2058 2437 2193 2481 lam-

589 2541 753 2595 quam
785 2524 1072 2579 insolentis
1103 2524 1412 2586 exsi~teret,
1456 2530 1515 2576 nt
1558 2521 1946 2576 conscientiam
1981 2520 2194 2589 (poten-

592 2616 745 2681 tiam)
775 2617 954 2687 potius
1003 2627 1210 2670 natura
1240 2615 1664 2670 demonstraret.
1705 2613 1904 2678 Quibus
1945 2611 2194 2665 subnectit

591 2721 774 2763 auctor
801 2707 913 2762 hwc
940 2724 1084 2762 num.
1117 2708 1206 2763 55.
1242 2706 1310 2762 Ει
1346 2705 1628 2760 audiamus
1659 2721 1781 2760 eum
1810 2721 2026 2760 omnem
2070 2703 2197 2758 lidei

594 2800 757 2872 hujus
782 2800 1149 2872 cognitionem
1187 2800 1464 2872 Apostolis
1508 2802 1838 2854 revelautem
1872 2799 1987 2853 :ait
2023 2800 2194 2863 enim,

595 2891 718 2962 Ego
733 2908 853 2948 sum
881 2894 965 2947 via
998 2905 1050 2946 et
1089 2892 1292 2946 veritas
1322 2903 1376 2945 et
1421 2892 1552 2953 vita,
1585 2891 1686 2944 nisi
1705 2891 1843 2959 quod
1873 2906 1966 2957 pro
1997 2890 2061 2944 Et
2103 2905 2197 2943 an.

595 2983 808 3038 diamus
833 3025 848 3049 ,
899 2984 1045 3052 ponit
1093 2981 1221 3037 audi
1262 3001 1276 3036 :
1325 2999 1386 3035 ac
1438 2983 1764 3050 prosequitur
1815 2997 1977 3051 usque
2021 2981 2198 3035 istha'c

593 3091 738 3129 num.
772 3074 862 3139 59,
892 3083 948 3127 ut
989 3074 1074 3129 hic
1104 3074 1316 3128 Domini
1359 3088 1540 3127 sermo
1568 3082 1906 3143 sequeretur,
1935 3071 2050 3128 Non
2079 3087 2199 3127 cre-

590 3167 720 3222 ditis
751 3167 1006 3235 quoniam
1047 3181 1150 3236 ego
1195 3165 1246 3220 in
1277 3165 1457 3228 Patre,
1503 3175 1558 3219 et
1605 3165 1766 3220 Pater
1795 3167 1847 3220 in
1888 3166 2013 3221 me?
2057 3164 2196 3220 Hinc
2222 3156 2267 3216 C

2288 1505 2472 1558 transit
2506 1509 2576 1561 ad
2611 1509 2706 1563 lib.
2731 1524 2844 1574 vnt,
2877 1507 3016 1563 unde
3047 1509 3268 1580 primum
3294 1509 3573 1581 praemissis
3597 1510 3896 1578 vocabulis,

2289 1595 2507 1652 Fratres
2528 1598 2654 1661 mei,
2689 1601 2926 1654 exscribit
2951 1599 3060 1653 huc
3088 1615 3232 1655 num.
3269 1601 3354 1655 14.
3380 1600 3510 1666 Quae
3536 1603 3740 1669 scripta
3765 1611 3896 1657 sunt

2289 1687 2551 1758 legamus,
2583 1701 2636 1744 et
2664 1705 2786 1761 qua:
2817 1691 3106 1762 legerimus
3135 1693 3495 1762 intelligamus
3524 1710 3539 1746 :
3569 1702 3615 1746 et
3643 1693 3730 1748 ubi
3757 1709 3896 1762 per—

2292 1781 2427 1835 venit
2453 1781 2522 1834 ad
2553 1783 2704 1837 verba
2733 1800 2876 1837 num.
2918 1783 3011 1840 20.
3036 1786 3230 1839 Omnia
3261 1800 3383 1854 quae
3407 1786 3564 1840 habet
3593 1785 3775 1853 Pater,
3811 1788 3902 1842 Fi-

2295 1872 2348 1926 lii
2377 1882 2542 1930 snnt:
2571 1885 2623 1929 et
2669 1876 2850 1929 omnia
2881 1891 3002 1945 qua:
3032 1875 3152 1931 Filii
3195 1885 3338 1943 sunt,
3387 1877 3558 1932 Patris
3597 1887 3745 1933 sunt.
3779 1879 3901 1950 Ipse

2294 1964 2439 2019 enim
2466 1965 2563 2029 ait,
2595 1965 2661 2020 Et
2694 1982 2810 2020 mea
2843 1969 3026 2021 omnia
3056 1976 3145 2022 tua
3174 1977 3320 2034 sunt,
3355 1979 3404 2023 et
3440 1979 3526 2022 tua
3558 1983 3675 2024 mea
3703 1986 3719 2034 ;
3746 1973 3902 2025 omit-

2296 2057 2355 2109 tit
2402 2072 2519 2128 qua:
2568 2058 2632 2112 ab
2689 2058 2808 2112 hinc
2843 2061 2912 2112 ad
2952 2059 3176 2113 medium
3221 2077 3366 2115 num.
3418 2059 3482 2116 ει
3529 2061 3902 2117 intercedunt:

2295 2151 2431 2204 unde
2458 2166 2667 2206 rursum
2705 2153 2947 2207 exscribit
2966 2169 2985 2206 :
3017 2153 3368 2214 Vivillcantur
3395 2170 3526 2223 ergo
3558 2168 3779 2224 promer
3821 2157 3906 2209 in—

2297 2240 2633 2298 babitantem
2668 2244 2722 2298 in
2769 2244 2926 2300 nobis
2965 2246 3229 2315 Spiritum
3253 2245 3481 2311 Christi,
3528 2256 3661 2309 etc.,
3694 2249 3764 2300 ad
3792 2249 3906 2301 haec

2297 2350 2456 2404 usque
2486 2351 2628 2389 num.
2661 2334 2752 2390 ‘26.
2787 2335 3003 2390 Habitat
3046 2335 3190 2391 enim
3221 2337 3271 2391 in
3321 2337 3480 2392 nobis
3516 2337 3766 2393 Christus
3797 2355 3812 2392 :
3846 2348 3906 2393 ct

2300 2427 2581 2483 habitante
2621 2427 2842 2484 Christo
2875 2429 3080 2484 habitat
3109 2429 3269 2484 Deus.
3318 2428 3534 2484 Demum
3565 2429 3777 2499 reliquis
3803 2432 3905 2482 hu-

2291 2522 2383 2593 jus
2405 2520 2608 2574 numeri
2633 2521 2797 2575 verbis
2824 2522 3048 2587 omissis,
3073 2531 3334 2588 comparet
3363 2521 3567 2574 initium
3593 2523 3787 2574 numeri
3805 2521 3904 2584 '17,

2299 2627 2400 2676 quo
2426 2621 2531 2665 toto
2569 2627 2630 2664 ac
2656 2610 2991 2676 subsequente
3016 2615 3124 2683 fere
3169 2621 3274 2666 toto
3319 2612 3600 2681 descripto,
3640 2612 3907 2665 clauditur

2301 2701 2427 2758 liber
2465 2703 2543 2758 his
2585 2705 2788 2758 verbis:
2821 2703 2877 2760 Si
2911 2720 3040 2758 vero
3082 2720 3179 2776 per
3208 2704 3522 2774 ad0ptivnm
3571 2719 3767 2759 nomen
3814 2704 3906 2760 hic

2301 2797 2553 2852 dominus
2597 2812 2698 2862 ρει,
2733 2795 2938 2862 Spiritu
2984 2806 3175 2853 Sancto
3222 2812 3418 2852 can-ns
3457 2798 3650 2867 spiritu
3694 2801 3909 2852 erroris

2301 2889 2598 2955 animaris;
2629 2890 2752 2959 quia
2801 2905 2962 2944 nemo
3002 2890 3101 2944 nisi
3136 2891 3186 2945 in
3233 2889 3438 2958 Spiritu
3480 2901 3670 2944 sancto
3712 2889 3908 2944 Domi-

2302 2999 2430 3038 num
2457 2982 2640 3038 .lesum
2665 2993 2844 3052 potest
2865 2983 3048 3038 dicere
3080 3003 3093 3039 :
3118 2983 3299 3052 quibus
3327 2995 3508 3039 auctor
3529 2984 3715 3056 adjecit
3737 2984 3895 3038 dum-

2301 3084 2466 3140 taxat,
2495 3077 2618 3146 quia
2645 3076 2760 3147 ipse
2789 3086 3049 3147 operatur
3079 3076 3261 3132 omnia
3290 3076 3346 3132 in
3385 3075 3655 3132 omnibus.

1629 3345 2202 3428 MONITUM
2271 3346 2723 3430 EDITOR
2738 3346 2870 3430 IS.

667 3483 764 3538 Hic
790 3483 845 3538 iu
876 3481 1116 3537 editione
1146 3481 1469 3548 Veronensi,
1499 3496 1658 3551 quam
1683 3480 2012 3546 recudimus,
2043 3495 2195 3535 men-

593 3574 742 3630 tione
783 3574 922 3628 facta
961 3573 1027 3628 tle
1065 3573 1274 3628 duabus
1318 3572 1565 3642 epistolis
1608 3571 1804 3626 Hilarii
1842 3575 1911 3626 ad
1950 3573 2197 3644 Augusti-

594 3684 715 3722 num
754 3667 1050 3736 inscriptis,
1081 3666 1327 3737 sequitur
1358 3666 1717 3737 fragmentum
1746 3668 1960 3721 titulum
1991 3667 2198 3721 habens

597 3759 877 3830 prteﬁxntn
912 3755 1070 3813 Fides
1118 3757 1344 3812 Alcuini.
1391 3759 1591 3813 Horum
1637 3773 1766 3814 vero
1818 3768 2200 3813 monumento-

592 3866 713 3907 rum
739 3860 986 3906 neutrum
1009 3866 1074 3906 eo
1098 3850 1202 3906 loci
1232 3849 1493 3907 recudere
1522 3850 1830 3916 debuimus,
1872 3849 2200 3921 quandoqui-

594 3943 719 3996 dem
760 3956 859 3997 nec
903 3941 1228 4012 supradictae
1253 3943 1498 4012 epistola:
1525 3942 1594 3998 ad
1631 3946 1922 3999 Auctorem
1955 3950 2198 3997 nostrum

599 4031 904 4103 pertineant
944 4043 1036 4088 aut
1080 4034 1352 4104 pertinere
1383 4035 1610 4104 possint,
1660 4044 1718 4090 ut
1760 4036 1956 4104 cuique
1983 4033 2190 4106 patebit

2301 3484 2416 3535 sive
2440 3481 2845 3554 chronologiam
2892 3486 3015 3541 sive
3041 3486 3203 3540 etiam
3235 3483 3446 3538 illarum
3477 3490 3684 3537 textum
3727 3490 3910 3538 atten-

2301 3576 2446 3632 denti
2476 3576 2627 3648 (νεά.
2657 3575 2789 3650 Opp.
2816 3575 2953 3649 Aug.
2978 3587 3084 3636 t.,tt
3114 3595 3202 3650 pp.
3224 3575 3389 3631 675a
3417 3574 3867 3646 l007nost.edit.)
3892 3594 3908 3641 ;

2301 3682 2402 3722 nec
2428 3666 2581 3722 Fides
2609 3667 2812 3722 Alcutni
2838 3669 2928 3723 alii
2955 3685 3114 3738 quam
3145 3667 3442 3739 percelebri
3462 3670 3726 3722 monacho
3750 3666 3913 3736 cujus

2303 3758 2520 3812 nomine
2567 3759 2869 3828 insignitur,
2899 3759 3064 3814 salvis
3094 3757 3295 3814 critica:
3328 3757 3543 3828 regulis,
3593 3756 3908 3827 adjudicari

2301 3862 2482 3922 queat,
2505 3851 2921 3923 autaliasqttam
2954 3853 3093 3907 inter
3117 3850 3285 3922 ipsius
3312 3848 3488 3922 Opera
3517 3851 3914 3905 convenienter

2299 3945 2574 3999 collocari.

608 4137 3880 4174 *πωπω-τες,

845 4434 848 4436 γ
917 4317 927 4326 -
1647 4283 2281 4390 NICOLAI
2409 4283 2884 4387 FABRI

798 4496 969 4619 IN
1064 4492 2175 4626 FRAGMENTA
2276 4492 2914 4624 SANCTI
3017 4492 3712 4624 HILARII

1917 4718 2564 4801 PR/EFATIO.

671 4853 807 4909 Huic
875 4837 1034 4922 Operi
1080 4860 1280 4906 tantum
1311 4851 1595 4921 adjecimus
1651 4854 1860 4908 notulas
1907 4853 1975 4908 ad
2027 4854 2184 4906 imam
2218 4859 2636 4920 Durmsms.
2661 4853 2801 4909 beati
2827 4852 3013 4908 llilarii
3047 4854 3378 4910 Pictavensis
3405 4856 3647 4926 episcopi
3701 4855 3907 4916 librum

592 4947 840 5021 paginam
891 4946 1163 5016 ascriptas.
1184 4943 1316 4999 Cum
1343 4955 1809 5001 autent-auctorum
1840 4946 1994 5001 verba
2017 4963 2188 5001 excer-

595 5055 717 5108 pere
739 5039 866 5094 satis
891 5037 1150 5091 habuisset
1181 5034 1372 5104 Faber,
1421 5053 1512 5091 nec
1537 5046 1766 5092 curasset
1797 5047 1977 5092 notare
2003 5055 2102 5107 quo
2132 5055 2196 5093 ea:

593 5129 726 5184 libro
751 5145 810 5182 ea
841 5129 1196 5199 excerpsisset,
1215 5129 1532 5184 commodius
1549 5130 1710 5184 visum
1734 5140 1808 5184 est
1826 5131 2192 5185 historicorum

589 5236 860 5275 sacrorum
890 5220 1030 5274 locos
1078 5220 1360 5275 secundum
1407 5219 1658 5275 editiones
1710 5219 1916 5288 Valesii,
1961 5223 2192 5292 quamvis

599 5312 772 5369 Fabro
797 5314 1106 5385 posteriores
1137 5314 1388 5368 indicare.

663 5448 982 5506 Clarissima
1019 5448 1137 5504 viro
1170 5447 1288 5504 Jac.
1329 5447 1581 5506 Aucusro
1618 5448 1845 5506 Tauno
1873 5449 2023 5506 Sacri
2054 5466 2190 5506 con-

590 5541 1183 5608 sistoriiConsiliario,
1216 5541 1559 5614 Senatusque
1598 5542 1922 5599 Parisiensis
1962 5543 2188 5600 Ρηρείἀί

592 5633 916 5690 doctissimo
953 5645 1116 5706 atque
1139 5635 1583 5704 prudentissimo,
1606 5635 1876 5694 Nicouus
1899 5637 2102 5696 FABIR.
2123 5639 2183 5696 S.

2295 4959 2325 5000 a
2351 4947 2467 5000 viro
2508 4945 2789 5011 doctrina,
2831 4945 3146 5015 prudentia.
3203 4963 3522 5018 morumque
3593 4950 3909 5022 integritate

2299 5040 2558 5103 tnaximo,
2573 5038 2634 5093 P.
2657 5038 2869 5095 Pithmo
2884 5036 3428 5108 suprema'voluntate
3449 5040 3718 5108 relictum,
3738 5059 3912 5099 meae-

2299 5145 2404 5199 que
2453 5131 2572 5186 lidei
2599 5171 2614 5197 ,
2649 5140 2706 5185 nt
2747 5129 2956 5186 Sultdtts
2986 5129 3056 5185 ad
3086 5142 3137 5185 te
3171 5134 3524 5201 perveniret,
3581 5132 3631 5188 id
3663 5144 3751 5188 est
3781 5135 3910 5192 sine

2300 5223 2407 5277 nlla
2429 5222 2756 5279 deductione
2785 5232 2841 5278 et
2869 5239 3030 5292 quam
3075 5227 3283 5294 optimo
3330 5227 3454 5295 jure
3493 5225 3634 5296 apud
3665 5235 3906 5284 testato-

2299 5331 2413 5372 rem
2431 5359 2446 5383 ,
2496 5315 2597 5372 fuit
2623 5315 2998 5372 commiSSum.
3027 5317 3222 5371 Munus
3243 5322 3357 5384 est,
3385 5319 3428 5370 si
3451 5319 3579 5372 folia
3617 5334 3904 5389 numeres,

2301 5424 2406 5464 non
2435 5409 2590 5464 valde
2621 5425 2896 5480 magnum,
2950 5409 3047 5464 sed
3097 5410 3141 5464 si
3186 5412 3430 5466 auctoris
3459 5409 3780 5480 dignitatem
3805 5454 3822 5479 ,
3853 5417 3905 5470 si

2299 5500 2465 5557 fatum
2517 5501 2662 5567 libri,
2704 5503 2750 5558 si
2793 5502 2869 5558 rei
2897 5501 2967 5558 de
2995 5517 3098 5572 qua
3129 5512 3326 5558 tractat
3353 5508 3674 5574 gravitatem
3705 5509 3901 5562 consi-

2295 5593 2483 5660 deres,
2531 5595 2823 5662 ejusmodi.
2873 5607 2930 5650 ut
2973 5609 3080 5651 non
3127 5596 3564 5667 acceptissimum
3616 5612 3744 5653 esse
3801 5618 3904 5656 ne-

2295 5697 2476 5757 queat.
2510 5686 2626 5743 Tibi
2659 5691 2802 5743 enim
2854 5690 3096 5744 omnium
3125 5689 3535 5759 disciplinarum
3566 5706 3768 5761 genere
3803 5694 3896 5748 in-

669 5767 719 5819 t.
783 5765 950 5833 Quate
993 5765 1091 5821 hoc
1121 5765 1288 5836 Opus.
1325 5799 1385 5809 -
1409 5767 1551 5826 Ecce
1576 5769 1670 5828 tibi
1694 5771 1949 5840 restituo,
1977 5785 2189 5834 νιιεειε
2293 5779 2910 5850 structissimo,Gullic.'e
2922 5781 3110 5840 salutis
3131 5795 3197 5838 ac
3213 5781 3386 5839 laudis
3408 5781 3808 5850 amantissimo,
3831 5783 3894 5841 dt
