4248 6258
308 321 414 377 88.9

1453 311 1729 370 NICOLAI
1775 306 1982 364 FAliRl
2029 310 2429 366 PRACFATIO.

3565 332 3669 388 890

307 434 548 506 antiqum
575 431 796 502 pietatis
840 446 903 487 ac
943 429 1259 486 constantia:
1308 425 1710 484 studiosissimo
1738 463 1773 516 ,Α
1801 436 1908 516 non
1936 421 1991 480 Α
2018 438 2110 491 ne,
2140 435 2202 478 ut
2227 440 2358 480 eum
2413 425 2672 496 indigitat
2723 428 3112 492 Nazianzenus
3154 435 3272 507 (ον.
3303 455 3423 510 ιιι,
3455 461 3508 497 n.
3554 443 3671 516 εδ),

308 536 486 596 potest
518 539 624 578 non
653 524 1016 595 gratissimum
1047 537 1169 578 esse
1199 521 1402 591 antiqui
1427 518 1709 589 scriptoris
1735 513 1908 578 Galli,

307 616 716 688 Tlieologorutn
747 618 836 682 qui
872 616 924 668 in
955 612 1248 669 Occidente
1277 613 1580 668 ﬂoruerunt
1618 607 1916 665 celeberri-

309 717 381 766 mi
405 725 469 764 ac
499 708 870 776 disertissimi,
902 708 1244 778 excelsaeque
1290 705 1521 768 arboris,
1573 713 1630 757 ut
1661 717 1786 757 eum
1823 715 1919 752 vo-

307 811 399 858 cat
444 802 505 857 B.
541 801 906 873 llieronymus
932 797 1154 872 (Comm.
1186 801 1239 853 in
1284 797 1412 854 Esui
1441 814 1488 852 c.
1517 796 1629 867 Lit),
1659 809 1761 863 qua
1787 789 1920 845 acdi-

312 893 466 948 ficata
498 904 580 949 est
608 893 840 948 ecclesia
877 891 990 955 Dei,
1035 893 1099 944 ad
1131 891 1247 946 haec
1271 892 1433 946 etiam
1467 886 1750 944 fortissimi
1783 901 1917 940 con-

310 982 540 1041 fessoris
569 983 790 1046 librum.
823 983 893 1038 de
914 983 1234 1052 gravissima
1260 984 1504 1038 omnium
1532 997 1650 1053 quae
1681 993 1917 1049 unquam

308 1075 366 1133 in
413 1077 654 1134 Ecclesia
694 1075 911 1132 fuerunt
939 1077 1313 1133 controversia
1343 1081 1627 1145 scriptum,
1682 1083 1803 1143 post
1842 1081 1920 1130 tot

308 1182 485 1222 annos
515 1183 547 1222 e
589 1168 830 1224 tenebris
860 1177 1075 1223 erutum
1113 1168 1401 1222 clarissimi
1429 1168 1504 1222 tui
1534 1165 1768 1222 nominis
1795 1179 1920 1218 aus-

310 1259 468 1330 piciis
498 1259 670 1314 lucem
717 1260 982 1330 aspicere.
1015 1259 1144 1315 Haec
1171 1261 1273 1314 etsi
1300 1261 1432 1314 satis
1474 1259 1542 1314 ad
1573 1256 1921 1312 commenda-

311 1354 518 1408 tionem
561 1355 802 1408 muneris
833 1353 1067 1416 valeant,
1100 1342 1244 1423 apud
1277 1363 1332 1410 te
1387 1355 1654 1424 praecipue
1683 1351 1778 1421 qui
1821 1367 1919 1420 pro

310 1455 406 1502 tuo
449 1461 579 1517 erga
622 1445 830 1502 litteras
875 1444 1313 1516 religionemque
1361 1448 1574 1511 studio,
1629 1452 1921 1515 erectoque

310 1553 476 1610 atque
503 1540 733 1595 infracto
758 1539 1018 1593 adversus
1041 1539 1266 1594 divitias
1289 1544 1572 1610 fumosque
1598 1539 1825 1601 aulicos,
1852 1537 1918 1591 ad

311 1649 437 1704 qua:
457 1635 571 1686 sola
603 1647 742 1687 nunc
791 1631 1155 1698 concurritur,
1190 1633 1380 1687 animo
1410 1647 1626 1698 semper
1655 1631 1706 1686 id
1749 1644 1921 1702 genus

313 1725 573 1796 reliquias
603 1722 845 1779 Attalicis
874 1723 1282 1779 conditionibus
1305 1724 1584 1793 praetulisti
1626 1741 1638 1776 :
1677 1721 1917 1777 Passieni

2021 521 2218 571 στύλον
2248 524 2346 577 τῆς
2376 518 2651 582 ἐκκλησίας
2701 526 3061 594 verebantur,
3104 530 3372 589 cuniculis
3413 533 3466 588 id
3512 549 3673 604 agere

2022 615 2382 672 statuerunt,
2441 612 2736 680 ipsumque
2776 617 3133 678 Athanasium
3164 625 3215 678 itt
3259 626 3446 696 primis
3479 627 3673 682 tollen-

2021 699 2149 753 dtttn
2182 702 2680 772 evel-tenduntque
2701 723 3082 779 susceperunt.
3113 717 3247 770 llinc
3282 718 3390 772 illa:
3415 719 3483 772 dt-
3509 717 3672 774 Arse-

2023 792 2113 846 nio
2142 790 2484 858 interfecto,
2543 806 2600 850 et
2646 799 2933 858 confracto
2959 809 3128 862 calice
3175 810 3343 864 sacris
3395 813 3666 880 mysteriis

2022 885 2325 941 destinato
2355 891 2646 944 calumnia:
2671 909 2684 945 :
2712 908 2942 963 quarum
2976 911 3241 972 prmlextu
3269 919 3390 958 cum
3417 918 3447 957 a
3478 903 3667 960 factio-

2023 977 2097 1030 sis
2143 975 2456 1039 dcposittts
2485 1021 2499 1043 ,
2558 979 3014 1066 lniperatorisque
3066 993 3287 1048 decreto
3335 995 3386 1048 in
3440 997 3658 1051 exilium

2025 1070 2244 1126 missus
2274 1079 2444 1138 esset,
2473 1080 2619 1126 totus
2651 1077 2802 1131 orbis
2835 1085 2969 1138 tanti
3026 1084 3126 1138 viri
3177 1099 3303 1140 casu
3358 1100 3656 1143 concussus

2023 1174 2126 1220 est.
2162 1159 2321 1228 Quin
2368 1165 2534 1218 ctiam
2567 1179 2689 1220 cnm
2723 1174 2951 1240 synodis
2983 1175 3363 1229 Alexandrinae
3387 1217 3402 1241 ,
3459 1177 3654 1233 Roma-

2025 1274 2130 1324 na',
2161 1263 2226 1310 et
2255 1257 2613 1312 mcumcnicw
2657 1258 2971 1320 Sardicensi
3025 1267 3351 1322 Athanasius
3379 1282 3532 1322 suam
3567 1271 3646 1324 in-

2025 1348 2340 1406 nocentiam
2387 1347 2774 1418 approbasset,
2807 1357 3226 1410 calumniatores
3256 1373 3387 1412 vero
3417 1375 3521 1414 non
3552 1375 3641 1414 so-

2026 1443 2135 1497 lum
2169 1451 2249 1495 tot
2273 1439 2563 1496 sententiis
2583 1443 2824 1500 convicti
2867 1455 3030 1517 atque
3055 1447 3316 1514 damnati,
3343 1449 3438 1504 sed
3477 1452 3641 1506 etiam

2025 1533 2229 1588 libellis
2256 1531 2460 1586 oblatis
2517 1531 2692 1588 eidem
2748 1538 2826 1609 (α)
2859 1538 3167 1592 Sardicensi
3199 1539 3428 1610 synodo,
3469 1542 3641 1597 .lulio.

2024 1643 2130 1698 que
2170 1626 2416 1679 l’ontilici
2482 1623 2636 1680 llum.
2689 1631 2941 1684 criminis
2995 1630 3216 1686 admissi
3260 1631 3640 1705 ltmreseosque

2026 1719 2239 1773 veniant
2290 1717 2615 1784 deprecati,
2675 1719 2945 1776 Ecclesia:
2989 1726 3354 1780 communioni
3411 1727 3642 1785 fuissent

313 1827 495 1874 tanien
521 1817 804 1873 sentcntiae
827 1817 872 1870 si
898 1815 1036 1871 bene
1067 1825 1122 1870 te
1150 1815 1306 1882 novi,
1339 1815 1588 1875 accedes,
1642 1814 1921 1884 plurisque
1951 1809 2001 1870 B
2028 1809 2252 1872 redditi;
2286 1807 2485 1861 iterum
2518 1820 2693 1864 tamen
2747 1827 2916 1866 canes
2966 1813 3030 1867 ad
3081 1817 3337 1871 Vomitnm
3391 1819 3592 1875 reversi
3621 1862 3636 1887 ,

315 1911 371 1966 ili
407 1927 475 1966 et)
519 1909 682 1966 facies
725 1908 982 1978 judicium
1029 1908 1390 1963 eruditissimi
1452 1905 1920 1974 etirdatissitnique

317 2004 436 2069 viri,
470 2001 563 2074 qni
595 2012 644 2057 te
667 2002 792 2076 dum
822 2001 953 2056 vixit
978 2042 992 2066 ,
1021 2001 1088 2054 ob
1110 1985 1388 2070 egregiam
1431 1999 1769 2065 doctrinam,
1795 2014 1924 2067 pru-

316 2093 581 2156 dentiam,
624 2092 972 2164 studiumque
1017 2106 1081 2146 ac
1121 2093 1379 2162 pietatem
1411 2092 1462 2145 in
1495 2091 1646 2146 Hem.
1703 2093 1757 2145 iii
1803 2091 1924 2160 qui-

318 2189 425 2246 bus
468 2198 645 2243 tecum
671 2185 1040 2257 conSpirabal,
1070 2186 1229 2240 unice
1258 2185 1456 2238 amavit
1483 2192 1538 2238 et
1583 2184 1776 2250 coluit,
1805 2201 1920 2238 tnu—

321 2282 577 2351 riensque
623 2294 734 2334 sua:
778 2293 902 2348 erga
945 2287 996 2333 te
1047 2291 1329 2348 propensa:
1375 2275 1666 2330 voluntatis
1709 2275 1924 2344 publice

318 2374 423 2431 hoc
449 2375 816 2430 testiinonium
845 2373 1146 2443 posteritati
1171 2385 1386 2427 exstare
1409 2371 1602 2427 voluit.

389 2509 445 2562 2.
485 2508 637 2576 Quod
675 2507 867 2562 Hilarii
890 2508 977 2562 sit.
1007 2537 1077 2548 —
1113 2508 1192 2564 De
1217 2517 1441 2562 auctore
1467 2522 1595 2562 vero
1618 2508 1773 2562 istius
1800 2507 1926 2562 libri

318 2617 485 2656 nemo
513 2601 687 2655 codici
735 2617 894 2655 inanti
927 2603 1152 2671 scripto,
1184 2605 1274 2672 qui
1309 2601 1368 2655 Β.
1426 2601 1630 2655 llilario
1672 2616 1797 2655 enni
1829 2601 1927 2653 ad-

316 2694 530 2758 scribit,
558 2693 716 2748 fidem
741 2693 1014 2757 detrahet,
1042 2694 1251 2764 virique
1282 2694 1518 2763 potentis
1551 2694 1760 2748 titulum
1793 2693 1928 2746 alie.

318 2801 404 2840 nte
456 2786 787 2852 possessioni
837 2787 1056 2840 afﬁxutn
1080 2789 1508 2843 Controversiam
1541 2787 1800 2852 movebit,
1835 2788 1927 2855 qui

319 2874 447 2947 styli
468 2877 549 2930 vel
570 2877 765 2946 ingenii
796 2879 927 2930 tanti
954 2879 1193 2932 doctoris
1220 2879 1451 2949 aliquem
1477 2890 1691 2948 gustum
1723 2878 1931 2932 habue-

319 2970 393 3026 rit
436 2985 452 3034 ;
496 2968 542 3023 si
569 2969 790 3040 quidem
826 2970 1013 3040 longas
1062 2981 1117 3025 et
1164 2971 1430 3026 involutas
1457 2982 1510 3026 et
1557 2972 1744 3026 Gallici
1775 2971 1926 3024 Rho-

319 3060 478 3118 dani.
515 3069 573 3114 ut
601 3059 818 3115 violenti
848 3076 912 3115 ac
945 3063 1253 3131 praerapidi.
1285 3063 1363 3117 sic
1399 3063 1562 3117 etiam
1590 3064 1924 3137 aliquantum

323 3152 438 3206 limi
469 3166 652 3207 secum
707 3152 995 3216 trahentis,
1043 3169 1151 3221 quo
1181 3155 1496 3208 charactere
1527 3153 1673 3206 naris
1697 3167 1925 3208 emunc-

323 3244 546 3298 tissima:
571 3245 808 3312 scriptor
837 3245 951 3312 ipse
983 3243 1346 3314 Hieronymus
1367 3243 1569 3313 scripta
1601 3244 1787 3298 llilarii
1815 3245 1897 3314 sig

322 3335 492 3400 navit,
522 3336 931 3403 deprehendere
957 3337 1077 3390 Iit-et
1107 3335 1328 3406 (Hieron
1359 3337 1563 3406 praefat.
1595 3337 1647 3390 in
1673 3337 1820 3405 epist.
1854 3338 1926 3390 ad

324 3426 445 3483 Gal.
480 3426 534 3482 9.
567 3429 716 3499 epist.
757 3429 824 3484 15
853 3430 921 3482 ad
956 3427 1220 3496 Paulin.).
1254 3429 1359 3482 Sed
1389 3427 1516 3496 quid
1548 3427 1730 3482 verbis
1761 3429 1812 3481 in
1863 3444 1925 3484 re

321 3528 510 3589 aperta
541 3534 680 3590 opus
708 3519 833 3575 est?
860 3521 915 3574 Si
947 3537 1030 3574 θυι
1072 3535 1135 3574 ea
1169 3521 1220 3573 in
1249 3536 1306 3572 re
1351 3534 1487 3589 aqua
1522 3520 1744 3581 han-eat,
1781 3520 1924 3574 hunc

324 3612 524 3668 librum
553 3628 677 3667 cum
711 3614 778 3667 iis
806 3628 927 3683 quae
967 3613 1208 3667 onmium
1237 3615 1450 3667 calculo
1483 3627 1580 3682 pro
1637 3611 1924 3668 Ililarianis

323 3715 538 3776 recepta
565 3714 691 3760 sunt
718 3705 1040 3768 contendat;
1090 3720 1187 3760 nec
1231 3722 1426 3775 aquam
1474 3720 1630 3765 aquae
1655 3745 1668 3766 ,
1703 3719 1802 3758 nec
1833 3705 1924 3759 lac

323 3797 447 3850 lacti
495 3797 728 3852 similius
765 3797 1020 3850 inveniet.
1065 3795 1176 3851 Nec
1221 3812 1354 3852 sane
1410 3797 1724 3851 historicum
1778 3796 1924 3852 istud

320 3887 469 3960 Opus
511 3889 746 3960 antiquis
773 3889 1013 3960 ignotum
1053 3890 1150 3942 fuit
1178 3907 1191 3941 :
1223 3889 1265 3943 si
1313 3890 1532 3960 quidem
1582 3888 1712 3943 illud
1745 3887 1921 3957 ipsum

320 3997 466 4045 esse,
495 3981 637 4051 quod
682 3981 822 4036 idem
867 3983 979 4050 ipse
1008 3980 1368 4052 Hieronymus
1418 3992 1604 4036 contra
1637 3980 1921 4038 Ursacium

318 4083 378 4129 et
422 4072 738 4139 Valentem,
789 4084 1075 4128 continens
1141 4079 1507 4130 narrationem
1563 4073 1924 4130 Aritninensis

319 4163 571 4231 Concilii,
596 4165 856 4220 Ililariutn
883 4166 1168 4235 scripsisse
1197 4165 1432 4233 tradidit,
1461 4166 1587 4221 huic
1619 4166 1756 4221 libro
1786 4181 1923 4237 pra:-

323 4256 430 4312 fixa
454 4258 738 4329 inscriptio
771 4257 931 4314 fidem
955 4260 1102 4314 facit.

395 4394 451 4449 3.
497 4393 746 4449 Ursacim
773 4405 820 4449 et
853 4392 1058 4460 Valens,
1086 4395 1191 4465 qui.
1233 4425 1302 4438 -—
1332 4395 1434 4466 lpsi
1472 4397 1616 4452 enim
1667 4395 1924 4455 Ursacitts

328 4495 388 4540 et
418 4485 637 4552 Valens,
693 4487 830 4542 alter
856 4487 1135 4557 Siugiduni
1186 4488 1482 4555 superioris
1529 4488 1712 4558 Mysiae
1740 4531 1753 4552 ,
1782 4490 1923 4546 alter

327 4579 527 4635 Murste
576 4579 869 4634 Pannonia:
917 4577 1187 4650 (quamvis
1235 4595 1338 4635 non
1370 4595 1477 4632 uno
1523 4581 1642 4634 loco
1681 4580 1920 4635 Atliana—
1948 4571 2002 4631 D

325 4678 444 4731 sius
476 4677 820 4732 Alexandriae
851 4678 1138 4748 episcOpus
1167 4685 1458 4744 utrumque
1485 4677 1798 4733 Pannouem
1827 4697 1922 4734 Vt)-

322 4770 435 4836 cet)
462 4772 697 4842 episcopi
728 4787 849 4827 cutn
877 4769 1010 4826 Caio
1036 4786 1188 4840 teque
1229 4769 1484 4826 Pannone
1506 4813 1521 4836 ,
1554 4782 1610 4826 et
1637 4771 1920 4829 Germinio

325 4861 509 4934 Cyzici
538 4865 766 4931 primum
795 4862 990 4917 deinde
1013 4863 1191 4916 Sirmii
1221 4863 1515 4933 episcopo,
1567 4866 1732 4919 totius
1762 4868 1922 4922 Ario-

328 4967 614 5008 manorum
635 4953 940 5024 Tragtedite
959 4951 1176 5022 cboragi
1194 4994 1208 5019 ,
1245 4965 1405 5024 atque
1457 4955 1594 5010 adeo
1623 4956 1923 5026 hypocrita:

327 5045 626 5100 extiterunt
687 5045 752 5100 ad
804 5059 943 5116 quos
991 5060 1148 5109 cum,
1230 5054 1289 5098 ut
1331 5047 1406 5100 ait
1455 5056 1640 5103 noster
1691 5049 1923 5109 Hilarius

331 5133 508 5207 (Cant.
532 5137 798 5202 Auxenti.,
835 5153 890 5191 η.
942 5138 1022 5208 4),
1062 5135 1250 5191 Ariani
1277 5139 1510 5193 nowinis
1558 5139 1844 5197 lia-reditas
1870 5155 1922 5198 et

328 5231 606 5283 successio
633 5229 984 5295 deduxisset,
1031 5245 1136 5284 non
1186 5230 1300 5283 ausi
1347 5239 1537 5298 aperto
1573 5231 1742 5288 Marte
1799 5236 1925 5292 lidei

326 5317 561 5374 Nicaeum
591 5321 791 5375 bellum
817 5321 1057 5376 indicere
1080 5327 1255 5374 stante
1281 5321 1397 5390 ipso
1417 5320 1734 5388 Athanasio,
1764 5343 1924 5394 quem

328 5419 612 5466 strenuum
636 5413 1028 5483 robustumque
1065 5412 1183 5482 ejus
1215 5424 1689 5484 propugnatorem,
1719 5432 1783 5472 ac
1813 5421 1927 5490 pla-

403 5571 486 5642 (a)
511 5572 639 5648 Quir.
659 5573 747 5630 liic
771 5575 997 5648 confuse
1020 5582 1324 5648 narrantur,
1349 5575 1563 5648 errandi
1584 5577 1760 5634 locum
1790 5597 1919 5648 pra:-

323 5643 486 5723 ρίιέιιξἰ
515 5643 721 5723 Ιεέιηιοει
755 5659 874 5723 sunt
910 5644 1146 5723 Ursacii_
1175 5656 1242 5723 et_
1278 5645 1516 5702 Valentis
1551 5649 1715 5704 libelli
1747 5691 1760 5714 ,
1785 5643 1921 5723 quos

325 5715 639 5790 Sardicensi
682 5717 892 5790 synodo
940 5731 1044 5790 non
1098 5715 1457 5790 obtulerunta
1496 5734 1603 5790 qua
1646 5735 1767 5776 cum
1799 5715 1921 5780 aliis

331 5785 633 5856 praefractis
657 5785 926 5843 haereticis
951 5786 1186 5842 damnati
1217 5797 1360 5844 sunt.

2025 1900 2200 1956 fwdas
2228 1899 2348 1952 illas
2390 1907 2448 1952 et
2478 1899 2779 1956 Ecclesium
2815 1903 2940 1969 Dei,
2968 1920 3087 1974 quae
3116 1906 3308 1963 domus
3337 1911 3484 1980 pacis
3522 1922 3602 1966 est
3622 1953 3637 1976 ,

2026 2007 2214 2065 palum
2244 1991 2510 2046 decentes
2531 1992 2866 2059 discordias,
2891 1996 3260 2068 episcoporum
3289 2002 3638 2058 discursatioo

2030 2097 2125 2138 nes
2149 2083 2534 2151 Mediolanum,
2567 2086 2861 2153 Sirmium,
2893 2087 3192 2146 Seleuciam
3215 2108 3462 2164 asperam
3481 2135 3496 2160 ,
3523 2095 3643 2150 Ari-

2029 2179 2256 2239 minum,
2283 2174 2855 2246 Constantinopolim,
2873 2179 3108 2239 Nicaeam
3129 2184 3396 2251 Thraciae,
3427 2188 3509 2254 (et
3536 2203 3643 2257 quo

2031 2288 2136 2326 non
2168 2279 2433 2326 terrarum
2453 2271 2498 2342 ?)
2521 2279 2799 2341 pratterea
2828 2278 3266 2347 proscriptiones,
3292 2279 3453 2334 exilia
3474 2287 3649 2335 etcaa-

2029 2363 2128 2418 des
2155 2364 2497 2430 excitarunt,
2533 2380 2653 2434 qua:
2697 2365 2960 2430 quamdiu
2993 2369 3042 2422 in
3075 2369 3212 2425 vivis
3239 2369 3450 2426 exstitit
3499 2371 3643 2428 Con-

2033 2456 2284 2522 smntius,
2308 2456 2607 2511 catholicos
2637 2456 2936 2526 episc0pos
2963 2471 3351 2519 esuri-uerum,
3375 2463 3648 2521 Tandem-

2031 2566 2137 2619 que
2161 2551 2397 2603 detracta
2435 2565 2665 2619 persona
2716 2549 2990 2604 Nicmnam
3039 2556 3279 2622 regulam
3326 2575 3644 2629 oppugnan-

2033 2651 2134 2702 tcs.
2165 2642 2549 2712 Imperatorem
2578 2643 2776 2709 ipsum,
2806 2643 2963 2710 cujus
2996 2652 3267 2713 potestate
3297 2649 3634 2717 ttitrbntitur,

2032 2734 2362 2804 impulerunt
2388 2744 2443 2785 nt
2469 2733 2756 2802 episcopos
2781 2733 3012 2788 Arimini
3041 2747 3400 2808 congregatos
3422 2742 3489 2795 ad
3513 2741 3644 2797 sub-

2031 2827 2380 2897 scriptionem
2412 2841 2562 2878 novae
2595 2824 2841 2878 formula:
2873 2827 2994 2880 lidci
3021 2828 3264 2883 subdolis
3290 2832 3472 2886 verbis
3501 2849 3637 2888 con-

2031 2927 2206 2987 ceptae
2231 2919 2493 2988 adigeret,
2519 2933 2637 2984 qum
2673 2927 2864 2970 contra
2917 2929 3282 2973 trecentorum
3317 2930 3372 2975 ct
3417 2925 3640 2979 octode-

2032 3014 2136 3069 cim
2166 3022 2378 3082 patrum
2405 3009 2704 3074 decretum,
2735 3011 2914 3069 οὐσίας
2941 3015 3024 3064 καὶ
3049 3009 3326 3083 ὁμοουσὶου
3358 3016 3639 3071 vocabulis

2036 3103 2243 3159 indicto
2288 3101 2540 3167 silentio,
2596 3100 2791 3155 Filium
2847 3100 2995 3155 Patri
3045 3103 3277 3158 similem
3337 3106 3636 3160 secundum

1955 3186 1999 3248 C
2032 3196 2345 3266 Scripturas
2373 3193 2750 3264 profitebatur,
2792 3193 3206 3258 dicentibnsque
3239 3195 3392 3248 illum
3420 3207 3636 3251 creatu-

2031 3307 2145 3345 ram
2177 3291 2317 3344 sicut
2355 3288 2475 3342 alia:
2511 3293 2637 3340 sunt
2673 3294 2936 3341 creatura:
2989 3289 3279 3341 andhema
3326 3287 3626 3359 inlligebat.

2029 3384 2141 3440 Nec
2171 3394 2347 3460 tamen
2379 3382 2452 3437 ibi
2505 3381 2912 3436 consistendum
2967 3397 3092 3436 esse
3151 3382 3444 3448 duxerunt,
3477 3381 3633 3451 (Nam

2029 3478 2154 3548 quis
2189 3474 2442 3543 peccandi
2479 3475 2638 3526 liuent
2683 3481 2863 3541 posuit
2901 3473 3038 3526 sibi?
3065 3471 3318 3554 )'verum
3375 3471 3635 3530 felicitate

2030 3571 2312 3621 successus
2367 3562 2688 3616 audaciores
2742 3564 2910 3628 facti,
2969 3578 3076 3616 non
3132 3564 3242 3632 jam
3290 3564 3360 3618 de
3411 3567 3634 3621 Vttciltus

2029 3663 2208 3720 οὐσίας
2231 3663 2317 3714 καὶ
2343 3657 2621 3728 ὁμοουσίου
2653 3667 2924 3725 tamquam
2955 3655 3244 3709 discordia:
3267 3668 3428 3723 ponto
3455 3672 3560 3723 qua
3577 3673 3633 3711 s-

2028 3756 2230 3807 tionem
2265 3749 2449 3804 haberi
2479 3747 2876 3819 significarunt,
2907 3747 3000 3801 sed
3049 3746 3299 3817 inoperto
3327 3745 3506 3814 capite
3530 3763 3626 3816 pn-

2031 3862 2148 3902 rum
2178 3853 2472 3916 pntnntqne
2501 3857 2597 3895 seu
2629 3842 2806 3907 potius
2833 3839 3102 3910 impurum
3137 3837 3488 3910 putidtnnque
3516 3840 3628 3896 Arii

2028 3940 2222 4009 dogma
2266 3935 2510 3992 Concilio
2567 3933 2872 3988 Antiochiae
2919 3933 3183 4004 professi,
3233 3929 3430 3988 Filium
3483 3934 3626 3989 l’atri

2028 4017 2342 4086 dissimilem
2391 4028 2603 4097 penitus
2640 4029 2726 4080 καὶ
2767 4027 2820 4092 ἐξ
2864 4027 2952 4080 οὐκ
2991 4022 3146 4080 ὄντων
3189 4031 3494 4080 creaturam
3532 4027 3628 4096 '(b)

2029 4131 2350 4179 statuerunt.
2379 4119 2543 4190 Cujus
2577 4117 2872 4188 impietatis
2891 4120 3062 4189 ipsum
3084 4117 3468 4187 Imperatorem
3501 4133 3628 4175 auc-

2028 4227 2200 4272 torem
2232 4231 2296 4270 ac
2324 4213 2590 4268 vindicem
2621 4211 2920 4277 exstitisse,
2952 4211 3278 4266 Athanasius
3308 4212 3523 4267 asserit.

2097 4311 2150 4363 4.
2180 4308 2344 4378 Igitur
2373 4303 2624 4360 Ursacins
2645 4312 2701 4359 et
2726 4303 2918 4358 Valens
2947 4303 3019 4358 illi
3046 4303 3146 4371 ipsi
3174 4313 3295 4357 sunt
3322 4309 3352 4355 τ’
3372 4319 3392 4354 ι
3429 4303 3624 4374 quibus

2028 4401 2352 4459 instantibus
2401 4399 2501 4455 sub
2551 4399 2878 4467 imperatore
2935 4394 3254 4452 Consmntio
3299 4395 3496 4452 factum
3543 4406 3628 4452 est

2030 4494 2370 4549 Ariminense
2399 4489 2687 4546 concilium
2719 4498 2907 4543 contra
2941 4489 3240 4542 formellam
3278 4486 3480 4544 Niceeni
3511 4500 3620 4543 tra-

2025 4596 2221 4650 ctatus,
2253 4600 2355 4656 qua
2387 4583 2655 4639 universa:
2683 4581 2915 4636 Inereses
2949 4579 3359 4648 comprehensae
3385 4588 3572 4635 erant:
3599 4598 3617 4632 ι

2025 4681 2076 4735 in
2101 4694 2236 4750 quos
2259 4680 2360 4734 hoc
2385 4692 2522 4747 opus
2550 4675 2808 4744 scriptum
2837 4684 2936 4728 est.
2992 4674 3326 4742 Quamquam
3353 4713 3369 4740 ,
3400 4682 3458 4727 ιιι
3479 4675 3621 4744 quod

2025 4772 2202 4828 sentio
2231 4772 2427 4831 dicam,
2450 4770 2565 4823 ιιωο
2585 4768 2704 4822 libri
2731 4767 3009 4836 inscriptio
3037 4768 3205 4820 multo
3234 4766 3350 4836 plus
3373 4766 3424 4820 in
3446 4763 3626 4823 fronte

2025 4865 2314 4936 spondeat,
2329 4879 2488 4934 quam
2508 4871 2719 4930 praestet
2734 4860 2784 4914 iit
2803 4875 3017 4916 recessu
3041 4859 3139 4930 (c);
3163 4859 3265 4915 nisi
3287 4860 3426 4930 quod
3442 4861 3623 4929 operis

2027 4959 2285 5029 longioris
2341 4956 2585 5028 pluribus
2638 4959 2868 5010 fortasse
2915 4960 3292 5022 comprehensi
3343 4954 3516 5016 libris,
3569 4965 3623 5009 et

2028 5051 2350 5108 narrationis
2383 5059 2586 5104 exacta:
2631 5062 2821 5103 eorum
2861 5063 2980 5118 qua:
3027 5045 3354 5101 Atitninensi
3395 5047 3624 5101 concilio

2026 5159 2175 5220 ge5ta
2206 5158 2350 5211 sunt,
2387 5145 2473 5200 vel
2499 5160 2620 5216 qttte
2651 5143 2827 5213 ipsum
2863 5151 3248 5212 praecesserunt
3275 5185 3289 5204 ,
3321 5151 3409 5197 attt
3440 5155 3621 5213 postea

2028 5253 2212 5296 secuta
2261 5248 2431 5302 sunt,
2483 5236 2696 5291 initium
2749 5242 2950 5288 tantum
3004 5246 3066 5287 ac
3115 5234 3322 5288 divulsa
3378 5234 3622 5304 qua-dam

2028 5331 2348 5402 fragmenta,
2382 5344 2486 5383 non
2515 5338 2692 5381 autem
2724 5327 2989 5396 integrum
3020 5339 3156 5396 opus
3180 5328 3259 5380 vcl
3295 5327 3488 5380 librum
3537 5327 3624 5382 hic

2029 5422 2271 5480 exhiberi
2298 5435 2515 5477 censeo.
2545 5417 2614 5474 Et
2632 5433 2764 5474 sane
2793 5426 2980 5473 auctor
3019 5416 3179 5487 hujus
3208 5417 3328 5473 libri
3361 5418 3540 5473 statim
3571 5420 3624 5475 in

2098 5583 2174 5657 (b)
2217 5585 2320 5638 Aut
2361 5583 2539 5650 potius
2581 5591 2821 5657 statuere
2855 5586 3127 5657 tentarunt
3161 5598 3173 5633 :
3204 5587 3276 5657 at_
3303 5582 3509 5657 objecta
3535 5581 3620 5657 _di-

2027 5651 2178 5710 luere
2202 5671 2305 5708 non
2334 5657 2592 5718 valentes,
2622 5651 2846 5706 formula
2867 5653 3463 5722 quaelionstantiuomli
3483 5653 3624 5708 edita

2027 5736 2162 5786 erat.
2195 5727 2436 5796 recitata,
2464 5727 2733 5796 abierunt.
2775 5722 2952 5796 (Socr.
2985 5721 3024 5777 ι.
3061 5737 3120 5796 tt,
3167 5740 3215 5777 c.
3263 5722 3380 5796 45.)
3563 5791 3590 5796 Α

2092 5797 2164 5865 (cl
2191 5795 2399 5854 Titulus
2429 5795 2586 5866 llujus
2607 5793 2728 5852 libri
2761 5793 2916 5866 plura
2945 5794 3177 5863 spondet
3198 5793 3619 5867 Qtiant'prtesm'l.
