4248 6258
1569 296 1634 352 ΙΝ
1676 291 2100 352 FRAGMENTA
2141 286 2387 345 SANGTI
2417 287 2677 345 [ΜΔΝ]
2719 287 3024 346 EPISCOPI

3863 289 3970 346 82

673 431 844 503 ipsius
897 423 1048 480 initio
1100 417 1307 484 scribit,
1353 413 1714 474 narrationem
1754 411 2038 465 ducturum
2093 421 2154 462 se
2197 403 2268 460 ab
2295 405 2350 468 Α
2373 402 2704 460 subditiliam
2727 419 2848 460 esse
2876 406 3048 476 stylus
3075 414 3251 475 negat,
3281 412 3339 461 et
3375 413 3636 476 praeterea
3673 406 3759 462 cui
3787 406 3970 470 bono?

674 495 978 577 Arelatensi
1013 507 1272 574 concilio,
1319 520 1427 577 quo
1453 503 1709 559 Paulinus
1761 499 2109 557 Trevirorum
2148 495 2268 566 epi-

673 604 1309 679 scopusﬁalliarumque,
1338 605 1395 652 ut
1419 611 1540 650 eum
1563 593 1737 651 Graeci
1763 601 1981 656 .vocant,
1998 591 2271 659 Metropo-

674 701 872 757 litanus
918 709 1060 750 anno
1107 691 1308 746 Christi
1354 688 1482 755 555,
1531 685 1799 742 Saturnini
1841 693 2270 750 cmterorumque

673 793 995 848 Arianorum
1015 786 1272 842 factione.
1303 783 1603 855 depositus,
1638 789 1693 836 et
1749 780 1802 833 in
1849 777 2070 834 exilium
2116 784 2268 831 actus

673 892 799 938 est:
833 884 902 936 de
947 893 1055 950 quo
1101 888 1280 932 tamen
1329 875 1584 942 deinceps
1633 872 1799 926 altum
1847 879 1928 926 est
1974 868 2266 923 silentium.

672 977 1009 1044 Quicumque
1025 971 1168 1026 enim
1189 971 1303 1024 haec
1314 966 1604 1036 excerpsit,
1623 965 1848 1041 Κορυφάς
1867 963 2048 1040 ἐτέρας
2069 961 2270 1037 ἑτέραις

672 1068 991 1146 προσάπτων
1025 1066 1212 1136 μύθων,
1251 1061 1372 1114 huic
1405 1057 1755 1128 propositioni
1802 1053 2058 1108 continuo
2101 1067 2269 1124 syno-

673 1160 823 1216 dales
854 1159 1110 1226 epistolas
1159 1154 1501 1211 Sardiceusis
1545 1150 1755 1206 concilii
1805 1164 1898 1203 sex
1943 1155 2071 1200 ante
2115 1145 2271 1198 annis

676 1254 864 1318 habiti,
897 1255 1120 1305 atteram
1151 1249 1217 1302 ad
1256 1261 1446 1301 onmes
1487 1244 1777 1307 Ecclesias,
1821 1241 2048 1295 alteram
2075 1238 2142 1292 ad
2172 1237 2266 1293 Ju.

675 1347 805 1401 lium
855 1345 918 1400 P.
971 1343 1037 1398 R.
1089 1341 1450 1396 innocentiam
1503 1335 1781 1391 Athanasii
1831 1341 2160 1402 compertam
2208 1344 2271 1384 ac

673 1443 1030 1491 cttutestatam
1053 1433 1358 1488 iudicantes
1385 1429 1616 1498 subjecit
1649 1445 1662 1482 :
1691 1427 1759 1482 de
1789 1426 1982 1496 quibus
2011 1424 2162 1494 plura
2191 1421 2268 1476 di-

674 1542 817 1590 cere,
851 1525 1308 1598 (quandoquidem
1366 1523 1502 1576 hanc
1529 1521 1722 1586 doctis,
1756 1519 1981 1588 Jupiter,
2028 1527 2079 1571 et
2126 1516 2274 1572 labo-

673 1621 833 1676 riosis
873 1621 984 1676 suis
1019 1617 1302 1674 annalibus
1344 1616 1426 1670 vir
1469 1613 1814 1668 illustrissimi
1844 1611 2078 1666 nominis
2102 1625 2164 1662 ac
2193 1609 2274 1663 di-
2299 1603 2316 1616 “

667 1712 889 1784 gnitatis
933 1711 1234 1768 Cardioalis
1280 1709 1547 1764 Baronius
1593 1707 1839 1771 inseruit,
1890 1704 2109 1758 omissis
2147 1704 2274 1758 sub-

2371 496 2522 552 Adeo
2550 512 2738 554 verum
2767 507 2851 552 est
2871 497 3006 554 illud
3038 497 3268 569 Tragici,

2619 591 2760 642 λειανν
2780 600 2800 640 ὁ
2820 602 2955 652 μιαρὸς
2979 601 3046 640 καὶ
3063 601 3304 652 ἀναρίθμητος
3331 600 3461 653 χρόνος

2619 665 2706 702 Φὺιι
2729 666 2763 702 τ’
2786 659 2927 711 ἄδηλα,
2948 665 3010 701 καὶ
3035 665 3188 713 enim;
3211 665 3420 714 ιρὺπτιταμ

3025 713 3253 776 (Sophoc.
3277 715 3328 763 tu
3352 713 3524 778 Aiace,
3555 713 3720 777 p.59.)

2443 804 2496 859 6.
2540 803 2770 875 Sequens
2799 805 3017 872 epistola
3069 822 3202 858 nunc
3252 803 3416 874 Frag.
3449 821 3520 860 xu
3564 823 3653 860 an.
3701 804 3810 862 565
3835 808 3972 860 scri-

2373 906 2484 964 pta.
2509 926 2581 937 —
2603 897 2891 965 Sequentis
2909 897 3152 964 ejusdem
3184 896 3459 951 Pontiﬁcis
3487 897 3748 965 epistolae,
3779 911 3977 965 quam-

2371 990 2456 1043 vis
2493 989 2603 1058 ipsa
2633 989 3023 1044 connexiouem
3053 1003 3174 1042 cum
3223 987 3652 1056 prmcedentibus
3702 989 3975 1058 aptiorem

2373 1097 2479 1136 non
2525 1082 2742 1148 haheat,
2786 1082 2990 1136 certior
3036 1090 3215 1135 tamen
3263 1091 3347 1135 est
3401 1079 3645 1134 historia.
3697 1081 3975 1146 Quantum

2369 1174 2518 1229 enim
2540 1188 2606 1227 ex
2636 1173 2754 1243 ejus
2785 1173 2979 1242 ubique
3007 1171 3684 1240 corruptissimtelectioue
3707 1170 3867 1224 datur
3889 1184 3979 1224 as-

2373 1267 2557 1335 sequi,
2605 1277 2725 1335 post
2770 1265 3108 1333 imperatoris
3155 1263 3453 1318 Constantii
3505 1263 3734 1329 obitum,
3789 1278 3981 1319 rever-

2374 1373 2601 1427 sumque
2623 1357 2692 1412 ab
2717 1356 2908 1410 exsilio
2932 1355 3221 1410 Eusebium
3243 1354 3612 1409 Vercellarum
3629 1356 3975 1425 episcopum,

2374 1465 2498 1504 cum
2529 1457 2714 1503 nostro
2744 1447 2947 1502 Hilario
2985 1457 3042 1502 et
3081 1446 3378 1500 Athanasio
3406 1445 3585 1500 divina
3611 1443 3974 1514 providentia,

2374 1556 2496 1612 quae
2542 1541 2654 1596 suis
2698 1540 2926 1610 tempori
2969 1555 3256 1610 numquam
3287 1555 3394 1594 non
3423 1538 3600 1602 adest,
3635 1538 3790 1606 Beip.
3817 1536 3978 1593 Chri-

2373 1637 2565 1689 stiauzc
2577 1633 2970 1689 constituenda:
2985 1629 3820 1700 restaurarndaeque'l‘riumvirum
3833 1645 3978 1698 pm:-

2378 1728 2648 1787 stitutnm,
2681 1735 3061 1778 conservatum
3093 1731 3255 1792 atque
3282 1720 3490 1786 alitum,
3531 1722 3640 1774 hoc
3687 1731 3793 1785 est,
3833 1720 3976 1774 circa

671 1805 1022 1860 scribentium
1070 1805 1448 1873 θνίδοορθνυιη
1493 1800 1822 1863 “ominibus:
1867 1812 1990 1867 quin
2042 1797 2110 1851 ab
2157 1797 2272 1865 eius
2303 1797 2352 1860 Β
2375 1816 2575 1870 annum
2605 1815 2804 1870 Christi
2835 1816 2943 1870 563
2969 1814 3168 1883 scripta
3193 1821 3277 1867 cst
3304 1830 3316 1865 :
3349 1827 3544 1882 nempe
3579 1827 3689 1881 quo
3731 1821 3978 1877 tempore

665 1899 859 1958 codice
885 1899 1148 1962 aberant;
1201 1897 1292 1951 illa
1342 1909 1471 1948 vero
1511 1909 1620 1948 non
1665 1907 1772 1947 uno
1811 1891 1926 1945 loco
1963 1889 2103 1958 apud
2132 1889 2272 1942 anti-

669 2007 806 2061 quos
834 1991 1055 2062 exstat,)
1089 1988 1422 2060 superﬂuum
1455 1985 1726 2042 existimo.
1777 1982 1922 2038 ldent
1955 1985 2114 2038 etiam
2152 1997 2272 2051 per-

671 2085 880 2152 spicere
930 2091 1015 2137 est
1070 2081 1134 2136 ad
1187 2082 1390 2136 calcem
1437 2077 1722 2147 fragmentt
1768 2090 1829 2138 ιι.
1877 2074 1965 2130 ubi
2024 2089 2146 2128 cum
2206 2072 2266 2126 Β.

673 2173 905 2228 llilarius
937 2174 1108 2229 lucem
1141 2172 1435 2227 narrationi
1467 2185 1579 2225 suae
1620 2169 1898 2223 allaturam
1943 2166 2168 2221 dixisset
2209 2165 2273 2219 il-

673 2267 778 2320 lam
823 2268 1148 2331 orationem,
1202 2280 1361 2334 quam
1409 2264 1598 2318 eadem
1654 2260 1988 2316 Sardicensis
2031 2257 2272 2330 synodus

671 2372 768 2427 per
790 2356 1127 2412 Vincentium
1179 2357 1375 2425 Capuae
1429 2364 1483 2410 et
1537 2353 1614 2422 (α)
1671 2352 1968 2423 Euphatem
2031 2349 2272 2405 Colonia:

671 2449 981 2519 Agrippina:
1007 2449 1292 2518 episcopos
1321 2445 1665 2502 Antiochiam
1699 2459 1866 2513 usque
1899 2441 1966 2496 ad
1999 2441 2267 2496 Constan-

673 2539 802 2606 tium
853 2539 1048 2596 missos
1092 2539 1315 2603 habuit;
1351 2553 1546 2608 magno
1596 2546 1771 2590 tamen
1817 2535 2060 2588 historia;
2101 2531 2269 2588 detri-

669 2645 856 2690 mento
879 2633 1024 2688 nulla
1055 2633 1141 2687 hic
1174 2641 1372 2698 exstat,
1402 2631 1498 2685 sed
1527 2629 1642 2700 ejus
1673 2630 1791 2683 loco
1817 2627 2060 2698 qumdam
2107 2626 2268 2681 Libe-

672 2728 735 2783 rii
768 2728 827 2783 P.
855 2729 922 2783 lt.
946 2727 1027 2801 (lt)
1069 2735 1126 2782 et
1149 2727 1378 2780 aliorum
1407 2725 1649 2795 epistulae
1680 2723 1825 2778 nullo
1851 2722 2109 2792 temporis
2133 2763 2147 2787 ,
2180 2720 2267 2776 vel

673 2838 856 2877 rerum
904 2822 1096 2876 ordine
1125 2829 1342 2875 servato
1373 2818 1517 2874 velut
1547 2818 1600 2872 iu
1641 2817 1955 2873 fasciculum
1999 2823 2269 2886 congestae

673 2915 948 2970 lcauutur.

763 2931 948 2967 untur.

727 2931 796 3061 85.
839 3004 972 3059 Nam
1004 3019 1122 3072 qua:
1161 3003 1332 3073 prima
1379 3001 1645 3062 occurrit,
1690 3015 1719 3055 a
1761 2999 1976 3054 Liberio
2003 2999 2146 3054 circa
2185 2997 2266 3052 sui

675 3097 1017 3169 pontiﬁcatus
1046 3095 1254 3149 initium
1282 3135 1298 3158 ,
1326 3095 1464 3162 quod
1493 3095 1545 3148 itt
1576 3108 1774 3147 annum
1805 3092 1996 3148 salutis
2027 3092 2136 3148 555
2181 3092 2264 3144 iu-

2373 1908 2426 1962 in
2455 1907 2748 1963 Occidente
2780 1908 2998 1975 pariter,
3023 1921 3085 1958 ac
3109 1913 3238 1959 ante
3266 1904 3472 1976 synodo
3502 1903 3869 1958 Alexandrina
3921 1903 3976 1958 in

2373 2000 2595 2055 Oriente
2625 2000 2644 2072 (
2672 1999 2799 2054 anni
2827 1999 2934 2052 562
2957 1997 2999 2069 ).
3029 1997 3333 2052 concordize
3381 1997 3635 2066 pacisque
3685 1994 3867 2048 studio
3911 2011 3977 2050 ac

2373 2093 2518 2148 bono
2545 2110 2574 2144 ιι
2609 2091 2781 2146 tribus
2811 2091 2936 2153 illis,
2988 2095 3056 2150 ὡς
3085 2090 3278 2150 ἀληθῶς
3306 2090 3591 2166 ἀνθρώπως
3618 2094 3714 2143 τοῦ
3736 2095 3865 2142 Θεοῦ
3895 2092 3976 2144 καὶ

2375 2189 2638 2258 μεγίστοις
2665 2191 2764 2239 τῶν
2785 2181 2978 2255 ψυχῶν
3005 2181 3305 2254 οἰκονόμοις,
3345 2197 3411 2234 ex
3460 2195 3536 2234 ιιι
3599 2178 3880 2234 Senatum
3917 2194 3979 2234 ac

2374 2277 2591 2344 [ortibus
2637 2277 2856 2345 siremps
2907 2275 2990 2328 lea:
3035 2274 3176 2328 dicta
3210 2284 3314 2341 est,
3367 2273 3799 2342 Arianorumque
3829 2287 3979 2326 cout-

2375 2369 2630 2422 munione
2685 2365 2952 2431 l’uadatos,
3000 2365 3241 2434 exceptis
3297 2363 3568 2419 haereseos
3621 2363 3974 2428 auctoribus,

2375 2458 2614 2530 perﬁdia!
2661 2459 3078 2512 renuntiantes:
3112 2474 3130 2507 ι
3171 2455 3412 2510 Ecclesia
3441 2454 3698 2529 catholici
3742 2473 3759 2506 ι
3806 2455 3978 2524 inquit

2375 2551 2730 2622 Augustinus,
2771 2568 2788 2601 ι
2827 2559 3072 2604 materno
3122 2547 3330 2618 recepit
3384 2548 3522 2612 sinu,
3575 2556 3845 2614 tamquam
3879 2547 3976 2602 Pe

2375 2653 2513 2697 trum
2549 2653 2669 2714 post
2699 2641 2881 2696 ﬁetum
2915 2640 3214 2710 negationis
3243 2656 3340 2708 per
3379 2639 3504 2710 galli
3535 2651 3753 2692 cantum
3783 2637 3972 2693 admo.

2373 2737 2567 2802 nilum,
2591 2745 2683 2789 aut
2706 2744 2972 2803 tamquam
3000 2731 3250 2787 eumdem
3277 2741 3397 2801 post
3425 2745 3637 2798 praVam
3669 2730 3975 2784 simulatio-

2374 2841 2494 2880 nem
2541 2826 2686 2880 Pauli
2740 2841 2867 2878 V008
2895 2829 3196 2879 Correctum
3231 2841 3250 2874 ι
3299 2825 3316 2890 (
3345 2821 3662 2894 Augustinus
3698 2821 3760 2874 de
3799 2823 3978 2894 Agaue

2373 2914 2567 2971 Christ.
2627 2933 2674 2969 c.
2733 2914 2847 2985 50).
2906 2913 3123 2968 Lucifer
3164 2916 3312 2967 solus
3350 2911 3664 2966 Calararum
3712 2909 3978 2967 Sardinia:

2373 3010 2678 3078 episcopus,
2709 3007 3012 3061 constantia
3057 3006 3201 3067 ﬁdei,
3237 3006 3672 3075 scriptorumque
3703 3003 3976 3069 libertate,

2374 3101 2416 3152 si
2447 3099 2620 3152 labem
2657 3100 2809 3152 ismm
2849 3098 3107 3166 excipias,
3158 3098 3297 3150 inter
3337 3095 3595 3151 Ecclesiae
3642 3095 3843 3149 lumina
3893 3109 3978 3150 re-

671 3189 822 3252 cidit,
854 3189 1051 3258 scripta
1108 3187 1337 3241 videtur.
1371 3186 1475 3241 Par
1514 3197 1598 3242 est
1643 3191 1785 3242 enim
1827 3187 2000 3255 ipsum
2045 3199 2263 3240 accusa-
2299 3169 2345 3234 Ο
2379 3191 2704 3255 censendus,
2762 3189 3024 3259 paucique
3047 3188 3136 3242 alii
3162 3188 3324 3241 nimia
3356 3185 3640 3241 sanctitate
3665 3185 3874 3248 dicam,
3907 3200 3973 3240 an

674 3279 874 3336 tionem
904 3295 1086 3334 coram
1113 3278 1255 3335 Julio
1282 3294 1608 3346 prazcessore
1647 3293 1747 3338 suo
1801 3276 2104 3334 inchoatam
2159 3291 2266 3332 non

673 3372 766 3429 diu
797 3373 1161 3442 protraxisse,
1202 3371 1298 3427 sed
1348 3371 1529 3428 statim
1563 3381 1620 3428 ut
1649 3370 1884 3440 pontifex
1929 3372 2267 3426 renuntiatus

673 3475 777 3528 est,
807 3467 1014 3537 legatos
1038 3467 1161 3521 illos
1187 3481 1312 3521 suos
1337 3466 1403 3521 ad
1433 3466 1780 3521 Athanasium
1810 3465 2020 3520 misisse
2044 3466 2269 3520 Alexan-

674 3558 868 3625 driam,
913 3558 1409 3629 detractantemque
1444 3558 1704 3628 judicium
1757 3557 2166 3613 condemnasse.
2211 3557 2266 3613 ln

671 3667 782 3722 quo
821 3661 998 3706 tamen
1045 3651 1216 3706 nodus
1259 3651 1372 3706 Deo
1399 3650 1626 3713 vindice.
1675 3650 1729 3706 id
1770 3661 1874 3715 est,
1924 3652 2269 3708 ornatissimo

674 3742 770 3797 illo
813 3741 1232 3812 doctissimoque
1281 3744 1565 3798 Annalium
1606 3743 2092 3798 ecclesiasticos-um
2135 3744 2271 3797 scri-

674 3843 828 3902 ptore
853 3834 1046 3903 dignus
1088 3835 1289 3890 subest.
1335 3834 1469 3889 Cum
1510 3834 1654 3890 enim
1693 3843 1976 3890 auctorum
2027 3835 2267 3890 omnium

673 3926 887 3995 scriptis
913 3937 1147 3991 Constet,
1180 3925 1527 3981 Athanasium
1550 3928 1660 3998 jam
1693 3927 1820 3982 olim
1845 3939 1968 3982 ante
1995 3927 2266 3984 Liberium

675 4018 1106 4076 adversariorum
1151 4029 1299 4077 artes
1345 4023 1713 4092 versutiasque
1751 4021 2043 4087 detexisse,
2090 4025 2266 4078 mani-

676 4108 920 4180 festoque
969 4111 1251 4168 mendacio
1279 4113 1608 4188 traduxisse;
1651 4114 1772 4184 quis
1801 4115 1974 4184 potuit
2021 4129 2143 4170 esse
2189 4124 2268 4170 tot

675 4202 896 4274 synodis
936 4204 1272 4259 conﬁxorum
1319 4207 1670 4272 accusationi,
1713 4217 1805 4261 aut
1856 4216 1934 4262 tot
1983 4208 2268 4263 sententiis

673 4293 905 4350 abactuti
956 4296 1392 4354 condatnuationi
1439 4299 1628 4354 locus?
1673 4308 1765 4354 aut
1805 4301 2075 4369 quomodo
2120 4315 2268 4356 com-

676 4388 928 4444 munione
957 4403 1051 4445 sua
1091 4393 1266 4460 potuit
1293 4392 1588 4448 Athanasio
1629 4394 1875 4450 Liberius
1921 4396 2262 4463 interdicere,

675 4478 832 4548 cujus
861 4482 1363 4540 condemnationem
1400 4485 1468 4540 ab
1519 4485 1881 4542 Orientalibus
1907 4489 2113 4558 aliquot
2151 4490 2265 4558 epi-

2375 3283 2676 3353 pervicacia
2713 3300 2724 3334 :
2773 3301 2791 3332 ι
2826 3281 2974 3335 Hanc
3003 3281 3186 3334 matris
3228 3279 3545 3356 cbaritatetn
3579 3279 3810 3348 superbe
3837 3279 3978 3332 acci-

2369 3375 2579 3444 pientes
2606 3387 2654 3426 et
2687 3374 2847 3444 impie
2875 3371 3362 3442 reprehendentes,
3395 3371 3517 3440 quia
3551 3381 3669 3440 post
3695 3370 3819 3441 galli
3846 3384 3975 3436 can-

2373 3475 2480 3522 tum
2514 3469 2752 3536 surgenti
2785 3481 2889 3520 non
2916 3465 3206 3536 gratulati,
3236 3479 3356 3518 cum
3405 3461 3628 3517 lucifero
3673 3463 3763 3532 qui
3809 3478 3970 3518 mane

2370 3560 2646 3614 oriebatur
2675 3559 2870 3613 cadere
2899 3563 3251 3612 meruerunt»
3277 3556 3637 3629 (Augustinus,
3662 3555 3759 3621 ib.,
3782 3572 3835 3610 c.
3855 3557 3969 3626 30).

2372 3651 2522 3706 Adeo
2544 3649 2597 3704 in
2616 3649 2863 3704 omnibus
2877 3649 3039 3704 rebus
3053 3659 3108 3702 ut
3125 3653 3412 3726 optimum,
3430 3649 3500 3702 ita
3523 3657 3575 3703 et
3591 3645 3972 3704 difﬁcillimum

2371 3753 2456 3798 est
2481 3742 2698 3797 modum
2729 3755 2969 3796 servare.

2444 3838 2496 3892 7.
2544 3839 2878 3892 Ariminensis
2908 3837 3114 3891 concilii
3141 3854 3288 3891 casus
3317 3838 3575 3893 incautus.
3624 3866 3698 3877 —
3747 3835 3975 3894 Ursaeio

2371 3929 2512 3984 enim
2539 3929 2858 3994 ctValente,
2894 3939 2951 3984 ut
2978 3930 3184 3984 scelera
3230 3930 3318 3984 diu
3364 3930 3532 3986 latere
3571 3944 3679 3985 non
3724 3939 3973 4001 possunt,

2373 4023 2524 4076 ulcus
2575 4021 2933 4077 Aritninensis
2979 4021 3100 4077 ﬁdei
3143 4023 3210 4076 ab
3253 4021 3503 4076 omnibus
3541 4020 3653 4077 fere
3704 4024 3976 4094 episcopis

2372 4130 2469 4184 pro
2496 4115 2790 4170 orthodoxa
2823 4124 3060 4184 suceptre
3085 4130 3148 4169 ac
3169 4116 3536 4184 comprobata:
3561 4114 3971 4185 detegentibus,

2370 4207 2674 4276 Filiumqne
2719 4208 2950 4262 similem
3003 4205 3144 4261 Patri
3207 4205 3410 4260 dictum
3463 4207 3976 4276 interpretantibus

2369 4301 2469 4370 οὐχ
2500 4299 2696 4364 ἁπλῶς,
2730 4315 2911 4353 verum
2941 4301 3072 4354 κατὰ
3092 4321 3164 4362 τι,
3194 4297 3244 4352 id
3277 4308 3380 4360 cst,
3413 4297 3693 4352 secundum
3719 4295 3974 4370 Scriptu-

2369 4408 2476 4457 ras,
2531 4401 2585 4446 et
2633 4403 2900 4461 quatenus
2953 4391 3248 4460 Scripturis
3323 4391 3495 4446 sacris
3545 4405 3609 4445 ea
3671 4390 3998 4445 similitudo‘

2371 4483 2664 4538 conformis
2689 4494 2791 4551 est,
2821 4499 2889 4540 ex
2921 4484 3093 4550 iisque
3124 4496 3220 4537 nee
3259 4481 3521 4552 aequalem
3554 4481 3696 4536 Patri
3727 4479 3930 4536 Filium
3953 4521 3970 4546 ,

673 4571 857 4641 scopis
879 4571 1097 4636 factam,
1126 4583 1184 4630 et
1207 4575 1272 4630 ad
1289 4592 1348 4631 se
1369 4577 1713 4646 pontiﬁcatus
1734 4579 1816 4634 sui
1845 4580 2000 4636 initio
2021 4581 2266 4647 missam,
2296 4551 2347 4612 D
2374 4594 2472 4634 nec
2503 4594 2667 4633 ttnum
2712 4593 2834 4633 cum
2861 4593 2926 4632 eo
2953 4580 2972 4647 (
3001 4591 3216 4645 semper
3243 4575 3445 4630 enim-a
3489 4588 3623 4630 vero
3666 4573 3973 4630 similitudo

673 4663 718 4718 si
770 4674 939 4722 ratam
989 4682 1106 4722 eam
1159 4669 1402 4735 haberet,
1457 4671 1911 4740 quemadmodum
1961 4673 2104 4728 idem
2152 4673 2267 4742 ipse

673 4754 920 4812 Liberius
945 4759 999 4814 in
1025 4759 1251 4828 epistola
1300 4761 1367 4815 ad
1400 4763 1794 4831 Constantium,
1827 4779 1947 4833 qua:
1989 4764 2079 4820 hic
2120 4767 2264 4822 edita

675 4847 902 4905 habetur
930 4849 1172 4925 (Fraqm.
1199 4869 1250 4918 ν,
1281 4871 1336 4908 u.
1366 4853 1446 4925 2).
1476 4857 1629 4911 testis
1655 4866 1756 4918 est,
1805 4865 2023 4927 accepta
2071 4859 2261 4914 eodem

674 4949 916 5011 tempore
942 4945 1274 5015 septuaginta
1303 4949 1542 5018 quinque
1576 4948 1950 5020 episcoporqu
1982 4949 2264 5024 Egyptia-

671 5047 790 5088 rum
822 5035 1098 5092 Athanasii
1143 5038 1504 5095 innocentiam
1545 5048 1774 5096 testante
1817 5045 2080 5097 sententia
2111 5059 2261 5098 com-

673 5127 904 5196 probare
933 5129 1137 5185 uoluit?
1157 5130 1359 5187 Omitto
1387 5132 1528 5204 quod
1551 5131 1774 5203 hujusce
1799 5135 2262 5196 condemnationis

673 5233 773 5274 nec
794 5217 1119 5277 Athanasius
1147 5222 1282 5293 ipse,
1308 5225 1397 5294 qui
1428 5241 1512 5280 res
1543 5240 1669 5281 suas
1703 5226 2113 5298 diligentissime
2155 5247 2260 5284 non

672 5327 779 5366 uno
805 5313 939 5369 libro
969 5317 1282 5387 complexus
1330 5329 1442 5384 est,
1485 5334 1584 5374 nec
1611 5322 1890 5390 quiaquatu
1939 5321 2078 5378 alius
2120 5323 2262 5394 quod

670 5405 838 5462 sciam
868 5417 1111 5464 veterum
1135 5425 1359 5481 usquam
1393 5412 1656 5468 meminit.
1708 5413 1920 5469 Falsam
1966 5425 2142 5472 autem
2172 5423 2265 5471 aut

743 5564 819 5640 (μ)
840 5565 1175 5640 Euphratem
1206 5583 1301 5624 seu
1330 5571 1656 5640 Euphratem
1683 5585 1748 5626 ex
1771 5571 2114 5630 Theodoreto
2139 5574 2177 5628 l.
2198 5590 2257 5636 ιι.

666 5649 718 5714 «Ξ.
755 5637 910 5714 7._Ex
952 5653 1060 5714 quo
1085 5640 1300 5710 quidem
1331 5637 1544 5698 constat
1581 5642 1718 5698 duos
1764 5645 1884 5698 illos
1922 5649 2204 5714 episcopos
2230 5660 2261 5702 ι

673 5707 988 5784 §ardicensi
1027 5707 1258 5776 concilio
1285 5732 1555 5784 reversos,
1607 5733 1634 5772 a
1679 5707 1975 5776 Constante
2023 5707 2262 5776 delectos

672 5778 861 5849 fuisse,
889 5799 998 5856 quo
1017 5787 1274 5860 epistolas
1295 5803 1422 5853 suas
1445 5789 1515 5860 ad
1537 5778 1907 5850 Constantium
1931 5791 2258 5868 perterrent.

2369 4672 2585 4743 οἰκέῃ)
2633 4672 3079 4736 conﬁcientibus,
3135 4679 3440 4724 creaturam
3497 4668 3658 4723 etiam
3715 4677 3970 4738 negatum

2367 4768 2506 4822 sicut
2537 4777 2660 4822 sunt
2685 4766 2808 4820 aliae
2846 4773 3147 4828 creatum;
3185 4762 3617 4832 praestantiorem
3648 4762 3797 4816 enim
3827 4776 3968 4824 esse,

2367 4859 2463 4914 sed
2493 4867 2798 4914 creaturam
2855 4867 3034 4912 tamen
3085 4855 3426 4912 eludentibus
3473 4873 3487 4908 :
3543 4852 3807 4924 Ingemuit
3837 4865 3973 4908 totus

2370 4951 2526 5015 orbis,
2560 4952 2730 5020 inquit
2766 4948 3127 5021 Hieronymus
3173 4947 3439 5015 (adversus
3483 4944 3897 5016 Luciferiauos),
3924 4962 3953 5000 e

2367 5062 2421 5100 se
2443 5045 2685 5099 Ariauum
2718 5044 2927 5095 miratus
2951 5051 3043 5096 est.
3062 5041 3128 5095 Et
3154 5056 3282 5095 sane
3294 5038 3595 5112 τὸ,’ομοιο
3614 5059 3635 5092 ι
3659 5040 3830 5094 κατὰ
3855 5041 3973 5100 τὰς

2368 5151 2404 5195 Γ
2418 5163 2448 5218 ρ
2462 5141 2639 5214 αφὰς,
2660 5146 2768 5199 τοῖς
2799 5137 3190 5214 ἁπλουστέροις,
3205 5136 3376 5203 inquit
3398 5149 3620 5204 magnus
3651 5132 3742 5188 ille
3761 5133 3974 5204 Grego-

2370 5234 2483 5288 rius
2523 5228 2820 5297 (Nasians.
2877 5229 2971 5283 ον.
3021 5227 3111 5292 21,
3157 5244 3210 5280 η.
3252 5225 3389 5298 26),
3441 5225 3615 5298 Silam
3658 5221 3718 5283 ἦν
3762 5225 3824 5279 τὸ
3869 5233 3966 5285 τῆς

2369 5324 2610 5384 ἀσεϐείας
2632 5323 2811 5395 χαλκῷ
2839 5322 3228 5396 περικείμενον.
3276 5320 3308 5376 ἡ
3360 5318 3486 5392 πρὸς
3533 5317 3732 5375 πάντας
3789 5313 3973 5390 ὁρῶσι

2370 5418 2493 5477 τοὺς
2547 5414 2817 5492 παριόντας
2865 5413 3027 5476 εἰκὼν,
3063 5413 3094 5470 ἡ
3134 5411 3265 5466 κατὰ
3297 5411 3469 5465 πάντα
3497 5405 3680 5479 ἄνεμον
3705 5407 3970 5478 Magno-sc.

2366 5574 2449 5628 An
2481 5586 2609 5627 vero
2651 5570 2800 5640 prius
2827 5569 2891 5624 ad
2941 5568 3080 5622 idem
3113 5564 3636 5640 munusobeundum
3670 5577 3704 5620 s
3731 5562 3972 5640 concilio

2369 5643 2434 5698 ad
2475 5635 2725 5698 eumdem
2777 5643 3160 5712 imperatorem
3202 5637 3454 5694 deatinati
3495 5636 3864 5701 fuerint,nou
3892 5635 3968 5690 its

2371 5722 2754 5865 coiiiaiibera
2785 5784 3010 5863 epistola
3043 5780 3210 5860 Prima
3237 5778 3396 5839 dum“
3427 5777 3596 5855 (ΜΨ
3638 5776 3738 5851 ¹⁷)⁹
3771 5839 3780 5846 ·
