4248 6258
295 294 406 351 895
1483 288 1766 346 NICOLAI
1807 287 2014 346 FABRI
2059 288 2458 346 PREFATlO.
3535 312 3566 362 8
3580 308 3599 340 η
3609 309 3644 364 4

299 409 452 464 Tunc
488 420 621 478 ergo
658 407 1025 462 concurrebant
1053 402 1327 478 episcopi,
1357 403 1450 474 qui
1475 405 1738 477 ejusmodi
1790 403 1929 458 dotis
1955 405 2009 464 Α
2039 403 2308 474 laipltum,
2357 421 2499 477 quos
2559 410 2798 480 gessisse
2855 417 3195 472 consulatum
3261 419 3451 477 salum
3497 439 3642 476 ω,ηο

297 502 511 568 irretiti,
559 500 760 580 διανοίᾳ
802 502 1042 574 quidem,
1085 507 1144 556 ut
1164 513 1290 552 cum
1333 495 1532 552 eodem
1579 496 1933 552 Nazianzeno
2038 496 2144 552 366
2164 496 2627 568 cbronologorutn
2657 504 3052 576 diligentissimi
3079 512 3320 565 tradunt.
3354 513 3490 568 Male
3515 515 3640 571 illos

301 591 423 663 (Or.
446 593 562 658 2L,
588 609 644 646 ιι.
671 591 770 664 50)
822 593 1025 664 loquar,
1059 593 1116 646 οὐ
1151 589 1418 654 πεσόντες,
1442 590 1724 665 γράμματι
1749 586 1807 643 δέ
1826 609 1893 642 πο

2041 586 2330 646 haereticos
2354 590 2585 647 habebat
2612 608 2767 651 vetus
2791 599 2917 654 illud
2941 603 2994 654 in
3024 616 3082 656 se
3111 602 3364 672 experiri,
3393 605 3514 659 Cito
3539 607 3639 659 int-

299 687 608 762 ραχθίντις,
661 688 752 740 καὶ
799 691 890 742 τοῦ
939 687 1133 740 καπνοῦ
1175 703 1233 756 7s
1273 683 1318 737 si
1359 683 1446 735 καὶ
1495 687 1568 754 μή
1619 686 1721 734 τοῦ
1761 681 1893 754 πυρὶ

2039 681 2335 748 proborum
2371 682 2506 737 iacta
2537 685 2586 738 in
2614 691 2907 756 perniciem
2929 694 3123 748 cadere
3155 711 3168 747 :
3203 708 3302 748 nec
3339 710 3406 749 ex
3437 696 3638 752 Arimi-

300 774 702 850 μετασχόντες,
759 776 868 830 sine
923 772 1229 829 conscientia
1295 771 1525 826 haretici
1592 770 1932 837 ferebantur,
2038 775 2192 827 nensi
2223 773 2414 830 fraude
2435 776 2544 844 jam
2577 778 2678 832 sibi
2711 782 3026 852 quidquam,
3080 794 3277 853 praeter
3312 785 3492 842 odium
3534 803 3634 857 pu-

297 867 642 924 contestantes
691 884 880 937 corpus
933 866 1140 921 Domini
1192 866 1333 932 (eam
1379 863 1524 917 enim
1584 861 1931 916 sacramenti
2039 863 2258 931 blicutn,
2289 865 2552 922 invidiam
2583 872 2942 928 acinfamiam
2973 891 3289 944 superesse;
3319 877 3477 933 tidem
3505 895 3634 936 vero

301 961 594 1016 los-mulam
649 963 822 1015 multo
870 967 994 1013 ante
1047 956 1164 1011 11ωο
1213 963 1454 1024 tempora
1503 959 1840 1016 usurpatam
1872 954 1925 1007 in
2035 955 2306 1013 Nicaenam
2366 959 2566 1030 ubique
2634 965 2874 1020 locorum
2929 969 3206 1036 pristinam
3259 970 3633 1026 auctoritatem

303 1052 549 1108 Ecclesia
609 1050 777 1108 fuisse
837 1050 1033 1122 probat
1084 1046 1476 1119 jusjurandum,
1529 1041 1682 1115 quod
1763 1045 1926 1115 impie
2032 1047 2465 1119 dignitatemque
2518 1068 2859 1126 recuperare.
2910 1059 3014 1113 Sed
3073 1059 3346 1128 praecipue
3401 1065 3636 1132 angebat

211 1187 214 1191 .
297 1143 663 1201 Novatianutn
689 1144 707 1212 (
733 1159 847 1209 seu,
877 1141 1185 1210 Novatum)
1216 1156 1246 1194 a
1277 1141 1388 1194 suis
1435 1137 1689 1205 exegisse
1739 1137 1928 1193 scribit
2029 1135 2290 1208 Gt-rtninii
2315 1143 2512 1200 veteris
2534 1145 2621 1198 sui
2647 1147 2852 1202 sodalis
2881 1163 2942 1203 ac
2963 1153 3320 1220 congerronis
3341 1153 3626 1218 individui,

293 1235 443 1308 apud
471 1235 762 1291 Eusebium
787 1233 1072 1290 Cornelius
1090 1231 1327 1305 [Euseb.,
1354 1231 1442 1286 lib.
1471 1246 1520 1286 v1
1550 1227 1699 1284 Hist.
1737 1249 1785 1285 c.
1817 1229 1919 1296 ὥς
2026 1231 2144 1286 sine
2174 1247 2280 1302 quo
2311 1233 2523 1288 Theseo
2555 1238 2689 1291 nihil
2741 1239 2846 1294 httc
2896 1257 3064 1310 usque
3103 1248 3349 1296 tentaver
3385 1253 3480 1300 nt.
3532 1244 3631 1298 dc-

299 1327 524 1381 Hieron.
583 1336 765 1384 contra
835 1323 1088 1397 Lucif.])
1143 1335 1190 1378 et
1231 1323 1480 1395 quidquid
1546 1322 1599 1376 in
1677 1321 1921 1378 Ecclesia
2021 1320 2206 1378 lectio.
2257 1324 2304 1378 ls
2342 1324 2486 1379 enim
2537 1327 2867 1385 confessioni
2915 1330 3265 1386 Semiariante
3314 1335 3622 1401 adltmreos,

293 1427 533 1473 sanctum
587 1428 686 1482 est,
735 1433 790 1471 se
834 1418 967 1472 nihil
1017 1416 1146 1469 mali
1183 1417 1237 1468 iu
1283 1433 1377 1470 sua
1434 1415 1538 1484 ﬁde
1591 1417 1914 1485 suspicatos.
2022 1413 2168 1470 Patri
2203 1415 2397 1471 Filtutn
2433 1433 2527 1486 per
2557 1423 2736 1478 omnia
2767 1425 3000 1479 similem
3029 1425 3244 1482 dicebat
3274 1443 3285 1478 :
3321 1443 3347 1478 a
3372 1444 3473 1498 qna
3503 1444 3628 1498 pm-

300 1513 620 1569 Putanintus
640 1555 655 1579 ,
707 1514 941 1580 aiebant,
986 1531 1192 1568 sensum
1222 1528 1504 1584 congruere
1528 1526 1646 1564 cum
1697 1509 1866 1564 verbis
1896 1523 1918 1564 :
2021 1504 2258 1562 fessione
2285 1524 2385 1563 nec
2419 1511 2780 1568 Arimineusis
2809 1513 2940 1570 ﬁdes
2971 1529 3090 1586 post
3117 1518 3222 1570 vim
3265 1517 3466 1572 illatam
3497 1533 3622 1574 sus-

293 1623 389 1662 nec
416 1607 472 1661 in
503 1605 737 1664 Ecclesia
787 1607 905 1673 Dei,
961 1605 1046 1660 ubi
1096 1607 1425 1678 simplicitas,
1472 1603 1558 1657 ubi
1606 1618 1746 1674 pura
1792 1618 1917 1658 con-
2017 1608 2175 1666 cepta
2221 1600 2540 1657 dissidebat.
2593 1605 2847 1670 Quamvis
2897 1608 3065 1674 enim,
3120 1619 3175 1660 ut
3217 1624 3379 1676 supra
3415 1611 3618 1664 dictqu

293 1697 458 1769 fessio
481 1706 582 1764 est,
615 1697 764 1756 aliud
788 1699 840 1750 in
867 1696 1042 1762 sorde,
1082 1696 1230 1751 aliud
1277 1697 1331 1750 in
1376 1695 1527 1750 labiis
1584 1694 1814 1764 proferri
1838 1694 1915 1747 ei-
2017 1701 2123 1756 est,
2159 1706 2253 1746 eas
2277 1708 2438 1748 voces
2468 1712 2560 1767 per
2602 1699 2774 1751 omnia
2822 1715 2931 1754 non
2960 1700 3227 1767 habuerit,
3281 1703 3412 1756 satis
3437 1712 3618 1756 tamen

289 1791 536 1846 mnitttus.
592 1789 661 1844 Et
700 1805 852 1853 sane,
893 1791 1198 1864 ἀφύλακτον,
1249 1788 1426 1858 inquit
1454 1785 1600 1840 idem
1647 1783 1742 1838 ille
1782 1783 1915 1838 Gre.
1947 1793 1990 1853 Β
2024 1783 2156 1852 ipsa:
2179 1785 2418 1839 clausula
2460 1788 2546 1840 illa
2595 1791 2877 1844 secundum
2910 1790 3232 1862 Scripturas,
3266 1793 3390 1861 quia
3424 1792 3616 1848 Filium

291 1885 499 1954 got-ius.
543 1885 574 1941 ἠ
631 1882 874 1945 ἁπλότης,
935 1885 1018 1936 καὶ
1068 1883 1200 1953 μιτά
1236 1888 1330 1937 τοῦ
1371 1883 1571 1955 σαθροῦ
1618 1883 1716 1938 τήν
1740 1877 1911 1951 φιλάν-

289 1979 512 2054 θρωπον,
562 1979 649 2032 καὶ
688 1977 876 2034 ἥκιστα
922 1981 1012 2036 τήν
1059 1979 1235 2030 κακίαν
1286 1977 1547 2050 ὑφορᾶται
1602 1973 1670 2028 τὸ
1729 1975 1911 2032 κακίας

217 2101 228 2108 -
292 2068 568 2144 ἕλιύθσρον.
602 2086 620 2119 ‹
655 2066 931 2137 Interrogo
961 2066 1116 2131 istos,
1175 2085 1195 2119 ι
1249 2064 1528 2134 subjungit
1570 2063 1723 2116 idem
1777 2062 1907 2116 Ilie-

292 2176 550 2232 ronymns
577 2158 845 2232 [adversus
895 2157 1114 2231 Lucif.],
1148 2177 1166 2211 ι
1206 2159 1364 2214 nimis
1395 2157 1728 2228 religiosos,
1771 2154 1906 2225 quid

287 2251 696 2308 confessoribus
733 2269 752 2304 ι
803 2250 906 2322 (sic
953 2252 1097 2307 enim
1152 2251 1301 2306 locus
1348 2251 1440 2305 ille
1479 2249 1654 2305 scribi
1717 2248 1904 2320 debet)

297 2362 318 2396 ι
353 2343 619 2415 agendum
649 2343 1010 2414 putaverunt?
1038 2342 1113 2403 Ita
1137 2343 1238 2397 hac
1263 2341 1688 2396 mansuetudine
1712 2348 1769 2394 et
1793 2339 1906 2394 ele-

294 2435 496 2490 mentia
529 2434 667 2489 ﬁdes
694 2433 910 2488 Nicena
943 2443 1189 2504 reparata
1230 2442 1390 2502 atque
1437 2431 1684 2486 stabilita
1711 2438 1814 2494 est,
1850 2439 1908 2485 et

287 2540 320 2581 a
373 2526 548 2582 tribus
609 2523 1016 2580 confessoribus
1079 2523 1294 2580 Satanae
1356 2522 1599 2576 faucibus
1667 2521 1904 2576 mundus

288 2626 532 2686 ereptus.
579 2633 598 2668 ι
632 2611 767 2670 Cum
793 2615 986 2684 quibus
1005 2614 1168 2670 etiam
1199 2613 1472 2668 Liberium
1495 2613 1556 2668 P.
1585 2612 1655 2666 Β.
1691 2627 1902 2666 ntemn—

289 2723 412 2764 rem
454 2708 740 2763 verborum
779 2706 993 2761 Domini
1023 2723 1035 2759 :
1071 2724 1091 2757 ι
1127 2707 1192 2761 Et
1221 2717 1272 2759 tu
1304 2719 1600 2760 conversus
1629 2703 1902 2759 confirma

289 2801 489 2856 fratres
514 2808 636 2855 tuos
681 2819 701 2854 ι
756 2798 924 2870 (Luc.
957 2815 1100 2864 xxn,
1138 2798 1258 2870 25),
1307 2814 1412 2853 non
1458 2798 1632 2852 solum
1685 2796 1901 2852 cadenti

291 2893 476 2957 Petro,
516 2891 614 2946 sed
645 2889 808 2946 etiam
851 2892 953 2946 sibi
985 2892 1253 2946 dictorum
1283 2931 1300 2958 ,
1331 2891 1421 2962 qui
1459 2890 1604 2945 sedis
1644 2889 1784 2945 Petri
1818 2892 1900 2944 iu-

291 2981 670 3051 ﬁrtnitatisque
696 2997 986 3039 successor
1009 2983 1331 3050 exstiterat,
1368 2982 1637 3053 egregiam
1683 2997 1898 3052 quoque

291 3090 523 3131 navasse
540 3089 762 3143 operam
793 3075 1034 3130 historiae
1062 3077 1316 3146 produnt.

2015 1874 2192 1930 Patris
2248 1879 2537 1949 imaginem
2589 1880 2776 1936 dicunt
2823 1884 3140 1952 Scriptum,
3191 1885 3415 1954 intelligi
3455 1894 3618 1953 atque

2011 1968 2244 2036 exprimi
2272 1970 2654 2026 censebantur.
2673 1976 2741 2028 At
2771 1973 3050 2040 Ursacins,
3070 1975 3288 2042 Valens,
3317 1977 3617 2046 caeteriqne

2012 2058 2080 2113 tle
2107 2074 2272 2130 grege
2299 2061 2390 2116 illo
2419 2053 2607 2117 cﬁntra
2635 2105 2647 2127 ,
2679 2064 2871 2118 Filium
2901 2066 3120 2135 quidem
3149 2067 3252 2120 dici
3288 2066 3434 2120 Patri
3462 2068 3615 2120 sitni-

2010 2149 2140 2214 lem,
2196 2152 2285 2206 sed
2332 2169 2434 2206 non
2481 2155 2763 2208 secundum
2809 2156 3168 2222 substantiam,
3221 2156 3471 2225 inquiunt
3511 2155 3614 2210 hac

2009 2243 2262 2312 epistola,
2292 2255 2382 2300 aut
2407 2263 2496 2318 per
2523 2249 2694 2302 omnia
2733 2265 2822 2302 seu
2859 2247 3089 2302 absolute
3117 2264 3136 2302 :
3179 2248 3288 2317 (ita
3335 2249 3479 2302 enim
3523 2248 3616 2302 bic

2011 2338 2162 2394 locus
2183 2340 2554 2394 emendandus
2581 2351 2667 2395 est
2691 2339 2730 2412 :)
2759 2341 2843 2396 vel
2872 2342 3015 2396 enim
3045 2341 3396 2411 subjungunt,
3427 2340 3614 2394 Basilii

2007 2432 2350 2502 Anquiritani
2405 2432 2648 2502 episcopi
2702 2433 2840 2488 inter
2894 2432 3263 2492 Setniarianos
3325 2433 3608 2502 praecipui,

2007 2540 2165 2594 quem
2195 2524 2382 2579 Ariani
2411 2525 2640 2579 concilio
2665 2524 2687 2597 (
2712 2541 2802 2579 an.
2832 2523 2976 2596 560)
3005 2525 3609 2592 ConstantinOpolitano

2006 2616 2393 2686 deposuerant,
2437 2617 2700 2685 cujusque
2728 2616 3039 2684 Opinionem
3075 2614 3152 2688 (ὁ)
3182 2613 3606 2670 deinde'Antio-

2003 2709 2182 2764 cheno
2201 2709 2608 2776 damnaverant,
2639 2709 2836 2780 per/ida
2866 2710 3082 2763 assertio
3112 2708 3457 2777 reparabitur.
3479 2706 3602 2762 Non

2003 2801 2142 2856 adeo
2171 2802 2435 2856 scelerate
2467 2802 2628 2870 igitur
2655 2810 2817 2870 atque
2845 2802 3006 2870 impie
3025 2800 3361 2865 Germinius,
3387 2801 3476 2868 qui
3505 2799 3608 2856 hac

2001 2893 2231 2960 epistola
2281 2902 2606 2961 provocatus
2658 2909 2776 2946 eam
2845 2907 2959 2945 sua:
3023 2889 3148 2947 ﬁdei
3212 2891 3606 2960 professionem

2000 2985 2342 3055 censeripsit,
2374 2999 2494 3054 quae
2524 2985 2668 3039 inter
2709 2984 2826 3039 haec
2855 2983 3154 3056 fragmenta
3197 2998 3339 3038 nunc
3371 2986 3604 3052 primum

2000 3077 2210 3145 vulgata
2243 3075 2420 3146 (modo
2462 3074 2624 3146 Frag.
2683 3087 2800 3146 xm)
2849 3075 3126 3130 Christum
3175 3078 3266 3130 Dei
3310 3075 3480 3129 ﬁlittm
3536 3089 3602 3131 ac

361 3168 414 3221 8.
449 3166 613 3222 Plane
639 3166 783 3236 quod
814 3165 903 3221 hic
926 3167 1230 3222 obtestatur
1255 3165 1504 3221 Liberius
1531 3164 1734 3238 (Frag.
1769 3167 1886 3238 xu),
1915 3171 1962 3232 ί]
1999 3166 2168 3222 Deum
2214 3168 2483 3237 agnoscit,
2524 3167 2809 3233 divinitate,
2858 3168 3129 3232 cltaritate,
3171 3169 3457 3238 majestate,
3503 3167 3608 3220 vir-

290 3261 580 3330 episeopos
607 3273 798 3314 omnes
823 3259 991 3314 Italia:
1016 3259 1340 3318 Aritninensi
1367 3259 1586 3328 perﬁdia
1607 3259 1886 3331 deceptos,

289 3359 352 3408 ut
385 3349 698 3420 pestiferum
731 3350 863 3406 illud
891 3350 1087 3420 dogma
1113 3351 1494 3417 condemnem,
1518 3351 1890 3412 vehementius

287 3441 346 3498 in
375 3440 495 3510 ejus
525 3455 776 3496 anetores
821 3441 1128 3507 insaniant,
1162 3457 1297 3509 quos
1339 3441 1393 3495 in
1435 3455 1495 3498 se
1526 3441 1792 3496 violentos
1836 3451 1892 3498 et

285 3530 548 3587 subdolos
593 3532 802 3603 experti
849 3541 996 3598 sunt,
1042 3540 1288 3602 totosque
1313 3547 1372 3586 se
1401 3531 1524 3588 ﬁdei
1558 3531 1788 3590 Nicatna:
1825 3533 1891 3588 de

286 3624 499 3694 integro
544 3625 890 3694 mancipem;
925 3633 1034 3682 tam
1078 3626 1152 3696 pii
1198 3625 1306 3678 voti
1357 3626 1530 3694 ipsum
1583 3635 1890 3695 compotem

284 3731 394 3774 non
423 3718 594 3774 multo
626 3727 748 3788 post
777 3717 1000 3785 factum,
1032 3733 1153 3773 cum
1202 3733 1268 3773 ex
1311 3719 1433 3788 ejus
1476 3718 1698 3788 epistola
1728 3735 1891 3790 quam

284 3807 513 3868 exhibet
537 3809 793 3868 Socrates
819 3808 958 3880 (Lib.
987 3825 1058 3875 tv,
1089 3826 1136 3865 c.
1165 3809 1253 3882 12)
1282 3811 1349 3866 ad
1372 3809 1674 3867 Orientales
1703 3812 1888 3877 missa,

281 3915 390 3970 qua
417 3915 612 3958 omnes
631 3902 920 3971 episcopos
949 3901 1118 3958 Italiae
1135 3903 1466 3959 Aritninensi
1489 3903 1732 3958 formulae
1756 3919 1889 3960 ana-

284 3992 468 4048 thema
497 3992 722 4060 dixisse,
755 3992 973 4050 Nicena:
1003 3993 1127 4050 ﬁdei
1168 3993 1582 4065 subscripsisse,
1627 3998 1893 4052 maximo-

281 4099 389 4154 que
416 4096 555 4142 teStu
607 4086 660 4140 in
709 4085 825 4142 Arii
876 4085 1068 4157 dogma
1114 4085 1342 4158 ejusque
1389 4087 1682 4160 discipulos
1731 4104 1892 4144 exar-

279 4174 510 4232 descere
536 4174 828 4248 signiﬁcat,
853 4185 963 4232 tum
987 4177 1150 4238 etiam
1177 4192 1244 4234 ex
1273 4193 1364 4246 es,
1393 4194 1514 4250 qna:
1539 4179 1626 4236 hic
1649 4180 1891 4248 proxime

281 4270 538 4341 sequitur
577 4267 653 4343 (in
686 4268 880 4330 eodem
911 4269 1288 4342 Fragmento),
1321 4271 1698 4343 episcottorum
1725 4271 1892 4330 Italia

275 4365 350 4420 ad
390 4364 681 4435 episcopos
721 4363 920 4436 Illyrici
979 4363 1140 4422 missa
1191 4363 1476 4438 discimus.
1533 4363 1658 4421 nate
1707 4376 1886 4423 autem

276 4455 548 4526 posterior
576 4454 806 4526 epistola
846 4463 1072 4526 apparet
1116 4457 1318 4525 scripta
1353 4453 1430 4525 (τι)
1472 4467 1591 4526 post
1620 4457 1887 4528 synodum

1997 3268 2126 3322 tute,
2159 3259 2424 3324 claritate,
2452 3261 2576 3327 vita,
2618 3261 2894 3330 sapientia,
2939 3261 3173 3322 scientia,
3207 3258 3353 3314 Patri
3379 3275 3468 3329 per
3495 3275 3607 3312 ont-

1997 3353 2085 3405 nia
2113 3352 2372 3415 similent;
2429 3353 2583 3422 cujus
2624 3355 2788 3408 etiatn
2836 3353 3134 3420 pleniorem
3184 3352 3601 3421 uberioremque

1995 3443 2497 3512 interpretationem
2525 3444 2754 3513 epistola
2795 3443 2862 3497 ad
2908 3444 3218 3508 llufiauum,
3271 3442 3599 3508 Palladium,

1993 3535 2314 3594 Severinum
2343 3537 2508 3590 missa
2539 3535 2715 3590 edidit
2737 3534 2924 3606 (Frag.
2958 3534 3070 3606 xv).

2068 3625 2155 3682 i0.
2201 3625 2454 3682 Formula
2499 3644 2531 3679 a
2584 3625 2760 3680 Marco
2797 3627 2972 3682 Areth.
3003 3628 3215 3689 dictata,
3245 3641 3378 3696 quae.
3407 3654 3480 3666 —
3519 3625 3598 3682 Ex

1993 3735 2096 3788 qua
2128 3718 2344 3789 quidem
2377 3719 2603 3788 epistola
2636 3728 2894 3786 prteterea
2923 3719 3215 3782 discimus,
3247 3732 3492 3787 quaenam
3523 3720 3596 3772 sit

1993 3811 2084 3866 illa
2125 3811 2250 3872 lidei
2309 3813 2558 3879 formula,
2604 3811 2691 3866 cui
2732 3810 3002 3866 dictandus
3057 3811 3266 3865 Marcus
3313 3807 3598 3864 Arethusa:

1993 3903 2283 3974 episcopus
2306 3905 2499 3960 electus
2526 3914 2632 3967 est;
2658 3903 2763 3976 (sic
2787 3906 2932 3959 enim
2957 3903 3297 3964 scribendum
3325 3917 3467 3963 esse,
3491 3918 3597 3958 non

1994 4000 2217 4070 ejectum
2245 4015 2312 4054 ex
2337 3999 2563 4053 Socrate
2591 3997 2704 4070 [lib.
2738 4013 2796 4056 tt.
2831 4016 2876 4053 c.
2909 3998 3000 4070 30]
3030 3999 3279 4068 constat)
3313 4009 3365 4052 et
3403 3996 3599 4067 quibus

1992 4089 2308 4146 auctoribus
2345 4101 2632 4160 concepta,
2674 4089 3104 4160 quibuscumque
3124 4090 3378 4159 auspiciis
3399 4092 3597 4146 emissa

1995 4180 2181 4236 fuerit.
2216 4180 2425 4238 Vereor
2452 4184 2597 4238 enim
2641 4197 2708 4236 ne
2755 4180 2952 4240 frustra
3001 4180 3191 4253 (Ibid)
3218 4183 3282 4238 sit
3318 4180 3594 4246 Socrates,

1993 4287 2118 4332 cum
2143 4273 2268 4330 ﬁdei
2297 4273 2538 4349 regulam
2580 4290 2608 4327 a
2652 4273 2834 4329 hlarco
2861 4274 3150 4330 Arcthnsio
3178 4274 3433 4342 scriptam
3473 4287 3594 4328 eam

1993 4367 2209 4428 aSSerit.
2237 4383 2358 4437 quae
2385 4379 2574 4424 contra
2627 4367 2921 4424 Photinnm
2953 4367 3007 4422 in
3034 4365 3267 4422 concilio
3309 4363 3595 4422 Sirmiensi

1993 4460 2311 4530 provulgata
2348 4469 2462 4521 est;
2503 4471 2557 4516 et
2607 4475 2712 4518 non
2766 4461 2948 4533 potius
2993 4459 3182 4523 illam,
3230 4473 3390 4528 quam
3449 4458 3592 4513 idem

276 4545 552 4618 Illyricam
574 4546 720 4604 circa
747 4562 947 4612 annum
975 4547 1180 4604 Christi
1210 4547 1316 4604 565
1351 4548 1609 4615 habitant;
1643 4565 1763 4620 quae
1795 4550 1886 4606 Nic
1915 4558 1968 4620 ι)
1992 4562 2178 4628 auctpr
2223 4555 2324 4622 ait,
2372 4563 2433 4612 ut
2480 4554 2715 4626 primum
2767 4555 2818 4610 in
2865 4554 3054 4610 eadem
3085 4551 3294 4624 synodo
3325 4551 3592 4621 publicata

276 4653 429 4702 caena
461 4639 599 4700 ﬁdes
635 4642 686 4698 in
729 4639 967 4712 Illyrico,
1001 4641 1142 4698 unde
1173 4641 1222 4696 vi
1253 4641 1462 4712 dejecta
1512 4640 1705 4706 fuerat,
1737 4645 1887 4700 velut

281 4747 353 4790 ex
394 4733 653 4790 Praetoris
689 4734 868 4790 edicto
908 4734 1158 4790 restituta
1184 4742 1288 4794 est.
1330 4735 1496 4806 Cujus
1528 4738 1884 4796 restitutionis

278 4834 470 4886 noster
493 4826 731 4884 liilarius
761 4826 1018 4897 primum,
1065 4824 1263 4882 deinde
1305 4826 1568 4884 Eusebius
1609 4827 1886 4885 Vercella-

277 4933 401 4974 rum
431 4918 720 4989 episcopus
748 4920 814 4976 ab
847 4918 1014 4976 exilio
1052 4917 1366 4984 redeuntes,
1393 4935 1502 4975 non
1532 4921 1671 4976 levia
1693 4921 1882 4978 fundae

275 5020 468 5078 menta
500 5009 764 5084 iecerant.

351 5104 405 5160 9.
451 5102 698 5160 Gerntinii
729 5122 760 5158 a
791 5103 1004 5164 Valente
1030 5114 1078 5159 et
1112 5102 1329 5158 Ursacio
1355 5104 1592 5174 defectio.
1643 5133 1716 5148 -
1757 5105 1875 5174 Epi-

271 5194 418 5252 3tola
445 5204 628 5252 autem
658 5194 862 5253 Ursacii
888 5195 1058 5268 (nunc
1086 5194 1302 5264 Fragtn.
1335 5193 1466 5266 xtv),
1497 5195 1738 5252 Valentis
1765 5197 1880 5254 Caii

271 5296 335 5342 et
360 5288 593 5344 aliorum
636 5287 916 5358 Singidnni
947 5296 1258 5344 coactorum
1289 5288 1356 5345 ad
1387 5288 1723 5346 Germinium
1752 5306 1882 5347 con-

267 5379 427 5442 sules
455 5381 764 5453 adscriptas
789 5380 989 5448 habet,
1018 5381 1338 5438 Gratianum
1387 5381 1452 5438 N.
1499 5381 1559 5436 P.
1601 5392 1658 5439 et
1705 5383 1880 5454 Daga-

353 5562 430 5646 (a)
468 5561 608 5646 Ante
633 5562 889 5646 scriptam
913 5577 1035 5620 esse
1062 5561 1422 5646 probavimus.
1650 5632 1663 5644 ο
1707 5632 1720 5644 θ

351 5629 426 5759 (1:)
470 5629 589 5712 Non
607 5629 821 5708 quidem
845 5649 940 5706 per
965 5629 1182 5696 se;'sed
1212 5632 1494 5702 adversam
1522 5631 1867 5716 suscipiendo

351 5721 377 5759 ιι
445 5699 704 5759 Albanas.
734 5706 802 5759 de
838 5705 1041 5759 Svnod.
1076 5721 1128 5759 ι).
1161 5703 1288 5759 906.
1336 5711 1390 5759 et
1425 5704 1636 5759 Socrat.
1680 5704 1772 5759 ltb.
1807 5720 1865 5759 ιι.

195 5749 200 5752 .
259 5699 802 5838 Athanas.'de
838 5699 1041 5784 Synod.
1076 5721 1128 5790 p.
1161 5703 1288 5774 906.
1336 5699 1390 5791 et
1425 5699 1636 5793 Sperat.
1674 5699 1772 5788 "lib.
1807 5699 1865 5796 ti,’

309 5811 333 5846 γ
439 5817 454 5836 θ
881 5799 886 5802 .

1987 4657 2093 4716 est,
2124 4649 2267 4706 velut
2298 4651 2436 4705 male
2467 4658 2650 4705 natum
2683 4649 2850 4705 letum
2889 4664 2958 4706 ex
2986 4664 3058 4704 xu
3091 4647 3285 4701 albulis
3329 4644 3405 4717 (e)
3453 4661 3587 4714 sup-

1987 4757 2257 4813 pressam,
2290 4757 2475 4815 postea
2501 4743 2778 4801 Ursacinm
2811 4753 2865 4798 ιιι
2891 4743 3168 4797 Valentem
3202 4739 3441 4810 patribus
3469 4739 3590 4794 Ari-

1985 4836 2119 4891 mini
2145 4837 2488 4907 congregatis
2511 4836 2954 4892 snbscribendam
2983 4832 3268 4887 obtulisse.
3294 4829 3418 4885 Sola
3443 4831 3586 4886 enim

1984 4925 2102 4982 haec
2151 4928 2264 4998 ipsa
2316 4945 2422 4983 non
2479 4938 2684 4983 tantum
2717 4943 2783 4984 ex
2819 4928 2989 4983 tribus
3036 4923 3305 4989 formulis,
3345 4940 3478 4993 quas
3523 4937 3584 4977 ea

1985 5018 2194 5090 synodo
2231 5020 2384 5074 aiunt
2413 5021 2659 5083 emissas,
2692 5035 2878 5074 verum
2909 5020 3073 5074 etiam
3113 5036 3178 5075 ex
3226 5034 3422 5076 novem
3449 5029 3587 5086 prac-

1983 5111 2180 5179 cipuis,
2232 5126 2368 5181 quas
2418 5113 2669 5166 Socrates
2724 5113 2901 5183 (nisus
2959 5112 3345 5184 labyrinthum,
3379 5120 3433 5164 ut
3461 5109 3582 5176 ipse

1983 5213 2158 5268 vocat,
2199 5203 2552 5260 formularum
2584 5203 2706 5258 ﬁdei
2739 5205 3025 5267 extricare,
3059 5220 3218 5274 quem
3259 5217 3438 5258 tamen
3469 5216 3585 5255 ma-

1978 5296 2061 5365 gis
2085 5294 2337 5365 involvit)
2368 5295 2436 5349 ab
2458 5294 2670 5349 Arianis
2691 5295 2984 5363 publicatas
3007 5298 3183 5365 spatio
3199 5293 3573 5349 novemdecim

1979 5403 2246 5444 annorum
2297 5400 2582 5444 enumerat
2622 5387 2735 5458 (lib.
2769 5401 2828 5453 tt,
2860 5403 2907 5442 c.
2939 5386 3030 5459 4i)
3077 5389 3128 5443 id
3175 5396 3280 5451 est,
3328 5386 3397 5441 ab
3433 5397 3578 5442 anno

2037 5567 2112 5638 (ο)
2152 5567 2488 5624 Probabilius
2500 5575 2584 5628 est
2610 5582 2728 5623 eam
2752 5582 3098 5638 suppressam
3124 5582 3264 5631 esse.
3288 5573 3570 5635 postquam

1978 5639 2206 5704 Arimini
2235 5642 2391 5766 letam,
2424 5639 2493 5698 ob
2539 5647 2827 5712 annotatqs
2857 5639 3111 5712 consules
3131 5638 3372 5710 omnium
3401 5643 3569 5716 risum

1978 5725 2306 5782 provocavt‘.
