4248 6258
673 283 781 342 895
1608 282 1674 339 ΙΝ
1714 283 2137 341 FRAGMENTA
2172 283 2418 342 SANC’I‘I
2463 283 2722 341 lllLARIl
2754 282 3063 342 EPISCOPI
3862 286 3972 341 896

675 400 877 458 Christi
907 399 1013 458 512
1031 400 1174 472 (cum
1195 397 1406 472 synodo
1421 395 1768 454 Antiochena
1794 398 1847 454 in
1866 397 2134 456 Eucmniis
2157 409 2278 470 post
2302 403 2358 462 Α
2379 398 2515 454 Nam
2545 397 2690 469 quod
2715 397 2902 454 dicunt
2927 397 3113 454 Sirmii
3142 397 3364 465 editam,
3393 396 3552 454 valde
3591 398 3782 470 probo,
3825 400 3974 471 quod

671 495 833 552 ﬁdem
876 493 1144 548 Nicaenam
1175 505 1374 546 novam
1421 490 1582 546 aliam
1625 488 1862 547 condere
1894 491 2124 562 primum
2156 491 2274 546 ausi

671 584 822 654 sunt)
849 583 916 638 ad
948 581 1168 638 Eusebii
1197 593 1252 637 et
1285 581 1498 655 Hypatii
1526 581 1893 648 consulatum,
1936 596 2044 650 quo
2070 581 2272 638 Arimi-

639 685 644 688 '
674 677 858 734 nensis
885 683 1112 730 consuta
1140 683 1224 730 est
1254 674 1499 744 perﬁdia,
1534 674 1714 746 (adeo
1742 682 1826 730 est
1851 677 1911 733 τὸ
1941 673 2128 748 ψεῦδος
2171 696 2272 730 πο-

670 768 946 847 λύμορφον)
974 786 986 821 :
1019 771 1130 838 ipsa
1155 769 1272 823 sola
1291 807 1307 835 ,
1333 768 1548 839 inquam
1578 767 1740 822 habet
1783 768 1895 821 haec
1944 769 2107 822 verba
2137 785 2151 820 :
2179 765 2276 821 Fi-

671 862 798 917 lium
825 859 1050 914 similem
1083 859 1230 914 Patri
1259 876 1350 930 per
1373 859 1566 922 omnia,
1598 868 1654 913 ut
1679 869 1871 914 sanctae
1896 858 2074 914 dicunt
2103 869 2150 912 et
2180 859 2276 912 do-

671 966 785 1013 cent
817 955 1124 1028 Scriptum,
1154 969 1275 1024 quae
1305 953 1554 1010 extitisse
1583 951 1636 1007 in
1670 952 1855 1024 ro-gula
1889 952 2010 1007 ﬁdei
2037 967 2068 1007 a
2095 952 2275 1008 Marco

672 1049 897 1113 dictata,
927 1050 1082 1104 testis
1101 1058 1185 1103 est
1209 1048 1309 1102 hac
1336 1047 1561 1116 cpistola
1583 1045 1910 1108 Germinius,
1935 1045 2080 1100 unde
2109 1046 2273 1099 etiam

671 1141 742 1198 ab
794 1139 1095 1210 Epiphanio
1167 1138 1364 1211 ("(Bl‘.
1423 1153 1588 1193 Lxxm
1618 1179 1633 1200 ,
1679 1137 1848 1208 22):
1909 1140 2086 1200 πίστις
2155 1138 2277 1215 περὶ

667 1238 768 1289 τοῦ
835 1228 1005 1304 ὅμοιον
1051 1227 1178 1288 εἶναι
1231 1233 1318 1286 τὸν
1362 1231 1466 1284 υἱὸν
1517 1233 1682 1307 πατρὶ
1733 1231 1864 1286 κατὰ
1908 1231 2076 1286 πάντα
2133 1243 2273 1282 nun-

671 1333 864 1394 cupata
911 1333 1014 1377 est.
1063 1321 1190 1377 Haec
1241 1322 1428 1377 eadem
1486 1333 1608 1382 est.
1673 1330 1729 1376 ut
1775 1339 1843 1377 ex
1872 1320 2172 1377 Athanasio
2222 1322 2274 1377 itt

673 1413 904 1486 epistola
960 1413 1029 1469 de
1073 1411 1307 1486 Synodis
1353 1424 1600 1477 constat,
1651 1429 1771 1484 quze
1817 1423 2006 1468 coittra
2067 1429 2276 1469 tnorctn

671 1506 1101 1562 ecclesiasticum
1157 1503 1428 1560 Consules
1487 1503 1701 1560 additos
1768 1504 1989 1572 habuit,
2059 1513 2280 1575 propter

671 1596 817 1668 quod
868 1597 1110 1668 patribus
1156 1595 1394 1653 Arimini
1437 1597 1776 1667 congregatis
1824 1611 1931 1652 non
1977 1599 2152 1668 magis
2201 1597 2282 1653 bi-

674 1692 782 1745 lem
837 1690 908 1746 ob
964 1689 1342 1760 impietatem,
1401 1704 1564 1760 quam
1621 1689 1692 1744 ob
1750 1690 2044 1745 novitatem
2112 1692 2278 1746 risum

673 1784 864 1838 movit.

737 1876 836 1933 .ll.
880 1875 1078 1940 Quibus
1107 1876 1362 1947 episcopis
1392 1876 1655 1932 constabat
1697 1875 1998 1932 Sirmiensis
2034 1877 2124 1931 ille
2153 1893 2278 1932 con-

669 1977 871 2022 ventus.
896 1995 967 2008 —-
990 1967 1161 2022 Porro
1202 1966 1490 2038 Georgius,
1539 1983 1699 2038 quem
1740 1966 2085 2023 Alexandriae
2122 1976 2280 2024 vocat

671 2057 1008 2130 episcopum,
1034 2060 1122 2114 ille
1141 2070 1226 2114 est
1241 2075 1442 2130 genere
1455 2060 1617 2125 Cilix,
1639 2059 1980 2116 siAtnmiano
1997 2061 2112 2128 (lib.
2138 2060 2276 2133 xxtt)

671 2152 972 2216 credimus,
997 2151 1084 2208 vel
1113 2150 1406 2222 Cappadox
1433 2155 1477 2207 si
1509 2151 1810 2209 Athanasio
1840 2161 1897 2208 et
1927 2155 2142 2208 caeteris
2168 2160 2187 2225 (
2209 2153 2278 2208 ad

674 2241 836 2297 Solit.
867 2257 920 2304 ῃ.
952 2241 1092 2308 sui;
1128 2241 1230 2296 Tit.
1260 2257 1298 2309 t,
1324 2242 1416 2314 l2)
1452 2261 1466 2298 :
1496 2256 1659 2314 atque
1683 2244 1849 2299 etiam
1878 2244 1924 2300 si
1955 2259 2135 2299 tuores
2161 2245 2280 2314 ejus

673 2333 946 2397 attendas,
980 2334 1142 2405 plane
1170 2333 1470 2400 Cretensis,
1501 2338 1582 2392 ἀεὶ
1608 2335 1862 2408 ψεύστης..
1913 2339 2062 2394 κακὸν
2082 2339 2277 2416 θηρίον,

673 2430 760 2483 καὶ
791 2433 996 2504 γαστήρ
1021 2429 1206 2500 ἀργός,
1226 2438 1282 2482 ut
1310 2445 1417 2484 non
1445 2430 1708 2500 pessimus
1730 2445 1850 2486 esse
1872 2432 2200 2500 nequiverat,
2226 2431 2282 2488 in

674 2533 838 2588 quem
863 2522 984 2595 τριά
1004 2520 1182 2576 κάππα
1199 2522 1424 2578 κάκιστα
1443 2523 1836 2576 concurrerint.
1861 2521 1932 2576 lis
1953 2525 2096 2578 enim
2126 2522 2277 2578 illum

677 2611 918 2682 depingit
947 2613 1222 2666 eolurtbus
1253 2613 1624 2668 Nazianzenus
1668 2613 1846 2686 (Orat.
1901 2632 2012 2680 xxt,
2063 2634 2116 2671 η.
2163 2617 2278 2688 l9),

675 2705 770 2776 qui
801 2705 958 2775 plane
996 2708 1146 2783 τέρας
1182 2729 1235 2762 τι
1261 2706 1635 2774 καππαδόκιον,
1687 2723 1794 2763 non
1846 2707 2118 2764 hominem
2165 2710 2283 2765 elﬁ-

675 2801 848 2870 gieut,
875 2800 1130 2854 nimirum
1169 2802 1388 2874 πονηρὸν
1409 2803 1468 2857 τὸ
1494 2803 1656 2876 γένος,
1688 2804 2023 2882 πονηρότερον
2050 2810 2141 2864 τὴν
2170 2802 2283 2862 διά-

677 2911 832 2955 νοιαν,
867 2889 982 2946 οὐδέ
1023 2892 1284 2953 παντελῶς
1327 2892 1606 2967 ἐλεύθερον,
1645 2895 1749 2949 ἀλλ’
1780 2897 2063 2968 ἐπίμικτον,
2092 2892 2192 2950 οἷον
2225 2899 2282 2953 τὸ

681 2992 785 3039 τῶν
812 2986 1044 3057 ἡμιόνων,
1075 2987 1142 3039 τὰ
1165 2989 1257 3057 μὲν
1278 2995 1464 3062 πρῶτοι
1506 2990 1766 3064 τραπέζης
1792 2990 2062 3066 ἀλλοτρίας
2084 2989 2279 3055 δοῦλον,

679 3081 766 3132 καὶ
819 3079 985 3148 μάζης
1025 3077 1170 3133 ὢνιον
1195 3119 1208 3139 ,
1241 3079 1330 3146 qui
1377 3095 1443 3132 ex
1479 3081 1655 3132 ωηιῇ
1699 3077 2280 3151 Constantiniipolitani

2379 489 2670 547 Sirmiensi
2723 489 2957 544 concilio
3001 491 3201 562 ὲπέχω.
3230 488 3476 546 Tradunt
3506 487 3681 562 (Socr.
3710 490 3803 544 lib.
3837 505 3894 557 ιι,
3923 507 3973 545 c.

2375 583 2484 648 20;
2511 581 2722 639 Sozam.
2758 582 2848 638 lib.
2883 598 2958 648 tv,
2990 601 3036 637 c.
3068 582 3125 656 6)
3157 584 3209 636 in
3231 597 3294 637 ea
3334 581 3542 654 synodo
3571 591 3680 637 tres
3707 581 3834 638 ﬁdei
3888 599 3978 639 re-

2375 675 2530 746 gulas
2557 673 2770 730 editas:
2804 676 3034 744 primam
3082 676 3226 729 illam
3249 686 3440 728 contra
3479 673 3798 740 Photinum,
3839 676 3980 732 alte-

2379 781 2493 822 ram
2525 782 2688 835 quam
2716 766 2950 822 dicimus
2974 782 3004 820 a
3038 766 3218 824 Marco
3242 770 3516 833 scriptam.
3549 767 3762 823 tertiam
3801 779 3861 825 et
3893 769 3982 824 ul-

2381 859 2565 916 timam
2611 876 2755 927 eam,
2787 876 2947 930 quam
2981 869 3166 914 uoster
3207 858 3443 916 Hilarius
3487 858 3597 915 Osii
3644 870 3701 914 et
3746 859 3984 916 Potamii

2381 952 2770 1024 blasphemiam
2822 963 2998 1008 vocat.
3038 954 3103 1008 At
3135 952 3274 1008 idem
3303 953 3418 1023 ipse
3446 952 3682 1008 Hilarius
3708 965 3764 1008 et
3807 955 3989 1010 Atha-

2382 1045 2590 1109 nasius,
2618 1047 2707 1115 qui
2739 1045 2806 1101 de
2834 1045 3069 1118 Synodis
3095 1036 3165 1100 ex
3196 1044 3440 1114 professo
3455 1046 3812 1117 scripserunt,
3841 1063 3989 1119 quo-

2381 1152 2610 1204 rumque
2654 1138 3030 1192 auctoritatem
3081 1153 3242 1192 nemo
3287 1153 3448 1194 sanus
3488 1139 3765 1210 defugere,
3811 1149 3992 1212 atque

2382 1230 2546 1284 etiam
2591 1243 2696 1284 non
2744 1245 3064 1299 praeponere
3103 1229 3275 1284 cuivis
3301 1230 3395 1284 alii
3422 1231 3474 1285 in
3499 1245 3560 1286 ea
3590 1247 3650 1286 re
3692 1241 3894 1300 potest.
3928 1234 3991 1289 in

2381 1337 2484 1414 qBa
2518 1321 2718 1390 primas
2747 1332 2995 1390 egerunt,
3037 1321 3264 1376 duarum
3297 1329 3529 1388 taulnnt,
3557 1321 3746 1393 prima:
3772 1323 3992 1379 scilich

2383 1421 2439 1468 et
2467 1413 2692 1474 ultimm.
2722 1413 3006 1468 Sirmiensi
3033 1414 3265 1468 eoucilto
3293 1413 3612 1484 scriptarum
3658 1415 3988 1470 meminere.

2383 1505 2710 1572 Quinetiam
2739 1506 2824 1560 hic
2859 1505 3081 1561 disertis
3125 1506 3308 1562 verbis
3353 1515 3473 1575 post
3503 1506 3647 1562 illam
3677 1506 3791 1562 Osii
3839 1507 3993 1562 blas-

2385 1597 2682 1668 phemiam,
2706 1595 3073 1668 conscriptam
3101 1597 3270 1653 fuisse
3297 1597 3420 1652 ﬁdei
3454 1598 3692 1668 regulam
3711 1615 3836 1668 qua:
3864 1611 3996 1654 con-

2384 1691 2530 1746 sules
2577 1690 2764 1751 habet.
2807 1682 2968 1761 quam
3009 1705 3039 1745 a
3087 1690 3268 1749 Marco
3307 1691 3559 1747 dictatam
3609 1692 3990 1764 probavimus,

2309 1789 2354 1850 B
2386 1781 2571 1838 tradit.
2615 1781 2750 1839 Cttm
2782 1784 2928 1838 enim
2962 1784 3132 1854 ipsam
3176 1782 3291 1838 Osii
3323 1783 3606 1841 formulam
3635 1800 3736 1840 suo
3758 1784 3829 1840 de
3845 1785 3994 1857 Syn-

2377 1873 2498 1929 odis
2545 1876 2696 1943 Operi
2761 1873 3082 1929 inseruisset
3111 1915 3127 1942 ,
3198 1876 3460 1930 continuo
3515 1874 3618 1930 ista
3687 1876 3924 1947 subjecit
3972 1897 3988 1933 :

2387 1983 2408 2020 ι
2443 1963 2571 2020 Haec
2603 1967 2690 2020 ubi
2731 1966 3028 2034 misissent,
3075 1964 3257 2022 denuo
3289 1976 3495 2022 mutata
3537 1972 3807 2024 sententia
3837 1984 3994 2026 com-

2382 2067 2684 2128 posuerunt
2727 2072 2846 2112 eam
2899 2046 3082 2123 ﬁdem,
3129 2074 3294 2128 quam
3334 2059 3459 2131 quia
3505 2075 3626 2117 cum
3668 2063 3994 2120 consulibus

2382 2150 2704 2215 edidissent,
2751 2151 2926 2206 multo
2977 2150 3188 2222 pudore
3235 2163 3292 2209 et
3335 2152 3533 2224 probro
3573 2153 3789 2210 confusi
3837 2167 3992 2222 sunt,

2381 2245 2608 2317 ejusque
2637 2247 2973 2316 exemplaria
3004 2262 3267 2302 curavere
3297 2258 3355 2303 ut
3381 2263 3503 2303 cum
3532 2263 3630 2304 suo
3677 2263 3832 2304 more
3855 2263 3994 2305 sen-

2384 2339 2604 2393 tentiam
2633 2348 2955 2406 mutassent,
2993 2339 3062 2396 ab
3089 2340 3153 2394 iis
3184 2339 3278 2410 qui
3304 2355 3369 2396 ea
3415 2339 3669 2397 tenebant
3698 2355 3797 2411 per
3825 2351 3992 2397 nota-

2383 2430 2524 2486 rium
2570 2429 2889 2486 Martiauum
2939 2431 3376 2502 subriperentur,
3421 2444 3476 2488 et
3517 2447 3782 2504 persuaso
3839 2431 3993 2489 Con-

2382 2523 2585 2579 stantio
2627 2535 2685 2578 ttt
2731 2533 2919 2580 contra
2967 2541 3086 2580 eam
3135 2524 3297 2580 ﬁdem
3352 2524 3527 2582 edicta
3591 2527 3989 2598 promulgaret,

2381 2616 2542 2670 aliam
2590 2633 2803 2672 rursum
2853 2617 3014 2672 ﬁdem
3064 2620 3486 2684 constituerunt,
3553 2617 3864 2690 additisque
3926 2629 3991 2675 ut

2384 2708 2566 2763 solent
2591 2709 2911 2779 quibusdam
2940 2710 3118 2766 dictis.
3150 2710 3373 2766 Isauriae
3403 2711 3565 2782 igitur
3609 2713 3709 2768 ista
3737 2715 3989 2769 conscri-

2385 2811 2630 2871 psm-uut,
2661 2815 2803 2858 etc.»
2841 2801 2958 2874 (Lib
2984 2804 3050 2858 de
3079 2804 3282 2875 Synod.
3309 2822 3364 2876 ρ.
3395 2803 3544 2874 904).
3572 2806 3647 2860 lix
3675 2806 3795 2861 istis
3816 2805 3988 2862 Atha-

2387 2894 2522 2947 nasii
2567 2895 2752 2950 verbis
2779 2895 2887 2948 duo
2923 2895 3008 2949 illa
3041 2896 3411 2951 conlicittutur
3451 2915 3465 2950 :
3513 2893 3766 2964 alterum,
3818 2898 3984 2954 ﬁdem

2385 2985 2533 3041 illam
2558 2985 2694 3053 Osii,
2727 3004 2844 3057 qum
2873 2987 3068 3043 Filium
3112 2988 3273 3044 Patre
3303 2991 3566 3047 minorem
3594 3005 3661 3046 ac
3687 2994 3847 3062 plane
3870 2993 3988 3050 dis-

2387 3079 2616 3134 similem
2662 3081 2880 3146 asserit,
2930 3083 3076 3136 velut
3119 3081 3364 3136 ultimam
3415 3083 3626 3139 consilii
3666 3083 3986 3140 Sirmiesis

675 3170 1086 3238 depeculatore,
1120 3172 1344 3240 ejusque
1373 3171 1622 3225 criminis
1671 3187 1764 3226 reo
1806 3186 1868 3226 ac
1913 3171 2139 3243 profugo
2181 3173 2280 3227 mi-
2309 3171 2354 3235 C
2385 3169 2756 3227 deﬁnitionem
2782 3187 2846 3227 ac
2872 3175 3197 3229 sententiam
3229 3174 3465 3230 habitam
3498 3173 3687 3237 fuiSse,
3717 3184 3882 3248 atque
3905 3192 3979 3234 eo

678 3260 822 3316 litari
854 3276 1016 3315 manu
1041 3263 1380 3324 κατασκόπως
1410 3261 1797 3317 Alexandrinae
1827 3263 2074 3318 ecclesia:
2091 3275 2278 3318 contra

677 3353 854 3421 ipsum
929 3353 1287 3409 Athanasium
1337 3355 1602 3425 Gregorio
1655 3355 1896 3427 prmdoni
1955 3359 2281 3412 subSIitutus

677 3441 875 3499 fuerat.
911 3443 1167 3499 Basilium
1198 3460 1268 3500 ne
1297 3447 1412 3500 suis
1449 3446 1666 3522 quidem
1697 3449 1980 3514 probatum
2010 3449 2282 3505 exstitisse

678 3553 836 3607 supra
862 3537 1125 3592 diximus.
1152 3538 1486 3594 Pelusiorum
1512 3555 1641 3596 vero
1680 3542 1986 3612 episcopus,
2017 3544 2170 3614 CtleIs
2198 3545 2283 3599 hic

679 3645 876 3686 nomen
904 3631 1249 3685 obliteratum
1291 3639 1398 3692 est.
1435 3632 1748 3706 Pancratius
1795 3650 1825 3690 a
1879 3636 2101 3693 Socrate
2150 3637 2280 3692 dici-

681 3735 768 3780 tur
791 3725 906 3797 (lib.
943 3741 1002 3786 tt,
1036 3741 1083 3778 c.
1111 3725 1228 3796 29),
1255 3728 1395 3781 inter
1424 3726 1755 3783 Arianorum
1783 3731 2170 3801 antesignanos
2198 3749 2284 3788 re-

679 3819 942 3872 censitos.
963 3819 1172 3874 Marcus
1200 3830 1380 3875 autem
1412 3820 1502 3876 ille
1525 3832 1609 3878 est
1641 3825 1924 3879 Arethusa:
1949 3825 2146 3897 Syriaa,
2176 3842 2282 3882 nou

681 3911 1033 3980 Macedoniae,
1063 3924 1119 3968 ut
1152 3914 1340 3968 Volunt
1380 3917 1797 3983 centuriatores,
1851 3919 2163 3990 episcopus,
2194 3923 2283 3991 qtti

683 4012 843 4058 antea
869 4020 990 4058 cunt
1013 4003 1271 4060 Narcisso
1299 4005 1587 4078 NerOpolis
1619 4007 1892 4082 (Atltanaa.
1922 4011 1959 4066 l.
1995 4011 2059 4067 de
2081 4013 2281 4084 Synod.

685 4111 738 4164 p.
769 4094 922 4164 894).
952 4095 1097 4152 Mare
1132 4095 1512 4166 Chalcedonis,
1567 4111 1622 4156 et
1671 4101 1960 4158 Theodoro
2010 4103 2285 4160 Heracleae

684 4187 930 4243 Thraciae
984 4190 1254 4260 episcOpis
1281 4191 1347 4246 ad
1377 4206 1597 4248 omnem
1640 4193 1972 4264 impietatem
2005 4197 2286 4267 projectis-

682 4279 856 4346 simis,
883 4279 949 4335 ad
976 4279 1328 4338 Constantem
1373 4285 1425 4338 in
1473 4283 1677 4340 Gallias
1721 4298 1838 4354 post
1883 4289 2146 4359 synodum
2176 4291 2286 4344 An-

683 4373 989 4428 tiochenam
1019 4374 1070 4428 in
1098 4375 1364 4429 Enczeuiis
1388 4375 1458 4432 ab
1486 4377 1698 4431 Arianis
1718 4388 1905 4434 contra
1933 4380 2283 4437 Athanasium

684 4465 885 4520 missus
905 4464 1104 4530 fuerat,
1124 4477 1230 4520 tam
1259 4467 1504 4538 ltmresos
1515 4471 1850 4540 professione
1869 4473 2284 4546 subscriptione-

2383 3264 2601 3317 nomine
2623 3262 2690 3316 ad
2732 3261 3004 3319 Ecclesias
3046 3280 3144 3335 pro
3170 3279 3321 3320 more
3351 3265 3725 3322 transmissam
3758 3282 3788 3322 a
3815 3283 3985 3341 syno-

2381 3353 2525 3409 nodo
2569 3372 2582 3407 :
2629 3354 2773 3426 quod
2798 3358 2960 3411 etiam
2995 3355 3229 3412 Hilarius
3271 3359 3425 3414 initio
3472 3360 3592 3415 libri
3641 3359 3710 3415 de
3755 3362 3986 3432 synodis

2384 3441 2552 3516 (num.
2584 3446 2642 3516 2)
2693 3449 3034 3516 perspicuum
3067 3448 3151 3503 his
3179 3448 3360 3504 verbis
3393 3450 3517 3504 facit
3546 3468 3560 3504 :
3616 3468 3636 3502 ι
3671 3449 3984 3508 Gratulatus

2383 3551 2524 3603 sum,
2556 3538 2751 3612 inquit,
2787 3541 2837 3595 in
2865 3541 3112 3609 Domino,
3147 3543 3599 3602 incontaminatos
3629 3562 3727 3602 vos
3767 3559 3821 3602 et
3849 3549 3987 3604 ille-

2377 3644 2474 3686 sos
2513 3633 2582 3686 ab
2624 3635 2772 3689 omni
2817 3637 3075 3707 contagio
3104 3639 3444 3694 detesrandae
3473 3639 3748 3695 haereseos
3791 3643 3988 3711 persti-

2385 3725 2539 3791 tisse,
2571 3736 2625 3781 et
2663 3728 2880 3782 missam
2915 3731 3158 3796 proxime
3196 3731 3350 3786 vobis
3377 3746 3444 3788 ex
3474 3731 3756 3788 Sirmiensi
3783 3735 3988 3805 oppido

2387 3817 2621 3872 inﬁdelis
2665 3817 2790 3874 ﬁdei
2830 3821 3160 3890 impietatem
3187 3838 3298 3879 non
3328 3823 3490 3880 modo
3517 3839 3626 3880 non
3651 3827 3985 3895 suscepisse,

2386 3910 2480 3965 sed
2515 3911 2812 3967 nuntiatam
2844 3921 2900 3969 et
2924 3915 3281 3986 signiﬁcatam
3309 3917 3617 3974 damnasse.
3655 3937 3676 3972 ι
3712 3919 3793 3974 Ita
3827 3922 3991 3990 igitur

2388 4017 2497 4058 non
2542 4004 2715 4060 solum
2763 4008 3007 4073 missam,
3059 4009 3154 4064 sed
3201 4011 3363 4065 etiam
3414 4012 3738 4066 auctoritate
3767 4013 3990 4082 publica

2387 4098 2764 4166 provulgatam
2792 4109 2955 4171 atque
2987 4099 3241 4158 indictam
3271 4103 3500 4172 populis,
3542 4113 3601 4158 ut
3629 4109 3685 4159 in
3731 4119 3854 4160 eam
3899 4106 3992 4175 ju-

2387 4196 2596 4252 rarent,
2644 4201 2888 4258 apparet.
2919 4189 3188 4260 Alterum,
3224 4191 3385 4247 ﬁdem
3429 4209 3549 4264 quae
3589 4195 3854 4250 consules
3898 4197 3994 4250 ad-

2387 4279 2624 4348 scriptas
2658 4281 2866 4348 habuit,
2892 4292 3012 4352 post
3037 4282 3337 4341 Sirmiense
3355 4285 3670 4354 concilium,
3698 4302 3805 4344 nec
3823 4291 3993 4346 multo

2386 4381 2518 4427 ante
2562 4373 2963 4430 Seleuciensem
3013 4377 3280 4448 synodum
3324 4380 3682 4446 compositam
3709 4394 3777 4436 ac
3805 4385 3994 4451 vulga-

2387 4467 2518 4517 tam.
2553 4463 2748 4519 Verunt
2771 4465 2816 4522 si
2843 4481 2906 4522 ea
2933 4465 3090 4532 ﬁdes,
3117 4484 3239 4538 qua:
3269 4469 3412 4525 Patri
3437 4468 3630 4525 Filium
3673 4485 3771 4539 per
3809 4472 3992 4527 omnia

681 4571 788 4628 que
835 4559 1163 4627 supposititii
1207 4559 1546 4618 Sardicensis
1585 4564 1794 4622 decreti
1835 4566 2075 4634 infamis,
2117 4583 2278 4639 quam

2386 4555 2619 4612 similem
2655 4558 2956 4627 proﬁtetur,
2985 4576 3013 4612 a
3045 4559 3226 4618 Marco
3247 4563 3446 4635 scripta
3463 4563 3607 4620 diem
3629 4574 3685 4621 et
3705 4567 3992 4623 consulem

683 4663 869 4720 postea
916 4651 1251 4723 (Theodoret.
1298 4654 1338 4709 ι.
1369 4671 1428 4711 ttt
1459 4653 1598 4711 Hist.
1651 4657 1790 4712 Eccl.
1847 4677 1894 4714 c.
1946 4660 2014 4726 7;
2063 4660 2272 4716 Sozam.

685 4741 777 4796 lio.
812 4759 864 4808 v,
896 4761 942 4798 c.
979 4744 1079 4814 {0)
1105 4744 1488 4812 confessionis,
1521 4749 1604 4804 vel
1631 4753 1793 4805 etiam
1839 4753 2082 4824 martyrii
2113 4754 2281 4820 gloria

685 4835 922 4904 (variant
944 4835 1086 4890 enim
1115 4836 1170 4891 itt
1205 4836 1307 4893 hoc
1333 4838 1606 4910 auctores)
1636 4841 1736 4895 sub
1760 4841 1978 4898 luliauo
2011 4843 2192 4900 clarus
2220 4859 2284 4900 ac

685 4927 937 4983 celebris.

761 5017 850 5076 η.
904 5020 1019 5088 Quo
1063 5030 1288 5091 tempore
1335 5023 1634 5080 celebratus.
1686 5055 1758 5066 —-
1787 5026 2010 5092 Verum,
2062 5027 2282 5098 quando

684 5112 906 5183 quidem
949 5113 1039 5184 qui
1080 5114 1250 5169 semel
1280 5116 1623 5172 verecundiae
1672 5119 1804 5174 lines
1831 5119 2128 5184 transierit,
2159 5136 2282 5174 cum

685 5205 826 5262 bene
852 5214 907 5261 et
934 5208 1140 5261 naviter
1168 5209 1536 5278 impudentem
1565 5224 1688 5265 esse
1707 5221 1945 5280 oportet,
1971 5212 2136 5280 inquit
2162 5212 2280 5278 ille;

687 5300 818 5372 quid
865 5307 1034 5364 vetat,
1088 5300 1546 5370 quemadmodum
1594 5303 1646 5356 itt
1689 5301 1974 5358 indicanda
2022 5301 2112 5358 illa
2163 5302 2286 5358 ﬁdei

687 5395 896 5460 regula,
923 5407 1043 5462 quzc
1073 5407 1102 5446 a
1135 5393 1319 5448 Marco
1348 5393 1643 5448 Arethusio
1686 5394 1882 5449 dictata
1921 5403 2026 5458 est,
2063 5394 2288 5450 halluci-

691 5494 852 5542 natos
895 5485 1279 5542 ecclesiastica:
1308 5485 1551 5542 historiae
1589 5487 1884 5557 scriptores
1913 5488 2140 5558 probare
2171 5497 2290 5544 ten-

691 5579 944 5645 tavimus,
997 5596 1102 5634 non
1148 5579 1290 5636 idem
1341 5579 1408 5636 iis
1460 5580 1722 5636 acciderit
1766 5582 1818 5636 in
1849 5591 2094 5652 tempore
2137 5580 2286 5638 desi-

691 5672 930 5742 gnando,
959 5687 1065 5742 quo
1091 5671 1348 5742 scriptam
1376 5685 1426 5726 et
1442 5673 1644 5730 editam
1669 5673 1924 5746 produnt,
1947 5675 2288 5744 disquirere?

688 5765 772 5826 εἰς
791 5767 970 5840 Τροίην
993 5769 1296 5840 πιιρὼμενοι
1343 5763 1486 5826 ἦλθον
1535 5766 1763 5839 Ἀχαιοί,
1811 5771 1889 5823 ait
1932 5759 2275 5825 Theocritus.

2387 4647 2586 4718 quibus
2611 4650 2754 4705 edita
2780 4663 2862 4706 est
2887 4651 3072 4707 Sirmii
3103 4653 3293 4719 habet;
3340 4655 3483 4711 unde
3521 4655 3726 4711 certius
3776 4665 3992 4728 tempus

2390 4740 2840 4811 promulgationis
2869 4746 3012 4810 ejus,
3038 4758 3199 4815 quam
3219 4760 3250 4800 a
3272 4746 3588 4802 consulibus
3615 4748 3815 4818 quibus
3841 4748 3990 4804 edita

2385 4831 2606 4900 dicitur,
2637 4837 2806 4903 repeti
2841 4837 3055 4904 potest?
3089 4837 3163 4893 De
3185 4852 3250 4893 ea
3279 4847 3460 4896 autem
3488 4840 3568 4893 sic
3597 4838 3990 4896 Tbeodoretus

2383 4922 2512 4998 (leg.
2543 4925 2629 4979 hic
2670 4934 2720 4980 et
2757 4927 2900 4998 infra
2932 4925 3290 4994 Sozomenus,
3341 4931 3456 4985 scil.
3500 4930 3592 4985 lib.
3617 4945 3691 4994 tv,
3721 4947 3772 4984 c.
3809 4931 3899 4994 16.
3927 4948 3996 4987 ea:

2387 5019 2490 5072 edi.
2539 5015 2922 5092 Christopltora.
2953 5023 3032 5076 vel
3058 5039 3177 5095 cap.
3211 5024 3278 5080 l7
3301 5041 3365 5079 ea:
3394 5027 3517 5080 edit.
3563 5023 3824 5097 γυιων.
3852 5026 3994 5095 Quin

2389 5112 2551 5167 etiam
2579 5113 2868 5170 absurdum
2895 5117 3176 5184 putabant,
3204 5127 3259 5172 ut
3282 5117 3409 5174 huic
3432 5119 3678 5174 formula:
3702 5121 3835 5175 talis
3863 5133 3996 5188 pra-

2391 5210 2688 5273 poneretur
2735 5207 2940 5269 titulus,
2968 5208 3186 5278 qualem
3230 5209 3420 5264 habuit
3461 5225 3583 5265 cum
3633 5209 3823 5265 Sirmii
3850 5210 3996 5265 edita

2392 5308 2496 5365 est,
2533 5309 2798 5365 praesente
2821 5298 3139 5359 Constantio
3181 5313 3410 5369 aeterno,
3458 5318 3686 5374 magno,
3717 5302 3994 5374 Angusto,

2393 5389 2632 5448 Eusebio
2657 5403 2714 5448 et
2742 5393 2970 5464 Ilypatio
2997 5409 3141 5448 coss.
3179 5394 3633 5465 quemadmodum
3661 5393 3998 5450 Athanasius

2388 5498 2604 5553 quoque
2631 5485 2838 5542 scribit.
2864 5504 2884 5539 ι
2919 5485 3043 5541 Haec
3068 5485 3465 5543 Theodoretus.
3491 5486 3600 5542 Nec
3619 5487 3781 5542 aliter
3796 5487 4002 5542 Socra-

2393 5587 2475 5634 tes
2525 5580 2641 5653 (lib.
2671 5597 2730 5644 tt,
2759 5598 2805 5635 c.
2834 5583 2925 5646 37,
2975 5580 3224 5637 Albanas.
3255 5583 3292 5637 ι.
3321 5583 3386 5637 de
3425 5581 3624 5653 Synod.
3671 5599 3726 5653 p.
3774 5578 3932 5651 874),
3963 5595 3998 5636 a

2392 5688 2500 5745 quo
2525 5687 2701 5732 tamen
2718 5685 2951 5743 emptus,
2975 5686 3029 5731 et
3051 5685 3297 5746 sumptus
3322 5670 3502 5732 error.
3529 5674 3667 5744 Quid
3692 5674 3813 5743 ipse
3833 5671 4001 5728 Atha-

2392 5753 2612 5824 nasius?
2655 5785 2675 5821 ι
2712 5750 3024 5838 Postquam,
3066 5763 3257 5839 inquit,
3307 5765 3503 5824 divisio
3554 5753 3696 5823 facta
3754 5773 3882 5823 est:
3937 5771 4003 5830 et
