4248 6258
253 308 360 365 897
1469 315 1742 374 NICOLAI
1782 319 1870 376 FA
1880 318 1992 377 BBI
2031 320 2431 378 PREFATIO.
3509 332 3616 391 898

251 405 343 478 alii
379 418 698 477 Seleuciam
743 430 1115 492 cognomento
1142 425 1413 496 Asperam
1460 434 1748 502 abiissent,
1799 437 1893 492 alii
1922 439 1976 500 Α
2004 437 2057 492 ἰη
2087 438 2310 494 dubium
2341 439 2641 506 revocabit,
2675 441 2766 509 qui
2798 440 2962 514 lmjns
2991 449 3318 504 narrationis
3340 455 3616 506 auctorem

249 517 564 572 Ariminum
595 527 661 571 se
697 513 1094 584 contulissent,
1127 519 1215 573 ubi
1245 520 1401 580 fuere
1420 528 1816 598 quinquaginta
1845 539 1903 585 et
2007 529 2374 586 Sozomeuum
2406 533 2745 614 legerit(lib.
2772 551 2846 602 tv,
2881 553 2927 590 c.
2963 538 3090 610 15):
3135 555 3244 611 quo
3291 552 3433 642 anno
3475 541 3618 642 Con:

249 623 316 642 an
348 608 536 642 ηΙιη-ρρ
565 605 816 642 Δηῖαιιηηῖ
884 625 904 642 ι
962 607 1146 642 [οι-ειη.
1166 621 1247 642 Δ..
1297 615 1347 642 :..
1395 633 1629 642 ..η-μ-.-
1704 621 1800 642 --Α
1837 621 1899 642 ,1-
2010 622 2264 642 -.ημεημ
2306 623 2390 642 ιρι
2410 637 2615 642 Α-ῌμ--
2657 625 2711 642 m
2805 627 2836 639 ι.
3001 630 3034 642 ..

247 623 316 664 eo
347 608 538 677 plures
565 605 843 678 episcopi,
883 625 904 660 ι
961 607 1146 674 (error
1165 621 1251 667 est
1294 615 1349 671 in
1395 633 1656 684 numero,
1702 621 1802 678 sed
1832 621 1904 677 de
2009 622 2270 677 stantium
2306 612 2622 679 hibernasse
2657 625 2861 691 Sirmii,
2910 630 3320 732 melioremque
3345 630 3462 698 ejus
3491 634 3619 732 anni

247 716 314 732 ΔΛ
342 715 492 732 ...ηιη
531 715 640 732 ..ιι-ι
677 698 1029 732 loknnnmnc‘
1073 718 1094 732 ρ
1133 703 1275 732 ιηιυζι
1328 710 1491 732 -.:_-...
1527 708 1593 732 -.ι
1641 723 1763 732 ---μ
1824 713 1874 732 ιΔ
2013 723 2216 732 __...A_-
2254 713 2326 732 εις
2382 724 2477 732 ._,-,
2509 717 2663 732 -,,c,,
2691 731 2701 732 γ
2958 719 2974 732 Α
3111 723 3122 732 .

246 716 314 758 eo
342 715 493 758 nunc
531 715 641 756 non
677 698 1030 770 laboramus)
1073 718 1094 754 ι
1133 703 1280 760 venit
1324 710 1492 764 etiam
1525 708 1596 764 ad
1636 723 1768 765 eum
1824 713 1908 767 lo-
2013 723 2220 780 partem
2254 713 2329 768 ibi
2382 717 2728 786 transegisse,
2767 732 2891 773 cum
2943 719 3265 776 Ammianus
3307 719 3423 790 ipse
3468 726 3620 782 testis

247 808 372 850 cum
419 792 764 860 Germinius,
815 791 1151 858 Auxentius,
1196 793 1414 863 Valens.
1467 797 1767 864 Ursacius.
1803 802 1910 858 De-
2013 814 2120 869 est,
2169 815 2280 860 tum
2325 806 2488 862 etiam
2529 809 2775 878 plurimae
2820 812 2967 882 leges
3014 814 3081 870 iis
3128 813 3441 874 consulibus
3463 819 3622 878 editte
3671 855 3679 862 -

246 885 549 956 mapltilus,
579 885 769 942 Caius.
795 881 875 939 lbi
919 897 1047 938 cum
1095 892 1278 942 cteleri
1310 891 1566 960 episcopi
1611 905 1679 944 ex
1735 895 1912 951 sacris
2014 909 2113 948 sua
2145 896 2545 966 subscriptione
2570 900 2819 966 probant.
2849 901 2906 957 ln
2943 919 3011 959 eo
3041 918 3339 974 congressu
3369 915 3625 980 qua-stio-

245 977 444 1032 litteris
459 976 624 1034 verba
637 991 734 1031 sua
751 974 1162 1040 formarent,illi
1176 977 1484 1035 chartulam
1503 977 1911 1054 exhibucrunt,
2018 997 2141 1038 nem
2175 986 2332 1040 istam
2360 1001 2544 1042 coram
2578 989 2908 1059 imperatore
2937 995 3199 1064 agitatam
3230 995 3298 1050 de
3330 997 3435 1056 ﬁde
3460 1019 3626 1076 quam

247 1071 606 1142 recitatisque
645 1068 967 1125 consulibus
992 1069 1196 1140 quibus
1230 1073 1434 1142 scripta
1477 1079 1624 1136 erat,
1655 1077 1916 1141 postula-
2016 1077 2213 1132 recitat
2233 1079 2568 1171 liac‘epistola
2597 1078 2933 1152 Germinius,
2957 1085 3231 1156 iidemque
3251 1099 3627 1171 compositam,

245 1161 402 1224 bam.
427 1171 485 1216 ul
511 1177 574 1217 ea
605 1161 856 1216 otnnibus
898 1159 1136 1233 synodis
1166 1170 1634 1234 anteponeretur.
1687 1163 1915 1223 Omissa
2016 1167 2100 1220 cui
2130 1168 2396 1224 dictandte
2422 1169 2632 1229 Marcus
2660 1176 2871 1231 electus
2901 1185 3018 1241 est,
3062 1185 3121 1229 ut
3149 1182 3430 1251 conjiciat“
3463 1194 3632 1251 multa

257 1257 391 1275 -..μ-Α
455 1254 513 1275 Δ-
564 1254 834 1275 L,___A.3Ag_
872 1254 1169 1275 ____“_.g_‘___
1249 1273 1260 1275 _
1316 1258 1378 1275 ιι,
1403 1271 1509 1275 tu-
1542 1254 1724 1275 I_-L2.-
2015 1257 2040 1275 ρ
2105 1261 2118 1272 ο
2205 1271 2216 1275 -
2287 1261 2326 1275 τι
2361 1263 2371 1274 ο
2576 1265 2614 1275 -ι
2939 1265 2974 1275 ·’
3003 1267 3017 1275 -

247 1257 396 1312 enim
447 1254 518 1311 de
564 1254 836 1311 haereticis
866 1254 1515 1327 quaestionum-nullaque
1542 1254 1736 1314 habita
1791 1277 1913 1331 per-
2014 1257 2242 1316 faciunt.
2286 1261 2546 1328 Primum,
2575 1265 2874 1334 Personat;
2939 1265 3116 1324 iidem
3141 1287 3333 1350 nempe
3375 1284 3640 1360 episcupi,

249 1351 603 1405 cunctatione
643 1361 756 1415 quo
806 1347 990 1402 animo
1031 1355 1127 1402 ant
1180 1363 1299 1417 qua
1356 1349 1637 1405 sententia
1691 1362 1908 1424 essem,

258 1457 307 1460 λ-
344 1441 357 1460 ε
403 1435 486 1460 .2,‘
544 1438 792 1460 -L-_.-_I._
844 1437 1185 1460 --I--_._.-.l_
1247 1447 1550 1460 ___.-_._--
1616 1454 1735 1460 --__
1828 1445 1840 1460 ι

2016 1350 2157 1406 inter
2199 1367 2336 1422 quos
2383 1354 2452 1410 de
2496 1357 2602 1413 nde
2648 1360 2981 1430 quaesitum.
3049 1361 3102 1419 in
3151 1366 3250 1427 bac
3291 1347 3646 1442 recensentur

252 1435 486 1509 scriptis'
536 1438 796 1496 chartula:
841 1437 1191 1494 solummodo
1239 1447 1553 1496 contentos
1610 1454 1744 1498 esse
1807 1445 1905 1502 de-
2010 1445 2262 1513 epistola,
2295 1448 2442 1514 quia
2470 1451 2775 1508 Sozometto
2805 1449 3096 1531 (Ibidem)
3127 1461 3179 1518 in
3196 1470 3452 1530 comm,“
3480 1475 3650 1538 fuisse

254 1535 408 1590 bere.
455 1533 667 1602 Scripta
715 1538 893 1587 autem
934 1546 1117 1586 eorum
1167 1530 1473 1601 ejusmodi
1519 1531 1691 1587 fuere.
1749 1536 1905 1592 Edita
2010 1548 2402 1637 memorantur,
2432 1541 2632 1637 deinde
2653 1547 2874 1600 fortuita
2923 1553 3228 1629 utrobique
3257 1570 3501 1637 occasio;
3535 1591 3642 1630 non

256 1638 339 1685 est
369 1625 635 1683 catholica
669 1624 802 1679 lides
831 1624 884 1679 in
930 1624 1226 1694 praesentia
1269 1624 1334 1678 D.
1378 1622 1459 1678 N.
1504 1623 1905 1696 religiosissimi
2007 1629 2153 1683 enim
2202 1631 2289 1722 ltic
2331 1632 2406 1687 ait
2453 1627 2764 1692 Germinius
2810 1639 2969 1694 istos
3001 1649 3290 1722 episc0pos
3318 1675 3646 1721 convocatos

260 1719 621 1792 pra-clarique
649 1715 873 1772 victoris
900 1717 1250 1785 imperatoris
1283 1716 1618 1772 Constantii
1651 1720 1903 1792 Augusti,
1940 1808 1967 1810 ᾗ
2008 1730 2067 1775 ιιι
2097 1719 2167 1776 de
2196 1721 2302 1777 (ide
2328 1723 2701 1796 disputarem;
2739 1729 2835 1786 sed
2865 1738 3000 1784 orta
3047 1739 3414 1810 disputatioiie
3453 1769 3638 1810 coram

263 1811 477 1875 aeterni,
506 1809 664 1866 Coss.
695 1807 812 1862 νγ.
842 1807 946 1865 CC.
990 1807 1237 1863 Eusebio
1286 1819 1342 1863 et
1371 1807 1632 1878 Hypatio
1660 1810 1840 1866 Sirmii
1877 1831 1896 1865 ι
1934 1808 1981 1868 Β
2014 1811 2363 1881 imperatore,
2398 1825 2560 1888 atque
2587 1819 2639 1874 in
2673 1821 2904 1876 multam
2953 1807 3172 1884 noctem
3221 1807 3515 1904 protracta,

267 1905 366 1973 (ita
393 1903 538 1960 enim
570 1901 854 1972 legendum
881 1915 947 1956 ex
969 1899 1189 1956 Socrate
1221 1909 1280 1956 et
1307 1898 1691 1957 Thr-odorem
1719 1903 1909 1976 (Sozo-
2010 1918 2133 1959 eam
2166 1904 2449 1964 formulam
2481 1913 2694 1968 tandem
2718 1928 2840 1969 e~se
2871 1913 3144 1975 deductos
3172 1941 3186 1976 :
3217 1898 3455 1998 denique
3477 1898 3634 1990 locus

269 2001 444 2066 meno)
490 2006 616 2050 ante
664 2005 766 2050 nos
789 1992 879 2048 alii
903 1990 1227 2063 docuerunt)
1285 1993 1499 2086 πιαιιῖ
1525 1994 1740 2065 jum'as.
1773 1994 1900 2051 Cre-
1970 2029 1975 2036 ~
2009 2003 2066 2050 et
2109 2005 2348 2068 tempus;
2385 2000 2566 2058 Sirmii
2595 2007 2738 2059 enim
2778 2003 2954 2076 ipsam
2985 2008 3170 2078 ﬁdem,
3202 2031 3326 2086 quae
3353 1990 3499 2075 l’atri
3529 2025 3626 2079 Fi-

274 2091 446 2146 dimus
489 2089 546 2144 in
586 2103 767 2148 unum,
798 2093 904 2142 etc.
950 2084 1008 2141 Si
1051 2099 1173 2140 cum
1201 2083 1391 2141 Sirmii
1433 2085 1590 2142 edita
1641 2097 1728 2144 est
1769 2105 1904 2161 prae-

277 2192 434 2241 sente
461 2181 782 2238 (‘Atustantio
816 2195 868 2234 XI
923 2178 1030 2232 cal.
1059 2177 1178 2248 jun.
1225 2179 1498 2234 consules
1555 2179 1754 2237 habuit
1805 2184 1913 2238 Eu-

279 2278 493 2334 sebimn
519 2283 574 2331 et
598 2272 886 2347 Hypatium
903 2269 1177 2342 praeﬁxos,
1194 2271 1283 2340 qui
1305 2272 1603 2339 potuitedi
1621 2274 1910 2331 Sirmiensi

283 2367 542 2433 concilio,
575 2368 715 2438 quod
744 2363 839 2434 qui
865 2364 1062 2429 minus,
1090 2361 1322 2416 triennio
1361 2373 1500 2417 ante
1547 2364 1688 2421 istos
1710 2382 1914 2423 consu-

287 2463 370 2518 les
399 2462 568 2517 luisse
608 2468 858 2514 coactum
906 2454 1255 2511 asseverant?
1308 2453 1413 2509 Cui
1461 2471 1572 2511 non
1625 2461 1784 2529 igitur
1829 2470 1914 2516 tot

290 2549 625 2608 testimoniis
656 2555 895 2613 constet,
948 2546 1050 2600 nisi
1082 2547 1173 2614 qui
1215 2543 1449 2600 meridie
1498 2547 1685 2605 lucere
1724 2562 1909 2620 neget,

290 2643 445 2697 illam
493 2639 676 2705 (idem,
727 2652 852 2705 qua:
886 2634 1033 2690 Patri
1065 2633 1260 2688 Filium
1308 2649 1404 2703 per
1442 2638 1626 2691 omnia
1674 2639 1909 2694 simne,“

292 2730 683 2803 profitebatur,
717 2725 958 2782 Eusebio
984 2725 1202 2780 demum
1247 2733 1304 2778 et
1333 2723 1569 2794 Hypatio
1597 2730 1914 2786 consulibus

295 2823 484 2881 Sirmii
513 2821 758 2891 quidem,
787 2817 885 2874 sed
917 2817 1077 2888 longe
1111 2825 1230 2885 post
1272 2814 1572 2872 Sirmiense
1618 2821 1911 2876 concilium

299 2914 663 2983 οοωνοδηεω
709 2909 923 2976 fuisse,
975 2923 1076 2964 nec
1125 2906 1296 2961 multo
1349 2915 1631 2977 postquam
1709 2911 1910 2982 scripta

301 3016 414 3072 cst,
450 3000 892 3059 Ariminensibus
920 2999 1164 3072 patribus
1201 2997 1470 3066 oblatam?

380 3099 467 3156 15.
521 3095 810 3153 Conventua
862 3093 1162 3150 Sirmiensi:
1213 3093 1434 3148 occasio.
1479 3123 1549 3134 —
1597 3093 1667 3151 Ut
1725 3109 1906 3152 autem

2015 2088 2148 2144 lium
2193 2107 2288 2162 per
2333 2095 2512 2150 omnia
2559 2097 2792 2154 similem
2841 2100 2994 2165 dicit,
3029 2104 3269 2162 Eusebio
3307 2119 3364 2164 et
3389 2111 3624 2184 Hypatio
3686 2184 3690 2186 ,

2013 2181 2169 2240 Coss.
2202 2188 2455 2258 scriptam
2486 2190 2790 2248 docuimus.
2839 2193 2948 2250 Nec
2985 2197 3248 2258 adaliam
3282 2181 3465 2264 fidem.
3497 2222 3622 2275 quae

2015 2277 2155 2346 apud
2188 2278 2544 2350 Epiphanium
2576 2284 2828 2354 leguntur
2854 2285 3046 2343 haeresi
3093 2305 3262 2346 Lxxut
3288 2293 3455 2364 (num.
3487 2295 3612 2366 2‘2),

2015 2368 2085 2426 de
2115 2373 2217 2428 lide
2247 2379 2368 2452 περὶ
2409 2382 2500 2432 τοῦ
2548 2376 2736 2450 ὅμοιοντ
2765 2374 2890 2436 εἶναι
2929 2383 3016 2436 τὸν
3055 2383 3162 2438 υἱὸν
3192 2392 3267 2440 τῶ
3296 2391 3458 2463 πατρὶ
3484 2392 3619 2446 κατὰ

2014 2465 2204 2521 πάντα.
2236 2466 2424 2520 referri
2473 2482 2634 2537 posse
2673 2467 2907 2524 arbitror
2952 2487 2964 2523 :
2995 2474 3078 2527 cui
3120 2473 3468 2532 subscribens
3500 2481 3619 2548 ipse

2019 2552 2218 2610 Valens
2248 2571 2370 2611 cum
2419 2557 2472 2612 in
2523 2559 2917 2630 subscriptione
2958 2560 3152 2617 Filium
3184 2564 3332 2620 Patri
3379 2567 3614 2623 similem

2016 2647 2355 2715 repetiisset,
2413 2649 2653 2717 duasque
2691 2651 2811 2706 illas
2846 2653 3060 2708 voculas
3105 2671 3197 2724 per
3225 2657 3399 2712 omnia
3443 2659 3616 2721 subti-

2016 2737 2250 2800 cuisset;
2283 2754 2376 2794 eas
2401 2739 2468 2792 ab
2499 2741 2824 2812 imperatore
2850 2743 3184 2813 Constantio,
3212 2763 3319 2818 quo
3345 2760 3617 2818 praesente

2016 2843 2105 2882 res
2135 2829 2420 2899 agebatur,
2452 2844 2672 2888 coactus
2713 2842 2798 2889 est
2845 2835 3064 2892 addere.
3113 2837 3259 2894 Idem
3309 2841 3454 2896 enim
3497 2844 3617 2912 ipse

2015 2919 2220 2976 Valens
2256 2924 2647 2995 subscripsisse
2688 2941 2748 2983 se
2776 2928 2825 2984 ei
2856 2937 3110 2986 testatum
3135 2933 3307 2988 voluit
3333 2936 3498 3006 (apud
3543 2938 3616 2992 Ε-

2016 3015 2231 3085 piphan.
2264 3017 2392 3071 liter.
2444 3034 2630 3087 LXXIII,
2679 3037 2732 3076 η.
2765 3021 2880 3095 ΞΞ),
2930 3031 2993 3099 τῇ
3041 3031 3184 3082 νυκτὶ
3226 3029 3616 3101 ἕπιφωσκοῦσης

2015 3113 2108 3166 τῆς
2147 3107 2488 3172 πιντικὸστης
2534 3128 2548 3165 :
2596 3111 2885 3181 subditque
2929 3114 3280 3185 Epiphanius,
3331 3119 3612 3190 Valentem

303 3191 437 3263 quid
467 3189 539 3246 de
562 3203 627 3245 ea
675 3203 735 3242 re
766 3185 899 3240 mihi
932 3184 1142 3240 venerit
1173 3185 1224 3238 in
1274 3193 1530 3253 mentem,
1578 3186 1630 3240 iu
1673 3191 1907 3245 medium
1934 3191 1981 3255 C
2014 3195 2196 3252 statim
2244 3207 2405 3266 atque
2448 3215 2479 3254 a
2534 3215 2594 3256 se
2643 3203 2947 3275 subscripta
2996 3216 3099 3274 est,
3145 3220 3448 3282 correptam
3493 3227 3613 3270 eam

308 3284 620 3354 proferam;
681 3290 894 3336 certum
953 3286 1038 3334 est
1098 3277 1488 3346 imperatorem.
1537 3279 1910 3338 Constantium

307 3389 528 3431 omnem
569 3371 808 3426 movisse
856 3368 1116 3438 lapidem,
1166 3383 1275 3438 quo
1314 3367 1639 3425 dissidentes
1687 3372 1738 3426 iu
1786 3374 1911 3428 reli-

307 3466 474 3536 gione
503 3462 787 3533 opiniones
817 3467 1190 3530 componeret.
1241 3458 1436 3515 Verum
1467 3460 1593 3515 dum
1634 3477 1694 3518 se
1738 3463 1911 3522 facilis

307 3557 477 3612 nimis
504 3553 774 3609 haereticis
802 3553 1072 3624 praebens,
1106 3567 1228 3622 qute
1275 3551 1366 3606 Dei
1408 3562 1534 3606 sunt
1571 3553 1757 3609 Caesar
1797 3555 1911 3625 ipse

308 3657 553 3704 tractare
579 3645 761 3701 audet.
797 3663 819 3697 ι
848 3645 900 3699 in
927 3642 1160 3713 simplici
1187 3651 1244 3698 et
1281 3642 1524 3698 absoluta
1565 3645 1848 3716 religione,
1885 3667 1905 3702 ι

304 3739 490 3810 inquit
510 3739 824 3794 Ammianus
854 3735 997 3811 (Lib.
1032 3734 1152 3810 xxi)
1184 3753 1205 3789 ς
1256 3737 1541 3792 scrutanda
1578 3739 1907 3809 perplexior,

304 3850 474 3908 quam
515 3831 886 3904 componenda
933 3831 1186 3903 gravior,
1252 3829 1367 3900 ipsa
1415 3829 1548 3885 aluit
1587 3831 1911 3904 adauxitque

305 3924 559 3984 dissidia.
597 3942 616 3976 ι
651 3922 860 3992 Quibus
888 3934 950 3980 ut
984 3922 1284 3979 remedium
1313 3922 1527 3978 tandem
1567 3924 1783 3996 aliquod
1814 3925 1911 3982 ad-

308 4019 556 4084 biberet,
585 4016 975 4074 mcumenicam
1000 4016 1266 4088 synodum
1307 4029 1499 4086 cogere
1525 4016 1764 4073 decrevit
1783 4019 1912 4091 (So-

306 4127 447 4166 10m.
481 4109 519 4164 Ι.
553 4124 628 4168 tv.
659 4126 706 4163 c.
736 4106 848 4179 16).
878 4107 1100 4164 Litteris
1130 4107 1294 4179 igitur
1314 4106 1380 4162 ad
1405 4107 1660 4164 Basilium
1703 4110 1912 4182 Anqui-

305 4205 550 4260 ritanum
611 4199 922 4270 episcopum
989 4199 1192 4262 missis,
1255 4197 1560 4255 Orientales
1624 4203 1911 4273 episcopos

301 4296 490 4369 jubet,
522 4303 578 4348 ut
610 4293 786 4348 locum
817 4293 1161 4350 celebranda:
1200 4291 1410 4363 synodo
1455 4303 1637 4363 aptqu
1663 4304 1720 4352 et
1760 4310 1911 4353 com-

307 4389 536 4448 modum
569 4387 953 4458 perspicerent.
986 4385 1187 4442 Verum
1236 4401 1360 4442 cum
1393 4386 1531 4442 inter
1573 4403 1670 4444 eos
1710 4404 1912 4448 conve-

2019 3284 2178 3340 lidem
2206 3287 2512 3347 Ariminum
2544 3305 2726 3350 secum
2759 3295 2826 3350 ad
2862 3297 3126 3368 synodum
3155 3299 3436 3359 detulisse.
3463 3304 3612 3362 Scri-

2017 3385 2108 3444 pta
2129 3388 2212 3433 cst
2237 3395 2366 3452 ergo
2390 3398 2450 3438 ea
2486 3385 2639 3449 lides,
2673 3404 2794 3457 quae
2825 3405 2920 3458 per
2945 3394 3121 3446 omnia
3153 3392 3348 3451 Filium
3379 3399 3610 3458 similem

2016 3466 2160 3522 Patri
2189 3474 2405 3538 asserit,
2436 3491 2503 3529 eo
2546 3487 2786 3548 tempore
2835 3497 2944 3552 quo
2985 3485 3222 3554 synodus
3252 3488 3613 3550 Ariminensis

2013 3570 2134 3612 acta
2177 3572 2282 3629 est,
2330 3563 2384 3618 id
2412 3577 2516 3630 est,
2553 3568 2788 3624 Eusebio
2815 3580 2871 3627 et
2899 3573 3128 3646 Hypatio
3155 3578 3310 3633 Coss.
3340 3579 3392 3634 in
3424 3583 3608 3654 vigilia

2017 3659 2377 3718 pentecostes,
2427 3656 2478 3712 id
2505 3669 2590 3714 est
2627 3676 2679 3716 χι
2733 3663 2835 3718 cal.
2863 3665 2984 3732 jttn.
3036 3667 3312 3739 Siquidem
3369 3671 3434 3728 iis
3463 3689 3606 3733 coss.

2014 3740 2104 3810 qui
2133 3739 2336 3800 Christi
2365 3746 2474 3803 559
2501 3765 2674 3806 annus
2701 3760 2808 3819 est,
2865 3755 2990 3811 luna
3022 3773 3132 3824 xiv,
3164 3758 3217 3814 in
3269 3774 3324 3815 tv
3357 3762 3607 3837 calaapr.

2015 3829 2308 3899 incidente,
2343 3841 2647 3896 veneranda
2680 3841 3120 3904 Resurrectionis
3163 3850 3449 3911 dominicte
3492 3858 3611 3917 dies

2017 3921 2156 3990 prid.
2210 3940 2336 3982 non.
2368 3929 2610 3998 ejusdem
2643 3935 2867 4004 mensis,
2911 3940 3182 3997 missionis
3225 3947 3399 4002 sancti
3442 3951 3615 4021 Spiri-

2015 4019 2102 4066 tus
2160 4029 2195 4069 χ
2235 4017 2338 4072 cal.
2366 4018 2485 4090 jun.
2536 4022 2712 4080 littera
2744 4041 2822 4093 c.,
2849 4029 2980 4092 .diei
3031 4031 3325 4092 Dotninicte
3368 4017 3518 4109 nota,
3565 4044 3611 4099 si

2016 4113 2145 4159 tunc
2167 4121 2268 4162 usu
2289 4119 2506 4182 recepta
2529 4117 2850 4187 exstitisset,
2881 4121 3166 4181 celebrata:
3188 4137 3332 4183 sunt.

2095 4311 2184 4367 14.
2218 4311 2568 4388 Epilogur.-
2597 4320 2821 4380 Videtur
2848 4341 2999 4396 ergo,
3038 4339 3096 4386 ut
3115 4339 3224 4388 tota
3251 4331 3367 4391 haec
3391 4338 3616 4397 conclu-

2014 4399 2172 4457 datur
2198 4403 2523 4477 disputatio,
2571 4411 2706 4470 ﬁdes
2747 4431 2869 4487 quae
2897 4417 3090 4476 Filium
3133 4422 3275 4480 Patri
3307 4441 3403 4494 per
3430 4429 3614 4487 omnia

311 4481 439 4539 nire
477 4495 586 4536 non
619 4487 823 4544 posset,
851 4479 974 4534 aliis
1000 4477 1164 4533 alium
1212 4477 1646 4549 prteferentibus,
1680 4481 1910 4540 Basilius
1943 4573 1978 4579 _
2015 4492 2246 4550 similem
2291 4498 2598 4570 proﬁtetur,
2647 4477 2850 4578 scripta
2895 4511 3102 4579 Sirmii,
3137 4531 3246 4570 non
3277 4477 3458 4576 1.2.1....
3501 4522 3615 4579 ἀί.-

317 4573 391 4630 ad
417 4574 821 4644 imperatorem,
851 4569 944 4640 qui
971 4579 1084 4625 tum
1115 4569 1297 4627 Sirmii
1331 4569 1470 4626 forte
1494 4569 1747 4676 degebat,
1784 4588 1910 4643 pro-
1941 4573 1990 4634 D
2015 4585 2308 4655 quisitione
2339 4590 2392 4646 in
2442 4569 2646 4651 celebri
2688 4569 3070 4672 episcoporum
3117 4605 3368 4676 concilio,
3415 4610 3511 4666 sed
3559 4613 3612 4669 in

313 4668 492 4724 fectus
517 4674 623 4731 est,
651 4665 832 4736 ibique
860 4678 982 4720 cum
1013 4662 1150 4718 alios
1173 4662 1434 4732 quosdam
1476 4665 1700 4734 privatis
1748 4682 1913 4737 nego-

317 4763 414 4818 tiis
441 4762 493 4815 in
524 4759 780 4816 comitatu
825 4758 1098 4821 detentus,
1131 4765 1244 4812 tum
1275 4755 1510 4812 Marcum
1538 4756 1910 4826 Arethusium,

318 4853 615 4924 Georgium
654 4848 998 4906 Alexandrize
1025 4848 1336 4919 episcopum
1380 4856 1437 4904 et
1484 4845 1758 4906 Valentem
1789 4866 1910 4908 cum

318 4945 438 5003 suis
482 4941 726 5000 oﬂeudit.
770 4940 922 4996 Tunc
971 4941 1131 5012 igitur
1173 4939 1246 4994 illi
1291 4938 1612 4994 Arianorum
1641 4943 1914 5014 corypluei

321 5037 472 5094 inter
522 5051 583 5090 se
610 5019 717 5104 quo
744 5041 900 5102 pacto
929 5031 1087 5086 [idem
1119 5029 1386 5085 Niczenam
1417 5031 1794 5088 subverterent
1818 5049 1910 5088 ca-

324 5128 438 5201 pita
463 5126 827 5190 conferentes,
855 5126 922 5179 ab
943 5124 1263 5192 imperatore
1285 5121 1574 5192 impetrant
1595 5135 1650 5180 ut
1673 5126 1913 5196 synodus

329 5219 651 5274 universalis
677 5215 869 5272 Nicteze
900 5214 1160 5282 Bithyniae
1187 5213 1410 5282 indicta,
1443 5229 1770 5287 propterque
1797 5221 1914 5288 ejus

327 5310 482 5366 urbis
510 5308 716 5364 cladem
760 5315 918 5362 terra:
950 5314 1094 5360 moto
1125 5313 1402 5374 acceptam
1447 5304 1610 5362 dilata
1635 5307 1911 5368 dividere-

329 5415 476 5459 tur:
525 5400 932 5467 Orientalesquc
985 5397 1265 5467 episcOpos
1322 5397 1619 5456 Seleuciam
1673 5403 1911 5471 Isaurize,

327 5492 708 5552 Occidentales
755 5506 883 5546 vero
929 5489 1222 5544 Ariminum
1270 5493 1553 5547 convocari
1601 5507 1909 5565 procul-am,

325 5587 492 5644 Hunc
533 5585 900 5656 episcOporum
927 5581 1243 5637 Arianorum
1267 5585 1320 5638 ln
1361 5587 1621 5642 comitatu
1650 5603 1910 5659 congres-

328 5695 459 5738 sum
509 5677 742 5735 Eusebio
779 5685 833 5732 et
875 5675 1101 5748 Hypatio
1141 5675 1449 5734 consulibus
1496 5681 1806 5754 contigisse,
1857 5683 1909 5740 id

327 5780 446 5839 est,
479 5785 543 5829 eo
567 5770 683 5843 ipso
701 5781 843 5826 anno
870 5783 976 5838 quo
1006 5765 1111 5823 illae
1136 5766 1326 5839 synodi
1375 5778 1510 5827 actae
1552 5781 1698 5840 sunt,
1747 5787 1910 5832 nemo

2017 4676 2243 4736 l‘ortuito
2271 4697 2567 4752 paucorum
2598 4705 2898 4763 congressu
2929 4711 3111 4753 coram
3143 4699 3474 4770 imperatore
3503 4706 3615 4762 dis-

2020 4772 2292 4839 putatione
2314 4787 2432 4832 orta
2454 4795 2468 4844 ;
2494 4796 2601 4834 non
2627 4782 2679 4837 in
2706 4785 2882 4858 aliqua
2910 4790 3128 4867 basilica
3150 4803 3246 4850 aut
3261 4797 3476 4862 publico
3490 4800 3614 4857 loco

2017 4861 2070 4916 in
2098 4880 2206 4934 quo
2233 4867 2476 4925 solerent
2502 4875 2695 4945 synodi
2737 4876 2948 4947 haberi,
2977 4861 3071 4939 sed
3105 4886 3158 4942 in
3191 4889 3404 4957 privato
3445 4893 3616 4963 impe-

2018 4959 2213 5012 ratoris
2239 4960 2521 5032 cubiculo;
2556 4983 2661 5024 non
2693 4969 2887 5044 Sergio
2915 4986 2969 5030 et
3007 4975 3284 5046 Nigriauo,
3337 4983 3420 5039 vel
3467 4982 3613 5042 Con-

2017 5051 2219 5104 stantio
2264 5067 2318 5108 ix
2381 5062 2439 5110 et
2477 5057 2696 5117 .luliano
2733 5079 2790 5120 XI
2848 5068 3186 5138 consulibus,
3228 5089 3336 5143 quo
3365 5086 3612 5148 tempore

2015 5139 2331 5198 Sirmiensis
2387 5150 2628 5219 synodus
2668 5152 2848 5212 habita
2888 5157 3109 5227 dicitur,
3159 5139 3258 5220 sed
3302 5181 3354 5222 xl
3399 5139 3610 5225 calend.

2011 5231 2130 5302 jun.
2161 5232 2399 5292 Eusebio
2424 5251 2478 5296 et
2517 5241 2751 5313 Hypatio
2790 5264 2935 5304 coss.
2968 5266 3078 5321 quo
3123 5255 3285 5312 etiam
3333 5259 3422 5314 die
3468 5261 3610 5318 idem

2020 5327 2138 5392 ipse
2169 5326 2465 5396 imperator
2495 5330 2698 5390 Strmio
2742 5336 2888 5407 leges
2928 5356 3022 5396 XIV
3075 5354 3131 5398 et
3152 5361 3223 5402 xv
3269 5347 3339 5404 de
3367 5349 3528 5406 Prtet.
3557 5363 3614 5409 et

2019 5414 2224 5482 Quaest.
2253 5415 2388 5474 Cod.
2421 5419 2523 5476 Th.
2558 5423 2624 5478 ad
2654 5425 2914 5485 Senatum
2965 5433 3128 5489 misit.
3162 5438 3340 5503 Quare
3371 5457 3476 5496 non
3511 5445 3614 5501 mi-

2019 5521 2137 5562 rum
2185 5517 2270 5564 est
2315 5510 2360 5564 si
2410 5513 2732 5573 Athanasius
2777 5518 2896 5592 (lib.
2930 5525 2993 5580 de
3024 5525 3230 5598 Synod.
3262 5550 3316 5602 p.
3347 5535 3476 5606 873)
3520 5553 3616 5594 eo-

2019 5597 2166 5691 rum,
2207 5602 2297 5672 qui
2341 5604 2607 5676 ejusmodi
2654 5610 2814 5681 fidem
2863 5597 3218 5691 scripserunt,
3253 5597 3610 5689 temeritatem

2019 5690 2252 5762 exagitet
2296 5710 2310 5747 :
2368 5712 2389 5747 ι
2423 5699 2516 5768 qui
2564 5713 2690 5756 cum
2744 5717 2854 5762 non
2901 5707 3005 5764 nisi
3035 5718 3146 5769 tres
3169 5690 3264 5770 aut
3292 5727 3544 5789 quatuor,
3585 5743 3605 5778 ι

2019 5781 2213 5856 inquit,
2253 5801 2273 5839 ‹
2304 5797 2508 5858 essent,
2549 5808 2571 5846 ι
2618 5791 2697 5865 (in
2742 5809 2853 5868 quo
2895 5797 3115 5872 quidem
3161 5820 3278 5867 rem
3309 5781 3609 5890 extenuat;
