4200 6256
630 279 737 338 905

1541 273 1609 332 IN
1635 271 2065 342 FRAGMENTA
2095 265 2342 329 SANCTI
2375 267 2630 326 lIILAIiII
2673 265 2975 325 EPISCOPI

3824 262 3929 320 904

633 395 806 464 censi,
831 393 924 450 sed
948 409 1045 450 nec
1067 392 1400 450 Antiochena
1422 393 1474 449 in
1502 393 1794 458 Encteniis,
1823 407 1920 448 nec
1942 390 2219 446 Sirmiensi
2249 384 2305 448 Α
2329 388 2496 443 titatis
2569 385 2878 456 apostolicae
2953 399 3017 440 ac
3086 378 3445 438 confessionis
3513 378 3584 433 ab
3640 377 3937 434 Athanasio

633 499 822 546 contra
869 489 1191 551 Photinum,
1241 503 1375 558 quas
1399 497 1508 543 tres
1551 489 1868 544 Semiariani
1922 487 1974 540 in
2007 485 2228 557 Synodo

636 581 988 650 Anquiritana
1018 579 1250 634 maxime
1278 579 1594 648 probarunt,
1620 581 1689 634 ita
1723 578 1944 634 minime
1970 577 2226 641 offensus,

635 683 696 730 ttt
720 688 814 728 eas
844 675 925 743 (a)
951 673 1286 744 esposnerit,
1317 683 1373 729 et
1399 673 1483 728 Itis
1509 673 1688 730 verbis
1715 688 1974 728 excusare
2003 681 2229 726 conatus

635 767 704 822 sit
737 783 751 821 :
791 783 809 818 t
846 764 988 820 Nihil
1014 765 1208 820 mirum
1231 807 1246 832 ,
1287 783 1305 817 ι
1338 766 1406 819 ait
1442 763 1580 838 (Lib.
1609 766 1672 820 de
1703 765 1902 836 Synod.
1935 779 2076 818 nam.
2111 763 2226 828 65),

642 879 661 913 ‹
689 860 842 914 vobis
868 857 1036 915 videri
1061 859 1242 922 debet,
1271 860 1462 913 fratres
1487 859 1810 922 charissitni,
1833 858 1973 928 quod
1997 869 2101 910 tam
2127 855 2232 910 fre-

633 961 861 1027 quenter
894 955 1090 1023 exponi
1132 953 1264 1008 fides
1284 965 1477 1023 coeptae
1494 961 1650 1015 sunt;
1677 951 2054 1006 necessitatem
2091 950 2231 1002 hanc

636 1049 786 1105 furor
800 1046 1348 1116 haereticusimponit,
1372 1065 1390 1098 ι
1423 1053 1478 1100 et
1501 1044 1661 1114 paulo
1689 1042 2016 1115 post(lbid.)
2047 1059 2100 1094 ει
2124 1039 2232 1096 Sed

636 1141 930 1198 necessitas
978 1138 1421 1196 consuetudinem
1476 1137 1658 1190 intulit
1701 1135 1898 1203 exponi
1957 1135 2128 1193 fides,
2178 1139 2234 1186 et

632 1233 893 1304 expositis
913 1233 1200 1288 subscribi.
1223 1231 1323 1287 Ubi
1345 1229 1488 1286 enim
1512 1243 1706 1284 sensus
1727 1225 2070 1283 conscientia-
2087 1223 2236 1296 peri-

632 1326 871 1387 clitatur,
921 1324 1033 1378 illic
1069 1323 1245 1378 littera
1277 1321 1579 1388 p051ulatttr
1611 1338 1624 1372 :
1658 1334 1757 1374 nec
1787 1333 1917 1373 sane
1945 1316 2105 1372 scribi
2137 1317 2236 1370 im-

635 1417 803 1488 pedit,
851 1417 992 1484 quod
1040 1415 1276 1470 salutare
1319 1420 1403 1468 est
1440 1410 1706 1467 confiteri.
1759 1428 1777 1461 ι
1815 1409 2008 1464 Postea
2057 1417 2233 1461 tamen

636 1507 967 1579 experientia
990 1507 1182 1561 doctus
1205 1521 1311 1560 non
1336 1501 1862 1559 soltthamarinam
1888 1517 1992 1555 non
2018 1514 2236 1554 moven-

636 1600 790 1666 dam,
841 1609 901 1654 ut
932 1600 983 1653 in
1017 1598 1300 1668 proverbio
1338 1605 1448 1661 est,
1494 1595 1588 1651 sed
1634 1595 1804 1648 multo
1836 1594 2012 1648 minus
2056 1607 2177 1661 quae
2204 1606 2233 1644 a

637 1693 885 1748 Patribus
906 1676 1270 1748 recte-statuta
1296 1699 1444 1756 sunt,
1477 1689 1587 1744 nllo
1614 1689 1792 1756 aliquo
1817 1694 2077 1757 prmtcxtu
2104 1699 2237 1739 con-

637 1782 880 1838 vellettda
897 1823 914 1846 ,
943 1797 1210 1853 quamque
1233 1781 1594 1851 periculosum
1621 1794 1686 1834 ac
1716 1777 2024 1832 miserabile
2051 1784 2228 1838 esset,
2260 1765 2310 1825 B

640 1893 660 1928 t
698 1875 940 1930 diversas
968 1873 1101 1928 fides
1132 1874 1365 1938 habere,
1395 1889 1514 1942 quae
1539 1872 1667 1926 dum
1695 1875 1879 1941 plures
1928 1872 2090 1936 fiunt,
2127 1888 2145 1922 ι
2177 1875 2235 1922 ut

635 1966 776 2022 idem
827 1967 942 2035 ipse
988 1966 1065 2020 ait
1103 1963 1240 2036 (Lib.
1283 1980 1321 2019 ιι
1356 1965 1424 2018 ad
1445 1963 1619 2019 Const.
1650 1980 1704 2017 η.
1735 1961 1845 2033 4),t
1882 1961 1934 2016 id
1975 1960 2236 2030 incipiunt

635 2074 758 2116 esse
787 2073 855 2114 ne
904 2058 1008 2112 ulla
1055 2057 1159 2123 sit;
1200 2075 1219 2109 ι
1254 2056 1307 2111 in
1357 2055 1495 2110 libro
1538 2054 1604 2110 ad
1634 2053 2011 2110 Constantium
2043 2065 2235 2108 omnes

639 2161 838 2223 pratter
876 2150 1147 2206 Niczenam
1175 2165 1284 2204 uno
1317 2150 1493 2218 elogio
1521 2146 1819 2204 damnavit.
1855 2165 1872 2197 ι
1912 2145 2044 2200 Nam
2071 2145 2233 2199 etiam

636 2242 684 2298 si
713 2244 827 2306 his,
859 2243 1030 2312 inquit
1068 2239 1207 2312 (Lib.
1247 2243 1301 2293 in
1326 2237 1526 2300 Const,
1555 2256 1607 2291 n.
1641 2235 1760 2304 24),
1807 2236 1941 2290 nihil
1984 2236 2234 2290 vitiosum

637 2336 921 2406 subjacere
965 2334 1297 2398 afftrmetttr,
1357 2347 1462 2388 non
1522 2344 1699 2387 tamen
1752 2345 1916 2386 causa
1968 2328 2236 2401 religiosa:

637 2429 932 2484 voluntatis
957 2428 1117 2490 inest,
1148 2427 1272 2494 quia
1299 2423 1424 2478 mali
1457 2423 1734 2478 meditatio
1759 2433 1864 2479 est.
1898 2440 1917 2475 ι

708 2517 799 2574 25.
845 2517 1095 2584 Qualibus
1136 2517 1391 2588 episcopis
1429 2516 1624 2569 directa
1671 2515 1887 2585 cpistola
1927 2513 2233 2584 Philippop.

636 2610 841 2682 synodi.
874 2640 943 2652 —
971 2610 1140 2666 Porro
1171 2609 1370 2665 nemini
1399 2609 1620 2662 dubium
1649 2618 1729 2662 est
1750 2651 1764 2670 ,
1803 2608 2095 2678 pra-claros
2121 2606 2239 2660 illos

641 2719 795 2758 novzn
829 2703 951 2760 iidei
991 2703 1381 2760 architectores
1416 2701 1727 2772 synodicam
1776 2700 1915 2756 hanc
1953 2700 2237 2770 epistolam

642 2797 711 2854 iis
773 2800 1007 2852 maxime
1074 2797 1414 2866 inscripsisse
1463 2795 1774 2865 episcOpis,
1824 2794 2020 2864 quibus
2083 2792 2240 2848 lacile

643 2890 944 2960 imponere,
988 2889 1074 2944 vel
1117 2888 1384 2958 ejusmodi
1428 2888 1780 2956 imposturam
1823 2901 1928 2941 noa
1976 2887 2237 2956 ingratam

643 2980 758 3036 fore
805 2979 1120 3050 sperabant.
1175 2977 1321 3033 Inter
1373 2991 1509 3045 quos
1559 2977 1764 3047 Optimo
1809 2975 1931 3044 jure
1982 2974 2238 3028 familiam

643 3071 793 3128 ducit
817 3071 1110 3143 Gregorius
1147 3071 1237 3124 ille
1261 3067 1551 3138 Cappadox
1584 3065 1966 3123 Alexandrinae
1994 3065 2240 3121 ecclesiae

2332 483 2380 536 ei
2437 483 2490 535 in
2539 481 2800 536 Oratione
2855 479 3025 548 prima
3077 486 3267 532 contra
3316 473 3547 528 Arianos
3604 471 3934 540 perhibitom

2333 573 2488 645 (Pag.
2543 573 2716 640 29l),
2764 588 2794 627 a
2849 571 3165 627 doctissimo
3218 568 3518 636 interprete
3567 575 3747 619 tamen
3803 565 3936 620 vitio

2332 669 2532 723 codicis
2560 667 2733 724 (ἕτωεί
2780 681 2888 737 quo
2919 680 3047 720 usus
3077 675 3178 726 est,
3211 670 3524 728 corruptum
3555 658 3934 712 restituamus.

2334 760 2610 832 Siquidem
2641 775 2744 830 quo
2798 759 2920 813 loco
2949 759 2998 811 itt
3027 772 3091 812 ea
3114 755 3370 812 Oratione
3396 751 3695 806 catholicos
3721 760 3933 816 monet,

2333 866 2392 909 ut
2419 855 2678 920 formulas
2713 852 2834 907 fidei
2861 850 3069 908 Ursacii
3090 892 3106 918 ,
3137 850 3400 916 Valentis,
3433 849 3768 916 Demophili,
3801 847 3941 903 Ger-

2335 949 2525 1014 miuii,
2578 957 3009 1010 cteterorumque
3058 945 3175 1013 ejus
3231 943 3419 997 farinae
3474 941 3750 997 hominum
3811 940 3943 996 licet

2335 1044 2516 1099 verbis
2559 1058 2624 1097 ex
2656 1057 2808 1097 sacra
2838 1041 3115 1110 Scriptura
3145 1037 3443 1106 desumptis
3469 1037 3720 1110 scriptas,
3766 1037 3942 1092 nihilo

2336 1136 2505 1204 magis
2535 1143 2712 1188 tamen
2743 1132 3069 1197 admittant,
3101 1146 3260 1201 quam
3287 1129 3536 1184 Christus
3561 1128 3838 1184 diabolum
3873 1145 3938 1184 ex

2335 1228 2524 1283 iisdem
2547 1225 2841 1294 Scripturis
2867 1226 3195 1293 loquentem,
3219 1223 3340 1290 quia
3367 1222 3649 1288 impiorum
3673 1237 3942 1276 sermones

2335 1318 2499 1372 dolosi
2530 1326 2691 1371 sunt:
2715 1316 2914 1370 ltttttitta
2945 1313 3190 1368 ecclesia!
3216 1313 3297 1366 Siti
3327 1312 3508 1366 sarculi
3537 1326 3854 1378 recensetis,
3887 1323 3943 1368 et

2335 1411 2666 1482 apostolicos
2691 1411 2837 1464 viros
2863 1408 2915 1462 in
2943 1423 3172 1479 quorum
3201 1406 3418 1477 scriptis
3445 1405 3578 1458 nihil
3607 1405 3734 1460 mali
3762 1405 3942 1474 suspi-

2336 1509 2446 1562 cari
2479 1505 2638 1567 licet,
2663 1503 2778 1558 haec
2802 1502 2964 1557 verba
2998 1502 3161 1556 latina
3189 1500 3370 1554 versio
3396 1499 3618 1554 exhibet
3651 1517 3664 1551 :
3693 1500 3775 1553 uel
3807 1499 3946 1570 Lupi

2336 1609 2383 1653 et
2410 1599 2636 1667 Appiani
2675 1595 2901 1661 Ciliciat,
2949 1594 3171 1650 Gnaeus
3210 1594 3380 1649 codex
3431 1581 3831 1662 ntantiscripttts
3864 1595 3945 1649 sic

2342 1691 2506 1762 legit,
2555 1692 2590 1750 ἤ
2635 1692 2845 1746 Amineo
2896 1691 2982 1744 καὶ
3011 1687 3284 1762 ’Δμφίωνος
3339 1693 3431 1743 τοῦ
3489 1685 3805 1760 ὁμολογητωῦ
3860 1689 3947 1741 καὶ

2337 1783 2618 1840 ἐπισκόπου
2654 1791 2745 1843 τῆς
2775 1782 3027 1843 Κιλικίας-ς
3056 1791 3340 1850 utrumque
3369 1779 3513 1834 enim
3540 1779 3862 1844 vocabatur,
3889 1787 3946 1832 et

2335 1875 2538 1930 Cilicia:
2559 1915 2575 1940 ,
2609 1883 2661 1928 et
2691 1873 3017 1927 Nicomediae
3048 1872 3357 1941 episcopus.
3385 1869 3496 1926 Nec
3527 1880 3611 1924 est
3645 1869 3790 1940 quod
3823 1871 3946 1938 quis

2335 1964 2662 2034 suspicetur,
2713 1963 2862 2016 illuttt
2893 1979 2920 2015 a
2963 1970 3106 2016 recta
3141 1961 3246 2016 [ide
3290 1969 3412 2031 post
3441 1961 3557 2015 liter.
3601 1959 3894 2015 deﬂexisse
3929 1979 3943 2012 :

2338 2074 2460 2114 nam
2490 2062 2544 2112 in
2575 2056 2843 2112 catholica
2876 2071 3005 2127 pace
3035 2070 3414 2126 perseverasse
3445 2058 3598 2108 testis
3623 2065 3707 2108 est
3750 2053 3947 2108 Eccle-

2339 2151 2457 2213 sia,
2504 2165 2627 2220 qua:
2671 2149 2904 2203 natalem
2956 2149 3076 2215 ejus
3124 2145 3264 2216 prid.
3311 2145 3387 2199 Id.
3438 2144 3625 2200 Iunias
3671 2145 3943 2200 celebrat.

2338 2245 2517 2310 Quare
2547 2242 2827 2298 sceleratis
2855 2241 2971 2296 istis
3003 2241 3309 2295 immixtum
3336 2238 3608 2310 conjicere
3635 2248 3738 2304 est,
3769 2249 3830 2292 ut
3857 2238 3947 2292 vir

2337 2335 2558 2391 virtutis
2606 2332 2745 2388 fama
2790 2333 3021 2388 celebris
3060 2333 3199 2402 apud
3229 2345 3420 2386 omnes
3456 2342 3508 2386 et
3554 2331 3759 2395 clarus,
3793 2341 3941 2384 tene-

2340 2427 2621 2482 brionibtts
2666 2426 2774 2481 illis
2817 2425 3118 2481 sanctitatis
3161 2424 3394 2495 aliquam
3420 2423 3730 2494 opinionem
3759 2425 3943 2490 conci:

2340 2521 2516 2576 Iiaret.

2410 2614 2505 2669 24.
2548 2612 2832 2686 Augustino
2876 2613 3190 2682 incomperta
3241 2608 3575 2665 Sardicettsia
3614 2608 3839 2664 decreta.
3873 2639 3948 2652 -—-

2345 2706 2534 2762 Mirum
2581 2715 2760 2759 tamen
2799 2715 2904 2766 est.
2950 2718 3070 2760 cum
3101 2703 3163 2758 Β.
3194 2702 3526 2771 Augustinus
3556 2702 3850 2758 Donatistis
3876 2717 3944 2756 ex

2345 2798 2447 2854 hoc
2498 2798 2720 2853 decreto
2765 2797 2939 2851 fucum
2989 2795 3190 2862 facere,
3240 2805 3296 2850 et
3342 2809 3400 2850 se
3442 2809 3540 2866 pro
3579 2794 3864 2851 catholicis
3915 2809 3945 2846 a

2347 2891 2654 2948 Sardicensi
2683 2889 2914 2945 concilio
2959 2891 3169 2960 agnitus
3200 2889 3429 2958 probare
3477 2887 3803 2950 nitentibus,
3835 2904 3945 2943 nott

2343 2983 2476 3038 satis
2507 2982 2666 3051 hujus
2718 2979 2923 3036 fraudis
2967 2995 3168 3052 gnarus
3210 2992 3401 3034 contra
3444 2976 3800 3034 Cresconiutn
3839 2995 3948 3034 non

2343 3090 2454 3131 uno
2507 3075 2627 3130 loco
2673 3073 2907 3142 excipiat
2951 3071 3091 3145 (Lib.
3122 3088 3199 3134 ιιι.
3232 3089 3280 3125 c.
3315 3071 3422 3136 54;
3452 3082 3503 3128 et
3529 3071 3618 3127 lib.
3647 3087 3722 3138 tv,
3751 3088 3802 3126 ι.
3826 3072 3945 3141 4t).

642 3161 860 3234 prtedo,
915 3161 1005 3232 qui
1047 3161 1203 3231 I0nge
1251 3167 1378 3213 ante
1427 3169 1646 3228 promer
1689 3158 1940 3213 haeresim
1986 3157 2236 3212 Arianam

2348 3167 2563 3223 nomina
2586 3167 2882 3232 civitatum,
2909 3181 3135 3236 quarum
3161 3165 3397 3235 episcopi
3419 3163 3759 3228 dicebantur.
3779 3179 3944 3232 appo-

643 3252 903 3309 Ecclesia:
947 3252 1328 3307 communione
1371 3251 1672 3316 sobmouts.
1724 3249 2032 3305 Sardicensi
2075 3250 2237 3304 etiam

641 3345 874 3402 concilio
901 3361 968 3400 ne
997 3361 1094 3414 pro
1115 3345 1413 3400 christiano
1439 3343 1652 3412 quidem
1680 3343 1716 3398 h
1735 3343 1865 3398 iberi
1894 3344 2099 3412 jussus,
2133 3361 2238 3400 non

644 3425 816 3492 multo
839 3447 961 3506 post
979 3437 1048 3492 ab
1077 3437 1458 3492 Alexandrinis
1480 3437 1707 3490 tumultu
1734 3436 1976 3506 populari
2005 3438 2236 3504 occisus,

643 3530 1054 3585 convenientem
1080 3528 1354 3586 eﬂ'rcnata:
1385 3544 1496 3582 sua:
1527 3526 1800 3583 violentia:
1830 3528 1988 3581 linem
2020 3527 2240 3582 sortitus

641 3632 726 3678 est
751 3621 937 3697 (Frag.
968 3638 1028 3690 tt,
1061 3640 1118 3678 n.
1145 3621 1225 3694 8).
1255 3621 1365 3678 Nec
1393 3623 1563 3678 multo
1591 3624 1833 3676 sanctior
1864 3623 2123 3690 Donatus,
2149 3623 2240 3692 qui

638 3715 982 3787 Carthaginis
1005 3717 1291 3786 episcopus
1313 3714 1639 3770 nominatur.
1674 3713 1770 3769 Ille
1790 3715 1932 3769 enim
1956 3722 2041 3769 est
2069 3715 2241 3768 Dona-

640 3816 750 3876 tus,
767 3809 857 3875 qui
881 3807 1142 3877 Majorino
1163 3807 1484 3871 succedens,
1506 3804 2015 3871 perniciosissimam
2035 3813 2238 3860 sectam

641 3899 696 3956 in
742 3901 918 3956 Africa
972 3901 1062 3956 diu
1115 3903 1284 3956 altare
1308 3914 1496 3955 contra
1541 3899 1714 3953 altare
1765 3898 1859 3953 Dei
1913 3897 2242 3970 Carthagine

641 3995 856 4064 erigens
900 3993 1034 4048 aluit
1068 4009 1132 4049 ac
1164 3994 1295 4048 fovit
1327 4011 1341 4048 :
1377 4006 1550 4062 eoque
1589 3989 1861 4059 superbiae
1903 4007 1966 4046 ac
2009 3992 2241 4049 vesania:

641 4096 862 4142 evectus
888 4095 993 4154 est,
1020 4095 1078 4140 ut
1107 4086 1271 4144 veluti
1303 4085 1674 4158 Pythagoreos
1703 4084 1850 4138 aiunt
1881 4098 1975 4152 per
2005 4101 2242 4156 przccep-

643 4187 814 4234 torem
842 4178 1031 4234 solitos
1061 4177 1263 4248 (Optat.
1297 4175 1387 4231 lib.
1415 4184 1651 4239 ttt,cont.
1692 4173 1980 4246 Parmam),
2016 4177 2086 4232 ita
2117 4192 2242 4233 suos

642 4288 740 4345 per
767 4287 828 4329 se
858 4275 1032 4344 ipsum
1060 4275 1244 4342 jurare
1268 4280 1540 4342 tamquam
1570 4285 1666 4340 per
1695 4269 1888 4334 Deunt,
1912 4268 2242 4341 eosdemque

643 4366 790 4436 ipsos
815 4381 875 4421 se
907 4367 1073 4436 partis
1104 4364 1295 4419 Donati
1331 4361 1419 4418 vel
1450 4361 1758 4416 Donatistas
1792 4375 1888 4429 pro
1916 4359 2241 4417 Christianis

644 4474 954 4530 nuncupare
1033 4458 1335 4528 permiserit
1404 4471 1467 4512 ac
1523 4456 1636 4524 ipse
1698 4452 1859 4508 etiam
1927 4453 2233 4510 nominarit.

641 4553 857 4608 Arianae
899 4554 1064 4607 etiam
1107 4551 1350 4622 opinioni
1394 4557 1778 4618 congruentem
1829 4549 2023 4604 librum
2071 4550 2241 4619 scrip-

641 4644 780 4700 sisse
811 4643 963 4698 testis
1003 4654 1087 4700 est
1134 4644 1490 4714 llieronymns
1533 4641 1672 4715 (Lib.
1719 4644 1783 4698 de
1827 4643 2003 4713 Scrip.
2037 4641 2238 4710 Eccl.).

639 4735 788 4792 Inter
810 4738 909 4791 hos
933 4735 1070 4791 duos
1087 4748 1268 4791 tamen
1291 4735 1531 4803 insignes
1555 4733 1860 4799 haereticos,
1883 4735 2239 4803 Amphionem

641 4829 899 4885 eximium
919 4828 1123 4910 Christi
1152 4827 1553 4893 confessorem,
1596 4828 1795 4882 canitie
1824 4829 2055 4897 vitatque
2084 4841 2240 4883 sane.

641 4923 795 4977 litate
821 4921 1188 4989 venerandum
1212 4962 1228 4987 ,
1259 4920 1326 4975 ad
1356 4921 1667 4990 exemplum
1708 4920 1944 4990 Magistri
1983 4936 2106 4975 cum
2139 4920 2242 4974 ini—

639 5017 763 5088 quis
802 5017 1116 5084 deputatutn
1168 5017 1531 5087 agnoscimus.
1577 5013 1853 5080 Siquidem
1896 5013 1941 5068 is
1981 5022 2065 5068 est
2102 5015 2236 5068 Am-

642 5109 804 5178 phion
859 5107 1176 5179 Epiphaniae
1223 5106 1425 5162 Ciliciae
1477 5108 1706 5176 primum
1761 5107 2088 5175 episeoptts,
2147 5107 2237 5175 qui

639 5211 768 5257 ante
799 5201 911 5258 fere
939 5200 1290 5274 quadraginta
1321 5215 1492 5255 annos
1513 5198 1787 5254 Christum
1819 5200 1919 5254 sub
1949 5199 2239 5254 Maximino

641 5291 907 5362 intrepide
935 5295 1235 5363 professus.
1263 5291 1461 5347 deinde
1489 5292 1539 5346 in
1573 5291 1784 5346 Nicmna
1813 5290 2043 5363 synodo,
2073 5291 2240 5359 depo-

641 5383 1003 5453 sitospropter
1032 5381 1282 5436 htcre~im
1315 5380 1549 5437 Eusebio
1591 5379 1917 5436 Nicomeden
1947 5382 2204 5451 episcopo
2224 5421 2238 5446 ,

642 5474 698 5530 in
728 5475 846 5543 ejus
875 5475 1051 5530 locum
1081 5473 1336 5529 sulI'ectus
1359 5474 1532 5529 fuerat
1561 5472 1862 5544 (Sozomen.
1895 5474 1984 5528 lib.
2013 5491 2054 5541 t,
2091 5491 2138 5529 c.
2177 5475 2242 5531 l0

637 5578 689 5626 ct
734 5567 850 5639 2t).
901 5568 1030 5638 Ejus
1082 5567 1334 5624 meritum
1387 5575 1506 5634 cst,
1562 5575 1621 5621 ut
1675 5567 2040 5625 testimonium
2087 5582 2242 5625 sanc-

2265 4518 2319 4578 D

2341 3264 2440 3315 sita
2465 3275 2570 3322 non
2598 3259 2788 3323 fuisse,
2814 3257 2954 3313 unde
2974 3265 3251 3312 constaret
3272 3258 3558 3321 Donatum,
3574 3257 3730 3327 cujus
3748 3270 3947 3312 nomen

2341 3353 2395 3407 itt
2419 3352 2520 3407 hac
2547 3351 2791 3423 synodali
2815 3350 3042 3420 epistola
3073 3349 3438 3409 ostentabant.
3468 3349 3616 3404 illum
3642 3347 3832 3409 fuisse.
3857 3349 3948 3413 qui

2341 3460 2400 3498 se
2439 3460 2534 3514 pro
2562 3443 2970 3512 Carthaginensi
3011 3443 3270 3513 episcopo
3315 3452 3588 3512 gesserat;
3623 3441 3743 3508 plus
3781 3444 3946 3496 etiam

2341 3537 2524 3603 addat,
2557 3553 2656 3592 nec
2690 3535 2857 3591 moris
2886 3549 3007 3590 esse
3035 3532 3408 3596 ecclesiastici,
3450 3531 3666 3604 quando
3706 3532 3947 3602 episcopi

2341 3629 2610 3700 episcopis
2639 3627 2902 3693 scribunt,
2938 3639 3128 3681 nomen
3172 3623 3404 3678 civitatis
3432 3623 3726 3693 adjungere
3758 3641 3771 3674 :
3806 3623 3952 3678 unde

2343 3724 2448 3780 huc
2478 3724 2564 3780 illa
2595 3722 2868 3777 civitatum
2898 3719 3112 3776 nomina
3147 3716 3496 3789 irrepserint?
3530 3719 3631 3771 nisi
3660 3717 3892 3770 fortasse
3916 3731 3950 3770 a

2344 3817 2632 3872 Donatistis
2659 3823 2788 3870 sunt
2813 3813 3027 3877 addita;
3059 3812 3219 3881 hujus
3251 3811 3395 3866 enim
3427 3809 3505 3864 rei
3533 3808 3742 3864 videtur
3768 3807 3952 3876 suspi-

2343 3911 2552 3967 cionetn
2597 3909 2822 3979 injicere
2871 3909 2985 3978 ipse
3013 3905 3364 3978 Augustinus,
3416 3919 3537 3960 cum
3565 3903 3801 3959 scribit:
3845 3903 3953 3957 Mi-

2343 4019 2430 4056 ror
2456 4003 2625 4057 nescio
2665 4001 2782 4068 quis
2817 4001 2914 4054 iste
2945 3998 3197 4063 Donatus,
3243 3999 3287 4053 si
3312 4014 3413 4052 non
3439 3998 3496 4050 in
3522 3998 3700 4052 vestris
3737 3997 3950 4062 litteris,

2344 4095 2760 4166 Carthagincnsis
2801 4094 2970 4160 [actus
2997 4104 3072 4148 est
3120 4094 3235 4166 (lib.
3282 4108 3334 4147 tv
3380 4101 3516 4147 cont.
3547 4089 3698 4146 Cresc
3750 4107 3802 4146 c.
3830 4091 3947 4158 44).

2414 4188 2508 4245 25.
2544 4187 2714 4242 Nimis
2743 4186 2963 4257 IOngum
2992 4196 3159 4253 esset,
3191 4186 3245 4241 in
3273 4200 3466 4241 omnes
3506 4186 3596 4256 qui
3639 4183 3764 4239 huic
3825 4186 3946 4256 epi-

2351 4279 2507 4336 stola:
2529 4279 2966 4348 subscripserunt
2996 4279 3285 4347 inquirere,
3337 4291 3439 4332 nec
3493 4275 3722 4331 fortasse
3764 4291 3952 4345 opera:

2344 4372 2596 4443 pretium.
2645 4369 2811 4426 Plane
2854 4371 2923 4424 ab
2972 4368 3242 4423 haereticis
3289 4373 3543 4437 scriptam
3587 4381 3712 4423 esse
3756 4366 3949 4421 Meno.

2346 4463 2574 4533 phantus
2603 4463 2670 4518 ab
2710 4463 2946 4533 Epheso,
2987 4461 3214 4517 Aeacius
3261 4477 3291 4515 a
3321 4459 3591 4528 Caesarea,
3629 4460 3951 4515 Theodorus

2344 4558 2412 4612 ab
2463 4556 2743 4622 Heraclea,
2787 4555 2995 4611 Marcus
3031 4555 3099 4609 ab
3140 4553 3430 4620 Arethusa,
3462 4554 3772 4624 (operarum
3803 4554 3946 4608 enim

2343 4658 2577 4704 erratum
2603 4658 2707 4713 est,
2741 4645 2880 4714 quod
2913 4645 3001 4700 hic
3027 4646 3090 4700 ab
3117 4647 3304 4700 Aretiis
3337 4642 3576 4716 legitur),
3611 4644 3888 4700 Eudoxius
3912 4660 3943 4696 a

2343 4739 2721 4804 Germanicia,
2787 4737 3070 4794 Narcissus
3121 4737 3191 4792 ab
3237 4736 3494 4808 Neropoli
3545 4737 3628 4792 vel
3677 4735 3944 4806 Irenopoli

2345 4830 2658 4904 (utrumque
2683 4845 2878 4885 nomen
2923 4830 3066 4885 enim
3093 4828 3389 4900 audiebat),
3422 4827 3768 4898 Demophilus
3786 4844 3818 4882 a
3847 4828 3945 4883 Be~

2346 4939 2494 4990 ruea,
2515 4933 2572 4979 et
2596 4924 2685 4994 qui
2714 4922 2911 4977 claudit
2931 4938 3146 4993 agmen,
3169 4921 3374 4976 'Valens
3395 4937 3425 4974 a
3456 4920 3632 4976 Marsa
3659 4920 3806 4975 velut
3834 4919 3944 4990 Hy-

2344 5030 2527 5071 sorum
2573 5013 2814 5079 ultimus,
2844 5013 3086 5068 celebres
3133 5012 3435 5078 Athanasii,
3471 5011 3678 5077 llilarii,
3711 5009 3944 5081 Epipba-

2346 5107 2442 5172 nii,
2475 5116 2862 5174 auctoruutqtte
2901 5105 3284 5160 ecclesiastica:
3316 5105 3555 5160 historia:
3596 5104 3944 5168 testimoniis,

2347 5202 2666 5255 Arianorum
2707 5200 3042 5269 antesignani
3082 5215 3145 5254 ac
3181 5199 3369 5265 duces,
3405 5199 3544 5254 inter
3575 5211 3672 5254 eos
3697 5198 3785 5266 qui
3821 5197 3948 5253 huic

2344 5294 2567 5349 decreto
2618 5293 3051 5363 subscripserunt
3100 5293 3348 5348 recensiti
3403 5292 3560 5348 fidem
3611 5291 3835 5348 faciunt.
3879 5293 3945 5347 Et

2344 5383 2462 5439 haec
2502 5383 2718 5455 quidem
2754 5384 2823 5441 de
2864 5383 3205 5455 supposititio
3248 5383 3342 5439 illo
3371 5382 3593 5440 decreto
3623 5383 3784 5439 nimis
3837 5384 3945 5439 for-

2345 5485 2490 5532 tasse
2516 5476 2701 5531 multa.

2415 5569 2508 5626 26.
2550 5568 2684 5623 Eam
2720 5585 2857 5624 anno
2885 5569 3012 5637 354,
3064 5571 3428 5641 consignamus
3453 5584 3485 5625 ν
3516 5567 3681 5640 Frag.
3713 5596 3787 5610 —
3808 5566 3943 5636 Qua:

725 5754 806 5822 (a)
827 5753 941 5808 Hoc
967 5753 1258 5824 prudenter
1285 5755 1411 5826 egit,
1442 5763 1500 5811 ut
1541 5753 1844 5811 Orientales
1873 5754 1974 5811 hac
1999 5754 2376 5815 benevolentia
2399 5755 2466 5814 ad
2494 5769 2678 5814 verant
2712 5755 2870 5816 fidem
2893 5755 3206 5815 adduceret.
