4200 6256
289 296 396 352 905

1399 249 1410 261 ⁸
1468 302 1738 359 NICOLAI
1776 300 1986 359 FABRI
2029 297 2422 355 PlleFATlO.

3499 313 3604 368 906

286 423 565 484 superant,
601 413 725 468 licet
749 415 1003 485 pleraque
1033 417 1234 481 omnia,
1268 418 1310 471 si
1344 417 1543 472 Lilierii
1593 419 1649 472 P.
1697 419 1758 472 li.
1790 421 1902 485 epi-
1927 418 1980 476 A
2004 415 2301 469 christiano
2324 457 2336 477 ,
2370 415 2536 486 inquit
2567 414 2894 471 Athanasius
2924 419 3028 489 (ep.
3059 425 3126 472 ad
3168 421 3323 477 Solit.
3357 441 3409 491 p.
3446 424 3598 496 86l).

288 506 483 560 stolam
514 504 581 561 ad
610 505 985 562 Constantium
1007 524 1150 562 anno
1181 509 1378 565 Salutis
1403 511 1526 576 551,
1562 526 1656 580 per
1679 511 1906 566 Lucife-.

287 615 404 652 rtttn
446 597 809 654 Calaritannm
851 601 1187 670 episcopum,
1233 603 1576 658 Pancratimu
1609 605 1889 678 presbyte-

289 705 406 743 rum
432 690 503 762 (si
531 691 747 760 quidem
794 705 1044 762 corrupte
1089 694 1229 764 apud
1274 695 1627 750 Athanasium
1675 700 1725 751 in
1769 699 1885 766 epi-

291 783 427 836 stola
458 783 523 837 ad
554 784 848 838 solitariam
873 787 1037 839 vitam
1068 797 1291 857 agentes
1326 787 1613 858 Eutropius
1639 790 1885 843 nornina-

293 885 380 932 tur
425 879 564 949 (pag.
595 877 809 949 836),)
866 891 919 933 ct
967 879 1225 935 llilarium
1275 881 1561 937 diaconum
1615 883 1887 939 Romanos

290 973 508 1026 missam
541 971 797 1038 excipias,
827 973 893 1027 ad
937 975 1330 1030 Ariminensem
1379 978 1681 1045 pertineant
1725 992 1887 1048 syno~

287 1063 436 1127 dum,
481 1063 786 1133 perturbata
832 1063 1002 1118 nihilo
1043 1065 1222 1119 minus
1255 1066 1393 1119 inter
1429 1082 1506 1129 se,
1539 1081 1636 1122 nec
1661 1067 1769 1120 ullo
1799 1067 1885 1120 di-

285 1167 432 1226 gesta
463 1156 649 1210 ordine
681 1156 964 1211 exsistunt.
1017 1159 1089 1212 De
1123 1157 1316 1212 Libcrii
1351 1159 1574 1226 cpistola
1613 1159 1698 1228 qui
1735 1159 1884 1226 plura

288 1249 594 1314 desiderat,
660 1265 948 1320 numquam
1005 1250 1134 1303 satis
1186 1250 1430 1304 laudatos
1483 1251 1604 1304 illns
1651 1252 1887 1304 Annales

289 1340 506 1409 (Bm-on.
540 1356 627 1395 an.
656 1341 782 1404 554,
815 1359 867 1394 n.
904 1341 955 1411 l)
987 1342 1259 1408 consulat;
1296 1343 1364 1396 ibi
1395 1342 1536 1396 enim
1564 1345 1702 1397 unde
1732 1359 1882 1398 suam

284 1432 428 1487 sitim
470 1434 768 1502 extinguat,
806 1434 1078 1489 uberrime
1105 1434 1359 1489 inveniet.
1394 1433 1598 1489 Cretera
1633 1435 1742 1489 fere
1769 1453 1886 1490 om-

285 1524 370 1579 nia
400 1540 540 1580 nunc
572 1525 802 1595 prinmm
849 1527 898 1578 in
929 1527 1101 1582 lucem
1144 1526 1395 1581 eduntur.
1431 1527 1676 1595 Quonam
1705 1539 1883 1582 autem

284 1616 616 1688 disponenda
657 1617 766 1672 sint
796 1617 1008 1683 ordine,
1042 1619 1120 1674 rei
1151 1630 1316 1690 [χρειω
1345 1619 1650 1675 narratione
1682 1623 1886 1691 perspi-

286 1725 443 1763 caum
472 1711 581 1763 lict.

1993 506 2062 575 (is
2091 507 2159 561 ab
2190 508 2514 574 imperatore
2550 509 2675 562 licet
2719 509 2897 563 latina:
2941 510 3134 581 linguae
3165 515 3379 582 penitus
3403 533 3602 588 expers

1991 601 2377 658 esset.militari
2400 617 2557 655 manu
2582 602 2630 655 in
2659 601 3118 658 Mediolanensem
3139 608 3346 672 sedem,
3363 609 3601 681 relegata

1992 699 2212 758 propter
2252 693 2503 762 pietatem
2543 695 2817 766 Dionysio,
2851 697 3088 752 intrusus
3116 699 3333 770 fuerat),
3364 703 3516 770 Caio,
3549 716 3605 761 et

1990 782 2111 836 aliis
2137 799 2273 853 quos
2300 785 2402 839 sibi
2436 784 2676 841 faventes
2704 788 2754 841 in
2805 803 2866 842 ea
2893 791 3102 860 synodo
3135 793 3442 860 reperiere;
3480 813 3603 866 pos-

1993 873 2184 938 tulant,
2235 877 2376 945 quod
2416 892 2576 946 supra
2611 894 2675 932 ex
2707 878 3006 934 Athanasio
3050 883 3162 951 (lib.
3198 885 3260 938 de
3299 885 3496 956 Synod.
3544 907 3598 959 p.

1989 965 2117 1036 874)
2149 967 2404 1032 diximus,
2439 978 2494 1022 ut
2525 969 2649 1023 huic
2681 987 2792 1024 suae
2823 971 3065 1026 formulae
3097 974 3304 1044 absque
3336 978 3440 1031 ulla
3474 994 3600 1034 cau-

1991 1072 2064 1109 san
2094 1058 2403 1128 cognitione
2430 1071 2484 1115 et
2517 1070 2724 1115 tantum
2751 1079 2854 1116 non
2882 1065 3040 1120 caecis
3069 1067 3238 1122 oculis
3261 1084 3449 1124 omnes
3475 1074 3601 1127 sub-

1991 1151 2249 1204 scribant.
2291 1153 2483 1208 Verum
2520 1170 2622 1208 non
2649 1156 2822 1210 solum
2854 1169 3074 1224 promer
3102 1157 3367 1215 Consules
3403 1167 3599 1231 regula:

1989 1243 2262 1310 appositus
2287 1242 2474 1310 derisi,
2506 1247 2598 1300 ειιιΙ
2633 1246 2795 1301 etiam
2821 1259 3041 1318 pr0pter
3065 1253 3390 1310 ιιιιενιυιςιιειιι
3423 1256 3592 1311 laten-

1990 1343 2207 1406 temque
2233 1338 2416 1404 rapido
2437 1339 2528 1392 sub
2551 1350 2750 1408 pectore
2770 1343 2991 1410 vulpem,
3022 1344 3260 1398 hauetici
3280 1348 3593 1414 rtnuntiati,

1987 1442 2050 1481 ex
2082 1428 2195 1496 ipsa
2227 1431 2434 1500 synodo
2476 1432 2690 1501 expulsi
2718 1441 2864 1488 sunt.
2897 1433 3038 1504 Ergo
3079 1451 3151 1489 xu
3183 1436 3286 1489 cal.
3346 1439 3592 1509 Augusti,

1993 1536 2112 1589 qua:
2167 1523 2428 1590 proxima:
2471 1535 2669 1578 secuta:
2711 1534 2857 1589 sunt,
2908 1527 3070 1580 totius
3111 1529 3299 1598 synodi
3340 1533 3598 1588 concordi

1985 1617 2256 1670 sententia
2301 1615 2534 1676 Nicaeus:
2566 1619 2767 1686 regula:
2794 1634 2894 1673 nec.
2923 1620 3044 1674 addi
3090 1621 3382 1692 quidquam
3412 1639 3594 1693 posse,

1988 1721 2086 1762 nec
2115 1707 2281 1762 minui
2312 1709 2622 1764 decernitur
2647 1709 2834 1783 (Frag.
2871 1729 2968 1776 vn,
2991 1731 3043 1769 η.
3073 1712 3132 1784 4)
3159 1731 3171 1766 :
3208 1714 3592 1789 Ursaciusque,

355 1801 447 1855 27.
490 1801 826 1858 Ariminensis
850 1805 1053 1858 concilii
1078 1805 1323 1859 historica
1350 1807 1523 1860 series.
1557 1807 1882 1862 —-Diximus
1914 1806 1958 1865 Β
1990 1799 2188 1854 Valens
2221 1843 2236 1867 9
2290 1800 2452 1857 Caius
2498 1812 2552 1856 ει
2605 1802 2915 1859 Germiﬂius
2939 1848 2953 1871 ν
3015 1807 3212 1876 quibus
3269 1809 3598 1867 AlbanaSius

283 1910 464 1964 supra,
497 1895 656 1950 fidem
703 1895 882 1951 Sirmii
909 1896 1236 1951 Consulibus
1263 1899 1460 1952 additis
1489 1915 1670 1954 coram
1709 1901 1880 1971 Impe-

281 1994 462 2042 ratore
488 1988 763 2056 scriptam,
791 2004 908 2057 qua:
938 1987 1132 2043 Filium
1160 1990 1303 2044 Patri
1331 2007 1423 2058 per
1450 1994 1627 2045 omnia
1648 1994 1876 2046 similem

282 2079 614 2143 continebat,
667 2078 988 2134 factionibus
1044 2080 1367 2137 Arianorum
1423 2093 1757 2149 procuratum
1816 2100 1878 2139 ac

280 2171 533 2240 scriptam
563 2171 749 2236 fuisse,
793 2172 1157 2242 indictamque
1211 2175 1476 2245 synodum
1521 2177 1875 2232 nniversalem

281 2261 472 2318 Niea-ce
499 2263 786 2335 Bithyniae,
817 2264 1066 2330 divisam;
1087 2277 1142 2322 et
1165 2266 1531 2322 Orientalibus
1574 2269 1875 2325 Seleuciam

283 2355 499 2411 Isauriae
529 2399 544 2421 ,
590 2357 1027 2413 Occidentalibus
1081 2375 1213 2414 veru
1254 2362 1522 2430 epis-cepis
1572 2363 1874 2418 Ariminum

281 2465 387 2518 quo
411 2451 760 2506 convenirent
787 2450 979 2506 dictas.
1011 2450 1108 2506 Cui
1155 2452 1266 2518 lini,
1310 2454 1406 2508 nisi
1450 2464 1508 2509 ut
1538 2456 1782 2511 fallo-rent
1816 2471 1878 2511 ac

208 2584 210 2586 .
280 2541 768 2596 circumvenirent?
799 2543 940 2597 Certi
982 2545 1125 2598 enim
1155 2554 1412 2612 quantum
1444 2563 1539 2600 sua
1564 2546 1795 2604 factione
1824 2551 1873 2603 in

277 2631 498 2687 Oriente
545 2633 830 2702 pollerent,
865 2638 1242 2690 veteratoriam
1289 2647 1343 2691 et
1387 2640 1682 2706 eaptiosam
1728 2641 1874 2696 illam

280 2724 404 2780 fidei
452 2727 688 2789 regulam
720 2725 1082 2782 Orientalibus
1110 2728 1378 2797 episcoiiis
1415 2730 1573 2785 facile
1611 2735 1876 2803 approba-

279 2828 429 2872 turos
458 2833 514 2870 se
555 2833 652 2886 pro
681 2828 962 2886 comperto
995 2819 1275 2885 habentes,
1311 2823 1682 2879 Occidentales
1712 2840 1874 2881 coac-

280 2920 362 2964 los
401 2909 616 2966 tandem
661 2909 774 2966 fore
817 2911 890 2980 ei
922 2913 1265 2969 subscribere
1307 2915 1672 2981 crediderunt,
1715 2935 1872 2987 quam

278 3005 471 3058 Oriens
516 3004 818 3073 probasset,
841 3015 898 3058 et
929 3006 1224 3072 imperator
1253 3009 1620 3078 inexorabilis,
1666 3020 1723 3064 ut
1749 3028 1871 3066 eum

277 3097 592 3152 Atmnianus
619 3095 878 3155 describit
904 3099 1015 3167 (lib.
1045 3115 1160 3167 xw,
1192 3118 1238 3154 c.
1278 3102 1358 3172 5),
1384 3118 1494 3157 suae
1537 3107 1872 3159 auctoritatis

1984 1895 2307 1950 Auxentiqu
2333 1906 2386 1951 et
2407 1897 2794 1966 .Demophilimi
2827 1900 3089 1967 :tdjttngit,
3143 1901 3290 1956 velut
3333 1905 3594 1959 ecclesia-

1983 1988 2130 2043 sticae
2161 1990 2307 2058 pacis
2336 1991 2813 2058 perturbatoresac
2839 1993 3096 2058 lucretici,
3127 1994 3196 2048 de
3217 1996 3383 2064 gradu
3412 2011 3511 2053 suo
3535 2005 3592 2052 et

1985 2077 2220 2133 ﬁdelium
2238 2083 2620 2136 communione
2634 2081 3320 2152 deturb:mtur,decemque
3343 2088 3499 2158 legati
3525 2091 3589 2143 ad

1983 2173 2366 2242 imperatorem
2401 2173 2583 2237 missi;
2634 2190 2730 2241 per
2757 2191 2891 2245 quos
2924 2177 3039 2231 haec
3082 2179 3296 2233 concilii
3344 2181 3590 2238 definitio

1984 2260 2393 2321 iiinotcsrerct:
2445 2266 2510 2319 Et
2558 2268 2667 2320 haec
2703 2269 2910 2337 quidem
2949 2269 3171 2323 Arimini
3219 2282 3335 2324 acta
3384 2273 3590 2328 cleriter

1984 2357 2196 2428 (scribit
2236 2359 2585 2429 Athanasius)
2628 2361 2918 2415 istiusmodi
2959 2363 3112 2429 finem
3161 2365 3402 2419 habuere.
3453 2366 3589 2422 Eam

1980 2453 2193 2506 concilii
2237 2454 2562 2508 sententiam
2594 2455 2912 2522 ampliorem
2955 2465 3010 2510 et
3039 2459 3407 2528 integriorem,
3432 2478 3593 2530 quam

1981 2543 2120 2610 apud
2154 2547 2405 2612 antiquos
2433 2555 2682 2599 auctores
2712 2556 2912 2613 exstet,
2947 2548 3179 2615 adjectis
3208 2551 3416 2605 duobus
3446 2553 3594 2621 ejus-

1979 2637 2101 2692 dem
2130 2637 2319 2708 synodi
2352 2637 2690 2707 fragmentis,
2725 2639 2840 2693 haec
2870 2641 3124 2696 collectio
3154 2642 3394 2698 exhibet.

2050 2730 2142 2784 ‘28.
2164 2730 2478 2783 Arianorum
2495 2730 2854 2785 damnatorum
2871 2741 3024 2787 artes.
3053 2731 3132 2786 De
3152 2737 3377 2804 formula
3396 2735 3448 2789 Ν
3452 2738 3594 2792 ἱεωίε

1983 2821 2430 2876 Thracia—Nec
2451 2835 2628 2878 tamen
2646 2825 2744 2892 ipsi
2771 2826 2955 2880 Ariani
2984 2843 3044 2880 ea
3068 2831 3335 2883 sententia
3352 2835 3594 2899 percussi

1978 2914 2188 2968 animos
2200 2915 2497 2981 deponunt,
2517 2925 2607 2968 aut
2633 2917 2700 2970 ab
2716 2915 2948 2980 inceptis
2969 2918 3241 2974 desistunt
3265 2938 3278 2973 :
3302 2923 3395 2976 sed
3412 2935 3465 2977 et
3489 2926 3591 2993 ipsi

1977 3005 2164 3060 decem
2203 3022 2266 3058 ex
2313 3008 2424 3059 suis
2453 3049 2468 3072 ,
2503 3008 2554 3061 in
2582 3023 2813 3077 quorum
2845 3025 3073 3066 numero
3109 3014 3454 3071 condemnati
3514 3019 3590 3072 illi

1976 3100 2322 3163 exatiterunt,
2347 3099 2411 3153 ad
2443 3100 2824 3170 Imperatorem
2867 3103 3206 3174 delegarnnt,
3235 3110 3323 3178 qui
3351 3109 3589 3165 Concilii

279 3189 472 3244 vindex
506 3193 792 3245 sonxisset.
837 3190 905 3244 Et
949 3205 1079 3245 sane
1117 3195 1268 3248 testis
1303 3206 1384 3248 est
1419 3205 1601 3250 noster
1631 3196 1865 3252 Hilarius
1895 3191 1940 3254 C
1973 3191 2176 3262 legatos
2228 3193 2505 3248 celeritate
2531 3206 2955 3263 przevertcntes,
2989 3197 3166 3265 ipsttm
3197 3200 3585 3270 Imperatorem

279 3283 390 3353 (lib.
435 3283 498 3337 de
542 3283 739 3354 Synod.
783 3302 833 3338 η.
865 3281 977 3351 65).
1026 3286 1229 3356 absque
1265 3291 1518 3356 episcopo
1550 3289 1766 3344 Eleusin
1807 3291 1876 3360 (is

277 3385 393 3429 erat
419 3373 594 3446 Cyzici
625 3377 936 3448 episcopus)
976 3388 1028 3432 et
1058 3381 1242 3450 paucis
1281 3395 1404 3434 cum
1453 3397 1538 3445 eo,
1573 3399 1636 3436 ex
1685 3383 1875 3452 majori

280 3475 433 3535 parte
459 3466 684 3522 Asianus
713 3469 898 3523 decem
931 3470 1232 3538 provincias
1264 3471 1400 3524 intra
1440 3488 1577 3541 quas
1606 3475 1873 3528 consiste-

279 3561 391 3624 bat,
422 3576 604 3615 verum
640 3561 805 3617 Deum
840 3563 1078 3618 nescisse
1113 3581 1125 3617 :
1159 3563 1324 3632 Atque
1353 3566 1570 3629 utinam,
1603 3567 1877 3634 subjungit

280 3653 392 3717 ille,
426 3652 588 3707 Deum
620 3659 906 3710 nescirent:
929 3674 1043 3710 cum
1070 3659 1372 3728 procliviore
1403 3659 1537 3711 enim
1564 3659 1706 3711 venia
1730 3660 1876 3728 igno-

277 3755 470 3812 rarent,
517 3763 669 3816 quam
731 3746 1084 3802 obtrectarent.
1139 3748 1245 3804 Sed
1291 3749 1474 3802 horum
1521 3751 1876 3821 episcoymrum

278 3838 428 3892 dolor
469 3855 523 3894 se
565 3840 699 3891 intra
728 3840 982 3893 silentium
1021 3857 1122 3894 non
1159 3841 1441 3906 continens,
1476 3842 1719 3896 unitatem
1755 3843 1878 3911 ﬁdei

279 3935 435 4006 hujus
455 3934 659 4002 quierit,
683 3950 835 4000 quam
859 3934 1163 3999 iamdudum
1193 3951 1282 4006 per
1303 3935 1430 3989 alios
1448 3937 1634 3989 amisit.
1665 3936 1875 4005 Scripta

278 4025 458 4095 itaque
488 4041 550 4081 ea
582 4025 707 4090 fide,
739 4025 1022 4095 divisaque
1050 4027 1256 4085 svnodo
1289 4029 1611 4093 universali,
1638 4029 1873 4098 rescrip-

281 4129 391 4172 tmn
423 4119 486 4172 ad
521 4129 802 4189 utramque
833 4119 1096 4190 synodum
1130 4121 1196 4174 ab
1226 4120 1552 4189 imperatore
1589 4122 1877 4192 impetrant

281 4211 488 4276 Ariani,
521 4227 628 4282 quo
670 4210 748 4283 (ιι)
781 4211 1010 4280 primum
1042 4212 1110 4266 de
1157 4212 1260 4268 fide
1285 4227 1634 4282 cognoscere,
1680 4213 1876 4268 deinde

277 4319 470 4359 Causas
495 4307 894 4373 OplSCOllOl'um,
942 4318 1260 4376 mutuasque
1291 4308 1429 4361 inter
1467 4323 1588 4362 sese
1618 4307 1877 4377 digladia-

281 4396 454 4450 tinnes
469 4395 626 4470 751
643 4411 704 4451 ac
723 4397 1129 4453 criminationes
1151 4398 1422 4454 discutere
1445 4399 1658 4454 collecti
1687 4399 1877 4455 Patres

273 4489 552 4555 jubentttr,
599 4490 866 4559 rebusque
893 4490 1144 4559 judicatis
1165 4507 1226 4546 ac
1247 4491 1444 4546 decisis
1463 4493 1647 4547 decem
1673 4493 1875 4561 legatos

1977 3287 2040 3339 ad
2052 3300 2241 3341 versas
2258 3285 2524 3356 synodum
2550 3287 2688 3341 adeo
2701 3288 3062 3356 enncitarunt,
3080 3303 3140 3346 ut
3164 3291 3310 3363 ipsos
3331 3305 3493 3350 rectae
3523 3298 3584 3350 ti-

1977 3378 2061 3432 dei
2093 3379 2296 3448 legatos
2321 3379 2372 3432 in
2396 3395 2554 3434 suum
2585 3390 2934 3454 conspectum
2966 3385 3153 3438 venire
3176 3401 3282 3441 non
3312 3389 3587 3444 sustinue-

1977 3471 2046 3524 rit
2073 3488 2084 3522 :
2103 3471 2198 3526 sed
2221 3474 2450 3540 primum
2485 3457 2891 3542 lladrian'opoli,
2911 3473 3111 3532 deinde
3125 3477 3322 3534 Nicaeae
3341 3482 3588 3539 Thraciae

1979 3563 2141 3614 variis
2163 3563 2508 3618 dilationibus
2537 3563 2778 3629 delusos,
2804 3581 2867 3620 ea
2923 3581 3020 3635 spe
3081 3569 3393 3636 detinttcrit,
3443 3576 3586 3643 quod

1979 3652 2245 3717 crederet,
2279 3653 2394 3706 infit
2417 3653 2793 3710 Theodoretus
2815 3656 2929 3727 (lib.
2975 3674 3037 3716 tt.
3070 3660 3192 3716 hist.
3220 3666 3345 3717 eccl.
3389 3682 3434 3717 c.
3471 3665 3583 3735 l9),

1979 3746 2264 3815 episcopos
2318 3745 2543 3799 Arimini
2596 3747 2894 3817 legatorum
2936 3764 3156 3805 suorum
3203 3755 3436 3810 reditum
3491 3774 3590 3813 ex-

1978 3847 2308 3906 spectantes,
2369 3839 2562 3905 partim
2610 3842 2798 3904 senio,
2856 3843 3047 3911 partim
3094 3845 3273 3914 inopia
3343 3867 3584 3918 pressos,

1978 3945 2164 3984 omnes
2235 3929 2589 3985 diuturnioris
2659 3948 2687 3984 a
2754 3936 2984 4002 prOpl‘iis
3037 3937 3255 3994 sedibus
3325 3942 3584 4000 absentia:

1980 4031 2260 4091 pertaesos,
2289 4022 2491 4076 reditus
2519 4023 2788 4078 desiderio
2834 4025 2901 4080 ad
2952 4027 3072 4084 fidei
3115 4035 3406 4102 propositae
3458 4039 3587 4092 sub-

1978 4115 2328 4184 scriptionem
2361 4116 2500 4170 tlecti
2529 4131 2703 4184 posse.
2735 4117 2873 4185 Quin
2902 4120 3064 4175 etiam
3101 4122 3328 4180 Ursacio
3361 4128 3583 4185 faculta-

1982 4219 2087 4265 tem
2123 4209 2364 4275 tradidit,
2410 4210 2476 4264 de
2523 4211 2626 4265 lide
2678 4227 2774 4281 pro
2826 4215 3085 4270 arbitratu
3116 4223 3426 4277 statuendi:
3481 4243 3583 4296 qua

1980 4311 2200 4369 accepta
2247 4314 2526 4356 strenuum
2576 4303 2724 4357 illum
2776 4305 3040 4361 Plautinae
3114 4311 3329 4369 familiae
3391 4315 3582 4374 ducem

1980 4400 2328 4468 compressis,
2354 4408 2413 4453 ut
2431 4401 2601 4464 aiunt,
2635 4401 2883 4457 manibus
2915 4420 3022 4460 non
3047 4407 3274 4475 sedisse,
3319 4426 3479 4466 nemo
3504 4426 3586 4470 est

1981 4494 2064 4545 cui
2096 4507 2200 4546 non
2235 4493 2413 4547 statim
2445 4493 2496 4546 in
2523 4503 2758 4548 mentem
2817 4497 3018 4550 veniat.
3060 4479 3210 4552 'l‘tinc
3261 4517 3392 4573 ergo
3441 4516 3585 4561 tanta

279 4582 542 4636 rationem
569 4597 754 4636 eorum
782 4597 902 4652 qua:
941 4593 1088 4652 gesta
1135 4590 1320 4638 essent
1346 4583 1650 4638 reddituros
1673 4583 1736 4637 ad
1785 4601 1878 4638 cn-
1908 4577 1963 4636 D
1987 4587 2308 4638 auctoritate
2337 4584 2549 4638 subnixi
2575 4583 2779 4648 Ariani,
2801 4584 3035 4641 derisam
3061 4589 3204 4644 illam
3236 4608 3386 4648 suam
3419 4595 3580 4652 ﬁde...

279 4675 523 4727 mitatum
556 4674 838 4745 delegare;
879 4674 1105 4728 alterum
1136 4675 1294 4727 etiam
1334 4673 1400 4728 ad
1442 4673 1626 4728 Patres
1653 4673 1877 4730 Arimini

277 4781 812 4838 congregatoshquo
838 4768 905 4822 de
931 4768 1293 4822 Orientalibus
1332 4769 1601 4837 episcopis
1645 4770 1880 4839 Cognitio

280 4863 345 4915 iis
395 4860 753 4923 interdicitur,
803 4861 1102 4928 iterumque
1152 4861 1219 4913 de
1264 4859 1450 4914 decem
1496 4862 1768 4916 tmttendis
1811 4862 1877 4916 ad

279 4955 594 5009 comitatum
626 4953 816 5023 legatis
844 4952 1220 5006 admoaentur.
1268 4952 1470 5008 Prioris
1503 4955 1744 5022 re~cripti
1771 4957 1874 5010 So-

280 5062 538 5100 znmcnus
585 5047 826 5099 meminit
858 5063 871 5098 :
907 5045 1171 5114 posterius
1217 5045 1352 5113 (scil.
1389 5044 1543 5115 Frag.
1587 5062 1681 5109 vn,
1713 5064 1764 5098 ιι.
1799 5047 1876 5116 1),

283 5139 369 5190 hie
414 5154 461 5190 vi
511 5135 621 5190 kal.
667 5138 874 5203 Junias,
929 5136 978 5189 id
1029 5145 1129 5198 est,
1159 5139 1348 5206 quinto
1383 5150 1499 5205 post
1532 5137 1674 5191 illam
1723 5138 1881 5192 fidem

280 5230 644 5301 conscriptam
689 5233 777 5285 die
825 5232 1046 5283 missum
1091 5231 1335 5284 habetur.
1391 5230 1539 5284 Tunc
1586 5231 1747 5298 igitur
1799 5230 1883 5285 his

283 5327 500 5396 scriptis
539 5325 892 5382 subsarcinati
928 5323 1141 5382 Valens.
1190 5322 1445 5378 Ursacius
1487 5332 1541 5378 et
1574 5324 1882 5380 Germinitls

286 5421 588 5475 Ariminum
649 5419 855 5488 magnis
935 5415 1222 5470 itineribus
1297 5417 1690 5472 contendentes
1757 5433 1880 5472 cum

285 5516 554 5570 Auxentin
581 5528 781 5584 genere
807 5510 1132 5580 Cappadoce
1189 5510 1366 5579 potius
1419 5511 1663 5564 delatore
1717 5527 1879 5582 quam

359 5652 436 5721 (ιι)
480 5651 550 5704 Ita
580 5651 914 5702 Snzomenus
943 5646 1034 5699 lib.
1068 5661 1144 5708 tv,
1178 5660 1227 5700 c.
1254 5646 1352 5721 if;
1385 5645 1476 5697 sed
1506 5644 1755 5721 Βυριειιιφς
1787 5647 1881 5702 lib.

286 5737 344 5782 It,
376 5716 427 5776 c.-
475 5722 564 5777 59.
609 5721 760 5775 testis
800 5728 882 5771 cst.
915 5735 1158 5786 magnam
1198 5732 1258 5770 ea
1291 5716 1358 5770 de
1391 5731 1448 5770 re
1479 5719 1884 5773 contentionem

284 5794 473 5860 fuisse,
498 5792 634 5848 alios
661 5791 726 5845 tIC
757 5790 876 5843 lititl.
909 5789 1045 5840 alios
1074 5787 1140 5841 ile
1161 5788 1540 5859 episcoporum
1571 5791 1748 5846 causis
1779 5789 1886 5860 pri-

725 5887 1016 5947 Punou.
1098 5883 1178 5945 Χ.

1991 4676 2320 4745 interpolare
2351 4677 2526 4745 potius
2569 4693 2727 4744 quam
2757 4678 3050 4735 emendare
3077 4684 3358 4752 cupientes
3413 4687 3582 4758 (quod

1986 4786 2146 4840 supra
2166 4770 2309 4824 aliud
2335 4778 2557 4839 agentes
2588 4770 2918 4840 retulimus).
2944 4775 3272 4842 exemplaria
3295 4777 3413 4847 ejus
3433 4782 3589 4835 undi-

1985 4879 2089 4932 que
2118 4863 2360 4930 conquiri
2395 4869 2449 4914 ct
2479 4860 2755 4930 corrogari
2806 4877 2900 4931 per
2942 4864 3262 4920 Martialium
3316 4872 3584 4926 notarium

1985 4963 2244 5009 curarunt
2270 4953 2544 5022 (Athanas.
2569 4953 2633 5006 de
2655 4953 2856 5022 Synod.
2883 4972 3004 5025 pug.
3038 4955 3189 5027 904),
3226 4961 3588 5033 detractisque

1985 5045 2320 5108 consulibus,
2354 5045 2499 5097 velut
2531 5041 2680 5098 fures
2707 5043 2901 5098 alienis
2949 5047 3154 5108 poeulis
3182 5063 3345 5104 ansas
3371 5052 3586 5111 auferre

1989 5140 2190 5202 solent,
2220 5137 2514 5206 paucisque
2544 5137 2745 5190 vnculis
2794 5141 3159 5206 commutatis,
3190 5145 3435 5200 eamdetn
3467 5164 3588 5216 per-

1991 5233 2196 5298 ﬁdiam,
2224 5235 2387 5286 inuno
2415 5233 2575 5285 etiam
2604 5230 2952 5294 deteriorem,
2991 5232 3162 5286 bonos
3209 5234 3330 5292 illos
3383 5240 3588 5310 legatos

1988 5345 2090 5397 qua
2125 5327 2198 5388 vi,
2227 5342 2328 5396 qua
2349 5324 2537 5378 fraude
2567 5340 2673 5378 non
2695 5326 2866 5378 Solum
2892 5339 2986 5378 sua
3019 5326 3424 5399 subScriptiOue
3460 5352 3581 5390 con-

1990 5419 2230 5483 firmare,
2263 5417 2355 5470 sed
2393 5417 2555 5471 etiam
2587 5418 2755 5485 ipsius
2802 5418 3042 5480 concilii,
3094 5421 3248 5487 cujus
3302 5441 3587 5492 personam

1993 5509 2389 5572 sustentabant,
2411 5510 2662 5562 damnata
2690 5508 2868 5562 verbis
2885 5507 3104 5564 disertis
3122 5519 3411 5581 sententia,
3431 5518 3591 5593 742

1995 5663 2138 5700 mum
2163 5643 2544 5718 inquirendum
2573 5657 2692 5698 esse
2721 5643 3106 5718 disceptantes,
3133 5653 3255 5718 quia
3282 5654 3472 5711 littera:
3491 5661 3592 5714 im-

1995 5715 2678 5843 peratorisbatl'ercbantur,
2729 5715 2924 5784 quibus
2961 5732 3105 5773 nunc
3138 5715 3259 5791 lioc,
3294 5743 3434 5783 nunc
3465 5731 3590 5790 illud

1997 5802 2247 5843 ormcnnc
2288 5797 2360 5843 at.

1997 5802 2360 5860 prtecrptenat.

3043 5887 3118 5950 :Z‘J
