4246 6254
633 220 736 280 907
890 161 895 165 ι
1543 207 1612 266 IN
1648 204 2075 265 FRAGMENTA
2113 200 2360 261 SANCTI
2403 202 2662 265 HlLARlI
2705 202 3012 262 EPISCOPI
3836 203 3958 259 908

631 350 754 391 cum
779 330 1025 395 Ursacio,
1056 325 1299 391 Valente,
1328 325 1651 394 cmterisque
1680 322 1967 389 abdicatis,
1988 335 2230 377 commu-
2264 323 2318 384 Α
2344 323 2532 389 cessit,
2566 323 2615 380 ei
2646 322 2932 394 prml‘uisse
2959 330 3235 393 appareat.
3270 320 3473 376 Verum
3505 326 3652 375 notat
3686 317 3959 383 Isidorus,

636 428 859 483 nionem
904 423 1047 478 inire
1072 418 1472 490 compulerunt,
1521 416 1794 486 ﬁdemque
1836 414 1984 470 illam
2038 415 2118 469 sic
2158 414 2241 468 in-

637 517 989 589 terpolatum,
1021 508 1567 582 quosimplicioribus
1596 506 1953 563 similitudine
2004 505 2241 561 nominis
2270 512 2285 529 ‘

636 613 1000 680 imponerent,
1024 604 1297 659 Nicanam
1320 600 1480 656 tidem
1521 610 1920 670 nuncuparunt.
1980 599 2043 654 Et
2092 606 2243 654 certe

635 704 726 775 qui
754 701 920 755 ﬁdem
943 699 1112 763 iilarn,
1152 710 1313 767 quam
1342 693 1714 750 Ariminenses
1742 702 1923 764 patres
1969 693 2242 762 subscripo

632 794 874 852 tionibus
895 792 1009 847 suis
1031 791 1334 862 approbare
1361 786 1625 858 compulsi
1644 796 1792 849 sunt,
1825 793 1884 840 ut
1905 783 2046 855 apud
2077 783 2245 839 Atha-

637 888 848 945 nasium
872 880 999 958 (lib.
1030 882 1094 938 de
1122 879 1328 953 Synod.
1354 894 1477 951 pag.
1506 876 1636 949 873)
1659 886 1822 948 atque
1848 876 2240 947 Hieronymum

636 988 817 1039 exstat
838 976 1010 1052 (Dial.
1039 977 1283 1031 adversus
1304 972 1584 1043 Lucifer.),
1609 971 1953 1028 contenderit
1976 985 2097 1025 cum
2150 969 2242 1025 illa

634 1092 758 1147 qua:
779 1071 1034 1130 consules
1050 1069 1260 1138 habuit,
1296 1066 1640 1139 perﬂdiorem
1672 1068 1722 1119 in
1754 1079 1821 1119 eo
1848 1064 2069 1130 sentiet,
2099 1060 2244 1133 quod

639 1168 748 1224 duo
772 1167 863 1221 illa
906 1161 1192 1229 vocabula,
1225 1178 1317 1232 per
1347 1159 1542 1225 omnia,
1585 1173 1708 1229 quae
1738 1156 1938 1211 Valens
1983 1158 2062 1229 (ut
2104 1154 2245 1209 testis

636 1266 719 1316 est
765 1256 1091 1330 Epiphanius
1134 1250 1379 1322 luen'ii)
1428 1250 1629 1306 invitus
1675 1248 1988 1312 admiserat,
2041 1248 2092 1300 in
2143 1246 2245 1300 ista

640 1353 913 1408 subtracta
944 1359 1088 1413 sunt,
1116 1355 1313 1401 caetera
1355 1344 1573 1416 penitus
1617 1341 1872 1397 similem.
1917 1338 2248 1394 Athanasius

640 1442 729 1517 (de
760 1441 962 1513 Synod.
996 1454 1118 1512 pug.
1144 1436 1273 1509 905)
1300 1434 1562 1506 ejusmodi
1592 1432 2069 1501 interpolationem
2107 1445 2246 1485 cou-

630 1536 766 1592 eilin
782 1530 1404 1601 Constantinopolitano,
1429 1525 1574 1598 quod
1598 1534 1720 1597 post
1733 1524 2084 1581 Seleuciense
2112 1524 2250 1576 Aca-

636 1626 782 1682 ἐἰειιί
810 1632 1130 1694 coegerunt,
1162 1619 1370 1676 tribuit.
1401 1616 1557 1686 Quod
1581 1614 1629 1672 si
1648 1618 1754 1683 est,
1788 1629 1894 1671 non
1922 1613 2083 1669 video
2112 1626 2248 1681 quo-

638 1716 808 1773 modo
847 1728 971 1770 me
1021 1715 1166 1770 inter
1211 1726 1270 1768 se
1324 1726 1430 1765 non
1478 1708 1807 1778 discrepent.
1858 1706 2247 1776 Fragmentum
2282 1720 2327 1780 Β
2352 1709 2440 1782 jus
2462 1701 2721 1767 Breviarii
2765 1727 3032 1767 canonum
3084 1727 3206 1782 cap.
3256 1712 3362 1768 t9i
3443 1714 3555 1769 haec
3602 1714 3768 1770 verba
3818 1723 3979 1779 sunt,
4070 1701 4079 1709 ’

630 1809 789 1864 enim
820 1805 1031 1864 Nicaeui
1060 1802 1445 1866 conventiculi,
1478 1799 1621 1872 quod
1668 1800 1756 1854 hic
1797 1797 1976 1854 editur
2005 1793 2248 1870 (Fragnt.

633 1912 838 1966 mm.
872 1900 952 1969 5),
979 1908 1162 1952 actum
1191 1895 1356 1950 fuisse
1385 1892 1517 1949 illud
1538 1891 1973 1947 conventiculum
2026 1904 2078 1942 vt
2133 1889 2255 1943 idus

636 1995 908 2062 ominis,
932 1992 1133 2049 iisdem
1165 1990 1402 2045 Eusebio
1450 1999 1504 2044 et
1544 1987 1776 2060 Hypatio
1805 1984 2121 2042 consulibus
2173 1985 2256 2038 in—

642 2090 795 2148 dicat
838 2086 986 2161 (nisi
1040 2087 1269 2143 fortasse
1324 2084 1377 2137 in
1435 2082 1697 2152 temporis
1749 2074 2257 2151 designatione(a)

646 2179 912 2237 mendum
944 2176 1267 2246 obrepserit,
1318 2173 1531 2244 legique
1579 2189 1627 2227 vr
1676 2171 1800 2226 Idus
1838 2169 2104 2225 Novemb.
2156 2168 2256 2221 de-

648 2272 818 2343 beat)
843 2290 857 2339 ;
886 2271 1235 2328 Seieuciense
1263 2282 1391 2323 vero
1417 2267 1720 2323 Concilium
1752 2266 1942 2337 quinto
1961 2264 2059 2319 cal.
2094 2261 2258 2317 Octo-

652 2369 769 2425 bris
798 2367 1120 2436 inemptum,
1172 2362 1579 2432 locupletissimi
1624 2371 1753 2416 sunt
1804 2368 1972 2414 testes
2014 2357 2251 2411 Athana-

650 2460 786 2528 sius,
816 2466 874 2512 et
896 2454 1042 2527 apud
1058 2453 1344 2511 Socratem
1381 2452 1617 2508 Sabinus
1648 2450 1760 2525 (lib.
1794 2467 1854 2515 ιι,
1897 2466 1946 2504 c.
1999 2446 2113 2519 '59).
2138 2447 2257 2502 Non

640 2552 755 2607 {ert
804 2558 982 2605 autem
1022 2547 1262 2602 locorum
1293 2544 1569 2609 distantia,
1620 2544 1702 2599 vel
1748 2543 1947 2613 negotii
1993 2539 2257 2601 conditio,

651 2642 822 2713 utqui
862 2639 1133 2696 Seleucia
1156 2636 1374 2691 Isauria:
1404 2650 1435 2687 v
1459 2636 1569 2691 cal.
1614 2635 1796 2690 octob.
1852 2633 2072 2697 fuerint,
2121 2632 2259 2686 intra

646 2748 711 2791 ενι
743 2734 865 2789 idus
888 2731 1135 2802 ejusdem
1180 2728 1385 2785 mensis
1418 2727 1921 2798 Constantinopolis
1968 2723 2260 2781 concilium

642 2825 969 2889 habuerint,
997 2837 1061 2878 ac
1092 2820 1446 2892 perfecerint.

733 2921 824 2976 29.
852 2917 1089 2985 Quinam
1114 2925 1294 2969 autem
1326 2914 1401 2968 illi
1433 2914 1795 2968 Arimittensis
1821 2914 2037 2970 concilii
2066 2913 2130 2969 ad
2152 2913 2258 2991 im-

646 3008 1169 3085 peratoremlegati,
1206 3007 1290 3062 vel
1329 3006 1483 3076 cujus
1528 3007 1583 3059 in
1632 3006 1874 3083 Ecclesia
1921 3006 2118 3076 gradus
2169 3016 2262 3060 aut

2347 417 2451 471 hoc
2480 416 2768 471 concilium
2800 416 3128 471 celebratum
3150 416 3311 475 fuisse
3338 428 3446 468 tera
3478 411 3600 479 49.8;
3626 412 3742 467 hmc
3768 426 3963 466 autem

2346 500 2454 564 mra
2486 508 2538 563 itt
2566 524 2768 564 annum
2799 507 3005 563 Christi
3049 507 3156 564 390
3198 506 3407 570 incidit,
3437 506 3521 561 cui
3561 520 3706 561 anno
3756 504 3969 559 νέηαι.-

2349 603 2611 657 tinianum
2628 618 2681 657 tv
2698 612 2754 658 et
2770 600 3103 665 Neoterium,
3128 616 3234 656 non
3248 599 3636 667 Theodosium,
3661 613 3806 654 coss.
3838 598 3975 655 fasti

2348 697 2645 768 assignant.
2673 693 2779 751 Pro
2810 694 3118 751 Theodosio
3169 694 3333 766 igitur
3380 693 3697 749 Neoterium
3754 694 3975 749 sushti-

2352 787 2616 843 tuendum
2640 802 2785 856 esse,
2817 803 2979 843 nemo
3000 795 3084 842 est
3112 786 3200 857 qui
3227 802 3331 841 ttou
3362 785 3559 843 videat.
3591 784 3833 842 Genetlii
3861 800 3976 841 aII-

2351 890 2461 937 tem
2487 894 2683 936 nomen
2717 889 2933 936 veteres
2980 878 3100 934 libri
3148 877 3401 935 omnibus
3448 878 3579 933 locis
3626 877 3857 944 habent,
3914 880 3981 934 in

2350 973 2546 1044 quibus
2586 973 2929 1029 coalescente
2970 972 3146 1027 littera
3197 982 3217 1025 t
3271 986 3391 1027 cum
3444 969 3483 1037 l,
3510 969 3800 1027 Genedium
3833 970 3985 1027 editi

2351 1065 2631 1120 exhibent.
2699 1065 2766 1120 Et
2826 1080 3034 1121 canone
3084 1079 3119 1118 tt
3172 1063 3333 1131 hujus
3373 1061 3598 1118 Concilii
3628 1104 3645 1129 ,
3701 1079 3816 1134 quo
3864 1063 3983 1119 loci

2354 1156 2606 1223 habetur,
2648 1156 2888 1212 Aurelius
2916 1156 3202 1230 Episcopus
3235 1157 3386 1221 dixit,
3408 1155 3566 1210 iidem
3596 1154 3721 1212 libri
3753 1156 3983 1227 legunt,

2355 1248 2649 1321 Epigonius
2674 1248 2966 1321 Episcopus
2988 1248 3251 1304 Bullensis
3278 1248 3540 1318 regiorum
3565 1246 3724 1303 dixit.
3759 1249 3985 1316 Quinto

2356 1341 2482 1396 item
2512 1351 2566 1398 et
2594 1357 2645 1396 νι
2699 1357 2909 1397 canone
2942 1358 3037 1412 pro
3067 1340 3289 1397 Aurelio
3334 1341 3636 1397 Genetlium
3689 1341 3980 1397 scribunt.

2354 1432 2563 1501 Quibus
2587 1433 2912 1497 emendatis,
2935 1433 3065 1488 nihil
3090 1443 3341 1505 superest
3388 1434 3530 1490 unde
3583 1433 3703 1505 ejus
3741 1441 3989 1490 contro-

2356 1526 2532 1580 versia
2560 1524 2725 1598 τω
2755 1527 2961 1582 moveri
3017 1537 3197 1599 queat.
3245 1526 3340 1581 His
3387 1528 3548 1582 etiam
3596 1526 3988 1596 adstipulatur

2354 1616 2677 1702 Fulgentius
2700 1619 3008 1676 Ferrandus
3038 1619 3485 1692 Carthaginensis
3532 1622 3797 1679 diaconus
3822 1665 3841 1689 ,
3874 1638 3985 1679 cu-

2365 1822 2383 1855 t
2434 1813 2490 1857 ut
2513 1804 2602 1874 qui
2633 1802 2903 1874 aliquibus
2931 1804 3232 1861 sceleribus
3257 1804 3497 1860 irretitus
3518 1808 3631 1871 est,
3655 1820 3849 1862 vocem
3876 1820 3980 1861 ac-

2358 1896 2587 1950 cusandi
2620 1910 2726 1950 non
2758 1894 2973 1961 habeat,
3026 1897 3234 1952 Concil.
3279 1896 3465 1952 Cartlt.
3495 1897 3593 1953 sub
3622 1906 3817 1953 sancto
3864 1896 3982 1954 Ge—

2357 1987 2524 2042 netlio
2551 1988 2630 2041 tit.
2662 2004 2711 2041 vt
2752 2006 2772 2039 ι
2801 1987 2943 2058 quod
2974 1989 3027 2044 in
3059 1992 3180 2053 hoc,
3207 1988 3274 2043 de
3297 2004 3404 2060 quo
3447 1989 3676 2063 agimus,
3734 1990 3983 2045 concilio

2357 2095 2566 2136 canone
2605 2096 2657 2134 νι
2680 2089 2877 2135 exstat.
2921 2080 3028 2135 Sed
3056 2080 3173 2136 haac
3199 2082 3480 2137 hactenus.

2431 2176 2492 2231 5|
2510 2215 2522 2228 .
2560 2171 2638 2229 De
2664 2173 2905 2229 Musonio
2933 2183 2977 2229 et
3001 2175 3065 2229 de
3093 2174 3448 2230 Iieatituto.——
3462 2175 3573 2231 Soli
3596 2190 3724 2247 ergo
3745 2174 3975 2243 Gratus,

2359 2277 2418 2322 ut
2440 2266 2582 2321 unde
2627 2267 2855 2338 digressi
2878 2282 3064 2322 sumus
3081 2278 3442 2335 revertantur,
3473 2278 3530 2325 et
3554 2267 3839 2326 Genetlius
3864 2268 3977 2324 iste

2360 2353 2810 2429 Cartltag'iueusis
2856 2360 3097 2430 episcopi
3153 2361 3297 2416 circa
3345 2361 3560 2416 Concilii
3604 2359 3983 2415 Ariminensis

2368 2464 2634 2524 tetnpusa
2675 2452 3034 2522 scriptoribus
3080 2464 3470 2510 memorantur.
3522 2453 3857 2510 Athanasius
3918 2454 3977 2507 in

2362 2545 2590 2614 epistola
2617 2544 2684 2599 ad
2707 2546 2994 2617 episcopos
3024 2547 3219 2602 Africa:
3247 2564 3311 2602 ex
3348 2562 3538 2604 eorum
3592 2549 3981 2619 cpisc0porum

2364 2650 2591 2690 numero
2621 2637 2806 2707 plures
2837 2636 3166 2693 Ariminensi
3196 2639 3427 2694 eoncilio
3454 2636 3763 2695 interfuisse
3796 2639 3981 2693 tacitis

2364 2739 2542 2784 tamen
2575 2730 2880 2785 nominibus
2905 2732 3161 2803 prodidit.
3186 2733 3551 2804 Hieronymus
3579 2741 3765 2790 contra
3806 2732 3977 2788 Luci-

2364 2821 2609 2877 ferianos
2663 2823 2966 2879 Musoniqu
3009 2825 3285 2882 Bizacena‘.
3336 2828 3628 2898 provincia:
3670 2828 3978 2882 antistitem

2371 2916 2635 2985 nominat,
2663 2918 2747 2971 cui
2782 2918 2984 2989 primas
3018 2919 3069 2972 iu
3092 2935 3154 2975 ea
3185 2919 3396 2993 synodo
3413 2929 3635 2992 propter
3657 2930 3877 2976 :etatem
3904 2920 3981 2974 ab

2373 3008 2626 3063 omnibus
2650 3007 2858 3063 delatas
2892 3009 3100 3066 scribit.
3153 3009 3480 3083 Corruptum
3515 3013 3659 3068 enim
3681 3023 3790 3079 est,
3830 3012 3982 3080 quod

649 3102 931 3174 dignitatis
966 3097 1298 3161 astiterint,
1333 3112 1441 3153 non
1475 3095 1631 3152 facile
1659 3106 1832 3152 estex
1867 3097 2109 3152 historiis
2160 3096 2257 3152 de-
2287 3096 2333 3161 C
2366 3112 2558 3155 omnes
2612 3101 2878 3157 editiones
2923 3103 3126 3174 legunt,
3172 3103 3461 3161 Bizantina:
3486 3105 3765 3177 provinciae
3784 3121 3804 3171 ;
3864 3119 3977 3159 non

650 3192 1016 3267 prehendere,
1048 3202 1171 3246 cum
1192 3189 1278 3242 vix
1319 3186 1464 3243 nuda
1493 3201 1680 3241 eorum
1706 3188 1923 3242 nomina
1955 3197 2256 3243 teneamus.

636 3284 816 3342 -Solus
844 3284 1151 3339 Restitutus
1172 3278 1616 3350 Carthaginiensis
1660 3280 1949 3349 cpiscopus
1999 3280 2257 3346 refertur,

650 3377 744 3448 qui
772 3387 956 3431 tamen
978 3383 1037 3429 et
1063 3373 1181 3444 ipse
1202 3371 1441 3441 antiquis
1462 3370 1774 3443 auctoribus
1823 3370 2097 3441 ignobilis.
2131 3370 2263 3426 Nam

654 3476 856 3539 praeter
885 3464 1132 3531 Grattim,
1166 3476 1328 3533 quem
1356 3460 1667 3518 Sardicensi
1706 3462 1937 3518 concilio
1963 3462 2261 3529 adstitisse,

656 3555 1428 3632 primumque-quodlsidorus
1458 3554 1725 3610 Mercator
1777 3566 1933 3612 vocat
1982 3555 2263 3628 Carthagi-

654 3668 826 3711 neuse
856 3651 1149 3707 concilium
1202 3649 1473 3719 coegisse,
1522 3664 1588 3703 ex
1638 3648 1952 3703 eorumdcm
1999 3650 2264 3705 concilim

653 3761 774 3803 rum
804 3742 943 3800 antis
971 3752 1028 3799 et
1053 3740 1351 3797 Athanasio
1372 3739 1696 3804 didicimus;
1730 3753 1783 3796 et
1811 3740 2141 3809 Gettetlium,
2174 3741 2265 3797 cui

656 3835 1080 3893 successiteirca
1105 3847 1309 3887 annum
1328 3830 1532 3886 Christi
1576 3832 1684 3888 590
1738 3832 2012 3902 Aurelius,
2065 3835 2268 3890 nullius

657 3925 1170 4003 alteriusepisoopi,
1204 3926 1294 3994 qui
1322 3922 1467 3979 circa
1503 3923 1622 3979 lucc
1650 3933 1893 3996 tempora
1936 3924 2267 3999 Carthagine

656 4021 894 4088 sederit,
918 4028 1100 4077 exstat
1122 4018 1407 4074 memoria.

740 4114 835 4171 30.
882 4111 956 4167 De
1004 4110 1223 4166 concilio
1248 4108 1551 4180 Carthagin.
1579 4151 1595 4175 ,
1626 4110 1717 4164 sub
1743 4109 1994 4166 Gmetlio.
2027 4143 2099 4153 -——
2129 4110 2268 4182 Quin

666 4210 830 4266 etiam
864 4206 1035 4278 ipsius
1068 4203 1312 4262 Genetlii
1360 4218 1501 4274 pene
1538 4204 1935 4275 exscriptorum
1994 4207 2125 4260 vitio
2176 4222 2274 4261 no-

670 4317 801 4359 men
826 4300 1202 4356 oblitteratum
1233 4306 1318 4352 est
1347 4313 1412 4353 ex
1434 4297 1679 4353 secundo
1702 4298 1944 4367 ejusdem
1972 4300 2126 4354 urbis
2142 4317 2273 4355 con-

664 4393 815 4460 eilio,
840 4391 983 4463 quod
1008 4392 1130 4462 ejus
1158 4390 1325 4444 ductu
1357 4398 1535 4445 tamen
1560 4400 1615 4445 et
1644 4391 1899 4460 auspiciis
1919 4401 2004 4448 est
2026 4402 2271 4463 gestum;

2366 3194 2509 3247 enim
2529 3195 2984 3263 quemadmodum
3008 3196 3206 3263 Graeci,
3240 3199 3312 3253 ita
3339 3209 3394 3254 et
3416 3199 3589 3255 Latini
3622 3215 3683 3254 ea
3712 3198 3979 3253 vocabula

2372 3300 2598 3355 usquam
2623 3287 2983 3345 confundunt.
3018 3290 3281 3347 Bizacena
3304 3308 3437 3348 vero
3465 3293 3584 3364 ejus
3608 3290 3827 3353 Africa,
3854 3306 3979 3361 qua:

2364 3366 2701 3434 ~Occidentali
2725 3381 2954 3450 imperio
2981 3383 3176 3439 tributa
3201 3382 3323 3451 fuit,
3355 3385 3629 3456 provincia
3660 3395 3766 3451 est,
3796 3383 3975 3440 Piiuio

2369 3471 2804 3543 geographisquc
2834 3475 3032 3530 eximia
3086 3477 3361 3534 fertilitate
3413 3494 3534 3535 cum
3570 3489 3803 3535 centena
3828 3478 3981 3550 fruge

2370 3563 2625 3632 agricolis
2650 3564 2826 3621 fteuus
2860 3565 3125 3624 reddente
3177 3570 3402 3635 nobilis,
3434 3571 3590 3643 cujus
3609 3572 3736 3627 etin
3756 3570 3981 3627 com-itii

2372 3655 2643 3712 Africanis
2664 3674 2776 3713 non
2800 3660 2966 3715 semel
2998 3662 3055 3715 fit
3088 3662 3314 3718 mentio.
3347 3662 3577 3719 Musonii
3614 3665 3779 3720 etiam
3832 3666 3983 3719 senis

2371 3745 2651 3803 Bizacenm
2676 3751 2966 3820 provinciae
3009 3753 3195 3823 prima:
3221 3754 3367 3810 sedis
3385 3756 3627 3827 episcopi
3650 3756 3858 3810 mentio
3880 3757 3983 3810 tta-

2376 3840 2533 3896 betur
2553 3842 2784 3898 concilio
2811 3844 3223 3918 Carthagineusi
3254 3846 3439 3903 habito
3470 3847 3604 3904 Idib.
3648 3848 3818 3919 Aug.,
3878 3848 3983 3903 At-

2376 3933 2484 3989 tico
2505 3944 2558 3988 et
2583 3934 2821 3992 Ctesario
2842 3939 3178 4004 consulibus,
3219 3954 3363 3995 anno
3391 3940 3593 3996 Christi
3650 3939 3757 3997 597
3809 3955 3977 4011 quem

2379 4033 2557 4082 tamen
2589 4027 2838 4083 eumdem
2862 4044 2984 4084 esse
3012 4045 3133 4085 cum
3181 4046 3247 4087 eo
3291 4030 3361 4087 de
3414 4048 3522 4103 quo
3542 4031 3756 4103 agimus
3782 4047 3990 4104 perne~

2378 4131 2585 4188 garem,
2618 4120 2719 4174 nisi
2748 4136 2909 4190 supra
2946 4122 3269 4179 vidissemus
3292 4124 3481 4180 Osium
3524 4139 3709 4181 senem
3762 4124 3987 4181 Nicarno

2379 4212 2610 4266 concilio
2641 4214 2921 4283 prtefuisse
2945 4258 2959 4282 ,
2993 4217 3355 4289 eumdemqtte
3397 4219 3678 4276 Sirmiensi
3719 4220 3984 4287 concilio,

2379 4303 2523 4373 quod
2557 4304 2771 4376 triginta
2799 4321 2853 4362 et
2883 4308 3024 4379 quod
3055 4310 3314 4378 excurrit,
3350 4311 3506 4367 annis
3538 4319 3725 4382 postea
3768 4322 3984 4384 gestum

2381 4409 2487 4465 est,
2518 4402 2831 4456 centenario
2855 4402 3115 4472 majorem
3141 4403 3442 4471 adstitisse,
3468 4416 3629 4476 atque
3664 4405 3735 4461 ad
3776 4421 3984 4462 atutum

666 4496 727 4543 ut
767 4501 874 4540 ηοη
890 4485 1099 4554 absque
1120 4483 1353 4546 ηηῖοηθ»
1403 4481 1620 4552 (tumido
1651 4483 1780 4538 “illd
1820 4483 2062 4539 habitum
2116 4484 2278 4541 fuerit
2303 4487 2358 4550 D
2382 4490 2583 4547 Christi
2604 4492 2712 4549 360
2746 4495 3077 4564 pervenisse.
3106 4495 3360 4551 Restituti
3389 4507 3569 4554 autem
3613 4497 3858 4570 ορξηορί
3886 4514 3985 4572 par

670 4590 728 4640 et
746 4598 775 4635 ιι
796 4596 933 4652 quo,
962 4578 1179 4634 maximi
1210 4578 1309 4631 viri
1338 4587 1579 4648 quaerant
1605 4595 1619 4630 :
1647 4593 1754 4647 quo
1780 4580 1996 4650 negotio
2017 4580 2059 4635 si
2082 4596 2144 4635 ex
2178 4596 2268 4636 ve-

672 4651 1052 4732 teribus'Iibris
1073 4686 1169 4727 eos
1194 4669 1615 4741 expedierimns,
1648 4674 1854 4727 auctori
1888 4687 1986 4726 suo
2008 4672 2139 4727 illud
2192 4651 2277 4742 ἰιιῖ

674 4784 795 4823 sum
824 4773 1156 4829 asserentes,
1182 4778 1401 4832 operam
1430 4765 1658 4817 fortasse
1683 4764 1785 4818 hoc
1807 4765 2030 4819 exordio
2053 4781 2157 4820 non
2191 4766 2274 4820 Iu-

668 4863 929 4917 ssi-imus.
962 4857 1091 4913 Tria
1120 4863 1247 4911 sunt
1272 4864 1475 4919 autem,
1512 4868 1730 4927 propter
1750 4873 1868 4927 qua:
1915 4858 2042 4912 illud
2088 4859 2273 4914 conci-

684 4954 817 5009 lium
840 4949 1283 5005 coutrovertitur.
1318 4946 1577 5013 Primum,
1611 4949 1734 5016 quia
1765 4948 2093 5005 celebratum
2136 4953 2273 5007 dici-

683 5057 771 5101 tur
805 5042 1183 5099 Vaieutiniano
1210 5056 1264 5095 ιν
1288 5050 1340 5093 et
1364 5040 1672 5096 Theodosio
1729 5054 1872 5095 coss.
1929 5056 2051 5097 cum
2103 5054 2282 5099 tamen

686 5135 1096 5193 Valentinianus
1143 5132 1328 5187 senior
1359 5143 1480 5186 cum
1504 5131 1810 5187 Theodosio
1834 5133 2048 5201 Imperii
2076 5137 2282 5208 collega

680 5229 1023 5288 consulatum
1041 5227 1278 5298 gessisse
1304 5241 1564 5296 nusquam
1592 5225 1830 5295 legatur:
1861 5226 2115 5295 alterum,
2139 5232 2279 5298 quod

678 5326 731 5380 in
756 5340 822 5381 eo
850 5321 1079 5379 Geuctiii
1104 5335 1304 5375 nomen
1324 5336 1442 5374 non
1479 5318 1743 5375 habeatur
1770 5337 1783 5374 :
1818 5322 2033 5376 tertium
2060 5338 2122 5376 ac
2151 5338 2277 5393 pos-

676 5426 945 5483 tremum,
970 5412 1111 5486 quod
1141 5411 1390 5468 Aurelius
1416 5412 1725 5482 episeopus,
1755 5414 1843 5483 qui
1874 5412 2127 5469 Genetlio
2157 5431 2280 5472 suc—

753 5553 830 5626 (u)
851 5551 1098 5626 Meudum
1128 5566 1234 5626 non
1263 5551 1505 5626 obrepsit
1532 5567 1542 5602 :
1585 5550 1679 5604 sed
1699 5565 1833 5626 cum
1888 5552 2272 5626 constantinu-

682 5620 795 5698 poli
813 5620 1113 5698 subscripta
1162 5622 1231 5675 sit
1269 5620 1520 5698 formida,
1556 5637 1675 5690 qua:
1698 5621 1990 5698 Niemazkin
2037 5622 2275 5698 Thracia

680 5692 822 5753 edixa
848 5707 957 5752 erat
995 5692 1537 5763 ;Coustantinupolit.
1575 5695 1839 5763 synodum
1884 5694 2167 5751 Sirmieusi
2219 5698 2279 5751 ΙΙ·

2373 4584 2515 4652 apud
2543 4600 2733 4641 omnes
2776 4588 3072 4642 silentium.
3105 4589 3220 4643 Nisi
3243 4588 3474 4645 fortasse
3500 4591 3719 4647 basilica
3747 4591 3848 4664 (ι’.
3880 4593 3987 4645 Λιι-

2374 4689 2509 4751 gust.
2544 4678 2715 4735 Serm.
2746 4681 2836 4749 19,
2881 4695 2989 4736 not.
3031 4700 3063 4736 a
3093 4686 3111 4754 )
3138 4683 3404 4739 Restituto
3452 4686 3715 4754 Perpetua
3752 4684 3982 4740 Cartha.

2375 4773 2522 4843 gine,
2554 4773 2605 4828 in
2638 4788 2739 4844 qua
2773 4790 2878 4829 non
2901 4791 3005 4829 una
3028 4776 3269 4849 synodus
3321 4778 3499 4834 habita
3529 4789 3632 4841 est,
3660 4779 3730 4836 ab
3761 4780 3864 4834 hoc
3893 4782 3983 4852 qui

2380 4862 2433 4918 in
2466 4867 2763 4934 quaestione
2799 4877 2879 4920 est
2914 4866 3203 4932 Restituto,
3280 4869 3331 4922 in
3385 4870 3646 4925 honorem
3700 4871 3986 4942 Perpetua:

2386 4958 2638 5028 martyris
2658 4956 2921 5013 aediﬁcata
2949 4976 3147 5016 nomen
3194 4962 3499 5031 acceperit;
3530 4963 3985 5034 quemadmodum

2388 5047 2662 5104 basilicam
2694 5049 2893 5105 ibidem
2916 5052 2984 5106 ab
3008 5053 3230 5108 Aurelio
3259 5054 3535 5127 episcopo,
3558 5055 3651 5125 qui
3682 5064 3739 5111 et
3764 5055 3986 5111 Florens

2388 5141 2685 5207 dicebatur,
2718 5152 3087 5200 constructam
3119 5148 3171 5201 in
3199 5146 3316 5217 ejus
3369 5148 3598 5217 gratiam
3648 5146 3985 5204 Florentium

2385 5239 2870 5307 cognominatam,
2903 5254 2966 5295 ett
3005 5241 3282 5296 sermonis
3339 5240 3397 5295 Β.
3456 5241 3591 5313 Aug.
3647 5240 3750 5313 (γ.
3806 5240 3983 5297 Serm.

2385 5329 2602 5405 August.
2636 5332 2763 5399 559,
2793 5344 2840 5388 et
2872 5344 3045 5388 notam
3067 5336 3115 5395 b,
3132 5352 3257 5409 pag.
3293 5335 3455 5409 1405)
3490 5346 3608 5408 post
3636 5335 3987 5392 collationem

2384 5424 2438 5479 in
2489 5426 2728 5497 ejusdem
2796 5428 3035 5485 basilicae
3076 5428 3417 5501 dedicatione
3472 5428 3641 5486 habiti
3685 5427 3989 5500 fragmento

2380 5561 2468 5640 dei
2497 5582 2605 5640 non
2663 5566 2881 5640 stetisse
2920 5567 3233 5640 vere__dixit
3288 5567 3635 5635 Athanasius,
3682 5569 3988 5640 praesertim

2382 5633 2468 5688 ttbi
2494 5636 2695 5690 Nic-.cui
2726 5637 3095 5693 conventiculi
3120 5654 3227 5692 non
3251 5640 3514 5695 meminit.
