4246 6254
271 153 384 213 .009
1472 145 1757 205 NCOLAI
1782 144 1908 205 ΓΑΕ

2032 142 2290 203 ΡΒᾹΞΡΑ
2299 142 2436 202 T10.
3489 143 3595 203 910

279 263 476 335 insigni
509 261 744 317 nondum
773 261 917 319 edito
952 260 1260 319 didicimus.
1302 262 1554 333 Quisquis
1584 271 1763 316 autem
1792 259 1875 314 vel
1908 263 1954 322 Α
1982 257 2345 329 ahncgatiooe
2395 256 2554 313 verba
2608 258 2813 316 faciens
2855 262 3071 335 egregie
3111 258 3322 325 scribit.
3362 278 3382 313 ‹
3419 259 3596 319 Etiam

280 360 584 416 Restitutus
607 356 700 413 ille
734 357 892 414 fuerit
918 400 934 425 ,
967 358 1053 414 vel
1076 358 1257 415 caeteri
1285 373 1408 415 cum
1438 372 1504 413 eo
1528 354 1594 411 ad
1642 356 1881 426 impera-
1985 350 2170 424 lapsus
2194 359 2507 405 sanctorum
2550 351 2699 407 utilis
2728 361 2813 408 est
2840 371 2851 406 :
2882 354 3015 410 nihil
3044 354 3173 411 mihi
3222 354 3408 410 nocnit
3457 359 3601 427 quod

287 463 459 509 torem
504 467 538 507 a
580 451 791 524 synodo
836 451 1104 523 delegati,
1150 450 1307 521 plane
1359 451 1546 521 quales
1594 465 1620 501 a
1672 449 1881 504 Severo
1986 443 2207 515 negavit
2235 441 2447 507 Petrus,
2478 444 2847 515 profuitquod
2870 447 3216 505 emendavit:
3246 445 3409 505 didici
3431 452 3609 515 vitare

284 545 399 621 (lib.
432 561 469 600 ιι
507 542 644 598 llist.
670 541 832 615 sacr.)
858 543 1112 614 descripti
1147 552 1272 599 sttttt
1297 585 1311 611 ,
1342 558 1463 599 sese
1507 540 1884 596 adolescentes
1985 535 2259 607 colloquia
2284 534 2645 606 perfidorum:
2672 559 2692 591 ι
2715 538 2980 610 (Ambros.
3001 541 3091 595 tib.
3119 556 3147 593 x
3172 538 3225 593 in
3246 539 3376 599 Luc.
3400 562 3456 601 η.
3487 547 3610 624 89.)

287 652 478 708 parum
502 636 714 703 doctos,
746 651 1036 708 parumque
1057 644 1245 690 cautos
1272 635 1403 691 satis
1438 648 1708 704 superque
1753 645 1879 702 pro-
1986 631 2133 686 ldem
2161 640 2354 687 auctor
2372 630 2499 701 alibi
2538 641 2727 687 monet
2767 635 3148 691 adversarium
3171 646 3391 695 sanctos
3422 641 3484 696 in
3512 660 3614 702 sua

288 730 563 793 diderunt,
590 743 712 785 cum
732 726 964 784 mandati
992 728 1128 784 fines
1149 725 1540 799 przetergressi,
1562 726 1729 781 immo
1755 740 1886 780 con-
1962 723 2188 779 idamna
2224 733 2430 779 tentare
2451 725 2747 797 aliquando
2776 728 2922 800 cogi.
2963 748 2982 781 ι
3020 728 3157 782 Dum
3184 731 3330 789 enim
3362 744 3557 807 tentat,
3588 761 3610 796 ι

290 836 373 882 tra
402 828 579 899 ipsum
624 824 936 881 mandatum
965 865 979 890 ,
1032 839 1099 879 ne
1143 816 1250 895 quo
1303 821 1464 878 modo
1504 836 1628 877 cum
1670 819 1886 875 Arionis
1990 817 2290 891 subjungit,
2326 835 2344 868 ι
2381 818 2642 875 meliores
2660 819 2868 888 reddit,
2923 831 2984 877 ιιι
3035 820 3125 891 qui
3165 834 3403 887 tentatur
3455 808 3637 904 possit

288 917 730 975 communionem
763 917 979 977 inirent.
1011 925 1129 971 acta
1155 914 1326 986 ipsius
1372 912 1588 987 synodi,
1635 911 1889 967 admissis
1991 915 2128 970 alios
2158 912 2470 978 instituere,
2497 913 2589 981 qui
2623 912 2726 968 sibi
2758 914 2867 983 ipsi
2891 913 3170 974 invalidus
3192 920 3498 984 videbatur.
3526 930 3630 988 De-

289 1013 343 1067 in
366 1012 808 1068 communionem
840 1026 976 1083 quos
1009 1010 1093 1066 illa
1119 1010 1381 1081 reiecerat
1404 1007 1698 1075 haereticis,
1723 1006 1890 1061 rcsci-
1992 1006 2158 1077 nique
2187 1002 2383 1058 Petrus
2405 1001 2669 1058 Ecclesia:
2698 1005 3089 1075 praeponitur,
3140 1027 3426 1090 postquam
3457 1039 3487 1078 ει
3518 1023 3633 1083 dia-

289 1103 514 1160 derunt.
1528 1168 1541 1177 δ
1990 1098 2121 1154 bolo
2154 1104 2396 1153 tentatus
2418 1104 2523 1151 est.
2563 1115 2582 1149 ι
2619 1096 2693 1153 lla
2720 1113 2843 1153 non
2897 1098 3083 1160 solum
3132 1110 3276 1184 aliis,
3326 1118 3423 1175 sed
3477 1123 3644 1181 etiam

361 1199 454 1255 δε.
491 1197 627 1253 Dum
656 1196 773 1255 lucc
797 1208 976 1253 autem
1009 1196 1063 1251 in
1092 1194 1325 1251 Thracia
1358 1203 1641 1268 geruntur,
1684 1194 1889 1249 interea
1996 1192 2062 1248 iis
2082 1192 2173 1265 qui
2208 1190 2298 1246 illa
2321 1192 2691 1260 committunt,
2725 1202 2790 1249 ut
2836 1206 2951 1248 sua
2974 1210 3196 1267 peccata
3239 1209 3381 1272 bene
3428 1218 3623 1279 cedant

289 1290 398 1349 loci
441 1292 531 1363 qui
571 1290 876 1347 Ariminum
933 1298 1331 1354 convenerant,
1366 1266 1492 1344 tam
1548 1298 1714 1344 recta:
1765 1285 1889 1343 fidei
1993 1285 2265 1341 immensa
2294 1282 2386 1338 Dei
2436 1283 2746 1355 beniguilas
2774 1266 3003 1345 είῧεὶῐο
3046 1293 3173 1359 thc
3214 1266 3378 1367 enim
3409 1266 3662 1377 subtuad

296 1324 398 1349 ,νυ
441 1324 531 1363 ψ..
571 1324 876 1387 aLnutum...
933 1324 1331 1354 υυιιισηςιιιιιι,
1386 1324 1492 1344 mnu
1549 1324 1714 1344 ιυυιυυ
1766 1324 1889 1343 ιιι-υ-
1993 1324 2265 1341 nummum
2295 1324 2386 1338 υν·
2436 1324 2746 1355 "vn-omn"
2774 1324 3003 1345 ν’·ιυι·
3046 1324 3173 1359 tum;
3214 1324 3365 1367 emm
3409 1324 3561 1387 sum,
3592 1334 3603 1350 σ

296 1400 460 1456 quam
493 1382 709 1441 Arianae
735 1382 975 1456 perﬁdia:
1000 1382 1265 1454 episcOpi,
1310 1381 1613 1452 legatorum
1670 1393 1892 1434 suorum
1997 1392 2117 1445 qu“
2144 1387 2306 1431 mens
2329 1374 2566 1430 ""maﬂi‘
2596 1377 2954 1447 pertingere
2980 1400 3085 1445 non
3112 1407 3289 1464 potest
3313 1401 3511 1464 divina;
3538 1354 3603 1466 nr.

493 1428 709 1441 .-.......υ
735 1428 975 1456 ru"...
1002 1428 1265 1454 Ἵππη
1312 1428 1613 1452 ,νο-,υψη
1670 1428 1891 1434 __"___v_
2000 1428 2065 1445 γ
2214 1428 2227 1429 7
2559 1428 2565 1430 _
2596 1428 2682 1447 rh
2706 1428 2830 1446 mg
2886 1428 2901 1431 ﬁ
2923 1428 2953 1436 ν
2980 1428 3085 1445 wn
3164 1428 3179 1447 1

292 1477 529 1535 reditum
555 1486 872 1551 exspectare
896 1476 1032 1549 jussi
1063 1492 1090 1529 a
1112 1476 1293 1531 Tauro
1314 1472 1570 1545 praefecto
1610 1470 1891 1543 prtetorio,
1997 1466 2256 1523 videntis:
2312 1465 2605 1548 miracula,
2637 1467 2843 1523 omnia
2902 1474 3014 1538 piis
3056 1428 3511 1554 callings?
3532 1428 3663 1555 fr:

292 1520 529 1535 “an.-.”
556 1520 872 1551 vastum“..-
896 1520 1032 1549 δ---σ-ν-
1063 1520 1090 1529 υ-
1124 1520 1290 1531 -κ--ν
1314 1520 1566 1545 ει--ν-ν--ν
1610 1520 1891 1543 ι--τν-νν-νυ
2060 1520 2135 1523 έν
2214 1520 2223 1521 ί
2470 1520 2477 1521 ί
2500 1520 2605 1534 "‘“'
2644 1520 2791 1523 """"
2902 1520 3014 1538 τ’·ὐ
3056 1520 3122 1540 νυ
3182 1520 3195 1524 “
3331 1520 3339 1523 ⁷
3490 1520 3501 1529 '
3645 1520 3663 1532 '

292 1573 379 1630 cui
411 1572 710 1644 injunctnm
744 1570 939 1640 fuerat,
987 1585 1056 1627 ne
1103 1569 1363 1626 collectos
1414 1574 1540 1623 ante
1598 1565 1897 1621 dimitteret
2000 1558 2143 1630 quod
2175 1557 2245 1613 ab
2286 1538 2566 1627 assignata
2601 1559 2835 1616 ordinis
2893 1571 3108 1632 ratione
3127 1520 3669 1653 "disezsszgtfhr:

294 1684 459 1739 quam
492 1667 547 1723 in
572 1682 731 1722 unam
756 1665 913 1721 ﬁdem
944 1663 1337 1728 convenirent;
1390 1660 1464 1717 ibi
1514 1676 1722 1716 summa
1770 1674 1892 1715 cum
1924 1655 1971 1715 Β
2001 1650 2144 1707 idem
2194 1650 2326 1705 Ποσει
2370 1649 2423 1704 ill
2452 1650 2625 1709 alium
2661 1663 2868 1732 tamen
2932 1633 3658 1742 ordinemreducervezut:

296 1760 548 1817 molestia
572 1775 635 1814 ac
664 1757 823 1814 ttcdio
852 1755 1186 1813 detinentur.
1219 1754 1397 1822 Quare
1420 1752 1615 1808 litteris
1666 1760 1897 1820 utraque
1999 1744 2213 1817 quidin
2242 1757 2416 1841 regno
2444 1746 2815 1814 providentia:
2852 1726 3020 1809 liceat
3048 1724 3650 1841 temeritati—:-

298 1866 427 1923 pars
452 1850 728 1922 sigillatim
758 1849 1138 1919 imperatorem
1188 1843 1546 1900 obnixissime
1597 1851 1748 1914 rOgat
1799 1842 1899 1897 ob-
2003 1837 2451 1895 netuinidubium
2476 1856 2601 1898 esse
2616 1842 2789 1900 debet
2804 1845 2943 1913 quin
2977 1864 3298 1909 renovatum
3332 1859 3387 1913 in
3416 1837 3643 1925 Liber-io

300 1956 659 2017 testaturque,
688 1943 904 2017 quando
931 1942 1152 2014 quidem
1178 1941 1354 1998 hiems
1384 1943 1633 2006 instaret,
1677 1956 1745 1994 tte
1779 1953 1900 2007 per-

300 2039 547 2093 mitteret
575 2050 735 2092 scncs
757 2045 809 2089 ct
831 2052 858 2087 a
890 2036 1004 2089 suis
1029 2032 1250 2089 sedibus
1270 2031 1431 2103 longe
1451 2030 1696 2097 dissitas,
1727 2031 1778 2084 in
1798 2027 1904 2084 dif-

301 2130 597 2186 ficillimam
621 2136 992 2198 tempestatem
1020 2125 1246 2193 differri,
1271 2122 1364 2178 sed
1392 2138 1551 2194 quam
1573 2122 1801 2191 primum
1835 2119 1902 2174 ad

301 2238 429 2279 suas
460 2221 708 2276 civitates
739 2219 935 2275 reverti
959 2216 1303 2274 concederet.
1336 2215 1514 2269 Recta:
1547 2212 1672 2267 ﬁdei
1692 2213 1906 2280 episco-

296 2331 494 2387 porum
520 2313 800 2384 epistolam
822 2314 1076 2367 Socrates
1104 2307 1218 2383 (lib.
1247 2323 1282 2363 ιι
1312 2325 1358 2362 c.
1384 2304 1475 2379 57)
1500 2305 1666 2361 habet
1699 2322 1711 2358 :
1742 2304 1905 2359 Aria-

302 2424 497 2463 norum
530 2407 631 2462 sub
660 2405 875 2461 nomine
898 2402 1089 2476 synodi
1129 2400 1488 2457 Arimineusis
1539 2394 1907 2453 Orientalibus

301 2500 695 2559 consentientis
721 2498 835 2553 hate
869 2497 1118 2552 collectio
1149 2493 1371 2550 exhibet
1413 2490 1657 2566 (Fragm.
1693 2488 1791 2558 tv).

377 2595 470 2651 55.
502 2592 795 2663 Insignium
835 2591 1060 2644 rirormn
1129 2589 1306 2655 lapsus
1345 2587 1560 2641 historia
1614 2601 1715 2639 non
1768 2581 1903 2637 silet.

299 2686 386 2741 Iis
408 2684 714 2755 quandoque
741 2682 864 2737 bene
912 2689 1134 2736 vertunt.
1176 2678 1368 2733 Libet-ii
1411 2676 1701 2749 exetttpltnn
1772 2673 1909 2746 (Au-

297 2790 445 2854 gnst.
475 2779 538 2833 de
561 2778 735 2849 Agaue
760 2775 971 2831 Christi.
1003 2792 1049 2830 c.
1069 2771 1469 2846 50).—Ca:tera
1498 2786 1617 2841 quae
1651 2768 1910 2836 deinceps

302 2875 358 2928 in
386 2890 452 2929 eo
494 2872 708 2942 twgotio
728 2884 878 2941 gesa
922 2878 1068 2934 sunt,
1123 2880 1392 2938 quemque
1435 2864 1639 2921 exitum
1693 2859 1908 2915 tandem

300 2965 637 3029 invenerint,
669 2962 884 3034 quando
934 2958 1119 3035 745‘
1144 2958 1361 3030 quidem
1405 2972 1563 3026 supra
1590 2951 1911 3026 perstrinxi-

2003 1931 2265 1991 Pontifice
2292 1932 2436 1988 Petri
2467 1950 2796 1991 successore
2828 1934 3014 2007 fuerit,
3044 1944 3190 2012 quod
3220 1945 3450 2015 Optatos
3475 1954 3634 2009 Mite-

2004 2026 2219 2081 vitanus
2241 2024 2646 2096 ctAugustinus
2668 2028 3028 2085 observarunt
3062 2072 3079 2097 ,
3111 2033 3295 2089 divina
3332 2043 3632 2107 providen-

2008 2120 2081 2174 tia
2099 2118 2376 2183 cﬂ‘ectum,
2406 2126 2464 2173 ut
2494 2117 2637 2174 idem
2670 2120 2761 2175 ille
2782 2118 3080 2191 Apostolus
3112 2136 3356 2196 negaret,
3381 2130 3472 2200 qui
3518 2134 3632 2189 cla.

2009 2227 2102 2268 ves
2151 2220 2471 2283 accepturus
2503 2223 2673 2279 esset,
2698 2230 2809 2285 quo
2838 2208 3091 2272 Ecclesia
3128 2220 3423 2287 catholica,
3468 2225 3627 2296 cujus

2009 2305 2127 2376 ipse
2151 2320 2438 2377 personam
2463 2307 2710 2378 gerebat,
2743 2307 2980 2365 disceret
3004 2321 3279 2381 tamquam
3307 2331 3327 2365 ι
3358 2330 3487 2371 vera
3508 2333 3627 2374 ma-

2013 2406 2094 2452 ter
2112 2412 2213 2453 nec
2239 2398 2583 2468 peccantibus
2615 2399 2743 2456 filiis
2763 2400 2998 2470 superbe
3022 2400 3305 2470 insultare,
3352 2421 3453 2462 nec
3497 2422 3624 2464 cor-

2010 2490 2413 2547 rectisdifftcile
2435 2490 2932 2564 ignoscereUdem,
2962 2493 3139 2564 ibid.),
3168 2513 3188 2546 ι
3220 2495 3508 2568 ipsumque
3528 2498 3625 2555 Li.

2014 2582 2224 2637 bet-ium
2254 2581 2320 2638 ad
2354 2591 2566 2654 tempus
2590 2582 2694 2638 labi
2726 2584 3075 2655 permissum,
3109 2595 3167 2641 ut
3216 2601 3282 2642 ex
3325 2602 3424 2644 suo
3464 2591 3623 2660 lapsu

2015 2673 2195 2727 acrior
2207 2688 2267 2728 ac
2282 2672 2537 2730 fortiorin
2557 2674 2805 2730 bmresim
2822 2685 3128 2747 resurgeret
3150 2694 3163 2731 :
3188 2678 3309 2734 etin
3341 2681 3618 2750 poenitet»

2017 2775 2098 2819 tes
2125 2765 2427 2835 revertique
2457 2766 2744 2837 cupientes
2778 2766 3098 2824 clementior
3113 2784 3176 2825 ac
3201 2770 3373 2827 venia:
3400 2772 3624 2843 pronior

2014 2858 2304 2913 exsisteret
2330 2876 2344 2913 :
2375 2859 2613 2930 itemque
2648 2859 2753 2917 hoc
2776 2860 2970 2915 litteris
2998 2863 3372 2934 consignatum
3404 2865 3472 2921 ad
3504 2866 3624 2924 hinc

2016 2965 2190 3021 usque
2211 2958 2452 3021 tempora
2481 2951 2590 3006 illis
2614 2951 2951 3023 temporibus
2973 2971 3079 3010 non
3100 2957 3328 3012 multum
3350 2957 3622 3019 absimilia

304 3076 427 3114 mtts
462 3099 476 3122 ,
506 3068 559 3112 et
591 3054 864 3111 fusissime
894 3053 960 3108 ab
983 3052 1304 3115 Athanasio,
1345 3050 1675 3118 Hieronymo
1716 3054 1903 3099 contra
1932 3042 1980 3106 C
2011 3046 2359 3119 perductum,
2391 3056 2451 3103 ut
2470 3048 2561 3119 qui
2582 3057 2746 3115 stent,
2769 3049 2894 3104 inde
2915 3050 3017 3105 sibi
3044 3052 3234 3108 timere
3259 3052 3494 3119 discant,
3520 3070 3623 3111 nec

302 3150 695 3215 Luciferianos,
729 3160 783 3204 et
812 3146 1048 3218 Sulpicio
1067 3146 1271 3201 Severo
1303 3152 1623 3214 pertractata
1646 3148 1793 3206 sunt,
1821 3139 1908 3193 hic

302 3242 632 3316 sobjungere
658 3240 995 3312 superfluum
1025 3249 1128 3295 est.
1160 3237 1327 3293 Nobis
1370 3235 1513 3291 enim
1558 3231 1908 3291 solummodo

305 3355 369 3394 ca
399 3346 649 3404 tractare,
680 3351 800 3407 qua:
834 3332 1010 3389 facere
1033 3331 1100 3387 ad
1132 3329 1525 3385 connexionem
1586 3326 1905 3383 illustratio-

306 3446 539 3502 ncmque
572 3430 761 3486 horum
806 3427 1252 3495 Fragmentorutn
1299 3420 1640 3487 videbantur,
1694 3420 1908 3475 animus

303 3525 424 3580 fuit.
460 3524 513 3579 In
540 3523 736 3595 quibus
770 3521 931 3576 etiam
963 3532 1174 3580 vereor,
1199 3530 1266 3571 ne
1289 3514 1459 3569 nimio
1484 3513 1639 3582 plura
1681 3512 1906 3578 dixisse,

306 3616 674 3689 tragicumque
726 3615 873 3671 illam
908 3609 1334 3669 exsecrationem
1380 3604 1517 3665 ὄλοιο
1547 3610 1737 3667 θνητῶν
1780 3607 1907 3661 συλ-

303 3713 463 3791 λέγων
511 3712 604 3773 τὰς
657 3710 953 3787 συμφοράς,
1000 3705 1052 3760 in
1104 3717 1188 3758 me
1218 3700 1521 3757 concitasse
1570 3699 1774 3763 videar,
1817 3698 1907 3769 qui

304 3806 741 3863 venerandorum
771 3802 991 3859 Patrum
1015 3796 1326 3869 opinionem
1358 3809 1421 3849 ac
1445 3793 1663 3859 famam,
1688 3800 1909 3847 controa

303 3898 514 3954 versias
553 3912 764 3960 eorum,
807 3890 1172 3949 disSensioues
1223 3876 1718 3955 defectinttemque,
1764 3882 1910 3938 velut

305 3991 539 4046 obducta
572 3989 752 4053 ulcera
806 4002 927 4057 qua:
962 3983 1136 4040 occuli
1186 3981 1356 4037 satius
1411 3987 1549 4044 erat,
1602 3975 1910 4033 refricando

306 4084 577 4156 sugillem.
607 4083 808 4138 Verum
833 4096 955 4135 cum
976 4078 1328 4135 historiarum
1372 4088 1510 4129 unus
1534 4072 1578 4126 is
1599 4072 1669 4127 sit
1689 4085 1906 4142 scnpns,

308 4187 369 4232 nt
402 4178 532 4243 sint,
552 4171 1006 4249 quemadmodum
1036 4168 1379 4241 Thucydides
1410 4165 1625 4236 scriptis
1672 4163 1908 4234 reliquit,

308 4287 485 4345 κτῆμα
514 4274 555 4325 εἰ
586 4269 1022 4343 ἁεὶξυγκείμενθν.
1056 4281 1119 4321 cx
1151 4277 1257 4333 quo
1296 4260 1473 4317 omnis
1519 4258 1617 4314 αενὶ
1665 4256 1911 4311 homines

310 4366 592 4433 utriusque
620 4361 793 4419 laudis
820 4374 886 4416 ac
912 4358 1140 4413 fortuna:
1169 4353 1421 4424 exempla
1457 4350 1805 4422 depromere,
1856 4354 1914 4402 et

2013 3138 2366 3195 redeuntibus
2396 3139 2463 3195 ad
2492 3140 2787 3198 Ecclesiam
2809 3156 2867 3197 se
2884 3140 3221 3200 difficiliores
3248 3144 3545 3214 praebeant.

2084 3233 2176 3288 δι.
2233 3232 2347 3288 Otii
2375 3245 2422 3288 et
2442 3232 2673 3304 Luciferi
2724 3250 2877 3290 casus
2907 3274 2921 3291 .
2954 3266 3025 3277 -—
3056 3236 3163 3293 Nec
3210 3237 3439 3293 minoris
3484 3252 3620 3295 sane

2015 3327 2101 3383 vel
2119 3327 2528 3398 Speculationis,
2574 3328 2656 3385 vel
2699 3328 3009 3385 documenti
3035 3332 3339 3403 fragilitatis
3368 3332 3622 3393 humana:

2007 3419 2444 3488 iudiciorumque
2499 3422 2804 3477 divinorum
2871 3422 3360 3492 impersorutabilis
3423 3430 3610 3485 arcani

2015 3510 2272 3567 suntllsii
2299 3525 2363 3566 ac
2387 3510 2639 3580 Luciferi,
2690 3514 3109 3571 fortissimorum
3145 3515 3429 3573 catholicae
3484 3520 3611 3576 fidei

2015 3610 2484 3674 propugnatorum,
2528 3614 2743 3667 eventa.
2789 3621 3019 3676 quorum
3052 3607 3145 3663 illo
3172 3607 3311 3663 alter
3339 3619 3461 3680 post
3513 3627 3614 3668 no-

2017 3696 2178 3752 minis
2225 3694 2505 3752 christiani
2562 3696 2961 3755 eonfessionem
3012 3702 3115 3757 sub
3178 3704 3616 3771 persecutoribus

2016 3791 2329 3846 saevissimis
2379 3791 2821 3849 constantissime
2867 3792 3094 3860 factam,
3154 3801 3277 3864 post
3319 3794 3617 3855 exhaustos

2018 3898 2115 3952 pro
2139 3881 2302 3955 755
2325 3880 2430 3939 fide
2450 3883 2715 3940 catholica
2758 3895 2946 3941 contra
2991 3885 3245 3943 hzcresim
3275 3888 3486 3947 labores
3514 3891 3617 3948 inr-

2015 3990 2257 4041 mcnsos,
2285 3974 2655 4047 perfectasque
2696 3978 3009 4050 dignissime
3051 3981 3345 4054 legationes
3394 3987 3611 4057 multos,

2016 4070 2089 4124 ita
2116 4077 2173 4123 ut
2202 4078 2353 4139 pater
2381 4069 2761 4141 episcoporum
2785 4070 3095 4142 haberetur,
3151 4075 3378 4132 nimium
3431 4087 3610 4135 tamen

2018 4162 2102 4216 sui
2145 4162 2378 4232 sepulcri
2412 4177 2599 4219 amans
2641 4163 2867 4235 (Hilar.,
2897 4166 2987 4221 lib.
3028 4168 3093 4222 de
3134 4168 3362 4240 Synod,
3409 4188 3463 4225 η.
3521 4172 3613 4243 87)

2020 4253 2396 4327 (centesimum
2413 4256 2559 4311 enim
2579 4272 2777 4315 annum
2801 4261 3131 4330 excesserat)
3154 4259 3207 4314 in
3223 4275 3473 4332 suprema
3490 4264 3615 4319 vitm

2021 4346 2186 4404 ﬁbula
2224 4347 2433 4418 penitus
2456 4347 2787 4417 defecisset,
2836 4350 2939 4406 nisi
2980 4352 3252 4408 violentim
3287 4352 3613 4410 Arianortun

308 4459 381 4513 ad
399 4473 460 4513 ea
480 4456 658 4513 varios
686 4452 1102 4525 repentinosque
1128 4464 1307 4512 casus,
1327 4445 1519 4519 quibus
1537 4442 1778 4515 quotidie
1806 4434 1992 4496 itu-.D
2020 4441 2471 4511 imperatorisque
2507 4444 2668 4498 minis
2688 4443 2923 4511 cedenti,
2971 4454 3028 4500 et
3071 4447 3462 4517 approbatione
3501 4447 3615 4505 Sir-

309 4552 568 4624 petitnur,
601 4561 928 4620 componere
957 4552 1158 4618 queant
1191 4560 1204 4597 :
1240 4559 1345 4598 non
1381 4539 1538 4595 video
1583 4552 1681 4593 cur
1732 4535 1908 4590 minus

246 4660 261 4671 ·
314 4642 566 4700 utilitatis
586 4658 649 4697 ac
664 4639 934 4697 commodi
959 4655 1025 4694 ex
1040 4638 1307 4693 clarorum
1324 4634 1562 4690 virorum
1585 4629 1873 4688 calamitati
1886 4659 1906 4670 ο

308 4739 436 4807 bus,
459 4737 671 4800 erratis,
697 4744 858 4808 atque
877 4733 1016 4789 adeo
1041 4730 1339 4789 sceleribus
1366 4728 1434 4785 ad
1466 4743 1565 4784 nos
1609 4713 1907 4798 pérveniat,

311 4830 402 4902 qui
429 4845 492 4891 ea
514 4829 741 4900 legimus
766 4836 995 4891 tantum,
1026 4839 1132 4879 non
1160 4821 1447 4883 sentimus,
1500 4833 1660 4889 quam
1691 4832 1767 4875 ex.
1797 4815 1908 4870 vir-

311 4923 517 4979 tutibns
544 4922 812 4991 rebusque
842 4917 1098 4989 praeclare
1121 4916 1289 4987 gestis
1316 4928 1472 4968 :cum
1508 4912 1671 4967 etiam
1701 4909 1804 4964 illis
1832 4909 1913 4980 ip-

308 5014 412 5082 sis,
440 5014 531 5086 qui
560 5011 930 5068 imbecillitate
956 5008 1187 5063 humana
1208 5007 1260 5061 in
1283 5003 1549 5075 ejusmodi
1576 5001 1915 5057 calamitates

308 5107 644 5173 inciderunt,
676 5119 782 5160 uon
806 5119 928 5159 raro
954 5100 1091 5159 bene
1117 5109 1329 5157 vertere
1381 5098 1615 5153 soleant.
1662 5097 1910 5151 Crtesum

280 5186 454 5272 'aputt
483 5198 809 5254 Herodotum
837 5197 1136 5269 παθήματα,
1173 5193 1450 5268 μαθήματα
1475 5188 1581 5245 sibi
1611 5186 1910 5249 exstitisse.

307 5303 369 5350 ct
390 5293 643 5364 Μενοιιθιι
673 5293 724 5349 in
751 5290 973 5346 theatris
1000 5303 1060 5344 se
1084 5284 1395 5342 infortuniis
1415 5283 1657 5370 egasisse
1690 5283 1909 5352 sapien-

309 5396 424 5443 tem
448 5385 676 5457 ingenue
726 5390 1082 5456 agnoscentes
1124 5378 1299 5435 libens
1329 5375 1705 5447 practermitto,
1745 5382 1804 5429 ut
1854 5373 1906 5429 in

304 5476 679 5536 ecclesiastica
728 5474 1046 5530 tractatione
1066 5469 1353 5543 desumpto
1379 5483 1445 5525 ex
1476 5481 1629 5525 sacra
1659 5465 1910 5529 historia,

304 5587 381 5627 ex
404 5586 506 5640 qua
532 5570 757 5625 formam
786 5565 947 5622 trahit
978 5564 1253 5630 Ecclesia,
1306 5562 1554 5632 exemplo
1605 5559 1782 5615 locum
1833 5556 1910 5611 fa-

302 5667 474 5723 ciam.
508 5664 569 5720 Β.
598 5658 916 5720 Ambrosius
942 5659 1010 5715 de
1032 5658 1174 5716 Petri
1222 5652 1588 5730 apostolorum
1654 5650 1914 5724 coripbaei

2017 4535 2241 4591 miensis
2272 4535 2730 4591 Anemmanorum
2758 4536 2997 4608 perfidia:
3034 4539 3085 4594 in
3139 4550 3381 4611 praeceps
3412 4544 3614 4608 ruenti,

2016 4627 2196 4684 divina
2256 4628 2542 4709 clementia
2614 4644 2833 4695 manum
2890 4631 3304 4700 supposuisset:
3354 4633 3496 4689 alter
3550 4635 3615 4689 iis

2016 4722 2178 4779 etiam
2201 4722 2471 4792 superior,
2488 4722 2687 4793 quibus
2698 4723 2859 4779 Osius
2870 4736 3128 4788 cesserat,
3150 4732 3272 4795 post
3288 4735 3561 4783 toterecta
3597 4769 3613 4795 ,

2018 4825 2077 4868 ut
2101 4814 2409 4886 flieronymi
2434 4816 2594 4870 verba
2619 4826 2872 4887 usurpem
2895 4814 3141 4887 (Hieron.
3171 4817 3418 4875 adversus
3458 4819 3615 4874 Luci-

2022 4906 2172 4979 fer.),
2202 4906 2271 4963 de
2301 4906 2520 4977 perfidia
2552 4908 2819 4964 debellata
2852 4911 3115 4981 trophaea,
3144 4914 3247 4969 sub
3277 4914 3395 4983 ipso
3420 4915 3613 4970 trium-

2020 4997 2129 5069 pho
2157 4999 2226 5055 ab
2247 4999 2369 5068 ipso
2393 4999 2792 5057 dissensionum
2844 5011 3065 5058 auctore
3112 5013 3418 5074 superatus,
3458 5021 3615 5076 sepa—

2019 5103 2170 5148 ratus
2195 5093 2262 5147 ab
2313 5092 2553 5148 Ecclesia
2582 5105 2685 5159 est,
2718 5109 2781 5148 nc
2808 5093 2963 5162 plane
2990 5106 3313 5166 prostratus.
3360 5099 3442 5155 Ad
3498 5098 3613 5155 luce
3690 5152 3701 5161 ,

2017 5185 2162 5240 enim
2178 5186 2300 5255 quis
2316 5198 2421 5240 non
2447 5185 2690 5253 protinus
2718 5200 2838 5240 cum
2861 5184 3089 5257 Trogioo
3110 5189 3398 5257 exclamet,

2268 5300 2318 5363 ᾗς
2342 5309 2474 5357 θνητὸν
2492 5304 2631 5362 ἀνδρῶν
2654 5311 2715 5349 καὶ
2736 5310 2968 5362 «hinc?!»
2988 5314 3089 5363 τινος
3109 5341 3121 5359 ,

2272 5362 2323 5418 ἀς
2348 5368 2455 5411 ὠδὶν
2473 5373 2596 5423 tanta.

2022 5474 2078 5522 et
2102 5464 2309 5535 abiecta
2342 5466 2489 5522 omni
2531 5465 2721 5522 fiducia
2750 5466 2861 5536 spi,
2890 5424 3123 5525 salutem
3166 5480 3323 5525 suam
3357 5484 3425 5527 ex
3463 5468 3603 5541 Apo-

2023 5557 2148 5613 sloli
2174 5559 2489 5628 praescripto
2514 5572 2635 5615 cuin
2664 5559 2859 5617 timore
2882 5574 2946 5617 ne
2985 5568 3224 5619 tremore
3253 5563 3465 5632 operari
3507 5576 3617 5618 non

2023 5647 2300 5709 condiscat
2331 5648 2503 5723 (Phil.
2532 5666 2595 5720 ιι,
2625 5651 2760 5725 is)?
