4246 6254
670 212 765 266 9H

1580 205 1646 263 1N
1689 204 2117 262 FRAGMENTA
2147 199 2394 258 SANCTI
2425 201 2686 259 HILARII
2715 203 3022 262 EPISCOPI

3863 206 3972 262 912

741 327 832 381 35.
875 323 1137 380 Generalis
1178 323 1574 376 Aritninensinm
1623 321 1838 374 Patrum
1883 320 2100 391 defectio
2146 319 2268 389 quid
2294 324 2346 382 Α
2375 319 2616 374 recentia
2655 337 2672 371 ι
2726 319 3072 389 profanarum
3104 321 3397 374 novitalunt
3443 318 3735 389 apostolica
3783 321 3972 392 prohi-

671 435 764 473 uos
792 415 1140 472 doceat.—-At
1167 428 1298 469 vero
1319 412 1585 482 generalis
1617 411 1762 466 illius
1790 412 2270 468 ritcumventionis

671 508 1020 565 ecclesiastici
1048 506 1255 561 ordinis
1283 513 1338 560 et
1362 506 1513 575 quasi
1539 522 1603 560 ex
1633 518 1920 574 eompacto
1947 505 2269 560 defectionis

670 597 1032 653 consideratio
1060 612 1220 665 quam
1253 597 1398 651 utilis
1426 606 1481 652 et
1527 597 1649 650 huic
1691 606 1880 650 nostro
1919 597 2118 652 sarculo
2145 606 2267 666 apta

669 704 747 747 est
776 697 789 747 l
819 691 899 747 Ex
938 706 1002 747 ea
1031 695 1174 745 enim
1205 693 1363 761 plane
1394 691 1714 746 instrnimur
1768 706 1927 760 quam
1970 691 2111 745 cauti
2156 691 2266 744 cir-

667 785 1069 855 cumSpectique
1097 799 1218 838 cum
1250 783 1521 838 lttcrcticis
1561 792 1856 838 tractantes
1902 796 2024 838 esse
2068 780 2270 836 debea-

667 895 820 942 mus,
850 885 906 932 et
933 876 1118 948 quanti
1171 877 1392 947 periculi
1425 878 1496 933 sit
1525 893 1552 930 a
1594 876 1874 941 terminis,
1931 891 2068 946 quos
2101 875 2268 930 fixere

673 972 886 1038 Patres,
917 969 1004 1025 vel
1047 985 1280 1038 unguem
1313 969 1478 1024 latum
1527 967 1826 1024 discedere.
1863 967 1995 1022 Nam
2035 966 2164 1023 boni
2190 965 2266 1020 illi

666 1065 854 1120 Patres
878 1062 1007 1118 dunt
1035 1063 1202 1117 nudas
1231 1063 1514 1133 quasdam,
1541 1070 1598 1116 ut
1619 1061 1688 1116 ab
1715 1061 1932 1116 Arianis
1956 1060 2267 1130 persuaderi

666 1159 768 1214 sibi
801 1157 1085 1222 sinebant,
1139 1160 1318 1218 οὐσίας
1366 1161 1451 1212 καὶ
1480 1156 1749 1215 ὁμοουσίου
1781 1157 2000 1210 voculas
2049 1155 2102 1209 in
2145 1153 2269 1209 lidei

671 1249 1008 1319 professione
1037 1250 1212 1305 omitti
1245 1249 1388 1319 passi
1418 1255 1577 1315 sunt,
1611 1247 1966 1304 sanctissima:
1987 1245 2268 1300 Trinitatis

665 1357 786 1412 qua:
817 1341 960 1396 Deus
1007 1351 1092 1396 est
1121 1340 1519 1396 confessionem
1549 1382 1563 1406 ,
1607 1339 1659 1395 ιιι
1691 1349 1772 1396 est
1798 1381 1810 1402 .
1841 1353 2106 1394 summam
2137 1338 2265 1392 reli-

663 1435 878 1505 gienem
906 1477 920 1501 ,
955 1449 1055 1504 pro
1101 1449 1206 1504 qua
1250 1433 1620 1490 conservanda
1667 1445 1873 1488 tantum
1925 1431 2206 1504 sanguinis
2235 1446 2263 1484 a

663 1526 883 1582 Christo
913 1537 1037 1581 nato
1067 1527 1306 1582 Ecclesia
1339 1527 1671 1593 profuderat,
1697 1537 1776 1581 tot
1807 1533 2072 1598 martyres
2101 1524 2268 1580 dede-

665 1629 780 1686 rat,
826 1619 929 1674 sibi
957 1629 1199 1689 ereptam
1249 1630 1410 1688 atque
1437 1629 1705 1674 extortam
1735 1635 1860 1676 sero
1900 1617 2268 1675 tandem'ani-

2373 412 2580 468 bitione
2603 429 2764 468 nemo
2798 429 2963 468 sanus
2986 413 3252 468 excludat.

2444 508 2535 562 57.
2584 507 2752 573 Quam
2781 507 3028 562 Eaclesiaz
3075 522 3181 561 sua:
3222 506 3480 560 laboranti
3508 522 3607 559 non
3635 505 3766 559 desit
3807 501 3969 558 Deus.

2377 600 2528 656 Hanc
2571 603 2718 672 erigit
2746 600 2996 655 Julianus
3018 643 3030 664 ,
3062 617 3176 654 cum
3205 601 3410 654 ruinam
3438 602 3549 672 ejus
3574 598 3873 652 meditatur.
3901 625 3974 637 ~—

2371 694 2492 750 Jam
2541 710 2670 749 vero
2699 693 2790 764 qni
2821 694 3011 760 faciem
3045 693 3324 754 Ecclesize,
3352 691 3528 763 qualis
3557 691 3622 746 ab
3653 692 3740 747 illa
3786 690 3978 748 defec-

2375 786 2524 840 tione
2555 785 2758 841 eXstitit
2780 829 2792 846 .
2826 785 3018 852 turbis,
3051 785 3203 849 rixis,
3231 783 3702 852 contentionibus,
3731 785 3980 842 di>€idii5

2373 877 2574 948 ubique
2601 878 2906 942 contusam,
2932 877 3162 937 laceram
3189 885 3351 948 atque
3381 876 3725 946 dissipatam,
3759 876 3868 932 sibi
3907 880 3981 932 ob

2375 971 2568 1024 oculos
2611 971 2892 1035 statuerit,
2926 984 3030 1024 non
3079 969 3257 1024 minus
3310 979 3436 1023 tunc
3473 983 3504 1024 a
3548 967 3660 1023 suis
3703 968 3980 1039 episcopis

2373 1077 2536 1131 quam
2594 1060 2754 1132 paulo
2807 1071 2935 1116 ante
2974 1075 3002 1114 a
3053 1059 3352 1130 conjuratis
3405 1060 3635 1114 nominis
3687 1059 3979 1114 christiani

2372 1155 2623 1212 hostibus
2646 1168 2935 1223 vexatam,
2967 1154 3018 1210 in
3048 1171 3150 1226 qua
3192 1169 3292 1210 nec
3331 1153 3598 1210 atnistites
3642 1155 3771 1223 quid
3813 1155 3981 1211 doce-

2373 1257 2495 1304 rcnl.
2516 1291 2530 1316 ,
2567 1264 2668 1305 nec
2711 1248 2898 1319 plebes
2924 1249 3052 1318 quid
3084 1257 3439 1318 sequerentur
3475 1249 3574 1304 rati
3605 1263 3668 1303 ac
3706 1249 3853 1303 ftrnti
3883 1252 3974 1303 ba-

2373 1343 2598 1410 berent,
2630 1344 2867 1413 denique
2895 1343 3032 1399 adeo
3077 1342 3432 1413 desperatam
3467 1359 3530 1398 ac
3577 1343 3886 1413 perditam,
3921 1353 3980 1398 ut

2371 1436 2732 1492 sanctissimis
2755 1437 2886 1492 viris
2907 1434 3363 1500 Neronianorum,
3395 1434 3778 1499 Decianorutn,
3810 1435 3977 1490 Maxi-

2372 1530 2787 1600 mianorumque
2839 1539 3145 1596 temporum
3187 1526 3512 1581 desiderium
3549 1529 3808 1582 excitaret
3839 1527 3980 1596 (Ili-

2377 1624 2477 1677 lar.
2510 1625 2562 1676 in
2594 1621 2774 1677 Const.
2800 1639 2853 1674 ιι.
2879 1620 2972 1692 4);
3005 1621 3296 1686 statimque
3319 1618 3517 1674 mentis
3538 1620 3710 1674 aciem
3740 1620 3807 1674 ad
3831 1620 3977 1676 subi-

663 1710 1030 1766 madvertunt.
1063 1711 1278 1780 Quanto
1312 1709 1503 1766 fortius
1533 1711 1959 1782 prudentiusque
1987 1720 2113 1767 ante
2152 1710 2262 1764 vim
2295 1719 2343 1780 Β
2373 1726 2479 1772 tam
2520 1717 2669 1772 illam
2717 1714 3164 1784 repentinamqne
3191 1713 3544 1769 mutationem
3593 1728 3812 1777 rerum,
3856 1729 3976 1784 qua:

663 1803 869 1859 illatam
902 1806 1062 1861 iidem
1114 1805 1212 1875 ipsi
1265 1805 1615 1870 definieram,
1649 1807 1715 1861 iis
1759 1822 1878 1878 qtuc
1927 1805 2136 1878 synodo
2167 1805 2260 1860 Ni-

668 1912 818 1952 caena
849 1905 1048 1952 statuta
1089 1905 1244 1952 erant
1285 1913 1385 1952 nec
1415 1896 1536 1951 addi
1569 1895 1857 1966 quidquam
1887 1896 2118 1960 debere,
2165 1911 2264 1950 nec

663 1988 910 2056 detrahi;
950 1999 1006 2068 et
1043 1990 1357 2045 substantiae
1389 2007 1583 2044 nomen
1604 2032 1618 2053 ,
1649 1999 1704 2045 et
1733 2005 1846 2046 rem
1878 2005 2031 2044 suam
2063 1989 2264 2046 debere

661 2081 907 2136 obtinere
931 2079 1238 2136 ﬁrmitatem
1259 2077 1582 2154 (Fragment.
1619 2097 1716 2148 vn,
1749 2098 1803 2135 ιι.
1832 2081 1884 2148 5,
1912 2091 1957 2136 et
1987 2085 2261 2154 fragment.

662 2187 755 2227 νιιι
779 2171 834 2242 )ι
2009 2160 2019 2168 ’

735 2263 827 2318 56.
843 2263 1189 2319 Conciliorum
1207 2265 1476 2318 iteressittts
1503 2264 1572 2319 ad
1599 2265 1724 2335 quid
1731 2264 2106 2320 .—Fallnntur
2119 2264 2262 2319 enim

662 2373 872 2422 errore,
898 2364 954 2410 at
971 2373 1059 2426 jue
1089 2373 1186 2413 nos
1218 2357 1270 2411 ιιι
1295 2358 1544 2414 eumdem
1576 2375 1758 2414 secum
1787 2375 2027 2414 errorem
2057 2367 2264 2428 pertra-

666 2449 799 2505 here
825 2462 1116 2515 conantur,
1141 2450 1234 2520 qui
1257 2452 1584 2521 persuadere
1611 2452 1850 2521 cupiunt,
1877 2451 1931 2507 in
1958 2439 2042 2506 his
2071 2452 2266 2523 quibus

661 2557 948 2598 versamur
989 2542 1301 2612 opinionum
1347 2541 1600 2613 procellis
1625 2585 1640 2609 ,
1677 2543 1972 2598 Ecclesiatn
2016 2555 2075 2597 ut
2121 2544 2263 2613 quod

661 2633 946 2704 potissinte
968 2635 1118 2703 sequi
1145 2633 1340 2690 debeat
1364 2633 1691 2701 stabiliatnr,
1716 2633 1967 2688 conciliis
1996 2633 2262 2702 indigere.

662 2728 922 2795 Quamvis
943 2728 1086 2784 enim
1112 2729 1340 2784 fortasse
1359 2728 1508 2783 nullo
1536 2744 1790 2798 umquam
1815 2741 2080 2798 tempore,
2104 2744 2266 2798 quam

663 2836 811 2876 nunc
857 2831 1017 2886 sunt,
1066 2822 1371 2876 necessaria
1421 2821 1591 2890 magis
1617 2821 1950 2875 exstiterunt
1993 2819 2220 2874 concilia
2248 2863 2263 2886 ,

665 2914 860 2984 quibus
900 2929 1112 2985 sponsae
1157 2913 1392 2976 Christi,
1441 2929 1598 2980 quam
1648 2914 1764 2984 ipse
1822 2913 1922 2968 sibi
1974 2916 2107 2968 emit
2157 2931 2264 2969 non

669 3007 905 3059 omnibus
928 3006 1111 3071 undis,
1144 3005 1240 3059 sed
1273 2996 1436 3058 totius
1469 3004 1894 3060 innocentissimi
1926 3005 2010 3058 sui
2041 3006 2262 3074 sangui-

2374 1822 2497 1862 mox
2545 1804 2866 1861 Constantio
2912 1806 3198 1871 defuncto,
3249 1804 3626 1875 revocatisque
3670 1805 3799 1860 novi
3831 1806 3977 1874 prin—

2369 1900 2509 1970 cipis
2551 1899 2732 1955 edicto
2782 1901 2836 1954 in
2885 1898 3130 1970 proprias
3156 1898 3313 1953 sedes
3363 1899 3430 1951 ab
3471 1897 3662 1952 exsilio
3705 1897 3975 1968 cpisc0pis

2370 2003 2561 2048 secuta
2588 2005 2672 2048 eSt
2703 2010 2716 2045 :
2748 2005 2899 2048 certe
2925 2002 3183 2062 agnoscet
3215 1991 3502 2045 Dominum
3543 1990 3807 2045 laboranti
3839 2007 3973 2062 apo-

2367 2087 2630 2143 stolorum
2679 2087 2941 2142 navicula:
2970 2095 3168 2157 prtcsto
3194 2085 3490 2152 adstitisse,
3522 2094 3575 2140 ct
3619 2085 3817 2140 divintr
3860 2101 3977 2142 sum

2369 2179 2668 2249 Majcstalis
2721 2178 3010 2246 praesentia
3067 2180 3467 2246 quassationent
3537 2177 3681 2230 illam
3729 2179 3973 2234 sedasse.

2371 2273 2600 2328 Moritur
2650 2273 2784 2326 enim
2836 2272 3029 2330 bestia.
3063 2269 3239 2342 inquit
3263 2268 3622 2342 l-lirrooymns
3669 2269 3976 2341 (Aduersus

2370 2364 2656 2436 Lucifera),
2676 2376 2722 2418 et
2753 2364 3102 2435 tranquillitas
3126 2366 3276 2416 redit.
3302 2363 3368 2416 Et
3388 2378 3519 2418 sane
3539 2363 3731 2425 πολλὰς
3757 2369 3843 2419 καὶ
3869 2386 3977 2420 πα-

2368 2459 2614 2536 ραδόξους
2642 2457 2789 2520 ἔδοὺς
2815 2463 3079 2536 σωτηρίας
3106 2455 3205 2515 οἶδε
3236 2459 3295 2514 τὸ
3324 2459 3460 2514 θεῖον
3486 2467 3801 2517 καινοτομεῖν
3817 2462 3978 2515 νεύων

2369 2555 2501 2628 πρὸς
2525 2551 2893 2628 φιλάνθρωπον.

2446 2646 2576 2711 Quis
2607 2648 2750 2698 ettitn
2785 2659 3036 2713 umquam
3065 2643 3344 2711 crederet,
3388 2644 3487 2699 nisi
3515 2645 3754 2700 omnium
3787 2653 3978 2700 aucto-

2371 2751 2490 2790 rum
2525 2737 2636 2790 fere
2687 2736 2804 2806 ejus
2835 2737 3018 2790 szcculi
3053 2737 3246 2792 litteris
3293 2747 3543 2792 testatum
3591 2737 3747 2793 nobis
3791 2748 3975 2806 esset,

2370 2825 2670 2883 draconem
2703 2827 2858 2882 illutn
2887 2839 3190 2898 apostatam
3227 2829 3505 2885 Julianum
3531 2872 3546 2900 ,
3579 2829 3817 2888 Mentem
3859 2848 3979 2886 ma-

2377 2936 2538 2990 gnam
2569 2921 2637 2977 de
2677 2937 2779 2992 qua
2808 2921 2997 2988 Isaias,
3033 2933 3195 2995 atque
3215 2924 3499 2996 Assyrium
3520 2967 3534 2986 .
3565 2925 3661 2996 qui
3689 2925 3822 2980 nihil
3871 2936 3979 2981 tam

2373 3028 2438 3067 ex
2489 3015 2717 3083 imperio
2768 3016 3148 3085 concupierat,
3197 3033 3358 3088 quam
3393 3031 3449 3072 ιιι
3479 3019 3796 3090 religionem
3837 3020 3983 3076 chri-

672 3097 756 3150 nis
789 3096 1100 3166 profusione
1127 3137 1141 3160 ,
1163 3095 1230 3150 ab
1261 3096 1467 3149 ambitu
1494 3137 1508 3161 ,
1538 3095 1760 3150 avaritia
1790 3139 1805 3160 ,
1839 3095 2230 3152 nnndinatione
2252 3141 2266 3164 ,

2377 3105 2606 3159 stianatn
2638 3107 2874 3161 funditus
2909 3108 3196 3175 perderet,
3228 3109 3294 3164 ad
3321 3125 3479 3180 quam
3502 3111 3892 3181 evertendam,
3925 3123 3984 3168 ut

668 3189 967 3258 ignorantia
995 3230 1010 3254 ,
1043 3202 1364 3255 morumque
1406 3187 1662 3256 Spurcitia
1703 3197 1861 3257 atque
1909 3187 2266 3244 obscenitate

666 3280 952 3336 vindicatur.
982 3279 1251 3350 genuinus
1304 3279 1454 3334 color
1502 3294 1564 3334 ac
1612 3279 1863 3349 splendor
1908 3279 2260 3346 restituatur,

667 3375 950 3444 disciplina
991 3373 1081 3430 illa
1107 3415 1123 3439 ,
1158 3388 1318 3442 quam
1351 3372 1596 3442 Apostoli
1629 3380 1683 3427 et
1711 3373 1802 3444 qui
1832 3373 1900 3428 ab
1927 3373 1990 3427 iis
2021 3374 2265 3442 proximi

669 3465 987 3537 religionem
1003 3464 1420 3530 constituerunt,
1441 3465 1590 3520 velut
1614 3481 1822 3520 murum
1842 3465 2109 3521 aheneum
2133 3481 2266 3522 con-

679 3568 760 3612 tra
784 3557 1048 3628 ejusmodi
1067 3557 1345 3612 cltaritatis
1357 3569 1518 3628 atque
1535 3557 1748 3612 unionis
1767 3567 1943 3628 pestes
1968 3559 2268 3628 praetende-

674 3659 838 3717 runt,
869 3658 1136 3704 vetustate
1179 3648 1441 3718 temporis
1467 3665 1534 3704 an
1567 3656 1841 3718 pastorum
1874 3651 2120 3706 socordia
2148 3653 2265 3706 col-

671 3741 820 3813 lapsa
871 3750 1211 3796 restauretur
1251 3740 1645 3809 excitetnrque,
1672 3750 1726 3796 et
1752 3756 1908 3797 sacro
1939 3743 2118 3797 ordini
2139 3760 2268 3800 suus

675 3833 850 3888 honor
870 3847 1075 3903 suaque
1105 3831 1400 3886 auctoritas
1442 3831 1757 3900 reSIituatur
1796 3849 1809 3886 :
1841 3849 1960 3902 quae
2023 3844 2078 3888 ut
2123 3846 2267 3889 sarta

674 3932 1341 4002 tectaque‘conscrvarent
1383 3923 1674 3992 primicerii
1725 3925 1801 3980 illi
1843 3925 2123 3996 religionis
2168 3939 2269 3982 au-

674 4030 888 4084 ctores,
944 4017 1234 4088 quotannis
1281 4016 1518 4088 synodos
1561 4017 1925 4088 provinciales
1955 4020 2037 4075 bis
2084 4019 2266 4090 colligi

675 4110 1102 4182 congregat-ique
1145 4119 1491 4166 statuerant:
1525 4111 1682 4176 licet,
1733 4110 1991 4181 inquam,
2038 4110 2270 4168 fortasse

675 4203 740 4258 ad
771 4204 885 4258 haec
906 4201 1210 4259 revocanda
1253 4203 1659 4272 reparandaque
1688 4203 1934 4259 conciliis
1971 4219 2226 4274 egeamus
2252 4221 2265 4270 ;

677 4304 733 4350 ιιι
766 4305 944 4351 tamen
977 4295 1119 4350 aliud
1171 4303 1451 4350 teneamus
1501 4311 1659 4366 quam
1706 4297 1848 4367 quod
1900 4297 2161 4355 hactenus
2214 4301 2267 4354 ιιι

677 4389 918 4444 Ecclesia
944 4388 1208 4444 creditum
1231 4387 1685 4460 observatumque
1709 4401 1812 4456 est,
1843 4394 2074 4450 concilio
2103 4396 2268 4450 statui

2367 3198 2643 3267 quondam
2671 3198 2847 3254 Julius
2876 3200 3057 3256 Caesar
3088 3201 3156 3256 ad
3181 3201 3374 3273 Rentp.
3405 3204 3842 3275 opprimendam,
3895 3221 3982 3262 so-

2371 3290 2524 3345 brius
2555 3300 2889 3351 accesserat.
2925 3294 3377 3350 restaurationem
3426 3297 3550 3351 tidt-i
3579 3297 3820 3354 Nicarna:
3851 3316 3981 3354 con—

2373 3379 2722 3452 cordiamque
2777 3384 3156 3454 episcoporum
3207 3388 3583 3456 promovisse?
3635 3389 3770 3444 Cum
3835 3393 3979 3448 cnitn

2371 3487 2561 3526 omnes
2592 3473 2990 3544 proptcrtidetn
3019 3475 3372 3533 chrisﬁanam
3395 3481 3618 3537 exsules
3667 3483 3981 3556 cujuscujus

2373 3574 2536 3619 secta:
2561 3575 2749 3622 essent
2779 3579 3111 3630 revocasset,
3157 3578 3363 3626 tantum
3389 3582 3445 3626 ut
3477 3573 3598 3629 illas
3627 3576 3836 3644 turbas,
3867 3578 3983 3648 qui-

2374 3659 2476 3713 bus
2499 3668 2626 3714 tunc
2655 3660 2902 3716 Ecclesia
2934 3657 3251 3732 vexabatur,
3280 3665 3453 3723 aleret
3481 3681 3544 3722 ac
3575 3667 3873 3737 retineret;
3904 3672 3986 3727 di-

2371 3765 2760 3822 versarumqne
2789 3763 3057 3809 sectarum
3088 3755 3286 3822 duces,
3315 3773 3439 3828 qua:
3463 3761 3857 3830 propemodum
3891 3762 3985 3818 illo

2375 3854 2620 3916 tempore
2650 3845 2873 3901 infinitio
2905 3849 3158 3916 fuerunt,
3206 3851 3342 3906 intra
3391 3852 3582 3909 eadem
3629 3857 3831 3912 moenia
3884 3858 3988 3913 de-

2371 3951 2563 4009 gentes
2584 3940 2734 3996 velat
2779 3940 3114 3998 infestissimi
3160 3943 3347 4001 hostes
3391 3947 3638 4005 cominus
3683 3951 3871 4007 acrius
3928 3967 3989 4010 se

2375 4041 2560 4085 mutuo
2610 4043 3096 4104 persequerentur,
3140 4037 3408 4108 citiusque
3459 4041 3801 4100 conﬁcerent
3831 4064 3847 4098 :
3879 4046 3987 4100 im-

2377 4126 2754 4193 perscrutahili
2778 4135 2957 4184 tamen
2993 4129 3090 4185 Dei
3115 4132 3476 4201 protidentia,
3507 4151 3628 4205 quia
3649 4138 3812 4192 siculi
3841 4140 3990 4208 apud

2376 4216 2630 4274 llermam
2661 4218 2939 4276 Pastorem
2993 4222 3223 4294 legimus
3246 4266 3260 4290 ,
3295 4244 3314 4277 ι
3351 4227 3405 4281 in
3449 4227 3644 4283 bonum
3678 4231 3785 4286 sibi
3821 4233 3990 4289 vertit

2375 4309 2540 4364 etiam
2590 4311 2822 4378 peSsinta
2847 4327 2861 4377 ;
2905 4323 2962 4368 ut
2991 4329 3086 4384 per
3110 4315 3408 4373 Ecclesiam
3440 4319 3724 4389 multiplex
3751 4324 3874 4392 ejus
3901 4340 3990 4380 sa-

2376 4402 2578 4470 pientia
2624 4415 2927 4474 appareat,
2974 4409 3274 4464 secundum
3324 4414 3723 4482 prmscientiam
3755 4419 3989 4476 steculo-

676 4497 784 4537 non
833 4495 994 4552 posse
1020 4481 1276 4537 arbitror.
1316 4500 1334 4532 ι
1372 4481 1484 4538 Hoc
1527 4483 1674 4538 enim
1709 4501 1924 4556 semper
1963 4505 1981 4538 ι
2006 4529 2020 4552 ,
2054 4497 2110 4541 ιιι
2139 4491 2266 4544 scri-

2381 4510 2496 4550 run:
2526 4511 2685 4564 quam
2709 4495 2835 4553 fecit
2869 4499 2921 4553 in
2951 4499 3203 4567 Christo,
3240 4521 3259 4556 ι
3293 4504 3452 4559 trium
3505 4506 3721 4562 illorum
3771 4511 3990 4567 confes-

683 4584 843 4651 ptum
871 4572 1090 4642 reliquit
1117 4572 1440 4642 Peregrinus
1481 4573 1574 4629 ille
1621 4574 1914 4632 Lirinensis
1945 4578 2096 4648 (cap.
2127 4580 2230 4651 52)
2255 4623 2272 4649 ,

683 4684 701 4716 ι
739 4680 840 4720 nec
874 4665 1166 4734 quidquam
1215 4674 1476 4735 praeterea
1524 4667 1901 4724 haereticorum
1944 4675 2274 4730 novitatibus

677 4758 906 4813 excitata
949 4757 1172 4826 perfecit
1213 4757 1492 4815 Ecclesia.
1541 4759 1643 4814 nisi
1675 4770 1732 4814 nt
1759 4762 1902 4832 quod
1953 4764 2066 4817 sola
2110 4766 2274 4822 tradi-

679 4851 826 4906 tione
881 4863 1232 4920 susceperat,
1287 4849 1393 4905 hoc
1454 4851 1648 4908 deinde
1700 4857 1930 4922 posteris
1962 4857 2124 4912 etiam
2180 4876 2274 4927 per

675 4942 1029 5011 scriptionetn
1051 4942 1400 5013 chirographi
1431 4945 1796 5015 consignaret,
1818 4965 2065 5017 magnam
2091 4969 2270 5008 reruni

676 5050 942 5092 summam
995 5035 1176 5104 paucis
1205 5036 1398 5090 litteris
1436 5057 1454 5090 ι
1485 5079 1499 5104 ,
1535 5055 1729 5110 nempe
1770 5041 1936 5114 746
1976 5044 2271 5116 Symbolo,

681 5147 698 5178 ι
729 5127 1264 5197 comprehendendo,
1293 5136 1350 5183 et
1373 5130 1684 5200 plerumque
1717 5145 1935 5201 propter
1969 5137 2276 5208 intelligen-

675 5219 766 5274 tiae
795 5219 1002 5282 lucem,
1053 5234 1162 5272 non
1211 5234 1411 5274 novum
1449 5219 1571 5274 lidci
1601 5236 1820 5277 sensum
1854 5240 2008 5280 nova:
2035 5231 2274 5297 appella-

676 5313 843 5366 tionis
895 5313 1226 5380 prOprietate
1269 5313 1658 5383 c0ttsignantlo.
1719 5335 1738 5369 ι
1795 5317 2072 5388 Ejusmodi
2121 5323 2266 5378 enim

674 5405 791 5474 pias
817 5403 1104 5470 novitates,
1132 5403 1182 5457 id
1215 5413 1299 5459 est
1333 5421 1352 5456 ι
1393 5404 1676 5460 adversum
1702 5422 1836 5462 nova
1871 5425 2074 5465 venena
2099 5430 2268 5471 novas

674 5496 1189 5552 medicamentorum
1236 5496 1710 5566 comparationes,
1747 5519 1766 5552 ι
1821 5511 1879 5555 ιιι
1924 5517 2018 5559 eas
2083 5518 2268 5562 noster

672 5588 904 5644 llitarius
929 5598 1084 5643 vocat
1116 5588 1193 5658 (in
1216 5588 1482 5644 Constant.
1512 5606 1565 5644 ιι.
1589 5589 1704 5662 l6),
1739 5611 1760 5646 ‹
1783 5591 2070 5651 adversum
2095 5613 2265 5655 novos

674 5686 856 5740 hostes
885 5698 1019 5738 nova
1049 5681 1219 5750 bella,
1249 5681 1534 5740 adversum
1567 5697 1735 5745 novas
1781 5684 2006 5748 insidias
2031 5690 2259 5749 concilia

2379 4603 2561 4642 sorum
2589 4589 2659 4642 ab
2685 4591 2879 4644 exsilio
2904 4607 3252 4649 reversornm
3284 4597 3595 4667 diligentia,
3629 4601 3844 4668 labore,
3875 4603 3991 4659 Sol-

2377 4681 2655 4737 licitutline
2706 4699 2895 4740 omnes
2936 4685 3070 4751 fere,
3101 4687 3196 4758 qtti
3250 4690 3576 4748 Ariminensi
3627 4696 3826 4752 sceleri
3873 4699 3989 4754 sive

2377 4772 2726 4842 simplicitate
2751 4775 3001 4845 decepti,
3031 4793 3126 4834 seu
3159 4789 3302 4835 metu
3336 4785 3640 4853 perterriti,
3670 4787 3789 4843 sive
3823 4791 3988 4846 etiam

2381 4865 2579 4922 Ariana
2637 4867 2756 4922 labe
2806 4870 2986 4926 inlecti
3035 4873 3504 4942 subscripserunt,
3533 4879 3751 4948 culpam
3784 4898 3989 4954 agnos-

2379 4972 2595 5027 centes,
2653 4962 2924 5020 Nicmnam
2967 4967 3127 5023 fidem
3180 4971 3465 5040 amplems
3518 4989 3680 5045 supra
3727 4978 3985 5034 vidtntus.

2377 5055 2652 5124 Siquidem
2685 5063 2957 5114 communi
3007 5072 3247 5118 externae
3298 5069 3691 5135 perm-curionis
3743 5073 3990 5141 periculo

2378 5150 2671 5213 commoti,
2703 5151 2846 5205 velut
2879 5153 3289 5223 Syncretismo,
3339 5162 3390 5212 in
3435 5177 3595 5216 unam
3645 5165 3812 5219 fidem
3859 5183 3992 5222 coa-

2379 5239 2628 5306 luerunt,
2678 5257 2785 5298 non
2813 5247 2966 5312 paut-i
2999 5248 3160 5303 etiam
3191 5264 3256 5304 ex
3285 5249 3557 5308 haereticis
3605 5271 3880 5329 martyres
3906 5262 3990 5315 ef-

2377 5329 2502 5387 fecti
2548 5343 2692 5388 sunt.
2729 5337 2928 5407 liminis
2966 5343 3108 5396 enim
3161 5343 3356 5402 divinat
3404 5349 3667 5404 voluntati
3713 5353 3990 5410 obsistere

2375 5428 2576 5494 queat?
2621 5445 2649 5482 a
2696 5443 2798 5499 qua
2829 5433 2993 5488 etiam
3019 5475 3032 5499 ,
3064 5445 3120 5490 ut
3144 5443 3343 5494 eximie
3369 5456 3398 5494 a
3425 5441 3705 5498 Clemente
3747 5446 3990 5502 Alexan-

2371 5514 2531 5570 drino
2557 5519 2776 5587 scriptis
2806 5525 3060 5578 traditum
3093 5536 3208 5592 est,
3240 5535 3326 5585 καὶ
3354 5534 3409 5587 αἰ
3434 5540 3533 5588 τῶν
3561 5536 3983 5595 ἀποστησὰντςιιν

2367 5609 2552 5678 βουλαί
2579 5633 2632 5666 τε
2655 5618 2738 5668 καὶ
2763 5617 3006 5690 ἐνέργειαι
3032 5620 3387 5697 κυϐηρνῶνται
3427 5628 3510 5680 ἐπὶ
3548 5628 3687 5688 τέλος
3731 5630 3976 5702 ὑγιεινὸν.

2364 5713 2455 5763 τῆς
2510 5703 2606 5780 γάρ
2656 5707 2792 5769 θείας
2847 5714 3023 5784 σοφίας
3052 5717 3140 5773 καὶ
3167 5717 3350 5792 ἀρετῆς
3395 5724 3476 5779 καὶ
3524 5718 3788 5796 δυνάμεως
3830 5724 3977 5802 εἶργεν-δ
