4246 6254
271 391 382 487 913.

1425 401 1697 460 NICOLM
1755 401 1959 459 FABRI
1999 401 2387 463 ΡΠΛίΙῗΛΤΙΟ.

3469 408 3574 466 9H

271 515 409 570 ἐστὶν
433 515 492 571 οὐ
515 515 664 590 μόνον
692 519 748 575 τὸ
773 519 1111 594 ἀοίαοοποιεῐν,
1154 521 1279 576 ἀλλά
1300 524 1495 596 κᾴκεῐνο
1525 524 1775 593 μάλιστα,
1802 523 1861 577 τὸ

1974 535 2090 576 cum
2117 563 2132 587 ,
2184 523 2402 593 inquam
2429 567 2445 594 ,
2503 542 2679 600 neque
2711 530 2842 587 illud
2871 538 3131 602 pervetus
3158 526 3436 598 exemplar
3482 527 3578 580 lia-

269 603 356 660 διά
372 616 535 661 κακῶν
557 617 657 664 τῶν
685 613 1038 669 ὲπινοηῦἐντων
1084 611 1212 690 πρὸς
1253 621 1421 672 τινῶν.
1468 612 1657 686 ἀγαθόν
1693 635 1745 668 τι
1789 615 1873 667 καὶ

272 701 508 772 χρηστὸν
527 701 666 764 τέλος
689 704 955 759 ἀποτελεῖν
977 708 1062 758 καὶ
1089 706 1348 778 ὠφελίμως
1379 715 1485 768 τοῖς
1515 704 1730 762 δοκοῦσι’
1746 704 1874 778 φαύ-

266 791 372 852 λοις
412 797 664 867 χρῆσθαι.

339 882 430 939 58.
476 884 791 955 Fragmenta
835 889 942 943 lucc
992 890 1180 945 divina:
1226 893 1563 962 providentia:
1608 905 1738 947 nutu
1786 892 1869 944 iit-

267 985 438 1030 venta.
489 978 726 1034 Cassiani
781 982 901 1036 libri
956 983 1020 1036 de
1078 983 1464 1039 lncornatione.
1496 1015 1568 1027 —
1617 985 1871 1052 Ejusdem

265 1069 429 1122 etiam
459 1071 812 1139 providentia:
839 1089 976 1143 opus
1002 1090 1123 1130 esse
1151 1077 1280 1130 mihi
1307 1078 1642 1148 persuadeo.
1676 1087 1732 1131 ut
1759 1076 1874 1130 ha‘c

266 1155 594 1229 Fragmenta
628 1159 1110 1221 turbulentissimis
1134 1170 1250 1223 istis
1273 1169 1606 1239 temporibus
1639 1168 1874 1223 maxime

263 1248 438 1307 lucem
484 1270 838 1326 recuperent,
871 1275 966 1329 per
993 1260 1154 1333 747
1184 1278 1304 1332 qua:
1348 1262 1413 1316 ad
1447 1262 1712 1332 ejusmodi
1743 1277 1870 1316 cou-

267 1345 657 1404 siderationem
697 1350 939 1406 historiae
963 1352 1180 1408 excitati
1205 1396 1218 1414 ,
1245 1369 1394 1424 Spem
1425 1365 1627 1409 certam
1655 1372 1718 1410 ex
1758 1355 1873 1424 ejus

260 1441 577 1508 eogttitione
615 1445 988 1515 eooeipiamus
1013 1487 1028 1514 ,
1077 1450 1560 1520 quotienscumque
1605 1450 1870 1503 scelerum

261 1541 579 1589 nostrorum
610 1549 708 1590 nos
749 1538 890 1592 bene
913 1547 1075 1606 atque
1102 1555 1167 1593 ex
1194 1540 1376 1594 animo
1405 1541 1718 1610 ptenituerit
1741 1581 1757 1606 ,
1789 1540 1873 1595 di-

262 1625 446 1681 viuam
490 1643 710 1682 manum
738 1643 845 1683 non
891 1631 1132 1685 mutilam
1165 1646 1228 1687 ac
1245 1632 1580 1688 decurtatam
1614 1641 1868 1703 expertu-

262 1734 359 1774 ros
379 1763 394 1786 ,
426 1721 788 1793 eamdemque
817 1723 1104 1779 Dominum
1137 1725 1460 1795 periclitanti
1491 1727 1872 1795 Apostolorum

263 1814 533 1870 navicula
580 1816 1024 1886 tranquillitatem
1075 1818 1306 1873 solidam
1336 1833 1400 1873 ac
1440 1817 1649 1873 ﬁrmam
1692 1817 1874 1873 reddi-

1977 613 2120 678 buit,
2168 615 2262 669 sed
2311 625 2516 672 tantum
2562 620 2759 677 abhinc
2787 635 3004 678 centum
3035 622 3191 678 annis
3243 621 3296 674 in
3353 619 3578 683 charta,

1977 723 2140 761 tnauu
2168 709 2382 777 gallica,
2413 727 2510 767 nec
2534 713 2753 769 latinam
2784 717 3022 788 linguam
3055 716 3189 772 satis
3219 713 3579 785 percipienlc.

1975 799 2215 853 Confusis
2245 799 2575 858 dictionibus
2613 808 2869 877 scriptam
2897 851 2911 873 ,
2945 809 3089 879 quod
3122 818 3388 878 prieterea
3416 806 3584 860 etiam

1977 890 2234 947 librorum
2268 893 2512 950 Cassraui
2550 899 2618 954 de
2649 900 3024 958 loearnatione
3055 901 3260 956 Chriin
3309 901 3585 970 epitomeu

1975 984 2165 1039 eadem
2213 1002 2377 1042 manu
2431 991 2688 1060 scriptam
2740 996 3088 1060 contini-ret,
3142 995 3287 1048 illam
3354 991 3589 1048 fortasse

1976 1093 2137 1145 quam
2183 1078 2506 1137 Eucherium
2563 1084 2976 1153 Lugdunensem
3032 1088 3350 1156 cpiscOputn
3401 1084 3590 1141 confe-

1975 1168 2118 1225 cisse
2151 1172 2301 1225 testis
2333 1183 2417 1227 est
2439 1173 2773 1231 Gennadius.
2803 1177 2932 1232 lude
2973 1194 3129 1247 spem
3175 1186 3503 1246 conceperat
3534 1185 3592 1230 et

1976 1263 2254 1328 antiquum
2289 1267 2566 1335 exetnplar
2591 1310 2604 1332 ,
2651 1271 2795 1324 unde
2824 1285 3013 1326 recens
3063 1269 3198 1325 illttd
3245 1270 3581 1337 exscriptum

1978 1352 2181 1420 fuerat,
2235 1355 2454 1412 aliunde
2511 1363 2822 1431 recuperari
2871 1379 3032 1430 posse
3068 1380 3080 1416 :
3115 1377 3240 1430 qua:
3286 1375 3449 1416 causa
3493 1361 3595 1418 fuit

1975 1459 2073 1498 cur
2130 1447 2332 1501 tamdiu
2387 1464 2572 1505 eorum
2636 1453 2932 1508 editionem
2975 1453 3324 1508 sustinuerit.
3373 1453 3428 1508 lu
3479 1472 3590 1524 quo

1975 1547 2124 1592 certe
2172 1538 2243 1592 illi
2287 1539 2388 1596 hoc
2432 1540 2739 1600 felicissime
2764 1547 3022 1617 Contigit,
3058 1556 3120 1600 ut
3150 1546 3202 1599 iu
3253 1544 3594 1613 publicandis

1977 1627 2190 1685 duobus
2241 1629 2361 1688 istis
2410 1634 2632 1689 exitntis
2687 1638 3026 1707 antiquitatis
3075 1623 3450 1693 monumentis
3481 1641 3590 1696 fato

1979 1721 2313 1790 interceptus
2345 1727 2606 1794 przeclare
2635 1738 2809 1783 actam
2842 1731 2965 1785 vita:
3009 1730 3249 1786 fabulam
3295 1730 3592 1790 illustriore

1976 1811 2086 1866 ﬁne
2134 1815 2295 1868 veluti
2350 1816 2568 1887 Cyguea
2622 1821 2878 1875 cautione
2908 1822 3284 1876 concluderet.
3329 1822 3592 1888 Quamvis

262 1917 468 1970 turum.
501 1906 686 1978 Longe
707 1909 849 1963 enim
883 1924 1003 1964 mea
1031 1910 1292 1980 Opinione
1336 1921 1518 1976 errat,
1548 1912 1591 1964 si
1627 1909 1750 1981 quis
1773 1925 1874 1980 ptt-
1901 1916 1951 1977 Β
1979 1918 2112 1960 sane
2164 1905 2538 1962 difficillimum
2592 1908 2754 1966 fuerit
2801 1913 2972 1967 virum
3032 1913 3230 1982 ingenii
3251 1955 3268 1979 ,
3313 1915 3591 1986 animique

262 2010 341 2056 lat
368 2001 671 2057 haeresihus
693 2045 706 2068 ,
751 2019 869 2073 qua:
901 2004 1146 2074 plurimae
1175 2015 1346 2060 totum
1378 2007 1489 2060 fere
1516 2004 1703 2060 orbem
1738 2020 1860 2076 per-

258 2106 527 2166 vagantur
561 2106 723 2167 atque
751 2098 1116 2165 conturbant,
1161 2098 1281 2170 plus
1305 2099 1500 2154 virium
1546 2114 1610 2154 ac
1655 2099 1869 2154 roboris

260 2189 314 2242 in
366 2202 588 2243 suorum
643 2189 999 2244 sectariorum
1051 2191 1209 2246 malis
1257 2191 1453 2246 animis
1480 2201 1572 2244 aut
1614 2190 1868 2246 versutiis

259 2281 466 2347 inesse,
497 2297 655 2353 quam
680 2283 733 2338 iu
758 2285 957 2337 nostris
987 2284 1133 2338 vitiis
1173 2299 1237 2339 ac
1266 2283 1586 2338 sceleribus.
1617 2283 1865 2352 Quapro-

259 2383 382 2444 pter
413 2381 471 2427 ut
497 2373 694 2428 diviuze
719 2373 982 2444 Majestati
1019 2389 1117 2444 pro
1151 2373 1253 2430 hac
1282 2375 1479 2429 eximia
1513 2374 1598 2430 sui
1626 2373 1867 2429 numinis

258 2464 312 2520 in
361 2480 462 2520 nos
517 2466 850 2537 benignitate
900 2483 1194 2537 numquam
1258 2484 1356 2538 pro
1405 2469 1614 2524 meritis
1672 2467 1866 2538 dignas

257 2572 422 2627 agere
480 2559 680 2627 gratias
729 2557 810 2612 vel
853 2558 1035 2613 animo
1075 2558 1364 2630 concipere
1411 2572 1738 2629 possumus,
1793 2559 1868 2612 ita

255 2651 427 2706 etiam
457 2649 566 2720 piis
591 2649 778 2720 optimi
805 2650 902 2704 viri
926 2659 980 2706 et
1001 2650 1068 2706 de
1088 2666 1288 2720 genere
1320 2650 1555 2704 humano
1587 2649 1726 2704 bene
1752 2663 1867 2704 me-

255 2743 346 2796 riti
378 2741 575 2796 Pithtei
613 2743 783 2796 uestri
814 2743 1062 2797 manibus
1086 2784 1100 2807 ,
1148 2744 1232 2797 oui
1265 2759 1364 2797 nos
1393 2743 1509 2796 haec
1538 2742 1862 2812 Fragmenta

257 2836 466 2892 debere
498 2850 707 2890 summa
740 2836 832 2891 illa
882 2836 1137 2905 majesms
1163 2835 1365 2901 voluit,
1403 2850 1588 2904 parem
1635 2835 1863 2904 gratiam

255 2929 465 2986 referre
497 2927 583 2982 vix
632 2942 696 2982 ac
736 2943 805 2983 ne
831 2929 918 2983 vix
961 2929 1179 2998 quidem
1210 2928 1500 2983 valeamus.
1533 2926 1668 2981 Cum
1721 2925 1866 2979 enim

257 3023 340 3078 sic
368 3021 528 3076 vitam
563 3021 679 3091 ipse
713 3021 1071 3084 instituisset,
1106 3031 1164 3074 ut
1186 3017 1472 3075 commoda
1504 3018 1714 3086 publica
1743 3015 1866 3070 ubi-

258 3131 368 3188 que
399 3115 636 3185 pr0priis
667 3116 898 3185 negotiis
929 3121 1316 3186 prazverteret,
1358 3111 1723 3180 smrienteque
1757 3109 1866 3163 Lu-

259 3209 408 3266 tetiaa
440 3209 782 3280 pestilentia.
841 3207 1284 3278 Angttstobonam
1333 3204 1659 3260 Tricitssium
1689 3246 1702 3269 ,
1745 3219 1866 3274 quae

259 3302 397 3356 illud
440 3271 608 3356 nobis
648 3299 800 3355 sidus
851 3271 1132 3366 ediderat,
1188 3298 1538 3358 secessisset;
1599 3271 1786 3352 nactus
1833 3311 1862 3350 a
1891 3271 1940 3338 (ἶ

258 3393 558 3450 Fraucisco
589 3392 782 3461 fratre,
811 3395 930 3448 viro
963 3394 1181 3464 propria
1215 3392 1375 3447 laude
1405 3392 1620 3447 virtutis
1659 3399 1716 3446 et
1739 3389 1869 3444 doc-

262 3487 426 3541 trina:
447 3485 779 3551 clarissimo,
813 3495 867 3540 et
898 3486 1059 3556 plane
1097 3494 1244 3542 tautu
1271 3485 1420 3539 fratri
1447 3498 1706 3555 germano
1727 3523 1742 3544 ,
1773 3495 1869 3535 ve-

260 3591 351 3636 tus
410 3581 687 3652 exemplar
737 3578 1046 3634 fabularum
1096 3577 1440 3648 Estipiarum
1493 3568 1759 3646 improbi,
1813 3581 1873 3626 ut

255 3689 385 3728 eum
419 3682 578 3726 Vocat
627 3671 891 3726 Martialis
917 3712 932 3736 ,
983 3670 1221 3734 Pha-dri,
1264 3687 1372 3741 quo
1403 3684 1568 3739 opere
1593 3667 1865 3724 eruditum

255 3767 464 3822 Tiberii
513 3769 773 3823 sarculum
826 3767 959 3822 nihil
990 3768 1271 3822 venustius
1321 3765 1689 3836 elegantiusve
1743 3779 1870 3832 pro-

259 3861 420 3926 tulit,
456 3861 540 3916 vel
576 3862 732 3932 hujus
782 3863 866 3916 sui
895 3876 1146 3918 secessus
1197 3862 1461 3916 rationem
1499 3861 1711 3931 publice
1736 3877 1866 3916 con-

257 3965 410 4010 stare
453 3953 639 4008 voltnt.
696 3955 889 4025 Itaque
948 3955 1252 4024 procuratis
1291 3952 1700 4009 characteribus
1770 3967 1868 4022 pro

257 4057 426 4117 captu
451 4046 600 4101 urbis
623 4047 844 4118 quidem
879 4061 1088 4117 magna:
1128 4055 1182 4101 et
1209 4046 1505 4115 frequentis
1529 4085 1542 4108 ,
1587 4044 1682 4100 sed
1725 4060 1868 4099 mer-

258 4151 466 4196 eatnrre
511 4155 574 4194 ac
620 4139 953 4194 commercio
1001 4140 1216 4209 penitus
1243 4138 1473 4193 addictae
1503 4147 1664 4207 atque
1703 4152 1865 4192 occu-

259 4243 436 4308 potae.
469 4234 720 4289 alitteris
775 4247 907 4288 vero
954 4235 1166 4301 penitus
1217 4233 1442 4296 alienm,
1490 4231 1864 4300 elegantibus,

259 4326 654 4395 coutluctisque
685 4325 902 4395 operis,
938 4325 1060 4380 illas
1093 4324 1302 4378 fabulas
1333 4337 1431 4376 suo
1455 4331 1673 4392 sumptu
1705 4331 1868 4389 atque

263 4419 387 4474 hinc
408 4417 731 4486 Fragmenta
760 4418 902 4490 typis
932 4415 1151 4487 vulgare
1177 4415 1478 4471 constituit.
1510 4415 1565 4470 lu
1589 4432 1688 4485 qua
1721 4416 1870 4485 cogi-

267 4510 473 4566 tatione
513 4511 778 4565 absolutis
810 4509 1006 4564 fabulis
1029 4553 1042 4575 ,
1076 4510 1266 4579 hisque
1295 4508 1638 4578 Fragmeutis
1663 4517 1865 4562 tantum

267 4619 380 4656 non
411 4603 475 4655 ad
509 4603 825 4656 umbilicum
857 4601 1152 4672 perductis,
1190 4602 1271 4654 vir
1298 4600 1708 4656 immortalitate
1747 4600 1866 4670 dig-

267 4698 526 4753 nissimus
558 4697 623 4751 ad
651 4698 929 4752 meliorem
977 4697 1139 4750 vitam
1192 4703 1503 4765 assumptus
1554 4705 1656 4748 est.
1690 4694 1868 4748 Adde-

268 4803 390 4842 rem
425 4790 522 4842 hoc
556 4789 676 4843 loco
708 4788 847 4842 unde
897 4787 1010 4842 luec
1059 4787 1219 4841 etiam
1266 4784 1588 4854 Fragmenta
1635 4789 1866 4849 eruerit,

268 4882 377 4954 nisi
405 4882 559 4935 bonis
592 4874 720 4937 viris
748 4881 1011 4950 ejusmodi
1065 4896 1246 4935 rerum
1292 4879 1655 4950 cognitionem
1709 4878 1871 4948 profi-

265 4974 512 5029 tentibus
559 4975 814 5030 ruborem
861 4973 1171 5028 suffundere
1201 4986 1454 5036 vererer,
1507 4972 1599 5042 qui
1647 4971 1868 5026 delites-

260 5069 448 5123 centis
481 5069 640 5138 hujus
673 5068 724 5123 in
756 5067 1097 5123 bibliothecis
1119 5067 1231 5121 suis
1261 5067 1496 5122 thesauri
1522 5067 1666 5122 velut
1694 5067 1869 5137 gallus

262 5163 369 5216 ille
413 5160 673 5230 A3~0pius
721 5162 938 5216 unionis
986 5161 1300 5230 dignitatem
1351 5173 1458 5213 non
1490 5167 1866 5229 agnoverunt,

260 5254 361 5310 vel
393 5255 627 5326 agnitum
660 5269 764 5308 non
794 5255 910 5308 sine
953 5252 1164 5322 publica
1203 5251 1410 5321 jactura
1441 5260 1547 5305 tam
1579 5251 1668 5305 diu
1696 5249 1870 5305 conti—

258 5362 529 5405 nuerunt.
566 5349 748 5403 Dicam
795 5356 1026 5410 tantum,
1059 5345 1200 5415 quod
1248 5344 1587 5415 praetermitti
1632 5359 1735 5398 non
1770 5359 1869 5413 po-

257 5451 420 5502 test,
475 5441 666 5496 borum
701 5441 1145 5507 Fragmeutorum
1198 5437 1413 5492 unicum
1470 5437 1752 5509 exemplar
1780 5436 1871 5490 Pi-

258 5535 482 5589 thmttm
526 5533 750 5588 Lutetia:
795 5546 938 5587 anno
984 5529 1175 5584 salutis
1212 5544 1419 5586 Ctalaxc
1465 5540 1739 5599 repertum
1774 5530 1869 5584 ha-

253 5626 482 5683 buisse.
515 5623 632 5680 Non
665 5625 834 5694 magis
861 5624 1004 5678 enim
1034 5634 1218 5678 n05ter
1246 5623 1334 5679 ille
1365 5621 1599 5678 sedecim
1627 5624 1870 5695 tyrannis

251 5733 534 5789 oppressa
566 5719 716 5782 urbe,
747 5732 905 5787 quam
938 5716 1190 5770 Socrates
1235 5716 1445 5784 triginta
1471 5730 1602 5769 suas
1631 5716 1872 5770 Athenas

251 5813 638 5875 vexantibus,
700 5811 1034 5879 prepositmn
1087 5810 1210 5862 vita:
1287 5808 1576 5863 decursum
1634 5807 1872 5878 philoso-

253 5901 500 5978 phando
527 5917 748 5970 remque
798 5901 1061 5970 publicam
1107 5899 1345 5967 iuvando
1395 5901 1704 5952 intermisit.
1738 5899 1868 5951 Uni-

1893 4650 1948 4711 D

1951 1995 2135 2084 [bonis
2160 1999 2413 2053 onmibus
2439 2003 2844 2058 ornatissimum
2872 2046 2885 2070 ,
2920 2005 3012 2074 qui
3055 2021 3278 2075 semper
3306 2006 3439 2061 illud
3481 2023 3587 2062 an-

1974 2086 2106 2156 tiqui
2143 2101 2314 2158 poeta:
2344 2091 2443 2144 sibi
2663 2096 2941 2162 occineus,
2972 2101 3065 2152 Καὶ
3092 2101 3220 2168 μήτε
3254 2102 3590 2172 παυσαίμεθα

1978 2180 2247 2255 εὐδρῶντες
2275 2184 2510 2260 ϐροτούς,
2540 2201 2699 2243 omne
2721 2188 2890 2253 dium,
2919 2189 3161 2243 laborem
3183 2229 3199 2255 ,
3233 2189 3585 2258 industriam,

1973 2287 2273 2345 omnesque
2305 2277 2661 2346 cogitationes
2701 2294 2827 2334 suas
2869 2278 3100 2349 publicis
3131 2279 3455 2336 utilitatibus
3491 2282 3586 2337 de-

1974 2379 2226 2431 voverat,
2260 2380 2422 2442 atque
2459 2371 2841 2443 impendebat,
2874 2386 2981 2427 non
3020 2373 3073 2428 iu
3098 2387 3266 2444 opere
3307 2375 3574 2444 praeclaro

1974 2470 2150 2516 morte
2179 2461 2536 2532 deprehendi.

2045 2565 2136 2620 39.
2181 2566 2371 2622 Pii/mei
2401 2569 2650 2639 elogium.
2682 2600 2753 2610 —
2783 2571 2860 2626 De
2889 2569 3192 2626 litterarum
3224 2571 3428 2627 studiis
3462 2581 3586 2626 tau-

1975 2667 2088 2713 tum
2117 2675 2226 2716 non
2258 2663 2479 2732 loquor,
2517 2665 2572 2719 in
2599 2665 2795 2734 quibus
2823 2666 3039 2722 assidue
3069 2666 3428 2736 exquirendo,
3461 2683 3586 2738 per-

1975 2755 2268 2809 scrutanda
2299 2756 2680 2820 bibliothecas,
2707 2760 3050 2826 antiquorum
3075 2771 3355 2815 auctorum
3380 2761 3581 2832 scripta

1975 2849 2056 2902 vel
2087 2863 2118 2903 a
2148 2851 2392 2914 mendis,
2424 2852 2506 2906 vel
2537 2853 2608 2908 ab
2629 2853 2850 2908 interitu
2879 2853 3145 2909 vindicata
3178 2854 3578 2924 provnlgando,

1975 2938 2058 2992 vel
2085 2938 2223 2993 alios
2252 2955 2388 3010 quos
2418 2941 2468 2994 in
2501 2957 2563 2997 ea
2608 2959 2668 2996 re
2722 2943 2924 3012 aliquid
2958 2959 3118 3014 posse
3161 2945 3440 3014 judicabat
3485 2962 3584 3002 ex-

1974 3025 2275 3094 hortando,
2320 3030 2648 3100 impelleudo
2675 3073 2690 3096 ,
2733 3041 2896 3102 atque
2922 3035 3083 3088 etiam
3110 3033 3384 3104 juvando,
3433 3037 3581 3092 nullo

1976 3129 2220 3188 tempore
2265 3137 2373 3176 non
2413 3122 2616 3192 aliquid
2665 3126 2829 3180 movit
2872 3140 2936 3180 ac
2982 3127 3270 3196 promovit.
3321 3127 3580 3195 Quamvis

1975 3215 2120 3269 enim
2166 3217 2255 3270 illa
2298 3216 2476 3271 studia
2508 3218 2562 3273 in
2591 3227 2776 3274 nostro
2809 3218 3021 3274 Pithmo
3069 3234 3278 3274 summa
3327 3222 3575 3286 fuerunt,

1973 3307 2345 3378 doctrinaeque
2395 3308 2556 3366 laude
2607 3311 2880 3381 praecipue
2948 3311 3217 3379 innotuit,
3260 3321 3322 3366 ut
3370 3315 3463 3384 qui
3509 3329 3577 3369 ex

1975 3400 2183 3468 primo,
2234 3416 2394 3470 quem
2423 3403 2640 3470 juvenis
2689 3405 2871 3469 dedit,
2924 3405 3210 3475 publicatis
3253 3405 3575 3474 quibusdam

1971 3491 2141 3546 divini
2167 3493 2250 3546 sui
2275 3495 2472 3561 ingenii
2501 3497 2888 3566 experimentis
2911 3538 2927 3561 ,
2953 3496 3277 3550 eruditionis
3310 3497 3577 3552 abstrusa:

1971 3593 2133 3650 atque
2155 3583 2450 3638 recondita:
2497 3595 2656 3655 gustu
2689 3587 2830 3640 inter
2870 3585 3228 3640 litteratorum
3262 3585 3532 3656 principes
3558 3628 3573 3650 ,

1970 3675 2054 3728 vel
2086 3675 2414 3746 sufl'ragante
2449 3677 2675 3743 invidia,
2701 3677 2768 3732 ab
2799 3677 2866 3732 iis
2893 3677 2981 3744 qui
3007 3685 3118 3731 tum
3156 3677 3209 3731 in
3253 3677 3445 3731 litteris
3485 3693 3575 3732 re-

1969 3767 2211 3838 gnabant
2260 3770 2564 3824 recensitus
2606 3770 2768 3825 fuerit
2797 3789 2812 3825 :
2839 3786 2999 3841 quam
3029 3770 3098 3825 de
3143 3785 3202 3844 se
3259 3778 3574 3840 conceptam

1969 3862 2280 3931 Opinionem
2333 3862 2400 3917 ad
2441 3865 2690 3919 ultimum
2735 3878 2906 3943 usque
2951 3864 3076 3918 vitae
3123 3863 3267 3919 diem
3313 3863 3572 3928 adauxit,

1969 3954 2366 4025 sustinebitque
2398 3955 2656 4026 quamdiu
2710 3955 2906 4012 littera:
2957 3955 3250 4011 durabunt.
3299 3955 3568 4024 Quantula

1970 4057 2153 4101 tamen
2199 4047 2316 4102 haec
2345 4047 2522 4102 laudis
2548 4060 2599 4103 et
2628 4049 2815 4119 gloria:
2845 4049 2975 4103 tanti
3001 4049 3100 4103 viri
3129 4057 3212 4104 est
3235 4049 3448 4117 portio?
3479 4048 3573 4103 Li-

1969 4148 2057 4194 cet
2103 4143 2248 4195 euim
2295 4155 2455 4194 nemo
2509 4143 2703 4196 melius
2737 4157 2902 4196 unum
2951 4142 3256 4211 quempiam
3296 4152 3572 4196 auctorem

1971 4231 2183 4286 noverit
2201 4272 2216 4296 ,
2251 4245 2410 4301 quam
2437 4232 2552 4300 ipse
2574 4246 2765 4288 omnes
2795 4234 3048 4303 antiquos
3073 4234 3354 4303 utriusque
3376 4232 3572 4305 linguae

1969 4324 2286 4393 scriptores,
2327 4338 2465 4388 quos
2512 4323 2578 4379 ad
2633 4340 2799 4380 unum
2827 4327 3061 4394 legerat,
3110 4324 3177 4380 ad
3222 4332 3400 4379 vetera
3430 4340 3567 4379 con-

1971 4414 2172 4469 tulerat
2215 4415 2549 4484 exemplaria
2573 4457 2587 4480 ,
2620 4425 2672 4470 et
2719 4426 3050 4472 concoxerat
3081 4433 3094 4469 :
3125 4415 3248 4470 licet
3279 4430 3438 4472 nemo
3465 4415 3575 4486 pri-

1970 4517 2090 4559 vata
2133 4515 2185 4561 et
2225 4504 2524 4562 domestica
2571 4507 2783 4576 negotia
2835 4506 3075 4562 exactius
3120 4507 3356 4562 tenuerit
3408 4521 3570 4576 quam

1973 4597 2088 4667 ipse
2112 4597 2371 4654 Gallicam
2403 4611 2796 4669 externumque
2841 4598 3124 4654 historiam
3149 4640 3164 4665 ,
3197 4600 3434 4670 origines
3481 4613 3576 4668 po-

1976 4692 2226 4764 pulorum
2251 4735 2267 4753 .
2293 4693 2689 4761 descriptiones
2713 4704 3014 4764 temporum
3040 4735 3055 4758 ,
3091 4693 3465 4748 successiones
3494 4690 3574 4746 fa-

1975 4785 2267 4853 miliarum,
2298 4786 2439 4842 bella
2459 4829 2471 4850 ,
2504 4786 2705 4842 ftedera
2733 4827 2746 4850 ,
2779 4787 3170 4842 couventiones
3195 4827 3210 4846 .
3241 4785 3324 4840 vel
3353 4795 3572 4840 extero-

1974 4892 2093 4932 rutn
2122 4877 2264 4932 inter
2305 4895 2364 4932 se
2391 4877 2476 4932 vel
2523 4878 2801 4934 uobiscum
2834 4886 2986 4948 gesta
3009 4919 3024 4941 ,
3055 4877 3120 4931 ad
3155 4878 3272 4932 btec
3301 4877 3464 4933 etiam
3497 4875 3575 4931 le-

1975 4987 2106 5041 ges,
2155 4985 2374 5036 niores,
2421 4970 2840 5026 consuetudines
2879 4970 3279 5040 provinciarum
3333 4967 3572 5038 singula-

1975 5079 2166 5118 rumve
2220 5063 2469 5127 urbium,
2514 5078 2741 5133 quarum
2791 5063 3031 5118 omnium
3087 5078 3116 5116 a
3175 5063 3373 5117 teneris
3418 5060 3576 5116 anuis

1975 5157 2250 5211 indefesso
2278 5171 2342 5210 ac
2366 5157 2524 5224 plane
2542 5156 2808 5211 Herculeo
2831 5155 3017 5210 labore
3046 5155 3146 5210 sibi
3177 5155 3468 5224 perfectam
3485 5167 3576 5206 uo-

1975 5248 2147 5302 titiam
2173 5287 2189 5312 ,
2222 5263 2343 5302 cum
2376 5261 2440 5302 ex
2465 5246 2697 5315 vulgatis
2724 5247 2874 5300 libris
2897 5287 2910 5310 ,
2944 5255 3055 5299 tum
3084 5244 3248 5300 etiam
3280 5259 3345 5300 ex
3384 5244 3574 5298 biblio-

1975 5341 2148 5396 thecis
2171 5339 2425 5408 antiquis,
2452 5336 2690 5394 archivis
2717 5337 2901 5408 regiis,
2935 5346 3175 5401 senatus,
3203 5335 3572 5396 rationalimn.

1977 5433 2225 5494 urbium,
2260 5431 2822 5500 mouasteriorumque
2874 5436 3315 5499 comparaverat.
3375 5427 3576 5481 instru-

1979 5525 2658 5592 mentorumqueipsorum
2703 5530 2865 5588 atque
2910 5532 3150 5575 actorum
3198 5521 3395 5575 bonam
3449 5533 3573 5588 par-

1982 5629 2090 5674 tem
2139 5631 2233 5671 sua
2265 5631 2427 5671 manu
2473 5614 2835 5683 descripserat
2879 5614 2978 5667 :in
3030 5613 3155 5682 jure
3202 5622 3382 5667 autem
3431 5611 3576 5667 civili

1979 5711 2348 5766 Romanorum
2395 5708 2521 5762 licet
2549 5707 2614 5761 ad
2645 5721 2768 5761 eum
2800 5706 3024 5776 gradum
3054 5706 3365 5776 pertigerit,
3409 5714 3467 5759 ιιι
3509 5703 3579 5758 de

1979 5821 2078 5869 eo,
2134 5801 2601 5871 celeberrimoque
2641 5800 2759 5870 ejus
2807 5810 3140 5870 praceptore
3171 5801 3423 5868 anacio,
3471 5799 3579 5852 dici

1977 5898 2100 5964 jure
2131 5899 2294 5966 possit
2324 5939 2336 5958 ,
2367 5893 2506 5963 quod
2549 5893 2617 5946 tle
2650 5895 2856 5960 magnis
2890 5894 3015 5946 olim
3044 5893 3350 5948 oratoribus
3377 5895 3576 5947 dictum
