  <div class='ocr_page' id='page_1' title='image "/cluster/home/n/w/nwhite01/storage/ocr_20150623/10/hvd.32044019207620/011.png"; bbox 0 0 3966 6518; ppageno 0'>
   <div class='ocr_carea' id='block_1_1' title="bbox 540 434 3767 499">
    <p class='ocr_par' dir='ltr' id='par_1_1' title="bbox 540 434 3767 499">
     <span class='ocr_line' id='line_1_1' title="bbox 540 434 3767 499; baseline 0.004 -13"><span class='ocrx_word' id='word_1_1' title='bbox 540 434 595 486; x_wconf 80' lang='lat' dir='ltr'><strong>l!</strong></span> <span class='ocrx_word' id='word_1_2' title='bbox 1808 439 1862 493; x_wconf 87' lang='lat' dir='ltr'><strong>S.</strong></span> <span class='ocrx_word' id='word_1_3' title='bbox 1896 440 2256 497; x_wconf 78' lang='lat' dir='ltr'><strong>ZEPHYRINI</strong></span> <span class='ocrx_word' id='word_1_4' title='bbox 2297 443 2497 499; x_wconf 66' lang='grc' dir='ltr'><strong>ΡΛρῶ</strong></span> <span class='ocrx_word' id='word_1_5' title='bbox 3704 446 3767 499; x_wconf 77' lang='lat' dir='ltr'><strong>i‘!</strong></span> 
     </span>
    </p>
   </div>
   <div class='ocr_carea' id='block_1_2' title="bbox 620 595 3725 622">
    <p class='ocr_par' dir='ltr' id='par_1_2' title="bbox 620 595 3725 622">
     <span class='ocr_line' id='line_1_2' title="bbox 620 595 3725 622; baseline 0 -19"><span class='ocrx_word' id='word_1_6' title='bbox 620 595 3725 622; x_wconf 65' lang='lat'><strong>.________________________________________</strong></span> 
     </span>
    </p>
   </div>
   <div class='ocr_carea' id='block_1_3' title="bbox 1625 756 2708 863">
    <p class='ocr_par' dir='ltr' id='par_1_3' title="bbox 1625 756 2708 863">
     <span class='ocr_line' id='line_1_3' title="bbox 1625 756 2708 863; baseline 0.009 -15"><span class='ocrx_word' id='word_1_7' title='bbox 1625 756 2129 851; x_wconf 84' lang='lat' dir='ltr'><strong>NOTITIA</strong></span> <span class='ocrx_word' id='word_1_8' title='bbox 2210 762 2708 863; x_wconf 82' lang='lat' dir='ltr'><strong>ALTERA.</strong></span> 
     </span>
    </p>
   </div>
   <div class='ocr_carea' id='block_1_4' title="bbox 1318 947 2972 1017">
    <p class='ocr_par' dir='ltr' id='par_1_4' title="bbox 1318 947 2972 1017">
     <span class='ocr_line' id='line_1_4' title="bbox 1318 947 2972 1017; baseline 0.004 -20"><span class='ocrx_word' id='word_1_9' title='bbox 1318 948 1405 1008; x_wconf 85' lang='lat' dir='ltr'><strong>(D.</strong></span> <span class='ocrx_word' id='word_1_10' title='bbox 1424 948 1685 1009; x_wconf 69' lang='lat' dir='ltr'><strong>Consum,</strong></span> <span class='ocrx_word' id='word_1_11' title='bbox 1720 947 1949 1013; x_wconf 75' lang='lat' dir='ltr'><strong>Epistola:</strong></span> <span class='ocrx_word' id='word_1_12' title='bbox 1976 951 2115 1000; x_wconf 80' lang='lat' dir='ltr'><strong>Rom.</strong></span> <span class='ocrx_word' id='word_1_13' title='bbox 2143 952 2309 1011; x_wconf 89' lang='lat' dir='ltr'><strong>Pont.,</strong></span> <span class='ocrx_word' id='word_1_14' title='bbox 2333 956 2449 1004; x_wconf 88' lang='lat' dir='ltr'><strong>tom.</strong></span> <span class='ocrx_word' id='word_1_15' title='bbox 2474 951 2494 1000; x_wconf 93' lang='grc' dir='ltr'><strong>Ι</strong></span> <span class='ocrx_word' id='word_1_16' title='bbox 2516 960 2570 1002; x_wconf 91' lang='lat' dir='ltr'><strong>et</strong></span> <span class='ocrx_word' id='word_1_17' title='bbox 2589 954 2740 1013; x_wconf 85' lang='lat' dir='ltr'><strong>uuic.,</strong></span> <span class='ocrx_word' id='word_1_18' title='bbox 2762 968 2811 1016; x_wconf 91' lang='lat' dir='ltr'><strong>p.</strong></span> <span class='ocrx_word' id='word_1_19' title='bbox 2840 953 2972 1017; x_wconf 89' lang='grc'><strong>107.)</strong></span> 
     </span>
    </p>
   </div>
   <div class='ocr_carea' id='block_1_5' title="bbox 603 1087 3759 1167">
    <p class='ocr_par' dir='ltr' id='par_1_5' title="bbox 603 1087 3759 1167">
     <span class='ocr_line' id='line_1_5' title="bbox 603 1087 3759 1167; baseline 0.006 -27"><span class='ocrx_word' id='word_1_20' title='bbox 603 1087 748 1143; x_wconf 81' lang='lat' dir='ltr'>Licet</span> <span class='ocrx_word' id='word_1_21' title='bbox 780 1089 943 1159; x_wconf 88' lang='lat' dir='ltr'><strong>hujus</strong></span> <span class='ocrx_word' id='word_1_22' title='bbox 970 1089 1237 1159; x_wconf 87' lang='lat' dir='ltr'><strong>pontiﬁcis</strong></span> <span class='ocrx_word' id='word_1_23' title='bbox 1269 1106 1460 1147; x_wconf 83' lang='lat' dir='ltr'><strong>nomen</strong></span> <span class='ocrx_word' id='word_1_24' title='bbox 1485 1093 1537 1146; x_wconf 90' lang='lat' dir='ltr'><strong>in</strong></span> <span class='ocrx_word' id='word_1_25' title='bbox 1569 1093 1908 1149; x_wconf 89' lang='lat' dir='ltr'><strong>Bucheriano</strong></span> <span class='ocrx_word' id='word_1_26' title='bbox 1939 1105 2090 1151; x_wconf 88' lang='lat' dir='ltr'><strong>eata-</strong></span> <span class='ocrx_word' id='word_1_27' title='bbox 2124 1100 2164 1157; x_wconf 79' lang='grc' dir='ltr'><strong>Α</strong></span> <span class='ocrx_word' id='word_1_28' title='bbox 2199 1111 2344 1151; x_wconf 91' lang='lat' dir='ltr'><strong>anno</strong></span> <span class='ocrx_word' id='word_1_29' title='bbox 2372 1112 2429 1152; x_wconf 94' lang='lat' dir='ltr'><strong>re</strong></span> <span class='ocrx_word' id='word_1_30' title='bbox 2463 1098 2578 1167; x_wconf 89' lang='lat' dir='ltr'><strong>ipsa</strong></span> <span class='ocrx_word' id='word_1_31' title='bbox 2610 1098 2749 1153; x_wconf 90' lang='lat' dir='ltr'><strong>idem</strong></span> <span class='ocrx_word' id='word_1_32' title='bbox 2794 1097 3059 1154; x_wconf 89' lang='lat' dir='ltr'><strong>Eusebius</strong></span> <span class='ocrx_word' id='word_1_33' title='bbox 3088 1099 3143 1153; x_wconf 92' lang='lat' dir='ltr'><strong>in</strong></span> <span class='ocrx_word' id='word_1_34' title='bbox 3189 1099 3446 1154; x_wconf 86' lang='lat' dir='ltr'><strong>Chronico</strong></span> <span class='ocrx_word' id='word_1_35' title='bbox 3471 1100 3759 1158; x_wconf 89' lang='lat' dir='ltr'><strong>Callistum</strong></span> 
     </span>
    </p>
   </div>
   <div class='ocr_carea' id='block_1_6' title="bbox 532 1177 2095 1254">
    <p class='ocr_par' dir='ltr' id='par_1_6' title="bbox 532 1177 2095 1254">
     <span class='ocr_line' id='line_1_6' title="bbox 532 1177 2095 1254; baseline 0.007 -25"><span class='ocrx_word' id='word_1_36' title='bbox 532 1177 653 1247; x_wconf 71' lang='lat' dir='ltr'><strong>lngo</strong></span> <span class='ocrx_word' id='word_1_37' title='bbox 696 1178 1051 1243; x_wconf 77' lang='lat' dir='ltr'><strong>desideretur,</strong></span> <span class='ocrx_word' id='word_1_38' title='bbox 1096 1180 1151 1233; x_wconf 89' lang='lat' dir='ltr'><strong>in</strong></span> <span class='ocrx_word' id='word_1_39' title='bbox 1198 1196 1265 1235; x_wconf 91' lang='lat' dir='ltr'><strong>eo</strong></span> <span class='ocrx_word' id='word_1_40' title='bbox 1310 1190 1491 1236; x_wconf 86' lang='lat' dir='ltr'><strong>tamen</strong></span> <span class='ocrx_word' id='word_1_41' title='bbox 1534 1192 1770 1254; x_wconf 89' lang='lat' dir='ltr'><strong>tempus,</strong></span> <span class='ocrx_word' id='word_1_42' title='bbox 1795 1200 1905 1254; x_wconf 91' lang='lat' dir='ltr'><strong>quo</strong></span> <span class='ocrx_word' id='word_1_43' title='bbox 1943 1186 2095 1240; x_wconf 93' lang='lat' dir='ltr'><strong>illum</strong></span> 
     </span>
    </p>
   </div>
   <div class='ocr_carea' id='block_1_7' title="bbox 530 1267 2095 1345">
    <p class='ocr_par' dir='ltr' id='par_1_7' title="bbox 530 1267 2095 1345">
     <span class='ocr_line' id='line_1_7' title="bbox 530 1267 2095 1345; baseline 0.005 -24"><span class='ocrx_word' id='word_1_44' title='bbox 530 1267 785 1324; x_wconf 72' lang='lat' dir='ltr'><strong>Ecclesiae</strong></span> <span class='ocrx_word' id='word_1_45' title='bbox 838 1268 1123 1340; x_wconf 71' lang='lat' dir='ltr'><strong>prazl&#39;uisse</strong></span> <span class='ocrx_word' id='word_1_46' title='bbox 1172 1272 1469 1327; x_wconf 83' lang='lat' dir='ltr'><strong>arbitratus</strong></span> <span class='ocrx_word' id='word_1_47' title='bbox 1520 1282 1602 1327; x_wconf 89' lang='lat' dir='ltr'><strong>est</strong></span> <span class='ocrx_word' id='word_1_48' title='bbox 1654 1274 1882 1345; x_wconf 89' lang='lat' dir='ltr'><strong>catalogi</strong></span> <span class='ocrx_word' id='word_1_49' title='bbox 1933 1275 2095 1345; x_wconf 88' lang='lat' dir='ltr'><strong>hujus</strong></span> 
     </span>
    </p>
   </div>
   <div class='ocr_carea' id='block_1_8' title="bbox 530 1360 2097 1430">
    <p class='ocr_par' dir='ltr' id='par_1_8' title="bbox 530 1360 2097 1430">
     <span class='ocr_line' id='line_1_8' title="bbox 530 1360 2097 1430; baseline 0.003 -16"><span class='ocrx_word' id='word_1_50' title='bbox 530 1361 781 1430; x_wconf 85' lang='lat' dir='ltr'><strong>scriptor,</strong></span> <span class='ocrx_word' id='word_1_51' title='bbox 820 1361 924 1415; x_wconf 88' lang='lat' dir='ltr'><strong>sub</strong></span> <span class='ocrx_word' id='word_1_52' title='bbox 953 1360 1189 1416; x_wconf 82' lang='lat' dir='ltr'><strong>Victoris</strong></span> <span class='ocrx_word' id='word_1_53' title='bbox 1236 1363 1457 1417; x_wconf 92' lang='lat' dir='ltr'><strong>nomine</strong></span> <span class='ocrx_word' id='word_1_54' title='bbox 1487 1362 1779 1429; x_wconf 89' lang='lat' dir='ltr'><strong>indicatur,</strong></span> <span class='ocrx_word' id='word_1_55' title='bbox 1822 1365 2027 1419; x_wconf 80' lang='lat' dir='ltr'><strong>scilicet</strong></span> <span class='ocrx_word' id='word_1_56' title='bbox 2064 1382 2097 1419; x_wconf 90' lang='lat' dir='ltr'><strong>a</strong></span> 
     </span>
    </p>
   </div>
   <div class='ocr_carea' id='block_1_9' title="bbox 528 1451 2096 1525">
    <p class='ocr_par' dir='ltr' id='par_1_9' title="bbox 528 1451 2096 1525">
     <span class='ocr_line' id='line_1_9' title="bbox 528 1451 2096 1525; baseline 0.004 -20"><span class='ocrx_word' id='word_1_57' title='bbox 528 1453 802 1505; x_wconf 77' lang='lat' dir='ltr'><strong>consulatu</strong></span> <span class='ocrx_word' id='word_1_58' title='bbox 828 1451 1101 1507; x_wconf 85' lang='lat' dir='ltr'><strong>Saturnini</strong></span> <span class='ocrx_word' id='word_1_59' title='bbox 1129 1464 1176 1508; x_wconf 90' lang='lat' dir='ltr'><strong>et</strong></span> <span class='ocrx_word' id='word_1_60' title='bbox 1204 1452 1345 1508; x_wconf 84' lang='lat' dir='ltr'><strong>Galli</strong></span> <span class='ocrx_word' id='word_1_61' title='bbox 1370 1471 1529 1525; x_wconf 88' lang='lat' dir='ltr'><strong>usque</strong></span> <span class='ocrx_word' id='word_1_62' title='bbox 1556 1454 1814 1511; x_wconf 79' lang='lat' dir='ltr'><strong>Prteseute</strong></span> <span class='ocrx_word' id='word_1_63' title='bbox 1842 1467 1891 1511; x_wconf 88' lang='lat' dir='ltr'><strong>et</strong></span> <span class='ocrx_word' id='word_1_64' title='bbox 1911 1457 2096 1511; x_wconf 74' lang='lat' dir='ltr'><strong>Extri-</strong></span> 
     </span>
    </p>
   </div>
   <div class='ocr_carea' id='block_1_10' title="bbox 527 1543 2095 1609">
    <p class='ocr_par' dir='ltr' id='par_1_10' title="bbox 527 1543 2095 1609">
     <span class='ocr_line' id='line_1_10' title="bbox 527 1543 2095 1609; baseline 0.005 -13"><span class='ocrx_word' id='word_1_65' title='bbox 527 1555 663 1609; x_wconf 86' lang='lat' dir='ltr'><strong>cato,</strong></span> <span class='ocrx_word' id='word_1_66' title='bbox 700 1544 804 1598; x_wconf 89' lang='lat' dir='ltr'><strong>hoc</strong></span> <span class='ocrx_word' id='word_1_67' title='bbox 836 1553 920 1599; x_wconf 90' lang='lat' dir='ltr'><strong>est</strong></span> <span class='ocrx_word' id='word_1_68' title='bbox 960 1544 1028 1598; x_wconf 91' lang='lat' dir='ltr'><strong>ab</strong></span> <span class='ocrx_word' id='word_1_69' title='bbox 1063 1559 1207 1599; x_wconf 92' lang='lat' dir='ltr'><strong>anno</strong></span> <span class='ocrx_word' id='word_1_70' title='bbox 1234 1543 1438 1601; x_wconf 86' lang='lat' dir='ltr'><strong>Christi</strong></span> <span class='ocrx_word' id='word_1_71' title='bbox 1472 1545 1573 1601; x_wconf 85' lang='grc'><strong>198</strong></span> <span class='ocrx_word' id='word_1_72' title='bbox 1615 1546 1681 1601; x_wconf 88' lang='lat' dir='ltr'><strong>ad</strong></span> <span class='ocrx_word' id='word_1_73' title='bbox 1726 1546 1852 1604; x_wconf 66' lang='grc' dir='ltr'><strong>ΞΠ.</strong></span> <span class='ocrx_word' id='word_1_74' title='bbox 1895 1548 2095 1603; x_wconf 85' lang='lat' dir='ltr'><strong>Eadem</strong></span> 
     </span>
    </p>
   </div>
   <div class='ocr_carea' id='block_1_11' title="bbox 526 1632 2094 1703">
    <p class='ocr_par' dir='ltr' id='par_1_11' title="bbox 526 1632 2094 1703">
     <span class='ocr_line' id='line_1_11' title="bbox 526 1632 2094 1703; baseline 0.003 -16"><span class='ocrx_word' id='word_1_75' title='bbox 526 1632 803 1687; x_wconf 86' lang='lat' dir='ltr'><strong>consulari</strong></span> <span class='ocrx_word' id='word_1_76' title='bbox 834 1641 963 1687; x_wconf 90' lang='lat' dir='ltr'><strong>nota</strong></span> <span class='ocrx_word' id='word_1_77' title='bbox 1014 1632 1272 1688; x_wconf 89' lang='lat' dir='ltr'><strong>mendose</strong></span> <span class='ocrx_word' id='word_1_78' title='bbox 1298 1648 1555 1703; x_wconf 85' lang='lat' dir='ltr'><strong>expressa</strong></span> <span class='ocrx_word' id='word_1_79' title='bbox 1596 1634 1811 1689; x_wconf 88' lang='lat' dir='ltr'><strong>initium</strong></span> <span class='ocrx_word' id='word_1_80' title='bbox 1839 1651 1902 1691; x_wconf 92' lang='lat' dir='ltr'><strong>ac</strong></span> <span class='ocrx_word' id='word_1_81' title='bbox 1932 1636 2094 1691; x_wconf 90' lang='lat' dir='ltr'><strong>ﬁnem</strong></span> 
     </span>
    </p>
   </div>
   <div class='ocr_carea' id='block_1_12' title="bbox 525 1722 2093 1796">
    <p class='ocr_par' dir='ltr' id='par_1_12' title="bbox 525 1722 2093 1796">
     <span class='ocr_line' id='line_1_12' title="bbox 525 1722 2093 1796; baseline 0.004 -21"><span class='ocrx_word' id='word_1_82' title='bbox 525 1722 869 1791; x_wconf 82' lang='lat' dir='ltr'><strong>pontiﬁcatus</strong></span> <span class='ocrx_word' id='word_1_83' title='bbox 891 1722 1180 1794; x_wconf 86' lang='lat' dir='ltr'><strong>Zephyrini</strong></span> <span class='ocrx_word' id='word_1_84' title='bbox 1211 1724 1348 1778; x_wconf 89' lang='lat' dir='ltr'><strong>liber</strong></span> <span class='ocrx_word' id='word_1_85' title='bbox 1376 1723 1712 1781; x_wconf 83' lang='lat' dir='ltr'><strong>Pontiﬁealis</strong></span> <span class='ocrx_word' id='word_1_86' title='bbox 1738 1726 2001 1796; x_wconf 78' lang='lat' dir='ltr'><strong>designat.</strong></span> <span class='ocrx_word' id='word_1_87' title='bbox 2036 1726 2093 1782; x_wconf 89' lang='lat' dir='ltr'><strong>lu</strong></span> 
     </span>
    </p>
   </div>
   <div class='ocr_carea' id='block_1_13' title="bbox 526 1814 2090 1888">
    <p class='ocr_par' dir='ltr' id='par_1_13' title="bbox 526 1814 2090 1888">
     <span class='ocr_line' id='line_1_13' title="bbox 526 1814 2090 1888; baseline 0.003 -20"><span class='ocrx_word' id='word_1_88' title='bbox 526 1814 751 1884; x_wconf 87' lang='lat' dir='ltr'><strong>antiquo</strong></span> <span class='ocrx_word' id='word_1_89' title='bbox 799 1814 1147 1871; x_wconf 88' lang='lat' dir='ltr'><strong>Corbeiensis</strong></span> <span class='ocrx_word' id='word_1_90' title='bbox 1193 1816 1395 1871; x_wconf 87' lang='lat' dir='ltr'><strong>codicis</strong></span> <span class='ocrx_word' id='word_1_91' title='bbox 1425 1818 1672 1888; x_wconf 78' lang='lat' dir='ltr'><strong>catalogo</strong></span> <span class='ocrx_word' id='word_1_92' title='bbox 1726 1834 1889 1871; x_wconf 88' lang='lat' dir='ltr'><strong>annos</strong></span> <span class='ocrx_word' id='word_1_93' title='bbox 1935 1834 2090 1883; x_wconf 82' lang='lat' dir='ltr'><strong>xvut,</strong></span> 
     </span>
    </p>
   </div>
   <div class='ocr_carea' id='block_1_14' title="bbox 524 1904 2092 1970">
    <p class='ocr_par' dir='ltr' id='par_1_14' title="bbox 524 1904 2092 1970">
     <span class='ocr_line' id='line_1_14' title="bbox 524 1904 2092 1970; baseline 0.004 -14"><span class='ocrx_word' id='word_1_94' title='bbox 524 1920 720 1958; x_wconf 78' lang='lat' dir='ltr'><strong>menses</strong></span> <span class='ocrx_word' id='word_1_95' title='bbox 748 1920 842 1969; x_wconf 83' lang='lat' dir='ltr'><strong>vn,</strong></span> <span class='ocrx_word' id='word_1_96' title='bbox 874 1904 985 1958; x_wconf 85' lang='lat' dir='ltr'><strong>dies</strong></span> <span class='ocrx_word' id='word_1_97' title='bbox 1014 1922 1070 1970; x_wconf 72' lang='grc' dir='ltr'>χ,</span> <span class='ocrx_word' id='word_1_98' title='bbox 1104 1904 1309 1961; x_wconf 90' lang='lat' dir='ltr'><strong>sedisse</strong></span> <span class='ocrx_word' id='word_1_99' title='bbox 1331 1908 1644 1963; x_wconf 86' lang='lat' dir='ltr'><strong>adnotatur.</strong></span> <span class='ocrx_word' id='word_1_100' title='bbox 1673 1906 1938 1963; x_wconf 87' lang='lat' dir='ltr'><strong>Eusebius</strong></span> <span class='ocrx_word' id='word_1_101' title='bbox 1964 1924 2092 1963; x_wconf 91' lang='lat' dir='ltr'><strong>vero</strong></span> 
     </span>
    </p>
   </div>
   <div class='ocr_carea' id='block_1_15' title="bbox 524 1993 2091 2069">
    <p class='ocr_par' dir='ltr' id='par_1_15' title="bbox 524 1993 2091 2069">
     <span class='ocr_line' id='line_1_15' title="bbox 524 1993 2091 2069; baseline 0.004 -24"><span class='ocrx_word' id='word_1_102' title='bbox 524 1994 618 2048; x_wconf 91' lang='lat' dir='ltr'><strong>lih.</strong></span> <span class='ocrx_word' id='word_1_103' title='bbox 647 2010 679 2049; x_wconf 82' lang='grc' dir='ltr'><strong>ν</strong></span> <span class='ocrx_word' id='word_1_104' title='bbox 706 1993 874 2060; x_wconf 84' lang='lat' dir='ltr'><strong>Hist.,</strong></span> <span class='ocrx_word' id='word_1_105' title='bbox 901 2010 949 2051; x_wconf 91' lang='lat' dir='ltr'><strong>c.</strong></span> <span class='ocrx_word' id='word_1_106' title='bbox 977 1996 1067 2060; x_wconf 76' lang='lat'><strong>28,</strong></span> <span class='ocrx_word' id='word_1_107' title='bbox 1100 2011 1222 2051; x_wconf 91' lang='lat' dir='ltr'><strong>eum</strong></span> <span class='ocrx_word' id='word_1_108' title='bbox 1252 1996 1426 2052; x_wconf 84' lang='lat' dir='ltr'><strong>Severi</strong></span> <span class='ocrx_word' id='word_1_109' title='bbox 1452 1999 1786 2069; x_wconf 78' lang='lat' dir='ltr'><strong>imperatoris</strong></span> <span class='ocrx_word' id='word_1_110' title='bbox 1820 2016 1956 2053; x_wconf 87' lang='lat' dir='ltr'><strong>anno</strong></span> <span class='ocrx_word' id='word_1_111' title='bbox 1986 2000 2091 2053; x_wconf 81' lang='lat' dir='ltr'><strong>cir-</strong></span> 
     </span>
    </p>
   </div>
   <div class='ocr_carea' id='block_1_16' title="bbox 524 2087 2087 2151">
    <p class='ocr_par' dir='ltr' id='par_1_16' title="bbox 524 2087 2087 2151">
     <span class='ocr_line' id='line_1_16' title="bbox 524 2087 2087 2151; baseline 0.004 -12"><span class='ocrx_word' id='word_1_112' title='bbox 524 2087 653 2140; x_wconf 87' lang='lat' dir='ltr'><strong>citer</strong></span> <span class='ocrx_word' id='word_1_113' title='bbox 686 2103 842 2151; x_wconf 85' lang='lat' dir='ltr'><strong>nono,</strong></span> <span class='ocrx_word' id='word_1_114' title='bbox 878 2088 981 2143; x_wconf 92' lang='lat' dir='ltr'><strong>hoc</strong></span> <span class='ocrx_word' id='word_1_115' title='bbox 1013 2098 1096 2143; x_wconf 91' lang='lat' dir='ltr'><strong>est</strong></span> <span class='ocrx_word' id='word_1_116' title='bbox 1139 2088 1343 2145; x_wconf 89' lang='lat' dir='ltr'><strong>Christi</strong></span> <span class='ocrx_word' id='word_1_117' title='bbox 1381 2090 1599 2146; x_wconf 85' lang='lat' dir='ltr'><strong>circiter</strong></span> <span class='ocrx_word' id='word_1_118' title='bbox 1628 2092 1737 2145; x_wconf 72' lang='lat'><strong>202</strong></span> <span class='ocrx_word' id='word_1_119' title='bbox 1776 2092 2087 2147; x_wconf 91' lang='lat' dir='ltr'><strong>ordinatum</strong></span> 
     </span>
    </p>
   </div>
   <div class='ocr_carea' id='block_1_17' title="bbox 524 2166 2087 2254">
    <p class='ocr_par' dir='ltr' id='par_1_17' title="bbox 524 2166 2087 2254">
     <span class='ocr_line' id='line_1_17' title="bbox 524 2166 2087 2254; baseline 0.004 -23"><span class='ocrx_word' id='word_1_120' title='bbox 524 2178 747 2233; x_wconf 86' lang='lat' dir='ltr'><strong>scribit:</strong></span> <span class='ocrx_word' id='word_1_121' title='bbox 778 2189 893 2235; x_wconf 90' lang='lat' dir='ltr'><strong>tum</strong></span> <span class='ocrx_word' id='word_1_122' title='bbox 927 2180 1022 2235; x_wconf 89' lang='lat' dir='ltr'><strong>lib.</strong></span> <span class='ocrx_word' id='word_1_123' title='bbox 1048 2196 1122 2244; x_wconf 81' lang='grc' dir='ltr'><strong>νι,</strong></span> <span class='ocrx_word' id='word_1_124' title='bbox 1164 2196 1215 2236; x_wconf 94' lang='lat' dir='ltr'><strong>c.</strong></span> <span class='ocrx_word' id='word_1_125' title='bbox 1248 2181 1337 2245; x_wconf 76' lang='grc'><strong>21,</strong></span> <span class='ocrx_word' id='word_1_126' title='bbox 1369 2182 1641 2250; x_wconf 89' lang='lat' dir='ltr'><strong>eumdem,</strong></span> <span class='ocrx_word' id='word_1_127' title='bbox 1674 2200 1792 2237; x_wconf 85' lang='lat' dir='ltr'><strong>cum</strong></span> <span class='ocrx_word' id='word_1_128' title='bbox 1812 2200 1902 2254; x_wconf 73' lang='lat' dir='ltr'><strong>per</strong></span> <span class='ocrx_word' id='word_1_129' title='bbox 1924 2166 2087 2238; x_wconf 75' lang='lat' dir='ltr'><strong>annos</strong></span> 
     </span>
    </p>
   </div>
   <div class='ocr_carea' id='block_1_18' title="bbox 523 2272 2086 2346">
    <p class='ocr_par' dir='ltr' id='par_1_18' title="bbox 523 2272 2086 2346">
     <span class='ocr_line' id='line_1_18' title="bbox 523 2272 2086 2346; baseline 0.004 -24"><span class='ocrx_word' id='word_1_130' title='bbox 523 2272 807 2326; x_wconf 79' lang='lat' dir='ltr'><strong>octodecim</strong></span> <span class='ocrx_word' id='word_1_131' title='bbox 846 2273 1205 2327; x_wconf 74' lang='lat' dir='ltr'><strong>sacerdotium</strong></span> <span class='ocrx_word' id='word_1_132' title='bbox 1253 2274 1582 2343; x_wconf 82' lang='lat' dir='ltr'><strong>obtinuisset,</strong></span> <span class='ocrx_word' id='word_1_133' title='bbox 1626 2277 1795 2346; x_wconf 85' lang='lat' dir='ltr'><strong>primo</strong></span> <span class='ocrx_word' id='word_1_134' title='bbox 1835 2276 2086 2329; x_wconf 82' lang='lat' dir='ltr'><strong>Antonini</strong></span> 
     </span>
    </p>
   </div>
   <div class='ocr_carea' id='block_1_19' title="bbox 524 2351 2087 2435">
    <p class='ocr_par' dir='ltr' id='par_1_19' title="bbox 524 2351 2087 2435">
     <span class='ocr_line' id='line_1_19' title="bbox 524 2351 2087 2435; baseline 0.005 -20"><span class='ocrx_word' id='word_1_135' title='bbox 524 2362 858 2433; x_wconf 82' lang='lat' dir='ltr'><strong>lleliogahali</strong></span> <span class='ocrx_word' id='word_1_136' title='bbox 882 2365 1009 2435; x_wconf 89' lang='lat' dir='ltr'><strong>imp.</strong></span> <span class='ocrx_word' id='word_1_137' title='bbox 1041 2381 1179 2418; x_wconf 84' lang='lat' dir='ltr'><strong>anno</strong></span> <span class='ocrx_word' id='word_1_138' title='bbox 1209 2366 1318 2420; x_wconf 88' lang='lat' dir='ltr'><strong>vita</strong></span> <span class='ocrx_word' id='word_1_139' title='bbox 1341 2366 1588 2422; x_wconf 79' lang='lat' dir='ltr'><strong>functum</strong></span> <span class='ocrx_word' id='word_1_140' title='bbox 1618 2351 1801 2423; x_wconf 80' lang='lat' dir='ltr'><strong>tradit.</strong></span> <span class='ocrx_word' id='word_1_141' title='bbox 1831 2366 1983 2423; x_wconf 87' lang='lat' dir='ltr'><strong>Unde</strong></span> <span class='ocrx_word' id='word_1_142' title='bbox 2003 2383 2087 2423; x_wconf 89' lang='lat' dir='ltr'><strong>se—</strong></span> 
     </span>
    </p>
   </div>
   <div class='ocr_carea' id='block_1_20' title="bbox 522 2455 2166 2530">
    <p class='ocr_par' dir='ltr' id='par_1_20' title="bbox 522 2455 2166 2530">
     <span class='ocr_line' id='line_1_20' title="bbox 522 2455 2166 2530; baseline 0.004 -23"><span class='ocrx_word' id='word_1_143' title='bbox 522 2455 728 2523; x_wconf 85' lang='lat' dir='ltr'><strong>quitur,</strong></span> <span class='ocrx_word' id='word_1_144' title='bbox 762 2466 819 2510; x_wconf 93' lang='lat' dir='ltr'><strong>ut</strong></span> <span class='ocrx_word' id='word_1_145' title='bbox 848 2471 997 2512; x_wconf 89' lang='lat' dir='ltr'><strong>mors</strong></span> <span class='ocrx_word' id='word_1_146' title='bbox 1025 2458 1146 2527; x_wconf 88' lang='lat' dir='ltr'><strong>ejus</strong></span> <span class='ocrx_word' id='word_1_147' title='bbox 1178 2474 1322 2513; x_wconf 91' lang='lat' dir='ltr'><strong>anno</strong></span> <span class='ocrx_word' id='word_1_148' title='bbox 1352 2459 1555 2515; x_wconf 85' lang='lat' dir='ltr'><strong>Christi</strong></span> <span class='ocrx_word' id='word_1_149' title='bbox 1578 2460 1682 2515; x_wconf 71' lang='lat' dir='ltr'><strong>2l9</strong></span> <span class='ocrx_word' id='word_1_150' title='bbox 1710 2468 1803 2514; x_wconf 94' lang='lat' dir='ltr'><strong>aut</strong></span> <span class='ocrx_word' id='word_1_151' title='bbox 1829 2459 1955 2525; x_wconf 70' lang='lat'><strong>220,</strong></span> <span class='ocrx_word' id='word_1_152' title='bbox 1986 2474 2094 2530; x_wconf 89' lang='lat' dir='ltr'><strong>quo</strong></span> <span class='ocrx_word' id='word_1_153' title='bbox 2125 2458 2166 2513; x_wconf 88' lang='grc' dir='ltr'>Β</span> 
     </span>
    </p>
   </div>
   <div class='ocr_carea' id='block_1_21' title="bbox 2201 1189 3761 1263">
    <p class='ocr_par' dir='ltr' id='par_1_21' title="bbox 2201 1189 3761 1263">
     <span class='ocr_line' id='line_1_21' title="bbox 2201 1189 3761 1263; baseline 0.003 -20"><span class='ocrx_word' id='word_1_154' title='bbox 2201 1189 2251 1243; x_wconf 91' lang='lat' dir='ltr'><strong>ei</strong></span> <span class='ocrx_word' id='word_1_155' title='bbox 2285 1190 2613 1244; x_wconf 88' lang='lat' dir='ltr'><strong>successisse</strong></span> <span class='ocrx_word' id='word_1_156' title='bbox 2646 1196 2815 1252; x_wconf 88' lang='lat' dir='ltr'><strong>notat,</strong></span> <span class='ocrx_word' id='word_1_157' title='bbox 2855 1190 3107 1259; x_wconf 83' lang='lat' dir='ltr'><strong>illiganda</strong></span> <span class='ocrx_word' id='word_1_158' title='bbox 3138 1190 3228 1245; x_wconf 92' lang='lat' dir='ltr'><strong>sit.</strong></span> <span class='ocrx_word' id='word_1_159' title='bbox 3279 1189 3383 1245; x_wconf 88' lang='lat' dir='ltr'><strong>Sed</strong></span> <span class='ocrx_word' id='word_1_160' title='bbox 3424 1191 3477 1245; x_wconf 91' lang='lat' dir='ltr'><strong>in</strong></span> <span class='ocrx_word' id='word_1_161' title='bbox 3510 1192 3613 1246; x_wconf 89' lang='lat' dir='ltr'><strong>hoc</strong></span> <span class='ocrx_word' id='word_1_162' title='bbox 3639 1195 3761 1263; x_wconf 87' lang='lat' dir='ltr'><strong>ipso</strong></span> 
     </span>
    </p>
   </div>
   <div class='ocr_carea' id='block_1_22' title="bbox 2199 1279 3757 1351">
    <p class='ocr_par' dir='ltr' id='par_1_22' title="bbox 2199 1279 3757 1351">
     <span class='ocr_line' id='line_1_22' title="bbox 2199 1279 3757 1351; baseline 0.003 -16"><span class='ocrx_word' id='word_1_163' title='bbox 2199 1280 2454 1335; x_wconf 87' lang='lat' dir='ltr'><strong>Chronico</strong></span> <span class='ocrx_word' id='word_1_164' title='bbox 2482 1284 2691 1350; x_wconf 90' lang='lat' dir='ltr'><strong>primus</strong></span> <span class='ocrx_word' id='word_1_165' title='bbox 2724 1279 3050 1350; x_wconf 83' lang='lat' dir='ltr'><strong>lleliogabali</strong></span> <span class='ocrx_word' id='word_1_166' title='bbox 3094 1281 3223 1351; x_wconf 90' lang='lat' dir='ltr'><strong>imp.</strong></span> <span class='ocrx_word' id='word_1_167' title='bbox 3256 1298 3433 1339; x_wconf 89' lang='lat' dir='ltr'><strong>annus</strong></span> <span class='ocrx_word' id='word_1_168' title='bbox 3452 1283 3518 1337; x_wconf 91' lang='lat' dir='ltr'><strong>ad</strong></span> <span class='ocrx_word' id='word_1_169' title='bbox 3553 1300 3757 1339; x_wconf 85' lang='lat' dir='ltr'><strong>annum</strong></span> 
     </span>
    </p>
   </div>
   <div class='ocr_carea' id='block_1_23' title="bbox 2196 1372 3758 1443">
    <p class='ocr_par' dir='ltr' id='par_1_23' title="bbox 2196 1372 3758 1443">
     <span class='ocr_line' id='line_1_23' title="bbox 2196 1372 3758 1443; baseline 0.001 -16"><span class='ocrx_word' id='word_1_170' title='bbox 2196 1372 2395 1427; x_wconf 85' lang='lat' dir='ltr'><strong>Christi</strong></span> <span class='ocrx_word' id='word_1_171' title='bbox 2444 1372 2549 1426; x_wconf 78' lang='grc'><strong>218</strong></span> <span class='ocrx_word' id='word_1_172' title='bbox 2586 1372 2833 1427; x_wconf 81' lang='lat' dir='ltr'><strong>refertur.</strong></span> <span class='ocrx_word' id='word_1_173' title='bbox 2884 1372 2949 1426; x_wconf 88' lang='lat' dir='ltr'><strong>Et</strong></span> <span class='ocrx_word' id='word_1_174' title='bbox 2990 1388 3113 1426; x_wconf 92' lang='lat' dir='ltr'><strong>eum</strong></span> <span class='ocrx_word' id='word_1_175' title='bbox 3144 1373 3359 1443; x_wconf 88' lang='lat' dir='ltr'><strong>quidem</strong></span> <span class='ocrx_word' id='word_1_176' title='bbox 3411 1374 3440 1425; x_wconf 89' lang='lat'><strong>7</strong></span> <span class='ocrx_word' id='word_1_177' title='bbox 3482 1376 3567 1428; x_wconf 93' lang='lat' dir='ltr'><strong>die</strong></span> <span class='ocrx_word' id='word_1_178' title='bbox 3607 1374 3758 1429; x_wconf 83' lang='lat' dir='ltr'><strong>Junii</strong></span> 
     </span>
    </p>
   </div>
   <div class='ocr_carea' id='block_1_24' title="bbox 2196 1464 3759 1534">
    <p class='ocr_par' dir='ltr' id='par_1_24' title="bbox 2196 1464 3759 1534">
     <span class='ocr_line' id='line_1_24' title="bbox 2196 1464 3759 1534; baseline 0.003 -17"><span class='ocrx_word' id='word_1_179' title='bbox 2196 1464 2433 1532; x_wconf 62' lang='lat' dir='ltr'><strong>przedicti</strong></span> <span class='ocrx_word' id='word_1_180' title='bbox 2469 1465 2597 1518; x_wconf 90' lang='lat' dir='ltr'><strong>anni</strong></span> <span class='ocrx_word' id='word_1_181' title='bbox 2626 1464 2729 1519; x_wconf 72' lang='lat' dir='ltr'><strong>2l8</strong></span> <span class='ocrx_word' id='word_1_182' title='bbox 2762 1465 3138 1534; x_wconf 90' lang='lat' dir='ltr'><strong>imperatorem</strong></span> <span class='ocrx_word' id='word_1_183' title='bbox 3183 1468 3550 1520; x_wconf 88' lang='lat' dir='ltr'><strong>renuntiatum</strong></span> <span class='ocrx_word' id='word_1_184' title='bbox 3584 1466 3759 1522; x_wconf 82' lang='lat' dir='ltr'><strong>fuisse</strong></span> 
     </span>
    </p>
   </div>
   <div class='ocr_carea' id='block_1_25' title="bbox 2196 1554 3758 1627">
    <p class='ocr_par' dir='ltr' id='par_1_25' title="bbox 2196 1554 3758 1627">
     <span class='ocr_line' id='line_1_25' title="bbox 2196 1554 3758 1627; baseline 0.003 -19"><span class='ocrx_word' id='word_1_185' title='bbox 2196 1555 2413 1609; x_wconf 90' lang='lat' dir='ltr'><strong>aliunde</strong></span> <span class='ocrx_word' id='word_1_186' title='bbox 2445 1566 2632 1610; x_wconf 89' lang='lat' dir='ltr'><strong>notum</strong></span> <span class='ocrx_word' id='word_1_187' title='bbox 2665 1566 2764 1611; x_wconf 86' lang='lat' dir='ltr'><strong>est.</strong></span> <span class='ocrx_word' id='word_1_188' title='bbox 2792 1554 3033 1626; x_wconf 90' lang='lat' dir='ltr'><strong>Denique</strong></span> <span class='ocrx_word' id='word_1_189' title='bbox 3066 1555 3351 1627; x_wconf 87' lang='lat' dir='ltr'><strong>Zephyrini</strong></span> <span class='ocrx_word' id='word_1_190' title='bbox 3386 1573 3532 1611; x_wconf 93' lang='lat' dir='ltr'><strong>mors</strong></span> <span class='ocrx_word' id='word_1_191' title='bbox 3554 1557 3605 1611; x_wconf 94' lang='lat' dir='ltr'><strong>in</strong></span> <span class='ocrx_word' id='word_1_192' title='bbox 3633 1557 3758 1613; x_wconf 80' lang='lat' dir='ltr'><strong>Hie—</strong></span> 
     </span>
    </p>
   </div>
   <div class='ocr_carea' id='block_1_26' title="bbox 2195 1647 3757 1719">
    <p class='ocr_par' dir='ltr' id='par_1_26' title="bbox 2195 1647 3757 1719">
     <span class='ocr_line' id='line_1_26' title="bbox 2195 1647 3757 1719; baseline 0.002 -19"><span class='ocrx_word' id='word_1_193' title='bbox 2195 1648 2405 1718; x_wconf 81' lang='lat' dir='ltr'><strong>ronymi</strong></span> <span class='ocrx_word' id='word_1_194' title='bbox 2438 1648 2666 1718; x_wconf 89' lang='lat' dir='ltr'><strong>aliisque</strong></span> <span class='ocrx_word' id='word_1_195' title='bbox 2696 1649 3093 1717; x_wconf 90' lang='lat' dir='ltr'><strong>antiquioribus</strong></span> <span class='ocrx_word' id='word_1_196' title='bbox 3120 1647 3512 1719; x_wconf 85' lang='lat' dir='ltr'><strong>Martyrologiis</strong></span> <span class='ocrx_word' id='word_1_197' title='bbox 3541 1650 3757 1705; x_wconf 90' lang='lat' dir='ltr'><strong>Decem-</strong></span> 
     </span>
    </p>
   </div>
   <div class='ocr_carea' id='block_1_27' title="bbox 2193 1739 3754 1811">
    <p class='ocr_par' dir='ltr' id='par_1_27' title="bbox 2193 1739 3754 1811">
     <span class='ocr_line' id='line_1_27' title="bbox 2193 1739 3754 1811; baseline 0.002 -18"><span class='ocrx_word' id='word_1_198' title='bbox 2193 1739 2306 1793; x_wconf 86' lang='lat' dir='ltr'><strong>bris</strong></span> <span class='ocrx_word' id='word_1_199' title='bbox 2334 1740 2404 1793; x_wconf 61' lang='grc' dir='ltr'><strong>ρο</strong></span> <span class='ocrx_word' id='word_1_200' title='bbox 2432 1741 2538 1804; x_wconf 92' lang='lat' dir='ltr'><strong>die,</strong></span> <span class='ocrx_word' id='word_1_201' title='bbox 2568 1742 2621 1795; x_wconf 91' lang='lat' dir='ltr'><strong>in</strong></span> <span class='ocrx_word' id='word_1_202' title='bbox 2656 1741 2864 1795; x_wconf 58' lang='lat' dir='ltr'><strong>cieteris</strong></span> <span class='ocrx_word' id='word_1_203' title='bbox 2889 1740 2958 1794; x_wconf 74' lang='grc'><strong>26</strong></span> <span class='ocrx_word' id='word_1_204' title='bbox 2996 1740 3247 1811; x_wconf 79' lang='lat' dir='ltr'><strong>Augusti,</strong></span> <span class='ocrx_word' id='word_1_205' title='bbox 3277 1757 3385 1810; x_wconf 90' lang='lat' dir='ltr'><strong>quo</strong></span> <span class='ocrx_word' id='word_1_206' title='bbox 3423 1757 3569 1795; x_wconf 90' lang='lat' dir='ltr'><strong>nunc</strong></span> <span class='ocrx_word' id='word_1_207' title='bbox 3611 1743 3754 1797; x_wconf 85' lang='lat' dir='ltr'><strong>cele—</strong></span> 
     </span>
    </p>
   </div>
   <div class='ocr_carea' id='block_1_28' title="bbox 2192 1829 3749 1905">
    <p class='ocr_par' dir='ltr' id='par_1_28' title="bbox 2192 1829 3749 1905">
     <span class='ocr_line' id='line_1_28' title="bbox 2192 1829 3749 1905; baseline 0.003 -21"><span class='ocrx_word' id='word_1_208' title='bbox 2192 1829 2380 1885; x_wconf 88' lang='lat' dir='ltr'><strong>bratur</strong></span> <span class='ocrx_word' id='word_1_209' title='bbox 2414 1832 2586 1901; x_wconf 89' lang='lat' dir='ltr'><strong>ipsius</strong></span> <span class='ocrx_word' id='word_1_210' title='bbox 2632 1832 2915 1895; x_wconf 83' lang='lat' dir='ltr'><strong>festivitas,</strong></span> <span class='ocrx_word' id='word_1_211' title='bbox 2951 1834 3227 1889; x_wconf 87' lang='lat' dir='ltr'><strong>recolitur.</strong></span> <span class='ocrx_word' id='word_1_212' title='bbox 3264 1833 3319 1889; x_wconf 88' lang='lat' dir='ltr'><strong>Si</strong></span> <span class='ocrx_word' id='word_1_213' title='bbox 3364 1836 3525 1905; x_wconf 81' lang='lat' dir='ltr'><strong>igitur</strong></span> <span class='ocrx_word' id='word_1_214' title='bbox 3572 1836 3749 1904; x_wconf 85' lang='lat' dir='ltr'><strong>ipsum</strong></span> 
     </span>
    </p>
   </div>
   <div class='ocr_carea' id='block_1_29' title="bbox 2192 1919 3749 1993">
    <p class='ocr_par' dir='ltr' id='par_1_29' title="bbox 2192 1919 3749 1993">
     <span class='ocr_line' id='line_1_29' title="bbox 2192 1919 3749 1993; baseline 0.003 -20"><span class='ocrx_word' id='word_1_215' title='bbox 2192 1934 2315 1973; x_wconf 92' lang='lat' dir='ltr'><strong>cum</strong></span> <span class='ocrx_word' id='word_1_216' title='bbox 2341 1919 2572 1974; x_wconf 89' lang='lat' dir='ltr'><strong>Eusebio</strong></span> <span class='ocrx_word' id='word_1_217' title='bbox 2594 1920 2850 1975; x_wconf 89' lang='lat' dir='ltr'><strong>Antonini</strong></span> <span class='ocrx_word' id='word_1_218' title='bbox 2879 1920 3208 1991; x_wconf 82' lang='lat' dir='ltr'><strong>lleliogabali</strong></span> <span class='ocrx_word' id='word_1_219' title='bbox 3237 1924 3366 1993; x_wconf 88' lang='lat' dir='ltr'><strong>imp.</strong></span> <span class='ocrx_word' id='word_1_220' title='bbox 3391 1925 3563 1993; x_wconf 90' lang='lat' dir='ltr'><strong>primo</strong></span> <span class='ocrx_word' id='word_1_221' title='bbox 3582 1940 3749 1990; x_wconf 88' lang='lat' dir='ltr'><strong>anno,</strong></span> 
     </span>
    </p>
   </div>
   <div class='ocr_carea' id='block_1_30' title="bbox 2190 2011 3750 2085">
    <p class='ocr_par' dir='ltr' id='par_1_30' title="bbox 2190 2011 3750 2085">
     <span class='ocr_line' id='line_1_30' title="bbox 2190 2011 3750 2085; baseline 0.005 -21"><span class='ocrx_word' id='word_1_222' title='bbox 2190 2019 2397 2065; x_wconf 92' lang='lat' dir='ltr'><strong>etcum</strong></span> <span class='ocrx_word' id='word_1_223' title='bbox 2444 2011 2836 2068; x_wconf 80' lang='lat' dir='ltr'><strong>vetustioribus</strong></span> <span class='ocrx_word' id='word_1_224' title='bbox 2882 2012 3277 2085; x_wconf 85' lang='lat' dir='ltr'><strong>Martyrologiis</strong></span> <span class='ocrx_word' id='word_1_225' title='bbox 3327 2015 3396 2068; x_wconf 72' lang='lat'><strong>20</strong></span> <span class='ocrx_word' id='word_1_226' title='bbox 3440 2016 3750 2072; x_wconf 89' lang='lat' dir='ltr'><strong>Decembris</strong></span> 
     </span>
    </p>
   </div>
   <div class='ocr_carea' id='block_1_31' title="bbox 2188 2102 3742 2173">
    <p class='ocr_par' dir='ltr' id='par_1_31' title="bbox 2188 2102 3742 2173">
     <span class='ocr_line' id='line_1_31' title="bbox 2188 2102 3742 2173; baseline 0.005 -16"><span class='ocrx_word' id='word_1_227' title='bbox 2188 2102 2277 2158; x_wconf 90' lang='lat' dir='ltr'><strong>die</strong></span> <span class='ocrx_word' id='word_1_228' title='bbox 2326 2103 2528 2157; x_wconf 90' lang='lat' dir='ltr'><strong>obiisse</strong></span> <span class='ocrx_word' id='word_1_229' title='bbox 2561 2119 2852 2173; x_wconf 90' lang='lat' dir='ltr'><strong>ponamus,</strong></span> <span class='ocrx_word' id='word_1_230' title='bbox 2895 2106 2997 2160; x_wconf 91' lang='lat' dir='ltr'><strong>sub</strong></span> <span class='ocrx_word' id='word_1_231' title='bbox 3028 2107 3230 2161; x_wconf 81' lang='lat' dir='ltr'><strong>exitum</strong></span> <span class='ocrx_word' id='word_1_232' title='bbox 3270 2108 3398 2162; x_wconf 89' lang='lat' dir='ltr'><strong>anni</strong></span> <span class='ocrx_word' id='word_1_233' title='bbox 3444 2108 3548 2162; x_wconf 61' lang='lat' dir='ltr'><strong>QiS</strong></span> <span class='ocrx_word' id='word_1_234' title='bbox 3590 2124 3742 2164; x_wconf 89' lang='lat' dir='ltr'><strong>mors</strong></span> 
     </span>
    </p>
   </div>
   <div class='ocr_carea' id='block_1_32' title="bbox 2188 2192 2843 2264">
    <p class='ocr_par' dir='ltr' id='par_1_32' title="bbox 2188 2192 2843 2264">
     <span class='ocr_line' id='line_1_32' title="bbox 2188 2192 2843 2264; baseline 0.002 -17"><span class='ocrx_word' id='word_1_235' title='bbox 2188 2192 2306 2262; x_wconf 91' lang='lat' dir='ltr'><strong>ejus</strong></span> <span class='ocrx_word' id='word_1_236' title='bbox 2337 2194 2699 2264; x_wconf 89' lang='lat' dir='ltr'><strong>consignanda</strong></span> <span class='ocrx_word' id='word_1_237' title='bbox 2723 2194 2843 2249; x_wconf 91' lang='lat' dir='ltr'><strong>erit.</strong></span> 
     </span>
    </p>
   </div>
   <div class='ocr_carea' id='block_1_33' title="bbox 2258 2283 3744 2357">
    <p class='ocr_par' dir='ltr' id='par_1_33' title="bbox 2258 2283 3744 2357">
     <span class='ocr_line' id='line_1_33' title="bbox 2258 2283 3744 2357; baseline 0.003 -22"><span class='ocrx_word' id='word_1_238' title='bbox 2258 2283 2338 2337; x_wconf 82' lang='lat' dir='ltr'><strong>Ad</strong></span> <span class='ocrx_word' id='word_1_239' title='bbox 2365 2285 2482 2354; x_wconf 89' lang='lat' dir='ltr'><strong>ejus</strong></span> <span class='ocrx_word' id='word_1_240' title='bbox 2497 2284 2905 2357; x_wconf 90' lang='lat' dir='ltr'><strong>epistolasquod</strong></span> <span class='ocrx_word' id='word_1_241' title='bbox 2917 2286 3129 2352; x_wconf 89' lang='lat' dir='ltr'><strong>attinet,</strong></span> <span class='ocrx_word' id='word_1_242' title='bbox 3146 2285 3279 2340; x_wconf 84' lang='lat' dir='ltr'><strong>nihil</strong></span> <span class='ocrx_word' id='word_1_243' title='bbox 3307 2286 3359 2341; x_wconf 90' lang='lat' dir='ltr'><strong>in</strong></span> <span class='ocrx_word' id='word_1_244' title='bbox 3386 2287 3465 2342; x_wconf 90' lang='lat' dir='ltr'><strong>eis</strong></span> <span class='ocrx_word' id='word_1_245' title='bbox 3490 2295 3571 2343; x_wconf 88' lang='lat' dir='ltr'><strong>est</strong></span> <span class='ocrx_word' id='word_1_246' title='bbox 3590 2302 3687 2342; x_wconf 87' lang='lat' dir='ltr'><strong>cur</strong></span> <span class='ocrx_word' id='word_1_247' title='bbox 3712 2302 3744 2341; x_wconf 73' lang='grc' dir='ltr'>τι</span> 
     </span>
    </p>
   </div>
   <div class='ocr_carea' id='block_1_34' title="bbox 2192 2376 3296 2449">
    <p class='ocr_par' dir='ltr' id='par_1_34' title="bbox 2192 2376 3296 2449">
     <span class='ocr_line' id='line_1_34' title="bbox 2192 2376 3296 2449; baseline 0.004 -19"><span class='ocrx_word' id='word_1_248' title='bbox 2192 2376 2416 2446; x_wconf 87' lang='lat' dir='ltr'><strong>reliquis</strong></span> <span class='ocrx_word' id='word_1_249' title='bbox 2443 2377 2635 2433; x_wconf 89' lang='lat' dir='ltr'><strong>Isidori</strong></span> <span class='ocrx_word' id='word_1_250' title='bbox 2665 2378 2935 2433; x_wconf 89' lang='lat' dir='ltr'><strong>mercibus</strong></span> <span class='ocrx_word' id='word_1_251' title='bbox 2959 2388 3296 2449; x_wconf 88' lang='lat' dir='ltr'><strong>separentur.</strong></span> 
     </span>
    </p>
   </div>
   <div class='ocr_carea' id='block_1_35' title="bbox 975 2640 3686 2668">
    <p class='ocr_par' dir='ltr' id='par_1_35' title="bbox 975 2640 3686 2668">
     <span class='ocr_line' id='line_1_35' title="bbox 975 2640 3686 2668; baseline 0 -17"><span class='ocrx_word' id='word_1_252' title='bbox 975 2640 3686 2668; x_wconf 71' lang='lat'><strong>_....___._________________________________</strong></span> 
     </span>
    </p>
   </div>
   <div class='ocr_carea' id='block_1_36' title="bbox 1155 2686 3118 2967">
    <p class='ocr_par' dir='ltr' id='par_1_36' title="bbox 1155 2686 3118 2967">
     <span class='ocr_line' id='line_1_36' title="bbox 1155 2686 3118 2967; baseline -0.001 0"><span class='ocrx_word' id='word_1_253' title='bbox 1155 2686 1315 2967; x_wconf 74' lang='grc' dir='ltr'><strong>Ξ.</strong></span> <span class='ocrx_word' id='word_1_254' title='bbox 1406 2810 2462 2965; x_wconf 81' lang='grc' dir='ltr'><strong>ΖΕΡΗῩΒΙΝΙ</strong></span> <span class='ocrx_word' id='word_1_255' title='bbox 2573 2805 3118 2966; x_wconf 69' lang='grc' dir='ltr'><strong>ΡΑΡλίΕ</strong></span> 
     </span>
    </p>
   </div>
   <div class='ocr_carea' id='block_1_37' title="bbox 1695 3099 2550 3261">
    <p class='ocr_par' dir='ltr' id='par_1_37' title="bbox 1695 3099 2550 3261">
     <span class='ocr_line' id='line_1_37' title="bbox 1695 3099 2550 3261; baseline -0.002 -33"><span class='ocrx_word' id='word_1_256' title='bbox 1695 3099 2550 3261; x_wconf 67' lang='grc' dir='ltr'><strong>ΕΡῘΞΤΟῙΛΕ.</strong></span> 
     </span>
    </p>
   </div>
   <div class='ocr_carea' id='block_1_38' title="bbox 959 3492 1628 3551">
    <p class='ocr_par' dir='ltr' id='par_1_38' title="bbox 959 3492 1628 3551">
     <span class='ocr_line' id='line_1_38' title="bbox 959 3492 1628 3551; baseline -0.001 -2"><span class='ocrx_word' id='word_1_257' title='bbox 959 3499 974 3529; x_wconf 81' lang='grc'>¹</span> <span class='ocrx_word' id='word_1_258' title='bbox 1010 3492 1346 3551; x_wconf 77' lang='lat' dir='ltr'><strong>EPISTULA</strong></span> <span class='ocrx_word' id='word_1_259' title='bbox 1392 3492 1628 3548; x_wconf 79' lang='lat' dir='ltr'><strong>PRIMA.</strong></span> 
     </span>
    </p>
   </div>
   <div class='ocr_carea' id='block_1_39' title="bbox 811 3618 1777 3662">
    <p class='ocr_par' dir='ltr' id='par_1_39' title="bbox 811 3618 1777 3662">
     <span class='ocr_line' id='line_1_39' title="bbox 811 3618 1777 3662; baseline -0.004 0"><span class='ocrx_word' id='word_1_260' title='bbox 811 3624 873 3662; x_wconf 68' lang='lat' dir='ltr'><strong>AD</strong></span> <span class='ocrx_word' id='word_1_261' title='bbox 910 3623 1189 3662; x_wconf 79' lang='lat' dir='ltr'><strong>EPISCOPOS</strong></span> <span class='ocrx_word' id='word_1_262' title='bbox 1227 3622 1399 3662; x_wconf 74' lang='lat' dir='ltr'><strong>OINES</strong></span> <span class='ocrx_word' id='word_1_263' title='bbox 1436 3618 1777 3661; x_wconf 78' lang='lat' dir='ltr'><strong>SlClLIENSES.</strong></span> 
     </span>
    </p>
   </div>
   <div class='ocr_carea' id='block_1_40' title="bbox 516 3734 2079 3813">
    <p class='ocr_par' dir='ltr' id='par_1_40' title="bbox 516 3734 2079 3813">
     <span class='ocr_line' id='line_1_40' title="bbox 516 3734 2079 3813; baseline -0.006 -15"><span class='ocrx_word' id='word_1_264' title='bbox 516 3744 589 3798; x_wconf 85' lang='lat' dir='ltr'><strong>De</strong></span> <span class='ocrx_word' id='word_1_265' title='bbox 600 3742 819 3813; x_wconf 85' lang='lat' dir='ltr'><strong>judiciis</strong></span> <span class='ocrx_word' id='word_1_266' title='bbox 839 3743 1217 3812; x_wconf 85' lang='lat' dir='ltr'><strong>episcoporum,</strong></span> <span class='ocrx_word' id='word_1_267' title='bbox 1235 3748 1285 3813; x_wconf 81' lang='lat' dir='ltr'><strong>et</strong></span> <span class='ocrx_word' id='word_1_268' title='bbox 1314 3736 1601 3813; x_wconf 59' lang='lat' dir='ltr'><strong>majoribus</strong></span> <span class='ocrx_word' id='word_1_269' title='bbox 1628 3734 1875 3813; x_wconf 65' lang='lat' dir='ltr'><strong>Ecclesia:</strong></span> <span class='ocrx_word' id='word_1_270' title='bbox 1905 3735 2079 3791; x_wconf 80' lang='lat' dir='ltr'><strong>causis</strong></span> 
     </span>
    </p>
   </div>
   <div class='ocr_carea' id='block_1_41' title="bbox 839 3806 1743 3881">
    <p class='ocr_par' dir='ltr' id='par_1_41' title="bbox 839 3806 1743 3881">
     <span class='ocr_line' id='line_1_41' title="bbox 839 3806 1743 3881; baseline -0.006 -15"><span class='ocrx_word' id='word_1_271' title='bbox 839 3806 895 3866; x_wconf 83' lang='lat' dir='ltr'><strong>in</strong></span> <span class='ocrx_word' id='word_1_272' title='bbox 919 3806 1037 3866; x_wconf 80' lang='lat' dir='ltr'><strong>sede</strong></span> <span class='ocrx_word' id='word_1_273' title='bbox 1060 3810 1352 3881; x_wconf 85' lang='lat' dir='ltr'><strong>apostolica</strong></span> <span class='ocrx_word' id='word_1_274' title='bbox 1378 3806 1743 3863; x_wconf 82' lang='lat' dir='ltr'><strong>terminandis.</strong></span> 
     </span>
    </p>
   </div>
   <div class='ocr_carea' id='block_1_42' title="bbox 578 3941 2080 4014">
    <p class='ocr_par' dir='ltr' id='par_1_42' title="bbox 578 3941 2080 4014">
     <span class='ocr_line' id='line_1_42' title="bbox 578 3941 2080 4014; baseline -0.004 -13"><span class='ocrx_word' id='word_1_275' title='bbox 578 3948 837 4001; x_wconf 76' lang='lat' dir='ltr'><strong>Romamn</strong></span> <span class='ocrx_word' id='word_1_276' title='bbox 867 3945 1017 4000; x_wconf 89' lang='lat' dir='ltr'><strong>urbis</strong></span> <span class='ocrx_word' id='word_1_277' title='bbox 1044 3943 1488 4014; x_wconf 84' lang='lat' dir='ltr'><strong>archiepiscopus</strong></span> <span class='ocrx_word' id='word_1_278' title='bbox 1513 3942 1871 4007; x_wconf 74' lang='lat' dir='ltr'><strong>Zseuvmnus,</strong></span> <span class='ocrx_word' id='word_1_279' title='bbox 1901 3941 2080 3997; x_wconf 89' lang='lat' dir='ltr'><strong>omni-</strong></span> 
     </span>
    </p>
   </div>
   <div class='ocr_carea' id='block_1_43' title="bbox 512 4032 2077 4105">
    <p class='ocr_par' dir='ltr' id='par_1_43' title="bbox 512 4032 2077 4105">
     <span class='ocr_line' id='line_1_43' title="bbox 512 4032 2077 4105; baseline 0.003 -18"><span class='ocrx_word' id='word_1_280' title='bbox 512 4032 615 4089; x_wconf 84' lang='lat' dir='ltr'><strong>bus</strong></span> <span class='ocrx_word' id='word_1_281' title='bbox 650 4052 746 4105; x_wconf 91' lang='lat' dir='ltr'><strong>per</strong></span> <span class='ocrx_word' id='word_1_282' title='bbox 781 4035 1026 4090; x_wconf 90' lang='lat' dir='ltr'><strong>Siciliam</strong></span> <span class='ocrx_word' id='word_1_283' title='bbox 1066 4035 1379 4091; x_wconf 86' lang='lat' dir='ltr'><strong>constitutis</strong></span> <span class='ocrx_word' id='word_1_284' title='bbox 1426 4035 1698 4105; x_wconf 88' lang='lat' dir='ltr'><strong>episcopis</strong></span> <span class='ocrx_word' id='word_1_285' title='bbox 1744 4035 1798 4089; x_wconf 92' lang='lat' dir='ltr'><strong>in</strong></span> <span class='ocrx_word' id='word_1_286' title='bbox 1847 4032 2077 4091; x_wconf 90' lang='lat' dir='ltr'><strong>Domino</strong></span> 
     </span>
    </p>
   </div>
   <div class='ocr_carea' id='block_1_44' title="bbox 507 4127 765 4182">
    <p class='ocr_par' dir='ltr' id='par_1_44' title="bbox 507 4127 765 4182">
     <span class='ocr_line' id='line_1_44' title="bbox 507 4127 765 4182; baseline 0 -1"><span class='ocrx_word' id='word_1_287' title='bbox 507 4127 765 4182; x_wconf 87' lang='lat' dir='ltr'><strong>salutem.</strong></span> 
     </span>
    </p>
   </div>
   <div class='ocr_carea' id='block_1_45' title="bbox 578 4217 2073 4289">
    <p class='ocr_par' dir='ltr' id='par_1_45' title="bbox 578 4217 2073 4289">
     <span class='ocr_line' id='line_1_45' title="bbox 578 4217 2073 4289; baseline 0.003 -19"><span class='ocrx_word' id='word_1_288' title='bbox 578 4217 782 4274; x_wconf 74' lang='lat' dir='ltr'><strong>Divitiae</strong></span> <span class='ocrx_word' id='word_1_289' title='bbox 800 4219 947 4274; x_wconf 81' lang='lat' dir='ltr'><strong>circa</strong></span> <span class='ocrx_word' id='word_1_290' title='bbox 978 4234 1079 4275; x_wconf 90' lang='lat' dir='ltr'><strong>nos</strong></span> <span class='ocrx_word' id='word_1_291' title='bbox 1106 4220 1293 4289; x_wconf 62' lang='lat' dir='ltr'><strong>gratia:</strong></span> <span class='ocrx_word' id='word_1_292' title='bbox 1315 4233 1587 4274; x_wconf 89' lang='lat' dir='ltr'><strong>memores</strong></span> <span class='ocrx_word' id='word_1_293' title='bbox 1608 4234 1730 4274; x_wconf 90' lang='lat' dir='ltr'><strong>esse</strong></span> <span class='ocrx_word' id='word_1_294' title='bbox 1754 4219 2014 4274; x_wconf 90' lang='lat' dir='ltr'><strong>debemus</strong></span> <span class='ocrx_word' id='word_1_295' title='bbox 2031 4222 2073 4285; x_wconf 82' lang='grc'><strong>³,</strong></span> 
     </span>
    </p>
   </div>
   <div class='ocr_carea' id='block_1_46' title="bbox 506 4309 2077 4381">
    <p class='ocr_par' dir='ltr' id='par_1_46' title="bbox 506 4309 2077 4381">
     <span class='ocr_line' id='line_1_46' title="bbox 506 4309 2077 4381; baseline 0.001 -19"><span class='ocrx_word' id='word_1_296' title='bbox 506 4325 628 4379; x_wconf 66' lang='lat' dir='ltr'><strong>qua:</strong></span> <span class='ocrx_word' id='word_1_297' title='bbox 658 4326 759 4365; x_wconf 88' lang='lat' dir='ltr'><strong>nos</strong></span> <span class='ocrx_word' id='word_1_298' title='bbox 782 4325 877 4380; x_wconf 83' lang='lat' dir='ltr'><strong>per</strong></span> <span class='ocrx_word' id='word_1_299' title='bbox 902 4309 1237 4381; x_wconf 80' lang='lat' dir='ltr'><strong>dignationis</strong></span> <span class='ocrx_word' id='word_1_300' title='bbox 1267 4325 1380 4364; x_wconf 75' lang='lat' dir='ltr'><strong>sua:</strong></span> <span class='ocrx_word' id='word_1_301' title='bbox 1406 4309 1856 4373; x_wconf 88' lang='lat' dir='ltr'><strong>misericordiam,</strong></span> <span class='ocrx_word' id='word_1_302' title='bbox 1883 4310 1952 4363; x_wconf 92' lang='lat' dir='ltr'><strong>ob</strong></span> <span class='ocrx_word' id='word_1_303' title='bbox 1971 4309 2077 4364; x_wconf 93' lang='lat' dir='ltr'><strong>hoc</strong></span> 
     </span>
    </p>
   </div>
   <div class='ocr_carea' id='block_1_47' title="bbox 505 4398 2074 4471">
    <p class='ocr_par' dir='ltr' id='par_1_47' title="bbox 505 4398 2074 4471">
     <span class='ocr_line' id='line_1_47' title="bbox 505 4398 2074 4471; baseline 0.001 -18"><span class='ocrx_word' id='word_1_304' title='bbox 505 4398 573 4453; x_wconf 89' lang='lat' dir='ltr'><strong>ad</strong></span> <span class='ocrx_word' id='word_1_305' title='bbox 610 4399 886 4471; x_wconf 81' lang='lat' dir='ltr'><strong>fastigium</strong></span> <span class='ocrx_word' id='word_1_306' title='bbox 925 4400 1262 4457; x_wconf 87' lang='lat' dir='ltr'><strong>sacerdotale</strong></span> <span class='ocrx_word' id='word_1_307' title='bbox 1298 4401 1373 4471; x_wconf 75' lang='grc'><strong>(4)</strong></span> <span class='ocrx_word' id='word_1_308' title='bbox 1412 4400 1681 4470; x_wconf 82' lang='lat' dir='ltr'><strong>provexit,</strong></span> <span class='ocrx_word' id='word_1_309' title='bbox 1706 4409 1767 4455; x_wconf 91' lang='lat' dir='ltr'><strong>ut</strong></span> <span class='ocrx_word' id='word_1_310' title='bbox 1804 4400 2074 4455; x_wconf 90' lang='lat' dir='ltr'><strong>mandatis</strong></span> 
     </span>
    </p>
   </div>
   <div class='ocr_carea' id='block_1_48' title="bbox 503 4491 2072 4564">
    <p class='ocr_par' dir='ltr' id='par_1_48' title="bbox 503 4491 2072 4564">
     <span class='ocr_line' id='line_1_48' title="bbox 503 4491 2072 4564; baseline 0.001 -19"><span class='ocrx_word' id='word_1_311' title='bbox 503 4491 677 4561; x_wconf 81' lang='lat' dir='ltr'><strong>ipsius</strong></span> <span class='ocrx_word' id='word_1_312' title='bbox 713 4494 1057 4560; x_wconf 57' lang='lat' dir='ltr'><strong>inhaerentes,</strong></span> <span class='ocrx_word' id='word_1_313' title='bbox 1096 4502 1151 4548; x_wconf 90' lang='lat' dir='ltr'><strong>et</strong></span> <span class='ocrx_word' id='word_1_314' title='bbox 1192 4494 1248 4548; x_wconf 91' lang='lat' dir='ltr'><strong>in</strong></span> <span class='ocrx_word' id='word_1_315' title='bbox 1285 4494 1521 4564; x_wconf 90' lang='lat' dir='ltr'><strong>quadam</strong></span> <span class='ocrx_word' id='word_1_316' title='bbox 1577 4492 1917 4549; x_wconf 89' lang='lat' dir='ltr'><strong>sacerdotum</strong></span> <span class='ocrx_word' id='word_1_317' title='bbox 1954 4493 2072 4562; x_wconf 91' lang='lat' dir='ltr'><strong>ejus</strong></span> 
     </span>
    </p>
   </div>
   <div class='ocr_carea' id='block_1_49' title="bbox 503 4585 2071 4654">
    <p class='ocr_par' dir='ltr' id='par_1_49' title="bbox 503 4585 2071 4654">
     <span class='ocr_line' id='line_1_49' title="bbox 503 4585 2071 4654; baseline 0.001 -16"><span class='ocrx_word' id='word_1_318' title='bbox 503 4586 875 4654; x_wconf 86' lang='lat' dir='ltr'><strong>speculatione</strong></span> <span class='ocrx_word' id='word_1_319' title='bbox 911 4586 1216 4651; x_wconf 87' lang='lat' dir='ltr'><strong>constituti,</strong></span> <span class='ocrx_word' id='word_1_320' title='bbox 1248 4586 1637 4653; x_wconf 83' lang='lat' dir='ltr'><strong>prohibeamus</strong></span> <span class='ocrx_word' id='word_1_321' title='bbox 1676 4585 1863 4640; x_wconf 89' lang='lat' dir='ltr'><strong>illicita</strong></span> <span class='ocrx_word' id='word_1_322' title='bbox 1892 4593 1947 4639; x_wconf 91' lang='lat' dir='ltr'><strong>et</strong></span> <span class='ocrx_word' id='word_1_323' title='bbox 1980 4599 2071 4639; x_wconf 88' lang='lat' dir='ltr'><strong>se-</strong></span> 
     </span>
    </p>
   </div>
   <div class='ocr_carea' id='block_1_50' title="bbox 500 4676 2073 4747">
    <p class='ocr_par' dir='ltr' id='par_1_50' title="bbox 500 4676 2073 4747">
     <span class='ocr_line' id='line_1_50' title="bbox 500 4676 2073 4747; baseline 0.002 -19"><span class='ocrx_word' id='word_1_324' title='bbox 500 4681 715 4746; x_wconf 85' lang='lat' dir='ltr'><strong>quenda</strong></span> <span class='ocrx_word' id='word_1_325' title='bbox 742 4678 1055 4733; x_wconf 87' lang='lat' dir='ltr'><strong>doceamus.</strong></span> <span class='ocrx_word' id='word_1_326' title='bbox 1086 4676 1243 4733; x_wconf 87' lang='lat' dir='ltr'><strong>Sicut</strong></span> <span class='ocrx_word' id='word_1_327' title='bbox 1266 4676 1454 4734; x_wconf 85' lang='lat' dir='ltr'><strong>stellas</strong></span> <span class='ocrx_word' id='word_1_328' title='bbox 1488 4678 1611 4733; x_wconf 88' lang='lat' dir='ltr'><strong>coeli</strong></span> <span class='ocrx_word' id='word_1_329' title='bbox 1637 4692 1744 4731; x_wconf 91' lang='lat' dir='ltr'><strong>non</strong></span> <span class='ocrx_word' id='word_1_330' title='bbox 1776 4677 2073 4747; x_wconf 80' lang='lat' dir='ltr'><strong>exstinguit</strong></span> 
     </span>
    </p>
   </div>
   <div class='ocr_carea' id='block_1_51' title="bbox 502 4766 2071 4833">
    <p class='ocr_par' dir='ltr' id='par_1_51' title="bbox 502 4766 2071 4833">
     <span class='ocr_line' id='line_1_51' title="bbox 502 4766 2071 4833; baseline -0.001 -11"><span class='ocrx_word' id='word_1_331' title='bbox 502 4783 613 4822; x_wconf 82' lang='lat' dir='ltr'><strong>nox</strong></span> <span class='ocrx_word' id='word_1_332' title='bbox 638 4768 680 4832; x_wconf 87' lang='grc'><em>³,</em></span> <span class='ocrx_word' id='word_1_333' title='bbox 713 4769 792 4824; x_wconf 92' lang='lat' dir='ltr'><strong>sic</strong></span> <span class='ocrx_word' id='word_1_334' title='bbox 815 4777 1024 4825; x_wconf 84' lang='lat' dir='ltr'><strong>mentes</strong></span> <span class='ocrx_word' id='word_1_335' title='bbox 1044 4770 1315 4833; x_wconf 87' lang='lat' dir='ltr'><strong>ﬁdelium,</strong></span> <span class='ocrx_word' id='word_1_336' title='bbox 1337 4770 1675 4822; x_wconf 87' lang='lat' dir='ltr'><strong>ﬁrmamento</strong></span> <span class='ocrx_word' id='word_1_337' title='bbox 1706 4766 2029 4821; x_wconf 87' lang='lat' dir='ltr'><strong>inhaerentes</strong></span> <span class='ocrx_word' id='word_1_338' title='bbox 2048 4768 2071 4797; x_wconf 68' lang='lat'><strong>‘</strong></span> 
     </span>
    </p>
   </div>
   <div class='ocr_carea' id='block_1_52' title="bbox 2106 3489 2853 3561">
    <p class='ocr_par' dir='ltr' id='par_1_52' title="bbox 2106 3489 2853 3561">
     <span class='ocr_line' id='line_1_52' title="bbox 2106 3489 2853 3561; baseline -0.007 -14"><span class='ocrx_word' id='word_1_339' title='bbox 2106 3501 2149 3559; x_wconf 73' lang='grc' dir='ltr'>ο</span> <span class='ocrx_word' id='word_1_340' title='bbox 2184 3489 2495 3561; x_wconf 88' lang='lat' dir='ltr'><strong>impletores</strong></span> <span class='ocrx_word' id='word_1_341' title='bbox 2521 3489 2853 3561; x_wconf 88' lang='lat' dir='ltr'><strong>appareatis.</strong></span> 
     </span>
    </p>
   </div>
   <div class='ocr_carea' id='block_1_53' title="bbox 2254 3580 3738 3650">
    <p class='ocr_par' dir='ltr' id='par_1_53' title="bbox 2254 3580 3738 3650">
     <span class='ocr_line' id='line_1_53' title="bbox 2254 3580 3738 3650; baseline -0.003 -14"><span class='ocrx_word' id='word_1_342' title='bbox 2254 3582 2579 3638; x_wconf 75' lang='lat' dir='ltr'><strong>Patriarchze</strong></span> <span class='ocrx_word' id='word_1_343' title='bbox 2611 3596 2741 3638; x_wconf 88' lang='lat' dir='ltr'><strong>vero</strong></span> <span class='ocrx_word' id='word_1_344' title='bbox 2766 3580 2850 3635; x_wconf 90' lang='lat' dir='ltr'><strong>vel</strong></span> <span class='ocrx_word' id='word_1_345' title='bbox 2900 3580 3177 3650; x_wconf 83' lang='lat' dir='ltr'><strong>primates,</strong></span> <span class='ocrx_word' id='word_1_346' title='bbox 3208 3591 3522 3637; x_wconf 89' lang='lat' dir='ltr'><strong>accusatum</strong></span> <span class='ocrx_word' id='word_1_347' title='bbox 3550 3581 3738 3636; x_wconf 84' lang='lat' dir='ltr'><strong>discu-</strong></span> 
     </span>
    </p>
   </div>
   <div class='ocr_carea' id='block_1_54' title="bbox 2182 3673 3791 3745">
    <p class='ocr_par' dir='ltr' id='par_1_54' title="bbox 2182 3673 3791 3745">
     <span class='ocr_line' id='line_1_54' title="bbox 2182 3673 3791 3745; baseline 0 -17"><span class='ocrx_word' id='word_1_348' title='bbox 2182 3675 2380 3731; x_wconf 90' lang='lat' dir='ltr'><strong>tientes</strong></span> <span class='ocrx_word' id='word_1_349' title='bbox 2406 3675 2721 3745; x_wconf 91' lang='lat' dir='ltr'><strong>episcopum</strong></span> <span class='ocrx_word' id='word_1_350' title='bbox 2752 3675 2793 3741; x_wconf 85' lang='grc'>⁸,</span> <span class='ocrx_word' id='word_1_351' title='bbox 2826 3689 2934 3727; x_wconf 84' lang='grc' dir='ltr'>ιιοη</span> <span class='ocrx_word' id='word_1_352' title='bbox 2960 3683 3086 3730; x_wconf 90' lang='lat' dir='ltr'><strong>ante</strong></span> <span class='ocrx_word' id='word_1_353' title='bbox 3118 3676 3439 3730; x_wconf 83' lang='lat' dir='ltr'><strong>sententiam</strong></span> <span class='ocrx_word' id='word_1_354' title='bbox 3465 3673 3696 3744; x_wconf 75' lang='lat' dir='ltr'><strong>proferat</strong></span> <span class='ocrx_word' id='word_1_355' title='bbox 3723 3686 3745 3728; x_wconf 88' lang='grc' dir='ltr'><strong>ι</strong></span> <span class='ocrx_word' id='word_1_356' title='bbox 3780 3729 3791 3741; x_wconf 67' lang='grc'><strong>,</strong></span> 
     </span>
    </p>
   </div>
   <div class='ocr_carea' id='block_1_55' title="bbox 2182 3765 3747 3837">
    <p class='ocr_par' dir='ltr' id='par_1_55' title="bbox 2182 3765 3747 3837">
     <span class='ocr_line' id='line_1_55' title="bbox 2182 3765 3747 3837; baseline 0.001 -18"><span class='ocrx_word' id='word_1_357' title='bbox 2182 3766 2469 3832; x_wconf 90' lang='lat' dir='ltr'><strong>ﬁnitivam,</strong></span> <span class='ocrx_word' id='word_1_358' title='bbox 2517 3782 2682 3837; x_wconf 88' lang='lat' dir='ltr'><strong>quam</strong></span> <span class='ocrx_word' id='word_1_359' title='bbox 2732 3765 3023 3835; x_wconf 79' lang='lat' dir='ltr'><strong>apostolica</strong></span> <span class='ocrx_word' id='word_1_360' title='bbox 3063 3765 3179 3821; x_wconf 82' lang='lat' dir='ltr'><strong>fulti</strong></span> <span class='ocrx_word' id='word_1_361' title='bbox 3245 3766 3590 3831; x_wconf 90' lang='lat' dir='ltr'><strong>auctoritate,</strong></span> <span class='ocrx_word' id='word_1_362' title='bbox 3648 3772 3747 3820; x_wconf 80' lang='lat' dir='ltr'><strong>aut</strong></span> 
     </span>
    </p>
   </div>
   <div class='ocr_carea' id='block_1_56' title="bbox 2183 3856 3746 3927">
    <p class='ocr_par' dir='ltr' id='par_1_56' title="bbox 2183 3856 3746 3927">
     <span class='ocr_line' id='line_1_56' title="bbox 2183 3856 3746 3927; baseline -0.002 -14"><span class='ocrx_word' id='word_1_363' title='bbox 2183 3874 2337 3913; x_wconf 92' lang='lat' dir='ltr'><strong>reum</strong></span> <span class='ocrx_word' id='word_1_364' title='bbox 2372 3858 2609 3927; x_wconf 87' lang='lat' dir='ltr'><strong>seipsum</strong></span> <span class='ocrx_word' id='word_1_365' title='bbox 2654 3857 2999 3921; x_wconf 83' lang='lat' dir='ltr'><strong>conﬁteatur,</strong></span> <span class='ocrx_word' id='word_1_366' title='bbox 3044 3865 3135 3911; x_wconf 89' lang='lat' dir='ltr'><strong>aut</strong></span> <span class='ocrx_word' id='word_1_367' title='bbox 3182 3872 3279 3926; x_wconf 82' lang='lat' dir='ltr'><strong>per</strong></span> <span class='ocrx_word' id='word_1_368' title='bbox 3327 3856 3640 3911; x_wconf 89' lang='lat' dir='ltr'><strong>innocentes</strong></span> <span class='ocrx_word' id='word_1_369' title='bbox 3688 3866 3746 3910; x_wconf 83' lang='lat' dir='ltr'><strong>et</strong></span> 
     </span>
    </p>
   </div>
   <div class='ocr_carea' id='block_1_57' title="bbox 2156 3948 3739 4023">
    <p class='ocr_par' dir='ltr' id='par_1_57' title="bbox 2156 3948 3739 4023">
     <span class='ocr_line' id='line_1_57' title="bbox 2156 3948 3739 4023; baseline -0.004 -16"><span class='ocrx_word' id='word_1_370' title='bbox 2156 3952 2504 4023; x_wconf 73' lang='lat' dir='ltr'><strong>,regulariter</strong></span> <span class='ocrx_word' id='word_1_371' title='bbox 2550 3950 2889 4005; x_wconf 80' lang='lat' dir='ltr'><strong>examinatos</strong></span> <span class='ocrx_word' id='word_1_372' title='bbox 2939 3949 3293 4015; x_wconf 86' lang='lat' dir='ltr'><strong>convincatur</strong></span> <span class='ocrx_word' id='word_1_373' title='bbox 3338 3955 3505 4002; x_wconf 89' lang='lat' dir='ltr'><strong>testes</strong></span> <span class='ocrx_word' id='word_1_374' title='bbox 3538 3948 3593 4014; x_wconf 90' lang='lat'><strong>&quot;;</strong></span> <span class='ocrx_word' id='word_1_375' title='bbox 3642 3948 3739 4017; x_wconf 85' lang='lat' dir='ltr'><strong>qui</strong></span> 
     </span>
    </p>
   </div>
   <div class='ocr_carea' id='block_1_58' title="bbox 2179 4039 3744 4112">
    <p class='ocr_par' dir='ltr' id='par_1_58' title="bbox 2179 4039 3744 4112">
     <span class='ocr_line' id='line_1_58' title="bbox 2179 4039 3744 4112; baseline -0.002 -15"><span class='ocrx_word' id='word_1_376' title='bbox 2179 4042 2374 4098; x_wconf 91' lang='lat' dir='ltr'><strong>minori</strong></span> <span class='ocrx_word' id='word_1_377' title='bbox 2430 4056 2536 4096; x_wconf 90' lang='lat' dir='ltr'><strong>non</strong></span> <span class='ocrx_word' id='word_1_378' title='bbox 2588 4042 2697 4097; x_wconf 88' lang='lat' dir='ltr'><strong>sint</strong></span> <span class='ocrx_word' id='word_1_379' title='bbox 2745 4057 2992 4108; x_wconf 89' lang='lat' dir='ltr'><strong>numero,</strong></span> <span class='ocrx_word' id='word_1_380' title='bbox 3028 4056 3190 4112; x_wconf 90' lang='lat' dir='ltr'><strong>quam</strong></span> <span class='ocrx_word' id='word_1_381' title='bbox 3227 4040 3300 4093; x_wconf 90' lang='lat' dir='ltr'><strong>illi</strong></span> <span class='ocrx_word' id='word_1_382' title='bbox 3335 4040 3583 4109; x_wconf 89' lang='lat' dir='ltr'><strong>discipuli</strong></span> <span class='ocrx_word' id='word_1_383' title='bbox 3621 4039 3744 4094; x_wconf 79' lang='lat' dir='ltr'><strong>fue-</strong></span> 
     </span>
    </p>
   </div>
   <div class='ocr_carea' id='block_1_59' title="bbox 2178 4130 3744 4202">
    <p class='ocr_par' dir='ltr' id='par_1_59' title="bbox 2178 4130 3744 4202">
     <span class='ocr_line' id='line_1_59' title="bbox 2178 4130 3744 4202; baseline -0.003 -15"><span class='ocrx_word' id='word_1_384' title='bbox 2178 4141 2326 4199; x_wconf 91' lang='lat' dir='ltr'><strong>runt,</strong></span> <span class='ocrx_word' id='word_1_385' title='bbox 2372 4147 2510 4202; x_wconf 90' lang='lat' dir='ltr'><strong>quos</strong></span> <span class='ocrx_word' id='word_1_386' title='bbox 2558 4130 2820 4187; x_wconf 91' lang='lat' dir='ltr'><strong>Dominus</strong></span> <span class='ocrx_word' id='word_1_387' title='bbox 2852 4132 2917 4185; x_wconf 90' lang='lat' dir='ltr'><strong>ad</strong></span> <span class='ocrx_word' id='word_1_388' title='bbox 2953 4130 3323 4201; x_wconf 85' lang='lat' dir='ltr'><strong>adjumentum</strong></span> <span class='ocrx_word' id='word_1_389' title='bbox 3369 4130 3744 4198; x_wconf 82' lang='lat' dir='ltr'><strong>apostolorum</strong></span> 
     </span>
    </p>
   </div>
   <div class='ocr_carea' id='block_1_60' title="bbox 2177 4219 3744 4293">
    <p class='ocr_par' dir='ltr' id='par_1_60' title="bbox 2177 4219 3744 4293">
     <span class='ocr_line' id='line_1_60' title="bbox 2177 4219 3744 4293; baseline -0.004 -16"><span class='ocrx_word' id='word_1_390' title='bbox 2177 4223 2302 4293; x_wconf 85' lang='lat' dir='ltr'><strong>eligi</strong></span> <span class='ocrx_word' id='word_1_391' title='bbox 2348 4223 2625 4293; x_wconf 65' lang='lat' dir='ltr'><strong>praecepit,</strong></span> <span class='ocrx_word' id='word_1_392' title='bbox 2660 4222 2712 4276; x_wconf 93' lang='lat' dir='ltr'><strong>id</strong></span> <span class='ocrx_word' id='word_1_393' title='bbox 2764 4230 2868 4284; x_wconf 92' lang='lat' dir='ltr'><strong>est,</strong></span> <span class='ocrx_word' id='word_1_394' title='bbox 2911 4220 3250 4291; x_wconf 84' lang='lat' dir='ltr'><strong>septuaginta</strong></span> <span class='ocrx_word' id='word_1_395' title='bbox 3282 4220 3412 4274; x_wconf 91' lang='lat' dir='ltr'><strong>duo.</strong></span> <span class='ocrx_word' id='word_1_396' title='bbox 3458 4219 3744 4272; x_wconf 85' lang='lat' dir='ltr'><strong>Detracto—</strong></span> 
     </span>
    </p>
   </div>
   <div class='ocr_carea' id='block_1_61' title="bbox 2175 4310 3744 4384">
    <p class='ocr_par' dir='ltr' id='par_1_61' title="bbox 2175 4310 3744 4384">
     <span class='ocr_line' id='line_1_61' title="bbox 2175 4310 3744 4384; baseline -0.001 -16"><span class='ocrx_word' id='word_1_397' title='bbox 2175 4329 2263 4369; x_wconf 89' lang='lat' dir='ltr'><strong>res</strong></span> <span class='ocrx_word' id='word_1_398' title='bbox 2292 4329 2509 4384; x_wconf 92' lang='lat' dir='ltr'><strong>quoque</strong></span> <span class='ocrx_word' id='word_1_399' title='bbox 2548 4314 2641 4378; x_wconf 63' lang='grc' dir='ltr'>Μ,</span> <span class='ocrx_word' id='word_1_400' title='bbox 2687 4314 2780 4383; x_wconf 89' lang='lat' dir='ltr'><strong>qui</strong></span> <span class='ocrx_word' id='word_1_401' title='bbox 2828 4312 3010 4367; x_wconf 88' lang='lat' dir='ltr'><strong>divina</strong></span> <span class='ocrx_word' id='word_1_402' title='bbox 3062 4315 3382 4368; x_wconf 80' lang='lat' dir='ltr'><strong>auctoritate</strong></span> <span class='ocrx_word' id='word_1_403' title='bbox 3428 4310 3744 4367; x_wconf 88' lang='lat' dir='ltr'><strong>eradicandi</strong></span> 
     </span>
    </p>
   </div>
   <div class='ocr_carea' id='block_1_62' title="bbox 2176 4403 3745 4474">
    <p class='ocr_par' dir='ltr' id='par_1_62' title="bbox 2176 4403 3745 4474">
     <span class='ocr_line' id='line_1_62' title="bbox 2176 4403 3745 4474; baseline 0 -15"><span class='ocrx_word' id='word_1_404' title='bbox 2176 4413 2322 4468; x_wconf 90' lang='lat' dir='ltr'><strong>sunt,</strong></span> <span class='ocrx_word' id='word_1_405' title='bbox 2376 4414 2429 4458; x_wconf 89' lang='lat' dir='ltr'><strong>et</strong></span> <span class='ocrx_word' id='word_1_406' title='bbox 2480 4413 2733 4458; x_wconf 90' lang='lat' dir='ltr'><strong>auctores</strong></span> <span class='ocrx_word' id='word_1_407' title='bbox 2785 4404 3151 4467; x_wconf 89' lang='lat' dir='ltr'><strong>inimicorum,</strong></span> <span class='ocrx_word' id='word_1_408' title='bbox 3184 4404 3252 4459; x_wconf 87' lang='lat' dir='ltr'><strong>ab</strong></span> <span class='ocrx_word' id='word_1_409' title='bbox 3285 4405 3577 4474; x_wconf 86' lang='lat' dir='ltr'><strong>episcopali</strong></span> <span class='ocrx_word' id='word_1_410' title='bbox 3609 4403 3745 4459; x_wconf 86' lang='lat' dir='ltr'><strong>sub-</strong></span> 
     </span>
    </p>
   </div>
   <div class='ocr_carea' id='block_1_63' title="bbox 2174 4495 3740 4551">
    <p class='ocr_par' dir='ltr' id='par_1_63' title="bbox 2174 4495 3740 4551">
     <span class='ocr_line' id='line_1_63' title="bbox 2174 4495 3740 4551; baseline -0.001 0"><span class='ocrx_word' id='word_1_411' title='bbox 2174 4512 2457 4551; x_wconf 90' lang='lat' dir='ltr'><strong>movemus</strong></span> <span class='ocrx_word' id='word_1_412' title='bbox 2501 4496 2849 4550; x_wconf 89' lang='lat' dir='ltr'><strong>accusatione</strong></span> <span class='ocrx_word' id='word_1_413' title='bbox 2895 4495 2977 4550; x_wconf 90' lang='lat' dir='ltr'><strong>vel</strong></span> <span class='ocrx_word' id='word_1_414' title='bbox 3038 4497 3398 4551; x_wconf 91' lang='lat' dir='ltr'><strong>testimonio:</strong></span> <span class='ocrx_word' id='word_1_415' title='bbox 3435 4512 3531 4551; x_wconf 92' lang='lat' dir='ltr'><strong>nec</strong></span> <span class='ocrx_word' id='word_1_416' title='bbox 3586 4512 3740 4551; x_wconf 87' lang='lat' dir='ltr'><strong>sum-</strong></span> 
     </span>
    </p>
   </div>
   <div class='ocr_carea' id='block_1_64' title="bbox 2173 4586 3742 4657">
    <p class='ocr_par' dir='ltr' id='par_1_64' title="bbox 2173 4586 3742 4657">
     <span class='ocr_line' id='line_1_64' title="bbox 2173 4586 3742 4657; baseline -0.001 -15"><span class='ocrx_word' id='word_1_417' title='bbox 2173 4602 2387 4642; x_wconf 90' lang='lat' dir='ltr'><strong>morum</strong></span> <span class='ocrx_word' id='word_1_418' title='bbox 2421 4587 2690 4656; x_wconf 85' lang='lat' dir='ltr'><strong>quispiam</strong></span> <span class='ocrx_word' id='word_1_419' title='bbox 2726 4586 2999 4640; x_wconf 92' lang='lat' dir='ltr'><strong>minorum</strong></span> <span class='ocrx_word' id='word_1_420' title='bbox 3035 4589 3476 4643; x_wconf 91' lang='lat' dir='ltr'><strong>accusationibus</strong></span> <span class='ocrx_word' id='word_1_421' title='bbox 3508 4589 3742 4657; x_wconf 85' lang='lat' dir='ltr'><strong>impeta-</strong></span> 
     </span>
    </p>
   </div>
   <div class='ocr_carea' id='block_1_65' title="bbox 2172 4675 3737 4747">
    <p class='ocr_par' dir='ltr' id='par_1_65' title="bbox 2172 4675 3737 4747">
     <span class='ocr_line' id='line_1_65' title="bbox 2172 4675 3737 4747; baseline 0 -14"><span class='ocrx_word' id='word_1_422' title='bbox 2172 4688 2261 4733; x_wconf 90' lang='lat' dir='ltr'><strong>tur</strong></span> <span class='ocrx_word' id='word_1_423' title='bbox 2303 4686 2397 4731; x_wconf 85' lang='lat' dir='ltr'><strong>aut</strong></span> <span class='ocrx_word' id='word_1_424' title='bbox 2444 4678 2804 4747; x_wconf 80' lang='lat' dir='ltr'><strong>dispereat&quot;.</strong></span> <span class='ocrx_word' id='word_1_425' title='bbox 2853 4675 3037 4747; x_wconf 87' lang='lat' dir='ltr'><strong>Neque</strong></span> <span class='ocrx_word' id='word_1_426' title='bbox 3090 4678 3144 4732; x_wconf 91' lang='lat' dir='ltr'><strong>in</strong></span> <span class='ocrx_word' id='word_1_427' title='bbox 3194 4695 3252 4735; x_wconf 89' lang='lat' dir='ltr'><strong>re</strong></span> <span class='ocrx_word' id='word_1_428' title='bbox 3299 4679 3552 4743; x_wconf 84' lang='lat' dir='ltr'><strong>dubia“,</strong></span> <span class='ocrx_word' id='word_1_429' title='bbox 3586 4686 3737 4733; x_wconf 82' lang='lat' dir='ltr'><strong>certa</strong></span> 
     </span>
    </p>
   </div>
   <div class='ocr_carea' id='block_1_66' title="bbox 2171 4768 3738 4840">
    <p class='ocr_par' dir='ltr' id='par_1_66' title="bbox 2171 4768 3738 4840">
     <span class='ocr_line' id='line_1_66' title="bbox 2171 4768 3738 4840; baseline -0.001 -17"><span class='ocrx_word' id='word_1_430' title='bbox 2171 4768 2441 4837; x_wconf 82' lang='lat' dir='ltr'><strong>iudicetur</strong></span> <span class='ocrx_word' id='word_1_431' title='bbox 2472 4769 2777 4834; x_wconf 88' lang='lat' dir='ltr'><strong>sententia;</strong></span> <span class='ocrx_word' id='word_1_432' title='bbox 2810 4784 2911 4823; x_wconf 90' lang='lat' dir='ltr'><strong>nec</strong></span> <span class='ocrx_word' id='word_1_433' title='bbox 2934 4769 3102 4824; x_wconf 91' lang='lat' dir='ltr'><strong>ullum</strong></span> <span class='ocrx_word' id='word_1_434' title='bbox 3131 4769 3419 4840; x_wconf 89' lang='lat' dir='ltr'><strong>judicium,</strong></span> <span class='ocrx_word' id='word_1_435' title='bbox 3447 4770 3549 4825; x_wconf 89' lang='lat' dir='ltr'><strong>nisi</strong></span> <span class='ocrx_word' id='word_1_436' title='bbox 3583 4769 3738 4824; x_wconf 80' lang='lat' dir='ltr'><strong>ordi-</strong></span> 
     </span>
    </p>
   </div>
   <div class='ocr_carea' id='block_1_67' title="bbox 500 4835 3741 4930">
    <p class='ocr_par' dir='ltr' id='par_1_67' title="bbox 500 4835 3741 4930">
     <span class='ocr_line' id='line_1_67' title="bbox 500 4835 3741 4930; baseline -0.002 -13"><span class='ocrx_word' id='word_1_437' title='bbox 500 4870 703 4917; x_wconf 64' lang='lat' dir='ltr'><strong>sanetaa</strong></span> <span class='ocrx_word' id='word_1_438' title='bbox 735 4859 1052 4930; x_wconf 68' lang='lat' dir='ltr'><strong>Scriptum,</strong></span> <span class='ocrx_word' id='word_1_439' title='bbox 1096 4876 1205 4915; x_wconf 89' lang='lat' dir='ltr'><strong>non</strong></span> <span class='ocrx_word' id='word_1_440' title='bbox 1251 4860 1509 4914; x_wconf 85' lang='lat' dir='ltr'><strong>obscurat</strong></span> <span class='ocrx_word' id='word_1_441' title='bbox 1555 4856 1830 4911; x_wconf 88' lang='lat' dir='ltr'><strong>mundana</strong></span> <span class='ocrx_word' id='word_1_442' title='bbox 1864 4854 2068 4925; x_wconf 91' lang='lat' dir='ltr'><strong>iniqui-</strong></span> <span class='ocrx_word' id='word_1_443' title='bbox 2096 4835 2146 4897; x_wconf 80' lang='lat' dir='ltr'><strong>D</strong></span> <span class='ocrx_word' id='word_1_444' title='bbox 2172 4835 2427 4915; x_wconf 76' lang='lat' dir='ltr'><strong>nabiliter</strong></span> <span class='ocrx_word' id='word_1_445' title='bbox 2478 4860 2723 4915; x_wconf 85' lang='lat' dir='ltr'><strong>habitum</strong></span> <span class='ocrx_word' id='word_1_446' title='bbox 2772 4868 3037 4915; x_wconf 88' lang='lat' dir='ltr'><strong>teneatur.</strong></span> <span class='ocrx_word' id='word_1_447' title='bbox 3090 4835 3303 4917; x_wconf 80' lang='lat' dir='ltr'><strong>Absens</strong></span> <span class='ocrx_word' id='word_1_448' title='bbox 3347 4835 3476 4917; x_wconf 88' lang='lat' dir='ltr'><strong>vero</strong></span> <span class='ocrx_word' id='word_1_449' title='bbox 3500 4863 3542 4894; x_wconf 83' lang='grc'><strong>¹²</strong></span> <span class='ocrx_word' id='word_1_450' title='bbox 3576 4874 3741 4915; x_wconf 91' lang='lat' dir='ltr'><strong>nemo</strong></span> 
     </span>
    </p>
   </div>
   <div class='ocr_carea' id='block_1_68' title="bbox 499 4948 3737 5021">
    <p class='ocr_par' dir='ltr' id='par_1_68' title="bbox 499 4948 3737 5021">
     <span class='ocr_line' id='line_1_68' title="bbox 499 4948 3737 5021; baseline -0.001 -16"><span class='ocrx_word' id='word_1_451' title='bbox 499 4960 585 5005; x_wconf 90' lang='lat' dir='ltr'><strong>tas</strong></span> <span class='ocrx_word' id='word_1_452' title='bbox 618 4953 661 5005; x_wconf 82' lang='grc'><strong>⁸.</strong></span> <span class='ocrx_word' id='word_1_453' title='bbox 691 4951 902 5007; x_wconf 79' lang='lat' dir='ltr'><strong>Idcirco</strong></span> <span class='ocrx_word' id='word_1_454' title='bbox 930 4952 1178 5007; x_wconf 84' lang='lat' dir='ltr'><strong>meditari</strong></span> <span class='ocrx_word' id='word_1_455' title='bbox 1209 4966 1307 5007; x_wconf 88' lang='lat' dir='ltr'><strong>vos</strong></span> <span class='ocrx_word' id='word_1_456' title='bbox 1328 4959 1559 5021; x_wconf 76' lang='lat' dir='ltr'><strong>oportet,</strong></span> <span class='ocrx_word' id='word_1_457' title='bbox 1590 4959 1644 5005; x_wconf 83' lang='lat' dir='ltr'><strong>et</strong></span> <span class='ocrx_word' id='word_1_458' title='bbox 1674 4948 1987 5018; x_wconf 88' lang='lat' dir='ltr'><strong>Scripturas</strong></span> <span class='ocrx_word' id='word_1_459' title='bbox 2016 4957 2070 5003; x_wconf 92' lang='lat' dir='ltr'><strong>et</strong></span> <span class='ocrx_word' id='word_1_460' title='bbox 2158 4951 2460 5020; x_wconf 82' lang='lat' dir='ltr'><strong>judicetur,</strong></span> <span class='ocrx_word' id='word_1_461' title='bbox 2505 4952 2633 5020; x_wconf 87' lang='lat' dir='ltr'><strong>quia</strong></span> <span class='ocrx_word' id='word_1_462' title='bbox 2682 4959 2736 5006; x_wconf 89' lang='lat' dir='ltr'><strong>et</strong></span> <span class='ocrx_word' id='word_1_463' title='bbox 2784 4952 2982 5008; x_wconf 71' lang='lat' dir='ltr'><strong>divina:</strong></span> <span class='ocrx_word' id='word_1_464' title='bbox 3011 4962 3065 5007; x_wconf 89' lang='lat' dir='ltr'><strong>et</strong></span> <span class='ocrx_word' id='word_1_465' title='bbox 3097 4954 3349 5009; x_wconf 65' lang='lat' dir='ltr'><strong>humanae</strong></span> <span class='ocrx_word' id='word_1_466' title='bbox 3393 4956 3496 5008; x_wconf 91' lang='lat' dir='ltr'><strong>hoc</strong></span> <span class='ocrx_word' id='word_1_467' title='bbox 3543 4949 3737 5019; x_wconf 89' lang='lat' dir='ltr'><strong>prohi-</strong></span> 
     </span>
    </p>
   </div>
   <div class='ocr_carea' id='block_1_69' title="bbox 500 5040 2070 5113">
    <p class='ocr_par' dir='ltr' id='par_1_69' title="bbox 500 5040 2070 5113">
     <span class='ocr_line' id='line_1_69' title="bbox 500 5040 2070 5113; baseline -0.002 -17"><span class='ocrx_word' id='word_1_468' title='bbox 500 5053 769 5113; x_wconf 64' lang='lat' dir='ltr'><strong>prreceptl</strong></span> <span class='ocrx_word' id='word_1_469' title='bbox 801 5042 984 5099; x_wconf 82' lang='lat' dir='ltr'><strong>divina</strong></span> <span class='ocrx_word' id='word_1_470' title='bbox 1011 5043 1208 5113; x_wconf 66' lang='lat' dir='ltr'><strong>quaein</strong></span> <span class='ocrx_word' id='word_1_471' title='bbox 1241 5041 1537 5112; x_wconf 84' lang='lat' dir='ltr'><strong>Scripturis</strong></span> <span class='ocrx_word' id='word_1_472' title='bbox 1568 5041 1915 5096; x_wconf 89' lang='lat' dir='ltr'><strong>continentur</strong></span> <span class='ocrx_word' id='word_1_473' title='bbox 1948 5040 2070 5095; x_wconf 88' lang='lat' dir='ltr'><strong>dili-</strong></span> 
     </span>
    </p>
   </div>
   <div class='ocr_carea' id='block_1_70' title="bbox 500 5130 2065 5205">
    <p class='ocr_par' dir='ltr' id='par_1_70' title="bbox 500 5130 2065 5205">
     <span class='ocr_line' id='line_1_70' title="bbox 500 5130 2065 5205; baseline -0.003 -15"><span class='ocrx_word' id='word_1_474' title='bbox 500 5144 686 5205; x_wconf 83' lang='lat' dir='ltr'><strong>genter</strong></span> <span class='ocrx_word' id='word_1_475' title='bbox 718 5136 1024 5201; x_wconf 51' lang='lat' dir='ltr'><strong>vattendere,</strong></span> <span class='ocrx_word' id='word_1_476' title='bbox 1074 5151 1143 5190; x_wconf 91' lang='lat' dir='ltr'><strong>ne</strong></span> <span class='ocrx_word' id='word_1_477' title='bbox 1176 5143 1608 5205; x_wconf 81' lang='lat' dir='ltr'><strong>transgressores</strong></span> <span class='ocrx_word' id='word_1_478' title='bbox 1644 5130 1779 5202; x_wconf 85' lang='lat' dir='ltr'><strong>legis</strong></span> <span class='ocrx_word' id='word_1_479' title='bbox 1823 5130 1941 5197; x_wconf 89' lang='lat' dir='ltr'><strong>Dei,</strong></span> <span class='ocrx_word' id='word_1_480' title='bbox 1969 5131 2065 5187; x_wconf 86' lang='lat' dir='ltr'><strong>sed</strong></span> 
     </span>
    </p>
   </div>
   <div class='ocr_carea' id='block_1_71' title="bbox 574 5250 2734 5342">
    <p class='ocr_par' dir='ltr' id='par_1_71' title="bbox 574 5250 2734 5342">
     <span class='ocr_line' id='line_1_71' title="bbox 574 5250 2734 5342; baseline -0.001 -18"><span class='ocrx_word' id='word_1_481' title='bbox 574 5273 590 5303; x_wconf 83' lang='grc'>¹</span> <span class='ocrx_word' id='word_1_482' title='bbox 630 5270 755 5327; x_wconf 67' lang='grc' dir='ltr'><strong>Πωο</strong></span> <span class='ocrx_word' id='word_1_483' title='bbox 776 5288 897 5328; x_wconf 93' lang='lat' dir='ltr'><strong>cum</strong></span> <span class='ocrx_word' id='word_1_484' title='bbox 931 5288 1045 5342; x_wconf 86' lang='lat' dir='ltr'><strong>seq.</strong></span> <span class='ocrx_word' id='word_1_485' title='bbox 1075 5273 1202 5327; x_wconf 82' lang='lat' dir='ltr'><strong>Ant.</strong></span> <span class='ocrx_word' id='word_1_486' title='bbox 1232 5274 1370 5339; x_wconf 81' lang='lat' dir='ltr'><strong>Aug.</strong></span> <span class='ocrx_word' id='word_1_487' title='bbox 1405 5271 1636 5342; x_wconf 87' lang='lat' dir='ltr'><strong>aliisque</strong></span> <span class='ocrx_word' id='word_1_488' title='bbox 1665 5270 1797 5342; x_wconf 83' lang='lat' dir='ltr'><strong>viris</strong></span> <span class='ocrx_word' id='word_1_489' title='bbox 1833 5268 2061 5342; x_wconf 78' lang='lat' dir='ltr'><strong>eruditis</strong></span> <span class='ocrx_word' id='word_1_490' title='bbox 2092 5250 2432 5342; x_wconf 76' lang='lat' dir='ltr'><strong>supposititia</strong></span> <span class='ocrx_word' id='word_1_491' title='bbox 2454 5339 2462 5342; x_wconf 88' lang='lat'><em>_</em></span> <span class='ocrx_word' id='word_1_492' title='bbox 2487 5266 2734 5342; x_wconf 83' lang='lat' dir='ltr'><strong>habetur.</strong></span> 
     </span>
    </p>
   </div>
   <div class='ocr_carea' id='block_1_72' title="bbox 1583 5339 2265 5396">
    <p class='ocr_par' dir='ltr' id='par_1_72' title="bbox 1583 5339 2265 5396">
     <span class='ocr_line' id='line_1_72' title="bbox 1583 5339 2265 5396; baseline -0.003 -2"><span class='ocrx_word' id='word_1_493' title='bbox 1583 5341 1615 5394; x_wconf 91' lang='lat'><strong>8</strong></span> <span class='ocrx_word' id='word_1_494' title='bbox 1649 5359 1661 5394; x_wconf 93' lang='lat'>:</span> <span class='ocrx_word' id='word_1_495' title='bbox 1703 5340 1856 5396; x_wconf 82' lang='lat' dir='ltr'><strong>Sicut</strong></span> <span class='ocrx_word' id='word_1_496' title='bbox 1911 5339 2094 5394; x_wconf 85' lang='lat' dir='ltr'><strong>stellas</strong></span> <span class='ocrx_word' id='word_1_497' title='bbox 2123 5339 2265 5393; x_wconf 74' lang='lat' dir='ltr'><strong>C(Bli.</strong></span> 
     </span>
    </p>
   </div>
   <div class='ocr_carea' id='block_1_73' title="bbox 1400 5407 3358 5474">
    <p class='ocr_par' dir='ltr' id='par_1_73' title="bbox 1400 5407 3358 5474">
     <span class='ocr_line' id='line_1_73' title="bbox 1400 5407 3358 5474; baseline -0.002 -10"><span class='ocrx_word' id='word_1_498' title='bbox 1400 5452 1411 5464; x_wconf 91' lang='lat'><strong>.</strong></span> <span class='ocrx_word' id='word_1_499' title='bbox 1451 5414 1475 5465; x_wconf 77' lang='lat' dir='ltr'><strong>i</strong></span> <span class='ocrx_word' id='word_1_500' title='bbox 1514 5430 1527 5465; x_wconf 86' lang='lat'><strong>:</strong></span> <span class='ocrx_word' id='word_1_501' title='bbox 1557 5412 1778 5469; x_wconf 85' lang='lat' dir='ltr'><strong>Prlmat.</strong></span> <span class='ocrx_word' id='word_1_502' title='bbox 1814 5419 2086 5474; x_wconf 57' lang='lat' dir='ltr'><strong>accusat;</strong></span> <span class='ocrx_word' id='word_1_503' title='bbox 2116 5420 2167 5463; x_wconf 88' lang='lat' dir='ltr'><strong>et</strong></span> <span class='ocrx_word' id='word_1_504' title='bbox 2193 5410 2246 5462; x_wconf 87' lang='lat' dir='ltr'><strong>in</strong></span> <span class='ocrx_word' id='word_1_505' title='bbox 2278 5408 2471 5463; x_wconf 85' lang='lat' dir='ltr'><strong>Felicis</strong></span> <span class='ocrx_word' id='word_1_506' title='bbox 2496 5408 2554 5473; x_wconf 8' lang='lat' dir='ltr'><strong>lc;</strong></span> <span class='ocrx_word' id='word_1_507' title='bbox 2582 5416 2634 5462; x_wconf 89' lang='lat' dir='ltr'><strong>et</strong></span> <span class='ocrx_word' id='word_1_508' title='bbox 2660 5408 2711 5461; x_wconf 91' lang='lat' dir='ltr'><strong>in</strong></span> <span class='ocrx_word' id='word_1_509' title='bbox 2738 5410 2881 5463; x_wconf 87' lang='lat' dir='ltr'><strong>decr.</strong></span> <span class='ocrx_word' id='word_1_510' title='bbox 2924 5407 3091 5471; x_wconf 88' lang='lat' dir='ltr'><strong>lvon.,</strong></span> <span class='ocrx_word' id='word_1_511' title='bbox 3141 5408 3235 5460; x_wconf 85' lang='lat' dir='ltr'><strong>lih.</strong></span> <span class='ocrx_word' id='word_1_512' title='bbox 3286 5424 3358 5461; x_wconf 78' lang='grc' dir='ltr'><strong>ιν.</strong></span> 
     </span>
    </p>
   </div>
   <div class='ocr_carea' id='block_1_74' title="bbox 1200 5342 1512 5397">
    <p class='ocr_par' dir='ltr' id='par_1_74' title="bbox 1200 5342 1512 5397">
     <span class='ocr_line' id='line_1_74' title="bbox 1200 5342 1512 5397; baseline 0.006 -3"><span class='ocrx_word' id='word_1_513' title='bbox 1200 5342 1220 5373; x_wconf 89' lang='grc'>³</span> <span class='ocrx_word' id='word_1_514' title='bbox 1261 5343 1512 5397; x_wconf 89' lang='lat' dir='ltr'><strong>Distinet.</strong></span> 
     </span>
    </p>
   </div>
   <div class='ocr_carea' id='block_1_75' title="bbox 501 5344 1311 5464">
    <p class='ocr_par' dir='ltr' id='par_1_75' title="bbox 501 5344 1311 5464">
     <span class='ocr_line' id='line_1_75' title="bbox 501 5344 1311 5412; baseline 0 -17"><span class='ocrx_word' id='word_1_515' title='bbox 501 5344 837 5397; x_wconf 86' lang='lat' dir='ltr'><strong>successoris</strong></span> <span class='ocrx_word' id='word_1_516' title='bbox 867 5344 1037 5412; x_wconf 63' lang='lat' dir='ltr'><strong>ep..&#39;5.</strong></span> <span class='ocrx_word' id='word_1_517' title='bbox 1200 5344 1220 5373; x_wconf 90' lang='grc'>³</span> <span class='ocrx_word' id='word_1_518' title='bbox 1261 5344 1311 5395; x_wconf 77' lang='lat' dir='ltr'><strong>Di</strong></span> 
     </span>
     <span class='ocr_line' id='line_1_76' title="bbox 501 5410 1311 5464; baseline 0 0"><span class='ocrx_word' id='word_1_519' title='bbox 501 5410 559 5464; x_wconf 91' lang='lat' dir='ltr'><strong>S.</strong></span> <span class='ocrx_word' id='word_1_520' title='bbox 588 5412 723 5464; x_wconf 79' lang='lat' dir='ltr'><strong>Anu.</strong></span> <span class='ocrx_word' id='word_1_521' title='bbox 753 5414 805 5464; x_wconf 93' lang='lat' dir='ltr'><strong>in</strong></span> <span class='ocrx_word' id='word_1_522' title='bbox 836 5413 929 5464; x_wconf 82' lang='lat' dir='ltr'><strong>Ps.</strong></span> <span class='ocrx_word' id='word_1_523' title='bbox 958 5428 1110 5464; x_wconf 84' lang='lat' dir='ltr'><strong>xcnt.</strong></span> <span class='ocrx_word' id='word_1_524' title='bbox 1223 5414 1243 5443; x_wconf 86' lang='grc'>⁶</span> <span class='ocrx_word' id='word_1_525' title='bbox 1277 5413 1311 5464; x_wconf 76' lang='grc'>2</span> 
     </span>
    </p>
   </div>
   <div class='ocr_carea' id='block_1_76' title="bbox 501 5410 1110 5479">
    <p class='ocr_par' dir='ltr' id='par_1_76' title="bbox 501 5410 1110 5479">
     <span class='ocr_line' id='line_1_77' title="bbox 501 5410 1110 5479; baseline 0.005 -15"><span class='ocrx_word' id='word_1_526' title='bbox 501 5410 559 5466; x_wconf 91' lang='lat' dir='ltr'><strong>S.</strong></span> <span class='ocrx_word' id='word_1_527' title='bbox 588 5412 723 5479; x_wconf 81' lang='lat' dir='ltr'><strong>Aug.</strong></span> <span class='ocrx_word' id='word_1_528' title='bbox 753 5414 805 5466; x_wconf 90' lang='lat' dir='ltr'><strong>in</strong></span> <span class='ocrx_word' id='word_1_529' title='bbox 836 5410 929 5467; x_wconf 81' lang='lat' dir='ltr'><strong>Ps.</strong></span> <span class='ocrx_word' id='word_1_530' title='bbox 958 5428 1110 5467; x_wconf 82' lang='lat' dir='ltr'><strong>xcm.</strong></span> 
     </span>
    </p>
   </div>
   <div class='ocr_carea' id='block_1_77' title="bbox 500 5476 2083 5546">
    <p class='ocr_par' dir='ltr' id='par_1_77' title="bbox 500 5476 2083 5545">
     <span class='ocr_line' id='line_1_78' title="bbox 500 5476 2083 5545; baseline -0.001 -11"><span class='ocrx_word' id='word_1_531' title='bbox 500 5483 553 5534; x_wconf 87' lang='lat' dir='ltr'><strong>in</strong></span> <span class='ocrx_word' id='word_1_532' title='bbox 581 5476 768 5537; x_wconf 82' lang='lat' dir='ltr'><strong>const.</strong></span> <span class='ocrx_word' id='word_1_533' title='bbox 800 5498 851 5544; x_wconf 87' lang='grc' dir='ltr'>ι,</span> <span class='ocrx_word' id='word_1_534' title='bbox 880 5484 963 5539; x_wconf 90' lang='lat' dir='ltr'><strong>tit.</strong></span> <span class='ocrx_word' id='word_1_535' title='bbox 994 5483 1083 5545; x_wconf 72' lang='grc'><strong>40,</strong></span> <span class='ocrx_word' id='word_1_536' title='bbox 1131 5482 1222 5536; x_wconf 88' lang='lat' dir='ltr'><strong>lib.</strong></span> <span class='ocrx_word' id='word_1_537' title='bbox 1279 5497 1333 5534; x_wconf 81' lang='lat' dir='ltr'><strong>ix</strong></span> <span class='ocrx_word' id='word_1_538' title='bbox 1376 5476 1517 5535; x_wconf 59' lang='lat' dir='ltr'><strong>&#39;Cod.</strong></span> <span class='ocrx_word' id='word_1_539' title='bbox 1553 5481 1759 5535; x_wconf 88' lang='lat' dir='ltr'><strong>Theod.</strong></span> <span class='ocrx_word' id='word_1_540' title='bbox 1835 5481 1903 5514; x_wconf 70' lang='grc'><strong>⁸-³</strong></span> <span class='ocrx_word' id='word_1_541' title='bbox 1939 5479 2083 5534; x_wconf 85' lang='lat' dir='ltr'><strong>Adri:</strong></span> 
     </span>
    </p>
   </div>
   <div class='ocr_carea' id='block_1_78' title="bbox 2181 5476 2666 5546">
    <p class='ocr_par' dir='ltr' id='par_1_78' title="bbox 2181 5476 2666 5546">
     <span class='ocr_line' id='line_1_79' title="bbox 2181 5476 2666 5546; baseline 0 -15"><span class='ocrx_word' id='word_1_542' title='bbox 2181 5518 2189 5540; x_wconf 85' lang='lat'><strong>,</strong></span> <span class='ocrx_word' id='word_1_543' title='bbox 2230 5479 2354 5533; x_wconf 87' lang='lat' dir='ltr'><strong>coll.</strong></span> <span class='ocrx_word' id='word_1_544' title='bbox 2400 5479 2467 5531; x_wconf 87' lang='grc'><strong>68</strong></span> <span class='ocrx_word' id='word_1_545' title='bbox 2497 5476 2519 5543; x_wconf 69' lang='grc'><strong>;’</strong></span> <span class='ocrx_word' id='word_1_546' title='bbox 2548 5479 2600 5531; x_wconf 79' lang='grc'><strong>5.</strong></span> <span class='ocrx_word' id='word_1_547' title='bbox 2635 5494 2666 5546; x_wconf 86' lang='lat' dir='ltr'><strong>q</strong></span> 
     </span>
    </p>
   </div>
   <div class='ocr_carea' id='block_1_79' title="bbox 1992 5549 2730 5619">
    <p class='ocr_par' dir='ltr' id='par_1_79' title="bbox 1992 5549 2730 5619">
     <span class='ocr_line' id='line_1_80' title="bbox 1992 5549 2730 5619; baseline -0.003 -15"><span class='ocrx_word' id='word_1_548' title='bbox 1992 5551 2033 5581; x_wconf 76' lang='grc'>³³</span> <span class='ocrx_word' id='word_1_549' title='bbox 2066 5551 2124 5604; x_wconf 78' lang='grc'><strong>5.</strong></span> <span class='ocrx_word' id='word_1_550' title='bbox 2150 5566 2203 5619; x_wconf 91' lang='lat' dir='ltr'><strong>q.</strong></span> <span class='ocrx_word' id='word_1_551' title='bbox 2233 5550 2265 5603; x_wconf 87' lang='lat'><strong>9</strong></span> <span class='ocrx_word' id='word_1_552' title='bbox 2299 5568 2310 5601; x_wconf 88' lang='lat'><strong><em>:</em></strong></span> <span class='ocrx_word' id='word_1_553' title='bbox 2348 5549 2555 5604; x_wconf 88' lang='lat' dir='ltr'><strong>Absens</strong></span> <span class='ocrx_word' id='word_1_554' title='bbox 2582 5562 2730 5602; x_wconf 89' lang='lat' dir='ltr'><strong>vero.</strong></span> 
     </span>
    </p>
   </div>
   <div class='ocr_carea' id='block_1_80' title="bbox 499 5552 1887 5623">
    <p class='ocr_par' dir='ltr' id='par_1_80' title="bbox 499 5552 1887 5623">
     <span class='ocr_line' id='line_1_81' title="bbox 499 5552 1887 5623; baseline -0.001 -18"><span class='ocrx_word' id='word_1_555' title='bbox 499 5562 702 5621; x_wconf 87' lang='lat' dir='ltr'><strong>speret.</strong></span> <span class='ocrx_word' id='word_1_556' title='bbox 812 5554 852 5583; x_wconf 83' lang='lat'>“</span> <span class='ocrx_word' id='word_1_557' title='bbox 895 5553 1168 5623; x_wconf 81' lang='lat' dir='ltr'><strong>Greg.-ep.</strong></span> <span class='ocrx_word' id='word_1_558' title='bbox 1202 5552 1304 5617; x_wconf 75' lang='lat'><strong>50,</strong></span> <span class='ocrx_word' id='word_1_559' title='bbox 1328 5552 1421 5605; x_wconf 91' lang='lat' dir='ltr'><strong>lib.</strong></span> <span class='ocrx_word' id='word_1_560' title='bbox 1456 5568 1581 5615; x_wconf 82' lang='lat' dir='ltr'><strong>vni,</strong></span> <span class='ocrx_word' id='word_1_561' title='bbox 1609 5561 1661 5607; x_wconf 90' lang='lat' dir='ltr'><strong>et</strong></span> <span class='ocrx_word' id='word_1_562' title='bbox 1687 5552 1775 5617; x_wconf 74' lang='lat'><strong>59.,</strong></span> <span class='ocrx_word' id='word_1_563' title='bbox 1810 5566 1887 5605; x_wconf 69' lang='grc' dir='ltr'><strong>χι.</strong></span> 
     </span>
    </p>
   </div>
   <div class='ocr_carea' id='block_1_81' title="bbox 570 5662 2063 5734">
    <p class='ocr_par' dir='ltr' id='par_1_81' title="bbox 570 5662 2063 5734">
     <span class='ocr_line' id='line_1_82' title="bbox 570 5662 2063 5734; baseline -0.001 -17"><span class='ocrx_word' id='word_1_564' title='bbox 570 5664 647 5733; x_wconf 74' lang='grc'><strong>(4)</strong></span> <span class='ocrx_word' id='word_1_565' title='bbox 685 5662 767 5734; x_wconf 81' lang='lat' dir='ltr'><strong>Ad</strong></span> <span class='ocrx_word' id='word_1_566' title='bbox 803 5664 1076 5734; x_wconf 78' lang='lat' dir='ltr'><strong>fastigium</strong></span> <span class='ocrx_word' id='word_1_567' title='bbox 1107 5662 1447 5717; x_wconf 86' lang='lat' dir='ltr'><strong>sacerdotale.</strong></span> <span class='ocrx_word' id='word_1_568' title='bbox 1491 5662 1872 5718; x_wconf 82' lang='lat' dir='ltr'><strong>Pontiﬁcatum</strong></span> <span class='ocrx_word' id='word_1_569' title='bbox 1918 5677 2063 5734; x_wconf 83' lang='lat' dir='ltr'><strong>sum—</strong></span> 
     </span>
    </p>
   </div>
   <div class='ocr_carea' id='block_1_82' title="bbox 498 5732 2065 5814">
    <p class='ocr_par' dir='ltr' id='par_1_82' title="bbox 498 5732 2065 5814">
     <span class='ocr_line' id='line_1_83' title="bbox 498 5732 2065 5814; baseline 0.001 -28"><span class='ocrx_word' id='word_1_570' title='bbox 498 5750 647 5814; x_wconf 69' lang='lat' dir='ltr'><strong>murn</strong></span> <span class='ocrx_word' id='word_1_571' title='bbox 680 5732 947 5814; x_wconf 56' lang='lat' dir='ltr'><strong>intelligit,</strong></span> <span class='ocrx_word' id='word_1_572' title='bbox 975 5735 1060 5788; x_wconf 92' lang='lat' dir='ltr'><strong>cui</strong></span> <span class='ocrx_word' id='word_1_573' title='bbox 1090 5735 1248 5811; x_wconf 85' lang='lat' dir='ltr'><strong>simul</strong></span> <span class='ocrx_word' id='word_1_574' title='bbox 1279 5749 1407 5814; x_wconf 75' lang='lat' dir='ltr'><strong>oves</strong></span> <span class='ocrx_word' id='word_1_575' title='bbox 1436 5744 1489 5787; x_wconf 91' lang='lat' dir='ltr'><strong>et</strong></span> <span class='ocrx_word' id='word_1_576' title='bbox 1522 5735 1643 5814; x_wconf 78' lang='lat' dir='ltr'><strong>agni</strong></span> <span class='ocrx_word' id='word_1_577' title='bbox 1678 5734 1765 5814; x_wconf 72' lang='lat' dir='ltr'><strong>(id</strong></span> <span class='ocrx_word' id='word_1_578' title='bbox 1796 5742 1916 5814; x_wconf 60' lang='lat' dir='ltr'><strong>est,</strong></span> <span class='ocrx_word' id='word_1_579' title='bbox 1945 5732 2065 5813; x_wconf 43' lang='grc' dir='ltr'><strong>,θρὶ-</strong></span> 
     </span>
    </p>
   </div>
   <div class='ocr_carea' id='block_1_83' title="bbox 496 5802 2065 5875">
    <p class='ocr_par' dir='ltr' id='par_1_83' title="bbox 496 5802 2065 5875">
     <span class='ocr_line' id='line_1_84' title="bbox 496 5802 2065 5875; baseline -0.001 -18"><span class='ocrx_word' id='word_1_580' title='bbox 496 5804 680 5873; x_wconf 86' lang='lat' dir='ltr'><strong>scopi,</strong></span> <span class='ocrx_word' id='word_1_581' title='bbox 713 5802 969 5875; x_wconf 66' lang='lat' dir='ltr'><strong>utPaires</strong></span> <span class='ocrx_word' id='word_1_582' title='bbox 1001 5805 1319 5875; x_wconf 75' lang='lat' dir='ltr'><strong>exponunt),</strong></span> <span class='ocrx_word' id='word_1_583' title='bbox 1354 5819 1478 5875; x_wconf 82' lang='lat' dir='ltr'><strong>cum</strong></span> <span class='ocrx_word' id='word_1_584' title='bbox 1512 5802 1732 5873; x_wconf 90' lang='lat' dir='ltr'><strong>reliquis</strong></span> <span class='ocrx_word' id='word_1_585' title='bbox 1778 5803 1988 5875; x_wconf 67' lang='lat' dir='ltr'><strong>clei&#39;icis</strong></span> <span class='ocrx_word' id='word_1_586' title='bbox 2012 5811 2065 5855; x_wconf 94' lang='lat' dir='ltr'><strong>et</strong></span> 
     </span>
    </p>
   </div>
   <div class='ocr_carea' id='block_1_84' title="bbox 497 5872 2064 5944">
    <p class='ocr_par' dir='ltr' id='par_1_84' title="bbox 497 5872 2064 5944">
     <span class='ocr_line' id='line_1_85' title="bbox 497 5872 2064 5944; baseline 0 -17"><span class='ocrx_word' id='word_1_587' title='bbox 497 5882 609 5929; x_wconf 85' lang='lat' dir='ltr'><strong>tota</strong></span> <span class='ocrx_word' id='word_1_588' title='bbox 643 5874 799 5944; x_wconf 87' lang='lat' dir='ltr'><strong>plebe</strong></span> <span class='ocrx_word' id='word_1_589' title='bbox 832 5875 1107 5931; x_wconf 71' lang='lat' dir='ltr'><strong>commissi</strong></span> <span class='ocrx_word' id='word_1_590' title='bbox 1150 5872 1307 5935; x_wconf 77' lang='lat' dir='ltr'><strong>sunt,</strong></span> <span class='ocrx_word' id='word_1_591' title='bbox 1343 5872 1501 5929; x_wconf 83' lang='lat' dir='ltr'><strong>Joau.</strong></span> <span class='ocrx_word' id='word_1_592' title='bbox 1535 5872 1653 5943; x_wconf 86' lang='lat' dir='ltr'><strong>cap.</strong></span> <span class='ocrx_word' id='word_1_593' title='bbox 1691 5890 1800 5929; x_wconf 70' lang='grc' dir='ltr'>χχι.</span> <span class='ocrx_word' id='word_1_594' title='bbox 1826 5872 2064 5942; x_wconf 80' lang='lat' dir='ltr'><strong>Ideoque</strong></span> 
     </span>
    </p>
   </div>
   <div class='ocr_carea' id='block_1_85' title="bbox 2170 5040 3736 5112">
    <p class='ocr_par' dir='ltr' id='par_1_85' title="bbox 2170 5040 3736 5112">
     <span class='ocr_line' id='line_1_86' title="bbox 2170 5040 3736 5112; baseline -0.003 -15"><span class='ocrx_word' id='word_1_595' title='bbox 2170 5042 2299 5097; x_wconf 86' lang='lat' dir='ltr'><strong>bent</strong></span> <span class='ocrx_word' id='word_1_596' title='bbox 2340 5042 2506 5112; x_wconf 77' lang='lat' dir='ltr'><strong>leges.</strong></span> <span class='ocrx_word' id='word_1_597' title='bbox 2559 5044 2919 5099; x_wconf 83' lang='lat' dir='ltr'><strong>Accusatores</strong></span> <span class='ocrx_word' id='word_1_598' title='bbox 2963 5053 3146 5099; x_wconf 90' lang='lat' dir='ltr'><strong>autem</strong></span> <span class='ocrx_word' id='word_1_599' title='bbox 3193 5061 3403 5107; x_wconf 89' lang='lat' dir='ltr'><strong>eorum,</strong></span> <span class='ocrx_word' id='word_1_600' title='bbox 3438 5040 3587 5097; x_wconf 90' lang='lat' dir='ltr'><strong>omni</strong></span> <span class='ocrx_word' id='word_1_601' title='bbox 3641 5055 3736 5095; x_wconf 88' lang='lat' dir='ltr'><strong>ca-</strong></span> 
     </span>
    </p>
   </div>
   <div class='ocr_carea' id='block_1_86' title="bbox 2169 5131 3739 5205">
    <p class='ocr_par' dir='ltr' id='par_1_86' title="bbox 2169 5131 3739 5205">
     <span class='ocr_line' id='line_1_87' title="bbox 2169 5131 3739 5205; baseline 0.001 -19"><span class='ocrx_word' id='word_1_602' title='bbox 2169 5140 2325 5187; x_wconf 89' lang='lat' dir='ltr'><strong>reant</strong></span> <span class='ocrx_word' id='word_1_603' title='bbox 2355 5132 2667 5202; x_wconf 88' lang='lat' dir='ltr'><strong>suspicione</strong></span> <span class='ocrx_word' id='word_1_604' title='bbox 2700 5134 2764 5198; x_wconf 84' lang='grc'><strong>¹⁸,</strong></span> <span class='ocrx_word' id='word_1_605' title='bbox 2797 5135 2927 5205; x_wconf 87' lang='lat' dir='ltr'><strong>quia</strong></span> <span class='ocrx_word' id='word_1_606' title='bbox 2976 5136 3257 5191; x_wconf 90' lang='lat' dir='ltr'><strong>columnas</strong></span> <span class='ocrx_word' id='word_1_607' title='bbox 3310 5149 3436 5189; x_wconf 92' lang='lat' dir='ltr'><strong>suas</strong></span> <span class='ocrx_word' id='word_1_608' title='bbox 3470 5131 3739 5187; x_wconf 89' lang='lat' dir='ltr'><strong>Dominus</strong></span> 
     </span>
    </p>
   </div>
   <div class='ocr_carea' id='block_1_87' title="bbox 2854 5263 3742 5337">
    <p class='ocr_par' dir='ltr' id='par_1_87' title="bbox 2854 5263 3742 5337">
     <span class='ocr_line' id='line_1_88' title="bbox 2854 5263 3742 5337; baseline 0.002 -17"><span class='ocrx_word' id='word_1_609' title='bbox 2854 5270 2874 5299; x_wconf 86' lang='lat'><strong>’</strong></span> <span class='ocrx_word' id='word_1_610' title='bbox 2912 5266 3076 5322; x_wconf 88' lang='lat' dir='ltr'><strong>Hilari</strong></span> <span class='ocrx_word' id='word_1_611' title='bbox 3133 5282 3283 5337; x_wconf 64' lang='lat' dir='ltr'><strong>papae</strong></span> <span class='ocrx_word' id='word_1_612' title='bbox 3323 5263 3742 5337; x_wconf 58' lang='lat' dir='ltr'><strong>sanctibeonis</strong></span> 
     </span>
    </p>
   </div>
   <div class='ocr_carea' id='block_1_88' title="bbox 2380 5334 3743 5459">
    <p class='ocr_par' dir='ltr' id='par_1_88' title="bbox 2380 5334 3743 5459">
     <span class='ocr_line' id='line_1_89' title="bbox 2380 5334 3741 5406; baseline -0.002 -14"><span class='ocrx_word' id='word_1_613' title='bbox 2380 5338 2401 5370; x_wconf 76' lang='grc'><strong>’⁵</strong></span> <span class='ocrx_word' id='word_1_614' title='bbox 2439 5339 2803 5393; x_wconf 81' lang='lat' dir='ltr'><strong>Adhaerentes.</strong></span> <span class='ocrx_word' id='word_1_615' title='bbox 2874 5339 2899 5369; x_wconf 69' lang='grc' dir='ltr'><strong>θ</strong></span> <span class='ocrx_word' id='word_1_616' title='bbox 2938 5334 3448 5406; x_wconf 66' lang='grc' dir='ltr'><strong>Ρτοερθί·ί’δοιιιυιιι.</strong></span> <span class='ocrx_word' id='word_1_617' title='bbox 3494 5334 3596 5388; x_wconf 72' lang='grc'><strong>120</strong></span> <span class='ocrx_word' id='word_1_618' title='bbox 3623 5375 3638 5399; x_wconf 89' lang='grc'><strong>,</strong></span> <span class='ocrx_word' id='word_1_619' title='bbox 3671 5352 3741 5389; x_wconf 79' lang='lat' dir='ltr'><strong>ex</strong></span> 
     </span>
     <span class='ocr_line' id='line_1_90' title="bbox 2380 5406 3743 5459; baseline 0 0"><span class='ocrx_word' id='word_1_620' title='bbox 2380 5408 2471 5459; x_wconf 85' lang='lat' dir='ltr'><strong>ieis</strong></span> <span class='ocrx_word' id='word_1_621' title='bbox 2496 5408 2515 5459; x_wconf 94' lang='lat' dir='ltr'><strong>l</strong></span> <span class='ocrx_word' id='word_1_622' title='bbox 2541 5426 2553 5459; x_wconf 94' lang='lat'><strong>:</strong></span> <span class='ocrx_word' id='word_1_623' title='bbox 2582 5416 2634 5459; x_wconf 88' lang='lat' dir='ltr'><strong>et</strong></span> <span class='ocrx_word' id='word_1_624' title='bbox 2660 5408 2711 5459; x_wconf 91' lang='lat' dir='ltr'><strong>in</strong></span> <span class='ocrx_word' id='word_1_625' title='bbox 2738 5410 2881 5459; x_wconf 81' lang='lat' dir='ltr'><strong>decr.</strong></span> <span class='ocrx_word' id='word_1_626' title='bbox 2924 5407 3091 5459; x_wconf 86' lang='lat' dir='ltr'><strong>lvon..</strong></span> <span class='ocrx_word' id='word_1_627' title='bbox 3141 5408 3235 5459; x_wconf 86' lang='lat' dir='ltr'><strong>lih.</strong></span> <span class='ocrx_word' id='word_1_628' title='bbox 3286 5424 3358 5459; x_wconf 78' lang='grc' dir='ltr'><strong>ιν.</strong></span> <span class='ocrx_word' id='word_1_629' title='bbox 3432 5408 3451 5437; x_wconf 89' lang='grc'><strong>⁷</strong></span> <span class='ocrx_word' id='word_1_630' title='bbox 3488 5406 3743 5459; x_wconf 73' lang='lat' dir='ltr'><strong>Annianus</strong></span> 
     </span>
    </p>
   </div>
   <div class='ocr_carea' id='block_1_89' title="bbox 2677 5473 3745 5545">
    <p class='ocr_par' dir='ltr' id='par_1_89' title="bbox 2677 5473 3745 5545">
     <span class='ocr_line' id='line_1_91' title="bbox 2677 5473 3745 5545; baseline -0.002 -14"><span class='ocrx_word' id='word_1_631' title='bbox 2677 5519 2689 5531; x_wconf 91' lang='lat'><strong>.</strong></span> <span class='ocrx_word' id='word_1_632' title='bbox 2719 5478 2791 5531; x_wconf 70' lang='lat'><strong>4:</strong></span> <span class='ocrx_word' id='word_1_633' title='bbox 2831 5477 3169 5531; x_wconf 85' lang='lat' dir='ltr'><strong>Detractores</strong></span> <span class='ocrx_word' id='word_1_634' title='bbox 3189 5492 3425 5545; x_wconf 86' lang='lat' dir='ltr'><strong>quoque.</strong></span> <span class='ocrx_word' id='word_1_635' title='bbox 3554 5475 3595 5505; x_wconf 84' lang='grc'><strong>¹⁰</strong></span> <span class='ocrx_word' id='word_1_636' title='bbox 3635 5473 3745 5529; x_wconf 87' lang='lat' dir='ltr'><strong>De-</strong></span> 
     </span>
    </p>
   </div>
   <div class='ocr_carea' id='block_1_90' title="bbox 2819 5546 3433 5602">
    <p class='ocr_par' dir='ltr' id='par_1_90' title="bbox 2819 5546 3433 5602">
     <span class='ocr_line' id='line_1_92' title="bbox 2819 5546 3433 5602; baseline 0 -3"><span class='ocrx_word' id='word_1_637' title='bbox 2819 5548 2863 5579; x_wconf 78' lang='lat'>“</span> <span class='ocrx_word' id='word_1_638' title='bbox 2899 5548 3123 5602; x_wconf 84' lang='lat' dir='ltr'><strong>Adrian.</strong></span> <span class='ocrx_word' id='word_1_639' title='bbox 3166 5548 3290 5602; x_wconf 82' lang='lat' dir='ltr'><strong>Coll.</strong></span> <span class='ocrx_word' id='word_1_640' title='bbox 3350 5546 3433 5600; x_wconf 82' lang='grc'><strong>15.</strong></span> 
     </span>
    </p>
   </div>
   <div class='ocr_carea' id='block_1_91' title="bbox 2170 5653 3741 5728">
    <p class='ocr_par' dir='ltr' id='par_1_91' title="bbox 2170 5653 3741 5728">
     <span class='ocr_line' id='line_1_93' title="bbox 2170 5653 3741 5728; baseline -0.003 -13"><span class='ocrx_word' id='word_1_641' title='bbox 2170 5660 2260 5715; x_wconf 92' lang='lat' dir='ltr'><strong>hic</strong></span> <span class='ocrx_word' id='word_1_642' title='bbox 2300 5670 2446 5714; x_wconf 88' lang='lat' dir='ltr'><strong>recte</strong></span> <span class='ocrx_word' id='word_1_643' title='bbox 2481 5658 2849 5728; x_wconf 85' lang='lat' dir='ltr'><strong>pontiﬁcatum</strong></span> <span class='ocrx_word' id='word_1_644' title='bbox 2897 5674 3056 5712; x_wconf 92' lang='lat' dir='ltr'><strong>suum</strong></span> <span class='ocrx_word' id='word_1_645' title='bbox 3088 5656 3419 5712; x_wconf 88' lang='lat' dir='ltr'><strong>sacerdotale</strong></span> <span class='ocrx_word' id='word_1_646' title='bbox 3460 5653 3741 5728; x_wconf 72' lang='lat' dir='ltr'><strong>fastigium</strong></span> 
     </span>
    </p>
   </div>
   <div class='ocr_carea' id='block_1_92' title="bbox 2170 5725 3744 5798">
    <p class='ocr_par' dir='ltr' id='par_1_92' title="bbox 2170 5725 3744 5798">
     <span class='ocr_line' id='line_1_94' title="bbox 2170 5725 3744 5798; baseline -0.005 -13"><span class='ocrx_word' id='word_1_647' title='bbox 2170 5732 2447 5794; x_wconf 88' lang='lat' dir='ltr'><strong>nominat,</strong></span> <span class='ocrx_word' id='word_1_648' title='bbox 2479 5725 2636 5798; x_wconf 79' lang='lat' dir='ltr'><strong>cujus</strong></span> <span class='ocrx_word' id='word_1_649' title='bbox 2669 5728 3028 5781; x_wconf 87' lang='lat' dir='ltr'><strong>sacerdotium</strong></span> <span class='ocrx_word' id='word_1_650' title='bbox 3048 5770 3062 5791; x_wconf 93' lang='lat'><strong>,</strong></span> <span class='ocrx_word' id='word_1_651' title='bbox 3090 5729 3348 5798; x_wconf 87' lang='lat' dir='ltr'><strong>dignitate</strong></span> <span class='ocrx_word' id='word_1_652' title='bbox 3385 5734 3438 5798; x_wconf 83' lang='lat' dir='ltr'><strong>et</strong></span> <span class='ocrx_word' id='word_1_653' title='bbox 3463 5725 3636 5777; x_wconf 83' lang='lat' dir='ltr'><strong>oﬁicio</strong></span> <span class='ocrx_word' id='word_1_654' title='bbox 3662 5727 3744 5779; x_wconf 88' lang='lat' dir='ltr'><strong>si-</strong></span> 
     </span>
    </p>
   </div>
   <div class='ocr_carea' id='block_1_93' title="bbox 2171 5796 3740 5868">
    <p class='ocr_par' dir='ltr' id='par_1_93' title="bbox 2171 5796 3740 5868">
     <span class='ocr_line' id='line_1_95' title="bbox 2171 5796 3740 5868; baseline -0.003 -15"><span class='ocrx_word' id='word_1_655' title='bbox 2171 5800 2318 5864; x_wconf 89' lang='lat' dir='ltr'><strong>mul,</strong></span> <span class='ocrx_word' id='word_1_656' title='bbox 2359 5815 2519 5868; x_wconf 88' lang='lat' dir='ltr'><strong>supra</strong></span> <span class='ocrx_word' id='word_1_657' title='bbox 2548 5796 2834 5868; x_wconf 68' lang='lat' dir='ltr'><strong>omnium</strong></span> <span class='ocrx_word' id='word_1_658' title='bbox 2872 5796 3213 5855; x_wconf 76' lang='lat' dir='ltr'><strong>sacerdotum</strong></span> <span class='ocrx_word' id='word_1_659' title='bbox 3257 5807 3310 5853; x_wconf 87' lang='lat' dir='ltr'><strong>et</strong></span> <span class='ocrx_word' id='word_1_660' title='bbox 3351 5796 3740 5867; x_wconf 87' lang='lat' dir='ltr'><strong>episcoporum</strong></span> 
     </span>
    </p>
   </div>
   <div class='ocr_carea' id='block_1_94' title="bbox 2170 5866 2923 5941">
    <p class='ocr_par' dir='ltr' id='par_1_94' title="bbox 2170 5866 2923 5941">
     <span class='ocr_line' id='line_1_96' title="bbox 2170 5866 2923 5941; baseline -0.005 -16"><span class='ocrx_word' id='word_1_661' title='bbox 2170 5871 2329 5941; x_wconf 85' lang='lat' dir='ltr'><strong>longe</strong></span> <span class='ocrx_word' id='word_1_662' title='bbox 2360 5866 2612 5925; x_wconf 81' lang='lat' dir='ltr'><strong>emineat.</strong></span> <span class='ocrx_word' id='word_1_663' title='bbox 2642 5866 2774 5922; x_wconf 53' lang='lat' dir='ltr'><strong>‘Sev.</strong></span> <span class='ocrx_word' id='word_1_664' title='bbox 2807 5866 2923 5923; x_wconf 80' lang='lat' dir='ltr'><strong>BIN.</strong></span> 
     </span>
    </p>
   </div>
  </div>
