3966 6510
154 430 224 482 15
1551 431 1927 489 EPISTOLzE.
3344 442 3405 493 li

153 544 384 599 ﬁrmiter
444 554 593 600 stare
643 544 813 600 voluit
839 587 853 610 ,
902 560 1007 601 non
1057 562 1087 600 a
1137 546 1468 617 quibuslibet
1514 550 1732 618 agitari.
1764 556 1810 612 Α
1837 551 1939 606 rita
1967 550 2204 622 virtutis,
2238 557 2381 627 quod
2414 558 2748 628 propositum
2783 571 2889 611 non
2922 557 3081 611 \iolat
3104 556 3401 627 religionis.

150 635 372 691 Nullum
425 654 665 707 namque
710 652 899 691 eorum
946 639 1237 705 sententia,
1272 655 1378 694 non
1411 655 1514 695 suo
1550 641 1734 711 judice

149 730 299 783 dicta
336 730 402 795 l‘,
437 731 813 799 constringat,
847 729 974 799 quia
1004 737 1060 784 et
1088 731 1235 801 leges
1269 732 1456 787 saeculi
1492 731 1729 802 idipsum

152 822 266 875 fieri
307 822 653 891 prmeipiunt.
708 820 1003 875 Duodecim
1035 822 1181 876 enim
1210 822 1425 891 judiees
1463 825 1529 889 ¹⁸,
1563 825 1731 894 quili-

151 911 242 966 bet
291 913 587 983 episcopus
638 924 929 969 accusatus
952 914 1014 981 ¹⁶,
1048 914 1093 970 si
1143 929 1368 971 necesse
1412 915 1593 983 fuerit,
1627 919 1725 973 eli-

149 1013 261 1074 gat.
295 1021 327 1058 a
362 1006 569 1075 quibus
600 1005 720 1074 ejus
754 1018 919 1060 causa
946 1003 1095 1072 juste
1120 1003 1416 1075 judicetur.
1440 1004 1551 1062 Nec
1576 1008 1730 1077 prius

149 1093 429 1159 audiatur,
454 1102 551 1147 aut
582 1094 1106 1157 excommunicetur,
1132 1093 1214 1149 vel
1243 1094 1537 1165 judicetur,
1561 1113 1725 1167 quam

148 1186 257 1256 ipsi
289 1202 389 1256 per
422 1202 480 1241 se
510 1185 801 1253 eligantur,
827 1195 880 1240 et
910 1186 1232 1257 regulariter
1260 1197 1472 1252 vocato,
1498 1189 1567 1243 ad
1599 1204 1730 1244 suo-

148 1290 277 1330 rum
315 1276 489 1347 primo
531 1285 861 1331 conventum
902 1277 1318 1347 episcOporum,
1352 1294 1447 1347 per
1478 1294 1575 1334 eos
1607 1280 1728 1350 ejus

147 1383 322 1421 causa
352 1368 500 1437 juste
530 1368 805 1432 audiatur,
839 1379 894 1422 et
936 1369 1331 1424 rationabiliter
1361 1369 1722 1426 discernatur.

148 1458 300 1514 Finis
334 1474 467 1513 vero
500 1459 622 1527 ejus
656 1474 836 1514 causa;
867 1459 933 1514 ad
969 1459 1152 1514 sedem
1188 1460 1543 1530 apostolicam
1575 1461 1725 1517 defe-

145 1563 319 1612 ratur,
379 1560 443 1603 ut
498 1550 702 1606 ibidem
759 1550 1102 1606 terminetur.
1138 1549 1249 1607 Nec
1288 1561 1446 1607 antea
1482 1554 1721 1622 finiatur,

144 1641 284 1697 sicut
326 1642 399 1696 ab
452 1642 721 1712 apostolis
763 1643 846 1697 vel
890 1643 1303 1699 successoribus
1354 1660 1542 1699 eorum
1594 1648 1724 1701 olim

144 1739 409 1787 statutum
455 1744 560 1801 est,
596 1750 761 1803 quam
812 1735 932 1805 ejus
963 1734 1289 1790 auctoritate
1334 1733 1609 1791 fulciatur.
1642 1736 1724 1791 Ad

142 1839 257 1877 eam
289 1839 518 1896 quoque
549 1826 619 1881 ab
647 1826 903 1882 omnibus
940 1828 1001 1891 ιτ,
1036 1826 1271 1880 maxime
1303 1834 1483 1880 tamen
1519 1827 1588 1880 ab
1620 1841 1721 1895 0p-

143 1918 365 1985 pressis,
414 1919 799 1989 appellandum
845 1927 951 1982 est,
997 1926 1052 1973 et
1094 1918 1531 1973 concurrendum
1564 1918 1723 1987 quasi
1758 1902 1796 1956 Β

144 2010 205 2063 ad
236 2019 496 2075 matrem,
529 2020 593 2067 ut
622 2012 741 2081 ejus
794 2011 1053 2066 uberibus
1097 2010 1433 2074 nutriantur,
1480 2010 1724 2065 auctori~

144 2108 249 2155 tate
278 2102 675 2170 defendantur,
699 2111 753 2159 et
784 2118 815 2157 a
847 2102 963 2158 suis
994 2101 1444 2172 oppressionibus
1475 2102 1722 2157 releven-

144 2200 249 2253 tur,
279 2193 413 2262 quia
447 2210 555 2248 non
588 2203 758 2264 potest
792 2209 891 2249 nec
936 2193 1097 2248 debet
1150 2203 1319 2248 mater
1367 2193 1608 2247 oblivisci
1649 2194 1721 2264 ﬁ-

144 2284 265 2336 lium
293 2302 457 2339 suum
482 2286 544 2339 ¹⁸.
564 2285 774 2341 iudicia
823 2287 970 2341 enim
1014 2286 1420 2356 episcoporum,
1457 2286 1723 2355 majores-

145 2390 244 2444 que
285 2376 553 2432 Ecclesia:
597 2393 798 2444 causae,
831 2393 863 2432 a
896 2377 1024 2433 sede
1076 2379 1395 2449 apostolica,
1427 2387 1482 2433 et
1514 2393 1622 2433 non
1654 2378 1723 2433 ab

144 2463 263 2531 alia,
313 2467 464 2521 sicut
518 2467 754 2538 apostoli
809 2474 866 2523 et
916 2468 1089 2523 sancti
1137 2483 1487 2524 successores
1532 2483 1723 2524 eorum

144 2565 471 2624 statuerunt,
494 2574 619 2614 cum
641 2560 766 2616 aliis
798 2559 1069 2629 episcopis
1094 2561 1136 2592 ¹⁹
1167 2569 1299 2615 sunt
1330 2560 1717 2616 terminandae:

144 2648 263 2718 quia
315 2650 448 2705 licet
480 2650 537 2704 in
590 2651 727 2707 alios
778 2651 1176 2707 transferantur
1213 2652 1523 2721 episcopos,
1558 2653 1723 2709 beato

146 2749 314 2797 tamen
349 2744 606 2812 apostolo
636 2743 798 2799 Petro
833 2744 1040 2800 dictum
1071 2753 1155 2800 est
1182 2762 1195 2799 :
1222 2743 1557 2816 Quacunque
1587 2745 1731 2816 liga-

144 2837 267 2889 seris
299 2854 461 2906 super
485 2846 705 2905 terram,
732 2847 887 2892 erunt
920 2837 1088 2909 ligata
1115 2848 1167 2892 et
1198 2838 1253 2891 in
1287 2838 1466 2903 cretis;
1495 2847 1545 2893 et
1577 2854 1722 2909 qua:-

145 2943 335 2997 cunque
390 2929 613 2983 solveris
676 2944 832 2998 super
877 2937 1097 2993 terram,
1149 2936 1303 2982 erunt
1352 2928 1530 2983 soluta
1571 2938 1621 2983 et
1663 2929 1721 2983 in

147 3018 278 3073 cali:
309 3020 381 3074 ³⁸.
416 3018 485 3073 Et
519 3019 731 3089 reliqua
764 3018 1066 3090 privilegia,
1118 3034 1241 3088 qua:
1285 3018 1386 3074 soli
1422 3019 1551 3074 huic
1583 3035 1711 3074 san-

146 3111 375 3165 ctzesedi
408 3126 674 3167 concessa
738 3118 886 3178 sunt,
919 3121 974 3167 et
1016 3110 1403 3182 injconstitutis
1439 3112 1717 3182 apostolo-
1756 3172 1757 3179 η

150 3217 257 3255 rum
288 3203 396 3273 (5),
444 3218 754 3274 eorumque
804 3218 1212 3269 successorum,
1246 3204 1478 3273 aliisque
1529 3220 1718 3275 quam-

148 3292 387 3361 plurimis
426 3310 554 3349 cum
591 3296 670 3351 eis
711 3294 1147 3362 concinentibus,
1184 3295 1456 3351 habentur
1488 3296 1713 3351 inserta.

146 3381 496 3457 Septuaginta
535 3389 579 3418 "
628 3387 776 3442 enim
837 3386 1070 3457 apostoli
1121 3387 1419 3443 sententias
1475 3387 1717 3457 prazlixe-

147 3490 258 3533 runt
285 3480 390 3550 (6),
424 3496 551 3535 cum
584 3480 709 3535 aliis
740 3481 1158 3551 quamplurimis
1191 3479 1484 3551 episcopis,
1518 3488 1573 3534 et
1603 3495 1718 3535 ser-

146 3571 333 3626 vandas
367 3580 723 3627 censuerunt.
758 3571 835 3627 De
867 3574 1100 3628 occultis
1150 3573 1295 3629 enim
1329 3572 1491 3627 alieni
1527 3571 1716 3627 cordis

146 3671 331 3717 temere
349 3663 605 3733 judicare
623 3665 691 3731 ¹¹,
718 3673 1000 3733 peccatum
1031 3672 1143 3730 est;
1180 3672 1231 3719 et
1263 3679 1388 3719 eum
1417 3662 1580 3732 cujus
1603 3677 1714 3716 non

143 3752 384 3809 ridentur
423 3771 591 3824 opera
639 3755 747 3810 nisi
793 3756 957 3821 bona,
1008 3756 1253 3826 iniquum
1304 3765 1391 3811 est
1436 3770 1503 3810 ex
1536 3753 1715 3823 suspi-

140 3846 281 3900 cione
313 3847 741 3916 reprehendere,
791 3863 916 3903 cum
966 3864 1180 3915 eorum,
1225 3864 1348 3919 quae
1395 3848 1713 3903 hominibus

140 3948 258 3993 sunt
310 3939 620 4009 incognita,
677 3941 830 3995 solus
870 3940 1016 3996 Deus
1056 3941 1225 4011 judex
1272 3942 1362 3996 sit.
1420 3939 1539 4010 lpse
1584 3954 1713 3994 vero

142 4029 279 4083 novit
318 4031 649 4085 abscondita
697 4029 882 4086 cordis
901 4031 968 4098 ³³,
1018 4040 1072 4085 et
1132 4045 1241 4085 non
1294 4030 1455 4084 alius.
1504 4028 1711 4098 lnjusta

139 4121 268 4175 enim
310 4121 524 4191 jndicia
576 4122 646 4175 ab
686 4123 945 4177 omnibus
982 4122 1219 4177 cavenda
1282 4130 1440 4187 sunt;
1477 4122 1713 4175 maxime

141 4219 307 4265 tamen
339 4228 372 4266 a
408 4214 586 4268 servis
634 4211 748 4268 Dei.
782 4212 1004 4268 Servum
1036 4224 1212 4267 autem
1242 4212 1342 4267 Dei
1372 4229 1477 4266 non
1512 4221 1712 4282 oportet

136 4301 334 4372 litigare
358 4305 428 4369 ’⁸,
452 4320 557 4359 nec
590 4321 917 4375 quemquam
952 4306 1235 4361 damnare.
1270 4304 1525 4375 Episcopi
1555 4319 1711 4358 nam-

137 4406 230 4459 que
260 4410 291 4447 a
326 4395 585 4464 plebibus
615 4405 671 4449 et
702 4397 868 4461 clero,
903 4404 959 4450 et
988 4396 1198 4451 domini
1234 4412 1265 4450 a
1298 4396 1471 4451 servis
1504 4394 1711 4449 ferendi

1838 642 2200 715 Satagendum
2241 657 2323 704 est
2366 650 2542 717 vobis,
2597 666 2662 704 nc
2705 651 2904 721 aliquis
2938 649 3165 704 fratrum
3196 657 3405 705 vestro-

1835 725 1957 791 rum
2020 739 2255 807 graviter
2312 741 2580 797 laceretur
2636 743 2721 797 vel
2800 750 3005 811 pereat.
3071 739 3405 797 Succurrere

1833 843 1962 900 ergo
1994 845 2089 886 vos
2121 842 2332 901 oportet
2357 837 2651 903 oppressis,
2675 844 2728 889 et
2758 834 2993 890 liberare
3022 850 3118 890 eos
3147 835 3215 890 de
3236 850 3403 891 manu

1833 925 2295 995 persequentium,
2334 937 2393 982 ut
2438 943 2560 983 cum
2604 930 2761 983 beato
2805 928 2907 984 .lob
2961 930 3196 985 dicatis:
3228 930 3399 984 Bene-

1830 1016 1995 1071 dictio
2024 1020 2251 1087 perituri
2279 1037 2434 1090 super
2464 1038 2544 1075 me
2586 1023 2838 1086 veniebat,
2875 1034 2923 1078 et
2955 1042 3045 1078 cor
3066 1026 3237 1080 viduae
3271 1043 3401 1079 con-

1830 1110 2034 1165 solatus
2066 1128 2201 1166 sum.
2234 1111 2711 1169 Iustitia-indutus
2744 1132 2882 1179 sum,
2914 1127 2963 1171 et
2996 1120 3177 1172 vestiri
3208 1136 3289 1173 me
3318 1136 3403 1173 ve-

1830 1204 2075 1258 stimento
2104 1214 2153 1257 et
2184 1205 2505 1270 diademate,
2531 1206 2739 1276 judicio
2779 1209 3118 1263 meo.0culus
3141 1211 3219 1279 fui
3241 1227 3400 1277 ewco,

1828 1304 1876 1349 et
1907 1312 1994 1365 pes
2039 1296 2250 1352 claudo.
2295 1297 2459 1353 Pater
2527 1316 2670 1353 eram
2715 1317 3025 1370 pauperum,
3058 1313 3107 1356 et
3155 1320 3399 1372 causam,

1827 1405 1987 1459 quam
2032 1391 2341 1453 nesciebam,
2375 1391 2773 1463 diligentissime
2818 1396 3218 1465 inuestigabam.
3254 1396 3398 1450 Con-

1830 1481 2058 1534 terebam
2091 1482 2257 1536 molas
2290 1484 2457 1554 iniqui
2483 1524 2496 1547 ,
2550 1495 2600 1538 et
2650 1486 2713 1539 de
2742 1484 2984 1539 dentibus
3016 1486 3163 1541 illius
3200 1488 3403 1557 aufere-

1829 1572 1949 1625 bam
1981 1574 2215 1641 prwdam
2251 1577 2296 1607 ’⁸
2332 1594 2344 1629 :
2379 1586 2433 1630 et
2466 1577 2697 1647 reliqua.
2740 1577 2847 1633 Vos
2880 1594 3032 1651 ergo,
3065 1581 3156 1651 qui
3191 1582 3246 1635 in
3278 1598 3403 1652 spe-

1827 1666 1949 1719 cula
1979 1680 2009 1719 a
2038 1664 2265 1721 Domino
2295 1669 2425 1723 estis
2454 1669 2634 1737 positi,
2671 1671 3030 1739 comprimere
3057 1682 3111 1728 et
3138 1674 3401 1743 repellere

1826 1771 1920 1812 eos
1951 1773 2298 1829 summopere
2331 1761 2559 1826 debetis,
2583 1763 2677 1832 qui
2712 1761 2972 1820 fratribus
3004 1764 3229 1822 insidias
3262 1783 3402 1837 prte-

1826 1860 2042 1919 parant,
2093 1861 2188 1906 aut
2237 1854 2291 1907 in
2344 1869 2440 1909 eos
2491 1855 2784 1911 seditiones
2831 1866 2885 1911 et
2943 1858 3199 1913 scandala
3248 1860 3400 1915 exci-

1827 1948 1943 1994 tant
1965 1942 2028 1995 ⁸⁷.
2066 1942 2245 1998 Facile
2275 1952 2359 1999 est
2386 1945 2531 1999 enim
2559 1947 2724 2001 verbo
2757 1946 2938 2003 fallere
2956 1948 3254 2015 hominem,
3286 1966 3397 2006 non

1825 2042 2004 2087 tamen
2042 2033 2211 2088 Deum
2236 2037 2298 2090 ’⁸.
2337 2036 2464 2092 Ideo
2505 2038 2604 2093 hos
2652 2040 2930 2109 repellere,
2980 2048 3034 2096 et
3073 2042 3142 2097 ab
3174 2044 3260 2100 his
3299 2061 3398 2100 vos

1824 2140 2016 2183 cavere
2047 2137 2278 2196 Oportet,
2315 2137 2587 2198 quatenus
2618 2131 2883 2185 exstincta
2931 2130 3180 2191 funditus
3207 2135 3399 2205 hujus-

1823 2217 1967 2272 modi
1993 2218 2241 2289 caligine,
2277 2218 2493 2274 Lucifer
2535 2221 2615 2275 eis
2651 2222 2999 2291 resplendeat
3022 2226 3090 2291 ”,
3123 2234 3177 2280 et
3208 2226 3395 2281 laetitia

1822 2309 2051 2375 oriatur,
2099 2311 2431 2366 sanctissimi
2466 2310 2683 2368 fratres.
2742 2312 2876 2369 Data
2921 2314 3251 2372 duodecimo
3284 2317 3395 2371 Ka-

1822 2400 1965 2455 lend.
2005 2398 2282 2467 Octobris,
2318 2401 2615 2458 Saturnino
2645 2412 2700 2460 et
2728 2402 3007 2462 Gallicana
3027 2407 3072 2439 ⁸⁸
3105 2408 3240 2465 viris
3269 2410 3386 2465 cla-

1821 2494 2053 2551 rissimis
2080 2496 2402 2553 consulibus
2428 2496 2472 2529 ³¹
2488 2520 2505 2540 ο

2382 2671 2721 2728 EPISTOLA
2762 2673 2826 2730 11.

2118 2802 2185 2841 Αἰ)
2220 2802 2428 2842 EGYPTI
2467 2804 2762 2844 PROVINCIE
2800 2805 3101 2848 EPISCOPOS.

1888 2918 2245 2978 Charissimis
2307 2922 2571 2980 fratribus
2640 2940 2736 2995 per
2799 2925 3093 3000 Egyptum
3164 2928 3396 2989 Domino

1818 3013 2179 3073 militantibus
2225 3017 2561 3077 Zernrnmus
2614 3020 2878 3078 Romanae
2924 3024 3076 3080 urbis
3125 3025 3398 3095 archiepi-

1820 3120 2038 3175 scopus.

1891 3195 2119 3253 Tantam
2153 3214 2183 3253 a
2217 3200 2471 3268 Domino,
2498 3203 2664 3273 hujus
2692 3214 2895 3261 sancta:
2925 3207 3069 3263 sedis
3095 3217 3149 3263 et
3177 3219 3396 3279 aposto-

1821 3289 1939 3345 lica:
1990 3289 2247 3346 Ecclesiae
2299 3291 2605 3361 fundatore,
2656 3305 2709 3351 et
2755 3297 2915 3352 beato
2949 3298 3110 3354 Petro
3153 3301 3397 3371 principe

1821 3380 2214 3449 apostolorum,
2247 3382 2557 3451 accepimus
2587 3383 2840 3439 fiduciam
2864 3386 2930 3449 ",
2965 3396 3023 3440 ut
3046 3402 3145 3456 pro
3179 3389 3395 3442 univcr-

1823 3470 1925 3525 sali
1971 3469 2175 3525 Christi
2220 3472 2486 3543 sanguine
2528 3472 2807 3546 redempta
2846 3475 3111 3543 Ecclesia,
3163 3479 3397 3549 impigro

1825 3562 2137 3619 laboremus
2164 3563 2361 3619 affectu
2395 3565 2461 3631 ³⁸,
2488 3574 2543 3620 et
2575 3568 2830 3623 omnibus
2866 3568 3095 3624 Domino
3126 3569 3397 3624 famulan-

1822 3654 1968 3709 tibus
1993 3670 2405 3723 succurramus,
2425 3668 2478 3712 et
2496 3660 2711 3713 cunctis
2740 3660 2826 3728 pie
2843 3661 3148 3717 viventibus
3172 3675 3394 3733 aposto-

1822 3745 1924 3801 lica
1985 3749 2309 3804 auctoritate
2364 3765 2535 3819 opem
2597 3750 2861 3807 feramus.
2925 3752 3129 3811 Omnes
3184 3757 3276 3826 qui
3341 3760 3393 3812 in

1819 3839 2040 3896 Christo
2071 3842 2257 3897 volunt
2290 3844 2376 3912 pie
2418 3844 2598 3899 vivere
2626 3844 2693 3911 “,
2740 3860 2962 3902 necesse
2988 3858 3070 3903 est
3101 3858 3159 3905 ut
3186 3851 3257 3906 ab
3289 3852 3391 3905 ini—

1819 3933 1924 4002 piis
1949 3943 2003 3988 et
2046 3933 2401 3989 dissimilibus
2451 3935 2725 4004 patiantur
2769 3940 3089 4008 opprobria,
3123 3951 3179 3996 et
3208 3943 3394 4013 despi-

1818 4025 2034 4079 ciantur
2065 4037 2325 4095 tanquam
2377 4026 2527 4081 stulti
2574 4037 2629 4082 et
2682 4028 2882 4095 insani,
2926 4038 2985 4083 ut
3036 4032 3289 4089 meliores
3339 4045 3394 4088 et

1817 4118 2160 4189 purgatiores
2204 4119 2504 4175 efﬁciantur
2559 4121 2653 4191 qui
2696 4122 2841 4176 bona
2895 4123 3213 4193 temporalia
3270 4139 3395 4194 per-

1819 4209 1978 4273 dunt,
2010 4221 2071 4264 ut
2101 4211 2405 4281 percipiant
2451 4220 2673 4267 aeterna.
2707 4210 2911 4267 Eorum
2951 4230 3080 4270 vero
3116 4215 3393 4285 despectio

1817 4309 1872 4356 et
1922 4300 2104 4356 irrisio
2162 4301 2217 4355 in
2290 4304 2438 4372 ipsos
2490 4304 2898 4374 retorquebitur
2952 4306 3047 4374 qui
3104 4321 3201 4361 eos
3257 4306 3394 4361 allii-

1819 4402 1952 4465 gunt
1970 4402 2022 4448 et
2044 4395 2389 4450 contumeliis
2419 4395 2679 4464 alliciunt,
2707 4413 2832 4452 cum
2856 4409 2909 4453 et
2932 4399 3266 4455 abundantia
3300 4416 3391 4455 eo-

137 4494 250 4538 sunt
270 4488 339 4552 ³⁸,
375 4495 437 4541 ιιι
461 4488 567 4541 sub
593 4489 987 4543 exercitatione
1019 4488 1343 4555 tolerantiae,
1401 4489 1713 4543 sustinean-
1744 4470 1787 4523 Ῐ)
1817 4502 1940 4540 rum
1973 4485 2027 4539 in
2060 4495 2376 4557 egestatem,
2417 4497 2472 4543 et
2502 4489 2761 4559 superbia
2804 4491 3083 4547 transierit
3114 4492 3169 4546 in
3200 4491 3395 4548 confu-

140 4580 212 4628 tnr
242 4578 593 4647 temporalia,
628 4591 915 4649 sperentur
947 4590 1169 4636 aeterna.
1205 4581 1382 4651 Auget
1414 4580 1560 4635 enim
1596 4596 1713 4636 me-

1821 4578 2053 4633 sionem.

174 4732 783 4807 “‘Cod.c9nst.unica,
819 4738 858 4792 1.
899 4753 973 4799 ιγ,
1003 4738 1084 4793 Iit.
1121 4737 1207 4794 16.
1286 4738 1329 4769 ¹⁸
1370 4737 1423 4792 5.
1457 4746 1649 4807 quaest.
1684 4737 1717 4790 4

1825 4737 2081 4807 nodecim
2107 4738 2341 4807 judices.
2417 4739 2461 4770 ¹⁶
2502 4755 2553 4793 1v
2583 4739 2807 4805 Carth.,
2835 4738 2923 4800 10,
2941 4747 2995 4792 et
3018 4754 3106 4801 Ill,
3135 4739 3189 4793 7.
3268 4738 3310 4769 "’
3334 4737 3387 4790 2.

134 4801 274 4873 {1.6:
305 4806 386 4858 Ad
423 4805 727 4861 Romanam
763 4808 1081 4862 Ecclesiam.
1184 4808 1226 4839 ¹⁸
1266 4807 1391 4863 Isai.
1425 4801 1583 4873 xitx,
1618 4807 1703 4861 15.

135 4869 213 4925 ,9,
287 4874 352 4948 si
374 4876 460 4928 ΑΙ,
488 4878 795 4948 sexaginta,
824 4878 958 4948 utin
997 4894 1100 4935 ms.
1157 4877 1296 4933 Just.
1319 4896 1340 4948 :7
1368 4878 1438 4931 al.
1472 4869 1859 4948 quinquaginta
1879 4869 2059 4948 ,Adist‘.
2098 4879 2122 4933 1

773 4950 827 5020 in
855 4947 949 5003 Ps.
973 4964 1159 5020 cxvnI.
1237 4949 1281 4979 "
1323 4947 1413 5002 Ps.
1440 4946 1595 5011 xum,
1630 4946 1738 5020 22f
1799 4950 1843 4978 "
1875 4946 1920 5001 ll
1955 4948 2097 5020 Tim.
2128 4966 2190 5012 ll,
2220 4950 2313 5005 24.
2390 4946 2435 4982 ⁵⁵
2468 4949 2720 5020 Prosperi
2746 4957 2884 5020 sent.
2906 4950 3021 5020 54,
3051 4964 3114 5003 ex
3157 4947 3229 5020 S._
3248 4947 3386 5020 Aug.

134 4949 266 5016 sent.
292 4943 387 5005 2i,
413 4961 479 4999 ex
507 4946 566 4999 S.
595 4943 734 5016 A'ug.

135 5010 183 5063 in
211 5008 304 5065 Ps.
331 5029 517 5069 cxxtv.

136 5077 388 5159 Doreirsis
427 5087 656 5159 consult.
686 5089 723 5141 2
744 5130 759 5152 ,
786 5104 905 5159 syn.
934 5077 1119 5159 Later.
1169 5077 1272 5143 sub
1308 5087 1547 5159 Martiuo
1581 5086 1600 5139 ι

620 5020 665 5049 ³³
698 5017 801 5073 Job
832 5034 960 5073 xxix
983 5059 997 5082 ,
1028 5019 1095 5072 15
1124 5033 1276 5087 seqq.
1300 5034 1367 5072 ex
1406 5034 1549 5073 vers.
1572 5018 1812 5086 vulgata.
1931 5023 1938 5051 ε

620 5096 656 5140 ι.
686 5089 759 5143 2.
786 5104 905 5143 svn.
940 5087 1119 5142 Later.
1169 5090 1272 5143 sub
1308 5087 1547 5141 Martiuo
1581 5086 1600 5139 ι
1702 5088 1747 5119 ³⁸
1783 5087 1938 5143 Gallo

1814 4808 1855 4841 ¹⁹
1898 4805 2048 4872 Vox,
2112 4805 2400 4872 episcopis.
2441 4809 2593 4864 abest
2633 4825 2664 4863 a
2703 4825 2806 4862 ms.
2914 4811 2960 4841 ὀ
3015 4808 3206 4863 Matth.
3258 4823 3385 4872 xvr,

2123 4824 2150 4861 e
2187 4808 2400 4878 iscopis.
2441 4809 2593 4864 abest
2633 4825 2664 4863 a
2703 4825 2806 4862 ms.
2914 4811 2960 4841 ὀ
3015 4808 3206 4863 Matth.
3258 4823 3385 4872 xvr,

2132 4825 2203 4933 6p:
2242 4878 2532 4945 Sexaginta
2592 4880 2906 4935 sententias.
3051 4881 3096 4912 ²²
3137 4876 3386 4945 Prosperi

2242 4878 2532 4948 Sexaginta
2592 4880 2906 4935 sententias.

2404 5020 2450 5051 ³⁸
2486 5016 2621 5074 Sixti
2668 5028 2806 5075 sent.
2867 5018 2989 5073 176.
3102 5021 3145 5050 ³⁸
3197 5016 3385 5085 Steph.

2084 5091 2127 5121 ³¹
2167 5090 2496 5145 Saturninus
2557 5091 2645 5144 hic
2702 5099 2755 5143 et
2780 5088 2967 5143 Gallus
2989 5103 3133 5143 coss.
3171 5088 3386 5141 fuerunt

1931 5020 1975 5051 ’7
2012 5019 2289 5074 Nutriunt.

135 5163 241 5229 an;
256 5151 399 5217 198,
442 5156 654 5212 vivente
698 5151 879 5214 adhuc
931 5156 1167 5215 Victore.
1242 5159 1286 5190 ³¹
1328 5158 1385 5212 S.
1436 5157 1584 5224 Leo,
1615 5173 1702 5229 ep.
1730 5158 1822 5212 24.
1888 5160 1933 5192 ³³
1966 5160 2192 5216 Effectu.
2261 5160 2306 5192 'l‘
2340 5159 2399 5215 S.
2425 5160 2677 5228 Prosperi
2710 5168 2851 5213 sent.
2885 5159 2974 5227 52,
3021 5174 3087 5214 ex
3135 5158 3191 5212 S.
3246 5157 3386 5228 Aug.

134 5219 188 5274 in
205 5219 295 5279 Ps.
317 5239 491 5293 cxxu.

198 5364 274 5433 (5)
315 5364 385 5438 Et
434 5365 490 5419 in
531 5368 843 5438 constitutis
889 5368 1270 5438 apostolorum.
1318 5367 1386 5422 73
1429 5364 1706 5438 Canonent

132 5436 500 5509 apostolorum
529 5436 802 5508 intelligit,
828 5436 937 5509 quo
967 5441 1321 5495 constitutum
1346 5447 1474 5509 est._
1505 5436 1707 5509 utcpi-

132 5507 367 5579 wopales
401 5506 728 5579 causa:_nori
752 5506 860 5564 nisi
887 5511 955 5565 ab
992 5510 1264 5579 episcopis
1295 5506 1703 5579 superioribus,

131 5577 404 5650 conciliis,
440 5586 538 5631 aut
566 5576 830 5650 Romano
867 5573 1125 5650 pontiﬁce
1159 5573 1543 5647 diiudicentur.
1576 5573 1707 5630 Vide

130 5647 520 5771 agasgixirﬁtlﬁs
559 5648 639 5703 ibi
681 5650 739 5703 in
779 5647 925 5706 notis
966 5649 1034 5705 ad
1077 5651 1398 5721 pradictum
1440 5660 1702 5702 canonum

197 5754 210 5767 .
236 5734 363 5772 δην.
397 5734 517 5773 ΙΞΙΝ.

190 5788 264 5857 (6)
307 5788 661 5867 Septuaginta
694 5790 834 5867 enim
875 5791 1101 5867 apostoli
1135 5790 1420 5867 sententias
1459 5786 1702 5867 prie/itse-

131 5868 261 5930 mzt.
314 5857 430 5912 Alia
467 5857 725 5930 qumdam
778 5857 937 5916 lectio
985 5862 1184 5925 habet,
1235 5860 1552 5929 sexaginta,
1596 5857 1702 5910 alia

133 5928 545 6001 quinquaginta;
590 5933 792 6001 quovis
845 5934 1006 5990 modo
1063 5933 1303 5999 legatur,
1344 5928 1534 5989 verum
1588 5938 1703 5995 est,

1810 5366 1955 5435 quod
1989 5380 2083 5436 per
2116 5364 2215 5421 has
2253 5365 2551 5421 sententias
2575 5406 2591 5430 ,
2621 5378 2861 5419 canones
2896 5362 3266 5436 apostolorum
3302 5362 3389 5417 in-

1812 5437 2055 5505 telligat;
2098 5448 2332 5506 quorum
2378 5452 2674 5502 numerus,
2720 5437 2849 5490 licet
2887 5435 3390 5506 quinquagenarius

1809 5516 2017 5561 tantum
2066 5505 2247 5572 fuerit,
2314 5516 2374 5561 ut
2433 5522 2597 5577 supra
2642 5508 2698 5561 in
2744 5506 2889 5561 notis
2927 5506 3140 5558 nostris
3192 5505 3389 5577 ibidem

1808 5577 2168 5648 ostendimus,
2213 5587 2428 5641 tamen,
2473 5574 2600 5648 quia
2642 5593 2751 5631 uno
2790 5589 3000 5648 canone
3061 5574 3389 5648 quapdoquc

1807 5647 1988 5725 plures
2022 5649 2302 5703 sententia:
2321 5643 2891 5725 comprehenduntur,
2928 5643 3006 5725 60.
3036 5643 3129 5699 aut
3168 5645 3234 5698 70
3266 5662 3389 5725 svn-

1806 5718 2099 5796 tentiarum
2124 5719 2546 5789 apostolicarum
2583 5732 2845 5772 numerus
2864 5755 2878 5779 ,
2915 5718 3386 5796 quinquagenaria

1811 5786 2180 5858 apostolorum
2229 5805 2500 5846 canonum
2550 5805 2815 5855 nurnero,
2874 5786 3010 5841 nihil
3068 5787 3246 5842 obstat
3297 5795 3390 5839 aut

1812 5859 2147 5930 praejudicat.
2184 5858 2265 5917 In.
