3966 6502
555 420 621 475 15
1700 412 1757 469 S.
1794 411 2012 468 ZEPIIY
2025 410 2159 467 RINI

2253 409 2391 465 \PAE
2425 407 2803 464 EPISTOLE.
3726 400 3796 455 16

1328 530 1367 586 I.

660 627 733 681 De
761 626 1014 696 episcopis
1047 625 1196 679 rebus
1226 624 1488 693 spoliatis,
1522 622 1597 676 vel
1629 640 1661 676 a
1687 622 1804 677 sede
1833 623 2019 693 pulsis.

630 740 946 795 Nuntiatum
994 748 1076 794 est
1104 740 1247 793 enim
1293 738 1406 793 sedi
1450 738 1760 808 apostolica
1792 752 1887 806 per
1918 736 2129 808 apocri-

563 834 740 889 sarios
769 842 981 887 vestros
1010 831 1053 862 ³⁸
1087 829 1185 901 (7),
1221 830 1485 900 quosdam
1520 828 1747 883 fratrum
1794 840 2127 893 nostrorum,

563 924 940 994 episcOporum
978 921 1244 985 videlicet,
1275 922 1344 976 ab
1374 921 1628 976 Ecclesiis
1666 931 1720 974 et
1751 921 1969 975 sedibus
2008 936 2125 990 pro-

569 1016 703 1087 priis
745 1014 891 1085 pelli,
942 1028 1151 1083 suaque
1191 1012 1271 1067 eis
1304 1011 1505 1065 auferri
1538 1011 1910 1081 supellectilia,
1951 1020 2005 1065 et
2055 1010 2134 1064 sic

570 1106 745 1161 nudos
779 1114 833 1160 et
857 1104 1185 1174 exspoliatos
1226 1102 1292 1157 ad
1317 1101 1525 1171 judicia
1556 1103 1773 1167 vocari;
1806 1102 1949 1173 quod
1984 1102 2134 1156 omni

570 1198 779 1252 ratione
801 1205 970 1263 caret,
999 1210 1124 1249 cum
1167 1195 1459 1250 constituta
1490 1194 1881 1264 apostolorum,
1914 1208 2134 1248 eorum—

573 1304 680 1359 que
728 1301 1130 1351 successorum,
1173 1295 1227 1341 et
1270 1298 1538 1355 praecepta
1591 1286 1975 1355 imperatorum
2001 1286 2045 1317 ³⁶
2073 1300 2137 1340 ac

573 1380 988 1436 constitutiones
1028 1378 1236 1449 legum,
1272 1377 1506 1447 idipsum
1539 1378 1881 1448 prohibeant,
1913 1386 1966 1431 et
2001 1392 2136 1447 apo-

577 1474 781 1529 stolica:
809 1472 955 1529 sedis
987 1471 1285 1526 auctoritas
1320 1469 1556 1539 idipsurn
1580 1470 1696 1524 fieri
1711 1478 1872 1524 vetet.
1927 1468 2140 1525 Praece-

579 1572 727 1637 ptum
745 1562 887 1621 est“
912 1581 1041 1637 ergo
1081 1565 1135 1619 in
1169 1565 1407 1633 antiquis
1449 1564 1688 1630 statutis,
1720 1563 2001 1633 episcOpos
2036 1562 2142 1632 eje-

578 1669 694 1715 ctos
718 1659 783 1726 3',
816 1667 978 1729 atque
1012 1660 1125 1715 suis
1156 1659 1318 1713 rebus
1339 1657 1695 1727 exspoliatos,
1714 1656 1991 1712 Ecclesias
2014 1671 2142 1725 pro-

580 1753 724 1821 prias
769 1754 1028 1823 recipere,
1074 1763 1126 1807 et
1154 1753 1330 1822 primo
1379 1767 1478 1806 sua
1525 1751 1708 1805 omnia
1745 1750 1825 1805 eis
1851 1747 2001 1803 reddi
2039 1766 2052 1802 :
2090 1756 2144 1802 et

582 1854 697 1900 tum
747 1846 986 1911 demum,
1019 1846 1064 1901 si
1113 1846 1235 1915 quis
1274 1859 1368 1899 eos
1396 1844 1543 1913 juste
1584 1858 1855 1916 accusare.
1889 1840 2139 1905 voluerit,

582 1950 739 2004 atquo
769 1935 1010 2005 periculo
1045 1933 1243 1995 facere,
1264 1934 1473 2005 judices
1498 1949 1619 1989 esse
1640 1934 2013 1994 decernentes,
2039 1934 2147 2001 epi-

584 2044 781 2099 scopos
814 2036 961 2082 recta
990 2026 1280 2096 sapientes,
1318 2034 1372 2080 et
1400 2026 1454 2079 in
1486 2025 1712 2080 ecclesia
1738 2024 2142 2089 convenientes,

584 2122 675 2177 ubi
712 2130 877 2177 testes
893 2127 1075 2174 essent
1101 2118 1465 2188 singulorum,
1491 2118 1583 2186 qui
1610 2116 1855 2186 oppressi
1889 2114 2144 2170 videban-

586 2224 719 2270 tur:
779 2228 878 2268 nec
927 2211 1079 2282 prius
1127 2225 1221 2265 eos
1276 2210 1607 2279 respondere
1654 2209 1851 2263 debere
1873 2208 1938 2273 ’9,
1982 2221 2145 2276 quam

585 2307 766 2361 omnia
812 2320 910 2361 sua
948 2305 1028 2361 eis
1051 2312 1106 2358 et
1138 2302 1384 2358 ecclesiis
1417 2317 1609 2357 eorum
1652 2301 1862 2371 legibus
1909 2300 2147 2370 integer-

584 2403 723 2458 rime
749 2402 1126 2456 restituantur.
1164 2397 1275 2453 Nec
1306 2398 1540 2460 mirum,
1577 2393 1794 2459 fratres,
1822 2395 1866 2448 si
1896 2409 1993 2449 vos
2023 2409 2149 2463 per-

587 2501 911 2562 sequuntur,
964 2504 1088 2545 cum
1136 2499 1298 2559 caput
1352 2495 1591 2541 vestrum
1640 2485 1920 2540 Christum
1966 2484 2153 2539 Domi-

590 2600 720 2640 num
774 2592 1020 2638 nostrum
1062 2595 1236 2650 usque
1288 2580 1356 2635 ad
1422 2588 1649 2634 mortem
1704 2579 1815 2633 sint
1859 2576 2148 2648 persecuti.

590 2677 729 2747 Ipsa:
756 2684 937 2730 tamen
962 2673 1366 2743 persecutiones
1393 2671 1658 2741 patienter
1691 2670 1968 2741 portanda:
2000 2678 2151 2735 sunt,

595 2777 653 2824 ut
688 2767 807 2838 ejus
835 2764 1055 2835 dicipuli
1097 2779 1219 2819 esse
1253 2761 1680 2831 cognoscamini,
1705 2776 1807 2830 pro
1832 2774 1941 2830 quo
1979 2769 2033 2815 et
2060 2776 2155 2831 pa-

592 2860 790 2916 timini.
851 2856 1003 2913 Unde
1044 2865 1098 2912 et
1146 2857 1261 2927 ipse
1302 2856 1418 2910 ait:
1453 2854 1602 2908 Beati
1629 2855 1717 2925 qui
1748 2854 2156 2923 persecutionem

594 2951 875 3021 patiuntur
906 2958 1117 3019 prapter
1138 2948 1407 3017 justitiam
1437 2946 1500 3002 ⁸ο.
1551 2944 1646 3001 His
1692 2945 1815 3000 fulti
1861 2943 2155 3017 suffragiis,

596 3057 705 3095 non
749 3040 978 3094 multum
1025 3038 1286 3093 debemus
1326 3041 1518 3093 timere
1562 3037 1916 3107 opprobrium
1984 3037 2159 3092 homi-

595 3148 726 3188 num
753 3132 819 3199 “,
860 3145 1035 3201 neque
1066 3145 1253 3184 eorum
1291 3128 1804 3198 exprobrationibus
1833 3128 1998 3191 vinci,
2023 3143 2160 3199 quo-

596 3227 741 3279 niam
773 3223 875 3279 hoc
904 3221 1063 3277 nobis
1102 3220 1364 3276 Dominus
1390 3222 1542 3291 jubet
1576 3236 1673 3290 per
1699 3220 1894 3276 Isaiam
1922 3221 2156 3291 prophe-

596 3317 731 3377 tam,
771 3309 958 3364 dicens
995 3328 1007 3363 :
1040 3308 1237 3362 Audite
1270 3324 1350 3362 me
1379 3311 1469 3379 qui
1496 3309 1644 3363 scitis
1667 3309 1958 3380 judicium,
1992 3327 2161 3380 popu-

597 3402 680 3456 lus
711 3419 854 3456 meus
879 3444 896 3471 ,
929 3404 984 3456 in
1016 3419 1237 3472 quarunt
1280 3402 1524 3456 cordibus
1571 3402 1654 3456 lea:
1698 3420 1812 3456 mea
1846 3414 1944 3458 est.
1984 3403 2164 3460 Nolite

600 3496 779 3550 timere
812 3496 1150 3565 opprobrium
1178 3496 1480 3560 hominum,
1515 3504 1564 3549 et
1599 3495 1948 3566 blasphemias
1983 3515 2164 3552 eorum

600 3607 663 3645 ne
738 3588 970 3641 timeatis
1019 3587 1086 3655 δ’,
1151 3587 1560 3642 considerantes
1626 3588 1770 3658 quod
1824 3589 1877 3642 in
1946 3588 2165 3645 Psalmo

601 3681 865 3751 scriptum
926 3687 1010 3734 est
1054 3696 1069 3733 :
1125 3676 1313 3731 Nonne
1359 3675 1499 3731 Deus
1560 3679 1793 3749 requirat
1849 3681 1993 3736 ista?
2047 3679 2168 3750 Ipse

600 3775 740 3828 enim
772 3773 915 3827 novit
946 3771 1254 3825 abscondita
1302 3771 1476 3825 cordis
1500 3770 1567 3840 ",
1598 3780 1649 3825 et
1696 3773 2036 3841 cogitationes
2088 3783 2169 3827 ta-

601 3864 735 3920 lium
770 3864 1060 3929 hominum,
1095 3864 1341 3934 quoniam
1375 3880 1523 3918 vanae
1566 3873 1688 3917 sunt
1720 3863 1787 3921 “.
1824 3863 1972 3918 Vana
1996 3877 2170 3919 autem

605 3960 766 4014 locuti
803 3970 927 4013 sunt
970 3959 1322 4029 unusquisque
1363 3958 1432 4010 ad
1479 3959 1779 4028 proximum
1819 3975 1993 4021 suum,
2029 3958 2172 4013 labia

605 4053 791 4107 dolosa
833 4052 883 4105 in
917 4051 1091 4118 corde,
1119 4060 1165 4104 et
1190 4049 1344 4103 corde
1381 4048 1544 4103 locuti
1579 4061 1699 4104 sunt
1729 4053 1892 4106 mala.
1924 4052 2026 4109 Sed
2059 4056 2174 4109 dis-

606 4144 787 4215 perdet
819 4143 1072 4196 Dominus
1118 4142 1361 4195 universa
1402 4140 1545 4195 labia
1587 4142 1804 4208 dolosa,
1850 4155 1898 4198 et
1938 4146 2176 4215 linguam

608 4233 1127 4306 magniloquamﬂui
1151 4234 1587 4288 dixeruntlabia
1609 4245 1788 4288 nostra
1811 4254 1842 4289 a
1860 4238 2005 4292 nobis
2024 4248 2176 4301 sunt;

609 4329 723 4398 quis
755 4336 928 4380 noster
953 4325 1209 4379 Dominus
1251 4335 1326 4379 est
1374 4326 1463 4379 ‘3?
1492 4324 1628 4380 Nam
1663 4327 1709 4382 si
1744 4328 1856 4383 haec
1883 4329 1938 4382 in
1972 4346 2180 4385 memo-

611 4422 694 4477 ria
728 4422 1051 4486 retinerent,
1102 4420 1325 4475 minime
1367 4420 1432 4474 ad
1486 4428 1689 4474 tantam
1732 4421 2046 4490 prosilirent
2078 4424 2181 4478 ini-

613 4517 898 4586 quitatem.
940 4516 1060 4569 Non
1096 4515 1241 4570 enim
1286 4513 1551 4583 probabili
1582 4521 1636 4567 et
1668 4523 1887 4583 paterna
1932 4516 2181 4572 doctrina

615 4609 719 4663 hoc
746 4607 951 4662 faciunt
977 4608 1043 4672 ",
1086 4607 1178 4662 sed
1207 4614 1265 4660 ut
1291 4621 1444 4661 suam
1475 4615 1762 4661 exerceant
1789 4606 1840 4660 in
1872 4623 2058 4663 servos
2086 4607 2180 4663 Dei

614 4699 929 4754 vindictam.
970 4698 1241 4767 Scriptum
1287 4713 1521 4769 namque
1550 4709 1632 4752 est
1666 4717 1680 4753 :
1727 4696 1820 4751 Via
1856 4698 2008 4752 stulti
2040 4710 2182 4753 recta

616 4790 672 4846 in
697 4790 861 4845 oculis
894 4790 1028 4860 ejus.
1062 4789 1159 4845 Et:
1194 4788 1329 4845 Sunt
1370 4791 1501 4857 uiae,
1547 4807 1664 4861 qua:
1706 4792 1947 4845 videntur
1986 4793 2183 4846 homini

608 4882 801 4954 justte,
839 4882 1123 4935 novissima
1171 4889 1345 4935 autem
1387 4896 1567 4935 earum
1616 4882 1881 4936 deducunt
1930 4883 2000 4936 ad
2042 4899 2185 4937 mor—

619 5079 724 5126 est.
826 5072 871 5103 ³⁸
928 5069 1057 5123 Adr.
1110 5068 1235 5124 coll.
1285 5068 1380 5131 15,
1419 5084 1483 5122 ex
1534 5067 1684 5136 'l‘rip.
1750 5084 1857 5134 vu,
1915 5085 1964 5123 c.
2012 5067 2099 5123 I2.

622 5141 668 5172 ⁸ο
704 5139 887 5194 Matth.
913 5155 976 5204 v,
1005 5139 1087 5194 10.

622 5210 669 5244 ⁵⁸
695 5209 897 5265 Psalm.
929 5225 1083 5273 xcm,
1112 5209 1198 5262 II.
1272 5210 1317 5240 ⁵³
1350 5207 1547 5263 Psa‘lm.
1578 5222 1640 5275 ll,
1667 5208 1721 5275 '5,
1757 5210 1811 5270 tt,
1841 5208 1894 5262 5.

684 4998 729 5031 ³⁸
756 5001 816 5054 In
834 4997 1219 5073 decr._lvonis,
1253 4997 1301 5073 1.Δ
1319 5013 1392 5073 ιν.
1467 4997 1511 5029 ³⁸
1534 4995 1898 5073 Ειιιηίοοιυῐιι
1922 4997 2111 5073 utique
2151 4999 2482 5073 ethcclesia:
2510 5011 2936 5073 persecutorum.

2156 535 2201 591 Α
2233 537 2334 581 tem
2360 525 2425 581 ⁸⁷.
2470 523 2581 580 Nos
2607 539 2751 578 enim
2781 539 2873 595 qui
2902 522 3019 577 haec
3043 520 3299 592 patimur,
3330 516 3535 589 judicio
3562 515 3652 571 Dei
3680 515 3798 570 haec

2228 630 2507 672 reservare
2534 615 2816 679 debemus,
2846 614 2939 684 qui
2967 613 3151 667 reddet
3179 610 3471 678 unicuique
3494 607 3799 664 secundum

2228 724 2393 780 opera
2421 708 2539 778 ejus
2566 706 2631 761 ⁷⁵⁸.
2679 706 2785 772 Qui
2823 706 2985 760 etiam
3030 720 3125 774 per
3157 702 3436 757 ministros
3478 714 3609 755 suos
3654 700 3803 753 into-

2230 801 2371 864 nuit,
2398 800 2622 854 dicens:
2659 796 2795 851 Mihi
2827 797 3057 851 vindicta
3077 837 3093 860 ,
3125 810 3216 866 ego
3264 792 3547 846 retribuam
3590 791 3656 844 ".
3688 789 3804 844 Vos

2231 893 2376 946 enim
2410 892 2463 946 in
2492 899 2633 946 recta
2662 889 2806 953 tide,
2857 897 2911 944 ct
2962 902 3124 958 opere
3149 926 3164 949 ,
3220 900 3286 941 ac
3333 885 3474 939 bona
3525 882 3806 937 voluntate

2233 984 2536 1039 succurrite
2563 982 2828 1046 vicissim,
2865 996 2965 1035 nec
2993 979 3192 1049 aliquis
3219 994 3248 1033 a
3280 978 3661 1048 supplemento
3687 973 3807 1028 fra-

2236 1076 2334 1131 tris
2364 1074 2652 1130 subtrahat
2683 1089 2929 1139 manum,
2972 1072 3227 1142 quoniam
3259 1072 3315 1124 in
3349 1071 3467 1134 hoc,
3501 1070 3577 1123 ait
3616 1067 3806 1121 Domi-

2237 1183 2360 1233 nus,
2381 1175 2690 1236 cognoscent
2716 1181 2890 1219 omnes
2924 1165 3047 1233 quia
3077 1165 3177 1216 mei
3190 1164 3316 1216 estis
3346 1160 3616 1231 discipuli,
3650 1160 3696 1213 si
3720 1159 3809 1211 die

2236 1259 2509 1314 lectionem
2538 1258 2825 1312 habueritis
2857 1258 3145 1311 adinvicem
3169 1256 3234 1308 ⁵ο.
3284 1252 3439 1308 Unde
3483 1263 3538 1308 et
3569 1253 3684 1323 ipse
3711 1266 3811 1321 per

2237 1350 2559 1422 Prophetam
2589 1351 2849 1420 loquitur,
2898 1350 3118 1404 dicens:
3168 1347 3301 1401 Ecce
3342 1362 3498 1417 quam
3541 1344 3731 1399 bonum
3759 1352 3811 1397 et

2238 1460 2395 1514 quam
2414 1443 2735 1513 jucundum,
2768 1441 3008 1494 habitare
3048 1441 3238 1519 fgatres
3267 1440 3321 1493 in
3351 1453 3512 1491 unum
3539 1437 3606 1489 δι.
3638 1434 3812 1505 Spiri—

2241 1535 2331 1590 tali
2356 1536 2477 1590 dico
2508 1534 2815 1589 habitacqu
2844 1542 2896 1588 et
2926 1532 3219 1588 concordia
3244 1533 3311 1595 δ’,
3339 1546 3461 1600 quae
3490 1529 3544 1582 in
3569 1526 3678 1582 Deo
3703 1534 3810 1589 est,

2241 1636 2296 1681 et
2330 1628 2537 1682 unitate
2574 1627 2720 1692 tidei,
2764 1627 2925 1696 hujus
2965 1624 3299 1679 delectabilis
3335 1625 3632 1677 secundum
3666 1619 3779 1673 veri

2248 1727 2411 1772 tatem
2444 1718 2757 1784 habitaculi,
2789 1734 2908 1787 qua:
2937 1718 3185 1772 videlicet
3217 1717 3271 1769 in
3304 1715 3483 1769 Aaron
3514 1713 3683 1783 magis
3710 1712 3777 1767 de

2249 1811 2558 1876 corabatur,
2589 1819 2752 1879 atque
2781 1809 3155 1865 sacerdotibus
3182 1809 3230 1840 ⁸³
3262 1806 3609 1862 induentibus
3642 1804 3816 1873 digni-

2178 1886 2217 1940 Β
2248 1911 2407 1957 tatem
2432 1943 2447 1969 ,
2490 1903 2632 1958 sicut
2668 1911 3000 1974 unguentum
3035 1916 3198 1971 super
3235 1910 3416 1970 caput,
3456 1898 3811 1970 principalem

2246 1994 2572 2048 intellectum
2605 1995 2837 2065 irrigans
2857 2034 2871 2058 ,
2923 2005 2977 2048 et
3017 2008 3191 2062 usque
3221 1992 3285 2047 ad
3313 1996 3484 2063 ipsam
3511 2000 3815 2045 extremam

2246 2086 2528 2141 scientiam
2556 2087 2850 2141 deducens.
2897 2085 2954 2139 In
2984 2086 3087 2139 hoc
3124 2086 3268 2140 enim
3309 2083 3612 2138 habitacqu
3648 2085 3815 2136 bene-

2246 2178 2537 2232 dictionem
2584 2188 2639 2233 et
2686 2189 2943 2233 aeternam
3002 2180 3166 2231 vitam
3216 2177 3467 2246 promisit
3525 2174 3812 2230 Dominus.

2248 2267 2424 2337 Hujus
2484 2270 2649 2337 igitur
2714 2269 3045 2339 propheticae
3104 2268 3508 2322 vaticinationis
3560 2266 3813 2320 meritum

2248 2359 2652 2428 ampl‘ectentes,
2672 2368 2995 2429 praesentem
3028 2359 3322 2413 fraternam
3356 2358 3617 2429 syllabam
3648 2369 3817 2424 expo-

2250 2452 2482 2519 suimus,
2517 2462 2700 2507 nostra
2732 2464 2951 2522 propter
2974 2452 3290 2507 charitatem
3325 2452 3548 2505 minime
3577 2465 3819 2519 quaeren-

2251 2551 2353 2609 tes,
2387 2552 2480 2598 aut
2506 2544 2811 2614 quaesituri.
2855 2543 2969 2599 Non
3001 2545 3144 2598 enim
3173 2544 3578 2598 detrahentibus
3614 2542 3817 2595 bonum

2251 2646 2337 2695 est
2364 2636 2678 2699 detrahere,
2707 2644 2801 2690 aut
2829 2636 2952 2706 palo
2984 2634 3316 2707 (secundum
3357 2635 3631 2703 vulgarem
3664 2630 3820 2686 fabu-

2256 2734 2363 2787 lam
2390 2730 2407 2801 )
2432 2739 2688 2785 excutere
2714 2728 2920 2798 palum.
2959 2728 3140 2785 Absit!
3176 2725 3292 2781 Non
3324 2736 3451 2782 sunt
3476 2730 3577 2782 ista
3611 2734 3817 2780 nostra.

2262 2825 2391 2881 Hazc
2421 2823 2563 2877 enim
2596 2831 2804 2877 avertat
2819 2821 3100 2877 Divinitas.
3131 2819 3285 2874 Justo
3309 2820 3512 2889 judicio
3543 2818 3635 2874 Dei
3666 2819 3825 2872 datur

2257 2917 2580 2987 plerumque
2626 2913 3006 2983 peccatoribus
3035 2919 3275 2982 potestas
3307 2910 3393 2977 “,
3448 2927 3555 2981 qua
3606 2919 3827 2965 sanctos

2259 3009 2432 3079 ipsius
2484 3014 2916 3077 persequantur,
2969 3014 3029 3059 ut
3066 3004 3157 3074 qui
3199 3003 3404 3074 Spiritu
3434 3001 3529 3057 Dei
3568 3002 3829 3072 juvantur

2260 3109 2315 3156 et
2350 3107 2605 3170 aguntur.
2654 3098 2785 3153 ﬁant
2831 3112 2929 3169 per
2958 3098 3206 3152 laborum
3249 3096 3505 3151 exercitia
3546 3094 3827 3149 clariores.

2184 3228 2225 3284 ϐ
2262 3189 2397 3261 Ipsis
2429 3198 2633 3253 tamen,
2676 3189 2768 3259 qui
2796 3203 2892 3243 eos
2926 3196 3345 3259 persequuntur,
3389 3196 3443 3240 et
3477 3184 3831 3254 exprobrant,

2264 3292 2425 3352 atque
2453 3282 2764 3348 detrahunt,
2800 3282 2903 3336 erit
2929 3280 3307 3351 proculdubio
3334 3294 3434 3335 vae.
3470 3278 3580 3345 VEB,
3608 3292 3687 3332 vae
3727 3278 3835 3332 illis

2263 3374 2357 3445 qui
2383 3374 2675 3430 detrahunt
2702 3374 2874 3444 servis
2908 3372 3038 3439 Dei,
3078 3371 3206 3441 quia
3249 3371 3513 3426 detractio
3545 3385 3735 3426 eorum
3769 3369 3838 3423 ad

2206 3480 2225 3495 λ
2264 3481 2388 3521 eum
2425 3465 2657 3536 pertinet
2696 3467 2776 3537 ⁵⁵,
2828 3465 2985 3535 cujus
3024 3464 3386 3518 ministerium
3424 3472 3591 3533 agunt
3626 3469 3681 3516 et
3717 3462 3841 3515 vice

2266 3557 2584 3630 funguntur.
2633 3560 2863 3613 Oramus
2906 3565 3110 3622 autem,
3144 3556 3343 3610 ostium
3390 3553 3836 3617 circumstantiae,

2268 3650 2361 3719 qui
2387 3651 2657 3704 neminem
2690 3651 2864 3719 perire
2891 3657 2985 3702 aut
3013 3647 3171 3703 labiis
3200 3646 3315 3703 suis
3352 3646 3519 3717 pollui
3559 3646 3840 3711 volumus,

2269 3757 2458 3796 eorum
2489 3742 2677 3796 oribus
2722 3740 2948 3810 imponi,
2982 3749 3036 3795 et
3065 3739 3287 3794 verbum
3332 3738 3555 3791 minime
3586 3737 3842 3791 nocivum

2271 3834 2578 3903 concipere,
2638 3838 2733 3884 aut
2796 3846 2889 3887 ore
2950 3828 3211 3902 proferre.
3278 3824 3429 3882 Unde
3475 3838 3527 3883 et
3574 3827 3843 3882 Dominus

2273 3938 2369 3993 per
2408 3922 2729 3992 Prophetam
2768 3921 3042 3990 loquitur,
3082 3919 3298 3974 dicens:
3344 3918 3503 3983 Dixi,
3546 3918 3846 3971 custodiam

2273 4016 2384 4067 vias
2432 4028 2612 4079 meas,
2663 4020 2722 4064 ut
2766 4026 2868 4064 non
2923 4009 3226 4079 delinquant
3271 4008 3325 4061 in
3373 4007 3557 4077 lingua
3608 4023 3723 4060 mea
3777 4008 3844 4059 ⁸⁸.

2276 4104 2538 4159 Dominus
2567 4103 2931 4173 omnipotens,
2968 4111 3021 4156 et
3067 4101 3188 4170 ejus
3222 4099 3536 4170 unigenitus
3570 4098 3769 4165 Filius,
3796 4107 3848 4152 et

2278 4196 2523 4251 Salvator
2556 4206 2743 4251 noster
2783 4192 2945 4249 Jesus
2973 4193 3265 4257 Christus,
3293 4193 3396 4247 hoc
3442 4192 3596 4246 vobis
3642 4190 3848 4244 tribuat

2280 4288 2709 4353 incitamentum,
2746 4296 2807 4342 ut
2834 4287 3089 4341 omnibus
3115 4285 3399 4352 fratribus,
3429 4284 3848 4355 quibuscunquc

2281 4383 2688 4437 tribulationum
2714 4380 2973 4435 molestiis
2994 4378 3388 4442 laborantibus,
3415 4379 3619 4432 viribus
3645 4378 3850 4447 quibus

2280 4476 2509 4545 potestis
2557 4474 2915 4537 succurratis,
2974 4480 3028 4525 et
3095 4485 3285 4524 eorum
3332 4470 3428 4537 (ut
3472 4470 3693 4539 dignum
3727 4469 3851 4532 est)

2209 4584 2257 4643 ι)
2284 4568 2515 4637 injurias
2544 4576 2755 4621 vestras
2781 4564 3093 4629 aistimetis;
3129 4564 3426 4617 maximum
3456 4560 3852 4618 adminiculum

2285 4661 2365 4715 eis
2396 4659 2575 4714 verbis
2604 4666 2657 4714 et
2688 4657 2844 4712 factis
2876 4656 3180 4726 prtebeatis,
3228 4664 3289 4710 ut
3321 4656 3441 4726 ejus
3476 4653 3725 4724 discipuli
3773 4654 3856 4707 in-

2287 4751 2579 4806 veniamini
2606 4751 2740 4819 veri,
2767 4751 2859 4821 qui
2893 4749 3109 4816 fratres,
3140 4758 3197 4804 ut
3232 4764 3311 4816 se,
3343 4749 3597 4803 omnibus
3628 4747 3859 4817 diligere

2289 4847 2564 4910 praecepit.

3025 5001 3068 5033 ³⁷
3100 5001 3155 5064 2,
3183 5008 3371 5070 qua-st.
3412 4999 3445 5051 2
3472 5017 3484 5051 :
3519 4998 3860 5070 Prteceptum

1409 5084 1483 5148 ex
1534 5068 1684 5136 'l‘rip.
1749 5084 1964 5148 _vu,_c.
2012 5068 2099 5123 I2.
2170 5070 2256 5148 "’
2314 5075 2443 5128 Adr.
2483 5068 2607 5148 ob".
2649 5075 2836 5148 5,_ex_
2858 5088 2976 5148 syn.
3001 5086 3082 5136 ιιι,
3126 5068 3859 5148 I}oin.,_s_ttbSymmacho.

1194 5139 1237 5170 ιι
1267 5136 1532 5191 Martinus
1575 5138 1809 5193 consult.
1869 5138 1936 5203 3,
1968 5155 2123 5194 conc.
2170 5138 2573 5199 Lateranensis.

1993 5210 2039 5241 "
2078 5210 2224 5264 Idem
2252 5211 2536 5269 Martinus.

624 5280 671 5313 δ’
704 5279 860 5335 Rom.
888 5295 987 5342 xu,
1019 5279 1103 5332 I9.
1179 5279 1224 5310 ⁸ο
1248 5277 1405 5334 .loan.
1440 5294 1539 5332 xm
1572 5319 1585 5341 ,
1624 5278 1713 5333 35.
1789 5280 1833 5310 “
1863 5278 2063 5334 Psalm.
2109 5296 2159 5334 ω

2258 5299 2334 5346 ιι,
2388 5288 2439 5341 1.

2725 5144 2769 5175 ⁴²
2819 5138 2944 5197 Isai.
2991 5157 3076 5205 LI,
3134 5140 3185 5195 7.
3294 5140 3338 5171 ⁸³
3370 5139 3511 5192 Psal.
3549 5153 3717 5197 xuu,
3767 5138 3862 5193 2‘2.

2623 5214 2666 5244 ⁸⁷
2699 5213 2854 5267 Prov.
2901 5228 2997 5274 xu,
3027 5212 3112 5278 15,
3147 5210 3237 5264 28.
3313 5209 3357 5242 ’⁵⁸
3383 5208 3572 5262 Matth.
3603 5223 3711 5278 xw,
3768 5209 3864 5262 27.

2548 5285 2593 5316 ⁸²
2640 5284 2791 5339 Pauli
2833 5297 2920 5352 ep.
2973 5277 3103 5336 ΟΡ.
3132 5280 3298 5352 epist.
3349 5278 3581 5352 consul}.
3609 5277 3671 5350 4,
3698 5294 3866 5335 conc.

627 5349 805 5426 ἔθεεν.
841 5351 943 5406 sub
973 5348 1203 5426 Mat-tino
1228 5346 1269 5402 I.
1342 5347 1802 5426 “sacerdotalem
1830 5366 1845 5415 ;
1872 5350 1945 5403 ita
1971 5362 2026 5426 et
2055 5366 2160 5406 ms.
2235 5352 2281 5383 "‘
2315 5354 2639 5426 S.Prosperi
2687 5362 2825 5409 sent.
2860 5346 2931 5407 25
2955 5393 2970 5419 ,
3025 5367 3093 5406 ex
3125 5346 3187 5406 SI
3220 5351 3359 5414 Ana.
3420 5350 3475 5404 in
3524 5347 3613 5405 Ps.
3658 5346 3867 5406 'cxvut.

624 5421 672 5455 ³⁸
696 5420 854 5492 Greg.
883 5437 969 5491 ep.
1014 5420 1104 5486 52,
1134 5419 1228 5475 lib.
1262 5433 1359 5474 xu.
1431 5419 1478 5451 ⁵⁸
1511 5418 1710 5475 Psalm.
1746 5436 1974 5487 xxxvm,
2001 5423 2052 5475 1.

699 5602 776 5673 (7)
810 5603 1179 5672 Apocrisarios
1213 5611 1428 5658 uestros.
1469 5602 1797 5672 Apocrisarii
1827 5603 2081 5658 dicuntur
2110 5604 2187 5660 Ie-

636 5675 734 5745 gati
764 5675 1163 5745 episcoporum,
1203 5683 1257 5745 et
1294 5674 1440 5728 velut
1476 5688 1662 5745 eorum
1706 5673 1884 5745 locum
1930 5683 2193 5741 tenentes,

628 5743 721 5825 qui
757 5758 840 5825 res
854 5743 1109 5825 Ecclesiae
1136 5744 1458 5825 gubernant,
1475 5744 1700 5825 “negotia
1724 5744 2068 5825 singulorum
2095 5760 2199 5825 _au-

630 5814 827 5892 diunt,
880 5820 945 5893 et.
977 5813 1364 5893 adepiscopos
1410 5814 1672 5893 referunt.
1724 5813 2001 5893 Dicuntur
2038 5815 2201 5886 igitur

631 5882 947 5952 apocrisarii
970 5924 984 5951 ,
1033 5881 1086 5938 id
1115 5881 1200 5941 est
1222 5923 1237 5950 ,
1270 5881 1624 5956 'responsales
1648 5924 1664 5953 ,
1704 5884 1773 5942 ab
1801 5881 2163 5957 ἀποκρίνομαι
2186 5925 2202 5954 ,

2293 5604 2347 5660 id
2385 5613 2499 5669 est,
2547 5600 2864 5671 respondeo.
2911 5597 3112 5653 Horum
3159 5598 3217 5671 fit
3250 5597 3450 5671 mentio
3479 5595 3531 5649 in
3561 5593 3737 5671 capite
3781 5594 3875 5671 S_i_—

2298 5662 2562 5746 gnifica'sti
2592 5713 2606 5737 ,
2637 5662 2718 5726 Ide
2760 5671 3024 5746 clect.,_et
3069 5668 3210 5739 apud
3244 5662 3637 5746 ,Ιιιειξίιιὶιιιιιιιιι⁷
3658 5662 3873 5746 Novell.

2300 5736 3178 5812 Quomodo'oportcatkepiscopos,
3208 5736 3442 5812 cap_._12,
3476 5745 3529 5790 et
3555 5736 3621 5790 de
3642 5740 3881 5791 sanctis-

2305 5808 2460 5871 simis
2486 5808 2756 5883 episcopis
2791 5810 2818 5883 §
2851 5808 3543 5883 Bev'erendiss._AIberlcu_s
3588 5820 3685 5873 per
3734 5821 3875 5875 apo—

2307 5875 2565 5942 crisarids
2596 5875 2817 5939 nuntios
2844 5896 2993 5952 papa).
3024 5878 3290 5950 intelligit.
3337 5875 3462 5932 Sev.
3504 5875 3622 5931 Bm.
