3966 6512
146 386 207 442 n
1120 391 1323 451 CAIUS
1351 392 1765 452 PRESBYTER
1798 396 2150 456 nonanus.
2179 429 2249 440 —
2274 386 2573 455 NOTITIA.
3314 405 3380 458 ts

891 500 960 556 ll.

191 611 263 665 De
289 610 637 668 ordinatione
661 611 1080 685 presbyterorum
1109 625 1264 686 atque
1299 615 1664 672 diaconorum.

211 724 598 783 Ordinationes
626 744 752 784 vero
774 730 1215 801 presbyterorum
1238 731 1282 763 ⁸⁷
1305 739 1359 785 et
1384 730 1715 797 Levitarum,

151 827 382 889 umpore
424 834 672 890 congruo
721 831 773 876 et
819 823 1007 877 multis
1038 838 1221 877 coram
1266 824 1592 889 astantibus,
1624 841 1717 880 so-

150 910 390 966 lemniter
423 911 592 980 agite,
618 922 673 967 et
705 913 1014 983 probabiles
1045 924 1098 969 et
1124 916 1312 970 doctos
1341 916 1490 971 viros
1518 918 1584 972 ad
1614 917 1719 972 hoc

151 1016 278 1070 opus
307 1002 596 1071 provehite
625 1004 701 1070 ⁸⁸,
750 1013 810 1058 ut
846 1004 913 1059 de
952 1020 1141 1059 eorum
1176 1007 1434 1063 societate
1469 1015 1523 1061 et
1564 1008 1719 1077 adju-

215 1140 261 1217 ’ζ
288 1138 542 1217 Distinet.
576 1142 666 1199 75.
692 1140 1073 1200 Ordinationes
1101 1146 1560 1217 presbyterorum.
1616 1147 1661 1179 ⁸⁸
1688 1144 2033 1203 Constituite.

154 1208 195 1243 ⁴ί
223 1208 403 1265 Gallo.

1746 518 2007 609 Amento
2058 510 2354 597 plurimum
2412 511 2708 583 gaudeatis.
2770 511 2957 568 Ponite
3016 512 3381 570 indesinenter

1823 599 1989 655 corda
2018 611 2196 655 vestra
2228 602 2280 655 in
2316 602 2516 659 virtute
2563 602 2655 659 Dei
2688 605 2754 670 ‘9,
2806 615 2861 660 et
2906 616 3156 661 enarrate
3189 606 3302 661 haec
3330 615 3384 661 et

1823 699 2015 746 caetera
2052 693 2234 748 divina
2268 696 2429 749 verba
2472 695 2526 749 in
2566 697 2849 768 progenies
2877 698 3095 764 alteras,
3136 700 3383 769 quoniam

1822 783 1905 836 hic
1933 793 2011 837 est
2052 783 2193 838 Deus
2256 797 2429 839 noster
2457 788 2510 840 in
2545 800 2798 843 aeternum
2823 831 2838 856 ,
2870 800 2920 844 et
2961 791 3070 859 ipse
3115 800 3252 861 reget
3276 808 3381 861 _nos

1826 875 1878 928 in
1906 875 2103 930 saecula
2134 876 2201 931 ⁸ο.
2235 875 2369 932 Data
2403 878 2433 930 7
2465 878 2588 934 ldus
2608 878 2947 947 Novembris,
2989 881 3283 938 Saturnino
3330 892 3385 938 et

1823 962 2100 1020 Gallicano
2135 967 2176 1004 ⁶¹
2210 968 2343 1023 viris
2372 969 2689 1026 clarissimis
2715 974 3047 1030 consulibus.

2135 1150 2179 1182 ⁸³
2211 1149 2482 1217 Gelasius,
2522 1166 2609 1223 ep.
2641 1152 2696 1207 9.
2794 1153 2836 1184 ‘°
2864 1152 3062 1209 Psalm.
3098 1169 3262 1219 uvn,
3293 1153 3381 1209 15.

175 1358 3377 1400 W

1422 1540 1497 1581 ΔΝ
1509 1539 1590 1583 N0
1638 1539 1768 1581 DOM
1778 1537 1868 1581 1N1
1910 1538 2117 1581 CCXIV.

1359 1718 2215 1939 CAIUS

690 2080 1822 2240 PRESBYTER
1907 2078 2572 2240 ROMAN
2580 2084 2812 2244 US

1439 2521 2088 2638 NOTITIA.

1007 2742 1277 2807 (6mm,
1312 2741 1542 2798 Biblioth.
1566 2745 1790 2807 Patrum,
1812 2750 1932 2797 tom.
1960 2745 2023 2809 II,
2050 2744 2271 2810 Proleg.,
2296 2759 2347 2810 p.
2372 2745 2566 2809 una.)

219 3036 258 3095 Ι.
285 3038 488 3126 Caius;
508 3041 680 3124 sancti
711 3038 905 3126 {resimi
938 3044 1348 3126 contubernalis,
1380 3063 1464 3126 ait
1477 3046 1633 3126 domo
1644 3044 1972 3126 _Corint£ius
1994 3046 2018 3126 ξ
2043 3043 2292 3126 Ecclesiae
2316 3043 2569 3126 Romana:
2604 3042 2875 3126 presbyter
2901 3051 2952 3125 et
2966 3044 3243 3126 episcopus
3267 3059 3393 3126 gen-

160 3110 309 3187 tium.
331 3111 419 3187 ‘De
445 3111 570 3167 Caii
603 3112 965 3182 presbyteratu
994 3121 1045 3168 et
1071 3110 1374 3187 episcopatu
1422 3116 1718 3172 Dodwcllus
1753 3126 1804 3172 et
1846 3116 2129 3171 Fabricius
2168 3116 2345 3170 minus
2379 3114 2508 3169 belle
2534 3110 2732 3185 opinati
2756 3110 2867 3168 esse
2891 3110 3155 3170 uidentur.
3184 3110 3393 3167 Rectius

158 3180 494 3237 Bacchinius.

220 3251 278 3306 ll.
325 3252 447 3318 Quo
485 3264 714 3323 tempore
740 3253 936 3332 claruit
970 3264 1186 3322 auctor,
1220 3256 1301 3310 vir
1340 3256 1746 3332 disertissimus.
1784 3255 2449 3332 Disputationem_scripsit
2478 3253 2726 3332 aduersus
2760 3252 3051 3332 froculunt
3086 3250 3390 3332 Catapltry-

155 3338 331 3397 garum
381 3321 717 3380 sectatorem.
780 3324 866 3380 Ea:
907 3336 1137 3380 veterum
1174 3321 1239 3381 et
1296 3330 1644 3383 recentiorum
1694 3321 1952 3384 sententia
2008 3342 2136 3397 opus
2187 3321 2356 3379 eidem
2412 3325 2668 3378 asseritur
2697 3364 2711 3391 ,
2760 3321 2969 3379 Parvus
3026 3321 3394 3394 Labyrinthus

155 3392 485 3464 inscriptum.

217 3461 314 3520 lll.‘
333 3464 638 3544 _Sc.ripsiss-e
652 3481 872 3544 quoque
887 3466 1047 3544 Caius
1083 3468 1155 3522 De
1172 3467 1410 3544 _Canone_
1438 3483 1718 3544 sacrarum
1756 3465 2163 3544 Scripturarum
2188 3464 2527 3544 existimatur
2553 3478 2572 3517 :
2598 3464 2653 3517 in
2680 3482 2743 3544 ea
2765 3464 3004 3544 fortasse
3039 3461 3397 3544 disputatione

157 3549 299 3608 quam
324 3531 533 3589 habu’it'
546 3531 798 3608 adversus
829 3536 1119 3591 Proculum
1162 3538 1565 3592 Montanistam.
1595 3537 1828 3607 Hujusce
1860 3531 2157 3608 argumenti
2182 3534 2532 3608 fragmentum
2559 3531 2888 3608 acepltalum,
2924 3533 3064 3608 haud
3090 3534 3166 3586 ita
3193 3531 3394 3608 pridem

159 3606 447 3679 inligatum,
496 3606 818 3672 adducitur;
863 3609 1063 3679 ipsique
1113 3610 1276 3663 uariis
1333 3609 1647 3679 conjecturis
1679 3604 1950 3662 tribuitur
1998 3610 2060 3662 ab
2107 3604 2307 3661 editore
2352 3604 2655 3660 Muratorio
2706 3604 2766 3662 V.
2823 3606 2909 3670 (1.,

159 3676 447 3729 exhibetur.

2959 3603 3108 3673 cujus
3141 3603 3397 3657 monitum

222 3744 305 3799 IV.
347 3745 759 3801 Observationes
791 3748 1059 3803 nonnullae
1084 3757 1193 3803 tum
1231 3751 1286 3803 in
1313 3748 1539 3803 allatum
1570 3749 1943 3819 fragmentum,
1971 3756 2080 3801 tum
2111 3750 2165 3800 in
2201 3748 2458 3801 monitum
2491 3745 2920 3799 Muratorianum
2948 3744 3324 3815 subjiciuntur.

218 3858 256 3916 l.
288 3862 485 3926 Caius,
552 3863 640 3917 vel
694 3862 882 3932 Gaius,
934 3881 1042 3920 una
1097 3881 1221 3921 cum
1286 3876 1475 3922 sancto
1523 3870 1727 3921 [remeo

157 3963 504 4008 conversatus
548 3954 753 4020 fuisse,
796 3955 854 4019 ὃς
899 3955 994 4009 καὶ
1025 3956 1505 4011 συνεπολιτεύσατο
1533 3956 1611 4027 τῷ
1637 3958 1728 4010 El-

162 4045 374 4115 ρηναίῳ,
415 4061 485 4100 ex
519 4046 925 4115 subscriptione
954 4047 1211 4103 Actorum
1237 4049 1484 4120 martyrii
1530 4048 1587 4103 S.
1619 4048 1725 4102 Po-

154 4129 344 4207 hcarpi
374 4138 729 4192 existimatur
753 4138 817 4193 θ’.
848 4138 929 4193 Ex
953 4156 1058 4210 qua
1085 4140 1303 4211 quidem
1330 4141 1731 4210 subscriptione

1832 3864 1938 3918 νῶν
1973 3883 1986 3918 :
2018 3864 2153 3919 adeo
2178 3874 2255 3931 ut,
2285 3864 2387 3919 hac
2421 3864 2648 3918 lectione
2680 3862 2909 3918 ﬁdenter
2938 3862 3195 3928 admissa,
3229 3859 3398 3915 fuisse

1830 3956 2022 4012 Caium
2077 3956 2460 4011 Atheniensem
2511 3955 2826 4026 episc0pum
2877 3969 3103 4011 securus
3149 3969 3397 4024 pronun-

1833 4049 1949 4104 tiet.
1981 4047 2116 4115 Quis
2160 4063 2325 4118 porro
2370 4046 2578 4101 nesciat
2623 4046 2692 4103 ab
2748 4046 2903 4101 initio
2944 4047 3024 4102 rei
3076 4045 3401 4101 Christianae

1836 4140 1892 4194 in
1924 4154 2073 4195 more
2105 4140 2345 4210 positum
2388 4138 2746 4208 institutoque
2786 4138 3055 4208 malorum
3100 4136 3302 4203 fuisse,
3338 4145 3399 4191 ut

157 4223 312 4281 fuisse
355 4228 545 4297 ipsum
598 4228 761 4284 domo
798 4228 1140 4286 Corinthium
1167 4272 1183 4299 ,
1233 4241 1288 4287 et
1344 4248 1468 4288 cum
1520 4231 1724 4288 Irenaeo
1754 4229 1797 4285 Β
1825 4232 2064 4302 episcopi
2094 4240 2409 4286 crearentur
2433 4230 2524 4299 qui
2558 4231 2692 4284 nulli
2722 4239 2883 4284 certa:
2916 4228 3176 4285 Ecclesia:
3206 4230 3398 4300 praesi-

155 4311 373 4371 Bomam
412 4317 722 4387 profectum
752 4320 974 4390 conjicit
1007 4320 1315 4392 Moynius"
1350 4340 1363 4378 :
1402 4322 1497 4377 sed
1535 4332 1730 4391 praeter

154 4421 279 4476 rem,
314 4420 379 4464 ut
418 4420 651 4466 censent
674 4413 870 4468 eruditi
910 4412 1168 4468 Historite
1201 4414 1477 4468 litterarite
1509 4414 1731 4470 Gallicae

156 4510 397 4556 auctores
420 4504 487 4557 “.
523 4502 663 4557 Illud
693 4505 898 4559 certius
919 4520 985 4559 ex
1013 4504 1212 4561 Photio
1237 4506 1305 4573 ⁸⁵,
1341 4506 1508 4565 fuisse
1537 4507 1730 4560 Gaium

157 4589 411 4649 Romanae
457 4594 719 4650 Ecclesia:
760 4595 1171 4667 presbyterum},
1214 4597 1632 4666 ordinatumque
1678 4607 1732 4651 et

152 4690 386 4753 gentium
430 4687 777 4757 episcopum.
824 4688 1024 4742 Τοῦτον
1065 4688 1154 4742 τὸν
1183 4690 1342 4744 Γάϊον
1365 4689 1733 4762 πρεσϐύτερόν

152 4794 275 4846 φασι
299 4778 636 4849 γεγενῆσθαι
660 4780 759 4850 τῆς
796 4779 941 4833 κατὰ
973 4779 1190 4867 Ῥώμην
1232 4782 1554 4854 Ἐκκλησίας
1577 4801 1591 4817 ο
1621 4801 1733 4855 χει-

148 4872 501 4941 μπῡνηϐἧναι
549 4871 606 4924 δὲ
644 4872 804 4925 αὑτὸν
835 4872 943 4926 τῶν
981 4869 1146 4927 ἐθνῶν
1178 4874 1491 4929 ἐπίσκοπον.
1535 4875 1730 4933 Mirum

146 4974 274 5014 sane
293 4959 639 5016 Dodwellum
672 4961 1012 5031 conjectasse
1035 4961 1102 5028 ⁸⁸,
1126 4961 1316 5020 Caium
1349 4962 1607 5020 Romana:
1632 4965 1733 5022 Ec-

149 5051 329 5106 clesia:
351 5054 739 5122 presbyterum,
784 5062 1005 5124 propter
1046 5054 1195 5125 ipsas
1242 5057 1553 5111 traditiones
1594 5074 1731 5127 quas

148 5145 514 5208 conservarit,
558 5145 890 5214 appellatum
923 5164 936 5200 :
973 5161 1097 5201 cum
1140 5157 1336 5218 praeter
1365 5146 1543 5203 Pbotii
1581 5150 1735 5204 testi--

150 5237 423 5299 monium,
472 5234 742 5293 Eusebius
785 5252 1003 5308 quoque
1068 5240 1239 5294 virum
1297 5239 1732 5310 ecclesiasticum,

146 5327 606 5399 ἐκκλησιαστικὸν
631 5328 822 5400 ἄνδρα,
856 5330 1008 5384 illum
1034 5330 1281 5385 nominet
1303 5331 1370 5385 ⁸⁷.
1414 5328 1600 5402 Neque
1631 5333 1735 5387 mi-

146 5434 248 5473 nus
288 5419 490 5475 mirari
536 5419 690 5474 subit
739 5421 919 5476 visum
969 5420 1143 5478 fuisse
1183 5422 1434 5479 Fabricio
1473 5425 1540 5491 6',
1589 5425 1732 5494 apud

144 5507 404 5566 Phatium
439 5527 544 5581 pro
571 5511 742 5565 ἐθνῶν
768 5512 1063 5568 ἐπίσκοπον
1093 5514 1377 5586 legendum
1413 5529 1533 5570 esse
1577 5516 1735 5588 Ἀθη-

214 5623 260 5653 ﬂ
295 5620 438 5677 Vide
469 5632 606 5678 tom.
634 5621 680 5676 ν
723 5634 897 5680 nostr.
953 5625 1209 5681 Biblioth.

142 5690 190 5767 ia
220 5691 457 5767 Eranee,
482 5702 635 5767 _t_om.
669 5694 710 5759 1,
748 5704 889 5764 part.
912 5712 951 5757 ι,
975 5698 1236 5767 pag.’556.

144 5831 424 5890 bierarcb.
480 5836 865 5908 origin.,part.
903 5854 943 5902 ι,
966 5831 1083 5909 cap.
1117 5831 1235 5912 3,'§
1268 5840 1355 5909 t9,
1384 5843 1648 5917 pag.266.

1361 5627 1721 5704 _‘_’MOYn._tt(_l
1762 5630 1889 5689 Var.
1942 5650 2085 5690 sacr.

1349 5700 1392 5732 “
1420 5700 1578 5757 Phot.
1601 5701 1763 5764 Bibl.,
1804 5705 1922 5760 cod.
1948 5706 2039 5761 48.

144 5760 428 5850 ἷζὲξειξξρο
482 5762 623 5847 "is;
671 5760 841 5850 ecél.._
873 5760 1075 5832 tibi"?
1105 5784 1230 5850 (gap2
1270 5769 1361 5850 ei”).
1439 5773 1483 5805 σε
1514 5773 1727 5850 Egone.
1744 5760 1879 5833 Bibl.
1896 5775 1988 5833 Gr.
2010 5760 2031 5847 ,ί
2049 5785 2181 5834 tom.
2216 5760 2461 5850 v,"‘p"ag.
2492 5760 2621 5836 scil

1831 4325 2044 4380 derent?
2078 4342 2097 4376 ι
2142 4323 2200 4378 ln
2235 4322 2495 4378 Ecclesiis
2526 4338 2591 4376 ex
2630 4322 2880 4392 gentibus
2917 4332 3127 4376 tantum
3164 4321 3395 4376 fundan-

1830 4416 1913 4472 dis
1936 4417 2121 4488 (verba
2153 4424 2281 4472 sunt
2308 4411 2665 4470 BacchiniiV.
2698 4413 2835 4484 (1.")
2874 4413 3093 4469 Petrum
3110 4429 3394 4469 successo-

1832 4524 2028 4579 resque
2064 4508 2349 4580 pontiﬁces
2375 4507 2608 4577 priores,
2663 4505 2715 4560 id
2765 4522 3013 4562 servasse
3036 4515 3394 4576 compertum,

1833 4609 1893 4654 ut
1922 4600 2163 4670 episcopi
2195 4607 2533 4665 crearentur,
2577 4606 2869 4669 antequam
2925 4598 3154 4669 gentiles
3202 4597 3400 4668 quibus

1831 4692 1913 4748 illi
1947 4706 2183 4763 przeesse
2216 4690 2505 4755 debebant,
2559 4700 3024 4746 converterentur.
3057 4691 3115 4745 Id
3149 4706 3215 4745 ex
3253 4700 3401 4744 vetc-

1832 4784 1982 4839 ribus
2012 4792 2067 4838 et
2106 4782 2500 4838 sincerioribus
2526 4780 2893 4837 Ecclesiarum
2924 4782 3294 4838 monumentis
3334 4780 3400 4833 li-

1832 4877 1999 4946 quido
2036 4883 2270 4930 constat.
2304 4873 2455 4929 Missi
2493 4882 2621 4929 sunt
2654 4875 2835 4945 plures
2875 4875 3171 4945 episcopali
3208 4875 3398 4927 chara-

1832 4975 1980 5022 ctere
2023 4966 2266 5037 insigniti
2304 4982 2335 5022 a
2375 4964 2537 5021 Petro
2577 4974 2635 5021 ct
2672 4967 3084 5022 successoribus
3122 4967 3174 5019 in
3209 4964 3376 5021 Italia

1832 5058 2264 5130 Hispaniarum,
2350 5059 2696 5126 Britanniae,
2779 5058 3018 5123 Africae,
3092 5057 3394 5112 Galliarum

1833 5150 2106 5219 regiones,
2139 5151 2232 5221 qui
2267 5149 2542 5205 Ecclesiis
2587 5149 2691 5205 sibi
2735 5148 3146 5216 constituerent,
3180 5147 3413 5228 gentili:

1834 5242 1936 5298 bus
1983 5242 2051 5297 ad
2082 5243 2329 5299 veritatis
2374 5243 2559 5297 lumen
2608 5240 2905 5297 conversis.
2944 5240 3020 5295 lta
3074 5241 3129 5294 in
3181 5237 3400 5293 Oriente

1833 5336 1927 5391 ubi
1969 5333 2138 5391 Judaai
2187 5335 2497 5406 frequentes
2545 5335 2832 5406 degebant,
2876 5334 3155 5390 conversis
3192 5348 3258 5387 ex
3294 5333 3402 5387 cir-

1834 5428 2170 5492 cumcisione
2212 5437 2266 5483 et
2302 5428 2567 5498 praeputio
2598 5429 2709 5484 dati
2742 5437 2869 5484 sunt
2892 5426 3133 5498 episcopi
3162 5444 3177 5481 :
3204 5426 3257 5479 in
3291 5424 3404 5481 Oc-

1835 5520 2070 5590 cidente,
2110 5521 2201 5577 ubi
2242 5520 2413 5577 Iudaei
2449 5522 2533 5577 vel
2575 5522 2686 5577 rari
2726 5523 2809 5578 vel
2841 5537 3026 5577 eorum
3055 5521 3259 5588 nullus,
3287 5522 3399 5590 epi-

2285 5675 2299 5691 .
2344 5636 2479 5702 957,
2526 5637 2651 5692 940.
2825 5637 2868 5668 δ”
2922 5634 3054 5692 Hist.
3107 5638 3270 5694 littér.
3336 5641 3404 5695 de

2143 5651 2678 5763 ιὲἓῆξςᾟξιαιῦξιιιυ.ι
2730 5707 2765 5761 ὅ
2794 5651 2868 5759 Ιυν
2922 5651 3400 5765 υιεῑόιιιιιενεῖδεὶθ

2143 5792 2181 5833 1.
2216 5722 2304 5836 V.o
2335 5724 2461 5836 3:2.
2683 5748 2697 5763 .
2731 5778 2776 5811 "
2804 5707 3223 5836 rigging-1.30%
3263 5749 3400 5836 eccl:

2882 5795 3086 5850 ccum.,
3136 5795 3212 5836 ue
3263 5795 3405 5837 ecct.
