3966 6520
559 397 623 452 13
1753 394 1957 449 CAIUS
1991 389 2390 445 PRESBYTER
2427 389 2779 448 ROMANUS.
3703 388 3775 445 ξι)

552 510 699 579 scopi
736 511 900 563 creati
929 511 1019 581 qui
1048 511 1273 581 gentiles
1312 520 1705 567 converterent.
1744 513 1822 566 ibi
1855 510 2109 566 Ecclesiae
2136 513 2180 565 Α
2210 512 2312 563 tari
2346 524 2454 563 non
2479 507 2657 563 debet.
2694 507 2951 574 Quamvis
2979 507 3123 562 enim
3155 505 3423 562 Eusebius
3445 522 3544 562 nec
3570 522 3771 562 nomen

552 601 839 670 episcopos
878 613 1199 672 receperunt
1238 624 1251 658 :
1288 604 1375 659 hic
1404 605 1665 674 episcopi,
1695 620 1831 674 quas
1862 613 2109 673 regerent

553 692 821 748 Ecclesias
866 694 1181 749 fundarunt.
1232 695 1523 752 Ordinatos
1574 706 1855 767 propterea
1915 695 2107 765 primis

548 783 805 838 Ecclesiae
830 786 1164 854 temporibus
1191 788 1245 840 in
1271 786 1581 854 Occidente,
1614 804 1720 842 non
1755 787 1914 841 modo
1946 794 2109 841 certa:

547 875 723 943 gentis
747 892 868 946 quae
898 877 951 931 in
984 880 1087 933 iide
1114 879 1321 934 erudiri
1353 880 1592 943 deberet.
1632 881 1729 935 sed
1755 881 1919 935 etiam
1964 894 2110 933 crea-

546 976 632 1021 tos
657 982 763 1021 non
809 978 968 1023 certa:
1007 971 1183 1038 gentis
1223 988 1326 1027 nec
1355 981 1517 1026 certae
1564 972 1803 1043 regionis
1824 972 2107 1041 episcopos

548 1055 817 1121 novimus,
843 1057 933 1125 qui
968 1058 1218 1127 gentibus
1242 1060 1614 1128 przedicantes,
1640 1060 1727 1114 ubi
1750 1060 2109 1114 consisterent

547 1148 619 1201 ibi
652 1156 853 1203 certam
900 1150 1003 1204 sibi
1038 1151 1217 1205 sedem
1256 1150 1567 1207 fundarent.
1613 1152 1744 1221 Ejus
1778 1152 1875 1216 rei,
1904 1161 1958 1206 et
1984 1160 2108 1221 post

543 1241 837 1308 apostolica
868 1250 1107 1310 tempora
1134 1244 1184 1295 in
1217 1243 1462 1297 moribus
1493 1245 1700 1312 positae,
1722 1244 1863 1298 etab
1889 1252 2109 1313 aposto-

542 1331 611 1385 lis
649 1333 837 1401 procul
868 1333 1033 1387 dubio
1060 1334 1276 1390 liuentis
1297 1374 1311 1398 ,
1354 1345 1561 1390 certum
1595 1337 1980 1390 documentum
2012 1350 2107 1389 ex-

542 1422 691 1476 hibet
724 1422 951 1480 Photius
984 1424 1158 1481 "°...ld
1189 1442 1381 1496 nempe
1407 1428 1475 1481 ab
1505 1428 1661 1482 initio
1688 1428 2013 1491 obtinuerat,
2048 1436 2107 1482 ut

540 1514 858 1584 hujusmodi
903 1514 1182 1587 Evangelii
1209 1518 1529 1582 emissariis,
1566 1519 1714 1573 orbis
1735 1519 2014 1588 gentilium
2037 1519 2107 1574 ad

540 1603 817 1661 Christum
871 1617 1297 1673 converteretur,
1352 1610 1444 1679 qui
1502 1608 1759 1664 Romanae
1790 1611 1944 1680 {sedis
1988 1623 2108 1665 tan-

541 1711 705 1762 quam
734 1699 1052 1768 metropolis
1072 1701 1314 1754 colonias
1334 1698 1620 1754 lundarent
1643 1702 1695 1755 in
1719 1699 2025 1767 Occidente,
2040 1702 2107 1756 de

540 1786 738 1854 quibus
768 1787 1114 1845 innocentius
1153 1790 1174 1843 Ι
1221 1793 1381 1860 epist.
1414 1791 1482 1845 ad
1528 1791 1842 1847 Decentium
1872 1792 2107 1865 Eugubi—

2210 602 2452 658 auctoris
2475 616 2573 656 nec
2605 600 2728 654 libri
2760 600 2970 654 titulum
2999 616 3062 653 ex
3090 614 3199 670 quo
3224 608 3475 667 excerpta
3506 600 3771 653 verbatim

2210 694 2573 762 transcripsit,
2612 702 3015 751 commemoret.
3046 692 3262 745 titulum
3303 701 3483 743 tamen
3518 691 3643 744 libri
3669 706 3771 744 co-

2209 784 2526 854 gnoscimus
2566 781 2781 850 μικρὸν
2819 781 3183 847 Λαϐύρινθον
3233 778 3417 834 fuisse.
3472 777 3607 833 Nam
3659 796 3771 833 non

2208 884 2418 931 tantum
2438 872 2775 941 Nicephorus
2795 872 3025 924 allirrnat
3049 871 3115 934 ⁸ο,
3136 870 3224 922 τὸν
3238 869 3455 939 μικρὸν
3483 871 3775 942 εἰρημένον

2214 963 2941 1033 Aaé’éptrOm-redarguisse
2964 962 3353 1016 absurditatem
3378 964 3689 1016 Artemonis
3718 973 3779 1016 et

2210 1054 2497 1119 Theodoti,
2537 1069 2699 1124 quam
2746 1054 2935 1106 beatus
2966 1050 3153 1106 Victor
3190 1052 3557 1122 depugnavit;
3594 1052 3687 1106 sed
3716 1062 3776 1105 et

2209 1147 2585 1203 Tbeodorelus
2612 1146 2657 1176 '“
2693 1145 2857 1199 trium
2891 1145 3270 1214 pericoparum
3305 1144 3446 1213 apud
3474 1143 3774 1198 Eusebium

2209 1254 2479 1295 summam
2509 1254 2577 1292 ex
2610 1254 2770 1307 parvo
2786 1236 3108 1306 Labyrintho
3138 1235 3376 1299 deducit,
3409 1237 3476 1291 de
3494 1236 3777 1292 Theodoto

2207 1347 2393 1401 agens.
2451 1330 2678 1384 Parvum
2720 1339 2902 1385 autem
2952 1329 3098 1383 hunc
3139 1327 3522 1397 Labyrinthum
3544 1328 3777 1384 Photius

2207 1424 2368 1477 Γαΐου
2397 1423 2617 1493 πόνημα
2649 1423 2894 1493 agnoscit
2924 1422 2968 1454 ⁸³
2992 1463 3007 1487 ,
3040 1425 3106 1494 τῇ
3136 1422 3363 1494 ἀληθείᾳ
3387 1423 3551 1476 αὑτοῦ
3584 1440 3775 1475 συντε-

2210 1513 2457 1583 ταχότος,
2496 1512 2634 1581 quod
2666 1529 2720 1566 re
2749 1529 2870 1566 vera
2901 1512 2989 1566 ille
3030 1514 3335 1582 composuit,
3369 1514 3461 1582 qui
3496 1523 3549 1568 et
3594 1513 3775 1567 διάλε-

2209 1607 2290 1670 ξιν
2319 1615 2509 1661 contra
2532 1604 2826 1659 Proculum
2860 1603 3242 1660 Montanistam
3293 1605 3478 1659 edidit.
3510 1625 3529 1657 ι
3586 1606 3779 1662 Hactt.L

2207 1713 2312 1752 nus
2344 1697 2427 1751 vir
2459 1697 2723 1752 eruditus.
2755 1696 2905 1751 Haud
2935 1696 3092 1751 velim
3119 1706 3299 1752 tamen
3331 1699 3550 1754 omittas
3574 1716 3695 1770 qua’
3718 1701 3775 1755 in

2206 1790 2452 1843 eamdem
2483 1789 2810 1843 sententiam
2848 1789 3142 1843 observant
3167 1788 3469 1843 doctissimi
3503 1791 3627 1854 viri,
3663 1789 3778 1843 Til-

540 1894 672 1932 num
707 1880 823 1935 hate
853 1881 1016 1936 habet
1057 1900 1071 1937 :
1116 1881 1315 1954 Legant
1359 1885 1405 1938 si
1438 1886 1492 1937 in
1520 1886 1599 1938 his
1639 1887 1920 1954 provinciis
1965 1887 2102 1941 alius
2136 1881 2179 1939 Β
2207 1880 2498 1934 lemontius
2513 1880 2580 1943 ³³,
2610 1879 2863 1933 Historia:
2888 1879 3166 1934 litterario:
3188 1878 3407 1935 Gallica:
3438 1881 3774 1948 auctores”,

542 1972 901 2039 apostolorum
935 1975 1219 2041 invenitur,
1251 1987 1343 2029 aut
1377 1978 1565 2047 legitur
1587 1980 1845 2033 docuisse.
1878 1980 2030 2044 Quod
2058 1981 2104 2033 si

541 2079 645 2116 non
678 2064 876 2134 legant,
921 2068 1044 2136 quia
1075 2084 1332 2137 nusquam
1355 2070 1647 2135 invenitur,
1676 2079 1872 2139 oportet
1896 2087 1981 2124 eos
2008 2072 2105 2125 hoc

540 2155 686 2223 sequi
720 2156 857 2225 quod
891 2155 1125 2210 Romana
1152 2157 1389 2213 Ecclesia
1422 2161 1671 2225 custodit,
1705 2178 1737 2212 α
1764 2178 1868 2230 qua
1894 2178 1979 2216 eos
1998 2163 2103 2216 ini-

541 2248 671 2299 tium
715 2250 975 2316 accepisse
1020 2267 1120 2304 non
1150 2252 1366 2305 dubium
1408 2246 1504 2308 est.
1546 2274 1564 2305 ι
1596 2253 1870 2309 Hactenus
1899 2255 1983 2309 vir
2008 2255 2106 2310 do-

539 2344 681 2390 ctus.
711 2335 816 2391 Sed
842 2337 943 2394 hac
966 2339 1032 2394 de
1052 2356 1111 2395 re
1134 2339 1539 2397 Tillemontium
1559 2356 1775 2411 quoque
1790 2342 2102 2397 consulas"

538 2424 721 2479 velim.

610 2512 671 2567 ll.
705 2514 913 2571 Claruit
937 2517 1123 2585 Caius,
1164 2521 1246 2573 vir
1292 2520 1687 2576 disertissimus
1711 2562 1725 2588 ,
1782 2520 2104 2590 λογιώτατος

539 2606 681 2677 ἀνήρ
706 2608 772 2671 τ’,
806 2609 907 2663 sub
928 2608 1236 2681 Zephyrino
1275 2611 1535 2667 Romana:
1570 2614 1722 2668 urbis
1740 2614 2015 2683 episcopo,
2046 2624 2106 2670 ut

540 2708 661 2765 post
686 2696 985 2755 Eusebium
1020 2702 1064 2732 ⁷³
1088 2704 1251 2757 tradit
1274 2713 1496 2760 sanctus
1528 2703 1887 2776 Hieronymus
1913 2706 1980 2773 ⁷⁵,
2003 2706 2107 2761 An-

540 2788 728 2845 tonino
757 2788 1035 2847 Caracalla
1069 2793 1387 2864 imperante,
1435 2794 1490 2849 id
1516 2806 1616 2860 est,
1649 2797 1847 2851 sarculo
1904 2812 1965 2851 ιιι
2020 2798 2105 2850 in-

539 2888 720 2948 eunte,
748 2882 861 2936 sive
874 2882 1018 2938 circa
1042 2900 1164 2939 terra
1184 2884 1418 2955 vulgaris
1444 2901 1643 2939 annum
1668 2886 1790 2940 2-12.
1820 2886 1963 2942 inter
1985 2888 2104 2957 ejus

542 2972 744 3041 scripta
798 2973 1104 3031 celebratur
1157 2975 1459 3046 Disputatio
1515 2977 1775 3033 adversus
1811 2978 2103 3034 Proculum

541 3062 781 3119 Montani
808 3077 1150 3133 sectatorem,
1204 3085 1366 3139 quam
1414 3071 1564 3125 valde
1604 3072 1860 3142 insignem
1901 3069 2105 3126 Doctor

542 3157 835 3225 maximus;
852 3169 1179 3226 accuratam,
1200 3163 1509 3228 σπουδαίαν,
1527 3162 1754 3219 Photius
1772 3162 2067 3234 appellat"
2086 3181 2099 3218 :

542 3248 698 3318 cujus
731 3249 1030 3322 fragmenta
1058 3267 1125 3306 ex
1151 3250 1383 3308 Eusebio
1403 3254 1811 3325 descripsimus.

616 3340 827 3412 Stylum
857 3342 987 3398 item
1024 3344 1311 3399 strinxisse
1342 3343 1506 3401 Caius
1549 3346 1811 3401 adversus
1860 3346 2081 3400 Artemo

542 3432 629 3487 nis
657 3432 931 3499 haeresim,
965 3449 1232 3504 suamque
1261 3436 1694 3493 lucubrationem
1727 3455 1945 3508 parvum
1995 3437 2075 3491 La

543 3522 845 3592 byrintltum
900 3523 1269 3595 inseripsisse,
1321 3543 1385 3582 ex
1440 3538 1683 3583 veterum
1742 3520 2109 3587 monumentis

544 3614 874 3683 perhibetur.
910 3615 1083 3687 Hujus
1112 3616 1330 3687 quidem
1359 3619 1548 3688 scripti
1582 3619 1685 3673 tria
1720 3617 1958 3689 insignia
2000 3619 2113 3675 fra-

542 3718 759 3776 gmenta
788 3709 945 3764 nobis
966 3712 1197 3767 servavit
1224 3710 1493 3767 Eusebius
1521 3712 1602 3777 ";
1645 3712 1737 3781 qui
1779 3720 1957 3766 tamen
1993 3720 2107 3766 tum

542 3800 783 3855 auctoris
812 3814 1032 3866 nomen,
1057 3810 1171 3856 tum
1218 3803 1398 3872 operis
1442 3802 1658 3856 titulum
1718 3803 1925 3857 reticet.
1973 3801 2110 3858 Hinc

544 3891 791 3947 nonnulli
816 3893 959 3963 apud
997 3892 1400 3949 Thcodoretum
1430 3896 1473 3927 ⁷⁷
1506 3892 1723 3965 Origeni
1748 3910 1886 3965 opus
1916 3911 2112 3965 perpe-

543 3997 659 4035 ram
695 3982 950 4038 tribuisse
983 3995 1306 4040 noseuntur.
1340 3983 1431 4039 Sic
1458 3985 1601 4039 enim
1654 3985 1775 4039 ille:
1826 3984 1983 4038 Κατὰ
2014 3985 2113 4055 τῆς

539 4073 743 4128 τούτων
771 4076 1031 4146 αἱρέσεως
1070 4079 1099 4130 ὁ
1130 4075 1377 4146 σμικρὸς
1399 4076 1706 4147 συνεγράφη
1731 4077 2111 4144 Λαϐύρινθος,

542 4166 601 4220 ὃν
627 4184 769 4230 τινες
813 4168 1114 4239 Ὠριγένους
1169 4169 1605 4239 ὑπολαμϐάνουσι
1649 4169 1898 4238 πόνημα’
1951 4167 2061 4221 ἀλλ’
2087 4170 2115 4222 ὁ

544 4260 831 4332 χαρακτὴρ
862 4259 1073 4330 ἐλέγχει
1100 4260 1225 4324 τοὺς
1253 4260 1528 4329 λέγοντας.
1578 4279 1595 4311 ι
1635 4259 1836 4314 Contra
1885 4259 2113 4315 istorum

2206 1987 2307 2026 nec
2340 1987 2446 2025 non
2480 1971 2869 2041 Wesselingius
2898 1972 2964 2023 ⁸⁸.

2276 2060 2364 2115 lll.
2395 2060 2597 2117 Tribus
2627 2061 2855 2130 hujusce
2884 2061 3067 2131 operis
3123 2063 3395 2131 excerptis
3448 2062 3778 2119 Eusebianis

2206 2170 2328 2225 qua:
2356 2170 2483 2209 cum
2514 2154 2659 2208 notis
2689 2151 2886 2207 Valesii
2917 2163 2971 2206 et
3000 2152 3273 2207 Coutantii
3296 2153 3642 2222 protulimus,
3668 2153 3778 2207 fra-

2205 2256 2479 2316 gmentum
2503 2246 2818 2316 acephalum
2852 2244 2915 2298 de
2937 2244 3148 2299 Conone
3174 2261 3447 2298 sacrarum
3472 2244 3779 2314 Scriptura-

2206 2354 2324 2391 rum
2355 2338 2682 2403 addidimus,
2718 2337 2862 2391 haud
2910 2337 2983 2391 ila
3022 2337 3231 2407 pridem
3286 2352 3318 2391 a
3370 2338 3439 2393 cl.
3474 2336 3777 2393 Muratorio

2205 2428 2550 2497 evulgatum:
2594 2427 2752 2497 cujus
2805 2426 3033 2497 proinde
3085 2428 3348 2481 monitum
3384 2428 3473 2483 hic
3504 2442 3779 2498 apponere

2206 2534 2383 2590 opera:
2408 2520 2642 2588 pretium
2672 2519 3071 2574 existimamus.
3095 2518 3186 2574 Sic
3214 2528 3394 2573 autem
3422 2534 3480 2573 se
3509 2519 3669 2573 habet
3689 2521 3737 2552 ⁸⁸
3763 2539 3775 2572 :

2212 2628 2231 2661 ς
2265 2610 2523 2665 Asservat
2569 2609 2927 2664 Ambrosiana
2981 2608 3400 2664 Mediolanensis
3448 2609 3780 2665 bibliotheca

2206 2703 2682 2758 membranaceum
2713 2702 2975 2768 codicem,
3005 2718 3035 2756 e
3064 2701 3319 2758 Bobiensi
3347 2712 3649 2770 acceptum,
3680 2718 3779 2756 cu—

2202 2795 2294 2864 jus
2323 2794 2623 2863 antiquitas
2649 2809 2799 2863 paene
2829 2794 2895 2848 ad
2949 2809 3124 2848 annos
3180 2793 3327 2849 mille
3354 2794 3609 2849 accedere
3640 2794 3779 2847 mihi

2208 2888 2324 2941 visa
2355 2896 2457 2941 est.
2492 2885 2739 2956 Scriptus
2770 2886 2915 2940 enim
2970 2883 3073 2951 fuit
3122 2885 3319 2940 litteris
3359 2884 3677 2954 majusculis
3725 2894 3781 2939 et

2207 2979 2509 3048 quadratis.
2551 2977 2769 3033 Titulus
2827 2976 3080 3048 praeﬁxus
3134 2977 3316 3031 omnia
3348 2977 3538 3031 tribuit
3580 2975 3781 3031 Joanni

2206 3070 2717 3142 Chrysostomo,sed
2735 3069 3026 3125 immerito.
3051 3068 3298 3124 Mutilum
3317 3070 3370 3123 in
3392 3068 3654 3138 principio
3684 3082 3776 3123 co-

2207 3162 2381 3218 dicem
2407 3160 2760 3232 deprehendi.
2784 3202 2796 3214 .
2820 3202 2832 3214 .
2854 3202 2867 3214 .
2904 3160 2984 3215 Ex
3019 3162 3122 3217 hoc
3148 3177 3277 3232 ergo
3321 3160 3508 3216 codice
3539 3175 3641 3230 ego
3677 3160 3781 3215 de-

2208 3254 2384 3324 cerpsi
2412 3253 2777 3325 fragmentum
2807 3253 3271 3323 antiquissimum,
3301 3253 3369 3307 ad
3396 3253 3672 3308 Canonem
3693 3253 3783 3307 di-

2210 3345 2461 3400 vinarum
2489 3343 2890 3415 Scripturarum
2911 3354 3184 3415 spectans.
3211 3344 3354 3400 Nulli
3381 3344 3670 3415 diligentia:
3692 3359 3786 3414 pe-

2216 3437 2366 3509 perci
2422 3446 2483 3491 ut
2529 3437 2649 3508 ejus
2683 3446 2964 3491 auctorem
2998 3437 3304 3507 detegerem
3337 3478 3353 3503 ,
3388 3436 3661 3506 simulque
3688 3452 3786 3491 re-

2209 3530 2403 3585 scirem
2440 3546 2568 3584 num
2597 3529 2862 3585 hactenus
2890 3529 3094 3584 editum
3124 3528 3306 3584 fuerit.
3359 3526 3476 3583 Nisi
3508 3544 3596 3583 me
3622 3525 3785 3583 fefel-

2208 3619 2388 3674 lerunt
2434 3620 2600 3684 oculi,
2637 3628 2734 3673 aut
2784 3620 3150 3689 complurium
3207 3620 3472 3674 librorum
3530 3618 3785 3674 defectus

2210 3727 2371 3781 quem
2406 3728 2514 3766 non
2543 3712 2712 3767 semel
2744 3712 2925 3778 doleo,
2958 3727 3228 3779 nusquam
3269 3711 3595 3781 deprehendi
3623 3713 3786 3766 evul-

2210 3810 2425 3872 gatum;
2454 3818 2519 3857 ac
2547 3813 2827 3873 propterea
2853 3818 2976 3873 spes
3013 3803 3148 3857 mihi
3180 3812 3448 3873 superest,
3477 3802 3593 3858 fore
3626 3814 3683 3857 ut
3710 3805 3783 3857 li-

2214 3894 2431 3949 bentius
2462 3910 2491 3949 a
2530 3896 2829 3951 lectoribus
2859 3896 3182 3965 excipiatur,
3240 3910 3304 3949 ac
3333 3895 3602 3964 praecipue
3630 3895 3786 3964 quod

2215 3986 2591 4055 antiquitatem
2616 3986 2856 4041 redoleat
2886 3986 3122 4040 maxime
3143 3985 3528 4040 venerabilem.
3564 3984 3618 4039 Si
3645 4002 3785 4038 con-

2210 4075 2476 4145 jecturam
2508 4092 2682 4130 meam
2700 4092 2951 4131 exserere
2982 4075 3063 4131 fas
3089 4085 3191 4140 est,
3219 4076 3273 4129 in
3298 4076 3442 4130 illam
3467 4076 3784 4145 Opinionem

2213 4167 2381 4233 feror,
2419 4168 2703 4223 tribuenda
2737 4169 2852 4223 haec
2878 4184 2998 4223 esse
3055 4168 3185 4222 Caio
3236 4166 3487 4221 Ecclesia:
3529 4166 3789 4220 Romana:

2214 4260 2530 4329 presbytero,
2569 4261 2658 4330 qui
2684 4260 2778 4314 sub
2810 4259 3015 4314 Victore
3034 4270 3081 4313 et
3105 4259 3398 4330 Zephyrin
3422 4259 3787 4329 pontiﬁcibus,

544 4349 882 4421 (Artemonis
913 4360 967 4407 et
997 4351 1263 4407 Theodoti
1314 4352 1555 4422 coriarii)
1600 4352 1846 4407 hazrcsim
1876 4352 2118 4407 conscri-
2216 4360 2349 4406 teste
2379 4351 2573 4406 Photio
2606 4353 2672 4417 ⁸⁷,
2707 4354 2812 4407 hoc
2843 4362 2946 4416 est,
2975 4353 3068 4422 qui
3109 4354 3325 4407 circiter
3362 4367 3565 4406 annum
3618 4350 3786 4404 Chri-

543 4454 671 4516 ptus
693 4453 777 4499 est
790 4461 981 4513 parvus
1000 4443 1561 4515 Labyrinthus,quem
1584 4443 1831 4499 nonnulli
1864 4441 2117 4513 Origenis
2218 4446 2289 4500 sti
2320 4444 2419 4498 l96
2449 4443 2649 4498 ﬂoruit.
2686 4443 3119 4513 Disputationem
3156 4445 3273 4498 Caii
3327 4446 3508 4508 istius,
3542 4442 3790 4495 disertis-

543 4552 685 4607 0pus
707 4553 828 4593 esse
853 4546 1077 4607 putant:
1111 4538 1205 4593 sed
1229 4553 1323 4594 eos
1350 4539 1442 4610 qui
1465 4540 1569 4593 hoc
1591 4538 1797 4601 dicunt,
1825 4536 1997 4607 stylus
2024 4549 2110 4590 re-
2140 4553 2185 4608 ι)
2216 4537 2337 4589 simi
2365 4536 2484 4601 viri,
2509 4535 2743 4589 habitam
2776 4534 2955 4590 Romae
3006 4534 3322 4604 temporibus
3365 4533 3649 4604 Zephyrini
3682 4533 3771 4584 ad-

546 4631 782 4703 darguit.
810 4650 828 4683 ›
851 4629 1037 4701 Neque
1067 4631 1223 4687 aliter
1250 4630 1499 4687 Photius.
1530 4630 1781 4700 Plerique
1820 4639 1999 4683 tamen
2026 4644 2115 4683 re-

2215 4645 2394 4682 versus
2441 4626 2692 4681 Proclum
2743 4629 3019 4697 quemdam
3070 4626 3526 4698 Catapltrygarum
3568 4628 3791 4681 Itwresis

544 4720 850 4777 centiorum
883 4721 1179 4792 genuinum
1221 4719 1364 4777 fetus
1396 4730 1675 4793 parentem
1704 4720 1896 4775 Caium
1921 4733 2120 4789 agnos-
2215 4731 2679 4791 propugnatorem,
2722 4727 2993 4772 meruerat
3021 4716 3291 4773 Eusebius
3321 4718 3672 4773 Ctesariensis
3704 4718 3790 4785 “3;

546 4823 701 4869 cunt.
751 4812 980 4883 Jamque
1032 4829 1146 4869 rem
1192 4812 1492 4868 confecisse
1536 4813 1750 4868 videtur
1780 4811 2118 4866 Pearsouius
2218 4814 2275 4867 in
2307 4828 2413 4882 qua
2445 4811 2533 4866 ille
2558 4811 2685 4865 dum
2718 4810 3155 4865 adversariorum
3186 4812 3238 4864 in
3270 4811 3657 4881 componendis
3681 4826 3793 4864 no-

548 4906 633 4960 bis
661 4905 840 4961 verbis
858 4906 934 4959 7’:
965 4922 984 4955 ι
1009 4904 1150 4971 Quin
1168 4906 1403 4975 scriptor
1427 4904 1519 4974 qui
1536 4904 1797 4958 adversus
1811 4902 2121 4956 Artemonis
2218 4907 2301 4959 vis
2326 4902 2622 4972 Scripturis
2640 4900 2998 4955 temeritatem
3022 4910 3077 4954 et
3106 4901 3391 4955 audaciam
3413 4901 3651 4971 sugillat,
3678 4902 3797 4956 τῶν

548 4996 798 5052 haeresim
834 4997 936 5053 sub
980 4996 1285 5068 Zephyrino
1333 4996 1573 5065 scripsit,
1610 4994 1750 5049 idem
1794 4992 1956 5047 fuerit
1989 5008 2114 5047 cum

553 5104 621 5146 eo
668 5090 762 5159 qui
813 5090 915 5144 sub
960 5091 1238 5144 Antonino
1296 5087 1479 5145 Severi
1523 5087 1633 5144 tilio
1684 5086 2105 5157 disputationem

550 5196 675 5235 cum
707 5179 940 5236 Proculo
975 5180 1303 5236 Montanista
1339 5180 1481 5247 iniit,
1510 5194 1702 5251 nempe
1730 5177 1920 5243 Caius,
1951 5177 2111 5232 dubi-

646 5340 692 5371 "
739 5338 896 5404 Phot.
950 5332 1093 5393 Bibl.

551 5420 689 5465 tom.
722 5478 725 5479 ν
749 5408 809 5479 tl,
827 5450 842 5472 ,
893 5424 1014 5479 pag.

1172 5338 1296 5393 cod.
1339 5338 1430 5403 48,
1489 5336 1578 5392 ubi
1628 5336 1694 5391 de
1740 5335 1894 5402 Caio,
1947 5336 2106 5406 cujus
2161 5335 2267 5391 loci
2298 5335 2487 5389 ’verba
2551 5334 2724 5406 modo
2773 5334 3078 5406 retulimus.

1072 5408 1179 5463 235
1212 5448 1227 5473 ,
1283 5418 1388 5462 art.
1444 5408 1526 5472 5“,
1595 5423 1690 5477 sur
1741 5407 1790 5461 la
1851 5407 2121 5477 persecut.
2186 5406 2460 5460 d‘Adrien.

549 5480 641 5535 20.
716 5478 763 5511 '"
793 5478 868 5534 Id.
894 5475 1034 5534 'ibi'd.
1063 5479 1156 5533 lib.
1191 5495 1249 5544 ll,
1276 5494 1393 5548 cap.
1425 5477 1595 5548 25.7""
1626 5475 1871 5548 Hierom,
1906 5476 1981 5532 De
2008 5479 2110 5531 vir.
2144 5476 2365 5548 illustr.,
2386 5491 2504 5548 cap.
2526 5475 2734 5548 59.“?
2750 5475 2970 5548 i’hot._l.
3012 5490 3061 5528 c.

2218 4997 2313 5048 τοῦ
2367 4993 2511 5066 ἱεροῦ
2552 4992 2870 5046 Ἀποστόλου
2918 4993 3216 5065 δεκατριῶν
3263 4992 3438 5064 μόνων
3491 4992 3799 5046 ἐπιστολῶν

2218 5086 2561 5161 μνημονεύει,
2603 5087 2702 5157 τὴν
2765 5086 2902 5158 πρὸς
2943 5084 3224 5155 Ἐϐραίους
3255 5085 3328 5157 μὴ
3381 5084 3800 5156 συναριθμήσας

2213 5183 2334 5243 ταῖς
2363 5179 2599 5242 λοιπαῐςο
2632 5177 2755 5231 ἐπεὶ
2779 5178 2873 5231 καὶ
2903 5178 2983 5241 εἰς
3006 5176 3164 5249 δεῦρο
3205 5176 3353 5248 παρὰ
3398 5176 3682 5246 Ῥωμαίων
3710 5194 3803 5231 τι-

3221 5334 3266 5365 "
3316 5330 3554 5394 Tillem.,
3617 5329 3797 5388 hiem.

2614 5406 2658 5436 ⁷³
2688 5404 2885 5459 Euseb.
2940 5402 3079 5458 Hist.
3160 5403 3294 5458 eccl.
3348 5403 3443 5456 lib.
3511 5416 3587 5465 vr,
3665 5418 3800 5474 cap.

2688 5475 2970 5529 "PhotJ.
3012 5490 3061 5528 c.
3158 5472 3440 5537 "Euseb.,
3493 5469 3633 5525 Hist.
3671 5488 3801 5530 ecc.

550 5551 643 5605 lib.
672 5565 729 5617 v,
760 5562 878 5617 cap.
921 5550 1012 5605 28.
1090 5550 1132 5581 ⁷⁷
1184 5542 1477 5612 Theodon,
1514 5546 1707 5602 Hmrct.
1728 5542 1861 5617 ifab.
1900 5547 2083 5617 libr",
2117 5562 2234 5616 cap.
2258 5546 2314 5617 5,
2351 5563 2406 5617 p.
2433 5542 2559 5601 200.
2631 5546 2676 5578 ⁷⁸
2703 5544 2883 5617 _Phot.,
2914 5546 3028 5617 l._c.
3100 5544 3145 5617 ’ζ’
3177 5542 3459 5617 Pearson.,
3493 5554 3804 5617 opp._post.

554 5620 782 5677 Dissel‘l.

553 5691 590 5748 ι.
626 5707 674 5745 c.
749 5688 795 5720 ⁸³
826 5687 1059 5755 Tillem.,
1086 5687 1287 5751 Mém,
1324 5687 1366 5744 ιζ
1391 5688 1481 5753 ιιι,

560 5846 720 5904 διξίιιι.
800 5829 821 5861 ⁸
844 5827 1049 5895 ⁷Ριιοι.,
1074 5828 1209 5886 Bibl.
1235 5831 1353 5886 cod.
1387 5827 1471 5884 48.

858 5603 1021 5700 ,cap‘.
1057 5620 1109 5683 ι,
1144 5617 1248 5700 §5,
1272 5603 1393 5689 pag.
1422 5603 1541 5672 iis.
1617 5618 1662 5649 οο
1694 5616 1941 5688 Niceph..
1976 5603 2107 5698 Hist.

858 5687 1059 5742 71llem..
1086 5689 1270 5742 Mem..
1324 5700 1362 5742 t.
1391 5688 1481 5742 Ill.
1541 5703 1664 5742 nae.
1689 5688 1810 5741 176.
1888 5689 1935 5720 ⁸⁸
1964 5686 2103 5741 Hist.

2211 5603 2416 5671 :cl.'li'b.
2446 5632 2518 5682 tv,
2547 5630 2666 5684 cap.
2695 5614 2785 5669 20.
2859 5603 2903 5646 ⁸³
2941 5612 3235 5677 Theodor.,
3288 5616 3327 5669 Ι.
3378 5603 3455 5668 οξ
3528 5603 3601 5644 ’δ’

2211 5686 2300 5740 ter.
2331 5688 2398 5741 de
2450 5687 2498 5739 la
2534 5683 2762 5742 France.
2824 5693 2956 5738 tom.
3003 5685 3044 5742 l.
3108 5693 3245 5742 Dart.
3308 5698 3346 5742 ι.
3389 5698 3510 5742 Dan.
3544 5682 3601 5737 55

554 5703 590 5748 ι.
626 5707 674 5745 c.
749 5703 795 5720 "
826 5703 1059 5755 'nuem.,
1086 5703 1270 5751 mem,
1324 5703 1362 5744 t.
1391 5703 1481 5753 ιιι,
1541 5703 1664 5756 pag.
1689 5703 1713 5740 1
1733 5703 1810 5741 to.
1888 5703 1935 5720 ον
1964 5703 2103 5741 ιιιει.

554 5759 907 5828 κνιθεεοιιιιεη
934 5759 1029 5812 lib.
1067 5759 1332 5840 Probabil.
1368 5775 1486 5882 cati).
1515 5758 1605 5819 2i,
1642 5774 1796 5843 pagg.
1834 5758 1955 5838 17.5,
1990 5757 2107 5810 177.

560 5846 720 5895 sisqq.
800 5829 821 5861 ⁸
868 5827 1049 5895 Phot.,
1074 5828 1209 5886 Bibl.
1235 5831 1353 5886 eod.
1387 5830 1417 5884 4
1460 5869 1471 5884 .
1551 5830 1595 5860 ⁸⁸
1623 5827 1846 5895 Euseb,
1870 5828 2003 5885 lhst.
2037 5843 2107 5883 ecl

2211 5703 2300 5740 ter.
2331 5703 2398 5741 de
2450 5703 2498 5739 Ia
2534 5703 2762 5750 rrance,
2824 5703 2956 5738 tom.
3003 5703 3044 5750 I,
3106 5703 3245 5754 part.
3308 5703 3346 5749 ι,
3426 5703 3450 5737 a

2220 5756 2439 5821 Mural.,
2469 5755 2686 5823 Antiqq.
2718 5754 2831 5810 Ital.
2856 5755 2998 5812 med.
3045 5771 3167 5821 tetu,
3195 5763 3329 5811 tom.
3362 5703 3450 5819 IH,

2211 5828 2296 5881 lib.
2328 5842 2400 5891 vi,
2431 5840 2549 5895 cap.
2583 5827 2670 5880 20.

1670 5841 1846 5898 “501).,
1870 5841 2003 5885 lllSl.
2037 5841 2170 5883 CCCI.
2202 5841 2296 5881 ιιι).
2328 5842 2400 5891 γι,
2431 5841 2549 5895 cap.
2583 5841 2670 5880 Ζυ.

3106 5615 3235 5677 lor.,
3288 5616 3327 5669 Ι.
3378 5628 3429 5668 c.
3559 5615 3802 5670 l“Phot.

3106 5693 3346 5807 illatam?
3362 5682 3669 5807 ιθῗῧῖιὲἓῖ).
3681 5685 3806 5807 858;

3506 5768 3628 5825 pag.
3681 5752 3794 5813 851
