3966 6512
259 362 324 418 2!
1756 354 2056 416 NOTITIA.
3436 354 3507 407 22

262 479 364 542 σὶν,
393 473 455 529 οὗ
484 477 768 549 νομίζεται
794 477 888 532 τοῦ
939 476 1262 532 Ἀποστὸλου
1314 474 1633 546 τυγχάνεινε
1671 471 1803 525 tredt

1908 510 1915 530 _
1941 465 2184 521 veniunt.
2214 463 2480 521 Eusebius
2499 463 2642 520 enim
2663 461 3035 533 Apocalypsin
3071 461 3219 517 Petri
3248 462 3388 519 inter
3409 464 3510 518 du-

259 572 361 623 cim
411 579 623 624 tantum
656 571 821 626 diuini
842 571 1086 641 Apostoli
1133 578 1360 625 recenset
1393 566 1682 635 Epistolas,
1714 578 1831 618 eam

256 681 374 736 quin
398 664 469 717 ad
494 662 753 717 Hebrteos
785 664 1040 734 inscripta
1072 674 1168 726 est,
1199 680 1317 717 cum
1358 661 1569 731 reliquis
1598 675 1698 713 non
1730 657 1831 711 ad-

255 767 563 805 numerans.
598 749 738 806 Sane
762 752 872 807 lucc
900 753 1123 823 epistola
1135 751 1440 806 Etiamnum
1467 766 1499 803 a
1517 748 1831 820 quibusdam

252 841 509 896 Romanis
536 845 781 912 Apostoli
802 861 914 899 esse
938 861 1039 897 non
1069 844 1321 899 creditur.
1374 840 1608 895 Sanctus
1637 838 1829 894 Hiero-

250 946 456 1001 nymus
486 933 719 988 totidem
744 935 859 990 fere
882 934 1083 999 verbis,
1114 934 1181 989 de
1208 932 1344 987 Caio
1372 933 1477 987 isto
1500 932 1729 1002 loquens
1761 929 1827 993 ⁸³,

236 1004 490 1077 reddidit
517 1026 846 1081 sententiam
874 1025 1089 1081 Eusebii
1112 1044 1125 1080 ε
1151 1025 1255 1080 ιιἰεί
1279 1026 1426 1095 quod
1458 1025 1627 1085 addit,
1645 1023 1826 1091 dispu-

248 1113 508 1167 tationem
541 1131 576 1168 a
599 1113 733 1169 Caio
763 1116 995 1169 habitam
1022 1116 1113 1168 sub
1144 1114 1436 1184 Zephyrino
1468 1113 1723 1167 RomanaD
1746 1127 1833 1165 ur-

249 1207 335 1259 bis
356 1206 619 1275 episcopo,
651 1207 708 1260 id
730 1217 806 1261 est
829 1211 923 1261 sub
949 1207 1212 1262 Antonino
1236 1204 1409 1260 Severi
1432 1204 1584 1274 filio,-
1610 1219 1674 1258 ac
1699 1217 1829 1273 pro-

250 1306 443 1368 pterea
466 1297 769 1353 secundum
798 1299 951 1353 illum
973 1298 1141 1355 Caius
1171 1299 1287 1354 haec
1311 1298 1591 1368 scripserit
1614 1296 1828 1352 circiter

252 1402 460 1441 annum
484 1387 727 1457 vulgaris
752 1388 971 1457 epocha:
997 1388 1125 1443 212.
1151 1388 1315 1443 Addit
1345 1388 1507 1443 etiam
1542 1388 1608 1441 de
1637 1386 1823 1441 eadem

243 1478 498 1547 epistola:
520 1477 625 1533 Sed
637 1488 688 1533 et
708 1480 847 1541 apud
869 1479 1131 1533 Romanos
1153 1495 1312 1549 usque
1333 1478 1485 1531 Itodie
1498 1477 1651 1547 quasi
1664 1473 1831 1529 Pauli

243 1570 491 1637 Apostoli
544 1586 649 1624 non
695 1570 956 1635 habetur;
1001 1586 1125 1625 cum
1183 1578 1367 1624 tamen
1412 1568 1679 1624 Eusebius
1711 1577 1827 1621 tau-

243 1671 359 1713 tum
384 1661 677 1730 scripserit
703 1663 845 1730 apud
863 1662 1118 1731 quosdam
1135 1660 1417 1717 Romanos.
1444 1659 1673 1714 Photius
1695 1674 1826 1728 quu-

241 1768 349 1821 que
374 1752 414 1808 l.
452 1768 503 1808 c.
529 1762 723 1808 auctor
753 1760 867 1819 est,
903 1753 1094 1808 Caium
1120 1754 1365 1808 tredecim
1389 1754 1653 1806 duntaxat
1682 1751 1821 1804 beati

1935 558 2055 613 bios
2074 558 2291 627 quidem
2322 558 2490 612 libros
2539 565 2788 612 recenset
2817 554 3029 626 “,pon
3085 564 3264 609 tamen
3318 556 3507 624 abjicit

1936 650 2081 705 velut
2112 649 2486 704 haereticorum
2514 647 2703 703 fetum.
2758 647 2957 703 Eodem
3004 663 3221 717 quoque
3252 656 3501 713 testante,

1934 741 2185 796 Clemens
2211 740 2612 795 Alexandrinus
2641 739 2829 794 eadem
2877 739 3203 810 Apocalypsi
3232 749 3316 795 est
3346 757 3500 806 usus,

1934 849 2042 888 non
2073 849 2231 888 secus
2259 847 2324 886 ac
2350 831 2590 901 Epistula
2642 832 2926 888 Barnabas.
2963 830 3302 888 Sozomenus
3356 834 3505 903 pari-

1932 932 2014 976 ter
2039 937 2138 977 nus
2164 922 2376 976 monuit
2405 922 2474 987 ³⁵,
2506 922 2647 975 hanc
2667 921 3048 993 Apocalypsim
3084 924 3139 975 in
3183 924 3501 993 quibusdam

1933 1011 2187 1066 Ecclesiis
2223 1011 2529 1068 Palaestina:
2568 1028 2727 1082 usque
2771 1013 2943 1067 adhuc
2991 1014 3214 1084 singulis
3244 1014 3397 1069 annis
3420 1030 3503 1068 se-

1932 1104 2034 1158 mel
2068 1105 2189 1175 legi.

2007 1215 2025 1247 (
2068 1194 2431 1266 Temporibus
2463 1195 2631 1250 etiam
2663 1194 2782 1250 Caii
2816 1195 2987 1265 ipsius
3016 1196 3501 1254 circumferebatur

1929 1286 2156 1357 epistola
2188 1288 2371 1356 spuria
2399 1285 2552 1340 Pauli
2576 1286 2807 1356 apostoli
2824 1287 2892 1339 ad
2915 1286 3283 1357 Laodicenses,
3313 1305 3343 1344 a
3374 1304 3502 1345 san—

1928 1387 2016 1433 cto
2046 1378 2375 1449 Hieronymo
2406 1388 2461 1432 et
2493 1376 2832 1433 Theudoreto
2876 1379 3116 1448 explosa,
3143 1395 3307 1449 quam
3358 1380 3502 1436 Mar-

1928 1470 2049 1525 cion
2084 1470 2447 1525 huresiarcha
2480 1472 2533 1525 in
2566 1470 2875 1526 subsidium
2911 1471 2995 1526 sui
3026 1471 3201 1526 delirii
3231 1473 3499 1540 adhibuit,

1926 1564 2004 1618 uti
2034 1579 2135 1619 nos
2161 1564 2318 1618 docet
2340 1572 2566 1619 sanctus
2585 1562 2924 1633 Epiphanius
2946 1565 3010 1617 ⁸⁸.
3045 1565 3113 1620 At
3136 1576 3330 1635 praeter
3359 1567 3501 1622 hanc

1924 1670 1991 1710 ex
2020 1654 2139 1724 ipso
2184 1655 2485 1726 fragmento
2512 1671 2657 1711 nunc
2714 1656 3005 1723 discimus,
3060 1658 3285 1712 alteram
3329 1656 3499 1713 Paulo

1924 1747 2261 1817 suppositam
2300 1748 2493 1815 fuisse,
2543 1763 2743 1819 nempe
2796 1748 2864 1802 ad
2895 1748 3307 1816 Alexandrinos,
3341 1752 3500 1820 cujus

245 1842 406 1898 Pauli
427 1842 709 1910 Epistolas
732 1861 1083 1913 enumerasse,
1113 1862 1216 1900 non
1260 1859 1466 1918 recepta
1512 1851 1566 1903 in
1607 1867 1803 1904 censuit

1920 1838 2105 1893 nescio
2131 1853 2199 1893 an
2220 1838 2511 1909 quisquam
2536 1838 2676 1895 alius
2700 1839 3027 1894 meminerit.
3049 1840 3186 1895 Cum
3207 1857 3335 1896 vero
3358 1842 3498 1911 Apo-

241 1953 357 2005 que
386 1946 469 1990 est
492 1937 564 1990 ad
598 1935 869 1992 Hebrteos.
919 1936 1012 1992 Ille
1037 1954 1253 2008 quoque
1300 1939 1414 1995 haec
1461 1940 1528 1995 ab
1580 1941 1813 1997 Eusebio

243 2026 445 2082 hausit.
485 2026 757 2081 Caeterum
783 2042 888 2080 non
920 2036 1005 2081 est
1028 2026 1199 2096 hujus
1230 2027 1336 2082 loci
1358 2043 1663 2093 recensere,
1688 2030 1812 2099 qui-

243 2118 341 2172 bus
374 2119 704 2174 auctoribus
726 2129 780 2173 et
802 2119 1106 2174 rationibus
1140 2119 1194 2173 in
1223 2118 1502 2175 Canonem
1532 2136 1811 2176 sacrarum

243 2205 657 2277 Scripturarum
702 2209 897 2265 merito
946 2217 1167 2279 recepta
1205 2209 1401 2265 deinde
1448 2210 1516 2265 ab
1558 2212 1814 2267 omnibus

241 2299 403 2355 fuerit
435 2300 692 2371 Epistula
728 2301 793 2356 ad
819 2299 1104 2367 Hebraeos,
1132 2302 1202 2356 de
1233 2316 1342 2371 qua
1396 2302 1536 2356 idem
1589 2316 1812 2359 sanctus

238 2391 604 2461 Hieronymus
664 2392 729 2445 ad
778 2390 1066 2463 Evagrium
1114 2392 1378 2459 scribens,
1427 2393 1590 2447 dicit:
1640 2392 1812 2458 Quam

235 2498 407 2536 omnes
432 2481 610 2537 Graeci
628 2483 885 2553 recipiunt
902 2494 948 2538 et
961 2485 1204 2539 nonnulli
1220 2484 1551 2539 Latinorum.
1571 2486 1647 2540 Ita
1665 2502 1813 2555 qua:-

236 2575 467 2629 stionem
498 2575 641 2632 hanc
665 2576 779 2646 jam
805 2576 897 2631 diu
925 2587 1216 2634 versarunt
1244 2594 1307 2633 ac
1337 2578 1681 2635 illustrarunt
1708 2580 1808 2634 viri

233 2666 563 2731 doctissimi,
594 2678 653 2723 ut
682 2685 877 2725 rursus
910 2672 1155 2728 eamdem
1196 2675 1401 2745 agitare
1429 2673 1586 2741 velle,
1614 2688 1805 2743 super-

232 2772 534 2814 vacaneum
562 2759 719 2815 foret.

303 2868 325 2901 ι
344 2848 487 2904 illud
504 2850 647 2921 quod
664 2852 732 2907 ad
750 2869 835 2909 me
848 2863 1077 2926 spectat,
1096 2855 1315 2926 arripio.
1335 2853 1653 2927 Hippolytus
1668 2869 1806 2925 quo-

228 2954 334 3008 que
361 2939 692 2999 Portuensis
718 2945 1029 3016 episcopus,
1057 2946 1173 3003 Caii
1206 2964 1371 3019 supra
1389 2948 1592 3005 laudati
1620 2962 1803 3017 aequa-

230 3029 314 3095 lis,
349 3029 551 3088 Photio
579 3042 717 3090 teste
741 3035 809 3099 ’°,
836 3036 1312 3107 sensitEpistolam
1334 3038 1402 3091 ad
1425 3037 1673 3093 Hebrteos
1700 3052 1803 3089 non

228 3138 333 3176 esse
392 3122 560 3177 Pauli
611 3127 857 3196 apostoli.
914 3126 1028 3183 imo
1070 3144 1141 3183 ne
1197 3129 1535 3200 temporibus
1580 3130 1797 3200 quidem

1916 1928 2169 1999 calypsim
2192 1928 2372 1994 Pauli,
2404 1930 2785 2000 abAugustino
2810 1941 2865 1986 et
2898 1930 3201 1987 Sozomeno
3228 1948 3499 1989 memora-

1914 2028 2050 2087 tam,
2087 2020 2323 2090 scriptor
2350 2021 2440 2077 hic
2471 2036 2815 2091 nequaquam
2853 2033 3167 2091 recenseat;
3201 2025 3495 2079 confirma-

1916 2122 2004 2167 tur
2041 2113 2307 2167 sententia
2330 2112 2558 2168 Joannis
2580 2114 2790 2169 Ernesti
2823 2114 3032 2182 Grabii,
3060 2117 3154 2185 qui
3204 2116 3419 2171 censuit
3444 2117 3491 2150 ³⁷

1913 2204 2158 2273 erupisse
2190 2204 2333 2259 hanc
2367 2204 2727 2275 imposturam
2763 2207 2971 2261 saeculo
3003 2207 3270 2263 duntaxat
3306 2207 3496 2264 Eccle-

1913 2294 2008 2349 sia:
2029 2294 2355 2349 Christiana:
2376 2312 2451 2352 tv.
2487 2294 2585 2350 Hic
2613 2311 2831 2366 quoque
2865 2298 3050 2352 videas
3084 2300 3377 2355 memorari
3425 2300 3495 2354 li-

1912 2384 2062 2437 brum
2098 2384 2437 2440 Psalmorum
2468 2402 2499 2441 a
2535 2386 2827 2443 Valentino
2850 2389 3216 2445 baeresiarcha
3247 2391 3495 2449 elabora-

1911 2486 2047 2532 tum.
2074 2476 2227 2533 Unus
2260 2477 2647 2545 Tertullianus,
2683 2480 2828 2550 quod
2860 2482 3055 2545 sciam,
3124 2482 3261 2538 istos
3282 2483 3493 2538 indica-

1910 2569 2006 2636 vit,
2037 2571 2283 2626 scribens
2301 2571 2366 2625 πε
2392 2570 2559 2625 Nobis
2574 2588 2776 2642 quoque
2796 2577 2865 2625 ad
2881 2573 3016 2626 hanc
3039 2575 3259 2643 speciem
3286 2573 3491 2629 Psalmi

1909 2664 2407 2732 patrocinabantur,
2437 2682 2544 2718 non
2574 2666 2784 2735 quidem
2818 2676 3076 2736 apostata:
3098 2676 3147 2722 et
3176 2668 3410 2723 Itwretici
3440 2681 3489 2723 et

1909 2751 2181 2807 Platonici
2212 2753 2501 2821 Valentini,
2552 2757 2644 2811 sed
2692 2759 3019 2813 sanctissimi
3061 2769 3113 2814 et
3144 2763 3491 2831 receptissimi

1906 2846 2172 2915 propheta:
2195 2845 2383 2900 David.
2419 2848 2553 2913 Quis
2581 2863 2709 2904 vero
2743 2848 2908 2905 fuerit
2932 2850 3203 2907 Miltiades
3231 2853 3321 2908 ille
3373 2854 3487 2909 bte-

1908 2936 2130 3003 reticus,
2162 2938 2277 2994 sive
2310 2938 2581 2994 Miltiades
2606 2941 2767 3011 cujus
2794 2953 2877 2997 est
2900 2946 3108 2999 mentio
3132 2945 3186 2997 in
3215 2944 3317 2999 hoc
3342 2943 3488 3015 frag-

1906 3039 2111 3095 mento,
2147 3030 2394 3086 divinent
2426 3032 2539 3087 alii.
2572 3031 2826 3091 Proiecto
2853 3050 2963 3089 non
3017 3034 3184 3091 fuerit
3212 3035 3485 3091 Miltiades

1906 3122 2117 3192 rhetor,
2141 3124 2211 3179 ab
2237 3123 2475 3181 Eusebio
2505 3141 2570 3181 ac
2593 3124 2926 3199 Hieronymo
2951 3129 3230 3198 laudatus,
3258 3131 3353 3200 qui
3382 3132 3486 3187 sub

227 3213 400 3267 sancti
425 3212 743 3287 Hieronymi
766 3216 1009 3272 Romana
1035 3217 1279 3276 Ecclesia
1302 3195 1447 3275 illam
1479 3195 1620 3274 inter
1641 3235 1797 3276 cano-
1824 3195 1869 3255 α
1900 3213 2176 3271 Antonino
2207 3214 2507 3272 Commodo
2526 3219 2694 3273 multa
2725 3195 2943 3290 scripsit
2981 3236 3080 3290 pro
3104 3195 3367 3277 catholica
3392 3221 3488 3278 Ec-

225 3305 376 3360 nicas
405 3306 661 3376 Apostoli
691 3308 845 3365 Pauli
875 3310 1146 3381 Epistolas
1168 3322 1461 3382 receperat.
1503 3312 1639 3367 Cum
1671 3327 1800 3385 ergo

219 3414 337 3451 eam
372 3401 628 3455 omiserit
677 3402 845 3459 Caius
904 3405 1183 3475 presbyter
1231 3404 1531 3470 Romanus,
1567 3404 1800 3474 scriptor

222 3491 666 3560 antiquissimus,
698 3505 923 3551 caeteras
966 3497 1440 3563 recensens;rveri
1482 3497 1696 3552 videtur
1719 3498 1797 3551 si-

217 3581 342 3636 mile
382 3583 561 3638 eidem
589 3584 719 3641 Caio
742 3587 1087 3642 tribuendum
1120 3602 1242 3643 esse
1270 3586 1633 3659 fragmentum
1656 3589 1796 3644 infra

214 3675 607 3745 evulgandum,
634 3678 690 3733 in
717 3694 828 3750 quo
849 3681 1269 3751 praetermissam
1297 3681 1454 3750 plane
1470 3681 1653 3737 videas
1670 3682 1797 3752 Epi-

216 3766 409 3820 stolam
431 3767 501 3822 ad
534 3768 875 3826 Hebraeos“.
906 3772 1123 3828 Accedit
1175 3781 1231 3828 et
1263 3773 1493 3826 alterum
1518 3773 1795 3830 robustius

215 3870 475 3927 argumen
484 3860 889 3917 tumMemurat
900 3863 991 3919 hic
1010 3864 1293 3934 scriptor”
1307 3865 1571 3921 celebrem
1585 3863 1796 3921 Hermia

216 3947 436 4016 librum,
458 3951 619 4006 titulo
647 3952 889 4007 Pastoris
905 3955 1246 4025 inscriptum,
1268 3956 1354 4011 his
1371 3957 1549 4011 verbis
1569 3976 1581 4011 :
1598 3956 1795 4013 Pasto-

214 4054 317 4092 rem
330 4058 452 4096 vero
476 4058 784 4099 NUPERHIHE
812 4062 1144 4102 TEMPORIBUS
1158 4062 1382 4103 NOSTRIS
1400 4048 1453 4101 in
1485 4048 1609 4103 urbe
1622 4048 1792 4104 Roma

214 4129 413 4187 Herma
447 4137 783 4205 conscripsit,
828 4141 1036 4193 sedente
1068 4141 1122 4194 in
1155 4142 1403 4195 cathedra
1428 4141 1573 4195 urbis
1613 4141 1792 4197 Roma:

211 4218 466 4277 Ecclesia?
500 4222 602 4277 Pio
639 4226 900 4295 episcopo,
942 4227 1110 4296 fratre
1129 4228 1264 4297 ejus.
1297 4225 1416 4281 Jam
1451 4228 1590 4282 inter
1604 4228 1789 4281 erudi—

209 4320 291 4367 tos
314 4323 554 4381 constat,
582 4314 841 4372 Hennam
891 4316 1143 4374 floruisse
1173 4320 1242 4375 ad
1286 4319 1568 4375 dimidium
1606 4318 1789 4375 smeuli

206 4418 235 4456 a
279 4403 509 4460 Christo
538 4416 669 4463 nato
700 4410 943 4465 secundi.
978 4409 1046 4467 Et
1073 4420 1220 4467 certe
1253 4412 1298 4466 si
1330 4422 1460 4466 tunc
1485 4410 1788 4467 Humanam

1902 3308 2086 3364 clesia.
2118 3310 2230 3381 Age
2251 3326 2381 3366 vero
2402 3311 2515 3381 jam
2539 3311 2882 3382 proferamus
2903 3312 3268 3385 fragmentum
3301 3316 3483 3386 ipsum

1899 3417 1929 3457 e
1950 3403 2324 3458 vetustissimo
2349 3404 2538 3459 codice
2563 3404 2929 3461 Ambrosiauo
2946 3406 3290 3478 decerptum,
3319 3416 3483 3478 atque

1898 3495 2033 3551 illud
2049 3497 2388 3553 eruditorum
2414 3500 2659 3555 omnium
2676 3500 2917 3556 examini
2947 3501 3326 3572 subjiciamus,
3359 3505 3480 3559 nul-

1898 3588 2011 3642 lum
2040 3587 2307 3645 demendo
2334 3605 2401 3645 ex
2433 3591 2739 3660 erroribus,
2765 3593 2965 3663 quibus
2995 3594 3344 3650 librariorum
3378 3597 3480 3651 im-

1895 3680 2085 3750 peritia
2101 3682 2421 3752 scripturam
2443 3686 2707 3741 saturavit
2722 3695 2885 3757 atque
2901 3686 3146 3756 ftedavit,
3165 3704 3477 3760 quanquam

1895 3772 2031 3826 nihil
2061 3773 2325 3829 iiobstent
2341 3777 2638 3846 quominus
2661 3778 2895 3848 pretium
2929 3780 3009 3835 rei
3039 3780 3423 3851 intelligamus.
3455 3802 3472 3833 ›

1895 3862 2013 3921 Huc
2040 3881 2214 3936 usque
2239 3868 2592 3926 doctissimus
2632 3869 2984 3929 Muratorius.

1963 3956 2054 4013 Ν.
2085 3956 2216 4015 Post
2241 3962 2374 4016 tanti
2404 3962 2507 4016 viri
2539 3962 2805 4033 judicium
2837 3964 3000 4020 liceat
3034 3974 3090 4021 et
3120 3967 3281 4023 nobis
3336 3983 3475 4022 non-

1894 4049 2073 4105 nullas
2101 4050 2512 4108 observationes
2541 4054 3027 4155 adjicere‘quibus
3057 4058 3175 4127 ejus
3205 4060 3473 4114 sententia

1894 4142 2068 4210 magis
2100 4142 2383 4213 magisque
2416 4144 2683 4201 ﬁrmetur.
2719 4142 3047 4218 Etprimum
3088 4149 3308 4219 quidem
3340 4151 3471 4206 illud

1892 4232 2247 4300 advertimus,
2282 4234 2573 4307 fragmenti
2607 4248 2891 4294 auctorem
2926 4254 2993 4294 ex
3026 4255 3091 4294 eo
3128 4241 3275 4311 quod
3327 4242 3469 4296 haud

1891 4335 2180 4381 recenseat
2213 4327 2355 4382 inter
2390 4327 2701 4399 Scripturas
2730 4332 3024 4387 canonicas
3051 4331 3347 4402 Epistulam
3404 4335 3471 4389 ad

1889 4412 2171 4482 Hebraeos,
2199 4419 2442 4487 apprime
2493 4418 2700 4476 referre
2735 4421 2850 4478 sive
2881 4423 3120 4479 sodalem
3165 4424 3279 4479 sive
3302 4425 3468 4480 disci-

202 4495 525 4553 catbedram
552 4500 727 4555 tenuit
751 4499 923 4557 PiusI
951 4518 1111 4573 papa,
1136 4503 1285 4559 illius
1306 4503 1493 4570 frater,
1516 4504 1563 4558 is
1586 4503 1784 4557 librum
1816 4542 1860 4598 Β
1890 4508 2074 4577 pulum
2108 4511 2315 4577 lreuazi,
2374 4512 2570 4567 Caium
2623 4513 2884 4569 nimirum
2921 4514 3179 4571 Ecclesiae
3210 4515 3470 4571 Romana:

206 4587 456 4643 Pastoris
506 4593 789 4662 scripsisse
842 4594 1107 4650 dicendus
1156 4604 1242 4651 est
1299 4596 1520 4651 circiter
1574 4611 1780 4651 annum

202 4680 411 4737 Christi
444 4683 567 4737 150.
604 4686 671 4741 At
696 4701 799 4742 nos
840 4704 1004 4758 supra
1031 4688 1292 4756 vidimus,
1326 4688 1518 4743 Caium
1577 4688 1780 4745 Roma-

202 4783 331 4823 num
394 4773 773 4843 presbyterum
805 4776 1011 4833 vixisse
1045 4777 1261 4833 circiter
1307 4794 1512 4833 annum
1568 4778 1692 4845 196,
1726 4787 1780 4834 et

200 4861 333 4916 nihil
368 4863 572 4931 obstat,
609 4867 743 4936 quin
780 4878 941 4925 antea
989 4871 1105 4927 haec
1137 4871 1435 4941 scripserit.
1466 4872 1536 4927 At
1561 4873 1779 4942 quando

199 4950 493 5024 fragmenti
523 4967 713 5013 auctor
740 4969 989 5029 testatur,
1020 4961 1273 5019 Hermam
1310 4966 1606 5035 nuperrime
1643 4975 1775 5020 tent-

196 5046 415 5111 poribus
441 5051 639 5103 nostris
662 5051 861 5107 librum
881 5053 1126 5110 Pastoris
1147 5056 1557 5126 conscripsisse,
1590 5074 1781 5127 quem'

196 5154 320 5192 nam
354 5143 717 5209 opportunius
763 5162 927 5215 quam
976 5149 1226 5204 eumdem
1253 5150 1444 5205 Caium
1497 5150 1782 5223 fragmenti

196 5230 370 5299 ipsius
406 5243 684 5302 parentem
742 5238 911 5296 fuisse
953 5242 1264 5312 conjicias?
1307 5242 1547 5298 Tandem
1592 5246 1780 5300 scribit

192 5321 484 5393 fragmenli
524 5335 719 5381 auctor
747 5327 827 5383 "2
862 5331 1236 5403 Apocalypsim
1278 5335 1441 5387 etiam
1473 5332 1697 5387 Joannis
1728 5345 1777 5389 et

191 5414 359 5481 Petri,
381 5427 592 5471 tantum
616 5421 919 5490 recipimus,
946 5441 1104 5494 quam
1130 5428 1343 5497 quidam
1357 5444 1421 5482 ea:
1448 5429 1641 5482 nostris
1666 5428 1769 5499 legi

188 5508 239 5561 in
267 5507 515 5563 Ecclesia
541 5511 750 5567 nolunt.
788 5512 954 5571 Recte
976 5516 1092 5573 haec
1120 5518 1175 5571 in
1202 5517 1320 5573 Caii
1358 5530 1602 5589 tempora
1631 5536 1764 5575 con-

188 5686 387 5742 "Ibid.
434 5691 553 5762 gs.
633 5690 925 5763 "Euseb.,
956 5686 1094 5754 Hist.
1130 5686 1261 5755 ccci.
1296 5702 1386 5755 lib.
1420 5719 1501 5766 ιιι,
1536 5718 1655 5771 cap.

191 5754 446 5815 “v.42.
536 5764 582 5794 "
621 5763 814 5815 Grab.-
865 5765 1047 5815 Snicil.
1096 5779 1228 5815 tom-
1256 5770 1293 5815 to
1338 5788 1372 5815 η
1425 5773 1507 5815 at
1543 5774 1654 5815 νοτ

188 5827 305 5882 252.
418 5833 435 5863 ¹
466 5831 665 5905 Philip.
691 5850 767 5901 tv,
791 5836 845 5891 5.

1887 4602 2288 4671 presbyterum,
2344 4614 2403 4658 ut
2447 4605 2701 4676 superius
2756 4607 3132 4677 iostcndimus.
3184 4607 3466 4680 Siquidem

1888 4703 2112 4749 sanctus
2136 4694 2226 4749 ille
2282 4693 2665 4767 Lugdunensis
2718 4700 2968 4767 antistes,
3010 4709 3145 4755 teste
3192 4699 3466 4770 Stephano

1886 4785 2357 4845 Gobarotrithcita
2385 4791 2530 4861 apud
2566 4791 2822 4847 Photium
2858 4792 2926 4858 θ’,
2972 4794 3219 4849 eamdem
3244 4794 3463 4863 Episto-

1884 4879 1991 4934 lam
2028 4882 2252 4950 perinde
2282 4898 2390 4938 non
2424 4884 2763 4941 admittebat.
2806 4883 2906 4940 ilic
2934 4894 3114 4940 tamen
3139 4886 3280 4940 haud
3310 4885 3462 4940 omit-

1885 4972 2106 5035 tendum
2136 4974 2369 5043 edicere,
2393 4991 2422 5030 a
2449 4978 2642 5051 primis
2665 4976 2991 5041 Christianae
3012 4977 3291 5046 religionis
3324 4987 3456 5031 tem-

1884 5065 2110 5133 poribus
2139 5065 2471 5122 Clementem
2497 5067 2804 5127 Romanum
2838 5068 2989 5124 Pauli
3014 5070 3243 5140 apostoli
3271 5085 3461 5141 συνερ-

1882 5155 1978 5225 γόν
2010 5157 2052 5221 ¹,
2076 5158 2320 5228 adeoque
2342 5157 2646 5214 Romanam
2678 5159 3000 5227 Ecclesium,
3025 5160 3346 5216 canonicam
3392 5159 3459 5213 il-

1883 5249 1991 5305 lius
2023 5249 2281 5319 Epistula:
2307 5254 2686 5308 aucroritatem
2706 5256 3003 5326 agnovisse
3028 5257 3082 5311 ἐ
3114 5255 3258 5326 quod
3284 5256 3457 5311 miror

1882 5356 2072 5397 sacros
2087 5342 2409 5413 interpretes
2427 5345 2691 5403 hactenus
2718 5349 3065 5418 praeteriisse.
3101 5348 3157 5403 Si
3186 5348 3454 5419 ejusmodi

1875 5431 2239 5503 fragmentum
2276 5435 2499 5493 ineunte
2551 5438 2655 5494 hoc
2710 5441 2910 5496 satculo
2958 5442 3011 5494 in
3053 5441 3229 5495 lucem
3262 5441 3456 5496 fuisset

1874 5526 2101 5592 editum,
2127 5526 2310 5583 nullus
2348 5529 2536 5585 dubito
2563 5533 2695 5602 quin
2725 5531 2858 5587 illud
2892 5533 2945 5586 in
2980 5548 3110 5587 suos
3154 5548 3287 5588 usus
3319 5548 3453 5587 con-

254 5617 561 5699 ff_i_lieron.
609 5620 688 5699 De
704 5624 819 5699 yir.
850 5627 1073 5699 illustr.,
1100 5645 1219 5699 cap.
1254 5630 1342 5685 59.
1421 5632 1467 5664 ’°
1497 5631 1678 5697 Phot.,
1707 5632 1844 5691 Bibl.
1872 5638 1994 5693 cod.
2029 5638 2152 5693 121.

2248 5642 2304 5717 ξ]-
2329 5639 2450 5695 Vid.
2488 5643 2757 5717 infracol.
2798 5646 2889 5713 ss,
2924 5645 2951 5717 §
2985 5646 3038 5700 5.
3090 5648 3136 5678 θ’
3165 5644 3297 5717 ibid.
3332 5644 3443 5716 gs.

1719 5706 1814 5785 ﬂii.
1889 5708 2205 5785 ff_So_z:om.,
2243 5710 2380 5785 Hist.
2438 5715 2571 5768 eccl.
2602 5716 2697 5769 lib.
2727 5732 2822 5783 vu,
2857 5706 3087 5785 eap.l9.
3162 5718 3207 5753 ⁸⁸⁵
3238 5706 3448 5785 Epiiih-i

536 5763 822 5855 119%.":
865 5765 1049 5855 δρὶεὶὲε
1096 5770 1296 5855 ¹⁰“¹;.¹’
1338 5788 1389 5842 ι)-
1425 5763 1511 5855 Si:
1542 5763 1989 5855 .°".Tertull-..li12-
2024 5763 2283 5855 Desun-
2317 5763 2754 5855 Chr-7651,7301

947 5842 968 5872 ²
990 5839 1162 5897 Clem.
1207 5839 1389 5911 Rom},
1419 5844 1575 5916 epist.
1608 5847 1634 5903 1
1671 5846 1738 5904 ad
1765 5839 2038 5920 Corintb.,
2068 5850 2136 5907 56

2879 5790 2923 5820 ’9
2937 5788 3119 5854 Phot.,
3147 5786 3283 5843 Bibl.
3324 5787 3446 5842 cod.
