3966 6498
483 339 554 394 23
1661 336 1794 392 CAll
1834 335 2075 390 ROMAN

2179 333 2559 390 RESBYTERI
3653 325 3722 380 Ἡ

486 455 738 510 vertisset
768 452 1014 508 eruditus
1038 450 1368 506 Humfredus
1398 450 1622 516 Hodius,
1644 449 1772 503 dum
1794 448 2049 502 librorum
2077 457 2122 511 Α
2153 448 2494 518 consignavit
2521 445 2715 500 Pastor
2757 445 3101 514 inscriptum.
3133 445 3300 498 Docet
3329 441 3492 511 igitur
3519 439 3722 495 Fonta-

487 545 797 598 biblicorum
843 559 1114 596 numerum
1169 560 1231 595 ac
1263 543 1498 595 ordinem
1529 541 1686 611 juxta
1729 542 2061 595 szeculorum

483 637 679 692 seriem
709 645 989 706 pertexere
1023 636 1271 690 studebat
1294 636 1334 687 ³.

554 727 691 781 Illud
764 742 980 796 quoque
1052 724 1525 780 animadversione
1558 725 1780 796 dignum
1805 724 2063 786 occurrit,

483 831 544 875 ut
590 820 752 874 modo
792 819 1044 872 monebat
1088 827 1274 871 noster
1317 817 1527 881 editor,
1570 818 1716 886 quod
1767 817 2058 886 fragmenti

485 913 715 981 scriptor
741 911 767 981 ς
791 909 858 963 ιν
885 910 1144 964 Miltiadis
1191 908 1429 964 haeretici
1453 909 1781 964 mentionem
1806 909 2013 977 injiciat
2042 948 2056 961 .

485 1015 545 1056 ut
586 1011 864 1072 propterea
896 1017 1109 1070 aequum
1161 999 1326 1054 fuerit
1366 1000 1712 1065 existimare,
1756 1009 2064 1068 excerptum

487 1099 629 1151 istud
659 1096 724 1149 ad
771 1095 918 1148 illam
954 1093 1377 1162 disputationem
1421 1092 1724 1161 pertinere,
1757 1107 1922 1161 quant
1970 1091 2066 1144 ad-

486 1205 677 1244 versus
703 1188 995 1243 Proculum
1036 1187 1507 1257 Cataphrygarum
1551 1195 1874 1241 sectatorem
1901 1185 2065 1239 Caius

489 1282 745 1336 inStituit.
785 1281 1031 1335 Asterius
1074 1281 1217 1334 enim
1247 1279 1499 1334 Urbanus
1543 1280 1682 1348 apud
1719 1278 2013 1333 Eusebium
2043 1278 2064 1308 ⁸

489 1373 592 1427 sub
626 1372 803 1440 ipsum
841 1372 1052 1425 initium
1081 1373 1258 1440 Operis
1293 1370 1438 1441 quod
1466 1371 1731 1428 adversus
1766 1371 2065 1441 Catapbry-

489 1481 585 1534 gas
622 1464 964 1532 composuit,
1007 1462 1263 1518 Miltiadis
1300 1463 1546 1518 haeresim
1591 1463 1854 1518 nominat.
1917 1462 2065 1518 Unde

491 1560 851 1612 conﬁrmatur
899 1556 1118 1611 Eusebii
1166 1557 1358 1620 lectio,
1390 1557 1472 1610 'ut
1507 1567 1561 1612 et
1607 1555 1894 1626 Nicephori
1944 1573 2064 1611 eam

491 1648 851 1702 exscribentis
882 1649 926 1713 ⁸,
974 1664 1004 1701 a
1040 1646 1256 1702 Valesio
1296 1656 1349 1702 et
1381 1647 1568 1717 Laugo
1604 1649 1930 1713 sollicitata,
1970 1649 2064 1719 qui

492 1742 614 1796 loco
676 1740 939 1794 Miltiadis
992 1741 1429 1796 substituendum
1491 1742 1817 1796 Alcibiadem
1875 1742 2064 1796 existi-

2167 539 2330 594 uinus
2351 556 2417 595 ex
2446 539 2700 610 Catalogo
2733 538 3068 594 Bucheriano
3091 576 3109 603 ,
3139 535 3427 589 Anastasio
3459 532 3720 602 aliisque,

2167 629 2472 686 Hermetem
2505 631 2585 685 Pii
2619 631 2838 685 fratrem
2871 631 3069 684 librum
3112 627 3422 696 scripsisse,
3462 639 3610 678 nunc
3631 624 3726 678 de—

2167 727 2469 794 perditum,
2510 725 2574 778 de
2626 724 2882 777 Paschate
2911 724 2998 777 die
3037 719 3318 774 Dominico
3365 717 3720 782 celebrando,

2167 820 2221 872 in
2258 835 2358 888 quo
2397 817 2707 869 mandatum
2745 813 3107 868 continebatur
3145 809 3282 880 quod
3321 811 3370 861 ei
3413 817 3727 876 praeceperat

2165 910 2424 981 Angelus,
2453 926 2570 963 cum
2605 909 2737 962 venit
2768 906 2837 959 ad
2857 923 2973 960 eum
2997 907 3052 958 in
3078 903 3261 956 habitu
3290 904 3542 970 pastoris.
3577 900 3730 955 Unde

2167 1003 2244 1057 illi
2275 1003 2342 1057 ab
2372 1002 2616 1073 angelico
2647 1001 2866 1054 Pastore
2896 999 3051 1067 cujus
3081 997 3254 1050 visum
3289 995 3343 1048 in
3376 1011 3475 1049 suo
3498 994 3560 1048 de
3596 992 3732 1047 Pas—

2167 1096 2314 1148 chate
2347 1094 2486 1149 libro
2522 1093 2824 1154 enarravit,
2864 1101 3052 1162 postea
3092 1099 3512 1158 cognomentum
3545 1087 3730 1142 adha-

2167 1187 2271 1251 sit,
2298 1187 2579 1256 dictusque
2613 1185 2736 1240 inde

2237 1279 2513 1348 Angelicus
2543 1277 2756 1340 Pastor,
2785 1278 2910 1346 quia
2943 1277 3142 1330 tradita
3183 1279 3339 1330 rerba
3377 1274 3585 1328 locutus
3609 1314 3625 1339 ,

2166 1380 2225 1426 ut
2253 1370 2823 1424 canitvetustissimus
2857 1370 3090 1439 scriptor
3125 1367 3390 1436 poematis
3425 1367 3478 1420 in
3502 1364 3736 1419 Marcio-

2166 1479 2289 1517 nem
2315 1463 2417 1518 sub
2453 1463 2613 1518 linem
2639 1463 2760 1516 libri
2794 1479 2872 1516 ιιι.
2899 1461 3023 1517 Haec
3057 1463 3270 1532 aliaque
3299 1462 3455 1532 plura
3492 1461 3546 1514 in
3586 1475 3737 1514 eam-

2165 1555 2286 1609 dem
2335 1555 2654 1609 sententiam
2705 1555 2955 1609 laudatus
3009 1555 3094 1608 vir
3141 1554 3410 1608 eruditus.
3461 1551 3738 1606 Habemus

2167 1646 2331 1714 igitur
2359 1645 2606 1700 Hermem
2624 1644 2704 1700 Pii
2731 1644 2748 1697 l
2779 1645 3020 1710 fratrem,
3052 1656 3412 1716 cognomento
3435 1646 3736 1709 Pastorem,

2168 1740 2262 1808 qui
2294 1739 2493 1793 librum
2527 1739 2590 1792 de
2615 1738 2874 1792 Paschate
2904 1739 3140 1808 scripsit.

493 1843 665 1887 maut.
705 1832 891 1902 Neque
934 1834 1090 1887 aliter
1126 1832 1434 1888 Dodwellus
1469 1834 1510 1902 ‘,
1541 1833 1665 1889 licet
1707 1834 1867 1888 aliam
1906 1834 2068 1904 hujus
2099 1809 2141 1864 Β
2237 1831 2307 1885 At
2345 1832 2487 1884 enim
2526 1830 2816 1902 fragmenti
2859 1838 3052 1886 auctor
3081 1845 3189 1884 non
3219 1828 3473 1884 Hermam
3515 1829 3604 1883 cui
3633 1844 3738 1883 no-

494 1927 599 1980 loci
631 1941 849 1980 causam
877 1937 929 1979 et
965 1927 1231 1981 rationem
1264 1928 1429 1982 ineat.

569 2018 707 2071 Sunt
739 2028 994 2087 praetcrea
1030 2027 1220 2074 notatu
1249 2020 1406 2088 plane
1438 2019 1758 2090 dignissima
1778 2059 1794 2084 ,
1823 2032 1944 2087 quae
1973 2031 2068 2071 eo-

495 2109 616 2162 dem
658 2108 685 2179 §
735 2107 822 2170 IV,
871 2112 1143 2164 memoriae
1205 2110 1440 2179 prodidit
1491 2110 1777 2180 fragmenti
1825 2117 2066 2163 auctor:

494 2200 1042 2268 PASTOREI.lleUil,
1086 2203 1382 2269 nuperrime
1427 2203 1740 2270 temporibus
1782 2202 1972 2255 nostris
2017 2199 2071 2250 in

495 2290 620 2343 urbe
648 2288 814 2342 Roma
845 2288 1042 2342 Ilerma
1075 2291 1384 2359 conscripsit
1408 2331 1421 2352 ,
1455 2293 1659 2344 sedente
1698 2292 1949 2344 cathedra
1977 2308 2070 2342 ur-

497 2383 574 2436 bis
609 2382 783 2436 Romte
817 2380 1067 2435 Ecclesia:
1102 2382 1200 2435 Pio
1237 2385 1475 2451 episcopo
1509 2384 1674 2451 fratre
1694 2383 1826 2451 ejus.
1862 2383 2073 2448 Quibus

494 2474 674 2528 verbis
705 2476 814 2529 vim
852 2474 1034 2528 inesse
1085 2475 1382 2528 maximam
1424 2474 1547 2542 jure
1579 2476 1790 2528 censuit
1820 2474 2075 2529 eruditis-

497 2567 674 2620 simus
705 2566 902 2620 editor.
938 2566 1066 2631 Sed,
1092 2575 1154 2620 ut
1187 2581 1315 2620 vere
1346 2566 1547 2632 dicam,
1577 2575 1661 2620 est
1692 2567 1747 2620 in
1776 2567 1880 2620 loci
1914 2566 2076 2635 hujus

497 2657 940 2728 interpretatione
992 2657 1361 2713 Muratoriana
1385 2699 1400 2721 ,
1436 2659 1583 2729 quod
1620 2675 1728 2713 non
1767 2660 1899 2715 satis
1930 2675 2078 2714 asse-

503 2766 665 2818 quor.
706 2749 930 2803 Videtur
986 2751 1129 2803 enim
1178 2751 1292 2819 ipse
1338 2752 1500 2804 allata
1549 2753 1714 2806 verba
1765 2752 1830 2806 de
1879 2752 2077 2806 llerma

499 2858 619 2894 ται-ο
667 2841 967 2910 apostolico
1002 2842 1305 2911 accepisse,
1339 2843 1567 2911 ejusque
1607 2845 1910 2912 respexisse
1944 2860 2079 2914 opus

501 2932 647 2999 quod
669 2933 970 2986 etiamnum
1001 2942 1238 3002 superat,
1268 2934 1425 2988 titulo
1457 2934 1701 2989 Pastoris
1735 2936 2076 3006 inscriptum.

503 3034 561 3081 tu
593 3023 733 3077 hanc
766 3031 945 3078 autem
970 3026 1292 3079 sententiam
1325 3042 1390 3080 ex
1425 3041 1492 3081 eo
1525 3027 1866 3095 potissimum
1909 3028 2082 3082 addu-

2169 1939 2291 1977 men
2322 1923 2551 1977 inditum
2582 1923 2793 1987 Pastor,
2829 1923 2922 1977 sed
2953 1921 3206 1978 Hermam
3239 1922 3478 1976 Pastoris
3509 1922 3740 1990 scripto-

2170 2031 2282 2069 rem
2330 2015 2580 2084 appellat.
2622 2015 2722 2069 Cui
2755 2015 2970 2084 quidem
3004 2015 3297 2084 objectioni
3345 2023 3405 2067 ut
3448 2014 3540 2068 liat
3565 2015 3737 2076 satis,

2170 2109 2300 2163 illud
2335 2125 2501 2162 unum
2530 2109 2843 2178 reponimus
2875 2108 3020 2178 quod
3058 2109 3124 2162 de
3147 2106 3358 2161 Hermae
3383 2106 3604 2161 Pastore
3636 2123 3740 2161 nos

2171 2201 2296 2254 alibi
2332 2201 2535 2255 dixisse
2559 2201 2928 2255 meminimus.
2953 2199 3216 2254 Nimirum
3239 2242 3253 2265 ,
3279 2200 3736 2269 quemadmodum

2173 2296 2272 2349 viri
2323 2296 2603 2365 apostolici
2647 2310 2785 2364 opus
2824 2294 3063 2363 antiquis
3109 2293 3361 2347 Patribus
3403 2291 3598 2347 Pastor
3642 2307 3742 2347 seu

2175 2388 2307 2442 liber
2329 2388 2572 2442 Pastoris
2603 2389 2900 2458 appellatus
2929 2387 3048 2452 fuit,
3081 2387 3206 2441 inde
3235 2386 3465 2440 fortasse
3498 2385 3743 2440 derivata

2175 2478 2616 2533 denominatione
2668 2478 3020 2547 hujusmodi,
3075 2476 3218 2546 quod
3281 2476 3335 2529 in
3400 2484 3514 2530 toto
3573 2474 3746 2530 ferme

2175 2585 2339 2640 opere
2355 2570 2550 2625 Pastor
2584 2572 2857 2626 inducitur
2884 2569 3135 2624 Hermam
3173 2568 3455 2637 alloquens
3485 2576 3539 2622 et
3567 2565 3748 2620 infor-

2178 2679 2332 2717 mans
2365 2681 2375 2714 :
2407 2665 2477 2717 ita
2505 2679 2721 2733 quoque
2761 2662 3078 2732 contigerit,
3114 2671 3173 2715 ut
3211 2671 3265 2715 et
3303 2659 3573 2713 Hermetis
3606 2659 3747 2712 liber

2177 2757 2239 2808 de
2259 2754 2516 2807 Paschate
2534 2753 2714 2818 fuerit,
2736 2753 3013 2808 nonnullis
3039 2751 3251 2813 saltem,
3281 2750 3478 2804 Pastor
3502 2748 3752 2803 nomina-

2178 2856 2266 2900 tus
2293 2864 2306 2911 ;
2332 2846 2459 2914 quia
2496 2846 2641 2899 illius
2668 2853 2860 2899 auctor
2887 2844 2949 2897 de
2976 2844 3041 2895 iis
3064 2842 3307 2910 scripsit,
3339 2857 3456 2910 qua:
3478 2840 3524 2892 ei
3546 2855 3747 2907 prece-

2178 2940 2256 3008 pit
2291 2938 2518 3008 Angelus
2540 2977 2554 3000 ,
2592 2953 2710 2990 cum
2739 2937 2875 2990 venit
2905 2936 2973 2988 ad
3003 2952 3120 2988 eum
3154 2936 3210 2986 in
3243 2933 3429 2986 habitu
3461 2930 3704 2984 Pastoris
3731 2969 3748 2994 ,

2179 3039 2240 3083 ut
2277 3029 2436 3083 habet
2473 3028 2761 3096 Catalogus
2803 3025 2846 3079 ll
2890 3025 3337 3080 Henschenianus
3374 3038 3389 3074 :
3441 3022 3582 3076 unde
3636 3035 3750 3074 non

503 3131 617 3179 cur,
652 3116 798 3184 quod
832 3114 892 3169 ν.
919 3115 979 3168 C.
1015 3117 1167 3170 illum
1212 3116 1424 3173 Herma:
1455 3119 1653 3171 librum
1697 3118 1944 3171 celebrem
1984 3136 2080 3174 vo-
2107 3153 2149 3208 ϐ
2183 3121 2359 3175 solum
2406 3119 2656 3189 scriptori
2678 3157 2691 3179 ,
2718 3119 2810 3173 sed
2840 3118 2958 3186 ejus
2992 3117 3155 3170 etiam
3192 3115 3329 3169 libro
3368 3112 3606 3166 Pastoris
3645 3126 3750 3164 no-

505 3218 608 3274 cet,
642 3217 702 3262 ut
732 3224 856 3263 vere
891 3220 972 3264 est
1000 3208 1240 3264 Pastoris
1273 3227 1410 3281 opus
1438 3217 1595 3281 cujus
1624 3223 1812 3266 auctor
1829 3211 2077 3276 Hermas,

503 3301 742 3368 antiquis
785 3299 1040 3355 Pati-ibus
1091 3304 1320 3377 summis
1353 3303 1607 3360 laudibus
1641 3305 1988 3359 celebratum.
2023 3306 2078 3359 Si

504 3389 774 3458 ejusmodi
803 3391 872 3443 sit
900 3389 1180 3444 Muratorii
1216 3408 1408 3447 sensus
1437 3404 1489 3448 et
1521 3396 1726 3465 opinio,
1761 3397 1813 3448 in
1849 3397 2076 3450 nihilum

510 3481 624 3533 abit
661 3481 782 3548 ejus
811 3493 1176 3551 argumentum
1212 3485 1476 3538 robustius
1511 3501 1530 3536 :
1568 3487 1832 3555 siquidem
1865 3499 2084 3558 aposto-

508 3571 649 3625 licus
682 3569 909 3626 Hermas
941 3588 1117 3642 neque
1160 3572 1252 3626 Pii
1287 3572 1319 3626 Ι
1353 3576 1520 3643 frater
1540 3578 1778 3640 exstitit,
1805 3594 1977 3647 neque
2013 3580 2081 3631 ad
2124 3571 2131 3576 ’

508 3660 789 3713 dimidium
820 3662 998 3715 steculi
1028 3679 1059 3715 a
1091 3662 1299 3717 Christo
1334 3674 1458 3717 nato
1490 3667 1702 3720 secundi
1735 3667 1956 3733 ﬂoruit;
1989 3669 2082 3738 qui

509 3751 770 3806 nimirum
817 3763 1036 3807 centum
1082 3763 1208 3809 ante
1263 3771 1438 3812 annos
1486 3759 1589 3812 sub
1638 3757 1930 3814 Clementis
1976 3759 2084 3814 Ro-

512 3843 659 3896 mani
699 3843 1010 3912 pontificatu
1065 3846 1268 3901 vixisse
1315 3850 1670 3918 comperitur,
1719 3861 1776 3903 ut
1821 3851 1886 3905 ad
1933 3852 2085 3905 volu-

511 3948 635 3986 men
668 3931 689 3986 ι
719 3933 1065 3990 Bibliotheca:
1121 3947 1324 3992 nostra:
1370 3939 1579 4009 przefati
1624 3957 1815 3997 sumus
1845 3943 1884 3995 ⁷.
1932 3942 2084 3998 Alius

511 4025 676 4096 igitur
717 4031 1043 4098 quaerendus
1098 4031 1326 4108 Hermas
1382 4035 1467 4090 vel
1519 4035 1790 4104 Hermes,
1841 4039 1934 4108 qui
1991 4055 2087 4094 Ste-

510 4117 636 4171 culo
677 4131 716 4172 tt
760 4120 978 4183 clarus,
1023 4119 1105 4174 Pii
1137 4117 1174 4174 Γ
1203 4122 1370 4178 frater
1401 4123 1596 4193 fuerit,
1640 4129 1842 4198 quique
1885 4130 2084 4184 librum

514 4206 762 4264 Pastoris
801 4211 956 4266 titulo
989 4213 1309 4282 scripserit:
1345 4233 1452 4286 quo
1493 4219 1659 4274 semel
1700 4221 1907 4290 posito,
1943 4220 2087 4292 frag-

515 4301 685 4355 menti
725 4302 967 4371 acephali
1000 4316 1277 4360 auctorem
1309 4307 1501 4362 Caium
1541 4325 1661 4365 esse
1695 4320 1926 4368 constet.
1965 4311 2086 4367 Jam

515 4405 647 4446 vero
679 4391 759 4445 vir
789 4393 1096 4449 eruditione
1126 4407 1391 4464 praestans
1424 4398 1613 4455 Justus
1645 4401 1982 4458 Fontaninus
2006 4403 2089 4456 lu-

2181 3228 2306 3266 men
2336 3211 2628 3264 inhteserit.
2665 3208 2788 3263 llaec
2817 3218 3023 3262 tantum
3057 3209 3108 3260 in
3134 3205 3541 3275 praesentiarum
3573 3202 3751 3257 habe-

2182 3317 2326 3367 mus,
2355 3301 2554 3371 quibus
2590 3296 3210 3369 propositsefdillicultati
3233 3308 3607 3349 occurramus.
3642 3289 3754 3345 Ve-

2183 3408 2303 3446 rum
2339 3390 2675 3445 eruditorum
2719 3387 2944 3442 arbitrio
2982 3402 3094 3441 rem
3128 3383 3489 3440 deliniendam
3522 3381 3754 3436 dimitti-

2183 3499 2329 3537 mus.

2254 3577 2521 3630 Caeterum
2575 3573 2733 3628 doleo
2778 3571 3028 3641 equidem
3073 3567 3342 3639 ejusmodi
3386 3566 3755 3635 fragmentum

2182 3683 2301 3723 esse
2333 3668 2490 3722 {mdis
2516 3665 2873 3720 deformatum
2907 3665 3202 3718 erroribus.
3237 3660 3339 3715 Sed
3362 3701 3377 3724 ,
3403 3669 3463 3713 ut
3485 3674 3608 3712 cum
3636 3672 3760 3710 ma-

2185 3775 2291 3829 gno
2335 3758 2566 3812 Baronio
2612 3760 2805 3827 loquar
2843 3758 2885 3822 ',
2923 3755 3177 3826 quidquid
3225 3753 3512 3823 antiquitas
3556 3751 3709 3817 o/fert
3736 3791 3754 3816 ,

2183 3854 2288 3905 sive
2329 3867 2595 3904 corrosum
2637 3850 2998 3903 mendosumre
3029 3849 3132 3914 sit,
3177 3846 3344 3914 accipi
3391 3854 3557 3896 tamen
3599 3851 3757 3912 grato

2186 3945 2360 3997 animo
2390 3944 2540 3996 solet.

2257 4035 2330 4090 De
2357 4037 2464 4090 alio
2498 4045 2676 4089 autem
2711 4049 2872 4105 opere
2903 4033 3038 4105 Περὶ
3065 4032 3165 4102 τῆς
3192 4029 3284 4083 τοῦ
3315 4027 3513 4090 παντὸς
3543 4025 3759 4088 οὐσίας,

2183 4128 2328 4197 quod
2352 4142 2383 4181 a
2409 4142 2468 4182 se
2493 4128 2751 4197 scriptum
2783 4127 2838 4180 in
2873 4126 2980 4181 line
3006 4123 3312 4194 Labyrinthi
3337 4129 3566 4176 testatur
3589 4118 3762 4172 Caius

2187 4219 2328 4288 apud
2369 4217 2622 4273 Photium
2654 4219 2777 4273 loco
2809 4217 3062 4288 superius
3085 4219 3246 4271 citato
3267 4256 3282 4281 ,
3315 4221 3510 4284 prater
3539 4226 3601 4265 ea
3633 4226 3765 4278 quae

2186 4309 2328 4364 infra
2361 4311 2589 4366 dicenda
2631 4320 2760 4367 sunt
2797 4310 2891 4365 ubi
2939 4311 3005 4365 de
3039 4309 3313 4380 Hippolyti
3347 4306 3596 4376 scriptis,
3631 4319 3766 4358 con-

2189 4404 2340 4459 sulas
2382 4405 2541 4459 velim
2583 4421 2695 4476 prae
2731 4405 2927 4461 ceteris
2965 4402 3364 4458 Tillemontium
3399 4401 3462 4465 ⁸⁸,
3503 4413 3604 4454 nec
3646 4411 3760 4450 non

517 4483 762 4538 culenter
805 4486 1042 4540 ostendit
1093 4487 1137 4554 ⁸,
1181 4487 1486 4545 Hermetem
1536 4494 1710 4548 sancti
1746 4493 1826 4548 Pii
1868 4494 2088 4550 fratrem
2121 4495 2166 4550 D
2195 4505 2448 4551 auctores
2489 4496 2744 4553 Historia:
2774 4497 3053 4552 litterariae
3083 4495 3302 4551 Gallica:
3328 4495 3391 4559 “,
3431 4491 3524 4548 sed
3557 4490 3611 4544 in
3645 4489 3765 4559 pri-

517 4575 676 4645 plane
713 4575 988 4631 diversum
1033 4592 1155 4634 esse
1201 4582 1271 4635 ab
1306 4581 1502 4638 Herma
1527 4625 1541 4649 ,
1572 4586 1667 4654 qui
1712 4601 1849 4656 opus
1891 4587 2083 4642 litteris

589 4690 608 4722 ³
647 4689 806 4776 llud”
836 4691 916 4776 de.
937 4691 1155 4776 Biblior.
1187 4699 1374 4776 textili.
1406 4700 1601 4769 origin.
1637 4701 2081 4776 libltvtcaptl,
2109 4718 2234 4776 pag.
2266 4704 2402 4771 644,
2430 4722 2580 4776 seqq.

679 4760 982 4841 ‘nl‘iicepli.,
1009 4763 1145 4841 Hist.
1169 4769 1301 4841 eccl.
1323 4769 1416 4841 lib.
1442 4760 1649 4840 tvl'cap.
1673 4772 1763 4826 25.
1821 4760 1854 4802 ’⁸
1893 4760 2078 4826 Dodw.
2108 4760 2331 4832 Dissert.
2363 4760 2402 4830 ί
2465 4760 2604 4830 lien.
2627 4817 2641 4839 ,

521 4829 658 4912 tum.
703 4829 806 4884 PP.
845 4829 1034 4912 tt)_nt.n_l
1056 4850 1226 4912 ,μαψ1
1248 4839 1316 4903 a,
1353 4839 1414 4909 §§
1440 4829 1554 4912 inet
1586 4829 1656 4902 ἑ,
1691 4841 1982 4912 lugeas,
2018 4843 2085 4897 23
2112 4842 2278 4910 (Patr.
2313 4829 2446 4908 cii,
2480 4856 2516 4899 ι.
2548 4829 2632 4912 ιι);

713 4917 853 4985 -ςξψ
878 4911 942 4985 ‘1‘,
962 4911 1030 4985 ἒξ
1057 4911 1082 4985 i
1117 4915 1170 4985 et
1198 4911 1252 4971 ‘2,
1275 4911 1539 4985 _pagg._53
1570 4926 1720 4980 seqq.
1796 4915 1819 4944 ’
1859 4911 2075 4985 Baron.,

2179 4921 2338 4973 Lann.
2373 4917 2512 4983 431,
2540 4911 2672 4985 ger.

521 4985 644 5057 pag.
665 4973 800 5057 A176.
878 4974 920 5005 “
958 4973 1096 5031 Hist.
1120 4975 1223 5035 litt.
1256 4973 1322 5034 de
1347 4973 1661 5046 la'Frauce,
1686 4973 1826 5038 'tom.
1857 4980 1908 5050 l,
1942 4993 2081 5054 part.
2112 4999 2161 5052 ι,
2187 4999 2312 5057 pag.
2339 4987 2466 5044 559.

520 4900 614 4952 lib.
649 4917 853 4980 tt_,_eap.
879 4904 942 4980 _|_,
1057 4905 1082 4958 1
1117 4900 1178 4980 et
1198 4907 1252 4971 Ξ,
1275 4900 1539 4980 ῥειέέῥὸ
1570 4900 1720 4980 seqq.

521 5040 628 5095 ωδ
656 5055 810 5113 seqq.

2193 4589 2300 4644 mis
2336 4588 2665 4645 Dodwellum
2698 4592 2766 4646 ”.

2699 4706 2721 4737 δ
2752 4704 2949 4759 Euseb.
2976 4744 2990 4767 ,
3039 4702 3174 4758 Hist.
3233 4699 3365 4756 eccl.
3417 4698 3511 4752 lib.
3550 4711 3603 4758 v,
3633 4709 3764 4767 cap:

2674 4775 2700 4847 ᾗ
2737 4775 2804 4831 ’58
2829 4817 2842 4839 ,
2899 4765 3019 4844 pag.
3065 4775 3241 4847 571εῇ
3277 4773 3296 4802 ⁷
3335 4769 3636 4847 Prolegom.
3660 4765 3766 4847 “ad

2791 4837 2838 4878 δ’
2868 4837 3094 4900 Fonian.
3119 4886 3134 4908 ,
3181 4841 3317 4897 Hist.
3374 4841 3474 4894 litt.
3505 4837 3721 4908 ’Aquil.
3747 4874 3766 4898 ,

2844 4919 2886 4948 ¹⁰
2926 4904 3176 4979 Tillcm.,
3203 4913 3363 4968 Mém.
3388 4952 3402 4976 ,
3463 4904 3612 4979 tomf
3654 4904 3721 4958 lll
3746 4947 3765 4970 ,

2566 4991 2586 5020 ³
2625 4985 2810 5043 Dodw.
2856 4978 3360 5049 Dissert.6'lreu.,
3411 4980 3440 5052 ᾗ
3483 4978 3568 5044 18,
3630 4992 3762 5046 μειε-
