3966 6500
460 319 527 376 27
1635 321 1772 377 CAll
1807 318 2072 376 ROMANI
2110 314 2536 377 PRESBYTER]
3617 312 3689 369 28

454 435 604 506 pisse
634 442 689 488 et
722 431 1008 498 docuisse;
1041 448 1105 487 ac
1146 432 1550 503 praedicationis
1585 435 1804 504 quidem
1833 436 2033 491 verita-

2149 434 2347 507 ῑαχέναι
2395 432 2587 496 ταῦτα,
2626 430 2663 485 ἃ
2706 429 2799 485 νῦν
2825 421 2965 484 οὗτοι
2997 426 3231 497 λέγουσι’
3262 426 3356 481 καὶ
3373 427 3701 500 τετηρῆσθαι

456 538 562 581 tem
589 542 710 581 esse
737 526 1064 581 custoditam
1095 542 1268 595 usque
1295 526 1359 581 ad
1386 525 1616 582 Victoris
1640 536 1904 598 tempora,
1932 528 2025 598 qui

455 617 651 672 tertius
665 618 911 673 decimus
923 634 952 672 a
974 617 1131 675 Petro
1148 618 1407 673 Romana:
1420 619 1571 673 urbis
1586 619 1872 690 episcopus
1890 619 2024 688 fuit;

454 726 484 764 a
515 709 809 781 Zephyrini
842 718 1020 764 autem
1046 710 1382 779 temporibus
1400 710 1494 780 qui
1520 709 1721 766 Victori
1740 711 2025 777 successit,

456 814 487 851 a
510 799 817 854 lulteratam
864 798 1033 853 fuisse
1071 798 1377 853 veritatem.
1422 799 1500 855 Ac
1535 798 1766 855 fortasse
1798 799 1852 855 id
1881 800 2027 870 quod

456 890 668 956 dicunt,
700 889 958 944 credibile
1003 889 1298 953 videretur,
1354 889 1460 944 nisi
1498 890 1578 945 eis
1627 890 2030 960 refragarentur

460 981 696 1051 primum
732 979 947 1049 quidem
991 979 1189 1033 divina:
1225 977 1540 1049 Scripturze,
1578 979 1771 1035 deinde
1797 979 2026 1035 fratrum

458 1072 817 1141 quorumdam
842 1071 1067 1141 scripta,
1099 1070 1337 1126 Victoris
1364 1081 1520 1126 astate
1543 1072 1873 1141 antiquiora,
1909 1090 2031 1143 quae

461 1164 537 1217 illi
568 1165 830 1217 adversus
863 1172 1049 1233 gentes
1077 1172 1131 1217 et
1165 1171 1354 1217 contra
1397 1163 1481 1217 sui
1522 1164 1782 1233 temporis
1820 1166 2033 1219 haereti-

459 1270 552 1309 eos
577 1269 675 1324 pro
708 1254 954 1308 veritatis
988 1252 1303 1309 defensione
1339 1254 1674 1324 scripserunt
1711 1273 1723 1308 :
1756 1253 2030 1311 Iustinum

461 1348 721 1419 intelligo,
747 1357 800 1402 et
823 1346 1138 1410 Miltiadem,
1157 1355 1211 1402 et
1242 1344 1553 1413 Tatianum,
1582 1361 1645 1401 ac
1676 1346 2029 1413 Clementem,

460 1440 708 1509 aliosque
739 1439 1171 1509 quamplurimas
1207 1456 1221 1493 :
1252 1437 1307 1491 in
1338 1452 1573 1507 quorum
1604 1439 1848 1493 omnium
1876 1439 2033 1494 libris

459 1531 663 1586 Christi
695 1531 951 1585 divinitas
998 1531 1281 1585 astruitur.
1332 1527 1468 1583 Nam.
1503 1529 1690 1585 ἔμιξηωί
1724 1530 1941 1600 quidem
1980 1538 2035 1586 et

462 1622 731 1678 Melitonis
776 1632 829 1678 et
864 1623 1195 1691 reliquorum
1234 1622 1436 1691 scripta
1470 1620 1595 1690 quis
1624 1632 1707 1677 est
1745 1622 1839 1692 qui
1880 1622 2035 1692 igno-

461 1722 565 1780 ret,
604 1713 660 1767 in
710 1714 910 1784 quibus
943 1714 1219 1769 Christum
1256 1712 1426 1768 Deum
1462 1712 1629 1767 simul
1662 1723 1823 1784 atque
1856 1713 2034 1767 homi-

462 1821 585 1859 nem
638 1808 1035 1876 przediearunt?
1097 1807 1297 1862 Psalmi
1343 1822 1562 1876 quoque
1599 1816 1652 1862 et
1686 1807 1892 1862 cantica
1923 1805 2036 1860 fra-

465 1906 605 1951 trum
643 1897 757 1967 jam
794 1899 1001 1968 pridem
1037 1914 1065 1952 a
1105 1898 1353 1953 fidelibus
1384 1899 1713 1969 conscripta,
1755 1897 2032 1953 Christum

468 1987 700 2043 Verbum
733 1989 823 2043 Dei
849 1990 1253 2056 concelebrant,
1289 1992 1627 2047 divinitatem
1650 1991 1698 2044 ei
1728 1990 2031 2044 tribuendo.

462 2079 598 2131 Cum
655 2078 819 2150 igitur
853 2088 928 2135 tot
963 2081 1163 2134 abhinc
1194 2082 1354 2136 annis
1384 2081 1755 2136 ecclesiastica
1788 2080 2034 2136 doctrina

2129 528 2227 598 τὴν
2268 524 2525 597 ἀλήθειαν
2565 521 2660 577 τοῦ
2712 522 3063 594 κηρύγματος
3114 520 3273 591 μέχρι
3304 518 3411 572 τῶν
3449 520 3701 593 Βίκτορος

2128 618 2355 689 χρόνων,
2385 616 2443 679 ὃς
2472 611 2540 687 ἦν
2578 614 3017 686 τρισκαιδέκατος
3046 612 3152 666 ἀπὸ
3180 610 3384 683 Πέτρου
3418 614 3476 664 ὲν
3516 610 3694 686 Ῥῶμε

2130 708 2443 771 ἐπίσκοπος·
2497 706 2604 759 ἀπὸ
2657 706 2713 758 δὲ
2758 704 2851 758 τοῦ
2896 704 3135 773 διαδόχου
3168 700 3335 755 αὑτοῦ
3380 701 3698 773 Ζεφυρίνου,

2132 798 2620 872 παρακεχαράχθαι
2668 798 2766 869 τὴν
2800 798 3072 869 ἀλήθειαν.
3114 793 3222 849 Ἦν
3245 796 3287 848 δ’
3328 793 3394 848 ἂν
3425 793 3585 864 τυχὸν
3614 809 3703 845 πι-

2132 893 2285 948 θανὸν
2316 892 2376 945 τὸ
2420 892 2731 962 λεγόμενον,
2767 892 2815 943 εί
2858 890 2931 961 μὴ
2979 890 3193 961 πρῶτον
3234 888 3330 959 μὲν
3376 888 3703 942 ἀντιπιπτον

2132 985 2315 1048 αὐτοῖς
2340 984 2396 1036 αἱ
2430 982 2566 1036 θεῖαι
2598 982 2827 1052 Γραφαί·
2876 982 2970 1035 καὶ
3011 979 3251 1049 ἀδελφῶν
3295 978 3351 1031 δέ
3381 996 3538 1033 τινων
3586 979 3704 1032 ἐστὶ

2130 1076 2429 1147 γράμματα
2462 1072 2804 1146 πρεσϐύτερα
2830 1073 2936 1125 τῶν
2958 1073 3211 1144 Βίκτορος
3236 1071 3460 1143 χρόνων,
3495 1069 3531 1124 ἃ.
3563 1073 3706 1123 ἐκεῖ·

2131 1185 2210 1221 νοι
2255 1166 2393 1238 πρὸς
2429 1166 2499 1220 τὰ
2544 1165 2670 1238 ἔθνη
2716 1165 2856 1239 ὑπὲρ
2892 1166 2989 1236 τῆς
3019 1162 3293 1236 ἀληθείας,
3324 1164 3419 1216 καὶ⁵
3449 1163 3580 1234 πρὸς
3604 1162 3704 1226 τὰς

2130 1258 2251 1312 τότε
2286 1258 2524 1327 αἱρέσεις
2568 1256 2828 1329 ἔγραψανο
2877 1256 3019 1325 λέγω
3047 1257 3103 1310 δὲ
3143 1256 3422 1309 Ἰουστίνου
3456 1256 3549 1308 καλ⁵
3568 1253 3706 1307 Μιλ-

2132 1350 2310 1403 τιάδου
2334 1350 2429 1402 καὶ
2448 1350 2708 1403 Τατιανοῦ
2730 1350 2822 1403 καὶ
2842 1350 3154 1419 Κλήμεντος
3173 1348 3266 1400 καὶ
3296 1346 3494 1416 ἐτέρων
3524 1345 3707 1397 πλειόο

2133 1459 2257 1506 νων,
2293 1442 2351 1494 ἐν
2381 1434 2462 1504 οἷς
2492 1440 2661 1494 ἅπασι
2694 1441 3020 1509 θεολογεῑται
3052 1439 3125 1511 (6)
3154 1442 3182 1492 ό
3209 1438 3457 1509 Χριστός.
3490 1438 3570 1489 Τὰ
3596 1437 3708 1509 γὰρ

2134 1533 2421 1605 Είρηναίου
2473 1550 2533 1585 τε
2579 1534 2673 1585 καὶ
2726 1526 3031 1595 Μελίτωνος
3080 1532 3173 1584 καὶ
3213 1529 3321 1583 τῶν
3368 1529 3568 1583 λοιπῶν
3623 1529 3708 1591 τίς

2135 1626 2319 1694 ἀγνοεῖ
2364 1625 2567 1696 βιϐλία,
2614 1625 2744 1677 Θεὸν
2794 1624 2887 1677 καὶ
2954 1622 3234 1694 ἄνθρωπον
3277 1620 3712 1690 καταγγέλλοντα

2136 1719 2225 1771 τὸν
2253 1718 2514 1790 Χριστόν;
2539 1718 2756 1788 Ψαλμοὶ
2776 1717 2832 1769 δὲ
2859 1718 2971 1771 ὅσοι
2996 1716 3089 1770 καὶ
3119 1715 3252 1786 ᾠδαὶ
3271 1714 3509 1784 ἀδελφῶν
3533 1715 3714 1785 ἀπαρ-

2139 1812 2245 1881 χῆς
2277 1810 2379 1863 ὑπὸ
2424 1810 2630 1864 πιστῶν
2670 1812 2962 1881 γραφεῖσαι
3011 1809 3085 1879 (7)
3118 1808 3209 1862 τὸν
3252 1807 3419 1877 Λόγον
3452 1806 3544 1859 τοῦ
3573 1805 3713 1859 Θεοῦ

2139 1906 2228 1958 τὸν
2263 1905 2492 1976 Χριστὸν
2525 1902 2751 1975 ὑμνοῦσι
2784 1900 3172 1970 θεολογοῦντες.
3215 1899 3339 1963 Πῶς
3381 1894 3471 1952 οὖν
3501 1900 3563 1951 ὲκ
3590 1914 3717 1950 τοσ-

2136 1996 2325 2064 ούτων,
2356 1996 2491 2049 ὲτῶν
2541 1993 3041 2065 καταγγελλομένω
3108 1990 3203 2045 τοῦ
3261 1987 3713 2061 ἐκκλησιαστικοῦ

2141 2088 2504 2159 φρονήματος,
2536 2086 2806 2157 ἐνδέχεται
2852 2086 2977 2147 τοὺς
3027 2084 3191 2155 μέχρι
3242 2082 3496 2153 Βίκτορος
3539 2079 3716 2143 οὕτως

464 2170 753 2236 praedicata
796 2173 887 2238 sit,
930 2174 1025 2241 qui
1059 2174 1175 2227 fieri
1205 2182 1403 2243 potest,
1457 2182 1517 2227 ut
1550 2188 1743 2227 omnes
1771 2186 1945 2242 usque
1972 2171 2039 2225 ad

2149 2179 2215 2242 Lb;
2245 2174 2389 2232 οὗτοι
2420 2178 2634 2246 λέγουσι
2656 2175 3049 2247 κεκηρυχέναι;
3080 2173 3205 2236 Πῶς
3231 2173 3287 2225 δὲ
3316 2172 3416 2225 οὐκ
3443 2169 3715 2223 αἰδοῦνται

466 2264 702 2321 Victoris
735 2278 975 2338 tempora
1017 2284 1136 2324 eam
1182 2285 1345 2338 quam
1381 2269 1469 2324 isti
1504 2269 1693 2324 dicunt
1736 2266 2037 2322 doctrinam

2149 2271 2311 2324 ταῦτα
2345 2270 2603 2341 Βίκτορος
2632 2266 3083 2337 καταψεύδεσοαν
3116 2263 3357 2336 ἀκριϐῶς
3388 2263 3602 2326 εἰδότες,
3629 2262 3716 2315 ὅτι

464 2359 966 2429 promulgaverint?
991 2359 1275 2427 Quomodo
1297 2376 1390 2415 eos
1412 2376 1518 2415 non
1539 2360 1703 2430 pudet
1730 2357 2043 2427 hujusmodi

2149 2363 2355 2433 Βίκτωρ
2376 2362 2465 2415 τὸν
2494 2361 2693 2415 σκυτέα
2721 2360 2972 2413 Θεόδοτον
2996 2358 3085 2411 τὸν
3114 2356 3353 2429 ἀρχηγὸν
3380 2356 3471 2409 καὶ
3505 2354 3717 2425 πατέρα

465 2448 793 2503 calumniam
854 2451 1115 2506 adversus
1172 2449 1444 2506 Victorem
1502 2450 1869 2513 concinnare,
1914 2463 2038 2502 cum

466 2548 617 2593 certo
665 2541 861 2607 sciant,
908 2540 1247 2596 Theodotum
1289 2542 1610 2605 coriarium,
1654 2539 1743 2610 qui
1778 2538 2039 2594 defectio-

467 2632 553 2685 nis
583 2632 728 2687 illius
764 2632 931 2687 Deum
966 2635 1287 2705 abnegantis
1345 2650 1544 2705 parens
1588 2642 1645 2687 et
1680 2642 1871 2687 auctor
1913 2630 2035 2696 fuit,

466 2723 787 2793 primusque
819 2724 1097 2778 Christum
1139 2730 1344 2781 nudum
1390 2742 1513 2781 esse
1558 2725 1834 2779 hominem
1886 2739 2039 2778 asse-

467 2812 597 2879 ruit,
627 2828 721 2883 per
755 2813 1025 2869 Victorem
1051 2831 1081 2869 a
1120 2818 1504 2871 communione
1534 2815 1789 2871 Ecclesia:
1809 2814 2041 2884 ejectum

2140 2453 2341 2524 ταύτης
2386 2453 2487 2523 τῆς
2524 2450 2844 2523 ἁρνησιθέου
2895 2450 3242 2512 ἀποστασίας,
3282 2445 3591 2519 ἀπεκήρυξε
3617 2445 3717 2515 τῆς

2143 2542 2445 2606 κοινωνίας,
2470 2541 2683 2613 πρῶτον
2716 2541 2935 2595 εἰπόντα
2966 2540 3116 2610 ψιλὸν
3144 2538 3424 2610 ἄνθρωπον
3453 2537 3542 2590 τὸν
3578 2537 3716 2607 Χρι-

2145 2635 2265 2687 στόν
2290 2650 2304 2699 ;
2337 2634 2397 2686 Εἰ
2426 2634 2533 2704 γὰρ
2572 2634 2786 2703 Βίκτωρ
2815 2634 2933 2685 κατ’
2956 2632 3149 2694 αὐτοὺς
3176 2629 3347 2693 οὕτως
3378 2628 3610 2700 ἐφρόνει,
3640 2627 3718 2691 ὡς

2146 2727 2179 2795 ἡ
2225 2725 2429 2778 τούτων
2487 2725 2723 2779 διδάσκει
2771 2723 3104 2796 βλασφημία,
3162 2722 3280 2786 πῶς
3324 2720 3389 2775 ἂν
3446 2716 3718 2773 ἀπέϐαλλε

2148 2817 2400 2871 Θεόδοτον
2433 2818 2524 2870 τὸν
2555 2818 2652 2889 τῆς
2684 2817 2944 2890 αἱρέσεως
2970 2814 3170 2885 ταύτης
3198 2814 3457 2885 εὑρετήν;

468 2902 669 2958 fuisse?
723 2902 856 2959 Nam
906 2906 973 2969 si,
1006 2918 1065 2961 ut
1111 2909 1285 2973 aiunt,
1341 2908 1526 2964 Victor
1562 2909 1751 2963 eadem
1793 2909 2061 2964 sentiebat
2109 2924 2230 2980 qua:
2285 2911 2504 2965 illorum
2563 2911 2721 2966 docet
2775 2909 3047 2981 impietas,
3081 2924 3179 2965 cur
3222 2905 3559 2962 TheOdotum
3600 2902 3718 2974 opi-

469 2996 653 3052 nionis
680 2998 826 3053 illius
848 3009 1129 3057 auctorem
1168 3003 1237 3058 ab
1266 3002 1509 3060 Ecclesia
1542 3002 1803 3058 removit?

2055 3124 2104 3182 11

1955 3213 2033 3270 lo.
2062 3205 2204 3263 Ibid.

541 3296 776 3356 Facinus
826 3310 1014 3356 nostra
1064 3310 1223 3359 astate
1278 3313 1512 3375 gestum,
1564 3304 1752 3359 multis
1808 3302 2036 3359 fratrum
2065 3308 2107 3365 C

470 3397 783 3443 nostrorum
821 3390 874 3443 in
914 3392 1235 3446 memoriam
1276 3394 1545 3447 revocabo
1584 3411 1597 3447 :
1645 3393 1788 3463 quod
1823 3392 2042 3463 quidem

472 3478 517 3530 si
543 3477 795 3535 Sodomis
829 3482 1129 3536 admissum
1176 3482 1389 3549 fuisset,
1435 3485 1584 3553 ipsos
1618 3526 1633 3551 ,
1674 3494 1735 3539 ut
1789 3485 2044 3549 arbitror,

475 3568 682 3623 incolas
708 3571 776 3624 ad
819 3572 1192 3640 paenitentiam
1248 3588 1545 3643 provocare
1588 3576 1872 3643 potuisset.
1919 3574 2050 3629 Erat

472 3660 692 3728 quidam
726 3660 933 3717 Natalis
969 3662 1211 3731 nomine,
1235 3663 1541 3729 confessor,
1570 3666 1665 3735 qui
1695 3681 1802 3719 non
1836 3665 1910 3719 ita
1935 3665 2048 3735 pri-

472 3753 617 3816 dem,
655 3754 747 3807 sed
791 3764 974 3808 nostra
1009 3765 1166 3810 {etate
1207 3756 1363 3810 vixit.
1390 3755 1489 3811 llic
1534 3755 1675 3812 forte
1710 3757 1761 3810 in
1803 3756 2051 3813 fraudem

475 3844 729 3900 inductus
780 3854 864 3901 est
916 3847 983 3901 ab
1029 3848 1437 3918 Asclepiodoto,
1485 3858 1539 3903 et
1594 3848 1765 3903 altero
1810 3848 2047 3917 quodam

474 3934 757 3991 Theodoto
807 3940 1137 4008 argentario.
1185 3940 1359 3994 Ambo
1421 3950 1602 3994 autem
1655 3939 1742 3995 isti
1793 3939 2047 4008 discipuli

474 4036 631 4080 erant
672 4026 937 4083 Theodoti
964 4030 1111 4085 illius
1143 4030 1391 4098 coriarii,
1420 4032 1512 4101 qui
1545 4031 1757 4101 primus
1796 4032 1867 4085 ob
1906 4030 2049 4087 hanc

476 4160 823 4241 {iihliothe-ca,
862 4166 1115 4241 φιλ-48,
1155 4164 1365 4241 Caium
1396 4168 1559 4241 hujus
1601 4167 1723 4221 libri
1770 4175 2048 4241 auctorem

476 4233 626 4311 facit,
658 4233 842 4311 τούτο]
863 4233 955 4311 τὸν
982 4237 1139 4311 Γέιῇν
1161 4233 1527 4311 πρεσϐύτερόν
1562 4254 1694 4311 φασι
1724 4236 2050 4311 γεγενῆσθαι

476 4302 576 4370 τῆς
599 4302 741 4376 κατὰ
782 4305 998 4376 Ῥώμην
1047 4302 1390 4376 Ἐκκλησίας,
1434 4302 1687 4371 συντάξαι
1718 4302 1774 4360 δὲ
1804 4302 2053 4361 Scottica-

478 4387 570 4494 ρον
599 4372 753 4455 λόγον
788 4372 930 4455 ἰδίως
956 4372 1100 4428 κατὰ
1123 4372 1587 4457 τῆς³Αρτέμωνος
1624 4378 1918 4460 αἱρέσεως,
1942 4389 2047 4431 etc.

504 4442 577 4494 ltc
601 4453 685 4494 est
720 4461 835 4494 mse
867 4446 1027 4494 liber-
1066 4462 1221 4494 cuius
1253 4448 1550 4494 fraamenm
1586 4448 1673 4494 hlf‘.
1704 4449 1909 4494 nmlert
1942 4446 2047 4494 En-

504 4442 685 4520 li_c_est
720 4445 835 4513 ipse
867 4446 1027 4509 liber,
1066 4442 1221 4515 cujus
1252 4442 1552 4520 fragmenta
1586 4448 1673 4520 h_ie
1700 4442 1909 4520 profert
1942 4446 2051 4501 Eu-
2077 4516 2108 4520 _
2154 4451 2227 4503 Τὸ
2269 4452 2442 4520 στόμα

2222 3303 2551 3376 ’Υπομνήσω
2612 3300 2740 3371 γοῦν
2790 3300 3014 3365 πολλοὺς
3056 3300 3162 3355 τῶν
3205 3299 3444 3368 ἀδελφῶν
3491 3297 3723 3369 πρᾶγμα

2151 3398 2235 3467 ἐφ’
2264 3395 2419 3467 ήμῶν
2442 3395 2747 3465 γενόμενον·
2783 3393 2811 3447 ὃ
2839 3394 3042 3464 νομίζω
3073 3394 3153 3446 ὅτι
3186 3393 3232 3444 εἰ
3254 3393 3309 3444 ὲν
3338 3390 3585 3460 Σοδόμοις
3600 3389 3723 3456 ἐγε-

2152 3490 2317 3559 γόνει,
2352 3488 2512 3558 τυχὸν
2558 3487 2623 3541 ἂν
2668 3486 2949 3549 κάκείνους
2988 3484 3323 3555 ἐνουθέτησε.
3354 3481 3619 3543 Νατάλιος
3649 3476 3723 3551 ἦν

2150 3596 2234 3642 τις
2268 3578 2340 3648 (8)
2373 3576 2707 3648 όμολογητής
2738 3576 2797 3629 ού
2832 3575 3018 3639 πάλαι,
3050 3574 3162 3628 ἀλλ’
3191 3575 3281 3626 ἐπὶ
3311 3573 3417 3626 τῶν
3440 3571 3722 3643 ἡμετέρων

2153 3671 2441 3741 γενόμενος
2492 3670 2698 3741 καιρῶν
2752 3670 2848 3739 (9).
2907 3664 3072 3731 Οὗτος
3129 3666 3382 3737 ἠπατήθη
3440 3665 3568 3716 ποτὲ
3618 3661 3722 3716 ὑπὸ

2165 3762 2608 3831 Ἀσκληπιοδότου
2660 3762 2753 3814 καὶ
2803 3760 2987 3831 ἐτέρου
3038 3758 3289 3812 Θεοδότου
3329 3757 3471 3820 τινὸς
3518 3771 3722 3826 τραπε-

2153 3853 2336 3918 ζίτου’
2384 3850 2524 3925 ἦσαν
2569 3853 2623 3906 δὲ
2664 3846 2808 3905 οὗτοι
2853 3853 3019 3923 ἄμφω
3056 3850 3304 3903 Θεοδότου
3346 3848 3437 3902 τοῦ
3484 3847 3722 3909 σκυτέως

2157 3944 2414 4015 μαθηταὶ,
2435 3941 2530 3996 τοῦ
2559 3944 2773 4014 πρώτου
2804 3943 2897 3995 ἐπὶ
2924 3942 3096 4015 ταύτῃ
3118 3944 3183 4012 τῇ
3219 3942 3495 4012 φρονήσει,
3527 3936 3723 4007 μᾶλλον

2152 4035 2208 4088 δὲ
2252 4035 2566 4109 ἀφροσύνη,
2602 4036 2987 4108 ἀφορισθέντος
3022 4034 3119 4105 τῆς
3161 4031 3440 4095 κοινωνίας
3487 4030 3591 4082 ὑπὸ
3634 4027 3725 4080 Βί-

2158 4168 2452 4239 Trajanum
2480 4179 2670 4225 auctor
2717 4178 2819 4235 est,
2855 4167 3198 4224 Christianos
3236 4166 3291 4220 in
3320 4181 3487 4239 unum
3521 4177 3723 4239 conve-

2157 4233 2366 4295 nientes
2397 4240 2615 4296 Christo
2649 4233 2888 4312 hymnos
2904 4254 3103 4312 canere
3128 4236 3495 4312 consuevisse.
3530 4233 3602 4312 De
3639 4234 3727 4287 his

2156 4312 2385 4391 psalmis
2408 4321 2462 4365 et
2490 4303 2703 4391 hymnis
2746 4309 3125 4390 intelligendus
3159 4308 3371 4391 videtur
3398 4303 3721 4391 Hippolytus

2157 4375 2211 4433 in
2250 4382 2496 4435 oratione
2529 4375 2603 4435 ile
2644 4375 3111 4435 consummatione
3151 4377 3335 4431 mundi
3372 4376 3473 4429 sub
3506 4375 3665 4426 tinent
3704 4391 3719 4428 :

2521 4451 2634 4521 μῶν
2672 4452 2807 4521 πρὸς
2837 4447 3140 4521 δοξολογίαν
3173 4446 3266 4521 καὶ
3294 4441 3447 4521 αἶνον.
3468 4444 3559 4521 καὶ
3586 4442 3729 4521 ψαλ-

478 4453 577 4496 tltc
601 4453 685 4497 est
720 4453 835 4513 ipse
868 4453 1027 4509 liber,
1066 4453 1221 4515 cujus
1252 4453 1552 4517 fragmenta
1586 4453 1673 4502 hic
1704 4453 1909 4516 profert
1943 4453 2044 4501 Eu-

478 4513 683 4602 sebius,
728 4532 898 4602 .quen‘t‘
943 4527 1121 4602 tanien
1169 4532 1218 4602 a‘
1246 4518 1828 4602 Labyrintho‘i’hotius
1864 4528 2044 4602 aperte

2154 4453 2227 4503 Τὸ
2269 4453 2442 4520 στόμα
2464 4453 2634 4572 ιΕμῶν
2672 4453 2807 4521 πρὸς
2837 4453 3140 4516 δοξολογίαν
3173 4453 3266 4499 και
3294 4453 3437 4498 αἰνον
3468 4453 3559 4526 καὶ
3586 4453 3722 4511 ψαλ-

2156 4523 2287 4602 μοὺς
2314 4522 2407 4602 κα).
2435 4521 2475 4602 ἰς
2526 4521 2589 4584 ὰς
2627 4519 2996 4602 πνευματικὰς
3033 4517 3338 4602 ηὑτρέπιφ.
3366 4516 3562 4602 λαλειν.
3602 4513 3722 4602 gitt—

478 4582 784 4655 distinguit.
866 4586 971 4641 Sed
1036 4586 1326 4655 Nicephori
1361 4582 1709 4642 'sentcntiam
1763 4582 2052 4641 confirmat

482 4651 860 4734 'Iiheddoretns
892 4657 944 4711 iu
986 4658 1078 4734 lib.
1114 4651 1571 4734 ti:llwg'eticarttrn
1603 4656 1929 4734 fabularum,
1959 4672 2054 4734 ca_--

479 4725 587 4797 p‘ite
611 4724 665 4797 5,
694 4726 784 4779 ubi
824 4743 989 4796 agens
1024 4727 1091 4781 dc
1122 4725 1400 4781 Theodoto
1424 4724 1680 4789 coriario,
1717 4744 1945 4797 eamque
1990 4729 2057 4782 de

481 4793 669 4866 Natale
708 4793 965 4866 episcopo
1000 4797 1240 4852 referens
1282 4798 1565 4851 historiam
1609 4814 1771 4865 quam
1804 4793 1892 4852 hic
1924 4814 2055 4851 nar-

479 4875 563 4918 rat
601 4864 981 4937 Eusebius,'ex
1024 4868 1161 4922 libro
1184 4868 1275 4936 qui
1307 4867 1507 4921 Parvus
1539 4864 1873 4937 labyrinthus
1912 4868 2053 4923 dici—

484 4946 572 4988 tur
586 4935 744 5007 Aillam
779 4952 899 4990 esse.
921 4935 1293 5007 depromptum
1327 4947 1575 4993 testatur.

553 5004 629 5072 (6)
660 5006 1065 5075 7880.101‘67tat.
1101 5004 1172 5062 De
1220 5008 1267 5060 vi
1315 5024 1379 5062 ac
1424 5007 1644 5061 notione
1683 5008 1834 5061 verbi
1879 5006 2058 5061 Θεολο-

481 5078 620 5147 γεῖν,
650 5074 969 5147 ΠιειίηυΜ.
1010 5078 1261 5147 primitus
1311 5079 1575 5145 usurpati,
1612 5079 1809 5132 vidcsis
1856 5089 2057 5132 nostra:

484 5146 646 5212 hujus
673 5144 1023 5201 Bibliotheca;
1051 5157 1182 5201 tom.
1216 5147 1303 5209 Vl,
1338 5150 1391 5201 in
1427 5144 1606 5202 Indice
1634 5149 1842 5203 Graeco.
1901 5149 2054 5202 Alio-

484 5230 605 5267 rum
652 5227 892 5287 vctetum
946 5215 1165 5287 Patrum
1221 5221 1499 5287 complura
1542 5220 1656 5272 loca
1705 5220 1758 5272 in
1807 5220 2053 5273 eamdem

481 5286 803 5338 sententiam
850 5288 1052 5354 profert
1095 5286 1360 5343 Svicerus’
1403 5291 1458 5343 in
1506 5288 1654 5345 Thes.
1691 5290 1818 5343 ccci.
1853 5298 1983 5344 tom.
2011 5287 2053 5356 Ι,

481 5354 792 5426 νοεῖ-1553,
819 5355 845 5426 §
875 5356 929 5410 ‘2.

480 5368 603 5423 pag.
635 5368 792 5417 tabo,
819 5368 845 5423 ς
875 5368 929 5410 2.

554 5371 1000 5506 ῗέ)1,ῗ¹ῗί².ιῗοῗ’ῥὲ
1031 5427 1140 5506 καί
1157 5428 1297 5506 ᾠδαὶ
1325 5427 1602 5506 ἀδελφῶν
1621 5427 1899 5506 ᾀῖζαρχῆς
1937 5427 2053 5481 ὑπὸ

485 5498 716 5570 πιστῶν
745 5498 1072 5570 ῖφαφεῖᾳαι.
1108 5498 1464 5570 scribendum
1496 5511 1578 5555 est
1610 5503 1703 5553 ἀπ’
1754 5500 1947 5570 ἀρχῆς,
1998 5507 2057 5552 ut

490 5564 649 5639 habet
695 5569 866 5639 codex
923 5566 1086 5635 Med.,
1153 5568 1314 5633 Fuk.,
1365 5568 1529 5623 Savil.
1580 5580 1634 5624 et
1696 5564 2051 5639 Nicepliorus.

487 5632 658 5713 Porro
693 5650 759 5713 ex
791 5636 876 5713 his
902 5632 1329 5713 verbisapparet
1358 5655 1564 5713 morem
1604 5632 2056 5713 fuisseautiquis-

490 5704 689 5786 simum
714 5705 766 5757 in
792 5704 1053 5772 Ecclesia,
1089 5704 1406 5786 Ιιδξῂιιιοε-εξι
1430 5710 1667 5786 psalmos
1705 5710 1773 5786 in_
1792 5704 2051 5786 honorem

489 5775 692 5829 Christi
740 5791 1083 5846 componere.
1130 5775 1300 5836 'Ccrte
1330 5775 1537 5837 Plinius
1588 5781 1641 5835 in
1692 5782 1918 5850 epistola
1982 5782 2049 5836 ad

2153 4583 2393 4660 jusmodi
2435 4583 2666 4661 hymnus
2713 4583 2777 4644 in'
2820 4583 3078 4661 honorem
3111 4583 3238 4640 Iesu
3280 4585 3481 4661 Christi
3529 4600 3559 4636 a
3600 4583 3725 4661 Cle-

2159 4654 2338 4715 ineute
2363 4654 2726 4715 Alciaudrino
2752 4658 3086 4727 compositus
3118 4664 3295 4711 exstat
3319 4656 3384 4709 ad
3416 4654 3723 4723 liuenrejus

2158 4730 2447 4816 liblrprtrm,
2474 4731 2565 4816 qui
2602 4729 2887 4816 Pagrdagogi
2910 4728 3308 4816 1ξξιεριςὶιηιιιιυιτἶ

2228 4802 2305 4870 (8)
2342 4794 2636 4865 Νατάλιος
2662 4796 2740 4869 ἦν
2767 4794 2879 4865 ξιξ.
2910 4797 3125 4870 Nescio,
3159 4814 3225 4870 an
3254 4796 3344 4870 hic
3382 4794 3728 4870 sitCazcilius

2157 4865 2385 4935 Natalis,
2440 4871 2532 4939 qui
2583 4865 2952 4939 disputatione
2991 4867 3207 4939 Octavii
3246 4865 3487 4939 Januarii
3535 4879 3722 4920 coram

2157 4942 2386 4996 Minutio
2412 4936 2588 4995 Felice
2618 4936 2803 4993 Roma:
2830 4940 3032 5003 habita,
3068 4938 3133 4991 ad
3171 4936 3369 4991 Christi
3398 4936 3554 4990 ﬁdem
3590 4950 3725 4988 con-

2157 5028 2348 5067 versus
2376 5023 2479 5073 est,
2524 5020 2583 5064 ut
2625 5010 2884 5065 scribitur
2931 5010 2985 5061 iu
3020 5008 3233 5077 dialogo
3278 5005 3487 5059 Minutii
3524 5004 3726 5059 Felicis

2159 5083 2301 5203 (cap.
2337 5083 2447 5163 lii).
2490 5080 2700 5135 Nomen
2738 5088 2883 5135 certe
2926 5077 3197 5141 convenit,
3232 5088 3286 5131 et
3312 5086 3522 5144 tempus
3556 5084 3725 5144 atque

2160 5169 2254 5203 Ι)Γο
2281 5167 2445 5203 CSSIO.

2176 5167 2445 5207 )I'UICSSIO.

2157 5170 2489 5291 5"i’éissii’sz
2546 5219 2665 5274 τῶν
2716 5218 3013 5291 ἡμετέρων
3069 5216 3304 5291 καιρῶν.
3354 5215 3432 5291 Ad
3485 5214 3725 5269 litteram

2159 5287 2424 5357 Graecam,
2460 5293 2658 5345 nostris
2691 5287 3045 5359 temporibus;
3082 5303 3188 5355 qua
3224 5287 3493 5359 locutione
3521 5301 3579 5338 se
3611 5300 3721 5359 non

2158 5379 2275 5418 rem
2313 5354 2644 5433 praeteritam
2688 5377 2755 5433 es
2795 5354 3034 5433 aliorum
3066 5354 3325 5411 memoria
3359 5371 3605 5433 narrare,
3627 5354 3722 5411 sed

2159 5427 2432 5487 recentem
2454 5472 2474 5496 ,
2520 5447 2685 5500 quam
2737 5430 2852 5497 ipse
2882 5429 3070 5500 oculis
3114 5437 3450 5500 perspectam
3472 5495 3495 5500 _
3522 5427 3725 5500 habere

2158 5504 2416 5572 potuerit,
2446 5494 2500 5556 et
2538 5494 2703 5570 quam
2741 5494 2985 5567 proxime
3014 5494 3347 5572 ὠκεῖαι-’ἐφ’
3382 5495 3537 5572 ἡμῶν
3570 5494 3723 5563 γενό-

2161 5567 2341 5644 μενον,
2395 5567 2585 5644 testari
2610 5579 2794 5644 noster
2833 5567 3357 5644 auctorAsiguilicat.
3407 5568 3720 5644 Cous'rsu'r,

2159 5635 2355 5712 Epistt.
2386 5643 2537 5697 Rom.
2573 5640 2778 5712 ponti/1'.
2810 5654 2931 5709 pag.
2961 5638 3083 5712 Hi9,
3114 5635 3203 5693 tibi
3251 5637 3561 5710 hujusmodi
3600 5635 3717 5689 (ἔξω

2160 5710 2523 5785 fragmentum
2549 5710 2603 5768 in
2638 5710 2874 5767 medium
2908 5710 3129 5780 profert.
