3966 6540
362 391 428 441 29
1838 381 2280 439 FRAGMENTA.
3532 378 3603 435 30

364 518 569 573 κτορος,
594 500 673 564 ὡς
707 499 865 571 ἔφην,
900 496 992 551 τοῦ
1018 497 1140 552 τότε
1173 496 1494 551 ἐπισκόπου.
1521 492 1838 566 Ἀνεπείσθη
1874 494 1914 547 δῖ

2034 494 2362 561 doctrinam,
2389 507 2483 549 seu
2509 493 2691 564 potius
2721 489 3043 550 insaniam'a
3075 490 3315 558 Victore,
3364 500 3425 547 ut
3464 490 3599 556 dixi,

358 597 385 645 ό
418 592 687 657 Νατάλιος
716 594 807 646 ὑπ’
846 591 1027 646 αὐτῶν
1072 592 1163 645 ἐπὶ
1210 590 1451 661 σαλαρίῳ
1491 588 1787 651 ἐπίσκοπος
1819 586 1929 658 (10)

360 685 706 757 κληρωθῆναι
736 685 849 756 (11)
881 684 1080 755 ταύτης
1109 684 1210 754 τῆς
1234 681 1514 754 αἱρέσεως,
1548 679 1689 734 ὥστε
1722 678 1921 751 λαμϐά-

356 792 467 829 νειν
520 777 654 846 παρ’
702 775 881 829 αὐτῶν
937 776 1159 847 μηνιαῖα
1210 773 1440 844 δηνάρια
1485 770 1680 824 ἑκατὸν
1733 769 1931 841 πεντή-

356 884 535 921 κοντα.
596 868 894 939 Γενόμενος
939 864 1032 921 οὖν
1095 868 1190 920 σὺν
1238 866 1421 929 αὐτοῖς
1444 904 1459 929 ,
1521 864 1588 917 δι’
1643 862 1932 936 ὁραμάτων

355 961 613 1024 πολλάκις
640 961 973 1015 ὲνουθετεῖτο
1010 960 1119 1031 (12)
1169 959 1273 1013 ὑπὸ
1324 958 1418 1012 τοῦ
1465 957 1709 1030 Κυρίουο
1744 957 1774 1009 ὁ
1823 955 1931 1027 γὰρ

353 1053 729 1123 εὖσπλαγχνος
774 1053 908 1116 Θεὸς
954 1054 1049 1108 καὶ
1103 1053 1307 1125 Κύριος
1346 1051 1502 1123 ἡμῶν
1551 1048 1756 1121 Ἰησοῦς
1801 1050 1932 1120 Χρι-

354 1144 478 1208 στὸς
521 1143 681 1215 (15),
729 1146 829 1197 οὐκ
873 1144 1122 1197 ἐϐούλετο
1166 1144 1271 1211 ἔξω
1324 1141 1651 1213 Ἐκκλησίας
1701 1140 1930 1210 γενόμε-

355 1251 481 1301 νον,
533 1235 835 1289 ἀπολέσθαι
900 1237 1154 1308 μάρτυρα
1191 1235 1302 1289 τῶν
1354 1234 1499 1288 ἰδίων
1551 1232 1739 1286 παθῶν
1779 1232 1927 1303 (14).

372 1326 513 1379 Ἐπεὶ
543 1328 599 1380 δὲ
633 1327 1002 1400 ῥαθυμότερον
1039 1332 1151 1393 τοῖς
1179 1328 1418 1401 δράμασι
1439 1329 1715 1399 προσεῖχε,
1748 1324 1932 1378 δελεα-

356 1420 577 1490 ζόμενος
618 1423 686 1493 τῇ
719 1438 778 1473 τε
818 1422 947 1493 παρ’
994 1421 1180 1484 αὐτοῖς
1215 1419 1690 1492 πρωτοκαθεδρίᾳ,
1738 1418 1831 1472 καὶ
1862 1419 1928 1488 τῇ

351 1510 637 1576 πλείστους
692 1512 1031 1585 ἀπολλυούσῃ
1095 1511 1508 1584 αἰσχροκερδείᾳ
1531 1552 1545 1576 ,
1626 1512 1930 1563 τελευταῖον

348 1600 454 1653 ὑπὸ
482 1602 654 1671 ἁγίων
686 1602 932 1670 ἀγγέλων
962 1600 1335 1673 ὲμαστιγώθη,
1366 1600 1432 1653 δι’
1460 1599 1586 1672 ὅλης
1612 1599 1711 1670 τῆς
1737 1597 1929 1661 νυκτὸς

344 1693 404 1745 ού
436 1693 693 1765 σμικρῶς
731 1694 1030 1757 αἰκισθείς·
1066 1692 1207 1745 ὥστε
1251 1692 1419 1745 ἕωθεν
1466 1690 1760 1761 ἀναστῆναι
1782 1729 1797 1754 ,
1835 1688 1928 1742 καὶ

344 1782 708 1853 ἐνδυσάμενον
746 1784 981 1848 σάκκον,
1036 1784 1131 1837 καὶ
1179 1782 1373 1835 σποδὸν
1436 1779 1924 1849 καταπασάμενον,

346 1873 488 1943 μετὰ
512 1874 714 1943 πολλῆς
760 1874 996 1943 σπουδῆς
1034 1874 1129 1926 καὶ
1168 1871 1421 1943 δακρύων
1460 1871 1789 1942 προσπεσεῖν
1832 1870 1925 1921 Ζε-
1957 1859 1999 1914 Β

344 1965 556 2036 φυρίνῳ
595 1965 673 2036 τῷ
723 1966 1036 2036 ὲπισκόπῳ,
1082 1966 1397 2036 κυλιόμενον
1448 1964 1554 2018 ὑπὸ
1603 1963 1729 2027 τοὺς
1758 1962 1923 2026 πόδας

340 2059 402 2110 ού
434 2057 597 2129 μόνον
640 2057 748 2110 τῶν
794 2060 852 2111 ὲν
882 2056 959 2128 τῷ
996 2056 1205 2131 κλήρῳ,
1252 2056 1387 2110 ἀλλὰ
1422 2056 1515 2109 καὶ
1546 2054 1655 2108 τῶν
1686 2053 1919 2107 λαῖκῶψ

344 2150 571 2219 συγχέαι
603 2168 662 2204 τε
688 2152 795 2215 τοῖς
826 2151 1051 2222 δάκρυσι
1079 2147 1177 2220 τὴν
1206 2147 1574 2219 εύσπλαγχνον
1601 2144 1923 2217 Ἐκκλησίαν

338 2242 435 2295 τοῦ
467 2241 762 2313 ὲλεήμονος
792 2241 1030 2313 Χριστοῦ
1050 2258 1065 2272 ο
1100 2241 1266 2313 πολλῇ
1296 2256 1357 2293 τε
1399 2243 1464 2311 τῇ
1499 2240 1677 2311 δεήσει
1716 2237 1923 2309 χρησά-

342 2349 523 2402 μενον,
566 2332 820 2399 δείξαντα
853 2348 915 2384 τε
958 2332 1086 2395 τοὺς
1116 2330 1385 2402 μώλωπας
1423 2322 1499 2383 ὧν
1532 2329 1745 2401 εἰλήφει
1789 2328 1926 2399 πλη-

337 2423 454 2491 γῶν
483 2423 619 2497 (15),
656 2424 811 2497 μόλις
843 2422 1240 2496 κοινωνηθῆναι
1264 2422 1396 2494 (16).

2034 596 2164 643 tunc
2198 588 2460 658 temporis
2509 587 2765 658 episcopo
2796 587 2866 642 ab
2909 585 3166 641 Ecclesiae
3208 585 3601 641 communione

2032 687 2276 735 remotus
2330 688 2436 734 εει.
2475 678 2541 733 Hi
2586 687 2980 750 persuaserunt
3024 675 3224 743 Natali,
3272 684 3333 730 ut
3377 684 3601 744 accepto

2033 774 2235 829 salario
2256 772 2479 829 haeresis
2499 773 2648 827 illius
2672 772 2962 842 episcopus
2992 778 3290 833 crearetur,
3305 783 3366 822 ea
3390 762 3601 822 scilicet

2031 864 2388 927 conditione,
2440 872 2499 917 ut
2557 871 2869 917 menstruos
2925 867 3145 915 centum
3203 856 3598 928 quinquaginta

2030 956 2287 1010 denarios
2321 955 2390 1009 ab
2424 954 2531 1010 illis
2572 954 2864 1022 acciperet.
2911 948 3163 1005 Sociatus
3195 948 3359 1019 igitur
3382 948 3597 1001 illorum

2030 1048 2297 1119 partibus,
2330 1061 2473 1116 saepe
2504 1061 2535 1100 a
2572 1044 2806 1099 Domino
2827 1042 3328 1113 reprehendebatur
3356 1042 3413 1095 in
3442 1039 3597 1095 visis.

2030 1140 2503 1199 Clementissimus
2521 1137 2667 1193 enim
2685 1136 2829 1192 Deus
2845 1153 2909 1192 ac
2934 1136 3196 1192 Dominus
3228 1149 3414 1191 noster
3438 1133 3599 1190 Jesus

2029 1233 2305 1299 Christus,
2335 1247 2460 1286 eum
2488 1231 2581 1302 qui
2622 1230 2943 1301 passionum
2980 1244 3205 1285 suarum
3244 1230 3400 1284 testis
3430 1226 3598 1283 exsti-

2028 1332 2187 1391 terat,
2234 1324 2414 1393 perire
2448 1332 2605 1379 extra
2657 1321 2959 1377 Ecclesiam
3018 1321 3257 1375 nolebat;
3315 1319 3423 1376 Sed
3471 1334 3598 1375 cum

2027 1418 2160 1471 visis
2192 1416 2300 1472 illis
2353 1416 2733 1485 obtemperare
2781 1414 3079 1485 negligeret
3124 1411 3363 1479 Natalis,
3412 1419 3598 1483 utpote

2028 1506 2239 1563 honore
2268 1506 2457 1577 prima:
2481 1506 2625 1576 apud
2650 1505 2775 1560 illos
2801 1504 2968 1570 sedis,
2996 1514 3052 1559 et
3074 1504 3252 1574 turpis
3281 1504 3418 1559 lucri
3447 1503 3596 1575 cupi-
3693 1504 3703 1518 ‘

2027 1599 2196 1654 ditate
2240 1598 2394 1672 (quae
2439 1598 2630 1653 multis
2676 1597 3000 1653 mortalibus
3028 1597 3198 1653 exitio
3240 1597 3351 1668 est)
3386 1598 3597 1652 inesca-

2027 1700 2116 1748 tus
2141 1733 2155 1759 ,
2201 1692 2418 1747 tandem
2444 1708 2475 1747 a
2510 1691 2719 1746 sanctis
2767 1691 2975 1762 angelis
3034 1705 3132 1761 per
3181 1699 3349 1746 totam
3384 1697 3597 1744 noctem

2028 1785 2212 1857 ﬂagris
2245 1801 2422 1841 caesus
2468 1793 2522 1840 ει
2571 1784 2890 1855 gravissime
2928 1783 3247 1839 verberatus
3297 1792 3421 1838 est:
3462 1780 3597 1836 adeo

2028 1885 2090 1931 ut
2117 1878 2296 1948 primo
2326 1877 2567 1932 diluculo
2594 1890 2955 1947 consurgens,
2989 1890 3210 1930 saccum
3252 1874 3511 1937 induerit,
3545 1882 3595 1928 et

2027 1972 2211 2025 cinere
2233 1985 2563 2041 conspersus
2589 1969 2878 2025 confestim
2908 1984 3030 2025 cum
3059 1966 3316 2038 lacrymis
3336 1966 3401 2020 ad
3434 1965 3596 2035 pedes

2028 2059 2321 2131 Zephyrinl
2356 2061 2599 2131 cpisc0pi
2632 2075 2753 2116 sese
2798 2060 3082 2130 abiecerit,
3106 2073 3215 2113 non
3257 2058 3434 2113 solum
3488 2055 3593 2111 cleo

2029 2150 2298 2218 ricorum,
2358 2166 2547 2205 verum
2602 2152 2765 2205 etiam
2816 2151 3080 2206 laicorum
3132 2149 3378 2220 vestigiis
3425 2147 3596 2202 advo-

2029 2242 2223 2311 lutus;
2284 2251 2337 2298 et
2383 2243 2586 2299 Christi
2635 2244 3005 2299 misericordis
3057 2243 3361 2298 Ecclesiam
3420 2242 3596 2312 ipsam

2029 2350 2247 2405 quoque
2299 2335 2710 2391 misericordem
2766 2336 2988 2391 ﬂetibus
3048 2337 3162 2391 suis
3205 2333 3595 2401 commoverit,

2019 2436 2181 2497 atque
2213 2428 2587 2495 concusserit;
2614 2427 2914 2497 multisque
2944 2429 3200 2498 precibus
3230 2443 3386 2495 usus,
3410 2437 3595 2485 osten-

2019 2518 2096 2574 sis
2133 2518 2297 2573 etiam
2345 2518 2619 2575 vibicibus
2662 2519 2946 2590 plagarum
2988 2535 3125 2590 quas
3151 2520 3467 2590 pertulerat,
3500 2519 3593 2576 vix

2019 2611 2238 2667 tandem
2270 2611 2338 2666 ad
2368 2611 2811 2668 communionem
2849 2611 3124 2667 admissus
3156 2619 3259 2668 est.

1936 2720 2021 2779 Ill.

1840 2814 1917 2869 ιο.
1949 2812 2091 2868 Ibid.

413 2917 636 2989 Γραφὰς
668 2917 770 2988 μὲν
812 2916 963 2981 Θείας
1006 2917 1225 2986 ἀφόϐως
1264 2917 1779 2990 ρεραδιουργήκασι·
1830 2920 1922 2973 πί-

339 3026 513 3071 στεως
563 3008 621 3061 δὲ
660 3007 895 3081 ἀρχαίας
943 3007 1147 3061 κανόνα
1194 3007 1519 3080 ἠθετήκασι·
1570 3010 1799 3081 Χριστὸν
1857 3010 1916 3063 δὲ

2103 2915 2301 2973 Sacras
2350 2916 2567 2988 quidem
2608 2914 3215 2987 Scripturas'auoacter
3251 2902 3590 2968 adulterave-

2022 3019 2181 3079 runt,
2217 3010 2503 3082 primitivm
2551 3020 2730 3065 autem
2781 3008 2907 3065 ﬁdei
2953 3008 3198 3077 regulam
3245 3007 3589 3077 rejecerunt,

374 3125 526 3248 malii)
566 3125 924 3205 Ἐπίσκοπος
948 3122 1260 3204 κληθῆναι.
1298 3123 1372 3177 Ita
1400 3124 1661 3205 scriptum
1694 3124 1915 3194 prail'ert
1942 3131 1985 3190 C
2020 3126 2285 3197 gellorum
2316 3127 2515 3197 quibus
2535 3125 2742 3181 Natalis
2762 3142 2793 3181 a
2823 3126 3026 3181 sanctis
3050 3124 3258 3195 angelis
3285 3138 3461 3179 cursus
3483 3133 3587 3186 est,

337 3211 371 3247 (ι
444 3212 511 3248 ex
548 3193 780 3248 Regius.
824 3210 913 3248 cui
966 3202 1240 3248 consentit
1284 3192 1463 3248 liulim
1516 3197 1909 3248 mternretatio.
2021 3198 2270 3248 proxima
2309 3197 2531 3248 mentio.
2565 3197 2750 3248 nlaaas
2777 3212 2874 3248 nro
2902 3195 3106 3248 Christi
3145 3194 3456 3248 desertione
3486 3207 3587 3248 no—

444 3212 511 3249 ex
548 3193 780 3263 Regius,
822 3194 1240 3265 cui‘consientit
1284 3192 1463 3265 iiutini
1491 3192 1909 3265 interpretatio.

338 3264 447 3319 Sed
481 3274 717 3334 quatuor
757 3263 953 3333 reliqui
990 3263 1237 3334 codices,
1286 3263 1449 3329 Maz.,
1488 3263 1668 3329 Med;
1694 3265 1829 3321 Fuk.
1857 3278 1909 3323 et

340 3333 515 3398 Savil.
547 3334 1063 3404 scriptumihabent,
1094 3333 1459 3404 κληρωθῆναι.

411 3406 527 3476 (11)
562 3402 1096 3472 Κληοωθῆναι.Νοη
1127 3402 1396 3476 displicet,
1424 3405 1569 3473 quod
1594 3406 1733 3474 apud
1766 3406 1915 3461 Ruli-

336 3474 506 3537 num,
537 3484 936 3544 nominaretur;
992 3489 1058 3528 ex
1098 3490 1208 3544 quo
1245 3483 1299 3529 et
1345 3474 1513 3544 liquet
1559 3490 1682 3529 eum
1728 3476 1914 3532 Greece

335 3546 538 3616 legisse
562 3544 848 3616 κληθῆναι.
881 3543 1068 3614 Neque
1103 3543 1233 3598 vero
1259 3543 1556 3616 obscurum
1590 3556 1692 3613 est,
1736 3546 1911 3600 Natali

336 3615 543 3669 vanum
588 3616 828 3685 episcopi
868 3615 995 3685 sine
1032 3630 1345 3685 rernomen
1398 3615 1667 3670 indultum
1718 3616 1910 3680 fuisse,

340 3702 467 3739 cum
497 3699 607 3739 non
634 3696 779 3740 esset
807 3686 947 3756 inter
966 3684 1086 3739 illos
1109 3684 1396 3756 hzereticos
1419 3686 1711 3755 episcopus
1740 3688 1833 3756 qui
1860 3688 1908 3741 ei

344 3756 748 3827 ordinationem
784 3754 1034 3827 conferre
1082 3764 1287 3827 posset.
1345 3754 1481 3810 Hinc
1526 3754 1630 3811 non
1679 3754 1912 3827 alicujus

340 3826 518 3897 urbis,
551 3825 647 3881 sed
678 3824 1067 3897 hazresisiillius
1100 3824 1390 3897 episc0pus
1429 3837 1774 3897 nuncupatus
1805 3824 1909 3883 est.

336 3896 611 3968 Quocirca
637 3906 691 3949 et
715 3895 1084 3968 infradicitur
1108 3895 1282 3968 pn'ma
1314 3896 1565 3950 cathedra
1593 3895 1907 3968 insignitus,

337 3983 447 4020 non
477 3967 607 4035 quia
640 3966 911 4037 episcopis
962 3965 1256 4034 aliquibus,
1284 3968 1378 4022 sed
1404 3968 1531 4037 quia
1576 3969 1675 4023 toti
1708 3965 1911 4025 limt'esi

335 4034 685 4106 praesideret.
706 4034 1014 4106 Cousrasr.

407 4106 523 4175 (12)
564 4107 643 4158 Δι’
674 4105 1073 4175 ὁραμάτων....
1100 4107 1484 4161 ἐνουθετεῒτο.
1533 4108 1760 4162 Ruﬁnus
1791 4124 1912 4162 ver-

336 4176 422 4240 tit,
462 4175 846 4229 admonebatur
884 4177 938 4229 in
963 4178 1201 4231 somniis.
1236 4177 1483 4233 Valesius
1530 4194 1691 4241 vero,
1743 4180 1912 4231 corri-

336 4247 587 4315 piebatur
617 4246 673 4298 in
704 4247 937 4310 somnis;
980 4256 1034 4300 et
1075 4246 1238 4311 infra,
1293 4248 1384 4301 sed
1444 4265 1561 4301 cum
1621 4260 1908 4302 nocturnas

335 4317 609 4387 ejusmodi
634 4316 869 4387 uisiones
914 4318 1229 4387 negligeret;
1261 4334 1371 4387 quo
1412 4318 1465 4387 in
1513 4320 1632 4373 loco
1683 4317 1909 4373 Ruﬁnus

339 4402 451 4439 non
487 4386 695 4457 addidit
722 4398 1029 4441 nocturnas.
1062 4386 1121 4441 ln
1163 4386 1396 4457 utroque
1439 4386 1563 4442 loco
1592 4389 1795 4457 placuit
1821 4389 1911 4442 lit-

339 4468 471 4510 terae
494 4455 698 4511 Graeca:
722 4457 1017 4523 adhaerere,
1050 4458 1103 4511 in
1143 4474 1252 4527 qua
1288 4455 1422 4511 nihil
1454 4469 1557 4523 est,
1592 4455 1909 4515 undcsom-

341 4528 587 4579 niantine
605 4541 681 4598 _an
732 4527 976 4598 vigilanti
1007 4530 1120 4582 haec
1142 4529 1258 4582 visa
1307 4532 1527 4598 ostensa
1557 4528 1685 4593 sint,
1723 4529 1906 4598 conje-

2021 3194 2270 3266 proxima
2309 3194 2531 3258 mentio,
2565 3197 2750 3266 plagas
2777 3212 2874 3265 pro
2902 3195 3106 3250 Christi
3135 3194 3456 3249 desertione
3486 3207 3589 3266 po-

2021 3262 2163 3331 iius,
2209 3282 2373 3336 quam
2436 3283 2531 3336 pro
2565 3262 2792 3320 Christi
2817 3266 3140 3334 confessione
3173 3273 3426 3332 acceptas
3447 3302 3462 3327 ,
3500 3262 3589 3317 hic

2017 3336 2240 3407 intelligi
2270 3336 2525 3405 postulet.
2553 3337 2630 3392 In.

2087 3403 2216 3479 (16Ῐ
2233 3403 2419 3479 Μόλις
2448 3404 2895 3479 κοινωνηθῆνᾳι.
2920 3403 3267 3479 _lluju_s_mod_i
3300 3403 3586 3473 indulgen-

2015 3474 2229 3532 tia'non
2263 3478 2436 3532 solum
2472 3478 2542 3531 iis
2568 3478 2662 3545 qui
2693 3493 2721 3531 a
2756 3475 3022 3530 catholica
3068 3475 3172 3529 ﬁde
3192 3474 3588 3545 abscesserant

2013 3558 2068 3602 et
2096 3548 2164 3601 ad
2213 3563 2332 3602 eam
2369 3544 2716 3615 postmodum
2762 3546 3073 3610 redierant,
3113 3544 3207 3599 sed
3264 3554 3320 3598 et
3353 3544 3585 3615 moechis

2052 3614 2403 3673 (renitentibus
2432 3618 2724 3687 impertita,
2745 3616 3078 3670 Tertulliano
3102 3615 3256 3687 valde
3282 3614 3582 3687 displicuit.

2052 3634 2403 3673 (renitentibus
2432 3634 2724 3687 impertita,
2755 3634 3078 3670 tertumano
3102 3634 3256 3668 value
3282 3634 3582 3684 uispncuu.

2014 3634 2147 3741 Eam
2171 3688 2240 3742 ob
2263 3704 2483 3741 causam
2514 3689 2567 3740 in
2598 3689 2689 3741 lib.
2718 3687 2791 3740 De
2811 3687 3060 3755 pudicit.,
3084 3701 3138 3738 n.
3160 3684 3248 3755 li’),
3267 3686 3585 3753 episcopum

2014 3758 2172 3827 Cujus
2203 3773 2400 3812 nomen
2461 3758 2675 3820 reticet,
2741 3753 2819 3811 sic
2872 3757 3126 3827 sugillat;
3166 3753 3236 3807 Et
3291 3766 3345 3827 tu
3374 3756 3584 3827 quidem

2011 3825 2372 3897 paenitentiam
2404 3828 2589 3881 moechi
2640 3828 2709 3880 ad
2742 3825 3067 3897 exorandam
3099 3825 3491 3893 fraternitatem
3523 3825 3579 3877 in

1986 3895 2287 3952 ecclesiam
2336 3898 2607 3963 inducens,
2647 3895 3033 3949 conciliciatum
3076 3904 3123 3948 et
3152 3897 3579 3959 concineratum,

2012 3986 2133 4022 cum
2166 3968 2415 4021 dedecore
2443 3977 2491 4022 et
2542 3968 2757 4022 horrore
2786 3969 3153 4035 compositum,
3195 3967 3483 4035 prosternis
3527 3968 3583 4021 in

2012 4038 2239 4091 medium
2266 4048 2389 4091 ante
2418 4036 2625 4101 viduas,
2657 4047 2779 4090 ante
2806 4041 3157 4106 presbyteros,
3192 4039 3423 4091 omnium
3449 4036 3582 4092 laci-

2010 4110 2127 4161 nias
2158 4109 2508 4173 invadentem,
2550 4108 2782 4160 omnium
2826 4106 3044 4175 vestigia
3083 4106 3430 4172 lambentem,
3467 4125 3581 4162 om-

2010 4181 2159 4232 nium
2190 4194 2355 4247 genua
2388 4179 2737 4240 detinentem;
2769 4177 3071 4247 inquereum
3104 4177 3328 4232 hominis
3353 4178 3577 4242 exitum,

2010 4245 2224 4317 quantis
2268 4258 2412 4315 potes
2456 4245 2844 4301 misericordia?
2880 4245 3163 4310 illecebris,
3200 4247 3364 4301 bonus
3396 4259 3581 4316 pastor

2009 4316 2057 4372 et
2093 4318 2392 4371 benedictus
2423 4334 2561 4387 papa
2606 4318 2959 4378 concionaris,
2992 4326 3040 4369 et
3076 4316 3131 4371 in
3177 4319 3433 4385 parabola
3467 4320 3577 4372 ovis

2011 4405 2198 4456 capras
2244 4398 2364 4440 tuas
2411 4389 2645 4457 quwris,
2699 4398 2805 4459 tua
2835 4388 3042 4459 ovisine
3090 4405 3272 4443 rursus
3316 4390 3380 4443 de
3427 4405 3579 4459 grege

2009 4458 2245 4512 exsiliat.
2279 4456 2613 4523 Quzeverba
2660 4459 2748 4512 hic
2776 4456 3084 4512 describere
3118 4460 3296 4513 visum
3338 4456 3439 4514 εει
3465 4456 3575 4513 non

2012 4538 2220 4582 tantum
2268 4531 2337 4582 ob
2372 4529 2789 4583 consensionem
2832 4529 3047 4581 illorum
3088 4545 3213 4584 cum
3261 4531 3328 4585 iis
3361 4545 3481 4599 quae
3511 4534 3576 4593 (a

342 4578 579 4669 ciemus.
605 4578 720 4651 tum
748 4578 1286 4659 'P‘éir‘us'ﬁiinus'iﬁn
1316 4578 1527 4651 ῐέῷὲῐό
1558 4578 1906 4669 Ligerem
1938 4578 1980 4632 Ι)
2008 4578 2806 4669 mamma.ai.";.‘1;;;;gi.'.ai,
2833 4578 2942 4652 sui
2960 4578 3577 4667 iii"e.;;.';.‘s'i1..rc'?ea:

335 4666 543 4789 ὅραρα,
569 4682 680 4735 quo
702 4676 1015 4721 constanter
1034 4669 1206 4721 utitur
1236 4679 1421 4723 noster
1442 4678 1652 4731 auctor,
1682 4668 1749 4723 de
1776 4670 1906 4723 visis

336 4739 444 4789 viai
472 4738 680 4789 antium
705 4739 925 4789 nronrie
956 4738 1083 4789 dici.
1114 4737 1190 4789 In.
1212 4768 1283 4778 ——-
1305 4737 1381 4789 De
1407 4739 1719 4789 huiusmodi
1747 4738 1901 4789 visis.

336 4737 680 4807 vigilantium
705 4739 925 4807 proprie
956 4738 1083 4791 dici.
1114 4737 1190 4792 In.
1212 4768 1283 4778 ——-
1305 4737 1381 4793 De
1407 4739 1719 4807 hujusmodi
1747 4738 1901 4803 visis,

335 4806 413 4858 ex’
439 4808 843 4875 probatissimis
878 4806 1133 4862 Ecclesia:
1165 4806 1543 4864 monumentis
1583 4810 1907 4877 antiquiori-

338 4876 441 4930 bus
454 4879 738 4934 comnlura
765 4878 969 4934 profert
996 4873 1241 4934 e'xemnla
1273 4877 1581 4933 Dodwellus
1595 4878 1818 4934 Dissert.
1848 4881 1904 4934 4.

377 4892 441 4930 llS
454 4892 738 4935 complura
765 4892 969 4935 prmert
996 4892 1241 4935 exempta
1273 4892 1581 4933 UOGWB'HUS
1595 4892 1818 4935 υιδεενι.

341 4892 441 4930 nus
454 4892 738 4947 complura
764 4892 969 4947 prmert
996 4892 1241 4948 exempta
1273 4892 1581 4933 uouwettus
1595 4892 1818 4935 mssert.
1848 4892 1904 4947 4,

341 4946 619 5014 Cyprium,
641 4962 765 5018 pag.
788 4947 854 5001 57
881 4963 1060 5018 seqq.“

411 5018 523 5091 (13)
568 5016 1188 5091 Qedg-I...I._X.'Nemo
1224 5018 1422 5075 dixerit
1468 5019 1562 5091 Dei
1601 5035 1794 5091 nomen
1836 5020 1900 5091 (a

342 5084 475 5159 Caio
501 5088 595 5157 qui
619 5088 930 5159 Artemonis
950 5090 1197 5144 haeresim
1222 5091 1454 5157 refutat)
1484 5090 1575 5145 hic
1613 5084 1906 5159 improprie

338 5155 558 5211 Christo
582 5158 836 5212 attribui:
857 5158 1123 5227 siquidem
1148 5160 1298 5214 illum
1323 5160 1391 5214 ab
1416 5155 1708 5215 Artemone
1733 5155 1903 5215 Deum

336 5228 526 5296 gregari
555 5244 665 5281 non
690 5230 910 5297 patitur,
939 5244 1099 5297 quem
1123 5245 1154 5283 a
1182 5231 1499 5295 majoribus,
1518 5240 1703 5285 contra
1734 5230 1905 5286 luere-

335 5298 430 5367 !ici
464 5298 627 5367 hujus
656 5299 959 5363 mendacia,
994 5299 1163 5354 Deum
1206 5310 1475 5356 assertum
1508 5316 1648 5364 esse,
1678 5299 1901 5365 Justini,

333 5366 627 5431 Miltiadis,
657 5367 902 5429 Tatiani.
950 5369 1280 5438 Clementis,
1311 5370 1497 5426 lrenaei
1542 5380 1594 5426 et
1634 5371 1903 5427 Melitonis

331 5441 558 5508 scriptis
587 5441 804 5493 evincit.
839 5439 1150 5495 Consum.

402 5510 519 5577 (14)
552 5508 833 5578 Μάρτυρα
859 5509 981 5563 τῶν
1006 5510 1171 5582 ιδίων
1199 5510 1422 5582 παθῶν.
1441 5511 1594 5582 Apud
1623 5512 1900 5579 Ruﬁnum,

332 5590 624 5702 martyiiem
648 5597 802 5633 suum
831 5582 920 5650 qui
947 5580 1047 5635 sibi
1077 5582 1133 5634 in
1163 5581 1343 5638 multis
1373 5580 1712 5652 passionibus
1738 5587 1903 5639 exsti-

333 5659 491 5702 terat.
549 5667 604 5702 ι).

333 5659 491 5704 terat.
526 5659 604 5705 In.

407 5721 540 5794 (15L
560 5716 1005 5794 Mdilwzaqcbr
1048 5721 1283 5794 εἰλήφει
1337 5725 1605 5794 πληγῶν.
1658 5723 1904 5781 Valesius

333 5801 457 5916 post
508 5790 765 5846 Ruﬁnum
798 5793 1032 5854 addidit,
1072 5809 1168 5875 pro
1200 5793 1402 5849 Christi
1451 5790 1805 5865 confessione.
1837 5797 1901 5849 Et

374 5878 421 5916 ιε
465 5862 782 5916 haerendum
814 5862 1002 5916 Graeco
1039 5863 1331 5916 dunmus:
1374 5868 1609 5916 maxime.
1647 5883 1771 5916 cum
1805 5867 1901 5916 ﬂa—

374 5863 421 5917 ic
465 5862 782 5919 merendum
814 5862 1002 5919 erco
1039 5863 1331 5922 duximus:
1374 5862 1609 5925 maxime
1647 5883 1771 5923 eum
1805 5867 1901 5922 lla-

2008 4671 2157 4738 poris
2180 4670 2324 4723 circa
2364 4670 2707 4740 ptenitentesr
2731 4671 2934 4738 vigeret
2967 4670 3275 4740 disciplina,
3321 4670 3575 4738 exemplo

2008 4740 2181 4794 altero
2213 4742 2521 4793 lirmaretur
2552 4755 2566 4791 :
2622 4739 2711 4793 sed
2739 4749 2794 4793 et
2843 4741 3076 4794 maxime
3110 4739 3246 4809 ’quia
3289 4740 3570 4802 nonnulli,

2007 4810 2441 4878 nominatimque
2466 4809 2793 4864 Paschasius
2823 4810 3147 4874 Quesnellus
3184 4813 3412 4866 Dissert.
3450 4811 3473 4862 1
3508 4809 3574 4862 de

2006 4882 2193 4952 vitaet
2226 4881 2385 4952 ges_tis
2417 4879 2630 4952 Leonis,
2655 4895 2774 4952 cap.
2802 4882 2889 4941 l2,
2922 4897 2977 4934 n.
3012 4882 3066 4943 6,
3100 4898 3294 4952 papam
3317 4881 3467 4952 illum
3504 4880 3573 4933 de

2006 4965 2116 5019 quo
2138 4950 2253 5004 haec
2286 4949 2654 5023 Tertullianus
2682 4951 2977 5023 eloquitur,
3003 4949 3365 5023 Zephjrinum
3402 4951 3570 5023 inter-

2007 5029 2311 5091 pretantur.
2333 5019 2409 5074 De
2440 5021 2556 5089 ipso
2580 5036 2797 5091 quoque
2822 5019 3090 5091 Baronius
3124 5019 3189 5076 ad
3214 5037 3416 5075 annum
3440 5020 3568 5091 216,

2005 5090 2063 5143 n.
2097 5091 2151 5152 4,
2185 5091 2390 5145 dictum
2426 5091 2672 5159 intelligit
2705 5090 2834 5143 illud
2877 5090 3119 5157 ejusdem
3152 5094 3240 5146 lib.
3274 5107 3313 5155 t,
3354 5107 3473 5160 cap.
3501 5090 3522 5142 1
3553 5108 3566 5143 :
3628 5094 3629 5097 “

2002 5161 2178 5213 Audio
2225 5163 2384 5214 etiam
2429 5161 2797 5231 edictumesse
2853 5163 3214 5231 propositum,
3266 5173 3313 5215 et
3360 5162 3569 5230 quidem

2002 5233 2453 5300 peremptorium:
2504 5229 2740 5299 pontifex
2770 5229 2966 5285 scilicet
3011 5234 3274 5286 maximus
3314 5229 3450 5301 quod
3490 5238 3568 5283 est

1952 5296 1966 5311 ”
2002 5296 2275 5373 episcopus
2314 5296 2708 5373 episcoporum,
2743 5303 2947 5357 edicit:
2994 5302 3106 5373 Ego
3149 5313 3197 5356 et
3244 5296 3474 5373 nnechite
3518 5309 3567 5353 et

2030 5372 2374 5443 'ornicationis
2424 5371 2659 5435 delicta,
2717 5371 3057 5443 paenitentia
3088 5372 3284 5441 {unctis
3332 5372 3564 5424 dimitto.

2052 5457 2190 5510 eque
2212 5442 2529 5511 ambiguum
2559 5452 2662 5508 est,
2681 5442 2812 5513 qnin
2838 5446 2882 5499 si
2913 5448 3201 5499 denotetur
3223 5442 3566 5513 Zephyrinus

2004 5513 2091 5567 his
2116 5527 2236 5581 cap.
2258 5513 2282 5566 1
2309 5510 2513 5585 verbis,
2543 5514 2686 5567 idem
2699 5510 2934 5585 quoque
2954 5510 3330 5583 superioribus
3352 5510 3472 5585 cap.
3498 5510 3567 5562 15

2003 5593 2277 5655 carpatur.
2310 5581 2426 5639 Non
2473 5584 2672 5640 desunt
2707 5581 2888 5640 tamen
2930 5581 3345 5655 qui'utrumque
3385 5584 3566 5655 iocum

2003 5653 2069 5725 ad
2118 5653 2436 5723 episcopum
2471 5653 2980 5725 Carthaginiensem
3022 5653 3289 5722 referant;
3339 5654 3477 5708 adeo
3505 5658 3568 5705 ut

2003 5724 2049 5777 is
2082 5739 2176 5796 per
2200 5724 3037 5796 exaggerationem’Tertulliano
3081 5743 3189 5782 non
3222 5724 3567 5784 insolentem.

2003 5795 2237 5867 pontifea:
2270 5799 2535 5851 maximus
2570 5797 2747 5852 dictus
2782 5799 2854 5851 sit
2891 5806 2947 5852 et
2987 5799 3256 5867 episcopus
3300 5796 3567 5867 episcopo-

2006 5882 2140 5921 rum.
2178 5865 2374 5923 Verum
2420 5868 2532 5924 sive
2566 5869 2629 5931 is,
2668 5869 2782 5924 sive
2810 5869 2991 5926 quivis
3016 5865 3169 5923 sum
3218 5866 3565 5924 intelligatur,
