3966 6492
434 316 498 371 31
1637 322 1720 378 CA
1730 322 1776 379 ll
1806 322 2070 380 ROMANI
2111 322 2542 382 PRESBYTER!
3597 334 3654 389 55

431 424 714 481 Christum
738 425 916 497 ipsum
946 428 1179 501 denique
1212 430 1625 502 ignoraverunt:
1680 449 1789 489 non
1822 435 1994 505 inqui-

2101 436 2466 507 ἠγνοήκασινο
2500 438 2562 491 οὐ
2592 435 2646 491 τί
2677 438 2731 492 αἱ
2763 437 2902 493 θεῖαι
2932 439 3143 511 λέγουσι
3171 442 3401 514 Γραφαὶ,
3443 443 3666 517 ζητοῦν-

431 525 616 572 rentes
644 518 778 587 quid
822 535 995 576 sacrae
1037 523 1275 579 doceant
1325 522 1638 594 Scriptura,
1673 527 1765 581 sed
1815 527 2000 598 cujus-

433 608 579 663 modi
626 610 1070 681 syllogismorum
1107 615 1281 686 ﬁgura
1314 616 1381 669 ad
1420 616 1852 673 conﬁrmandam
1896 619 2002 674 im-

431 699 684 767 pietatem
708 717 864 758 suam
895 706 1219 775 reperiatur,
1248 707 1467 762 assidue
1496 708 1999 775 meditantes.Qnod

431 791 479 845 si
513 793 639 862 quis
673 795 917 866 aliquem
954 798 1151 853 divina:
1198 798 1491 869 Scriptura:
1522 800 1703 856 locum
1735 802 1815 857 eis
1856 802 1997 871 obji-

432 885 561 950 ciat,
598 891 913 944 examinant
962 899 1143 946 utrum
1192 908 1502 949 connexum
1554 908 1624 948 an
1665 894 1996 963 disjunetum

431 977 729 1049 syllogismi
780 996 951 1052 genus
993 997 1060 1037 ex
1092 999 1159 1039 eo
1191 984 1383 1040 conﬁci
1424 985 1618 1055 possit.
1668 983 1999 1053 Relictisque

430 1079 597 1139 atque
651 1071 879 1142 abjectis
924 1076 1097 1131 sacris
1145 1074 1241 1130 Dei
1294 1075 1629 1148 Scripturis,
1690 1077 2000 1147 geometriae

429 1161 683 1229 student;
712 1164 911 1234 quippe
942 1166 1038 1235 qui
1096 1175 1380 1223 terrestres
1436 1168 1546 1224 sint
1588 1178 1642 1224 et
1704 1168 1999 1238 loquantur

428 1262 682 1320 terrena,
731 1264 785 1311 et
834 1258 989 1312 illum
1023 1260 1118 1329 qui
1146 1260 1215 1316 de
1264 1261 1403 1316 cmlo
1459 1261 1679 1317 advenit
1724 1262 1994 1332 ignorent.

427 1344 671 1402 Euclidis
726 1347 891 1420 igitur
946 1353 1240 1421 geometria
1285 1353 1427 1423 apud
1479 1353 1770 1409 nonnullos
1805 1368 1995 1407 eorum

427 1437 677 1493 studiose
697 1439 996 1505 excolitur;
1016 1441 1333 1499 Aristoteles
1354 1459 1483 1499 vero
1507 1454 1557 1499 et
1586 1443 1996 1513 Theophrastus

426 1544 643 1584 summa
680 1531 1041 1589 admiratione
1082 1536 1491 1605 suscipiuntur;
1529 1536 1767 1591 Galenus
1812 1546 1993 1590 autem

426 1635 459 1674 ιι
507 1621 834 1690 quibusdam
879 1625 1045 1679 etiam
1099 1627 1381 1681 adoratur.
1438 1627 1672 1683 Proinde
1716 1627 1849 1682 istos
1900 1626 1994 1696 qui

430 1709 732 1765 inﬁdelium
780 1714 991 1769 artibus
1037 1730 1103 1771 ac
1134 1716 1439 1787 disciplinis
1490 1717 1555 1772 ad
1611 1716 1990 1772 stabiliendam

2103 542 2213 589 τες,
2263 524 2377 579 ἀλλ’
2427 527 2611 580 ὁποῖον
2666 528 2850 599 σχῆμα
2890 529 3243 603 συλλογισμοῦ
3293 534 3373 596 είς
3412 534 3514 603 τὴν
3569 535 3667 607 τῆς

2098 614 2390 686 ἀθεότητος
2435 615 2632 689 εὑρεθῇ
2682 618 2970 686 σύστασιν,
3010 621 3310 691 φιλοπόνως
3340 624 3663 691 ἀσκοῦντες·

2098 706 2199 760 κᾶν
2226 708 2410 772 αὐτοῖς
2452 709 2706 781 προτείνῃ
2750 728 2832 775 τις
2863 712 3023 784 ῥητὸν
3057 713 3280 783 Γραφῆς
3313 714 3520 787 θεῖκῆς,
3555 717 3671 782 ἐξε-

2097 796 2319 861 τάζουσι
2376 798 2604 869 πότερον
2662 802 3001 871 συνημμένον
3052 802 3085 874 ἦ
3129 803 3503 876 διεζευγμένον
3555 807 3666 877 (17)

2096 887 2318 941 δύναται
2369 889 2591 960 ποιῆσαι
2645 891 2829 962 σχῆμα
2884 892 3239 966 συλλογισμοῦ
3266 912 3279 926 ·
3338 898 3667 951 καταλιπόν-

2096 996 2186 1042 τες
2233 979 2289 1032 δὲ
2335 981 2436 1045 τὰς
2488 982 2649 1051 ἁγίας
2690 983 2783 1036 τοῦ
2825 983 2958 1038 Θεοῦ
3017 988 3271 1059 Γραφὰς,
3326 991 3669 1063 γεωμετρίαν

2096 1070 2548 1142 ἐπιτηδεύουσιν·
2602 1073 2678 1137 ὼς
2710 1073 2775 1129 ἂν
2830 1077 2895 1129 ἐκ
2931 1078 3029 1148 τῆς
3086 1079 3190 1148 γῆς
3246 1079 3396 1144 ὅντες
3446 1081 3539 1134 καὶ
3602 1082 3667 1135 ἐκ

2094 1163 2195 1233 τῆς
2236 1163 2339 1234 γῆς
2370 1162 2689 1230 λαλοῦντες,
2741 1168 2833 1221 καὶ
2876 1167 2968 1222 τὸν
3000 1170 3203 1224 ἄνωθεν
3229 1172 3517 1243 ἐρχόμενον
3554 1172 3665 1243 (18)

2094 1254 2431 1323 ἀγνοοῦντες.
2468 1256 2763 1329 Εὐκλείδης
2790 1258 2921 1327 γοῦν
2955 1262 3104 1332 παρά
3135 1279 3273 1316 τισιν
3307 1264 3485 1317 αὐτῶν
3517 1264 3669 1334 φιλο-

2094 1346 2273 1410 πόνως
2308 1350 2729 1420 γεωμετρεῖται⁸
2780 1352 3153 1424 Ἀριστοτέλης
3196 1354 3252 1407 δέ
3284 1355 3377 1407 καὶ
3418 1354 3665 1428 Θεόφρα-

2095 1455 2218 1502 στος
2252 1438 2647 1510 θαυμάζονταιο
2685 1442 2922 1513 Γαληνὸς
2947 1443 3055 1516 γὰρ
3084 1444 3212 1508 ἴσως
3243 1446 3347 1499 ὑπό
3377 1464 3537 1499 τινων
3571 1448 3667 1500 καὶ

2092 1531 2474 1601 προσκυνεῖται
2507 1530 2639 1603 (l9).
2676 1533 2738 1585 Oi
2779 1532 2836 1586 δὲ
2866 1536 2984 1598 ταῖς
3030 1535 3136 1588 τῶν
3166 1536 3407 1591 ἀπίστων
3451 1536 3666 1607 τέχναις

2093 1620 2173 1682 είς
2212 1621 2311 1691 τὴν
2340 1620 2439 1689 τῆς
2468 1620 2733 1693 αἱρέσεως
2774 1622 2951 1677 αὐτῶν
2981 1623 3204 1696 γνώμην
3250 1624 3663 1697 ἀποχρώμενοι,

2094 1709 2189 1763 καὶ
2217 1713 2284 1781 τῇ
2317 1710 2425 1764 τῶν
2469 1711 2643 1765 ἀθέων
2687 1713 2989 1786 πανουργίᾳ
3029 1717 3127 1787 τὴν
3157 1715 3332 1787 ἁπλῆν
3362 1716 3468 1770 τῶν
3506 1716 3667 1771 Θείων

426 1800 654 1859 haeresis
685 1820 799 1860 suae
830 1806 1140 1876 opinionem
1179 1809 1508 1874 abutuntur,
1560 1819 1614 1864 et
1657 1808 1843 1865 subtili
1888 1808 1989 1863 im-

2097 1801 2315 1873 Γραφῶν
2345 1801 2524 1857 πίστιν
2557 1804 2982 1876 καπηλεύοντες,
3040 1808 3122 1861 ὅτι
3188 1808 3323 1879 μηδὲ
3366 1810 3531 1878 ἐγγὺς
3573 1810 3665 1863 πί-

427 1893 642 1961 piorum
677 1896 963 1952 hominum
993 1901 1232 1955 versutia
1278 1900 1745 1971 simplicissimam
1782 1901 1993 1955 divina-

424 1997 548 2037 rum
589 1984 994 2055 Scripturarum
1029 1990 1335 2044 adulterant
1365 1992 1547 2057 Iidem,
1599 1990 1992 2045 remotissimos

422 2085 547 2128 esse
584 2089 614 2127 a
651 2074 753 2129 ﬁde
792 2078 924 2146 quid
972 2081 1165 2134 attinet
1216 2080 1435 2135 dicere?
1488 2078 1625 2134 [line
1679 2088 1790 2146 est,
1847 2079 1992 2151 quod

425 2163 626 2220 divinis
656 2166 953 2236 Scripturis
999 2170 1258 2225 audacter
1288 2185 1484 2226 manus
1524 2170 1854 2237 intulerunt,
1897 2188 1992 2227 eas

428 2267 458 2306 a
491 2268 551 2308 se
577 2257 895 2312 emendatas
920 2273 1045 2313 esse
1083 2258 1346 2314 dicentes.
1395 2259 1574 2330 Atque
1600 2259 1652 2315 id
1695 2275 1726 2314 a
1755 2276 1843 2315 me
1882 2276 1991 2316 non

425 2343 562 2399 falso
590 2346 669 2401 eis
699 2347 883 2418 objici,
915 2350 1168 2421 quisquis
1192 2351 1444 2419 voluerit,
1480 2351 1638 2406 facile
1677 2360 1990 2422 cognoscet.

421 2432 556 2488 Nam
581 2436 629 2491 si
651 2439 777 2507 quis
804 2440 1141 2508 exemplaria
1167 2440 1385 2495 illorum
1420 2440 1659 2511 undique
1687 2440 1991 2510 conquisita

314 2565 334 2591 Α
422 2527 586 2584 simul
634 2530 774 2585 inter
823 2546 883 2586 se
934 2532 1261 2601 contulerit,
1293 2533 1532 2589 inveniet
1575 2532 1861 2604 profecto,
1904 2534 1991 2588 illa

424 2622 569 2677 inter
604 2640 663 2679 se
715 2626 1011 2695 plurimum
1066 2628 1375 2685 dissentire.
1425 2629 1583 2685 Certe
1627 2629 1991 2700 Asclepiodoti

421 2717 755 2786 exemplaria
801 2734 911 2773 non
961 2722 1297 2777 conveniunt
1354 2736 1479 2776 cum
1538 2721 1646 2778 illis
1698 2738 1819 2792 quae
1864 2730 1995 2777 sunt

424 2806 716 2864 Theodoti.
753 2809 921 2867 Multa
954 2827 1119 2881 porro
1148 2813 1461 2883 hujusmodi
1494 2815 1823 2885 exemplaria
1858 2830 1993 2868 nan-

423 2898 556 2955 cisci
590 2900 735 2967 licet,
754 2912 1037 2974 prepterea
1060 2906 1205 2976 quod
1236 2906 1487 2977 discipuli
1507 2908 1722 2962 illorum
1749 2906 1993 2963 studiose

422 2994 857 3066 perscripserunt
914 3012 976 3053 ea
1018 3014 1141 3069 qua:
1192 3014 1225 3054 a
1276 2999 1553 3070 magistris
1583 2999 1727 3067 suis,
1781 3007 1841 3053 ut
1887 2999 1990 3069 ips:

421 3218 535 3289 tum
557 3210 720 3281 hujus
737 3213 941 3289 edicto,
958 3215 1402 3289 tumAZephyrini,
1422 3219 1533 3273 imo
1558 3226 1612 3273 et
1634 3217 1724 3273 Dei
1748 3216 1994 3275 Natalem

421 3282 634 3359 lapsum
683 3284 751 3337 ad
801 3282 1182 3359 pmnitentiani
1224 3282 1331 3343 rion
1378 3304 1480 3343 una
1533 3290 1742 3359 ratione
1796 3306 1995 3359 provo-

422 3352 595 3424 cantis
630 3352 987 3420 auctoritate,
1026 3358 1395 3424 praidamnata
1426 3367 1511 3413 est
1550 3352 1835 3414 Novatiani
1885 3360 1991 3414 du—

425 3420 578 3499 ritia,
607 3437 713 3499 qua
742 3424 909 3490 lapsis
934 3420 1098 3478 etiam
1136 3429 1528 3496 paenitentibus
1556 3430 1771 3483 veniam
1806 3430 1995 3499 negari

432 3491 624 3544 voluit.
660 3491 942 3548 COUTANT.

495 3561 606 3631 (17)
632 3564 891 3637 Πότερον
914 3566 1303 3636 συνημμένον
1334 3566 1371 3635 ἢ
1403 3565 1828 3637 διεζευγμένον.
1854 3568 1996 3635 Quid

422 3628 896 3706 ξίισυνημμένον,
932 3643 986 3688 et
1013 3628 1143 3705 αὖἱᾶ
1180 3628 1557 3706 διεζευγμένον
1577 3628 1831 3702 ,”‹1οοοιιι
1864 3628 1993 3693 dia-

425 3699 621 3779 lectici.
654 3699 1180 3779 'Pronuntiata'quge
1230 3699 1413 3779 Stoici
1435 3699 1722 3779 ἀξιώματα
1766 3719 1994 3776 vocant,

426 3770 545 3843 alia
563 3783 691 3825 sunt
716 3774 1005 3843 simplicia,
1033 3770 1092 3833 ut
1116 3777 1249 3830 illud
1276 3796 1288 3831 :
1320 3778 1430 3830 dies
1455 3770 1700 3841 estfalia
1728 3792 1833 3832 non
1863 3770 1996 3833 sim;

425 3840 605 3908 plicia.
640 3844 717 3917 Sx
749 3840 843 3917 his:
878 3860 1000 3914 qua:
1039 3862 1147 3900 non
1193 3858 1321 3902 sunt
1372 3840 1678 3917 simplicia,
1716 3848 1822 3902 alia
1868 3858 1997 3904 sunt

427 3912 766 3992 συνημμένα,
794 3914 845 3968 id
879 3912 961 3992 est
991 3933 1389 3992 c_onnexq,_qu:e
1405 3912 1672 3992 constant
1694 3934 1760 3972 ex
1782 3919 1996 3992 duobus

424 3980 1093 4057 diversispronuntiatis,
1134 3997 1192 4042 ut
1213 3980 1364 4053 illtid,
1395 3987 1455 4043 Si
1486 3989 1596 4041 dies
1639 4000 1737 4057 est,
1774 3990 1865 4041 lux
1894 4000 1992 4044 est.

424 4050 544 4105 Alia
578 4050 951 4125 διεζευγμένα,
987 4050 1087 4112 δοιι
1125 4050 1413 4127 disjuncta,
1449 4069 1508 4112 ut
1537 4059 1691 4123 illud,
1724 4050 1855 4112 'Aut
1886 4060 1995 4113 dies

424 4133 529 4187 est,
561 4133 653 4175 aut
688 4141 792 4178 nos:
822 4138 920 4180 est.
962 4127 1093 4183 Vide
1132 4128 1425 4187 Dibgenem
1468 4127 1744 4184 Laertium
1794 4130 1846 4182 in
1898 4129 1997 4184 Ze-

426 4207 589 4247 none.
624 4191 844 4270 Sextusg
866 4196 1184 4270 [Empiricos
1212 4191 1274 4251 τδ
1309 4200 1653 4270 συνημμένον
1688 4199 1893 4262 deﬁnit,
1929 4200 1991 4253 τὸ

426 4262 694 4341 adventi);
724 4264 783 4330 ἐξ
824 4262 1129 4341 ἀξιώματος
1167 4262 1621 4341 διαφορουμένου,
1664 4270 1790 4341 ἢίέξ
1835 4270 1996 4341 ἀξιω-

428 4333 1019 4411 μάτων-διαφερόντων,
1046 4337 1134 4392 διὰ
1156 4341 1251 4411 τού
1270 4333 1383 4411 eff)
1402 4333 1568 4408 εἴπερ
1598 4333 1910 4411 συνδέσμου.
1931 4340 1996 4396 Et

424 4404 729 4480 exemplum
767 4404 997 4480 connexi
1025 4409 1170 4480 quod
1210 4410 1269 4464 tit
1308 4404 1382 4464 ex'
1414 4404 1992 4480 pronuntiatoidtazpo-

2095 1910 2262 1958 στεως
2294 1895 2624 1966 ὑπάρχουσι,
2658 1898 2710 1951 τί
2741 1898 2822 1951 δεῖ
2865 1899 2959 1952 καὶ⁵
2989 1898 3202 1968 λέγειν;
3241 1900 3498 1955 Διατοῦτο
3544 1905 3664 1966 ταῖς

2093 1984 2262 2049 θείαις
2293 1987 2534 2058 Γραφαῖς
2567 1989 2783 2057 ἀφόϐως
2815 1990 3077 2044 ἐπέϐαλον
3106 1992 3205 2057 τὰς
3234 1996 3440 2066 χεῖρας,
3478 1993 3665 2064 λέγον⁴

2091 2091 2181 2138 τες
2236 2074 2406 2141 αὐτὰς
2457 2076 2842 2150 διωρθωκέναι.
2898 2081 3006 2133 Καὶ
3057 2080 3138 2137 ὅτι
3170 2082 3325 2135 τοῦτο
3374 2084 3448 2154 μὴ
3499 2100 3664 2137 κατα-

2090 2165 2415 2237 ψευδόμενος
2435 2168 2614 2223 αύτῶν
2645 2170 2809 2239 λέγω,
2824 2173 2852 2224 ὁ
2875 2170 3191 2243 βουλόμενος
3204 2172 3423 2227 δύναται
3448 2174 3657 2245 μαθεῖν.

2091 2256 2155 2310 Εἰ
2192 2257 2299 2329 γάρ
2351 2276 2433 2324 τις
2485 2259 2701 2332 θελήσει
2754 2262 3089 2333 συγκομίσας
3127 2263 3302 2318 αὐτῶν
3333 2265 3559 2319 ἑκάστου
3592 2265 3661 2319 τὰ

2092 2347 2401 2419 ἀντίγραφα
2448 2349 2721 2416 ἐξετάζειν
2767 2354 2901 2425 πρὸς
2945 2354 3167 2425 ἄλληλα,
3215 2355 3356 2409 κατά
3413 2356 3546 2410 πολὺ
3595 2356 3661 2410 ἂν

2092 2440 2242 2513 εὕροι
2262 2442 2658 2511 διαφωνοῦντα·
2680 2445 2984 2516 ἀσύμφωνα
3006 2446 3135 2516 γοῦν
3163 2446 3313 2500 ἔσται
3343 2446 3409 2501 τὰ
3435 2447 3660 2519 Ἀσκλη-

2094 2536 2283 2588 πιάδου
2320 2535 2428 2607 (20)
2472 2539 2583 2601 τοῖς
2630 2538 2903 2592 Θεοδότου.
2955 2538 3171 2594 Πολλῶν
3200 2540 3258 2593 δὲ
3306 2539 3453 2593 ἔστιν
3500 2541 3661 2594 εὐπο-

2095 2626 2277 2695 ρῆσαι,
2300 2626 2386 2681 διὰ
2412 2627 2473 2681 τὸ
2506 2627 2803 2700 φιλοτίμως
2844 2631 3215 2703 ἐγγεγράφθαι
3244 2631 3369 2694 τοὺς
3408 2630 3656 2702 μαθητὰς

2092 2720 2269 2773 αὐτῶν
2300 2720 2369 2775 τὰ
2400 2720 2489 2792 ὑφ’
2520 2722 2749 2776 ἐκάστου
2783 2724 2984 2791 αὐτῶν,
3015 2724 3252 2788 ὡςαύτοὶ
3268 2723 3510 2788 καλοῦσι,
3530 2742 3661 2779 κατ-

2092 2812 2412 2885 ωρθωμένα,
2466 2814 2749 2869 τουτέστιν
2774 2816 3138 2886 ἠφανισμένα.
3172 2815 3338 2869 Πάλιν
3365 2816 3422 2869 δὲ
3451 2814 3660 2879 τούτοις

2092 2902 2161 2957 τὰ
2193 2903 2516 2976 Ἑρμοφίλου
2545 2904 2605 2957 οὐ
2636 2921 2701 2957 συ
2712 2905 2870 2976 νᾲδει.
2906 2903 2987 2959 Τὰ
3014 2905 3123 2977 γὰρ
3166 2906 3517 2959 Ἀπολλωνίου
3540 2906 3659 2958 οὐδὲ

2093 2996 2231 3050 αὐτὰ
2269 2997 2477 3062 ἑαυτοῖς
2506 2999 2653 3052 ἐστιν
2681 2997 2960 3069 σύμφωνα.
2994 2999 3208 3052 Ἐνεστι
3236 2998 3345 3071 γὰρ
3378 2985 3659 3070 συγκρῖναι

2095 3215 2191 3288 qui
2252 3217 2607 3286 interpretes,
2665 3233 2955 3272 connexum
3002 3232 3067 3273 ac
3106 3216 3466 3288 disjunctum,
3547 3218 3659 3273 duo

2096 3287 2536 3359 syllogismorum
2564 3304 2760 3359 genera
2788 3304 2908 3344 esse
2930 3287 3331 3345 existimarunt.
3358 3289 3487 3343 Mihi
3510 3289 3660 3359 prior

2094 3358 2375 3413 distinctio
2409 3358 2581 3426 magis
2614 3358 2808 3426 placet.

2166 3428 2278 3498 (l8)
2323 3427 2436 3498 Τὸν
2465 3427 2693 3481 ἀνωθεν
2736 3428 3082 3497 ἐρχόμενον.
3125 3426 3658 3497 Christophorsonus

2094 3497 2287 3552 vertit:
2324 3497 2594 3568 Christum
2631 3498 2723 3568 qui
2763 3500 2826 3551 de
2877 3499 3004 3553 εωιο
3036 3508 3282 3555 venturus
3314 3510 3421 3562 est,
3454 3501 3659 3567 penitus

2094 3567 2605 3639 ignoranturQuam
2645 3567 3187 3638 interpretationem
3239 3570 3489 3639 equidem
3545 3585 3656 3623 non

2094 3636 2315 3692 damno.
2377 3636 2468 3691 Sic
2512 3639 2653 3693 enim
2688 3636 2845 3706 loqui
2888 3640 3065 3694 solent
3108 3636 3303 3694 sancti'
3339 3638 3526 3693 Patres
3586 3640 3655 3693 de

2095 3723 2351 3775 supremo
2373 3708 2607 3761 adventu
2630 3708 2856 3778 Christi,
2883 3725 2993 3778 quo
3022 3711 3285 3763 mundum
3309 3709 3661 3778 judicaturus

2094 3786 2356 3848 est;_non
2400 3778 2558 3847 quasi
2589 3779 2655 3832 de
2699 3777 2921 3848 futuro,
2959 3781 3053 3835 sed
3099 3777 3355 3848 tanquam
3408 3779 3475 3848 de
3522 3794 3661 3848 pra:-

2096 3846 2270 3921 scnti:
2312 3846 2531 3921 ἑρχεται
2579 3848 2780 3921 κρίνειν
2814 3847 3019 3921 ζῶντας
3051 3851 3143 3921 και
3173 3846 3418 3921 νεκρούς.
3454 3846 3537 3903 Ιιιι
3558 3848 3661 3902 lle-

2096 3918 2353 3990 gesippus
2379 3920 2440 3990 in
2470 3918 2730 3990 martyrio
2762 3920 2933 3974 sancti
2961 3919 3179 3983 Jacobi,
3214 3918 3283 3974 et
3309 3920 3404 3990 alii
3452 3921 3657 3988 passim

2095 3988 2164 4041 ab
2192 3988 2429 4042 Eusebio
2455 3988 2627 4043 citati.
2672 3988 2909 4044 Possunt
2940 3999 3122 4044 tamen
3154 3990 3268 4044 haec
3299 3989 3461 4043 verba
3492 3991 3657 4043 etiam

2095 4056 2163 4179 ac
2185 4059 2361 4181 ἔξτὶωο
2378 4058 2582 4114 Christi
2612 4057 2851 4114 adventu
2873 4060 3121 4131 intelligi,
3153 4060 3427 4130 quomodo
3450 4060 3661 4130 accepit

2150 4144 2179 4180 ll
2228 4144 2350 4181 llllS.

2150 4144 2179 4180 ιι
2188 4132 2218 4182 ιι
2228 4146 2258 4182 ιι
2267 4144 2350 4183 ns.

2168 4196 2279 4268 (l9)
2318 4198 2597 4269 Γαληνὸς
2625 4199 2736 4269 γὰρ
2775 4200 2922 4266 ἴσως
2958 4200 3081 4254 ὑπό
3110 4215 3288 4254 τινων
3333 4196 3434 4251 καὶ
3467 4210 3662 4265 προσ-

2095 4268 2377 4323 κυνεῖται.
2413 4268 2652 4324 Galenus
2684 4272 2829 4325 enim
2869 4273 2935 4325 de
2977 4271 3167 4339 ﬁguris
3216 4268 3657 4339 syllogismorum

2095 4347 2146 4409 et
2177 4340 2242 4393 de
2268 4346 2376 4393 tota
2406 4339 2749 4409 philosophia
2786 4341 2955 4395 libros
3001 4340 3429 4409 conscripserat,
3483 4349 3543 4393 nt
3592 4356 3661 4393 ex

2096 4408 2361 4480 librorum
2408 4408 2529 4476 ejus
2580 4409 2762 4465 indice
2801 4408 3344 4480 cognoscimus.’Est
3382 4418 3560 4463 autem
3594 4410 3661 4463 il-

427 4474 673 4555 ρουμένῳ
698 4475 822 4557 ,Ιιοο
867 4474 1059 4557 aﬁ‘ertE
1090 4478 1151 4534 Si
1196 4481 1308 4557 dies
1352 4474 1450 4557 esi,
1488 4480 1599 4557 dies
1630 4490 1731 4557 est.
1774 4479 1851 4533 Ex
1880 4474 1990 4557 quo
2024 4502 2066 4557 ο
2097 4474 2839 4557 lustre.hec—testimonium
2871 4474 2964 4557 de_
2992 4479 3228 4557 Caleno,
3286 4480 3484 4557 quippe
3512 4480 3659 4548 quod

426 4545 909 4620 corrigendus_e_st
937 4548 1203 4620 Diogenes
1239 4545 1489 4605 Laertius
1527 4552 1580 4605 in
1630 4550 1849 4620 Zenone
1885 4545 1992 4606 hoc
2024 4545 2061 4557 “’
2093 4548 2331 4604 auctoris
2351 4550 2423 4620 s_i_t
2450 4550 2837 4618 antiquissimi,
2858 4550 3113 4604 etGaleni
3137 4545 3472 4619 temporibus
3514 4545 3655 4618 pene

425 4614 623 4691 modo,
644 4614 1066 4691 Δἐξμάξιῴμιιτοξ
1098 4620 1234 4689 μετά
1267 4620 1711 4691 διαφορουμένου,
1745 4614 1856 4691 οἷον
1878 4660 1892 4684 ,
1926 4622 1989 4674 El

426 4682 607 4755 ἡμέρα
640 4687 807 4761 ἐστιν,
840 4682 1020 4761 ἡμέρα
1037 4682 1403 4745 θὲςὲτίνῬοιτὸ
1429 4682 1542 4744 iani
1567 4682 1708 4761 apud
1742 4682 1988 4755 Sextum,

422 4767 587 4820 quam
607 4759 747 4832 apud
772 4756 1046 4832 Laertium
1089 4762 1303 4816 mallem
1327 4762 1563 4815 scribere
1580 4756 1987 4832 δίιρορουμένου,

424 4828 882 4900 quemadmodum
915 4830 1112 4900 legitur
1142 4832 1283 4900 apud
1330 4828 1993 4900 Alexandruin'Aphrodi-

427 4895 660 4973 siensem
710 4898 765 4952 in
811 4895 1001 4973 priora
1051 4895 1356 4973 Anaiytica.
1402 4899 1547 4973 Nam!
1585 4895 1988 4973 διφοροῦμενον,

429 4964 569 5043 idem
600 4975 683 5021 est
708 4964 852 5035 quod
874 4970 966 5043 δἰς
992 4964 1421 5043 λαμϐανόμενον.
1441 4971 1506 5024 Ει
1537 4964 1891 5043 Ιιεῖοιιίιὶιιὲῃι
1924 4964 1993 5043 de

430 5033 625 5089 harum
652 5033 846 5094 vocum
872 5033 1317 5112 interpretatione
1351 5043 1494 5096 dicta
1526 5033 1813 5096 suﬁiciant.
1836 5040 1990 5108 Quod

429 5118 560 5159 vero
588 5119 800 5176 spectat
823 5110 888 5164 ad
916 5110 1078 5180 hujus
1107 5114 1212 5169 loci
1256 5112 1769 5181 interpunctionem,
1799 5112 1990 5181 scripti

430 5173 649 5251 codices
694 5180 832 5235 inter
869 5196 928 5234 se
964 5183 1315 5237 dissentiunt.
1359 5182 1507 5251 Nam,
1535 5181 1735 5251 Regius
1777 5182 1991 5251 quidem

430 5248 603 5299 codex
633 5263 792 5321 quem
822 5260 1041 5306 secutus
1071 5264 1154 5306 est
1176 5253 1447 5308 Robertus
1490 5248 1833 5321 Stephanus,
1871 5262 1994 5321 post

428 5328 618 5395 vocem
644 5317 1041 5395 διεζευγμένον,
1066 5322 1331 5395 virgulam
1363 5323 1525 5395 habet
1563 5317 1895 5395 a'pposi‘tam';
1930 5332 1991 5377 ut

431 5392 792 5464 seias,_voees
832 5393 952 5464 Illas
978 5394 1321 5464 συνημμένον
1348 5394 1458 5464 καἱῄ
1474 5392 1872 5464 διεζευγμένον,
1906 5406 1995 5446 re-

433 5454 844 5533 ferendasesse
890 5463 957 5516 ad
1001 5462 1063 5515 τὸ
1099 5454 1268 5533 ’ῥητὸν
1317 5462 1463 5533 quod
1511 5454 1789 5532 praecessit
1825 5454 1993 5533 {non

435 5537 615 5581 autem
640 5530 705 5582 ad
737 5531 921 5613 σχῆμρ⁵
957 5530 1314 5656 συλλογισρού
1334 5530 1493 5603 ἰιιιοά
1512 5530 1781 5603 ’proxime
1811 5532 1995 5602 sequi-

432 5604 543 5650 tur.
580 5596 686 5654 Sed
708 5603 901 5658 reliqui
931 5604 1169 5658 codices.
1232 5604 1341 5657 laz.
1372 5614 1425 5657 et
1459 5603 1597 5658 Med.
1624 5619 1749 5658 cum
1776 5602 1913 5657 Fuk.
1941 5612 1996 5657 et

438 5617 543 5650 iur.
580 5617 686 5654 aea
708 5617 901 5669 renqut
931 5617 1169 5666 couiees,
1205 5617 1341 5657 alaz.
1372 5617 1425 5657 et
1459 5617 1597 5658 Med.
1624 5619 1749 5658 cum
1776 5617 1913 5657 r‘ux.
1941 5617 1993 5657 et

438 5664 734 5751 Saviliano,
767 5680 891 5751 post
926 5688 1109 5728 vocem
1129 5674 1550 5751 διεζευγμένον,
1598 5674 1803 5728 nullam
1832 5672 1993 5729 adhi-

438 5737 567 5813 bent
597 5737 1019 5813 distinctionem,
1049 5745 1143 5798 sed
1166 5737 1376 5799 tantum
1413 5754 1536 5813 post
1565 5760 1753 5799 vocem
1785 5760 1993 5813 συνημ-

442 5808 619 5877 μένον.
647 5809 819 5876 Quam
852 5808 1252 5887 distinctionem
1292 5808 1509 5873 seco-tus
1527 5814 1755 5872 Ruﬁnus
1785 5822 1839 5872 et
1867 5808 1993 5871 reli-
2022 5878 2031 5883 ,

2090 4620 2340 4688 ιεᾳιιιιιίε.
2370 4617 2482 4674 Nec
2512 4617 2643 4674 vero
2669 4636 2736 4675 ex
2769 4621 2872 4675 hoc
2899 4629 3106 4674 tantum
3145 4617 3439 4689 scriptore,
3468 4617 3659 4674 verum

2090 4690 2254 4761 etiam
2299 4705 2364 4761 ex
2390 4690 2511 4745 aliis
2553 4691 2969 4761 quampluribns
2990 4690 3458 4761 jdemicolligere
3509 4690 3658 4761 licet,

2090 4760 2183 4828 qui
2215 4758 2477 4831 Calenum
2551 4758 2829 4815 Aristoteli
2881 4775 2946 4813 ac
2988 4758 3399 4831 Theophrasto,
3442 4759 3661 4831 ipsique

2091 4831 2226 4884 adeo
2258 4828 2469 4884 Platoni
2493 4845 2709 4899 aequare
2740 4845 2849 4884 non
2877 4828 3211 4886 dubitarunt.
3239 4829 3398 4899 Certe
3423 4828 3663 4884 Alexan-

2090 4899 2187 4955 der
2218 4898 2683 4969 Aphrodisiensis,
2717 4901 2769 4955 in
2806 4901 3004 4955 librum
3035 4912 3284 4955 octavum
3343 4898 3660 4968 Topicorum

2091 4985 2197 5039 non
2227 4970 2414 5039 procul
2452 4971 2520 5024 ab
2567 4972 2742 5035 initio,
2778 4973 2913 5026 satis
2958 4971 3191 5036 indicat,
3228 4970 3303 5024 ita
3355 4985 3545 5024 omnes
3590 4970 3661 5024 de

2092 5038 2297 5096 Caleno
2322 5040 2685 5111 existimasse.
2713 5040 3007 5111 Postquam
3037 5041 3183 5111 enim
3208 5040 3411 5111 docuit,
3433 5039 3661 5111 proble-

2092 5119 2298 5164 matum
2327 5110 2432 5165 alia
2462 5110 2646 5177 ἔνδοξα
2675 5126 2827 5175 esse,
2860 5108 2963 5165 alia
2994 5109 3154 5175 ἄδοξα
3174 5150 3189 5176 ,
3225 5119 3277 5165 et
3310 5108 3493 5175 ἔνδοξα
3533 5110 3660 5178 qui-

2091 5181 2213 5234 dem
2239 5181 2291 5251 in
2318 5180 2520 5251 duplici
2539 5197 2658 5237 esse
2676 5182 2979 5237 diﬁerentia
2992 5221 3007 5245 ,
3024 5182 3129 5251 alia
3147 5181 3291 5236 enim
3313 5195 3431 5251 esse
3445 5179 3657 5251 ἁπλῶς,
3736 5222 3745 5223 κ

3341 5268 3444 5314 νως
3482 5250 3525 5302 δ’
3568 5249 3657 5302 Ev-

2093 5251 2196 5322 alia
2231 5249 2580 5322 ὡρισμένως,
2618 5251 2733 5322 haec
2779 5250 3091 5319 subjunxit:
3127 5249 3337 5322 ὡρισμέ

2521 5314 2626 5375 τινὶ
2656 5321 2763 5374 τῶν
2788 5314 3010 5386 ἐνδόξων
3040 5314 3308 5391 ἐπόμέναξο
3339 5314 3478 5385 οἷον,
3514 5320 3659 5374 Πλάο

2091 5320 2237 5387 δοξα,
2259 5320 2330 5392 τὰ
2363 5320 2497 5392 τῷδε

2090 5391 2294 5469 τωνι,
2324 5391 2705 5469 Ἀριστοτέλει,
2734 5392 3041 5469 ᾗΔΓαληνῷ.
3062 5462 3076 5469 _
3108 5460 3168 5469 ψ
3278 5461 3292 5469 _
3379 5427 3389 5442 .
3608 5458 3619 5469 _

2164 5460 2291 5532 (20)
2322 5460 2405 5515 Τὰ
2436 5460 2890 5529 Ἀσκληπιάδου.
2929 5460 3079 5531 Apud
3108 5460 3474 5532 Nicephoru_m
3503 5460 3657 5532 serio

2093 5530 2240 5610 hitur
2258 5530 2264 5532 ⁷
2284 5532 2748 5610 ’Δσκληπιοδότου,
2776 5530 3049 5610 quomodo
3074 5530 3385 5610 etiam’legit
3403 5530 3654 5610 Ruﬁnus.

2094 5601 2263 5657 Paulo
2296 5612 2438 5671 post,
2468 5600 2559 5656 ubi
2594 5600 2813 5673 legitur—7
2837 5602 2905 5655 τὰ
2935 5602 3051 5673 γὰρ
3089 5600 3465 5673 Ἀπολλωνίου,
3477 5671 3484 5673 Α
3496 5600 3660 5673 resti-

2094 5670 2351 5727 tnenduin
2385 5682 2468 5728 est
2505 5670 2891 5727 Ἀπολλωνίδου
2919 5689 2985 5728 ex
3013 5670 3353 5728 'l'lieodoreto
3378 5672 3431 5725 in
3456 5670 3593 5725 libro
3618 5684 3657 5722 ιι

2098 5743 2349 5797 llwretic.

2093 5814 2311 5871 Ruﬁno.

2407 5742 2739 5813 fabularum,
2796 5759 2918 5815 cap.
2953 5744 3007 5811 5,
3048 5754 3103 5801 et
3145 5760 3210 5800 ex
3252 5741 3555 5813 Nicephoro
3591 5754 3658 5795 ac
3742 5744 3745 5747 ’
