  <div class='ocr_page' id='page_1' title='image "/cluster/home/n/w/nwhite01/storage/ocr_20150623/10/hvd.32044019207620/022.png"; bbox 0 0 3966 6510; ppageno 0'>
   <div class='ocr_carea' id='block_1_1' title="bbox 291 427 3471 491">
    <p class='ocr_par' dir='ltr' id='par_1_1' title="bbox 291 427 3471 491">
     <span class='ocr_line' id='line_1_1' title="bbox 291 427 3471 491; baseline 0.004 -14"><span class='ocrx_word' id='word_1_1' title='bbox 291 435 362 488; x_wconf 78' lang='lat'><strong>33</strong></span> <span class='ocrx_word' id='word_1_2' title='bbox 1658 427 2096 486; x_wconf 75' lang='lat' dir='ltr'><strong>FRAGMENTA.</strong></span> <span class='ocrx_word' id='word_1_3' title='bbox 3440 438 3471 491; x_wconf 79' lang='lat'><strong>3</strong></span> 
     </span>
    </p>
   </div>
   <div class='ocr_carea' id='block_1_2' title="bbox 290 438 1853 599">
    <p class='ocr_par' dir='ltr' id='par_1_2' title="bbox 290 438 1853 597">
     <span class='ocr_line' id='line_1_2' title="bbox 291 438 1853 488; baseline -0.003 0"><span class='ocrx_word' id='word_1_4' title='bbox 291 438 362 488; x_wconf 73' lang='lat'><strong>53</strong></span> <span class='ocrx_word' id='word_1_5' title='bbox 1658 438 1853 486; x_wconf 67' lang='grc' dir='ltr'><strong>ι”ἥΔΕΙ</strong></span> 
     </span>
     <span class='ocr_line' id='line_1_3' title="bbox 290 521 1849 597; baseline -0.003 -16"><span class='ocrx_word' id='word_1_6' title='bbox 290 526 362 581; x_wconf 80' lang='grc' dir='ltr'>τὰ</span> <span class='ocrx_word' id='word_1_7' title='bbox 400 521 662 597; x_wconf 82' lang='grc' dir='ltr'>πρότερον</span> <span class='ocrx_word' id='word_1_8' title='bbox 687 523 783 579; x_wconf 80' lang='grc' dir='ltr'><strong>ὑπ’</strong></span> <span class='ocrx_word' id='word_1_9' title='bbox 820 524 998 579; x_wconf 77' lang='grc' dir='ltr'>αὐτῶν</span> <span class='ocrx_word' id='word_1_10' title='bbox 1034 524 1539 580; x_wconf 80' lang='grc' dir='ltr'><strong>κατασκευασθέντα</strong></span> <span class='ocrx_word' id='word_1_11' title='bbox 1572 524 1705 595; x_wconf 82' lang='grc'>(21),</span> <span class='ocrx_word' id='word_1_12' title='bbox 1735 527 1849 588; x_wconf 84' lang='grc' dir='ltr'>τοῖς</span> 
     </span>
    </p>
   </div>
   <div class='ocr_carea' id='block_1_3' title="bbox 1959 438 3510 599">
    <p class='ocr_par' dir='ltr' id='par_1_3' title="bbox 1959 438 3510 599">
     <span class='ocr_line' id='line_1_4' title="bbox 1959 438 3510 492; baseline 0.006 -9"><span class='ocrx_word' id='word_1_13' title='bbox 1959 438 2096 484; x_wconf 68' lang='grc' dir='ltr'><strong>ΠΛ.</strong></span> <span class='ocrx_word' id='word_1_14' title='bbox 3440 438 3510 492; x_wconf 64' lang='grc'><strong>34</strong></span> 
     </span>
     <span class='ocr_line' id='line_1_5' title="bbox 1959 526 3507 599; baseline 0.003 -17"><span class='ocrx_word' id='word_1_15' title='bbox 1959 528 2137 582; x_wconf 73' lang='lat' dir='ltr'><strong>dicunt</strong></span> <span class='ocrx_word' id='word_1_16' title='bbox 2164 526 2489 596; x_wconf 87' lang='lat' dir='ltr'><strong>emendata,</strong></span> <span class='ocrx_word' id='word_1_17' title='bbox 2525 528 2627 585; x_wconf 90' lang='lat' dir='ltr'><strong>hoc</strong></span> <span class='ocrx_word' id='word_1_18' title='bbox 2670 537 2755 585; x_wconf 83' lang='lat' dir='ltr'><strong>est</strong></span> <span class='ocrx_word' id='word_1_19' title='bbox 2800 538 3057 599; x_wconf 87' lang='lat' dir='ltr'><strong>corrupta</strong></span> <span class='ocrx_word' id='word_1_20' title='bbox 3102 528 3337 587; x_wconf 80' lang='lat' dir='ltr'><strong>fuerant.</strong></span> <span class='ocrx_word' id='word_1_21' title='bbox 3386 530 3507 588; x_wconf 88' lang='lat' dir='ltr'><strong>Jam</strong></span> 
     </span>
    </p>
   </div>
   <div class='ocr_carea' id='block_1_4' title="bbox 289 614 1847 687">
    <p class='ocr_par' dir='ltr' id='par_1_4' title="bbox 289 614 1847 687">
     <span class='ocr_line' id='line_1_6' title="bbox 289 614 1847 687; baseline 0 -18"><span class='ocrx_word' id='word_1_22' title='bbox 289 615 509 685; x_wconf 80' lang='grc' dir='ltr'>ὕστερον</span> <span class='ocrx_word' id='word_1_23' title='bbox 535 614 697 667; x_wconf 81' lang='grc' dir='ltr'>πάλιν</span> <span class='ocrx_word' id='word_1_24' title='bbox 726 615 1208 687; x_wconf 80' lang='grc' dir='ltr'>ὲπιδιαστραφείσι,</span> <span class='ocrx_word' id='word_1_25' title='bbox 1241 617 1335 669; x_wconf 79' lang='grc' dir='ltr'>καὶ</span> <span class='ocrx_word' id='word_1_26' title='bbox 1367 617 1545 687; x_wconf 79' lang='grc' dir='ltr'>εὑρεῖν</span> <span class='ocrx_word' id='word_1_27' title='bbox 1573 616 1847 669; x_wconf 81' lang='grc' dir='ltr'>καταπολὺ</span> 
     </span>
    </p>
   </div>
   <div class='ocr_carea' id='block_1_5' title="bbox 287 705 1848 777">
    <p class='ocr_par' dir='ltr' id='par_1_5' title="bbox 287 705 1848 777">
     <span class='ocr_line' id='line_1_7' title="bbox 287 705 1848 777; baseline 0 -18"><span class='ocrx_word' id='word_1_28' title='bbox 287 706 578 759; x_wconf 81' lang='grc' dir='ltr'>ἀπάδοντα.</span> <span class='ocrx_word' id='word_1_29' title='bbox 612 705 782 776; x_wconf 85' lang='grc' dir='ltr'><strong>Ὅσης</strong></span> <span class='ocrx_word' id='word_1_30' title='bbox 809 705 864 759; x_wconf 86' lang='grc' dir='ltr'>δὲ</span> <span class='ocrx_word' id='word_1_31' title='bbox 886 706 1089 777; x_wconf 83' lang='grc' dir='ltr'><strong>τόλμης</strong></span> <span class='ocrx_word' id='word_1_32' title='bbox 1115 707 1230 760; x_wconf 77' lang='grc' dir='ltr'>ἐστὶ</span> <span class='ocrx_word' id='word_1_33' title='bbox 1258 706 1414 760; x_wconf 82' lang='grc' dir='ltr'>τοῦτο</span> <span class='ocrx_word' id='word_1_34' title='bbox 1436 706 1496 758; x_wconf 79' lang='grc' dir='ltr'>τὸ</span> <span class='ocrx_word' id='word_1_35' title='bbox 1527 706 1848 777; x_wconf 78' lang='grc' dir='ltr'>ἁμάρτημα,</span> 
     </span>
    </p>
   </div>
   <div class='ocr_carea' id='block_1_6' title="bbox 288 797 1851 871">
    <p class='ocr_par' dir='ltr' id='par_1_6' title="bbox 288 797 1851 871">
     <span class='ocr_line' id='line_1_8' title="bbox 288 797 1851 871; baseline 0.001 -21"><span class='ocrx_word' id='word_1_36' title='bbox 288 799 429 861; x_wconf 75' lang='grc' dir='ltr'>εἰκὸς</span> <span class='ocrx_word' id='word_1_37' title='bbox 461 797 599 868; x_wconf 76' lang='grc' dir='ltr'>μηδὲ</span> <span class='ocrx_word' id='word_1_38' title='bbox 624 798 864 861; x_wconf 80' lang='grc' dir='ltr'>ἐκείνους</span> <span class='ocrx_word' id='word_1_39' title='bbox 917 800 1146 867; x_wconf 74' lang='grc' dir='ltr'>ἀγνοεῖν.</span> <span class='ocrx_word' id='word_1_40' title='bbox 1173 801 1242 852; x_wconf 89' lang='grc' dir='ltr'>Ἢ</span> <span class='ocrx_word' id='word_1_41' title='bbox 1279 800 1387 871; x_wconf 82' lang='grc' dir='ltr'><strong>γὰρ</strong></span> <span class='ocrx_word' id='word_1_42' title='bbox 1421 799 1481 852; x_wconf 83' lang='grc' dir='ltr'><strong>οὐ</strong></span> <span class='ocrx_word' id='word_1_43' title='bbox 1514 799 1851 853; x_wconf 78' lang='grc' dir='ltr'><strong>πιστεύουσιν</strong></span> 
     </span>
    </p>
   </div>
   <div class='ocr_carea' id='block_1_7' title="bbox 290 887 1853 960">
    <p class='ocr_par' dir='ltr' id='par_1_7' title="bbox 290 887 1853 960">
     <span class='ocr_line' id='line_1_9' title="bbox 290 887 1853 960; baseline 0.003 -22"><span class='ocrx_word' id='word_1_44' title='bbox 290 887 425 957; x_wconf 83' lang='grc' dir='ltr'>ἁγίῳ</span> <span class='ocrx_word' id='word_1_45' title='bbox 469 887 747 957; x_wconf 80' lang='grc' dir='ltr'>Πνεύματι</span> <span class='ocrx_word' id='word_1_46' title='bbox 802 888 1046 958; x_wconf 82' lang='grc' dir='ltr'><strong>λελέχθαι</strong></span> <span class='ocrx_word' id='word_1_47' title='bbox 1094 888 1192 954; x_wconf 81' lang='grc' dir='ltr'>τὰς</span> <span class='ocrx_word' id='word_1_48' title='bbox 1247 887 1396 952; x_wconf 82' lang='grc' dir='ltr'>Θείας</span> <span class='ocrx_word' id='word_1_49' title='bbox 1450 889 1703 960; x_wconf 79' lang='grc' dir='ltr'>Γραφάς,</span> <span class='ocrx_word' id='word_1_50' title='bbox 1757 892 1853 943; x_wconf 71' lang='grc' dir='ltr'><strong>καὶ</strong></span> 
     </span>
    </p>
   </div>
   <div class='ocr_carea' id='block_1_8' title="bbox 288 978 1852 1052">
    <p class='ocr_par' dir='ltr' id='par_1_8' title="bbox 288 978 1852 1052">
     <span class='ocr_line' id='line_1_10' title="bbox 288 978 1852 1052; baseline 0.002 -22"><span class='ocrx_word' id='word_1_51' title='bbox 288 979 425 1031; x_wconf 69' lang='grc' dir='ltr'>εἰσὶν</span> <span class='ocrx_word' id='word_1_52' title='bbox 456 979 677 1032; x_wconf 82' lang='grc' dir='ltr'>ἄπιστοι</span> <span class='ocrx_word' id='word_1_53' title='bbox 698 995 711 1008; x_wconf 90' lang='grc'>·</span> <span class='ocrx_word' id='word_1_54' title='bbox 745 978 779 1050; x_wconf 80' lang='grc' dir='ltr'>ἢ</span> <span class='ocrx_word' id='word_1_55' title='bbox 822 980 1044 1043; x_wconf 78' lang='grc' dir='ltr'>ἑαυτοὺς</span> <span class='ocrx_word' id='word_1_56' title='bbox 1084 979 1338 1052; x_wconf 76' lang='grc' dir='ltr'>ἡγοῦνται</span> <span class='ocrx_word' id='word_1_57' title='bbox 1388 980 1724 1052; x_wconf 81' lang='grc' dir='ltr'>σοφωτέρους</span> <span class='ocrx_word' id='word_1_58' title='bbox 1758 979 1852 1034; x_wconf 81' lang='grc' dir='ltr'>τοῦ</span> 
     </span>
    </p>
   </div>
   <div class='ocr_carea' id='block_1_9' title="bbox 289 1067 1856 1142">
    <p class='ocr_par' dir='ltr' id='par_1_9' title="bbox 289 1067 1856 1142">
     <span class='ocr_line' id='line_1_11' title="bbox 289 1067 1856 1142; baseline 0.003 -22"><span class='ocrx_word' id='word_1_59' title='bbox 289 1067 439 1134; x_wconf 76' lang='grc' dir='ltr'>ἁγίου</span> <span class='ocrx_word' id='word_1_60' title='bbox 495 1067 818 1137; x_wconf 82' lang='grc' dir='ltr'>Πνεύματος</span> <span class='ocrx_word' id='word_1_61' title='bbox 848 1068 1109 1142; x_wconf 80' lang='grc' dir='ltr'><strong>ὑπάρχειν</strong></span> <span class='ocrx_word' id='word_1_62' title='bbox 1128 1087 1141 1099; x_wconf 96' lang='grc'><strong>·</strong></span> <span class='ocrx_word' id='word_1_63' title='bbox 1178 1070 1271 1124; x_wconf 72' lang='grc' dir='ltr'>καὶ</span> <span class='ocrx_word' id='word_1_64' title='bbox 1300 1070 1353 1123; x_wconf 84' lang='grc' dir='ltr'><strong>τί</strong></span> <span class='ocrx_word' id='word_1_65' title='bbox 1393 1070 1575 1141; x_wconf 77' lang='grc' dir='ltr'>ἓτερον</span> <span class='ocrx_word' id='word_1_66' title='bbox 1606 1071 1637 1141; x_wconf 83' lang='grc' dir='ltr'>ἢ</span> <span class='ocrx_word' id='word_1_67' title='bbox 1669 1072 1856 1142; x_wconf 83' lang='grc' dir='ltr'>δαιμο-</span> 
     </span>
    </p>
   </div>
   <div class='ocr_carea' id='block_1_10' title="bbox 287 1155 1854 1231">
    <p class='ocr_par' dir='ltr' id='par_1_10' title="bbox 287 1155 1854 1231">
     <span class='ocr_line' id='line_1_12' title="bbox 287 1155 1854 1231; baseline 0.006 -24"><span class='ocrx_word' id='word_1_68' title='bbox 287 1155 480 1222; x_wconf 82' lang='grc' dir='ltr'>νῶσιν;</span> <span class='ocrx_word' id='word_1_69' title='bbox 514 1156 652 1209; x_wconf 74' lang='grc' dir='ltr'>Οὐδὲ</span> <span class='ocrx_word' id='word_1_70' title='bbox 684 1156 793 1231; x_wconf 76' lang='grc' dir='ltr'><strong>γὰρ</strong></span> <span class='ocrx_word' id='word_1_71' title='bbox 824 1160 1159 1230; x_wconf 81' lang='grc' dir='ltr'>ἀρνήσασθαι</span> <span class='ocrx_word' id='word_1_72' title='bbox 1187 1159 1438 1214; x_wconf 81' lang='grc' dir='ltr'>δύνανται</span> <span class='ocrx_word' id='word_1_73' title='bbox 1468 1161 1673 1214; x_wconf 79' lang='grc' dir='ltr'>ἑαυτῶν</span> <span class='ocrx_word' id='word_1_74' title='bbox 1720 1158 1854 1216; x_wconf 77' lang='grc' dir='ltr'>εἶναι</span> 
     </span>
    </p>
   </div>
   <div class='ocr_carea' id='block_1_11' title="bbox 292 1245 1856 1325">
    <p class='ocr_par' dir='ltr' id='par_1_11' title="bbox 292 1245 1856 1325">
     <span class='ocr_line' id='line_1_13' title="bbox 292 1245 1856 1325; baseline 0.006 -27"><span class='ocrx_word' id='word_1_75' title='bbox 292 1245 355 1298; x_wconf 77' lang='grc' dir='ltr'>τὸ</span> <span class='ocrx_word' id='word_1_76' title='bbox 382 1246 653 1317; x_wconf 82' lang='grc' dir='ltr'><strong>τόλμημα,</strong></span> <span class='ocrx_word' id='word_1_77' title='bbox 683 1249 882 1302; x_wconf 83' lang='grc' dir='ltr'>ὁπόταν</span> <span class='ocrx_word' id='word_1_78' title='bbox 911 1251 1006 1304; x_wconf 86' lang='grc' dir='ltr'>καὶ</span> <span class='ocrx_word' id='word_1_79' title='bbox 1046 1255 1111 1323; x_wconf 78' lang='grc' dir='ltr'>τῇ</span> <span class='ocrx_word' id='word_1_80' title='bbox 1156 1251 1334 1305; x_wconf 83' lang='grc' dir='ltr'>αὐτῶν</span> <span class='ocrx_word' id='word_1_81' title='bbox 1365 1252 1507 1323; x_wconf 72' lang='grc' dir='ltr'>χειρὶ</span> <span class='ocrx_word' id='word_1_82' title='bbox 1611 1268 1856 1323; x_wconf 72' lang='grc' dir='ltr'>γεγραμ-</span> 
     </span>
    </p>
   </div>
   <div class='ocr_carea' id='block_1_12' title="bbox 299 1334 1856 1416">
    <p class='ocr_par' dir='ltr' id='par_1_12' title="bbox 299 1334 1856 1416">
     <span class='ocr_line' id='line_1_14' title="bbox 299 1334 1856 1416; baseline 0.006 -27"><span class='ocrx_word' id='word_1_83' title='bbox 299 1337 457 1405; x_wconf 78' lang='grc' dir='ltr'>μένα·</span> <span class='ocrx_word' id='word_1_84' title='bbox 489 1339 587 1391; x_wconf 76' lang='grc' dir='ltr'><strong>καὶ</strong></span> <span class='ocrx_word' id='word_1_85' title='bbox 625 1342 754 1411; x_wconf 80' lang='grc' dir='ltr'>παρ’</span> <span class='ocrx_word' id='word_1_86' title='bbox 784 1334 858 1393; x_wconf 84' lang='grc' dir='ltr'><strong>ὧν</strong></span> <span class='ocrx_word' id='word_1_87' title='bbox 905 1343 1291 1415; x_wconf 83' lang='grc' dir='ltr'>κατηχήθησαν</span> <span class='ocrx_word' id='word_1_88' title='bbox 1336 1344 1447 1415; x_wconf 86' lang='grc'>(22)</span> <span class='ocrx_word' id='word_1_89' title='bbox 1500 1345 1573 1416; x_wconf 83' lang='grc' dir='ltr'><strong>μὴ</strong></span> <span class='ocrx_word' id='word_1_90' title='bbox 1604 1346 1856 1410; x_wconf 82' lang='grc' dir='ltr'>τοιαύτας</span> 
     </span>
    </p>
   </div>
   <div class='ocr_carea' id='block_1_13' title="bbox 294 1428 1856 1509">
    <p class='ocr_par' dir='ltr' id='par_1_13' title="bbox 294 1428 1856 1509">
     <span class='ocr_line' id='line_1_15' title="bbox 294 1428 1856 1509; baseline 0.008 -31"><span class='ocrx_word' id='word_1_91' title='bbox 294 1428 590 1499; x_wconf 64' lang='grc' dir='ltr'>παρέλαὼν</span> <span class='ocrx_word' id='word_1_92' title='bbox 620 1430 721 1495; x_wconf 79' lang='grc' dir='ltr'><strong>τὰς</strong></span> <span class='ocrx_word' id='word_1_93' title='bbox 760 1432 800 1483; x_wconf 90' lang='grc' dir='ltr'><strong>Γ</strong></span> <span class='ocrx_word' id='word_1_94' title='bbox 804 1435 979 1504; x_wconf 75' lang='grc' dir='ltr'>ραφάς</span> <span class='ocrx_word' id='word_1_95' title='bbox 998 1450 1011 1464; x_wconf 89' lang='grc'><strong>·</strong></span> <span class='ocrx_word' id='word_1_96' title='bbox 1046 1436 1139 1488; x_wconf 85' lang='grc' dir='ltr'>καὶ</span> <span class='ocrx_word' id='word_1_97' title='bbox 1168 1436 1337 1503; x_wconf 79' lang='grc' dir='ltr'>δεῖξαι</span> <span class='ocrx_word' id='word_1_98' title='bbox 1368 1437 1694 1509; x_wconf 80' lang='grc' dir='ltr'>ἀντίγραφα,</span> <span class='ocrx_word' id='word_1_99' title='bbox 1735 1438 1856 1491; x_wconf 83' lang='grc' dir='ltr'>ὅθεν</span> 
     </span>
    </p>
   </div>
   <div class='ocr_carea' id='block_1_14' title="bbox 288 1519 1855 1597">
    <p class='ocr_par' dir='ltr' id='par_1_14' title="bbox 288 1519 1855 1597">
     <span class='ocr_line' id='line_1_16' title="bbox 288 1519 1855 1597; baseline 0.01 -29"><span class='ocrx_word' id='word_1_100' title='bbox 288 1519 421 1570; x_wconf 77' lang='grc' dir='ltr'>αὑτὰ</span> <span class='ocrx_word' id='word_1_101' title='bbox 474 1522 922 1594; x_wconf 70' lang='grc' dir='ltr'>μετεγράψαντο,</span> <span class='ocrx_word' id='word_1_102' title='bbox 972 1524 1047 1596; x_wconf 79' lang='grc' dir='ltr'>μὴ</span> <span class='ocrx_word' id='word_1_103' title='bbox 1101 1526 1314 1597; x_wconf 75' lang='grc' dir='ltr'>ἔχωσιν.</span> <span class='ocrx_word' id='word_1_104' title='bbox 1352 1530 1521 1582; x_wconf 87' lang='grc' dir='ltr'>Ἔνιοι</span> <span class='ocrx_word' id='word_1_105' title='bbox 1571 1529 1627 1581; x_wconf 84' lang='grc' dir='ltr'>δὲ</span> <span class='ocrx_word' id='word_1_106' title='bbox 1677 1530 1855 1583; x_wconf 81' lang='grc' dir='ltr'>αὐτῶν</span> 
     </span>
    </p>
   </div>
   <div class='ocr_carea' id='block_1_15' title="bbox 284 1609 1855 1685">
    <p class='ocr_par' dir='ltr' id='par_1_15' title="bbox 284 1609 1855 1685">
     <span class='ocr_line' id='line_1_17' title="bbox 284 1609 1855 1685; baseline 0.01 -26"><span class='ocrx_word' id='word_1_107' title='bbox 284 1609 399 1662; x_wconf 55' lang='grc' dir='ltr'>οὑῶ</span> <span class='ocrx_word' id='word_1_108' title='bbox 450 1615 901 1685; x_wconf 57' lang='grc' dir='ltr'>παμχαράσσειν</span> <span class='ocrx_word' id='word_1_109' title='bbox 952 1614 1190 1685; x_wconf 54' lang='grc' dir='ltr'><strong>⁴Ιπξίωσαν</strong></span> <span class='ocrx_word' id='word_1_110' title='bbox 1238 1619 1440 1683; x_wconf 79' lang='grc' dir='ltr'>αὑτὰς,</span> <span class='ocrx_word' id='word_1_111' title='bbox 1499 1620 1612 1674; x_wconf 83' lang='grc' dir='ltr'>ἀλλ’</span> <span class='ocrx_word' id='word_1_112' title='bbox 1670 1620 1855 1684; x_wconf 82' lang='grc' dir='ltr'>ἁπλῶς</span> 
     </span>
    </p>
   </div>
   <div class='ocr_carea' id='block_1_16' title="bbox 285 1702 1854 1784">
    <p class='ocr_par' dir='ltr' id='par_1_16' title="bbox 285 1702 1854 1784">
     <span class='ocr_line' id='line_1_18' title="bbox 285 1702 1854 1784; baseline 0.01 -32"><span class='ocrx_word' id='word_1_113' title='bbox 285 1702 657 1774; x_wconf 79' lang='grc' dir='ltr'>ἀρνησάμενοι</span> <span class='ocrx_word' id='word_1_114' title='bbox 688 1709 780 1762; x_wconf 89' lang='grc' dir='ltr'><strong>τόν</strong></span> <span class='ocrx_word' id='word_1_115' title='bbox 811 1725 870 1761; x_wconf 88' lang='grc' dir='ltr'><strong>τε</strong></span> <span class='ocrx_word' id='word_1_116' title='bbox 910 1708 1071 1779; x_wconf 88' lang='grc' dir='ltr'>νόμον</span> <span class='ocrx_word' id='word_1_117' title='bbox 1107 1710 1353 1775; x_wconf 74' lang='grc' dir='ltr'>καὶτοὺς</span> <span class='ocrx_word' id='word_1_118' title='bbox 1384 1715 1687 1784; x_wconf 82' lang='grc' dir='ltr'>προφήτας,</span> <span class='ocrx_word' id='word_1_119' title='bbox 1730 1713 1854 1767; x_wconf 86' lang='grc' dir='ltr'>ἀνό-</span> 
     </span>
    </p>
   </div>
   <div class='ocr_carea' id='block_1_17' title="bbox 285 1796 1853 1876">
    <p class='ocr_par' dir='ltr' id='par_1_17' title="bbox 285 1796 1853 1876">
     <span class='ocr_line' id='line_1_19' title="bbox 285 1796 1853 1876; baseline 0.01 -32"><span class='ocrx_word' id='word_1_120' title='bbox 285 1808 385 1861; x_wconf 81' lang='grc' dir='ltr'><strong>μου</strong></span> <span class='ocrx_word' id='word_1_121' title='bbox 417 1796 513 1848; x_wconf 78' lang='grc' dir='ltr'><strong>καὶ</strong></span> <span class='ocrx_word' id='word_1_122' title='bbox 544 1796 703 1850; x_wconf 81' lang='grc' dir='ltr'>ἀθέου</span> <span class='ocrx_word' id='word_1_123' title='bbox 751 1799 1098 1863; x_wconf 85' lang='grc' dir='ltr'>διδασκαλίας</span> <span class='ocrx_word' id='word_1_124' title='bbox 1133 1800 1242 1871; x_wconf 75' lang='grc'>(23)</span> <span class='ocrx_word' id='word_1_125' title='bbox 1281 1803 1555 1874; x_wconf 82' lang='grc' dir='ltr'>προφάσει</span> <span class='ocrx_word' id='word_1_126' title='bbox 1601 1804 1853 1876; x_wconf 85' lang='grc' dir='ltr'>χάριτος,</span> 
     </span>
    </p>
   </div>
   <div class='ocr_carea' id='block_1_18' title="bbox 1952 618 3511 692">
    <p class='ocr_par' dir='ltr' id='par_1_18' title="bbox 1952 618 3511 692">
     <span class='ocr_line' id='line_1_20' title="bbox 1952 618 3511 692; baseline 0.006 -20"><span class='ocrx_word' id='word_1_127' title='bbox 1952 618 2284 689; x_wconf 82' lang='lat' dir='ltr'><strong>Hermophili</strong></span> <span class='ocrx_word' id='word_1_128' title='bbox 2309 621 2634 691; x_wconf 82' lang='lat' dir='ltr'><strong>exemplaria</strong></span> <span class='ocrx_word' id='word_1_129' title='bbox 2666 637 2794 677; x_wconf 92' lang='lat' dir='ltr'><strong>cum</strong></span> <span class='ocrx_word' id='word_1_130' title='bbox 2830 622 2937 678; x_wconf 88' lang='lat' dir='ltr'><strong>illis</strong></span> <span class='ocrx_word' id='word_1_131' title='bbox 2972 638 3093 692; x_wconf 59' lang='lat' dir='ltr'><strong>quae</strong></span> <span class='ocrx_word' id='word_1_132' title='bbox 3121 624 3253 687; x_wconf 85' lang='lat' dir='ltr'><strong>dixi,</strong></span> <span class='ocrx_word' id='word_1_133' title='bbox 3288 624 3511 681; x_wconf 85' lang='lat' dir='ltr'><strong>minime</strong></span> 
     </span>
    </p>
   </div>
   <div class='ocr_carea' id='block_1_19' title="bbox 1949 709 3513 782">
    <p class='ocr_par' dir='ltr' id='par_1_19' title="bbox 1949 709 3513 782">
     <span class='ocr_line' id='line_1_21' title="bbox 1949 709 3513 782; baseline 0.005 -19"><span class='ocrx_word' id='word_1_134' title='bbox 1949 711 2318 765; x_wconf 86' lang='lat' dir='ltr'><strong>consentiunt.</strong></span> <span class='ocrx_word' id='word_1_135' title='bbox 2353 709 2430 765; x_wconf 85' lang='lat' dir='ltr'><strong>Ea</strong></span> <span class='ocrx_word' id='word_1_136' title='bbox 2460 727 2586 766; x_wconf 76' lang='lat' dir='ltr'><strong>vero</strong></span> <span class='ocrx_word' id='word_1_137' title='bbox 2615 728 2736 782; x_wconf 63' lang='lat' dir='ltr'><strong>quae</strong></span> <span class='ocrx_word' id='word_1_138' title='bbox 2766 713 3023 767; x_wconf 90' lang='lat' dir='ltr'><strong>dicuntur</strong></span> <span class='ocrx_word' id='word_1_139' title='bbox 3049 712 3410 781; x_wconf 86' lang='lat' dir='ltr'><strong>Apollonidis,</strong></span> <span class='ocrx_word' id='word_1_140' title='bbox 3442 728 3513 771; x_wconf 76' lang='lat' dir='ltr'><strong>na</strong></span> 
     </span>
    </p>
   </div>
   <div class='ocr_carea' id='block_1_20' title="bbox 1950 799 3512 874">
    <p class='ocr_par' dir='ltr' id='par_1_20' title="bbox 1950 799 3512 874">
     <span class='ocr_line' id='line_1_22' title="bbox 1950 799 3512 874; baseline 0.004 -21"><span class='ocrx_word' id='word_1_141' title='bbox 1950 814 2135 853; x_wconf 85' lang='lat' dir='ltr'><strong>secum</strong></span> <span class='ocrx_word' id='word_1_142' title='bbox 2168 799 2385 869; x_wconf 88' lang='lat' dir='ltr'><strong>quidem</strong></span> <span class='ocrx_word' id='word_1_143' title='bbox 2419 800 2533 869; x_wconf 90' lang='lat' dir='ltr'><strong>ipsa</strong></span> <span class='ocrx_word' id='word_1_144' title='bbox 2565 804 2915 858; x_wconf 87' lang='lat' dir='ltr'><strong>concordant.</strong></span> <span class='ocrx_word' id='word_1_145' title='bbox 2930 802 3064 857; x_wconf 85' lang='lat' dir='ltr'><strong>Nam</strong></span> <span class='ocrx_word' id='word_1_146' title='bbox 3088 804 3178 858; x_wconf 93' lang='lat' dir='ltr'><strong>illa</strong></span> <span class='ocrx_word' id='word_1_147' title='bbox 3209 819 3329 874; x_wconf 68' lang='lat' dir='ltr'><strong>quae</strong></span> <span class='ocrx_word' id='word_1_148' title='bbox 3358 804 3512 874; x_wconf 79' lang='lat' dir='ltr'><strong>prius</strong></span> 
     </span>
    </p>
   </div>
   <div class='ocr_carea' id='block_1_21' title="bbox 1950 889 3512 966">
    <p class='ocr_par' dir='ltr' id='par_1_21' title="bbox 1950 889 3512 966">
     <span class='ocr_line' id='line_1_23' title="bbox 1950 889 3512 966; baseline 0.004 -23"><span class='ocrx_word' id='word_1_149' title='bbox 1950 889 2213 957; x_wconf 86' lang='lat' dir='ltr'><strong>ediderat,</strong></span> <span class='ocrx_word' id='word_1_150' title='bbox 2248 906 2373 946; x_wconf 92' lang='lat' dir='ltr'><strong>cum</strong></span> <span class='ocrx_word' id='word_1_151' title='bbox 2408 892 2515 948; x_wconf 88' lang='lat' dir='ltr'><strong>illis</strong></span> <span class='ocrx_word' id='word_1_152' title='bbox 2539 909 2660 962; x_wconf 65' lang='lat' dir='ltr'><strong>quae</strong></span> <span class='ocrx_word' id='word_1_153' title='bbox 2693 907 2876 963; x_wconf 83' lang='lat' dir='ltr'><strong>postea</strong></span> <span class='ocrx_word' id='word_1_154' title='bbox 2911 895 3130 950; x_wconf 73' lang='lat' dir='ltr'><strong>invertit</strong></span> <span class='ocrx_word' id='word_1_155' title='bbox 3161 904 3326 966; x_wconf 88' lang='lat' dir='ltr'><strong>atque</strong></span> <span class='ocrx_word' id='word_1_156' title='bbox 3356 896 3512 950; x_wconf 82' lang='lat' dir='ltr'><strong>luxa-</strong></span> 
     </span>
    </p>
   </div>
   <div class='ocr_carea' id='block_1_22' title="bbox 1948 980 3510 1056">
    <p class='ocr_par' dir='ltr' id='par_1_22' title="bbox 1948 980 3510 1056">
     <span class='ocr_line' id='line_1_24' title="bbox 1948 980 3510 1056; baseline 0.005 -22"><span class='ocrx_word' id='word_1_157' title='bbox 1948 980 2049 1045; x_wconf 80' lang='lat' dir='ltr'><strong>vit,</strong></span> <span class='ocrx_word' id='word_1_158' title='bbox 2081 981 2332 1037; x_wconf 82' lang='lat' dir='ltr'><strong>conferre</strong></span> <span class='ocrx_word' id='word_1_159' title='bbox 2376 984 2604 1052; x_wconf 73' lang='lat' dir='ltr'><strong>quilibet</strong></span> <span class='ocrx_word' id='word_1_160' title='bbox 2633 994 2830 1054; x_wconf 87' lang='lat' dir='ltr'><strong>potest,</strong></span> <span class='ocrx_word' id='word_1_161' title='bbox 2867 996 3030 1056; x_wconf 89' lang='lat' dir='ltr'><strong>atque</strong></span> <span class='ocrx_word' id='word_1_162' title='bbox 3072 988 3213 1043; x_wconf 88' lang='lat' dir='ltr'><strong>inter</strong></span> <span class='ocrx_word' id='word_1_163' title='bbox 3239 1003 3298 1043; x_wconf 90' lang='lat' dir='ltr'><strong>se</strong></span> <span class='ocrx_word' id='word_1_164' title='bbox 3328 987 3510 1042; x_wconf 77' lang='lat' dir='ltr'><strong>disso-</strong></span> 
     </span>
    </p>
   </div>
   <div class='ocr_carea' id='block_1_23' title="bbox 1952 1072 3513 1149">
    <p class='ocr_par' dir='ltr' id='par_1_23' title="bbox 1952 1072 3513 1149">
     <span class='ocr_line' id='line_1_25' title="bbox 1952 1072 3513 1149; baseline 0.006 -24"><span class='ocrx_word' id='word_1_165' title='bbox 1952 1072 2136 1128; x_wconf 85' lang='lat' dir='ltr'><strong>nantia</strong></span> <span class='ocrx_word' id='word_1_166' title='bbox 2181 1073 2600 1143; x_wconf 88' lang='lat' dir='ltr'><strong>deprehendere.</strong></span> <span class='ocrx_word' id='word_1_167' title='bbox 2638 1075 2863 1142; x_wconf 77' lang='lat' dir='ltr'><strong>Quantae</strong></span> <span class='ocrx_word' id='word_1_168' title='bbox 2912 1093 3078 1149; x_wconf 90' lang='lat' dir='ltr'><strong>porro</strong></span> <span class='ocrx_word' id='word_1_169' title='bbox 3144 1080 3387 1135; x_wconf 75' lang='lat' dir='ltr'><strong>audaciae</strong></span> <span class='ocrx_word' id='word_1_170' title='bbox 3440 1080 3513 1135; x_wconf 85' lang='lat' dir='ltr'><strong>sit</strong></span> 
     </span>
    </p>
   </div>
   <div class='ocr_carea' id='block_1_24' title="bbox 1951 1164 3511 1245">
    <p class='ocr_par' dir='ltr' id='par_1_24' title="bbox 1951 1164 3511 1245">
     <span class='ocr_line' id='line_1_26' title="bbox 1951 1164 3511 1245; baseline 0.007 -28"><span class='ocrx_word' id='word_1_171' title='bbox 1951 1164 2216 1233; x_wconf 80' lang='lat' dir='ltr'><strong>ejusmodi</strong></span> <span class='ocrx_word' id='word_1_172' title='bbox 2243 1164 2478 1231; x_wconf 75' lang='lat' dir='ltr'><strong>facinus,</strong></span> <span class='ocrx_word' id='word_1_173' title='bbox 2512 1184 2579 1223; x_wconf 89' lang='lat' dir='ltr'><strong>ne</strong></span> <span class='ocrx_word' id='word_1_174' title='bbox 2606 1169 2753 1239; x_wconf 91' lang='lat' dir='ltr'><strong>ipsos</strong></span> <span class='ocrx_word' id='word_1_175' title='bbox 2779 1171 2999 1240; x_wconf 85' lang='lat' dir='ltr'><strong>quidem</strong></span> <span class='ocrx_word' id='word_1_176' title='bbox 3033 1174 3288 1245; x_wconf 87' lang='lat' dir='ltr'><strong>ignorare</strong></span> <span class='ocrx_word' id='word_1_177' title='bbox 3333 1174 3511 1230; x_wconf 82' lang='lat' dir='ltr'><strong>credi-</strong></span> 
     </span>
    </p>
   </div>
   <div class='ocr_carea' id='block_1_25' title="bbox 1952 1252 3513 1335">
    <p class='ocr_par' dir='ltr' id='par_1_25' title="bbox 1952 1252 3513 1335">
     <span class='ocr_line' id='line_1_27' title="bbox 1952 1252 3513 1335; baseline 0.008 -28"><span class='ocrx_word' id='word_1_178' title='bbox 1952 1252 2059 1307; x_wconf 86' lang='lat' dir='ltr'><strong>bile</strong></span> <span class='ocrx_word' id='word_1_179' title='bbox 2090 1262 2190 1309; x_wconf 91' lang='lat' dir='ltr'><strong>est.</strong></span> <span class='ocrx_word' id='word_1_180' title='bbox 2224 1255 2332 1310; x_wconf 80' lang='lat' dir='ltr'><strong>Aut</strong></span> <span class='ocrx_word' id='word_1_181' title='bbox 2360 1257 2504 1311; x_wconf 90' lang='lat' dir='ltr'><strong>enim</strong></span> <span class='ocrx_word' id='word_1_182' title='bbox 2546 1273 2732 1314; x_wconf 87' lang='lat' dir='ltr'><strong>sacras</strong></span> <span class='ocrx_word' id='word_1_183' title='bbox 2763 1259 3070 1330; x_wconf 87' lang='lat' dir='ltr'><strong>Scripturas</strong></span> <span class='ocrx_word' id='word_1_184' title='bbox 3108 1280 3139 1317; x_wconf 87' lang='lat' dir='ltr'><strong>a</strong></span> <span class='ocrx_word' id='word_1_185' title='bbox 3167 1275 3355 1320; x_wconf 87' lang='lat' dir='ltr'><strong>sancto</strong></span> <span class='ocrx_word' id='word_1_186' title='bbox 3390 1262 3513 1335; x_wconf 91' lang='lat' dir='ltr'><strong>Spi-</strong></span> 
     </span>
    </p>
   </div>
   <div class='ocr_carea' id='block_1_26' title="bbox 1952 1342 3514 1423">
    <p class='ocr_par' dir='ltr' id='par_1_26' title="bbox 1952 1342 3514 1423">
     <span class='ocr_line' id='line_1_28' title="bbox 1952 1342 3514 1423; baseline 0.01 -26"><span class='ocrx_word' id='word_1_187' title='bbox 1952 1342 2056 1398; x_wconf 84' lang='lat' dir='ltr'><strong>ritu</strong></span> <span class='ocrx_word' id='word_1_188' title='bbox 2083 1345 2313 1402; x_wconf 85' lang='lat' dir='ltr'><strong>dictatas</strong></span> <span class='ocrx_word' id='word_1_189' title='bbox 2344 1363 2465 1403; x_wconf 90' lang='lat' dir='ltr'><strong>esse</strong></span> <span class='ocrx_word' id='word_1_190' title='bbox 2487 1364 2594 1404; x_wconf 91' lang='lat' dir='ltr'><strong>non</strong></span> <span class='ocrx_word' id='word_1_191' title='bbox 2634 1351 2883 1418; x_wconf 90' lang='lat' dir='ltr'><strong>credunt,</strong></span> <span class='ocrx_word' id='word_1_192' title='bbox 2917 1368 2981 1407; x_wconf 85' lang='lat' dir='ltr'><strong>ac</strong></span> <span class='ocrx_word' id='word_1_193' title='bbox 3010 1355 3237 1423; x_wconf 92' lang='lat' dir='ltr'><strong>proinde</strong></span> <span class='ocrx_word' id='word_1_194' title='bbox 3271 1356 3514 1413; x_wconf 77' lang='lat' dir='ltr'><strong>inﬁdeles</strong></span> 
     </span>
    </p>
   </div>
   <div class='ocr_carea' id='block_1_27' title="bbox 1953 1442 3514 1515">
    <p class='ocr_par' dir='ltr' id='par_1_27' title="bbox 1953 1442 3514 1515">
     <span class='ocr_line' id='line_1_29' title="bbox 1953 1442 3514 1515; baseline 0.006 -23"><span class='ocrx_word' id='word_1_195' title='bbox 1953 1445 2118 1492; x_wconf 87' lang='lat' dir='ltr'><strong>sunt:</strong></span> <span class='ocrx_word' id='word_1_196' title='bbox 2174 1448 2267 1492; x_wconf 92' lang='lat' dir='ltr'><strong>ant</strong></span> <span class='ocrx_word' id='word_1_197' title='bbox 2309 1442 2629 1510; x_wconf 88' lang='lat' dir='ltr'><strong>semetipsos</strong></span> <span class='ocrx_word' id='word_1_198' title='bbox 2670 1442 2873 1512; x_wconf 87' lang='lat' dir='ltr'><strong>Spiritu</strong></span> <span class='ocrx_word' id='word_1_199' title='bbox 2922 1454 3111 1499; x_wconf 89' lang='lat' dir='ltr'><strong>sancto</strong></span> <span class='ocrx_word' id='word_1_200' title='bbox 3158 1447 3514 1515; x_wconf 82' lang='lat' dir='ltr'><strong>sapientiores</strong></span> 
     </span>
    </p>
   </div>
   <div class='ocr_carea' id='block_1_28' title="bbox 1952 1530 3514 1608">
    <p class='ocr_par' dir='ltr' id='par_1_28' title="bbox 1952 1530 3514 1608">
     <span class='ocr_line' id='line_1_30' title="bbox 1952 1530 3514 1608; baseline 0.005 -23"><span class='ocrx_word' id='word_1_201' title='bbox 1952 1543 2073 1585; x_wconf 85' lang='lat' dir='ltr'><strong>esse</strong></span> <span class='ocrx_word' id='word_1_202' title='bbox 2099 1530 2440 1596; x_wconf 85' lang='lat' dir='ltr'><strong>existimant,</strong></span> <span class='ocrx_word' id='word_1_203' title='bbox 2477 1547 2542 1587; x_wconf 91' lang='lat' dir='ltr'><strong>ac</strong></span> <span class='ocrx_word' id='word_1_204' title='bbox 2575 1535 2801 1603; x_wconf 88' lang='lat' dir='ltr'><strong>proinde</strong></span> <span class='ocrx_word' id='word_1_205' title='bbox 2833 1535 2962 1605; x_wconf 88' lang='lat' dir='ltr'><strong>quid</strong></span> <span class='ocrx_word' id='word_1_206' title='bbox 2993 1537 3138 1591; x_wconf 87' lang='lat' dir='ltr'><strong>aliud</strong></span> <span class='ocrx_word' id='word_1_207' title='bbox 3180 1545 3308 1592; x_wconf 90' lang='lat' dir='ltr'><strong>sunt</strong></span> <span class='ocrx_word' id='word_1_208' title='bbox 3351 1554 3514 1608; x_wconf 89' lang='lat' dir='ltr'><strong>quam</strong></span> 
     </span>
    </p>
   </div>
   <div class='ocr_carea' id='block_1_29' title="bbox 1952 1620 3516 1695">
    <p class='ocr_par' dir='ltr' id='par_1_29' title="bbox 1952 1620 3516 1695">
     <span class='ocr_line' id='line_1_31' title="bbox 1952 1620 3516 1695; baseline 0.004 -20"><span class='ocrx_word' id='word_1_209' title='bbox 1952 1620 2306 1676; x_wconf 67' lang='lat' dir='ltr'><strong>daemoniaci?</strong></span> <span class='ocrx_word' id='word_1_210' title='bbox 2338 1621 2523 1692; x_wconf 89' lang='lat' dir='ltr'><strong>Neque</strong></span> <span class='ocrx_word' id='word_1_211' title='bbox 2560 1624 2705 1679; x_wconf 90' lang='lat' dir='ltr'><strong>enim</strong></span> <span class='ocrx_word' id='word_1_212' title='bbox 2734 1641 2931 1695; x_wconf 86' lang='lat' dir='ltr'><strong>negare</strong></span> <span class='ocrx_word' id='word_1_213' title='bbox 2968 1636 3216 1695; x_wconf 89' lang='lat' dir='ltr'><strong>possunt,</strong></span> <span class='ocrx_word' id='word_1_214' title='bbox 3248 1628 3351 1682; x_wconf 90' lang='lat' dir='ltr'><strong>hoc</strong></span> <span class='ocrx_word' id='word_1_215' title='bbox 3380 1628 3516 1683; x_wconf 80' lang='lat' dir='ltr'><strong>faci-</strong></span> 
     </span>
    </p>
   </div>
   <div class='ocr_carea' id='block_1_30' title="bbox 1952 1714 3518 1787">
    <p class='ocr_par' dir='ltr' id='par_1_30' title="bbox 1952 1714 3518 1787">
     <span class='ocr_line' id='line_1_32' title="bbox 1952 1714 3518 1787; baseline 0.006 -22"><span class='ocrx_word' id='word_1_216' title='bbox 1952 1728 2057 1766; x_wconf 87' lang='lat' dir='ltr'><strong>nus</strong></span> <span class='ocrx_word' id='word_1_217' title='bbox 2088 1728 2118 1766; x_wconf 89' lang='lat' dir='ltr'><strong>a</strong></span> <span class='ocrx_word' id='word_1_218' title='bbox 2151 1728 2209 1768; x_wconf 86' lang='lat' dir='ltr'><strong>se</strong></span> <span class='ocrx_word' id='word_1_219' title='bbox 2253 1714 2551 1770; x_wconf 89' lang='lat' dir='ltr'><strong>admissum</strong></span> <span class='ocrx_word' id='word_1_220' title='bbox 2588 1730 2729 1781; x_wconf 89' lang='lat' dir='ltr'><strong>esse,</strong></span> <span class='ocrx_word' id='word_1_221' title='bbox 2784 1732 2907 1772; x_wconf 91' lang='lat' dir='ltr'><strong>cum</strong></span> <span class='ocrx_word' id='word_1_222' title='bbox 2940 1718 3181 1787; x_wconf 87' lang='lat' dir='ltr'><strong>ipsorum</strong></span> <span class='ocrx_word' id='word_1_223' title='bbox 3227 1735 3389 1773; x_wconf 88' lang='lat' dir='ltr'><strong>manu</strong></span> <span class='ocrx_word' id='word_1_224' title='bbox 3422 1719 3518 1774; x_wconf 87' lang='lat' dir='ltr'><strong>de-</strong></span> 
     </span>
    </p>
   </div>
   <div class='ocr_carea' id='block_1_31' title="bbox 1957 1803 3515 1878">
    <p class='ocr_par' dir='ltr' id='par_1_31' title="bbox 1957 1803 3515 1878">
     <span class='ocr_line' id='line_1_33' title="bbox 1957 1803 3515 1878; baseline 0.006 -22"><span class='ocrx_word' id='word_1_225' title='bbox 1957 1804 2158 1873; x_wconf 91' lang='lat' dir='ltr'><strong>scripta</strong></span> <span class='ocrx_word' id='word_1_226' title='bbox 2186 1803 2295 1858; x_wconf 90' lang='lat' dir='ltr'><strong>sint</strong></span> <span class='ocrx_word' id='word_1_227' title='bbox 2324 1806 2686 1875; x_wconf 79' lang='lat' dir='ltr'><strong>exemplaria;</strong></span> <span class='ocrx_word' id='word_1_228' title='bbox 2718 1823 2893 1878; x_wconf 88' lang='lat' dir='ltr'><strong>neque</strong></span> <span class='ocrx_word' id='word_1_229' title='bbox 2932 1809 2999 1863; x_wconf 91' lang='lat' dir='ltr'><strong>ab</strong></span> <span class='ocrx_word' id='word_1_230' title='bbox 3026 1810 3132 1864; x_wconf 89' lang='lat' dir='ltr'><strong>illis</strong></span> <span class='ocrx_word' id='word_1_231' title='bbox 3162 1825 3192 1864; x_wconf 90' lang='lat' dir='ltr'><strong>a</strong></span> <span class='ocrx_word' id='word_1_232' title='bbox 3230 1810 3431 1878; x_wconf 86' lang='lat' dir='ltr'><strong>quibus</strong></span> <span class='ocrx_word' id='word_1_233' title='bbox 3459 1810 3515 1865; x_wconf 94' lang='lat' dir='ltr'><strong>in</strong></span> 
     </span>
    </p>
   </div>
   <div class='ocr_carea' id='block_1_32' title="bbox 283 1883 1853 1970">
    <p class='ocr_par' dir='ltr' id='par_1_32' title="bbox 283 1883 1628 1965">
     <span class='ocr_line' id='line_1_34' title="bbox 283 1883 1628 1965; baseline 0.011 -33"><span class='ocrx_word' id='word_1_234' title='bbox 283 1883 357 1945; x_wconf 85' lang='grc' dir='ltr'><strong>είς</strong></span> <span class='ocrx_word' id='word_1_235' title='bbox 382 1883 615 1955; x_wconf 76' lang='grc' dir='ltr'>ἔσχατον</span> <span class='ocrx_word' id='word_1_236' title='bbox 645 1888 917 1953; x_wconf 80' lang='grc' dir='ltr'>ἀπωλείας</span> <span class='ocrx_word' id='word_1_237' title='bbox 946 1890 1167 1962; x_wconf 75' lang='grc' dir='ltr'>ὄλεθρον</span> <span class='ocrx_word' id='word_1_238' title='bbox 1198 1894 1628 1965; x_wconf 75' lang='grc' dir='ltr'>κατωλίσθησαν.</span> 
     </span>
    </p>
   </div>
   <div class='ocr_carea' id='block_1_33' title="bbox 1959 1883 3517 1970">
    <p class='ocr_par' dir='ltr' id='par_1_33' title="bbox 1959 1894 3517 1970">
     <span class='ocr_line' id='line_1_35' title="bbox 1959 1894 3517 1970; baseline 0.005 -22"><span class='ocrx_word' id='word_1_239' title='bbox 1959 1894 2266 1951; x_wconf 88' lang='lat' dir='ltr'><strong>Christiana</strong></span> <span class='ocrx_word' id='word_1_240' title='bbox 2320 1896 2427 1953; x_wconf 76' lang='lat' dir='ltr'><strong>fide</strong></span> <span class='ocrx_word' id='word_1_241' title='bbox 2470 1898 2705 1953; x_wconf 90' lang='lat' dir='ltr'><strong>instituti</strong></span> <span class='ocrx_word' id='word_1_242' title='bbox 2766 1909 2933 1967; x_wconf 80' lang='lat' dir='ltr'><strong>sunt,</strong></span> <span class='ocrx_word' id='word_1_243' title='bbox 2982 1901 3253 1970; x_wconf 88' lang='lat' dir='ltr'><strong>ejusmodi</strong></span> <span class='ocrx_word' id='word_1_244' title='bbox 3301 1901 3517 1957; x_wconf 83' lang='lat' dir='ltr'><strong>codices</strong></span> 
     </span>
    </p>
   </div>
   <div class='ocr_carea' id='block_1_34' title="bbox 282 1976 3517 2061">
    <p class='ocr_par' dir='ltr' id='par_1_34' title="bbox 282 1976 3517 2061">
     <span class='ocr_line' id='line_1_36' title="bbox 282 1976 3517 2061; baseline 0.008 -37"><span class='ocrx_word' id='word_1_245' title='bbox 282 1976 637 2043; x_wconf 85' lang='lat' dir='ltr'><strong>acceperint:</strong></span> <span class='ocrx_word' id='word_1_246' title='bbox 682 1995 785 2035; x_wconf 87' lang='lat' dir='ltr'><strong>nec</strong></span> <span class='ocrx_word' id='word_1_247' title='bbox 838 1983 1124 2038; x_wconf 89' lang='lat' dir='ltr'><strong>ostendere</strong></span> <span class='ocrx_word' id='word_1_248' title='bbox 1164 1985 1375 2054; x_wconf 89' lang='lat' dir='ltr'><strong>possint</strong></span> <span class='ocrx_word' id='word_1_249' title='bbox 1423 1986 1775 2056; x_wconf 80' lang='lat' dir='ltr'><strong>exemplaria,</strong></span> <span class='ocrx_word' id='word_1_250' title='bbox 1813 2001 1880 2041; x_wconf 78' lang='lat' dir='ltr'><strong>ex</strong></span> <span class='ocrx_word' id='word_1_251' title='bbox 1931 1987 2130 2056; x_wconf 92' lang='lat' dir='ltr'><strong>quibus</strong></span> <span class='ocrx_word' id='word_1_252' title='bbox 2174 2003 2275 2043; x_wconf 85' lang='lat' dir='ltr'><strong>sua</strong></span> <span class='ocrx_word' id='word_1_253' title='bbox 2323 1988 2414 2043; x_wconf 89' lang='lat' dir='ltr'><strong>illa</strong></span> <span class='ocrx_word' id='word_1_254' title='bbox 2470 1989 2893 2061; x_wconf 84' lang='lat' dir='ltr'><strong>descripserunt.</strong></span> <span class='ocrx_word' id='word_1_255' title='bbox 2934 1991 3162 2059; x_wconf 85' lang='lat' dir='ltr'><strong>Quidam</strong></span> <span class='ocrx_word' id='word_1_256' title='bbox 3205 2002 3388 2049; x_wconf 91' lang='lat' dir='ltr'><strong>autem</strong></span> <span class='ocrx_word' id='word_1_257' title='bbox 3448 2008 3517 2049; x_wconf 78' lang='lat' dir='ltr'><strong>ex</strong></span> 
     </span>
    </p>
   </div>
   <div class='ocr_carea' id='block_1_35' title="bbox 284 2065 3518 2156">
    <p class='ocr_par' dir='ltr' id='par_1_35' title="bbox 284 2065 3518 2156">
     <span class='ocr_line' id='line_1_37' title="bbox 284 2065 3518 2156; baseline 0.007 -39"><span class='ocrx_word' id='word_1_258' title='bbox 284 2065 416 2133; x_wconf 88' lang='lat' dir='ltr'><strong>ipsis</strong></span> <span class='ocrx_word' id='word_1_259' title='bbox 438 2083 509 2122; x_wconf 92' lang='lat' dir='ltr'><strong>ne</strong></span> <span class='ocrx_word' id='word_1_260' title='bbox 530 2070 839 2128; x_wconf 84' lang='lat' dir='ltr'><strong>adulterare</strong></span> <span class='ocrx_word' id='word_1_261' title='bbox 867 2074 1085 2144; x_wconf 87' lang='lat' dir='ltr'><strong>quidem</strong></span> <span class='ocrx_word' id='word_1_262' title='bbox 1122 2074 1435 2146; x_wconf 87' lang='lat' dir='ltr'><strong>Scripturas</strong></span> <span class='ocrx_word' id='word_1_263' title='bbox 1460 2078 1667 2148; x_wconf 85' lang='lat' dir='ltr'><strong>dignati</strong></span> <span class='ocrx_word' id='word_1_264' title='bbox 1691 2087 1849 2133; x_wconf 90' lang='lat' dir='ltr'><strong>sunt:</strong></span> <span class='ocrx_word' id='word_1_265' title='bbox 1876 2078 1971 2133; x_wconf 89' lang='lat' dir='ltr'><strong>sed</strong></span> <span class='ocrx_word' id='word_1_266' title='bbox 2028 2078 2199 2149; x_wconf 88' lang='lat' dir='ltr'><strong>legem</strong></span> <span class='ocrx_word' id='word_1_267' title='bbox 2268 2094 2333 2135; x_wconf 85' lang='lat' dir='ltr'><strong>ac</strong></span> <span class='ocrx_word' id='word_1_268' title='bbox 2381 2082 2673 2150; x_wconf 87' lang='lat' dir='ltr'><strong>prophetas</strong></span> <span class='ocrx_word' id='word_1_269' title='bbox 2716 2084 2962 2139; x_wconf 82' lang='lat' dir='ltr'><strong>absolute</strong></span> <span class='ocrx_word' id='word_1_270' title='bbox 3009 2085 3376 2155; x_wconf 87' lang='lat' dir='ltr'><strong>repudiantes,</strong></span> <span class='ocrx_word' id='word_1_271' title='bbox 3422 2100 3518 2156; x_wconf 89' lang='lat' dir='ltr'><strong>per</strong></span> 
     </span>
    </p>
   </div>
   <div class='ocr_carea' id='block_1_36' title="bbox 283 2161 3249 2249">
    <p class='ocr_par' dir='ltr' id='par_1_36' title="bbox 283 2161 3249 2249">
     <span class='ocr_line' id='line_1_38' title="bbox 283 2161 3249 2249; baseline 0.007 -36"><span class='ocrx_word' id='word_1_272' title='bbox 283 2161 625 2232; x_wconf 80' lang='lat' dir='ltr'><strong>illegitimam</strong></span> <span class='ocrx_word' id='word_1_273' title='bbox 655 2178 708 2224; x_wconf 88' lang='lat' dir='ltr'><strong>et</strong></span> <span class='ocrx_word' id='word_1_274' title='bbox 731 2169 953 2241; x_wconf 89' lang='lat' dir='ltr'><strong>impiam</strong></span> <span class='ocrx_word' id='word_1_275' title='bbox 982 2172 1308 2240; x_wconf 84' lang='lat' dir='ltr'><strong>doctrinam,</strong></span> <span class='ocrx_word' id='word_1_276' title='bbox 1336 2175 1437 2230; x_wconf 92' lang='lat' dir='ltr'><strong>sub</strong></span> <span class='ocrx_word' id='word_1_277' title='bbox 1466 2175 1690 2231; x_wconf 89' lang='lat' dir='ltr'><strong>obtentu</strong></span> <span class='ocrx_word' id='word_1_278' title='bbox 1720 2176 1907 2246; x_wconf 68' lang='lat' dir='ltr'><strong>gratiae</strong></span> <span class='ocrx_word' id='word_1_279' title='bbox 1943 2176 2000 2230; x_wconf 90' lang='lat' dir='ltr'><strong>in</strong></span> <span class='ocrx_word' id='word_1_280' title='bbox 2036 2176 2361 2233; x_wconf 88' lang='lat' dir='ltr'><strong>altissimum</strong></span> <span class='ocrx_word' id='word_1_281' title='bbox 2394 2177 2545 2232; x_wconf 84' lang='lat' dir='ltr'><strong>exitii</strong></span> <span class='ocrx_word' id='word_1_282' title='bbox 2572 2177 2839 2247; x_wconf 73' lang='lat' dir='ltr'><strong>gurgitem</strong></span> <span class='ocrx_word' id='word_1_283' title='bbox 2871 2178 3075 2249; x_wconf 82' lang='lat' dir='ltr'><strong>delapsi</strong></span> <span class='ocrx_word' id='word_1_284' title='bbox 3099 2188 3249 2235; x_wconf 87' lang='lat' dir='ltr'><strong>sunt.</strong></span> 
     </span>
    </p>
   </div>
   <div class='ocr_carea' id='block_1_37' title="bbox 285 2316 3366 2354">
    <p class='ocr_par' dir='ltr' id='par_1_37' title="bbox 285 2316 3366 2354">
     <span class='ocr_line' id='line_1_39' title="bbox 285 2316 3366 2354; baseline 0 -24"><span class='ocrx_word' id='word_1_285' title='bbox 285 2316 3366 2354; x_wconf 81' lang='lat'><strong>.___________________________________</strong></span> 
     </span>
    </p>
   </div>
   <div class='ocr_carea' id='block_1_38' title="bbox 1272 2444 2530 2560">
    <p class='ocr_par' dir='ltr' id='par_1_38' title="bbox 1272 2444 2530 2560">
     <span class='ocr_line' id='line_1_40' title="bbox 1272 2444 2530 2560; baseline 0 -2"><span class='ocrx_word' id='word_1_286' title='bbox 1272 2444 1653 2558; x_wconf 66' lang='lat' dir='ltr'><strong>CLII</strong></span> <span class='ocrx_word' id='word_1_287' title='bbox 1711 2444 2530 2560; x_wconf 76' lang='lat' dir='ltr'><strong>EJUSDEM</strong></span> 
     </span>
    </p>
   </div>
   <div class='ocr_carea' id='block_1_39' title="bbox 1752 2671 2034 2710">
    <p class='ocr_par' dir='ltr' id='par_1_39' title="bbox 1752 2671 2031 2710">
     <span class='ocr_line' id='line_1_41' title="bbox 1752 2671 2031 2710; baseline -0.014 0"><span class='ocrx_word' id='word_1_288' title='bbox 1752 2671 2031 2710; x_wconf 63' lang='grc' dir='ltr'>υτγπωπη</span> 
     </span>
    </p>
   </div>
   <div class='ocr_carea' id='block_1_40' title="bbox 699 2803 3043 2893">
    <p class='ocr_par' dir='ltr' id='par_1_40' title="bbox 699 2803 3043 2893">
     <span class='ocr_line' id='line_1_42' title="bbox 699 2803 3043 2893; baseline 0.002 -25"><span class='ocrx_word' id='word_1_289' title='bbox 699 2806 1151 2888; x_wconf 76' lang='lat' dir='ltr'><strong>Fragmentum</strong></span> <span class='ocrx_word' id='word_1_290' title='bbox 1180 2803 1552 2886; x_wconf 84' lang='lat' dir='ltr'><strong>acephalum</strong></span> <span class='ocrx_word' id='word_1_291' title='bbox 1591 2804 1671 2868; x_wconf 90' lang='lat' dir='ltr'><strong>de</strong></span> <span class='ocrx_word' id='word_1_292' title='bbox 1716 2806 1972 2871; x_wconf 82' lang='lat' dir='ltr'><strong>Canone</strong></span> <span class='ocrx_word' id='word_1_293' title='bbox 2008 2824 2328 2872; x_wconf 82' lang='lat' dir='ltr'><strong>sacrarum</strong></span> <span class='ocrx_word' id='word_1_294' title='bbox 2362 2807 2830 2887; x_wconf 82' lang='lat' dir='ltr'><strong>Scripturarum</strong></span> <span class='ocrx_word' id='word_1_295' title='bbox 2892 2808 3043 2893; x_wconf 60' lang='grc'>(24),</span> 
     </span>
    </p>
   </div>
   <div class='ocr_carea' id='block_1_41' title="bbox 905 2962 1853 3034">
    <p class='ocr_par' dir='ltr' id='par_1_41' title="bbox 905 2962 1853 3031">
     <span class='ocr_line' id='line_1_43' title="bbox 905 2962 1853 3031; baseline -0.001 -14"><span class='ocrx_word' id='word_1_296' title='bbox 905 2964 1070 3031; x_wconf 69' lang='lat' dir='ltr'><strong>(Apud</strong></span> <span class='ocrx_word' id='word_1_297' title='bbox 1098 2964 1150 3015; x_wconf 86' lang='lat' dir='ltr'><strong>L.</strong></span> <span class='ocrx_word' id='word_1_298' title='bbox 1177 2966 1238 3017; x_wconf 74' lang='grc' dir='ltr'>Α.</span> <span class='ocrx_word' id='word_1_299' title='bbox 1265 2965 1588 3017; x_wconf 64' lang='lat' dir='ltr'><strong>Maurorum:</strong></span> <span class='ocrx_word' id='word_1_300' title='bbox 1617 2963 1677 3016; x_wconf 71' lang='grc' dir='ltr'>γ.</span> <span class='ocrx_word' id='word_1_301' title='bbox 1707 2962 1758 3017; x_wconf 90' lang='lat' dir='ltr'><strong>C.</strong></span> <span class='ocrx_word' id='word_1_302' title='bbox 1781 2967 1853 3016; x_wconf 81' lang='grc' dir='ltr'><strong>Δη</strong></span> 
     </span>
    </p>
   </div>
   <div class='ocr_carea' id='block_1_42' title="bbox 1959 2962 2908 3034">
    <p class='ocr_par' dir='ltr' id='par_1_42' title="bbox 1959 2964 2908 3034">
     <span class='ocr_line' id='line_1_44' title="bbox 1959 2964 2908 3034; baseline 0 -16"><span class='ocrx_word' id='word_1_303' title='bbox 1959 3009 1969 3018; x_wconf 94' lang='grc'><strong>.</strong></span> <span class='ocrx_word' id='word_1_304' title='bbox 2001 2964 2111 3017; x_wconf 81' lang='lat' dir='ltr'><strong>Ital.</strong></span> <span class='ocrx_word' id='word_1_305' title='bbox 2138 2967 2267 3019; x_wconf 85' lang='lat' dir='ltr'><strong>med.</strong></span> <span class='ocrx_word' id='word_1_306' title='bbox 2289 2982 2378 3020; x_wconf 79' lang='grc' dir='ltr'><strong>ωυ.</strong></span> <span class='ocrx_word' id='word_1_307' title='bbox 2406 2974 2528 3023; x_wconf 87' lang='lat' dir='ltr'><strong>tom.</strong></span> <span class='ocrx_word' id='word_1_308' title='bbox 2552 2968 2631 3020; x_wconf 44' lang='lat' dir='ltr'><strong>III».</strong></span> <span class='ocrx_word' id='word_1_309' title='bbox 2654 2970 2748 3020; x_wconf 91' lang='lat' dir='ltr'><strong>col.</strong></span> <span class='ocrx_word' id='word_1_310' title='bbox 2774 2967 2908 3034; x_wconf 72' lang='grc'><strong>854.)</strong></span> 
     </span>
    </p>
   </div>
   <div class='ocr_carea' id='block_1_43' title="bbox 352 3258 3519 3341">
    <p class='ocr_par' dir='ltr' id='par_1_43' title="bbox 352 3258 3519 3341">
     <span class='ocr_line' id='line_1_45' title="bbox 352 3258 3519 3341; baseline 0.003 -21"><span class='ocrx_word' id='word_1_311' title='bbox 352 3268 396 3321; x_wconf 87' lang='lat' dir='ltr'><strong>l.</strong></span> <span class='ocrx_word' id='word_1_312' title='bbox 672 3262 870 3334; x_wconf 87' lang='lat' dir='ltr'><strong>quibus</strong></span> <span class='ocrx_word' id='word_1_313' title='bbox 902 3269 1083 3316; x_wconf 89' lang='lat' dir='ltr'><strong>tamen</strong></span> <span class='ocrx_word' id='word_1_314' title='bbox 1128 3258 1391 3329; x_wconf 81' lang='lat' dir='ltr'><strong>interfuit,</strong></span> <span class='ocrx_word' id='word_1_315' title='bbox 1427 3269 1481 3316; x_wconf 86' lang='lat' dir='ltr'><strong>et</strong></span> <span class='ocrx_word' id='word_1_316' title='bbox 1520 3259 1596 3315; x_wconf 89' lang='lat' dir='ltr'><strong>ita</strong></span> <span class='ocrx_word' id='word_1_317' title='bbox 1642 3260 1850 3331; x_wconf 88' lang='lat' dir='ltr'><strong>posuit.</strong></span> <span class='ocrx_word' id='word_1_318' title='bbox 1882 3268 1925 3326; x_wconf 74' lang='grc' dir='ltr'>ο</span> <span class='ocrx_word' id='word_1_319' title='bbox 1957 3263 2251 3319; x_wconf 83' lang='lat' dir='ltr'><strong>revelatum</strong></span> <span class='ocrx_word' id='word_1_320' title='bbox 2291 3264 2519 3320; x_wconf 69' lang='lat' dir='ltr'><strong>Andrere</strong></span> <span class='ocrx_word' id='word_1_321' title='bbox 2558 3282 2620 3321; x_wconf 80' lang='lat' dir='ltr'><strong>ex</strong></span> <span class='ocrx_word' id='word_1_322' title='bbox 2672 3266 2955 3336; x_wconf 83' lang='lat' dir='ltr'><strong>apostolis,</strong></span> <span class='ocrx_word' id='word_1_323' title='bbox 2990 3278 3049 3323; x_wconf 87' lang='lat' dir='ltr'><strong>ut</strong></span> <span class='ocrx_word' id='word_1_324' title='bbox 3080 3276 3519 3341; x_wconf 86' lang='lat' dir='ltr'><strong>recognoscenti-</strong></span> 
     </span>
    </p>
   </div>
   <div class='ocr_carea' id='block_1_44' title="bbox 287 3351 3515 3427">
    <p class='ocr_par' dir='ltr' id='par_1_44' title="bbox 287 3351 3515 3427">
     <span class='ocr_line' id='line_1_46' title="bbox 287 3351 3515 3427; baseline 0.001 -12"><span class='ocrx_word' id='word_1_325' title='bbox 287 3358 469 3415; x_wconf 83' lang='lat' dir='ltr'><strong>Tertio</strong></span> <span class='ocrx_word' id='word_1_326' title='bbox 497 3355 773 3427; x_wconf 76' lang='lat' dir='ltr'><strong>Evangelii</strong></span> <span class='ocrx_word' id='word_1_327' title='bbox 800 3354 997 3409; x_wconf 84' lang='lat' dir='ltr'><strong>librum</strong></span> <span class='ocrx_word' id='word_1_328' title='bbox 1038 3352 1262 3407; x_wconf 83' lang='lat' dir='ltr'><strong>secundo</strong></span> <span class='ocrx_word' id='word_1_329' title='bbox 1287 3351 1504 3405; x_wconf 84' lang='lat' dir='ltr'><strong>Lucam.</strong></span> <span class='ocrx_word' id='word_1_330' title='bbox 1534 3351 1711 3408; x_wconf 82' lang='lat' dir='ltr'><strong>Lucas</strong></span> <span class='ocrx_word' id='word_1_331' title='bbox 1750 3354 1853 3407; x_wconf 75' lang='lat' dir='ltr'><strong>iste</strong></span> <span class='ocrx_word' id='word_1_332' title='bbox 1957 3357 2060 3413; x_wconf 86' lang='lat' dir='ltr'><strong>bus</strong></span> <span class='ocrx_word' id='word_1_333' title='bbox 2087 3358 2315 3421; x_wconf 90' lang='lat' dir='ltr'><strong>cunctis,</strong></span> <span class='ocrx_word' id='word_1_334' title='bbox 2347 3356 2613 3412; x_wconf 83' lang='lat' dir='ltr'><strong>Johannis</strong></span> <span class='ocrx_word' id='word_1_335' title='bbox 2641 3361 2989 3412; x_wconf 92' lang='lat' dir='ltr'><strong>suonomine</strong></span> <span class='ocrx_word' id='word_1_336' title='bbox 3016 3371 3210 3416; x_wconf 86' lang='lat' dir='ltr'><strong>cuncta</strong></span> <span class='ocrx_word' id='word_1_337' title='bbox 3236 3363 3515 3423; x_wconf 86' lang='lat' dir='ltr'><strong>describe-</strong></span> 
     </span>
    </p>
   </div>
   <div class='ocr_carea' id='block_1_45' title="bbox 288 3443 3523 3520">
    <p class='ocr_par' dir='ltr' id='par_1_45' title="bbox 288 3443 3523 3520">
     <span class='ocr_line' id='line_1_47' title="bbox 288 3443 3523 3520; baseline 0.002 -15"><span class='ocrx_word' id='word_1_338' title='bbox 288 3452 533 3505; x_wconf 85' lang='lat' dir='ltr'><strong>medicus</strong></span> <span class='ocrx_word' id='word_1_339' title='bbox 580 3457 704 3518; x_wconf 90' lang='lat' dir='ltr'><strong>post</strong></span> <span class='ocrx_word' id='word_1_340' title='bbox 748 3460 1037 3502; x_wconf 89' lang='lat' dir='ltr'><strong>ascensum</strong></span> <span class='ocrx_word' id='word_1_341' title='bbox 1080 3444 1306 3507; x_wconf 89' lang='lat' dir='ltr'><strong>Christi,</strong></span> <span class='ocrx_word' id='word_1_342' title='bbox 1360 3459 1486 3500; x_wconf 91' lang='lat' dir='ltr'><strong>cum</strong></span> <span class='ocrx_word' id='word_1_343' title='bbox 1537 3458 1602 3499; x_wconf 92' lang='lat' dir='ltr'><strong>eo</strong></span> <span class='ocrx_word' id='word_1_344' title='bbox 1650 3443 1853 3502; x_wconf 88' lang='lat' dir='ltr'><strong>Paulus</strong></span> <span class='ocrx_word' id='word_1_345' title='bbox 1956 3456 2059 3502; x_wconf 91' lang='lat' dir='ltr'><strong>ret.</strong></span> <span class='ocrx_word' id='word_1_346' title='bbox 2099 3446 2164 3502; x_wconf 83' lang='lat' dir='ltr'><strong>Et</strong></span> <span class='ocrx_word' id='word_1_347' title='bbox 2190 3449 2308 3503; x_wconf 89' lang='lat' dir='ltr'><strong>ideo</strong></span> <span class='ocrx_word' id='word_1_348' title='bbox 2336 3448 2461 3505; x_wconf 89' lang='lat' dir='ltr'><strong>licet</strong></span> <span class='ocrx_word' id='word_1_349' title='bbox 2486 3448 2634 3503; x_wconf 82' lang='lat' dir='ltr'><strong>varia</strong></span> <span class='ocrx_word' id='word_1_350' title='bbox 2667 3449 2900 3519; x_wconf 84' lang='lat' dir='ltr'><strong>singulis</strong></span> <span class='ocrx_word' id='word_1_351' title='bbox 2928 3448 3342 3520; x_wconf 76' lang='lat' dir='ltr'><strong>Evangeliornm</strong></span> <span class='ocrx_word' id='word_1_352' title='bbox 3367 3454 3523 3513; x_wconf 89' lang='lat' dir='ltr'><strong>libris</strong></span> 
     </span>
    </p>
   </div>
   <div class='ocr_carea' id='block_1_46' title="bbox 288 3536 1849 3613">
    <p class='ocr_par' dir='ltr' id='par_1_46' title="bbox 288 3536 1849 3613">
     <span class='ocr_line' id='line_1_48' title="bbox 288 3536 1849 3613; baseline -0.006 -14"><span class='ocrx_word' id='word_1_353' title='bbox 288 3544 449 3613; x_wconf 88' lang='lat' dir='ltr'><strong>quasi</strong></span> <span class='ocrx_word' id='word_1_354' title='bbox 499 3541 723 3611; x_wconf 88' lang='lat' dir='ltr'><strong>utjuris</strong></span> <span class='ocrx_word' id='word_1_355' title='bbox 752 3538 1058 3595; x_wconf 80' lang='lat' dir='ltr'><strong>studiosum</strong></span> <span class='ocrx_word' id='word_1_356' title='bbox 1092 3537 1402 3601; x_wconf 80' lang='lat' dir='ltr'><strong>secundum</strong></span> <span class='ocrx_word' id='word_1_357' title='bbox 1449 3536 1849 3602; x_wconf 87' lang='lat' dir='ltr'><strong>adsumsisset,</strong></span> 
     </span>
    </p>
   </div>
   <div class='ocr_carea' id='block_1_47' title="bbox 289 3627 1850 3701">
    <p class='ocr_par' dir='ltr' id='par_1_47' title="bbox 289 3627 1850 3701">
     <span class='ocr_line' id='line_1_49' title="bbox 289 3627 1850 3701; baseline -0.007 -10"><span class='ocrx_word' id='word_1_358' title='bbox 289 3635 511 3691; x_wconf 89' lang='lat' dir='ltr'><strong>numeni</strong></span> <span class='ocrx_word' id='word_1_359' title='bbox 541 3648 642 3689; x_wconf 88' lang='lat' dir='ltr'><strong>suo</strong></span> <span class='ocrx_word' id='word_1_360' title='bbox 670 3648 734 3687; x_wconf 85' lang='lat' dir='ltr'><strong>ex</strong></span> <span class='ocrx_word' id='word_1_361' title='bbox 758 3629 1015 3701; x_wconf 88' lang='lat' dir='ltr'><strong>opinione</strong></span> <span class='ocrx_word' id='word_1_362' title='bbox 1040 3628 1329 3683; x_wconf 89' lang='lat' dir='ltr'><strong>concriset.</strong></span> <span class='ocrx_word' id='word_1_363' title='bbox 1357 3627 1646 3683; x_wconf 91' lang='lat' dir='ltr'><strong>Dominum</strong></span> <span class='ocrx_word' id='word_1_364' title='bbox 1671 3637 1850 3681; x_wconf 88' lang='lat' dir='ltr'><strong>tamen</strong></span> 
     </span>
    </p>
   </div>
   <div class='ocr_carea' id='block_1_48' title="bbox 289 3719 1853 3797">
    <p class='ocr_par' dir='ltr' id='par_1_48' title="bbox 289 3719 1853 3797">
     <span class='ocr_line' id='line_1_50' title="bbox 289 3719 1853 3797; baseline -0.006 -14"><span class='ocrx_word' id='word_1_365' title='bbox 289 3745 386 3783; x_wconf 88' lang='lat' dir='ltr'><strong>nec</strong></span> <span class='ocrx_word' id='word_1_366' title='bbox 446 3728 567 3797; x_wconf 90' lang='lat' dir='ltr'><strong>ipse</strong></span> <span class='ocrx_word' id='word_1_367' title='bbox 614 3724 749 3778; x_wconf 81' lang='lat' dir='ltr'><strong>vidit</strong></span> <span class='ocrx_word' id='word_1_368' title='bbox 799 3723 853 3776; x_wconf 92' lang='lat' dir='ltr'><strong>in</strong></span> <span class='ocrx_word' id='word_1_369' title='bbox 895 3736 1094 3786; x_wconf 87' lang='lat' dir='ltr'><strong>carne;</strong></span> <span class='ocrx_word' id='word_1_370' title='bbox 1139 3730 1192 3775; x_wconf 90' lang='lat' dir='ltr'><strong>et</strong></span> <span class='ocrx_word' id='word_1_371' title='bbox 1225 3721 1367 3774; x_wconf 90' lang='lat' dir='ltr'><strong>idem</strong></span> <span class='ocrx_word' id='word_1_372' title='bbox 1422 3728 1587 3789; x_wconf 92' lang='lat' dir='ltr'><strong>prout</strong></span> <span class='ocrx_word' id='word_1_373' title='bbox 1634 3719 1853 3788; x_wconf 88' lang='lat' dir='ltr'><strong>assequi</strong></span> 
     </span>
    </p>
   </div>
   <div class='ocr_carea' id='block_1_49' title="bbox 287 3810 1848 3889">
    <p class='ocr_par' dir='ltr' id='par_1_49' title="bbox 287 3810 1848 3889">
     <span class='ocr_line' id='line_1_51' title="bbox 287 3810 1848 3889; baseline -0.006 -15"><span class='ocrx_word' id='word_1_374' title='bbox 287 3820 486 3889; x_wconf 88' lang='lat' dir='ltr'><strong>potuit,</strong></span> <span class='ocrx_word' id='word_1_375' title='bbox 527 3818 605 3871; x_wconf 86' lang='lat' dir='ltr'><strong>ita</strong></span> <span class='ocrx_word' id='word_1_376' title='bbox 636 3824 690 3871; x_wconf 89' lang='lat' dir='ltr'><strong>et</strong></span> <span class='ocrx_word' id='word_1_377' title='bbox 718 3830 748 3869; x_wconf 88' lang='lat' dir='ltr'><strong>a</strong></span> <span class='ocrx_word' id='word_1_378' title='bbox 779 3813 1058 3868; x_wconf 84' lang='lat' dir='ltr'><strong>nativitate</strong></span> <span class='ocrx_word' id='word_1_379' title='bbox 1093 3810 1357 3866; x_wconf 85' lang='lat' dir='ltr'><strong>Johannis</strong></span> <span class='ocrx_word' id='word_1_380' title='bbox 1400 3811 1603 3881; x_wconf 85' lang='lat' dir='ltr'><strong>incipet</strong></span> <span class='ocrx_word' id='word_1_381' title='bbox 1650 3810 1848 3865; x_wconf 88' lang='lat' dir='ltr'><strong>dicere.</strong></span> 
     </span>
    </p>
   </div>
   <div class='ocr_carea' id='block_1_50' title="bbox 265 3892 1857 3977">
    <p class='ocr_par' dir='ltr' id='par_1_50' title="bbox 265 3892 1857 3977">
     <span class='ocr_line' id='line_1_52' title="bbox 265 3892 1857 3977; baseline -0.004 -13"><span class='ocrx_word' id='word_1_382' title='bbox 265 3892 479 3976; x_wconf 26' lang='lat' dir='ltr'><strong>.Quarti</strong></span> <span class='ocrx_word' id='word_1_383' title='bbox 509 3907 918 3977; x_wconf 76' lang='lat' dir='ltr'><strong>Evangeliorum</strong></span> <span class='ocrx_word' id='word_1_384' title='bbox 944 3904 1204 3959; x_wconf 82' lang='lat' dir='ltr'><strong>Johannis</strong></span> <span class='ocrx_word' id='word_1_385' title='bbox 1226 3919 1292 3958; x_wconf 83' lang='lat' dir='ltr'><strong>ex</strong></span> <span class='ocrx_word' id='word_1_386' title='bbox 1313 3904 1613 3974; x_wconf 90' lang='lat' dir='ltr'><strong>discipulis.</strong></span> <span class='ocrx_word' id='word_1_387' title='bbox 1633 3903 1817 3958; x_wconf 87' lang='lat' dir='ltr'><strong>Cohor</strong></span> <span class='ocrx_word' id='word_1_388' title='bbox 1839 3928 1857 3939; x_wconf 83' lang='lat'><em>-</em></span> 
     </span>
    </p>
   </div>
   <div class='ocr_carea' id='block_1_51' title="bbox 288 3994 1852 4069">
    <p class='ocr_par' dir='ltr' id='par_1_51' title="bbox 288 3994 1852 4069">
     <span class='ocr_line' id='line_1_53' title="bbox 288 3994 1852 4069; baseline -0.004 -15"><span class='ocrx_word' id='word_1_389' title='bbox 288 4002 536 4056; x_wconf 88' lang='lat' dir='ltr'><strong>tantibus</strong></span> <span class='ocrx_word' id='word_1_390' title='bbox 570 3997 957 4069; x_wconf 90' lang='lat' dir='ltr'><strong>condiscipulis</strong></span> <span class='ocrx_word' id='word_1_391' title='bbox 981 4004 1037 4051; x_wconf 88' lang='lat' dir='ltr'><strong>et</strong></span> <span class='ocrx_word' id='word_1_392' title='bbox 1066 3995 1335 4065; x_wconf 88' lang='lat' dir='ltr'><strong>episcopis</strong></span> <span class='ocrx_word' id='word_1_393' title='bbox 1368 3996 1484 4051; x_wconf 90' lang='lat' dir='ltr'><strong>suis</strong></span> <span class='ocrx_word' id='word_1_394' title='bbox 1509 3994 1643 4050; x_wconf 85' lang='lat' dir='ltr'><strong>dixit</strong></span> <span class='ocrx_word' id='word_1_395' title='bbox 1672 4014 1686 4051; x_wconf 88' lang='lat'><strong>:</strong></span> <span class='ocrx_word' id='word_1_396' title='bbox 1717 3994 1852 4050; x_wconf 34' lang='lat' dir='ltr'><strong>Cons</strong></span> 
     </span>
    </p>
   </div>
   <div class='ocr_carea' id='block_1_52' title="bbox 282 4086 1856 4159">
    <p class='ocr_par' dir='ltr' id='par_1_52' title="bbox 282 4086 1856 4159">
     <span class='ocr_line' id='line_1_54' title="bbox 282 4086 1856 4159; baseline -0.001 -16"><span class='ocrx_word' id='word_1_397' title='bbox 282 4089 521 4159; x_wconf 81' lang='lat' dir='ltr'><strong>jejunate</strong></span> <span class='ocrx_word' id='word_1_398' title='bbox 578 4088 708 4141; x_wconf 87' lang='lat' dir='ltr'><strong>mihi</strong></span> <span class='ocrx_word' id='word_1_399' title='bbox 762 4088 915 4141; x_wconf 82' lang='lat' dir='ltr'><strong>hodie</strong></span> <span class='ocrx_word' id='word_1_400' title='bbox 970 4086 1167 4151; x_wconf 83' lang='lat' dir='ltr'><strong>triduo,</strong></span> <span class='ocrx_word' id='word_1_401' title='bbox 1213 4095 1262 4140; x_wconf 88' lang='lat' dir='ltr'><strong>et</strong></span> <span class='ocrx_word' id='word_1_402' title='bbox 1297 4087 1421 4156; x_wconf 86' lang='lat' dir='ltr'><strong>quid</strong></span> <span class='ocrx_word' id='word_1_403' title='bbox 1460 4088 1646 4156; x_wconf 85' lang='lat' dir='ltr'><strong>cuique</strong></span> <span class='ocrx_word' id='word_1_404' title='bbox 1694 4088 1856 4157; x_wconf 78' lang='lat' dir='ltr'><strong>fuerit</strong></span> 
     </span>
    </p>
   </div>
   <div class='ocr_carea' id='block_1_53' title="bbox 291 4178 1852 4246">
    <p class='ocr_par' dir='ltr' id='par_1_53' title="bbox 291 4178 1852 4246">
     <span class='ocr_line' id='line_1_55' title="bbox 291 4178 1852 4246; baseline 0.003 -14"><span class='ocrx_word' id='word_1_405' title='bbox 291 4181 599 4246; x_wconf 79' lang='lat' dir='ltr'><strong>revelatum,</strong></span> <span class='ocrx_word' id='word_1_406' title='bbox 622 4180 937 4233; x_wconf 86' lang='lat' dir='ltr'><strong>alterutrum</strong></span> <span class='ocrx_word' id='word_1_407' title='bbox 958 4178 1103 4231; x_wconf 83' lang='lat' dir='ltr'><strong>nobis</strong></span> <span class='ocrx_word' id='word_1_408' title='bbox 1126 4193 1446 4233; x_wconf 85' lang='lat' dir='ltr'><strong>enarremus.</strong></span> <span class='ocrx_word' id='word_1_409' title='bbox 1478 4178 1673 4234; x_wconf 86' lang='lat' dir='ltr'><strong>Eadem</strong></span> <span class='ocrx_word' id='word_1_410' title='bbox 1696 4191 1852 4237; x_wconf 86' lang='lat' dir='ltr'><strong>nocte</strong></span> 
     </span>
    </p>
   </div>
   <div class='ocr_carea' id='block_1_54' title="bbox 360 4309 1853 4381">
    <p class='ocr_par' dir='ltr' id='par_1_54' title="bbox 360 4309 1853 4381">
     <span class='ocr_line' id='line_1_56' title="bbox 360 4309 1853 4381; baseline -0.001 -14"><span class='ocrx_word' id='word_1_411' title='bbox 360 4311 474 4381; x_wconf 81' lang='grc'>(21)</span> <span class='ocrx_word' id='word_1_412' title='bbox 518 4312 647 4365; x_wconf 78' lang='grc' dir='ltr'><strong>⁹Υπ’</strong></span> <span class='ocrx_word' id='word_1_413' title='bbox 691 4310 887 4364; x_wconf 78' lang='grc' dir='ltr'>αὐτῶν</span> <span class='ocrx_word' id='word_1_414' title='bbox 950 4309 1530 4365; x_wconf 71' lang='grc' dir='ltr'>κατασκευασθέντα.</span> <span class='ocrx_word' id='word_1_415' title='bbox 1607 4311 1853 4366; x_wconf 86' lang='lat' dir='ltr'><strong>Christo-</strong></span> 
     </span>
    </p>
   </div>
   <div class='ocr_carea' id='block_1_55' title="bbox 291 4380 1852 4453">
    <p class='ocr_par' dir='ltr' id='par_1_55' title="bbox 291 4380 1852 4453">
     <span class='ocr_line' id='line_1_57' title="bbox 291 4380 1852 4453; baseline 0 -17"><span class='ocrx_word' id='word_1_416' title='bbox 291 4380 877 4453; x_wconf 19' lang='lat' dir='ltr'><strong>phorsonuslegitdbrr‘</strong></span> <span class='ocrx_word' id='word_1_417' title='bbox 906 4382 1097 4435; x_wconf 78' lang='grc' dir='ltr'>αὐτοῦ·</span> <span class='ocrx_word' id='word_1_418' title='bbox 1133 4382 1584 4453; x_wconf 61' lang='lat' dir='ltr'><strong>quoinmloetiam</strong></span> <span class='ocrx_word' id='word_1_419' title='bbox 1617 4380 1852 4453; x_wconf 81' lang='lat' dir='ltr'><strong>Savilius</strong></span> 
     </span>
    </p>
   </div>
   <div class='ocr_carea' id='block_1_56' title="bbox 293 4449 1853 4507">
    <p class='ocr_par' dir='ltr' id='par_1_56' title="bbox 293 4449 1853 4507">
     <span class='ocr_line' id='line_1_58' title="bbox 293 4449 1853 4507; baseline 0 0"><span class='ocrx_word' id='word_1_420' title='bbox 293 4449 355 4507; x_wconf 72' lang='lat' dir='ltr'><strong>ad</strong></span> <span class='ocrx_word' id='word_1_421' title='bbox 383 4467 536 4506; x_wconf 86' lang='lat' dir='ltr'><strong>oram</strong></span> <span class='ocrx_word' id='word_1_422' title='bbox 554 4450 639 4505; x_wconf 86' lang='lat' dir='ltr'><strong>sui</strong></span> <span class='ocrx_word' id='word_1_423' title='bbox 676 4451 878 4504; x_wconf 89' lang='lat' dir='ltr'><strong>codicis</strong></span> <span class='ocrx_word' id='word_1_424' title='bbox 891 4449 1216 4506; x_wconf 75' lang='lat' dir='ltr'><strong>emendavit.</strong></span> <span class='ocrx_word' id='word_1_425' title='bbox 1245 4449 1423 4503; x_wconf 85' lang='lat' dir='ltr'><strong>Nostri</strong></span> <span class='ocrx_word' id='word_1_426' title='bbox 1440 4460 1617 4504; x_wconf 86' lang='lat' dir='ltr'><strong>tamen</strong></span> <span class='ocrx_word' id='word_1_427' title='bbox 1639 4451 1853 4507; x_wconf 86' lang='lat' dir='ltr'><strong>codices</strong></span> 
     </span>
    </p>
   </div>
   <div class='ocr_carea' id='block_1_57' title="bbox 294 4521 1851 4590">
    <p class='ocr_par' dir='ltr' id='par_1_57' title="bbox 294 4521 1851 4590">
     <span class='ocr_line' id='line_1_59' title="bbox 294 4521 1851 4590; baseline 0 -15"><span class='ocrx_word' id='word_1_428' title='bbox 294 4524 433 4575; x_wconf 87' lang='lat' dir='ltr'><strong>nihil</strong></span> <span class='ocrx_word' id='word_1_429' title='bbox 466 4529 701 4586; x_wconf 87' lang='lat' dir='ltr'><strong>mutant;</strong></span> <span class='ocrx_word' id='word_1_430' title='bbox 736 4531 789 4574; x_wconf 91' lang='lat' dir='ltr'><strong>et</strong></span> <span class='ocrx_word' id='word_1_431' title='bbox 824 4521 1040 4590; x_wconf 83' lang='lat' dir='ltr'><strong>vulgata</strong></span> <span class='ocrx_word' id='word_1_432' title='bbox 1079 4523 1234 4575; x_wconf 89' lang='lat' dir='ltr'><strong>lectio</strong></span> <span class='ocrx_word' id='word_1_433' title='bbox 1262 4523 1618 4590; x_wconf 74' lang='lat' dir='ltr'><strong>conﬁrmatur</strong></span> <span class='ocrx_word' id='word_1_434' title='bbox 1651 4531 1763 4575; x_wconf 86' lang='lat' dir='ltr'><strong>tum</strong></span> <span class='ocrx_word' id='word_1_435' title='bbox 1786 4538 1851 4575; x_wconf 82' lang='lat' dir='ltr'><strong>ex</strong></span> 
     </span>
    </p>
   </div>
   <div class='ocr_carea' id='block_1_58' title="bbox 1954 3533 3521 3603">
    <p class='ocr_par' dir='ltr' id='par_1_58' title="bbox 1954 3533 3521 3603">
     <span class='ocr_line' id='line_1_60' title="bbox 1954 3533 3521 3603; baseline 0.009 -17"><span class='ocrx_word' id='word_1_436' title='bbox 1954 3533 2221 3603; x_wconf 86' lang='lat' dir='ltr'><strong>principia</strong></span> <span class='ocrx_word' id='word_1_437' title='bbox 2250 3535 2568 3599; x_wconf 89' lang='lat' dir='ltr'><strong>doceantur,</strong></span> <span class='ocrx_word' id='word_1_438' title='bbox 2602 3535 2735 3589; x_wconf 93' lang='lat' dir='ltr'><strong>nihil</strong></span> <span class='ocrx_word' id='word_1_439' title='bbox 2768 3546 2947 3591; x_wconf 89' lang='lat' dir='ltr'><strong>tamen</strong></span> <span class='ocrx_word' id='word_1_440' title='bbox 2982 3538 3161 3594; x_wconf 81' lang='lat' dir='ltr'><strong>diﬂ‘ert</strong></span> <span class='ocrx_word' id='word_1_441' title='bbox 3190 3543 3521 3600; x_wconf 86' lang='lat' dir='ltr'><strong>credentium</strong></span> 
     </span>
    </p>
   </div>
   <div class='ocr_carea' id='block_1_59' title="bbox 1957 3626 3523 3700">
    <p class='ocr_par' dir='ltr' id='par_1_59' title="bbox 1957 3626 3523 3700">
     <span class='ocr_line' id='line_1_61' title="bbox 1957 3626 3523 3700; baseline 0.008 -21"><span class='ocrx_word' id='word_1_442' title='bbox 1957 3626 2100 3693; x_wconf 83' lang='lat' dir='ltr'><strong>ﬁdei,</strong></span> <span class='ocrx_word' id='word_1_443' title='bbox 2136 3642 2257 3681; x_wconf 91' lang='lat' dir='ltr'><strong>cum</strong></span> <span class='ocrx_word' id='word_1_444' title='bbox 2295 3642 2405 3683; x_wconf 92' lang='lat' dir='ltr'><strong>uno</strong></span> <span class='ocrx_word' id='word_1_445' title='bbox 2436 3642 2500 3682; x_wconf 85' lang='lat' dir='ltr'><strong>ac</strong></span> <span class='ocrx_word' id='word_1_446' title='bbox 2545 3628 2828 3697; x_wconf 83' lang='lat' dir='ltr'><strong>principali</strong></span> <span class='ocrx_word' id='word_1_447' title='bbox 2866 3630 3059 3700; x_wconf 90' lang='lat' dir='ltr'><strong>spiritu</strong></span> <span class='ocrx_word' id='word_1_448' title='bbox 3103 3632 3372 3690; x_wconf 72' lang='lat' dir='ltr'><strong>declarata</strong></span> <span class='ocrx_word' id='word_1_449' title='bbox 3410 3637 3523 3691; x_wconf 86' lang='lat' dir='ltr'><strong>sint</strong></span> 
     </span>
    </p>
   </div>
   <div class='ocr_carea' id='block_1_60' title="bbox 1960 3714 3523 3789">
    <p class='ocr_par' dir='ltr' id='par_1_60' title="bbox 1960 3714 3523 3789">
     <span class='ocr_line' id='line_1_62' title="bbox 1960 3714 3523 3789; baseline 0.006 -20"><span class='ocrx_word' id='word_1_450' title='bbox 1960 3714 2014 3769; x_wconf 93' lang='lat' dir='ltr'><strong>in</strong></span> <span class='ocrx_word' id='word_1_451' title='bbox 2061 3717 2315 3772; x_wconf 92' lang='lat' dir='ltr'><strong>omnibus</strong></span> <span class='ocrx_word' id='word_1_452' title='bbox 2364 3717 2548 3772; x_wconf 86' lang='lat' dir='ltr'><strong>omnia</strong></span> <span class='ocrx_word' id='word_1_453' title='bbox 2589 3718 2655 3772; x_wconf 89' lang='lat' dir='ltr'><strong>de</strong></span> <span class='ocrx_word' id='word_1_454' title='bbox 2688 3718 2987 3785; x_wconf 86' lang='lat' dir='ltr'><strong>nativitate,</strong></span> <span class='ocrx_word' id='word_1_455' title='bbox 3038 3720 3102 3773; x_wconf 88' lang='lat' dir='ltr'><strong>de</strong></span> <span class='ocrx_word' id='word_1_456' title='bbox 3148 3724 3421 3789; x_wconf 84' lang='lat' dir='ltr'><strong>passione,</strong></span> <span class='ocrx_word' id='word_1_457' title='bbox 3455 3725 3523 3779; x_wconf 91' lang='lat' dir='ltr'><strong>de</strong></span> 
     </span>
    </p>
   </div>
   <div class='ocr_carea' id='block_1_61' title="bbox 1953 3802 3517 3881">
    <p class='ocr_par' dir='ltr' id='par_1_61' title="bbox 1953 3802 3517 3881">
     <span class='ocr_line' id='line_1_63' title="bbox 1953 3802 3517 3881; baseline 0.004 -18"><span class='ocrx_word' id='word_1_458' title='bbox 1953 3802 2374 3874; x_wconf 75' lang='lat' dir='ltr'><strong>resurrectione,</strong></span> <span class='ocrx_word' id='word_1_459' title='bbox 2394 3809 2460 3864; x_wconf 91' lang='lat' dir='ltr'><strong>de</strong></span> <span class='ocrx_word' id='word_1_460' title='bbox 2486 3810 2903 3864; x_wconf 87' lang='lat' dir='ltr'><strong>conversatione</strong></span> <span class='ocrx_word' id='word_1_461' title='bbox 2925 3825 3048 3864; x_wconf 92' lang='lat' dir='ltr'><strong>cum</strong></span> <span class='ocrx_word' id='word_1_462' title='bbox 3075 3810 3354 3881; x_wconf 85' lang='lat' dir='ltr'><strong>discipulis</strong></span> <span class='ocrx_word' id='word_1_463' title='bbox 3378 3816 3517 3879; x_wconf 90' lang='lat' dir='ltr'><strong>suis,</strong></span> 
     </span>
    </p>
   </div>
   <div class='ocr_carea' id='block_1_62' title="bbox 1946 3900 3519 3972">
    <p class='ocr_par' dir='ltr' id='par_1_62' title="bbox 1946 3900 3519 3972">
     <span class='ocr_line' id='line_1_64' title="bbox 1946 3900 3519 3972; baseline 0.005 -19"><span class='ocrx_word' id='word_1_464' title='bbox 1946 3908 2008 3953; x_wconf 89' lang='lat' dir='ltr'><strong>.et</strong></span> <span class='ocrx_word' id='word_1_465' title='bbox 2031 3900 2096 3954; x_wconf 89' lang='lat' dir='ltr'><strong>de</strong></span> <span class='ocrx_word' id='word_1_466' title='bbox 2126 3901 2340 3972; x_wconf 85' lang='lat' dir='ltr'><strong>gemino</strong></span> <span class='ocrx_word' id='word_1_467' title='bbox 2367 3901 2484 3971; x_wconf 88' lang='lat' dir='ltr'><strong>ejus</strong></span> <span class='ocrx_word' id='word_1_468' title='bbox 2516 3902 2769 3957; x_wconf 89' lang='lat' dir='ltr'><strong>adventu.</strong></span> <span class='ocrx_word' id='word_1_469' title='bbox 2803 3900 2985 3955; x_wconf 88' lang='lat' dir='ltr'><strong>Primo</strong></span> <span class='ocrx_word' id='word_1_470' title='bbox 3005 3902 3058 3956; x_wconf 94' lang='lat' dir='ltr'><strong>in</strong></span> <span class='ocrx_word' id='word_1_471' title='bbox 3089 3904 3397 3960; x_wconf 87' lang='lat' dir='ltr'><strong>humilitate</strong></span> <span class='ocrx_word' id='word_1_472' title='bbox 3425 3908 3519 3961; x_wconf 89' lang='lat' dir='ltr'><strong>de-</strong></span> 
     </span>
    </p>
   </div>
   <div class='ocr_carea' id='block_1_63' title="bbox 1956 3991 3517 4069">
    <p class='ocr_par' dir='ltr' id='par_1_63' title="bbox 1956 3991 3517 4069">
     <span class='ocr_line' id='line_1_65' title="bbox 1956 3991 3517 4069; baseline 0.004 -23"><span class='ocrx_word' id='word_1_473' title='bbox 1956 4001 2195 4061; x_wconf 88' lang='lat' dir='ltr'><strong>spectus,</strong></span> <span class='ocrx_word' id='word_1_474' title='bbox 2237 3993 2383 4061; x_wconf 91' lang='lat' dir='ltr'><strong>quod</strong></span> <span class='ocrx_word' id='word_1_475' title='bbox 2438 4008 2617 4048; x_wconf 91' lang='lat' dir='ltr'><strong>ro.....</strong></span> <span class='ocrx_word' id='word_1_476' title='bbox 2674 3991 2984 4048; x_wconf 85' lang='lat' dir='ltr'><strong>Secundum</strong></span> <span class='ocrx_word' id='word_1_477' title='bbox 3035 4004 3302 4062; x_wconf 88' lang='lat' dir='ltr'><strong>potestate</strong></span> <span class='ocrx_word' id='word_1_478' title='bbox 3348 4000 3517 4069; x_wconf 79' lang='lat' dir='ltr'><strong>regali</strong></span> 
     </span>
    </p>
   </div>
   <div class='ocr_carea' id='block_1_64' title="bbox 1955 4083 3511 4155">
    <p class='ocr_par' dir='ltr' id='par_1_64' title="bbox 1955 4083 3511 4155">
     <span class='ocr_line' id='line_1_66' title="bbox 1955 4083 3511 4155; baseline 0.004 -19"><span class='ocrx_word' id='word_1_479' title='bbox 1955 4083 2296 4152; x_wconf 69' lang='lat' dir='ltr'><strong>przeclarum,</strong></span> <span class='ocrx_word' id='word_1_480' title='bbox 2330 4085 2471 4154; x_wconf 90' lang='lat' dir='ltr'><strong>quod</strong></span> <span class='ocrx_word' id='word_1_481' title='bbox 2509 4083 2751 4138; x_wconf 84' lang='lat' dir='ltr'><strong>futurum</strong></span> <span class='ocrx_word' id='word_1_482' title='bbox 2792 4093 2892 4139; x_wconf 89' lang='lat' dir='ltr'><strong>est.</strong></span> <span class='ocrx_word' id='word_1_483' title='bbox 2925 4083 3064 4150; x_wconf 85' lang='lat' dir='ltr'><strong>Quid</strong></span> <span class='ocrx_word' id='word_1_484' title='bbox 3098 4101 3228 4155; x_wconf 86' lang='lat' dir='ltr'><strong>ergo</strong></span> <span class='ocrx_word' id='word_1_485' title='bbox 3273 4090 3472 4143; x_wconf 88' lang='lat' dir='ltr'><strong>mirum</strong></span> <span class='ocrx_word' id='word_1_486' title='bbox 3496 4131 3511 4152; x_wconf 88' lang='lat'><strong>,</strong></span> 
     </span>
    </p>
   </div>
   <div class='ocr_carea' id='block_1_65' title="bbox 1955 4172 3521 4249">
    <p class='ocr_par' dir='ltr' id='par_1_65' title="bbox 1955 4172 3521 4249">
     <span class='ocr_line' id='line_1_67' title="bbox 1955 4172 3521 4249; baseline 0.004 -20"><span class='ocrx_word' id='word_1_487' title='bbox 1955 4173 2000 4229; x_wconf 92' lang='lat' dir='ltr'><strong>si</strong></span> <span class='ocrx_word' id='word_1_488' title='bbox 2018 4172 2292 4230; x_wconf 87' lang='lat' dir='ltr'><strong>Johannes</strong></span> <span class='ocrx_word' id='word_1_489' title='bbox 2311 4186 2417 4230; x_wconf 90' lang='lat' dir='ltr'><strong>tam</strong></span> <span class='ocrx_word' id='word_1_490' title='bbox 2444 4182 2757 4230; x_wconf 86' lang='lat' dir='ltr'><strong>constanter</strong></span> <span class='ocrx_word' id='word_1_491' title='bbox 2777 4174 2988 4245; x_wconf 86' lang='lat' dir='ltr'><strong>singula</strong></span> <span class='ocrx_word' id='word_1_492' title='bbox 3012 4175 3171 4229; x_wconf 90' lang='lat' dir='ltr'><strong>etiam</strong></span> <span class='ocrx_word' id='word_1_493' title='bbox 3194 4176 3245 4231; x_wconf 92' lang='lat' dir='ltr'><strong>in</strong></span> <span class='ocrx_word' id='word_1_494' title='bbox 3266 4176 3521 4249; x_wconf 88' lang='lat' dir='ltr'><strong>Epistolis</strong></span> 
     </span>
    </p>
   </div>
   <div class='ocr_carea' id='block_1_66' title="bbox 1960 4307 3089 4378">
    <p class='ocr_par' dir='ltr' id='par_1_66' title="bbox 1960 4307 3089 4378">
     <span class='ocr_line' id='line_1_68' title="bbox 1960 4307 3089 4378; baseline -0.001 -16"><span class='ocrx_word' id='word_1_495' title='bbox 1960 4323 2022 4362; x_wconf 88' lang='lat' dir='ltr'><strong>ac</strong></span> <span class='ocrx_word' id='word_1_496' title='bbox 2048 4308 2205 4370; x_wconf 85' lang='lat' dir='ltr'><strong>Fnk.,</strong></span> <span class='ocrx_word' id='word_1_497' title='bbox 2237 4318 2290 4363; x_wconf 91' lang='lat' dir='ltr'><strong>ct</strong></span> <span class='ocrx_word' id='word_1_498' title='bbox 2324 4309 2377 4363; x_wconf 93' lang='lat' dir='ltr'><strong>in</strong></span> <span class='ocrx_word' id='word_1_499' title='bbox 2414 4309 2855 4378; x_wconf 88' lang='lat' dir='ltr'><strong>interpretatione</strong></span> <span class='ocrx_word' id='word_1_500' title='bbox 2885 4307 3089 4361; x_wconf 83' lang='lat' dir='ltr'><strong>Ruﬁni.</strong></span> 
     </span>
    </p>
   </div>
   <div class='ocr_carea' id='block_1_67' title="bbox 2031 4378 3520 4449">
    <p class='ocr_par' dir='ltr' id='par_1_67' title="bbox 2031 4378 3520 4449">
     <span class='ocr_line' id='line_1_69' title="bbox 2031 4378 3520 4449; baseline 0.001 -17"><span class='ocrx_word' id='word_1_501' title='bbox 2031 4378 2143 4449; x_wconf 76' lang='grc'>(25)</span> <span class='ocrx_word' id='word_1_502' title='bbox 2190 4380 2428 4447; x_wconf 82' lang='grc' dir='ltr'>Ἀνόμου</span> <span class='ocrx_word' id='word_1_503' title='bbox 2463 4380 2561 4433; x_wconf 79' lang='grc' dir='ltr'>καὶ</span> <span class='ocrx_word' id='word_1_504' title='bbox 2613 4378 2793 4433; x_wconf 79' lang='grc' dir='ltr'>ἀθέου</span> <span class='ocrx_word' id='word_1_505' title='bbox 2839 4378 3251 4449; x_wconf 76' lang='grc' dir='ltr'>διδασκαλίας.</span> <span class='ocrx_word' id='word_1_506' title='bbox 3304 4380 3520 4434; x_wconf 85' lang='lat' dir='ltr'><strong>Subau-</strong></span> 
     </span>
    </p>
   </div>
   <div class='ocr_carea' id='block_1_68' title="bbox 3062 4448 3087 4459">
    <p class='ocr_par' dir='ltr' id='par_1_68' title="bbox 3062 4448 3087 4459">
     <span class='ocr_line' id='line_1_70' title="bbox 3062 4448 3087 4459; baseline 0 0"><span class='ocrx_word' id='word_1_507' title='bbox 3062 4448 3087 4459; x_wconf 58' lang='grc' dir='ltr'><em>η</em></span> 
     </span>
    </p>
   </div>
   <div class='ocr_carea' id='block_1_69' title="bbox 1959 4448 3521 4513">
    <p class='ocr_par' dir='ltr' id='par_1_69' title="bbox 1959 4448 3521 4513">
     <span class='ocr_line' id='line_1_71' title="bbox 1959 4448 3521 4513; baseline 0 -10"><span class='ocrx_word' id='word_1_508' title='bbox 1959 4448 2214 4504; x_wconf 85' lang='lat' dir='ltr'><strong>diendum</strong></span> <span class='ocrx_word' id='word_1_509' title='bbox 2279 4450 2487 4503; x_wconf 75' lang='lat' dir='ltr'><strong>videtur</strong></span> <span class='ocrx_word' id='word_1_510' title='bbox 2532 4449 2728 4513; x_wconf 70' lang='grc' dir='ltr'>ἕνεκα,</span> <span class='ocrx_word' id='word_1_511' title='bbox 2767 4449 2845 4501; x_wconf 73' lang='grc' dir='ltr'><strong>γει</strong></span> <span class='ocrx_word' id='word_1_512' title='bbox 2892 4448 2980 4501; x_wconf 79' lang='grc' dir='ltr'>διὰ</span> <span class='ocrx_word' id='word_1_513' title='bbox 3026 4448 3125 4513; x_wconf 88' lang='grc' dir='ltr'>τῆς</span> <span class='ocrx_word' id='word_1_514' title='bbox 3171 4449 3369 4513; x_wconf 85' lang='grc' dir='ltr'>ἀνόμου</span> <span class='ocrx_word' id='word_1_515' title='bbox 3428 4451 3521 4504; x_wconf 79' lang='grc' dir='ltr'><strong>καὶ</strong></span> 
     </span>
    </p>
   </div>
   <div class='ocr_carea' id='block_1_70' title="bbox 1958 4466 3521 4585">
    <p class='ocr_par' dir='ltr' id='par_1_70' title="bbox 1958 4466 3521 4585">
     <span class='ocr_line' id='line_1_72' title="bbox 1959 4466 3521 4513; baseline 0 -10"><span class='ocrx_word' id='word_1_516' title='bbox 1959 4466 2214 4504; x_wconf 80' lang='lat' dir='ltr'><strong>mendum</strong></span> <span class='ocrx_word' id='word_1_517' title='bbox 2279 4466 2487 4503; x_wconf 75' lang='lat' dir='ltr'><strong>nnetur</strong></span> <span class='ocrx_word' id='word_1_518' title='bbox 2534 4466 2728 4513; x_wconf 78' lang='grc' dir='ltr'>ενεκα,</span> <span class='ocrx_word' id='word_1_519' title='bbox 2767 4466 2845 4501; x_wconf 73' lang='grc' dir='ltr'>γει</span> <span class='ocrx_word' id='word_1_520' title='bbox 2892 4466 2980 4501; x_wconf 74' lang='grc' dir='ltr'>οισι</span> <span class='ocrx_word' id='word_1_521' title='bbox 3026 4466 3055 4499; x_wconf 85' lang='grc' dir='ltr'><strong>τ</strong></span> <span class='ocrx_word' id='word_1_522' title='bbox 3097 4466 3125 4511; x_wconf 90' lang='grc' dir='ltr'><strong>ς</strong></span> <span class='ocrx_word' id='word_1_523' title='bbox 3171 4466 3265 4501; x_wconf 90' lang='grc' dir='ltr'><strong>ανο</strong></span> <span class='ocrx_word' id='word_1_524' title='bbox 3309 4466 3369 4502; x_wconf 92' lang='grc' dir='ltr'><strong>ου</strong></span> <span class='ocrx_word' id='word_1_525' title='bbox 3428 4466 3521 4504; x_wconf 83' lang='grc' dir='ltr'><strong>και</strong></span> 
     </span>
     <span class='ocr_line' id='line_1_73' title="bbox 1958 4466 3521 4585; baseline 0.001 -12"><span class='ocrx_word' id='word_1_526' title='bbox 1958 4521 2120 4573; x_wconf 81' lang='grc' dir='ltr'>ἀθέου</span> <span class='ocrx_word' id='word_1_527' title='bbox 2146 4519 2508 4582; x_wconf 78' lang='grc' dir='ltr'>διδασκαλίας.</span> <span class='ocrx_word' id='word_1_528' title='bbox 2536 4517 2611 4572; x_wconf 93' lang='lat' dir='ltr'><strong>lta</strong></span> <span class='ocrx_word' id='word_1_529' title='bbox 2632 4520 2740 4573; x_wconf 78' lang='lat' dir='ltr'><strong>fere</strong></span> <span class='ocrx_word' id='word_1_530' title='bbox 2762 4517 2979 4585; x_wconf 78' lang='lat' dir='ltr'><strong>Langns</strong></span> <span class='ocrx_word' id='word_1_531' title='bbox 3007 4466 3355 4574; x_wconf 40' lang='lat' dir='ltr'><strong>etgluscniiis</strong></span> <span class='ocrx_word' id='word_1_532' title='bbox 3375 4520 3521 4575; x_wconf 91' lang='lat' dir='ltr'><strong>hunc</strong></span> 
     </span>
    </p>
   </div>
   <div class='ocr_carea' id='block_1_71' title="bbox 297 4586 3519 4660">
    <p class='ocr_par' dir='ltr' id='par_1_71' title="bbox 297 4586 3519 4660">
     <span class='ocr_line' id='line_1_74' title="bbox 297 4586 3519 4660; baseline -0.001 -15"><span class='ocrx_word' id='word_1_533' title='bbox 297 4591 817 4660; x_wconf 30' lang='lat' dir='ltr'><strong>sequentibusttum</strong></span> <span class='ocrx_word' id='word_1_534' title='bbox 845 4586 1300 4645; x_wconf 47' lang='lat' dir='ltr'><strong>ex&#39;Theodoreto.</strong></span> <span class='ocrx_word' id='word_1_535' title='bbox 1332 4588 1464 4642; x_wconf 87' lang='lat' dir='ltr'><strong>Nam</strong></span> <span class='ocrx_word' id='word_1_536' title='bbox 1484 4589 1525 4641; x_wconf 88' lang='grc' dir='ltr'><strong>Τ</strong></span> <span class='ocrx_word' id='word_1_537' title='bbox 1534 4591 1856 4646; x_wconf 87' lang='lat' dir='ltr'><strong>heodoretns</strong></span> <span class='ocrx_word' id='word_1_538' title='bbox 1889 4586 2135 4644; x_wconf 82' lang='lat' dir='ltr'><strong>Dlncum</strong></span> <span class='ocrx_word' id='word_1_539' title='bbox 2191 4590 2523 4658; x_wconf 87' lang='lat' dir='ltr'><strong>interpretati</strong></span> <span class='ocrx_word' id='word_1_540' title='bbox 2568 4601 2741 4660; x_wconf 74' lang='lat' dir='ltr'><strong>sunt.</strong></span> <span class='ocrx_word' id='word_1_541' title='bbox 2806 4588 3001 4660; x_wconf 65' lang='lat' dir='ltr'><strong>melius</strong></span> <span class='ocrx_word' id='word_1_542' title='bbox 3060 4589 3302 4660; x_wconf 80' lang='lat' dir='ltr'><strong>profecto</strong></span> <span class='ocrx_word' id='word_1_543' title='bbox 3357 4606 3519 4660; x_wconf 86' lang='lat' dir='ltr'><strong>quam</strong></span> 
     </span>
    </p>
   </div>
   <div class='ocr_carea' id='block_1_72' title="bbox 295 4659 1858 4730">
    <p class='ocr_par' dir='ltr' id='par_1_72' title="bbox 295 4659 1858 4730">
     <span class='ocr_line' id='line_1_75' title="bbox 295 4659 1858 4730; baseline 0.001 -16"><span class='ocrx_word' id='word_1_544' title='bbox 295 4662 349 4714; x_wconf 90' lang='lat' dir='ltr'><strong>in</strong></span> <span class='ocrx_word' id='word_1_545' title='bbox 400 4662 539 4715; x_wconf 87' lang='lat' dir='ltr'><strong>libro</strong></span> <span class='ocrx_word' id='word_1_546' title='bbox 584 4676 623 4714; x_wconf 88' lang='grc' dir='ltr'><strong>ιι</strong></span> <span class='ocrx_word' id='word_1_547' title='bbox 662 4659 1048 4713; x_wconf 67' lang='lat' dir='ltr'><strong>Haereticarum</strong></span> <span class='ocrx_word' id='word_1_548' title='bbox 1077 4661 1400 4730; x_wconf 81' lang='lat' dir='ltr'><strong>fabularum,</strong></span> <span class='ocrx_word' id='word_1_549' title='bbox 1441 4674 1560 4730; x_wconf 76' lang='lat' dir='ltr'><strong>cap,</strong></span> <span class='ocrx_word' id='word_1_550' title='bbox 1600 4660 1653 4715; x_wconf 82' lang='grc'>5.</span> <span class='ocrx_word' id='word_1_551' title='bbox 1697 4661 1858 4730; x_wconf 83' lang='lat' dir='ltr'><strong>hujus</strong></span> 
     </span>
    </p>
   </div>
   <div class='ocr_carea' id='block_1_73' title="bbox 295 4728 1860 4800">
    <p class='ocr_par' dir='ltr' id='par_1_73' title="bbox 295 4728 1860 4800">
     <span class='ocr_line' id='line_1_76' title="bbox 295 4728 1860 4800; baseline -0.001 -16"><span class='ocrx_word' id='word_1_552' title='bbox 295 4732 399 4785; x_wconf 90' lang='lat' dir='ltr'><strong>loci</strong></span> <span class='ocrx_word' id='word_1_553' title='bbox 430 4746 651 4800; x_wconf 87' lang='lat' dir='ltr'><strong>sensum</strong></span> <span class='ocrx_word' id='word_1_554' title='bbox 688 4733 759 4784; x_wconf 87' lang='lat' dir='ltr'><strong>ita</strong></span> <span class='ocrx_word' id='word_1_555' title='bbox 790 4731 1054 4800; x_wconf 80' lang='lat' dir='ltr'><strong>expressit</strong></span> <span class='ocrx_word' id='word_1_556' title='bbox 1073 4728 1085 4784; x_wconf 74' lang='grc' dir='ltr'>ἑ</span> <span class='ocrx_word' id='word_1_557' title='bbox 1106 4732 1212 4784; x_wconf 74' lang='grc' dir='ltr'>Καὶ</span> <span class='ocrx_word' id='word_1_558' title='bbox 1232 4730 1350 4800; x_wconf 60' lang='lat' dir='ltr'><strong>otes</strong></span> <span class='ocrx_word' id='word_1_559' title='bbox 1374 4728 1531 4800; x_wconf 79' lang='grc' dir='ltr'>τοῦτο</span> <span class='ocrx_word' id='word_1_560' title='bbox 1559 4728 1860 4800; x_wconf 73' lang='grc' dir='ltr'>συμφώνως</span> 
     </span>
    </p>
   </div>
   <div class='ocr_carea' id='block_1_74' title="bbox 295 4798 1861 4871">
    <p class='ocr_par' dir='ltr' id='par_1_74' title="bbox 295 4798 1861 4871">
     <span class='ocr_line' id='line_1_77' title="bbox 295 4798 1861 4871; baseline -0.001 -17"><span class='ocrx_word' id='word_1_561' title='bbox 295 4801 491 4862; x_wconf 77' lang='grc' dir='ltr'>αὐτοὺς</span> <span class='ocrx_word' id='word_1_562' title='bbox 511 4798 1021 4871; x_wconf 17' lang='grc' dir='ltr'>δεδρακέναιλλέγει.</span> <span class='ocrx_word' id='word_1_563' title='bbox 1055 4800 1210 4853; x_wconf 81' lang='grc' dir='ltr'>Ἀλλά</span> <span class='ocrx_word' id='word_1_564' title='bbox 1234 4799 1404 4861; x_wconf 82' lang='grc' dir='ltr'>ἄλλως</span> <span class='ocrx_word' id='word_1_565' title='bbox 1431 4798 1525 4871; x_wconf 67' lang='grc' dir='ltr'>μὲν</span> <span class='ocrx_word' id='word_1_566' title='bbox 1542 4798 1644 4871; x_wconf 57' lang='grc' dir='ltr'><strong>Δτὸν</strong></span> <span class='ocrx_word' id='word_1_567' title='bbox 1673 4800 1861 4871; x_wconf 66' lang='grc' dir='ltr'>Θεόδο-</span> 
     </span>
    </p>
   </div>
   <div class='ocr_carea' id='block_1_75' title="bbox 296 4868 1859 4941">
    <p class='ocr_par' dir='ltr' id='par_1_75' title="bbox 296 4868 1859 4941">
     <span class='ocr_line' id='line_1_78' title="bbox 296 4868 1859 4941; baseline -0.001 -19"><span class='ocrx_word' id='word_1_568' title='bbox 296 4887 405 4941; x_wconf 79' lang='grc' dir='ltr'>τον,</span> <span class='ocrx_word' id='word_1_569' title='bbox 457 4868 1359 4941; x_wconf 19' lang='grc' dir='ltr'>ἑτέρως-δὲ.τὸνμέΑσκληπιάδην,</span> <span class='ocrx_word' id='word_1_570' title='bbox 1395 4868 1488 4921; x_wconf 74' lang='grc' dir='ltr'><strong>καὶ</strong></span> <span class='ocrx_word' id='word_1_571' title='bbox 1522 4868 1859 4941; x_wconf 49' lang='grc' dir='ltr'><strong>ΔἙρμόφιλον</strong></span> 
     </span>
    </p>
   </div>
   <div class='ocr_carea' id='block_1_76' title="bbox 301 4938 1857 5021">
    <p class='ocr_par' dir='ltr' id='par_1_76' title="bbox 301 4938 1857 5021">
     <span class='ocr_line' id='line_1_79' title="bbox 301 4938 1857 5021; baseline 0.001 -30"><span class='ocrx_word' id='word_1_572' title='bbox 301 4940 487 5021; x_wconf 55' lang='grc' dir='ltr'>ἀλλως,</span> <span class='ocrx_word' id='word_1_573' title='bbox 518 4938 612 5021; x_wconf 61' lang='grc' dir='ltr'><strong>καὶ</strong></span> <span class='ocrx_word' id='word_1_574' title='bbox 644 4939 734 5021; x_wconf 55' lang='grc' dir='ltr'><strong>τρν</strong></span> <span class='ocrx_word' id='word_1_575' title='bbox 772 4938 1160 5021; x_wconf 43' lang='grc' dir='ltr'>’βπολλωνίδήν</span> <span class='ocrx_word' id='word_1_576' title='bbox 1186 4938 1414 5021; x_wconf 57' lang='lat' dir='ltr'><strong>erepto;-</strong></span> <span class='ocrx_word' id='word_1_577' title='bbox 1452 4938 1544 5021; x_wconf 73' lang='grc' dir='ltr'><strong>καὶ</strong></span> <span class='ocrx_word' id='word_1_578' title='bbox 1575 4938 1857 5021; x_wconf 55' lang='grc' dir='ltr'>τορτωνρὲ</span> 
     </span>
    </p>
   </div>
   <div class='ocr_carea' id='block_1_77' title="bbox 303 5007 1857 5080">
    <p class='ocr_par' dir='ltr' id='par_1_77' title="bbox 303 5007 1857 5080">
     <span class='ocr_line' id='line_1_80' title="bbox 303 5007 1857 5080; baseline -0.001 -18"><span class='ocrx_word' id='word_1_579' title='bbox 303 5008 526 5062; x_wconf 72' lang='grc' dir='ltr'>ἕκαστον</span> <span class='ocrx_word' id='word_1_580' title='bbox 573 5007 1126 5080; x_wconf 53' lang='grc' dir='ltr'>ὲπιδιορθρσειςτῶν</span> <span class='ocrx_word' id='word_1_581' title='bbox 1159 5007 1370 5080; x_wconf 73' lang='grc' dir='ltr'>οἰκείων</span> <span class='ocrx_word' id='word_1_582' title='bbox 1402 5007 1744 5080; x_wconf 79' lang='grc' dir='ltr'>ποιήσασθαι.</span> <span class='ocrx_word' id='word_1_583' title='bbox 1780 5008 1857 5080; x_wconf 76' lang='lat' dir='ltr'><strong>Ex</strong></span> 
     </span>
    </p>
   </div>
   <div class='ocr_carea' id='block_1_78' title="bbox 302 5078 1857 5149">
    <p class='ocr_par' dir='ltr' id='par_1_78' title="bbox 302 5078 1857 5149">
     <span class='ocr_line' id='line_1_81' title="bbox 302 5078 1857 5149; baseline 0.001 -18"><span class='ocrx_word' id='word_1_584' title='bbox 302 5080 499 5149; x_wconf 85' lang='lat' dir='ltr'><strong>quibus</strong></span> <span class='ocrx_word' id='word_1_585' title='bbox 533 5078 776 5148; x_wconf 82' lang='lat' dir='ltr'><strong>apparet,</strong></span> <span class='ocrx_word' id='word_1_586' title='bbox 808 5078 1207 5134; x_wconf 88' lang='lat' dir='ltr'><strong>Theodoretum</strong></span> <span class='ocrx_word' id='word_1_587' title='bbox 1240 5079 1325 5133; x_wconf 91' lang='lat' dir='ltr'><strong>hic</strong></span> <span class='ocrx_word' id='word_1_588' title='bbox 1360 5078 1553 5147; x_wconf 78' lang='lat' dir='ltr'><strong>legisse</strong></span> <span class='ocrx_word' id='word_1_589' title='bbox 1579 5078 1632 5131; x_wconf 86' lang='lat' dir='ltr'><strong>in</strong></span> <span class='ocrx_word' id='word_1_590' title='bbox 1662 5079 1857 5149; x_wconf 83' lang='lat' dir='ltr'><strong>plurali</strong></span> 
     </span>
    </p>
   </div>
   <div class='ocr_carea' id='block_1_79' title="bbox 302 5147 1853 5220">
    <p class='ocr_par' dir='ltr' id='par_1_79' title="bbox 302 5147 1853 5220">
     <span class='ocr_line' id='line_1_82' title="bbox 302 5147 1853 5220; baseline 0 -18"><span class='ocrx_word' id='word_1_591' title='bbox 302 5147 549 5220; x_wconf 69' lang='lat' dir='ltr'><strong>numero,</strong></span> <span class='ocrx_word' id='word_1_592' title='bbox 569 5147 652 5201; x_wconf 35' lang='lat' dir='ltr'><strong>&quot;ea</strong></span> <span class='ocrx_word' id='word_1_593' title='bbox 684 5148 942 5220; x_wconf 80' lang='grc' dir='ltr'>πρότερον</span> <span class='ocrx_word' id='word_1_594' title='bbox 979 5149 1069 5201; x_wconf 78' lang='grc' dir='ltr'>ὑπ’</span> <span class='ocrx_word' id='word_1_595' title='bbox 1099 5149 1298 5220; x_wconf 79' lang='grc' dir='ltr'>αὐτῶν</span> <span class='ocrx_word' id='word_1_596' title='bbox 1324 5147 1853 5220; x_wconf 80' lang='grc' dir='ltr'>κατασκευασθέντα.</span> 
     </span>
    </p>
   </div>
   <div class='ocr_carea' id='block_1_80' title="bbox 299 5216 1851 5288">
    <p class='ocr_par' dir='ltr' id='par_1_80' title="bbox 299 5216 1851 5288">
     <span class='ocr_line' id='line_1_83' title="bbox 299 5216 1851 5288; baseline 0 -17"><span class='ocrx_word' id='word_1_597' title='bbox 299 5216 421 5288; x_wconf 84' lang='lat' dir='ltr'><strong>Ipsa</strong></span> <span class='ocrx_word' id='word_1_598' title='bbox 444 5228 623 5272; x_wconf 90' lang='lat' dir='ltr'><strong>tamen</strong></span> <span class='ocrx_word' id='word_1_599' title='bbox 663 5216 923 5274; x_wconf 80' lang='lat' dir='ltr'><strong>orationis</strong></span> <span class='ocrx_word' id='word_1_600' title='bbox 952 5218 1338 5288; x_wconf 79' lang='lat' dir='ltr'><strong>consequentia</strong></span> <span class='ocrx_word' id='word_1_601' title='bbox 1369 5232 1594 5288; x_wconf 86' lang='lat' dir='ltr'><strong>poscere</strong></span> <span class='ocrx_word' id='word_1_602' title='bbox 1618 5218 1851 5288; x_wconf 85' lang='lat' dir='ltr'><strong>videtur,</strong></span> 
     </span>
    </p>
   </div>
   <div class='ocr_carea' id='block_1_81' title="bbox 299 5286 1855 5357">
    <p class='ocr_par' dir='ltr' id='par_1_81' title="bbox 299 5286 1855 5357">
     <span class='ocr_line' id='line_1_84' title="bbox 299 5286 1855 5357; baseline -0.001 -14"><span class='ocrx_word' id='word_1_603' title='bbox 299 5286 355 5343; x_wconf 54' lang='lat' dir='ltr'><strong>u&#39;t</strong></span> <span class='ocrx_word' id='word_1_604' title='bbox 388 5288 479 5343; x_wconf 74' lang='grc' dir='ltr'><strong>ὑπ’</strong></span> <span class='ocrx_word' id='word_1_605' title='bbox 508 5287 675 5341; x_wconf 71' lang='grc' dir='ltr'>αὐτοῦ</span> <span class='ocrx_word' id='word_1_606' title='bbox 697 5289 875 5357; x_wconf 91' lang='lat' dir='ltr'><strong>potius</strong></span> <span class='ocrx_word' id='word_1_607' title='bbox 909 5286 1197 5343; x_wconf 81' lang='lat' dir='ltr'><strong>scribatur.</strong></span> <span class='ocrx_word' id='word_1_608' title='bbox 1229 5286 1301 5342; x_wconf 91' lang='lat' dir='ltr'><strong>De</strong></span> <span class='ocrx_word' id='word_1_609' title='bbox 1331 5287 1448 5357; x_wconf 86' lang='lat' dir='ltr'><strong>solo</strong></span> <span class='ocrx_word' id='word_1_610' title='bbox 1467 5287 1610 5341; x_wconf 89' lang='lat' dir='ltr'><strong>enim</strong></span> <span class='ocrx_word' id='word_1_611' title='bbox 1635 5287 1855 5355; x_wconf 78' lang='lat' dir='ltr'><strong>Apollo-</strong></span> 
     </span>
    </p>
   </div>
   <div class='ocr_carea' id='block_1_82' title="bbox 298 5356 1855 5428">
    <p class='ocr_par' dir='ltr' id='par_1_82' title="bbox 298 5356 1855 5428">
     <span class='ocr_line' id='line_1_85' title="bbox 298 5356 1855 5428; baseline 0.001 -16"><span class='ocrx_word' id='word_1_612' title='bbox 298 5359 424 5413; x_wconf 88' lang='lat' dir='ltr'><strong>nide</strong></span> <span class='ocrx_word' id='word_1_613' title='bbox 463 5358 516 5428; x_wconf 86' lang='lat' dir='ltr'><strong>id</strong></span> <span class='ocrx_word' id='word_1_614' title='bbox 548 5356 779 5412; x_wconf 80' lang='lat' dir='ltr'><strong>aﬂirmat</strong></span> <span class='ocrx_word' id='word_1_615' title='bbox 813 5358 1010 5423; x_wconf 85' lang='lat' dir='ltr'><strong>Caius,</strong></span> <span class='ocrx_word' id='word_1_616' title='bbox 1045 5374 1139 5413; x_wconf 89' lang='lat' dir='ltr'><strong>seu</strong></span> <span class='ocrx_word' id='word_1_617' title='bbox 1170 5357 1294 5428; x_wconf 90' lang='lat' dir='ltr'><strong>quis</strong></span> <span class='ocrx_word' id='word_1_618' title='bbox 1338 5356 1494 5428; x_wconf 77' lang='lat' dir='ltr'><strong>alius</strong></span> <span class='ocrx_word' id='word_1_619' title='bbox 1515 5366 1704 5428; x_wconf 82' lang='lat' dir='ltr'><strong>auctor</strong></span> <span class='ocrx_word' id='word_1_620' title='bbox 1753 5358 1855 5413; x_wconf 76' lang='lat' dir='ltr'><strong>fuit</strong></span> 
     </span>
    </p>
   </div>
   <div class='ocr_carea' id='block_1_83' title="bbox 299 5426 1856 5497">
    <p class='ocr_par' dir='ltr' id='par_1_83' title="bbox 299 5426 1856 5497">
     <span class='ocr_line' id='line_1_86' title="bbox 299 5426 1856 5497; baseline 0 -16"><span class='ocrx_word' id='word_1_621' title='bbox 299 5427 766 5497; x_wconf 76' lang='lat' dir='ltr'><strong>Paroilubyrinthi</strong></span> <span class='ocrx_word' id='word_1_622' title='bbox 786 5444 805 5481; x_wconf 96' lang='lat'><em>:</em></span> <span class='ocrx_word' id='word_1_623' title='bbox 836 5428 987 5482; x_wconf 90' lang='lat' dir='ltr'><strong>illum</strong></span> <span class='ocrx_word' id='word_1_624' title='bbox 1016 5426 1223 5483; x_wconf 80' lang='lat' dir='ltr'><strong>scilicet</strong></span> <span class='ocrx_word' id='word_1_625' title='bbox 1247 5428 1383 5482; x_wconf 89' lang='lat' dir='ltr'><strong>duas</strong></span> <span class='ocrx_word' id='word_1_626' title='bbox 1413 5426 1677 5481; x_wconf 90' lang='lat' dir='ltr'><strong>editiones</strong></span> <span class='ocrx_word' id='word_1_627' title='bbox 1707 5441 1856 5481; x_wconf 93' lang='lat' dir='ltr'><strong>com-</strong></span> 
     </span>
    </p>
   </div>
   <div class='ocr_carea' id='block_1_84' title="bbox 298 5497 1854 5567">
    <p class='ocr_par' dir='ltr' id='par_1_84' title="bbox 298 5497 1854 5567">
     <span class='ocr_line' id='line_1_87' title="bbox 298 5497 1854 5567; baseline 0 -16"><span class='ocrx_word' id='word_1_628' title='bbox 298 5502 552 5567; x_wconf 87' lang='lat' dir='ltr'><strong>posuisse</strong></span> <span class='ocrx_word' id='word_1_629' title='bbox 604 5512 885 5551; x_wconf 87' lang='lat' dir='ltr'><strong>sacrorum</strong></span> <span class='ocrx_word' id='word_1_630' title='bbox 954 5498 1252 5563; x_wconf 89' lang='lat' dir='ltr'><strong>librorum,</strong></span> <span class='ocrx_word' id='word_1_631' title='bbox 1306 5511 1537 5567; x_wconf 87' lang='lat' dir='ltr'><strong>quarum</strong></span> <span class='ocrx_word' id='word_1_632' title='bbox 1586 5497 1854 5565; x_wconf 91' lang='lat' dir='ltr'><strong>posterior</strong></span> 
     </span>
    </p>
   </div>
   <div class='ocr_carea' id='block_1_85' title="bbox 300 5567 1083 5637">
    <p class='ocr_par' dir='ltr' id='par_1_85' title="bbox 300 5567 1083 5637">
     <span class='ocr_line' id='line_1_88' title="bbox 300 5567 1083 5637; baseline 0.001 -16"><span class='ocrx_word' id='word_1_633' title='bbox 300 5571 530 5622; x_wconf 87' lang='lat' dir='ltr'><strong>multum</strong></span> <span class='ocrx_word' id='word_1_634' title='bbox 563 5582 593 5621; x_wconf 91' lang='lat' dir='ltr'><strong>a</strong></span> <span class='ocrx_word' id='word_1_635' title='bbox 620 5567 801 5637; x_wconf 90' lang='lat' dir='ltr'><strong>priore</strong></span> <span class='ocrx_word' id='word_1_636' title='bbox 826 5567 1083 5637; x_wconf 79' lang='lat' dir='ltr'><strong>diﬂ&#39;erret.</strong></span> 
     </span>
    </p>
   </div>
   <div class='ocr_carea' id='block_1_86' title="bbox 370 5633 1853 5708">
    <p class='ocr_par' dir='ltr' id='par_1_86' title="bbox 370 5633 1853 5708">
     <span class='ocr_line' id='line_1_89' title="bbox 370 5633 1853 5708; baseline -0.001 -17"><span class='ocrx_word' id='word_1_637' title='bbox 370 5636 479 5708; x_wconf 65' lang='grc'>(22)</span> <span class='ocrx_word' id='word_1_638' title='bbox 513 5633 638 5690; x_wconf 65' lang='grc' dir='ltr'>Καί</span> <span class='ocrx_word' id='word_1_639' title='bbox 660 5639 794 5705; x_wconf 81' lang='grc' dir='ltr'>παρ’</span> <span class='ocrx_word' id='word_1_640' title='bbox 820 5634 903 5708; x_wconf 78' lang='grc' dir='ltr'><strong>ὧν</strong></span> <span class='ocrx_word' id='word_1_641' title='bbox 928 5638 1374 5708; x_wconf 81' lang='grc' dir='ltr'>κατηχήθησαν.</span> <span class='ocrx_word' id='word_1_642' title='bbox 1407 5633 1541 5708; x_wconf 66' lang='lat' dir='ltr'><strong>Tota</strong></span> <span class='ocrx_word' id='word_1_643' title='bbox 1574 5634 1689 5708; x_wconf 64' lang='lat' dir='ltr'><strong>hinc</strong></span> <span class='ocrx_word' id='word_1_644' title='bbox 1712 5634 1853 5708; x_wconf 72' lang='lat' dir='ltr'><strong>peri-</strong></span> 
     </span>
    </p>
   </div>
   <div class='ocr_carea' id='block_1_87' title="bbox 301 5704 1855 5779">
    <p class='ocr_par' dir='ltr' id='par_1_87' title="bbox 301 5704 1855 5779">
     <span class='ocr_line' id='line_1_90' title="bbox 301 5704 1855 5779; baseline -0.001 -18"><span class='ocrx_word' id='word_1_645' title='bbox 301 5704 433 5779; x_wconf 85' lang='lat' dir='ltr'><strong>cope</strong></span> <span class='ocrx_word' id='word_1_646' title='bbox 464 5704 643 5776; x_wconf 81' lang='lat' dir='ltr'><strong>usque</strong></span> <span class='ocrx_word' id='word_1_647' title='bbox 673 5708 740 5760; x_wconf 89' lang='lat' dir='ltr'><strong>ad</strong></span> <span class='ocrx_word' id='word_1_648' title='bbox 756 5707 930 5779; x_wconf 82' lang='lat' dir='ltr'><strong>_verba</strong></span> <span class='ocrx_word' id='word_1_649' title='bbox 960 5709 1047 5762; x_wconf 89' lang='lat' dir='ltr'><strong>illa</strong></span> <span class='ocrx_word' id='word_1_650' title='bbox 1068 5704 1155 5779; x_wconf 64' lang='grc' dir='ltr'>μὴ</span> <span class='ocrx_word' id='word_1_651' title='bbox 1184 5704 1365 5779; x_wconf 74' lang='grc' dir='ltr'>ἔχωσι,</span> <span class='ocrx_word' id='word_1_652' title='bbox 1393 5705 1546 5779; x_wconf 76' lang='lat' dir='ltr'><strong>deest</strong></span> <span class='ocrx_word' id='word_1_653' title='bbox 1578 5704 1646 5779; x_wconf 90' lang='lat' dir='ltr'><strong>in_</strong></span> <span class='ocrx_word' id='word_1_654' title='bbox 1666 5704 1855 5779; x_wconf 81' lang='lat' dir='ltr'><strong>codice</strong></span> 
     </span>
    </p>
   </div>
   <div class='ocr_carea' id='block_1_88' title="bbox 303 5773 1848 5847">
    <p class='ocr_par' dir='ltr' id='par_1_88' title="bbox 303 5773 1848 5847">
     <span class='ocr_line' id='line_1_91' title="bbox 303 5773 1848 5847; baseline -0.001 -18"><span class='ocrx_word' id='word_1_655' title='bbox 303 5773 467 5847; x_wconf 73' lang='lat' dir='ltr'><strong>ltegio</strong></span> <span class='ocrx_word' id='word_1_656' title='bbox 488 5818 503 5841; x_wconf 91' lang='lat'><strong>,</strong></span> <span class='ocrx_word' id='word_1_657' title='bbox 551 5773 663 5831; x_wconf 77' lang='lat' dir='ltr'><strong>nec</strong></span> <span class='ocrx_word' id='word_1_658' title='bbox 705 5776 993 5847; x_wconf 87' lang='lat' dir='ltr'><strong>admodum</strong></span> <span class='ocrx_word' id='word_1_659' title='bbox 1045 5773 1350 5832; x_wconf 76' lang='lat' dir='ltr'><strong>necessaria</strong></span> <span class='ocrx_word' id='word_1_660' title='bbox 1380 5773 1577 5847; x_wconf 28' lang='lat' dir='ltr'><strong>“mihi</strong></span> <span class='ocrx_word' id='word_1_661' title='bbox 1600 5774 1848 5847; x_wconf 78' lang='lat' dir='ltr'><strong>videtur:</strong></span> 
     </span>
    </p>
   </div>
   <div class='ocr_carea' id='block_1_89' title="bbox 302 5842 1846 5910">
    <p class='ocr_par' dir='ltr' id='par_1_89' title="bbox 302 5842 1846 5910">
     <span class='ocr_line' id='line_1_92' title="bbox 302 5842 1846 5910; baseline -0.001 -10"><span class='ocrx_word' id='word_1_662' title='bbox 302 5842 530 5902; x_wconf 76' lang='lat' dir='ltr'><strong>habetur</strong></span> <span class='ocrx_word' id='word_1_663' title='bbox 565 5846 834 5902; x_wconf 88' lang='lat' dir='ltr'><strong>tamenin</strong></span> <span class='ocrx_word' id='word_1_664' title='bbox 882 5848 1247 5904; x_wconf 85' lang='lat' dir='ltr'><strong>vetustissimo</strong></span> <span class='ocrx_word' id='word_1_665' title='bbox 1294 5844 1481 5903; x_wconf 89' lang='lat' dir='ltr'><strong>codice</strong></span> <span class='ocrx_word' id='word_1_666' title='bbox 1532 5842 1846 5910; x_wconf 71' lang='lat' dir='ltr'><strong>Maz.,liled.</strong></span> 
     </span>
    </p>
   </div>
   <div class='ocr_carea' id='block_1_90' title="bbox 1962 4657 3521 4727">
    <p class='ocr_par' dir='ltr' id='par_1_90' title="bbox 1962 4657 3521 4727">
     <span class='ocr_line' id='line_1_93' title="bbox 1962 4657 3521 4727; baseline -0.002 -13"><span class='ocrx_word' id='word_1_667' title='bbox 1962 4657 2514 4727; x_wconf 69' lang='lat' dir='ltr'><strong>CliristopliorSOniis.</strong></span> <span class='ocrx_word' id='word_1_668' title='bbox 2566 4658 2703 4714; x_wconf 85' lang='lat' dir='ltr'><strong>Male</strong></span> <span class='ocrx_word' id='word_1_669' title='bbox 2752 4659 2914 4713; x_wconf 88' lang='lat' dir='ltr'><strong>etiam</strong></span> <span class='ocrx_word' id='word_1_670' title='bbox 2964 4657 3195 4713; x_wconf 78' lang='lat' dir='ltr'><strong>Ruﬁnus</strong></span> <span class='ocrx_word' id='word_1_671' title='bbox 3234 4659 3435 4713; x_wconf 72' lang='lat' dir='ltr'><strong>vertit:</strong></span> <span class='ocrx_word' id='word_1_672' title='bbox 3470 4668 3521 4711; x_wconf 80' lang='lat' dir='ltr'><strong>et</strong></span> 
     </span>
    </p>
   </div>
   <div class='ocr_carea' id='block_1_91' title="bbox 1962 4728 3523 4798">
    <p class='ocr_par' dir='ltr' id='par_1_91' title="bbox 1962 4728 3523 4798">
     <span class='ocr_line' id='line_1_94' title="bbox 1962 4728 3523 4798; baseline 0 -15"><span class='ocrx_word' id='word_1_673' title='bbox 1962 4730 2174 4783; x_wconf 85' lang='lat' dir='ltr'><strong>obtentu</strong></span> <span class='ocrx_word' id='word_1_674' title='bbox 2218 4730 2391 4798; x_wconf 74' lang='lat' dir='ltr'><strong>impia:</strong></span> <span class='ocrx_word' id='word_1_675' title='bbox 2421 4729 2577 4798; x_wconf 84' lang='lat' dir='ltr'><strong>hujus</strong></span> <span class='ocrx_word' id='word_1_676' title='bbox 2618 4729 2958 4791; x_wconf 72' lang='lat' dir='ltr'><strong>assertionis,</strong></span> <span class='ocrx_word' id='word_1_677' title='bbox 3005 4728 3161 4796; x_wconf 87' lang='lat' dir='ltr'><strong>quasi</strong></span> <span class='ocrx_word' id='word_1_678' title='bbox 3215 4728 3412 4798; x_wconf 66' lang='lat' dir='ltr'><strong>Graeca</strong></span> <span class='ocrx_word' id='word_1_679' title='bbox 3442 4729 3523 4783; x_wconf 88' lang='lat' dir='ltr'><strong>sic</strong></span> 
     </span>
    </p>
   </div>
   <div class='ocr_carea' id='block_1_92' title="bbox 1962 4796 3523 4869">
    <p class='ocr_par' dir='ltr' id='par_1_92' title="bbox 1962 4796 3523 4869">
     <span class='ocr_line' id='line_1_95' title="bbox 1962 4796 3523 4869; baseline -0.004 -14"><span class='ocrx_word' id='word_1_680' title='bbox 1962 4796 2325 4855; x_wconf 84' lang='lat' dir='ltr'><strong>construenda</strong></span> <span class='ocrx_word' id='word_1_681' title='bbox 2372 4796 2517 4862; x_wconf 75' lang='lat' dir='ltr'><strong>sint,</strong></span> <span class='ocrx_word' id='word_1_682' title='bbox 2566 4799 2766 4869; x_wconf 82' lang='grc' dir='ltr'>ἀνόμου</span> <span class='ocrx_word' id='word_1_683' title='bbox 2812 4799 2905 4851; x_wconf 74' lang='grc' dir='ltr'><strong>καὶ</strong></span> <span class='ocrx_word' id='word_1_684' title='bbox 2959 4798 3116 4852; x_wconf 79' lang='grc' dir='ltr'>ἀθέου</span> <span class='ocrx_word' id='word_1_685' title='bbox 3162 4796 3523 4869; x_wconf 4' lang='grc' dir='ltr'>,διδασκαλίας</span> 
     </span>
    </p>
   </div>
   <div class='ocr_carea' id='block_1_93' title="bbox 1960 4866 3517 4943">
    <p class='ocr_par' dir='ltr' id='par_1_93' title="bbox 1960 4866 3517 4943">
     <span class='ocr_line' id='line_1_96' title="bbox 1960 4866 3517 4943; baseline 0 -22"><span class='ocrx_word' id='word_1_686' title='bbox 1960 4870 2247 4943; x_wconf 75' lang='grc' dir='ltr'>προφάσει.</span> <span class='ocrx_word' id='word_1_687' title='bbox 2285 4870 2444 4943; x_wconf 87' lang='lat' dir='ltr'><strong>Atqui</strong></span> <span class='ocrx_word' id='word_1_688' title='bbox 2474 4866 2759 4943; x_wconf 24' lang='grc' dir='ltr'>*προφάσει</span> <span class='ocrx_word' id='word_1_689' title='bbox 2802 4869 3023 4943; x_wconf 78' lang='grc' dir='ltr'>χάριτος</span> <span class='ocrx_word' id='word_1_690' title='bbox 3063 4867 3198 4920; x_wconf 83' lang='lat' dir='ltr'><strong>dixit</strong></span> <span class='ocrx_word' id='word_1_691' title='bbox 3230 4866 3517 4943; x_wconf 63' lang='lat' dir='ltr'><strong>Eusebius.</strong></span> 
     </span>
    </p>
   </div>
   <div class='ocr_carea' id='block_1_94' title="bbox 1959 4935 3520 5009">
    <p class='ocr_par' dir='ltr' id='par_1_94' title="bbox 1959 4935 3520 5009">
     <span class='ocr_line' id='line_1_97' title="bbox 1959 4935 3520 5009; baseline -0.002 -16"><span class='ocrx_word' id='word_1_692' title='bbox 1959 4935 2168 5009; x_wconf 77' lang='lat' dir='ltr'><strong>Quippe</strong></span> <span class='ocrx_word' id='word_1_693' title='bbox 2197 4935 2433 4994; x_wconf 65' lang='lat' dir='ltr'><strong>haeretici</strong></span> <span class='ocrx_word' id='word_1_694' title='bbox 2473 4939 2571 5003; x_wconf 91' lang='lat' dir='ltr'><strong>illi,</strong></span> <span class='ocrx_word' id='word_1_695' title='bbox 2603 4935 2833 4994; x_wconf 78' lang='lat' dir='ltr'><strong>obtentu</strong></span> <span class='ocrx_word' id='word_1_696' title='bbox 2857 4935 3044 5009; x_wconf 72' lang='lat' dir='ltr'><strong>gratiae</strong></span> <span class='ocrx_word' id='word_1_697' title='bbox 3076 4952 3196 5005; x_wconf 38' lang='lat' dir='ltr'><strong>quae</strong></span> <span class='ocrx_word' id='word_1_698' title='bbox 3227 4951 3327 5009; x_wconf 71' lang='lat' dir='ltr'><strong>per</strong></span> <span class='ocrx_word' id='word_1_699' title='bbox 3347 4935 3520 5009; x_wconf 74' lang='lat' dir='ltr'><strong>Evan-</strong></span> 
     </span>
    </p>
   </div>
   <div class='ocr_carea' id='block_1_95' title="bbox 1994 5006 3520 5078">
    <p class='ocr_par' dir='ltr' id='par_1_95' title="bbox 1994 5006 3520 5078">
     <span class='ocr_line' id='line_1_98' title="bbox 1994 5006 3520 5078; baseline -0.003 -12"><span class='ocrx_word' id='word_1_700' title='bbox 1994 5006 2159 5066; x_wconf 80' lang='lat' dir='ltr'><strong>elium</strong></span> <span class='ocrx_word' id='word_1_701' title='bbox 2184 5010 2382 5064; x_wconf 84' lang='lat' dir='ltr'><strong>donata</strong></span> <span class='ocrx_word' id='word_1_702' title='bbox 2410 5019 2512 5074; x_wconf 89' lang='lat' dir='ltr'><strong>est,</strong></span> <span class='ocrx_word' id='word_1_703' title='bbox 2532 5012 2701 5078; x_wconf 81' lang='lat' dir='ltr'><strong>legem</strong></span> <span class='ocrx_word' id='word_1_704' title='bbox 2730 5023 2794 5061; x_wconf 90' lang='lat' dir='ltr'><strong>ac</strong></span> <span class='ocrx_word' id='word_1_705' title='bbox 2820 5006 3110 5078; x_wconf 80' lang='lat' dir='ltr'><strong>prophetas</strong></span> <span class='ocrx_word' id='word_1_706' title='bbox 3144 5006 3520 5078; x_wconf 76' lang='lat' dir='ltr'><strong>repudiabant.</strong></span> 
     </span>
    </p>
   </div>
   <div class='ocr_carea' id='block_1_96' title="bbox 1958 5028 3522 5156">
    <p class='ocr_par' dir='ltr' id='par_1_96' title="bbox 1958 5028 3522 5156">
     <span class='ocr_line' id='line_1_99' title="bbox 1994 5028 3520 5078; baseline -0.003 -12"><span class='ocrx_word' id='word_1_707' title='bbox 1994 5028 2159 5066; x_wconf 85' lang='lat' dir='ltr'><strong>ellum</strong></span> <span class='ocrx_word' id='word_1_708' title='bbox 2184 5028 2382 5064; x_wconf 76' lang='lat' dir='ltr'><strong>conata</strong></span> <span class='ocrx_word' id='word_1_709' title='bbox 2410 5028 2512 5074; x_wconf 71' lang='lat' dir='ltr'><strong>BSt,</strong></span> <span class='ocrx_word' id='word_1_710' title='bbox 2532 5028 2701 5078; x_wconf 81' lang='lat' dir='ltr'><strong>legem</strong></span> <span class='ocrx_word' id='word_1_711' title='bbox 2730 5028 2794 5061; x_wconf 82' lang='lat' dir='ltr'><strong>ac</strong></span> <span class='ocrx_word' id='word_1_712' title='bbox 2820 5028 3110 5074; x_wconf 70' lang='grc' dir='ltr'><strong>ιιι-υρυειδδ</strong></span> <span class='ocrx_word' id='word_1_713' title='bbox 3144 5028 3201 5059; x_wconf 69' lang='grc'><strong>1⁷6</strong></span> <span class='ocrx_word' id='word_1_714' title='bbox 3242 5028 3520 5062; x_wconf 71' lang='grc' dir='ltr'><strong>υυΙέΙυίΙΙΙῐο</strong></span> 
     </span>
     <span class='ocr_line' id='line_1_100' title="bbox 1958 5028 3522 5156; baseline -0.003 -21"><span class='ocrx_word' id='word_1_715' title='bbox 1958 5028 2113 5135; x_wconf 47' lang='lat' dir='ltr'><strong>finde</strong></span> <span class='ocrx_word' id='word_1_716' title='bbox 2139 5093 2336 5156; x_wconf 71' lang='lat' dir='ltr'><strong>eorum</strong></span> <span class='ocrx_word' id='word_1_717' title='bbox 2368 5078 2838 5156; x_wconf 69' lang='lat' dir='ltr'><strong>doctrinameriio</strong></span> <span class='ocrx_word' id='word_1_718' title='bbox 2862 5076 3059 5156; x_wconf 77' lang='grc' dir='ltr'>ἄνομος</span> <span class='ocrx_word' id='word_1_719' title='bbox 3090 5028 3341 5156; x_wconf 31' lang='lat' dir='ltr'><strong>etiam;</strong></span> <span class='ocrx_word' id='word_1_720' title='bbox 3383 5077 3522 5131; x_wconf 91' lang='lat' dir='ltr'><strong>dici-</strong></span> 
     </span>
    </p>
   </div>
   <div class='ocr_carea' id='block_1_97' title="bbox 1960 5144 3522 5219">
    <p class='ocr_par' dir='ltr' id='par_1_97' title="bbox 1960 5144 3522 5219">
     <span class='ocr_line' id='line_1_101' title="bbox 1960 5144 3522 5219; baseline -0.003 -15"><span class='ocrx_word' id='word_1_721' title='bbox 1960 5160 2046 5205; x_wconf 94' lang='lat' dir='ltr'><strong>tur</strong></span> <span class='ocrx_word' id='word_1_722' title='bbox 2074 5167 2086 5202; x_wconf 91' lang='lat'><strong>:</strong></span> <span class='ocrx_word' id='word_1_723' title='bbox 2131 5148 2363 5219; x_wconf 80' lang='grc' dir='ltr'>ἀνομος,</span> <span class='ocrx_word' id='word_1_724' title='bbox 2402 5164 2467 5202; x_wconf 91' lang='lat' dir='ltr'><strong>eo</strong></span> <span class='ocrx_word' id='word_1_725' title='bbox 2493 5148 2639 5216; x_wconf 89' lang='lat' dir='ltr'><strong>quod</strong></span> <span class='ocrx_word' id='word_1_726' title='bbox 2679 5148 2847 5219; x_wconf 81' lang='lat' dir='ltr'><strong>legem</strong></span> <span class='ocrx_word' id='word_1_727' title='bbox 2884 5144 3226 5219; x_wconf 79' lang='lat' dir='ltr'><strong>rejieerent;_</strong></span> <span class='ocrx_word' id='word_1_728' title='bbox 3249 5144 3426 5212; x_wconf 83' lang='grc' dir='ltr'>ἄθεος,</span> <span class='ocrx_word' id='word_1_729' title='bbox 3455 5161 3522 5201; x_wconf 86' lang='lat' dir='ltr'><strong>eo</strong></span> 
     </span>
    </p>
   </div>
   <div class='ocr_carea' id='block_1_98' title="bbox 1956 5214 3521 5346">
    <p class='ocr_par' dir='ltr' id='par_1_98' title="bbox 1956 5214 3521 5346">
     <span class='ocr_line' id='line_1_102' title="bbox 1956 5214 3521 5346; baseline -0.003 -72"><span class='ocrx_word' id='word_1_730' title='bbox 1956 5220 2102 5346; x_wconf 53' lang='lat' dir='ltr'><strong>auod</strong></span> <span class='ocrx_word' id='word_1_731' title='bbox 2142 5214 2431 5342; x_wconf 59' lang='lat' dir='ltr'><strong>prophetas</strong></span> <span class='ocrx_word' id='word_1_732' title='bbox 2480 5214 2642 5272; x_wconf 83' lang='lat' dir='ltr'><strong>unius</strong></span> <span class='ocrx_word' id='word_1_733' title='bbox 2676 5214 2757 5273; x_wconf 58' lang='lat' dir='ltr'><strong>ac&#39;</strong></span> <span class='ocrx_word' id='word_1_734' title='bbox 2786 5214 2900 5271; x_wconf 80' lang='lat' dir='ltr'><strong>veri</strong></span> <span class='ocrx_word' id='word_1_735' title='bbox 2945 5214 3043 5270; x_wconf 81' lang='lat' dir='ltr'><strong>Dei</strong></span> <span class='ocrx_word' id='word_1_736' title='bbox 3075 5214 3295 5271; x_wconf 88' lang='lat' dir='ltr'><strong>nuntios</strong></span> <span class='ocrx_word' id='word_1_737' title='bbox 3359 5232 3521 5287; x_wconf 78' lang='lat' dir='ltr'><strong>repu-</strong></span> 
     </span>
     <span class='ocr_line' id='line_1_103' title="bbox 1997 5304 2189 5345; baseline -0.021 0"><span class='ocrx_word' id='word_1_738' title='bbox 1997 5304 2143 5345; x_wconf 77' lang='lat' dir='ltr'><strong>taren</strong></span> <span class='ocrx_word' id='word_1_739' title='bbox 2176 5329 2189 5341; x_wconf 93' lang='lat'><strong>.</strong></span> 
     </span>
    </p>
   </div>
   <div class='ocr_carea' id='block_1_99' title="bbox 1997 5292 2189 5345">
    <p class='ocr_par' dir='ltr' id='par_1_99' title="bbox 1997 5292 2189 5345">
     <span class='ocr_line' id='line_1_104' title="bbox 1997 5292 2189 5345; baseline -0.021 0"><span class='ocrx_word' id='word_1_740' title='bbox 1997 5292 2189 5345; x_wconf 85' lang='lat' dir='ltr'><strong>iarent.</strong></span> 
     </span>
    </p>
   </div>
   <div class='ocr_carea' id='block_1_100' title="bbox 2027 5354 3527 5430">
    <p class='ocr_par' dir='ltr' id='par_1_100' title="bbox 2027 5354 3527 5430">
     <span class='ocr_line' id='line_1_105' title="bbox 2027 5354 3527 5430; baseline -0.001 -18"><span class='ocrx_word' id='word_1_741' title='bbox 2027 5356 2560 5430; x_wconf 12' lang='lat' dir='ltr'><strong>(24)7Fragmentum</strong></span> <span class='ocrx_word' id='word_1_742' title='bbox 2609 5354 2752 5430; x_wconf 83' lang='lat' dir='ltr'><strong>istud</strong></span> <span class='ocrx_word' id='word_1_743' title='bbox 2797 5354 3125 5425; x_wconf 79' lang='lat' dir='ltr'><strong>proferimus</strong></span> <span class='ocrx_word' id='word_1_744' title='bbox 3154 5368 3185 5409; x_wconf 90' lang='lat' dir='ltr'><strong>e</strong></span> <span class='ocrx_word' id='word_1_745' title='bbox 3218 5355 3527 5430; x_wconf 71' lang='lat' dir='ltr'><strong>vetustissi-</strong></span> 
     </span>
    </p>
   </div>
   <div class='ocr_carea' id='block_1_101' title="bbox 1954 5425 3522 5494">
    <p class='ocr_par' dir='ltr' id='par_1_101' title="bbox 1954 5425 3522 5494">
     <span class='ocr_line' id='line_1_106' title="bbox 1954 5425 3522 5494; baseline -0.003 -11"><span class='ocrx_word' id='word_1_746' title='bbox 1954 5425 2045 5484; x_wconf 86' lang='lat' dir='ltr'><strong>mo</strong></span> <span class='ocrx_word' id='word_1_747' title='bbox 2069 5425 2255 5484; x_wconf 83' lang='lat' dir='ltr'><strong>codice</strong></span> <span class='ocrx_word' id='word_1_748' title='bbox 2279 5427 2642 5482; x_wconf 84' lang='lat' dir='ltr'><strong>Ambrosiano</strong></span> <span class='ocrx_word' id='word_1_749' title='bbox 2675 5427 3012 5494; x_wconf 88' lang='lat' dir='ltr'><strong>decerptum,</strong></span> <span class='ocrx_word' id='word_1_750' title='bbox 3048 5432 3212 5494; x_wconf 88' lang='lat' dir='ltr'><strong>atque</strong></span> <span class='ocrx_word' id='word_1_751' title='bbox 3242 5425 3371 5479; x_wconf 92' lang='lat' dir='ltr'><strong>illud</strong></span> <span class='ocrx_word' id='word_1_752' title='bbox 3393 5441 3522 5479; x_wconf 86' lang='lat' dir='ltr'><strong>ern-</strong></span> 
     </span>
    </p>
   </div>
   <div class='ocr_carea' id='block_1_102' title="bbox 1953 5496 3523 5563">
    <p class='ocr_par' dir='ltr' id='par_1_102' title="bbox 1953 5496 3523 5563">
     <span class='ocr_line' id='line_1_107' title="bbox 1953 5496 3523 5563; baseline -0.004 -10"><span class='ocrx_word' id='word_1_753' title='bbox 1953 5501 2193 5553; x_wconf 89' lang='lat' dir='ltr'><strong>ditorum</strong></span> <span class='ocrx_word' id='word_1_754' title='bbox 2237 5498 2483 5551; x_wconf 90' lang='lat' dir='ltr'><strong>omnium</strong></span> <span class='ocrx_word' id='word_1_755' title='bbox 2530 5496 2768 5552; x_wconf 83' lang='lat' dir='ltr'><strong>examini</strong></span> <span class='ocrx_word' id='word_1_756' title='bbox 2799 5496 3144 5563; x_wconf 89' lang='lat' dir='ltr'><strong>subjicimus,</strong></span> <span class='ocrx_word' id='word_1_757' title='bbox 3189 5497 3395 5548; x_wconf 90' lang='lat' dir='ltr'><strong>nullum</strong></span> <span class='ocrx_word' id='word_1_758' title='bbox 3425 5496 3523 5548; x_wconf 62' lang='lat' dir='ltr'><strong>de«</strong></span> 
     </span>
    </p>
   </div>
   <div class='ocr_carea' id='block_1_103' title="bbox 1953 5564 3521 5637">
    <p class='ocr_par' dir='ltr' id='par_1_103' title="bbox 1953 5564 3521 5637">
     <span class='ocr_line' id='line_1_108' title="bbox 1953 5564 3521 5637; baseline -0.003 -15"><span class='ocrx_word' id='word_1_759' title='bbox 1953 5568 2151 5623; x_wconf 91' lang='lat' dir='ltr'><strong>mendo</strong></span> <span class='ocrx_word' id='word_1_760' title='bbox 2192 5582 2255 5621; x_wconf 79' lang='lat' dir='ltr'><strong>ex</strong></span> <span class='ocrx_word' id='word_1_761' title='bbox 2303 5568 2584 5622; x_wconf 86' lang='lat' dir='ltr'><strong>erroribus</strong></span> <span class='ocrx_word' id='word_1_762' title='bbox 2611 5567 2831 5637; x_wconf 77' lang='lat' dir='ltr'><strong>;qnibns_</strong></span> <span class='ocrx_word' id='word_1_763' title='bbox 2856 5565 3201 5637; x_wconf 82' lang='lat' dir='ltr'><strong>librariorum</strong></span> <span class='ocrx_word' id='word_1_764' title='bbox 3252 5564 3521 5637; x_wconf 85' lang='lat' dir='ltr'><strong>imperitia</strong></span> 
     </span>
    </p>
   </div>
   <div class='ocr_carea' id='block_1_104' title="bbox 1956 5634 3524 5713">
    <p class='ocr_par' dir='ltr' id='par_1_104' title="bbox 1956 5634 3524 5713">
     <span class='ocr_line' id='line_1_109' title="bbox 1956 5634 3524 5713; baseline -0.003 -22"><span class='ocrx_word' id='word_1_765' title='bbox 1956 5639 2281 5713; x_wconf 70' lang='lat' dir='ltr'><strong>scripturam</strong></span> <span class='ocrx_word' id='word_1_766' title='bbox 2318 5634 2781 5713; x_wconf 39' lang='lat' dir='ltr'><strong>saturavit_’atque</strong></span> <span class='ocrx_word' id='word_1_767' title='bbox 2810 5634 3411 5713; x_wconf 41' lang='lat' dir='ltr'><strong>ﬁedavitpqnanquam</strong></span> <span class='ocrx_word' id='word_1_768' title='bbox 3441 5634 3524 5687; x_wconf 88' lang='lat' dir='ltr'><strong>ni—</strong></span> 
     </span>
    </p>
   </div>
   <div class='ocr_carea' id='block_1_105' title="bbox 1956 5705 3517 5832">
    <p class='ocr_par' dir='ltr' id='par_1_105' title="bbox 1956 5705 3517 5832">
     <span class='ocr_line' id='line_1_110' title="bbox 1956 5705 3517 5778; baseline -0.002 -18"><span class='ocrx_word' id='word_1_769' title='bbox 1956 5706 2031 5761; x_wconf 93' lang='lat' dir='ltr'><strong>hil</strong></span> <span class='ocrx_word' id='word_1_770' title='bbox 2068 5705 2102 5760; x_wconf 89' lang='lat' dir='ltr'><strong>ii</strong></span> <span class='ocrx_word' id='word_1_771' title='bbox 2137 5705 2384 5769; x_wconf 77' lang='lat' dir='ltr'><strong>obstént,</strong></span> <span class='ocrx_word' id='word_1_772' title='bbox 2417 5708 2714 5778; x_wconf 88' lang='lat' dir='ltr'><strong>quominus</strong></span> <span class='ocrx_word' id='word_1_773' title='bbox 2745 5706 2981 5776; x_wconf 83' lang='lat' dir='ltr'><strong>pretium</strong></span> <span class='ocrx_word' id='word_1_774' title='bbox 3017 5705 3096 5762; x_wconf 82' lang='lat' dir='ltr'><strong>rei</strong></span> <span class='ocrx_word' id='word_1_775' title='bbox 3136 5705 3517 5776; x_wconf 80' lang='lat' dir='ltr'><strong>intelligamus.</strong></span> 
     </span>
     <span class='ocr_line' id='line_1_111' title="bbox 1957 5776 2395 5832; baseline 0.002 -1"><span class='ocrx_word' id='word_1_776' title='bbox 1957 5776 2244 5832; x_wconf 72' lang='lat' dir='ltr'><strong>Morinos.</strong></span> <span class='ocrx_word' id='word_1_777' title='bbox 2274 5778 2395 5832; x_wconf 63' lang='lat' dir='ltr'><strong>l.‘c.</strong></span> 
     </span>
    </p>
   </div>
   <div class='ocr_carea' id='block_1_106' title="bbox 2010 5792 2395 5834">
    <p class='ocr_par' dir='ltr' id='par_1_106' title="bbox 2010 5792 2395 5834">
     <span class='ocr_line' id='line_1_112' title="bbox 2010 5792 2395 5834; baseline -0.005 -1"><span class='ocrx_word' id='word_1_778' title='bbox 2010 5792 2395 5834; x_wconf 52' lang='grc' dir='ltr'>υκλτοκ.ιρε.</span> 
     </span>
    </p>
   </div>
  </div>
