3966 6532
437 406 508 459 55
1689 403 1928 461 IULIUS
1966 404 1992 457 Δ

2095 401 2373 458 JCANUS.
3592 399 3660 452 56

438 517 555 574 suis
584 516 826 588 proferat
871 518 1058 573 dicens
1107 518 1162 571 in
1204 516 1498 586 semetipso
1539 537 1552 570 :
1604 514 1736 580 Qua:
1771 516 1995 569 vidimus
2025 522 2067 575 Α
2094 514 2281 570 orbem
2330 524 2485 568 teme
2530 512 2768 568 Ecclesia
2804 511 2999 566 diﬂusa
3049 525 3171 565 esse
3200 510 3539 565 denoscitur.
3592 508 3662 565 Et

439 608 606 659 oculis
637 609 852 673 nostris,
890 616 941 660 et
984 607 1200 659 auribus
1229 607 1549 671 audivimus,
1594 616 1645 658 et
1674 622 1860 658 manus
1901 622 1996 657 no-

437 708 563 751 strc
589 698 954 765 palpaverunt,
989 697 1099 749 hac
1120 698 1446 769 scripsimus.
1484 695 1575 749 Sic
1601 696 1746 750 enim
1778 712 1883 749 non
1909 711 1999 751 so-

439 787 551 840 lum
585 788 843 849 visorem,
865 787 958 841 sed
990 786 1315 850 auditorem,
1339 785 1431 839 sed
1455 794 1508 838 ct
1541 785 1860 853 scriptorem
1879 799 2001 838 om-

439 880 588 931 nium
623 878 950 932 mirabilium
986 876 1197 930 Domini
1225 892 1319 945 per
1344 876 1588 930 ordinem
1618 876 1922 945 proﬁtetur.

508 968 571 1020 ll.
602 971 733 1022 Acta
765 976 943 1021 autem
978 968 1221 1020 omnium
1254 966 1611 1035 apostolorum
1651 967 1753 1020 sub
1786 981 1896 1019 uno
1930 966 1999 1020 li-

438 1060 536 1111 bro
566 1058 764 1128 scripta
798 1066 927 1111 sunt
970 1056 1141 1109 Lucas
1192 1057 1396 1125 optime
1432 1055 1711 1124 Theophile
1746 1071 1995 1126 compre-

442 1149 649 1211 hendit,
677 1150 804 1218 quia
830 1150 931 1203 sub
958 1148 1243 1217 praesentia
1272 1147 1391 1215 ejus
1412 1148 1625 1216 singula
1649 1148 1995 1217 gerebantur,

436 1239 577 1292 sicut
603 1248 659 1291 et
688 1246 897 1291 semote
920 1237 1232 1306 passionem
1261 1234 1409 1289 Petri
1440 1236 1714 1289 evidenter
1735 1236 1995 1301 declarat,

434 1331 525 1383 sed
559 1329 946 1398 profectionem
990 1327 1141 1381 Pauli
1171 1327 1241 1382 ab
1275 1326 1419 1383 Urbe
1447 1326 1516 1381 ad
1548 1326 1807 1398 Spaniam
1832 1329 1999 1398 proﬁ-

438 1424 721 1477 cisceutis.

503 1512 595 1565 lll.
635 1511 873 1581 Epistola
912 1520 1091 1565 autem
1123 1510 1306 1574 Pauli,
1340 1526 1481 1580 quae,
1511 1526 1541 1564 a
1575 1526 1685 1581 quo
1726 1511 1883 1577 loco',
1912 1511 1999 1567 vel

431 1619 539 1672 qua
566 1619 631 1657 ex
662 1618 829 1657 causa
860 1603 1061 1656 directe
1092 1603 1220 1666 sint,
1274 1602 1647 1656 voluntatibus
1675 1602 1994 1673 intelligere,

433 1696 548 1765 ipse
572 1696 867 1750 declarant.
894 1695 1136 1749 Primum
1164 1696 1408 1749 omnium
1426 1694 1734 1749 Corinthiis
1756 1697 1997 1751 schisma

433 1787 657 1841 haeresis
689 1788 1038 1853 iuterdicens,
1083 1788 1278 1843 deinde
1309 1787 1565 1843 Callactis
1616 1789 1994 1844 circumcisio-

2098 606 2372 663 Jobannes
2402 606 2548 659 enim
2582 606 2637 659 in
2667 603 2988 673 Apocalypsi
3016 603 3143 658 licet
3174 612 3380 672 septem
3405 603 3656 658 ecclesiis

2099 693 2327 757 scribat,
2363 701 2542 746 tamen
2576 692 2831 747 omnibus
2859 693 3009 747 dicit.
3046 693 3241 746 Verum
3271 692 3341 744 ad
3382 691 3658 745 Philemo-

2098 801 2213 838 nem
2239 800 2373 847 una,
2403 794 2459 839 et
2489 786 2557 837 ad
2595 783 2772 837 Titum
2800 800 2930 850 una,
2961 793 3018 839 et
3055 785 3123 837 ad
3160 782 3488 838 Timotheum
3522 786 3660 840 duas

2097 892 2197 946 pro
2228 875 2425 928 aﬂ'ectu
2465 884 2519 929 et
2548 875 2868 941 dilectione;
2915 875 2970 928 in
3006 875 3212 929 honore
3254 884 3433 929 tamen
3474 874 3663 930 Eccle-

2099 967 2194 1021 sia:
2234 967 2537 1030 catholicas,
2576 966 2639 1034 in
2685 965 3028 1020 ordinatione
3073 965 3459 1020 ecclesiastica:
3491 966 3660 1019 disci-

2097 1059 2257 1128 plina:
2288 1058 2642 1113 sanctiﬁcata.
2664 1066 2810 1111 sunt.
2842 1056 3036 1110 Fertur
3066 1058 3232 1111 etiam
3256 1057 3325 1109 ad
3352 1056 3661 1109 Laudemu-

2098 1162 2201 1211 ses,
2232 1146 2338 1200 alia
2367 1146 2433 1199 ad
2466 1146 2855 1199 Alexandrinos
2882 1144 3036 1199 Pauli
3060 1146 3278 1200 nomine
3304 1146 3443 1201 ﬁctae
3458 1147 3525 1200 ad
3551 1146 3663 1201 bte-

2098 1252 2271 1292 resem
2301 1237 2624 1305 Marcionis;
2655 1246 2710 1293 et
2751 1238 2856 1292 alia
2897 1239 3053 1307 plura
3083 1254 3207 1307 qua:
3236 1237 3292 1291 in
3334 1238 3660 1293 catholicam

2096 1327 2398 1384 Ecclesiam
2436 1330 2604 1400 recipi
2648 1346 2756 1385 non
2784 1340 2980 1402 potest.
3014 1329 3108 1386 Fe'l
3145 1332 3291 1385 enim
3333 1346 3458 1385 cum
3502 1331 3663 1386 melle

2096 1422 2317 1475 misceri
2349 1437 2455 1475 non
2488 1423 2760 1492 congruit.

2169 1513 2259 1568 IV.
2295 1513 2540 1583 Epistola
2566 1529 2697 1569 sane
2724 1513 2904 1579 ludar,
2931 1523 2985 1567 et
3017 1514 3367 1583 superscripti
3400 1512 3661 1567 Johannis

2095 1606 2230 1657 duas
2261 1604 2315 1657 in
2347 1602 2623 1657 Catholica
2654 1604 2942 1657 habentur.
2978 1600 3044 1655 Et
3073 1602 3347 1670 Sapientia
3371 1601 3440 1655 ab
3466 1600 3663 1655 amicis

2096 1695 2399 1750 Salomonis
2436 1696 2493 1749 in
2529 1696 2792 1749 honorem
2838 1696 3012 1765 ipsius
3051 1696 3274 1764 scripta.
3313 1692 3659 1763 Apocalypsis

2096 1790 2261 1842 etiam
2289 1788 2551 1841 Johannis
2587 1802 2641 1841 et
2668 1787 2837 1853 Petri,
2870 1796 3083 1840 tantum
3130 1788 3445 1856 recipimus,
3492 1800 3659 1853 quam

432 1893 579 1931 nem.
616 1878 877 1933 Romanis
908 1892 1089 1934 autem
1137 1879 1329 1935 ordine
1360 1878 1791 1950 Scripturarum,
1817 1881 1912 1935 sed
1945 1889 2000 1935 et
2028 1873 2072 1930 Β
2098 1882 2319 1952 quidam
2338 1896 2405 1936 ex
2428 1879 2752 1949 nostrislegi
2783 1880 2838 1932 in
2867 1877 3107 1932 Ecclesia
3138 1878 3348 1931 nolunt.
3383 1875 3662 1928 Pastorem

431 1969 759 2037 principium
799 1985 987 2023 earum
1030 1986 1152 2025 esse
1197 1970 1477 2027 Christum
1528 1974 1821 2038 intimans,
1867 1987 1995 2043 pro-

433 2058 596 2113 lixius
621 2060 860 2129 scripsit,
892 2061 959 2115 de
985 2062 1184 2131 quibus
1217 2063 1447 2133 singulis
1476 2078 1699 2118 necesse
1727 2071 1811 2119 est
1832 2079 1863 2118 a
1893 2079 1995 2118 no-

429 2146 516 2201 bis
564 2149 863 2218 disputari;
909 2166 1033 2205 cum
1070 2151 1186 2221 ipse
1228 2152 1420 2207 beatus
1462 2154 1743 2222 apostolus
1790 2151 1995 2208 Paulus

432 2255 668 2309 sequens
700 2243 1117 2311 praedecessoris
1143 2243 1229 2297 sui
1264 2242 1529 2300 Johannis
1561 2246 1831 2313 ordinem,
1858 2261 1999 2300 non-

429 2330 534 2383 nisi
565 2332 883 2386 nominatim
911 2342 1115 2403 septem
1134 2334 1393 2389 Ecclesiis
1419 2335 1624 2389 scribat
1654 2336 1847 2390 ordine
1876 2336 1994 2390 tali:

428 2418 510 2471 Ad
544 2418 841 2475 Corinthios
870 2423 1065 2491 prima,
1100 2423 1169 2474 ad
1200 2422 1452 2491 Ephesios
1476 2424 1739 2491 secunda,
1766 2429 1837 2477 ad
1862 2425 1995 2478 Phi-

428 2510 683 2579 lippenses
727 2516 908 2580 tertia,
943 2516 1011 2568 ad
1056 2515 1387 2571 Colossenses
1421 2528 1636 2586 quarta,
1665 2518 1734 2571 ad
1772 2516 1994 2571 Galatas

428 2600 639 2667 quinta,
674 2603 742 2655 ad
774 2601 1254 2659 Tltessalonicenses
1287 2614 1461 2670 sexta,
1496 2606 1566 2659 ad
1610 2606 1876 2660 Roman'os
1908 2622 1993 2662 se-

428 2690 619 2757 ptima.
657 2690 856 2747 Verum
886 2693 1182 2751 Corinthiis
1213 2706 1266 2751 et
1294 2695 1839 2753 Tessalonicensibus
1862 2698 1988 2753 licet

428 2792 527 2846 pro
566 2783 909 2841 carrehtione
955 2784 1201 2851 iteretur,
1250 2802 1359 2842 una
1408 2795 1590 2842 tamen
1637 2804 1734 2859 per
1770 2803 1990 2844 omnem

2098 1987 2229 2026 vero
2257 1987 2559 2027 NUPSBIUII;
2608 1985 2938 2024 τειιιιωιιβυε
2976 1984 3202 2023 NOSTBIS
3235 1968 3289 2021 in
3320 1966 3454 2020 urbe
3486 1965 3662 2019 Roma

2100 2062 2302 2117 Herma
2343 2062 2692 2131 conscripsit,
2724 2061 2946 2116 sedente
2987 2059 3243 2114 cathedra
3286 2058 3440 2111 urbis
3475 2056 3661 2110 Romae

2099 2151 2357 2207 Ecclesia:
2386 2151 2485 2205 Pio
2513 2152 2770 2221 episcopo
2803 2150 2969 2203 fratre
2991 2148 3131 2218 ejus.
3161 2146 3228 2201 Et
3258 2147 3378 2201 ideo
3408 2145 3511 2215 legi
3533 2160 3657 2199 eum

2098 2244 2318 2313 quidem
2344 2251 2589 2312 oportet;
2623 2257 2681 2296 se
2722 2241 2999 2311 publicare
3027 2254 3156 2294 vero
3191 2241 3246 2293 iu
3279 2237 3522 2293 Ecclesia
3556 2251 3660 2306 po-

2098 2335 2251 2405 pulo,
2283 2348 2459 2403 neque
2492 2334 2633 2388 inter
2683 2332 2971 2402 prophetas
3018 2329 3347 2398 completum
3393 2342 3659 2388 numero,

2096 2441 2272 2495 neque
2302 2425 2443 2479 inter
2488 2425 2765 2495 apostolos
2810 2424 2868 2478 in
2908 2422 3070 2477 ﬁnem
3117 2430 3438 2499 temporum.
3458 2428 3657 2488 potest.

2094 2517 2309 2570 Arsinoi
2335 2526 2515 2571 autem
2543 2531 2639 2571 seu
2685 2515 2972 2579 Valentini,
3012 2514 3096 2568 vel
3123 2512 3384 2566 Miltiadis
3418 2512 3553 2566 nihil
3598 2511 3655 2564 in

2094 2615 2270 2663 totum
2297 2609 2621 2677 recipimus;
2654 2608 2749 2677 qui
2774 2608 2939 2663 etiam
2977 2620 3180 2660 novum
3221 2604 3559 2660 Psalmorum
3589 2602 3660 2653 li-

2096 2698 2247 2752 brum
2277 2700 2539 2756 Marciani
2585 2700 3047 2771 conscripserunt,
3095 2714 3204 2753 una
3252 2712 3377 2752 cum
3425 2694 3664 2751 Basilide

2089 2790 2382 2847 Assianum
2413 2791 2764 2863 Catafrygum
2792 2792 3209 2848 constitutorem
3244 2789 3379 2860 (25).

498 2892 614 2975 (βξ)
643 2884 917 2961 Vidistin',
968 2906 1101 2968 quot
1137 2899 1362 2954 vulnera
1405 2898 1641 2957 frustulo
1686 2901 1814 2958 huic
1859 2901 2200 2973 antiquitatis
2237 2906 2496 2961 inﬁixerit
2556 2906 2903 2961 librariorum
2947 2906 3158 2961 incuria
3198 2914 3361 2975 atque
3402 2904 3663 2975 ignorati-

426 2960 501 3015 tia
517 2962 540 3017 ‘l
562 2962 851 3022 Hannon.

1697 3284 1871 3330 ANNO
1912 3285 2143 3331 DOMINI
2182 3286 2419 3335 CCXXII.

748 3350 1683 3675 JULIUS
1821 3464 3319 3685 AFRICANUS

1630 3802 2423 4086 NOT—ITIA

907 4192 1147 4257 (Punic,
1178 4193 1473 4249 Bibliotheca
1496 4200 1686 4262 Grtzca,
1715 4203 1794 4252 ed.
1819 4204 2033 4265 ΗΑιιιες,
2060 4211 2178 4255 tom.
2200 4205 2283 4267 IV,
2307 4220 2356 4270 p.
2383 4205 2491 4255 2M.
2516 4205 2803 4271 Hamhurgi,
2826 4206 2966 4269 1795,
2991 4203 3044 4256 in
3065 4204 3164 4272 4⁸.)

494 4433 707 4493 SEXTUS
730 4435 1006 4509 (l)Juuus
1033 4440 1355 4507 AFRICANUS,
1376 4440 1569 4511 Syrus,
1598 4458 1663 4496 ex
1693 4441 1983 4510 Emaunte,
2013 4453 2059 4515 c
2089 4448 2250 4505 laudo
2277 4450 2528 4521 pingendi
2558 4451 2987 4521 sagittarumque
3016 4450 3210 4506 ictibus
3236 4450 3469 4507 formam
3492 4467 3613 4524 ejus
3633 4496 3653 4522 ,

424 4527 528 4583 sub
553 4529 829 4582 Antonino
859 4528 1187 4601 Helogabalo
1209 4539 1263 4586 et
1297 4532 1605 4587 Alexandro
1638 4533 1840 4589 Severo
1871 4536 1987 4590 cla-

424 4620 535 4674 ruit
576 4620 673 4689 (2).
712 4618 989 4674 Zacharias
1037 4618 1233 4676 Lundii
1276 4624 1731 4677 commentarium
1774 4641 1880 4680 ms.
1932 4626 1989 4680 in

422 4712 663 4767 Africani
692 4711 871 4767 Cestos
913 4715 1158 4779 servari,
1202 4716 1384 4785 accepi
1427 4715 1641 4771 Hasnize
1679 4733 1710 4771 a
1753 4717 1986 4786 Wolﬁo,

424 4805 587 4873 regia:
617 4804 863 4861 biblioth.
895 4806 1141 4860 custode.
1182 4806 1241 4860 ln
1280 4808 1386 4862 illis
1411 4806 1733 4877 fragmentis
1764 4826 1883 4880 cap.
1917 4810 1988 4865 29

426 4904 615 4947 auctor
655 4903 903 4960 testatur,
949 4895 1149 4951 vidisse
1173 4912 1233 4951 se
1274 4897 1633 4955 Bardesanem
1687 4902 1944 4956 Parthum
1968 4942 1986 4968 ,

424 5001 585 5054 quem
617 4986 888 5041 diversum
935 4990 1069 5043 mihi
1106 5006 1228 5045 esse
1269 4992 1569 5059 persuadeo
1611 5007 1641 5046 a
1683 4992 1989 5048 Bardesane

426 5076 711 5147 scriptore.
777 5078 912 5133 Nam
952 5089 1006 5135 et
1035 5082 1161 5135 huic
1193 5081 1375 5137 minus
1409 5084 1665 5138 convenit
1704 5084 1792 5138 illa
1832 5085 1990 5154 jacu-

497 5210 829 5300 (Lll)h$e:ctum
872 5230 1013 5270 unus
1045 5224 1205 5271 vocat
1244 5216 1988 5300 Suidas..FAsntc.“Zé3crmp

426 5282 713 5402 iicribitur,
783 5283 969 5339 forsan
1043 5302 1329 5354 operarum
1394 5288 1555 5353 vitio,
1624 5290 1693 5344 ab
1730 5282 1987 5343 Eudocia.

476 5368 599 5402 Αιιι..

476 5368 599 5408 ΑΒΙ..

498 5421 573 5490 (2)
612 5420 768 5475 Circa
796 5437 923 5477 ann.
961 5424 1090 5480 Chr.
1124 5426 1249 5481 221.
1280 5425 1568 5482 Vid.-Saxii
1612 5427 1799 5482 Onam.
1839 5426 1984 5490 lit.l,

427 5505 551 5563 pag.
602 5490 706 5563 ’ᾆξὶὲ
737 5509 865 5563 βψ,
893 5503 985 5546 aut
1007 5510 1059 5547 a.
1090 5494 1150 5551 C.
1178 5496 1304 5551 228.
1342 5498 1458 5551 νίιί.
1512 5498 1860 5563 Hamhergeri
1893 5516 1990 5551 zu-

425 5560 550 5637 verl.
606 5559 993 5637 Nnc/"iciticit,
1029 5575 1168 5637 tom.
1204 5565 1275 5631 ll,
1306 5583 1428 5636 pag.
1467 5569 1699 5637 525qu.
1749 5559 1989 5637 Uterque

423 5630 783 5706 pluresAcitat,
803 5634 895 5706 qui
926 5634 991 5687 de
1014 5630 1269 5706 Africano
1294 5630 1535 5706 egerunt.
1570 5630 1737 5691 Hann.

497 5700 572 5776 (5)
610 5699 765 5776 Quod
806 5699 1156 5774 ζωγραφῆσαι
1206 5699 1415 5776 βέλεᾶιν
1461 5718 1618 5761 vocat
1652 5708 1941 5762 Africanus
1965 5746 1981 5772 ,

425 5770 567 5846 apud
610 5770 1013 5846 Philostratum'
1038 5770 1131 5829 lib.
1190 5770 1224 5829 ti
1264 5776 1340 5829 De
1377 5778 1483 5829 vita
1531 5777 1829 5846 Apollonii,
1858 5770 1977 5846 cap.

422 5838 513 5907 28,
542 5855 663 5912 pag.
688 5841 775 5917 8i,
802 5843 999 5920 dicitur
1019 5848 1421 5919 πιαγραφῆσαι
1451 5838 1676 5918 βέλεξςιν.
1706 5838 1982 5919 Magisque

2088 4559 2247 4614 quem
2266 4544 2442 4607 vellet,
2474 4545 2698 4615 pulchre
2729 4545 3066 4600 describendi
3096 4545 3318 4600 solertia
3354 4544 3453 4616 (5),
3488 4560 3654 4615 quam

2088 4635 2143 4689 in
2174 4651 2275 4690 suo
2303 4636 2594 4691 Africanus
2616 4637 2893 4706 praedicat,
2917 4646 2971 4691 et
2992 4638 3081 4692 hic
3102 4636 3335 4691 Parthus
3369 4638 3491 4703 fuit,
3515 4638 3656 4692 alter

2086 4724 2434 4797 Babylonius.
2461 4727 2702 4799 Denique
2723 4730 2816 4799 qui
2846 4729 2949 4783 sub
2970 4728 3243 4783 Antonino
3265 4729 3467 4783 vixisse
3490 4729 3658 4798 scrip-

2088 4825 2259 4872 torem
2281 4819 2476 4874 docent
2505 4819 2837 4892 Porphyrius
2872 4830 2924 4876 et
2960 4820 3255 4884 Eusebius,
3288 4821 3335 4875 si
3380 4819 3650 4890 Elagaba-

2088 4908 2221 4974 lum,
2255 4926 2364 4963 non
2418 4908 2657 4965 Marcum
2688 4909 3074 4981 Philosophum
3106 4910 3529 4975 intellexissent,
3560 4924 3656 4979 pe-

2087 5003 2245 5058 rinde
2275 5012 2335 5058 ut
2375 5000 2737 5073 Hieronymus
2766 5018 2885 5071 cap.
2912 5003 2981 5055 65
3001 5045 3015 5068 ,
3042 5002 3133 5056 ubi
3166 5002 3233 5057 de
3261 5000 3516 5055 Africano
3540 5003 3656 5058 dis-

2088 5092 2258 5159 serit,
2291 5102 2419 5147 nota
2452 5093 2685 5161 quadam
2717 5093 2900 5149 addita
2927 5093 3184 5147 Antonini
3225 5107 3422 5147 nomen
3455 5092 3654 5147 distin-

2088 5225 2462 5295 admirandum
2511 5223 2645 5289 hoc,
2694 5240 2857 5295 quam
2906 5224 3051 5294 quod
3104 5224 3373 5295 in‘veteri
3408 5223 3654 5295 inscrip-

2089 5297 2236 5351 tione
2260 5296 2400 5365 apud
2428 5292 2726 5350 Gruteruni
2752 5312 2873 5365 pag.
2891 5292 3061 5357 anu,
3082 5295 3147 5349 de
3168 5292 3381 5348 Sorano
3404 5293 3608 5347 Batavo
3632 5307 3646 5345 :

2228 5386 2593 5458 Emissumqtte
2617 5405 2743 5442 arcu
2777 5389 2901 5440 dum
2934 5388 3115 5455 pendet
3141 5387 3193 5439 in
3226 5402 3343 5439 aere
3370 5385 3531 5439 telum

2230 5460 2299 5511 Ac
2327 5459 2460 5511 redit
2480 5499 2495 5520 ,
2524 5474 2587 5513 ex
2610 5460 2719 5511 alia
2735 5458 2835 5526 [ixi
2862 5458 3091 5527 fregique
3121 5458 3337 5526 sagitta.

2089 5567 2186 5622 Vel
2226 5565 2370 5637 quod
2404 5563 2473 5619 de
2510 5563 2813 5620 Domitiano
2880 5570 3101 5623 Sueton.
3134 5584 3253 5637 cap.
3287 5568 3373 5631 l9,
3405 5566 3469 5619 In
3500 5566 3653 5634 pueri

2086 5636 2266 5709 procul
2313 5642 2505 5692 stantis
2558 5636 2929 5709 probatusque
2983 5655 3076 5707 pro
3132 5636 3285 5706 scopo
3342 5639 3655 5709 dispansam

2087 5708 2285 5761 dextra:
2318 5724 2501 5761 manus
2534 5708 2770 5790 palmam
2785 5750 2801 5772 ,
2830 5706 3057 5790 sagittas
3094 5719 3241 5789 tanta
3270 5716 3383 5760 arte
3416 5706 3609 5790 direxit
3640 5746 3657 5769 ,

2087 5787 2337 5832 utomncs
2388 5795 2479 5848 per
2527 5775 2804 5833 intervalla
2858 5780 3143 5850 digitorum
3198 5780 3415 5832 innocue
3464 5775 3650 5830 evade—

2086 5856 2218 5901 rent.
