3966 6496
217 383 279 439 4!
1710 402 2009 460 NOTITIA.
3382 408 3453 465 tu

218 508 465 565 tissimus
512 509 795 572 Boivinius
839 520 1081 589 coniicit.
1134 522 1404 579 Czeterum
1440 525 1788 582 Christianos
1817 532 1861 587 Α
1890 522 2106 578 Labbeo
2164 524 2352 579 tom.l
2400 525 2543 579 Bibl.
2596 540 2741 581 novat
2776 542 2924 593 mss.,
2956 542 3078 597 pag.
3106 526 3232 595 298,
3274 528 3452 586 editus

215 601 376 655 etiam
410 604 689 678 τερατώδη
718 618 977 676 sectatos,
1011 628 1074 668 ac
1106 618 1585 685 superstitionibus
1613 636 1789 689 quan-
1888 614 2115 680 Latine,
2161 632 2323 686 quem
2367 616 2497 672 Julii
2544 617 2783 673 Africani
2818 635 2955 674 .esse
3011 620 3271 689 suspicati
3326 634 3453 676 sunt

214 689 395 783 doque
423 694 636 750 deditos
669 698 873 765 fuisse,
906 712 1087 760 vetera
1123 708 1458 764 convincunt
1503 713 1744 781 exempla
1768 755 1783 779 ,
1888 705 2113 761 Vossius
2139 706 2207 759 111
2239 707 2316 761 De
2346 708 2534 763 histor.
2564 708 2741 763 Latin.
2792 721 2930 779 part.
2965 726 3039 776 tv,
3072 726 3193 780 cap.
3225 711 3280 775 5,
3323 727 3448 783 pag.

212 791 264 836 et
295 781 638 874 Ceoponicon
691 793 927 861 scriptor
988 795 1156 867 (haud
1186 801 1348 855 dubie
1380 802 1781 874 Christianus),
1886 796 2008 863 756,
2039 808 2097 853 et
2126 797 2361 853 Sandius
2397 800 2461 854 ad
2494 798 2746 856 Vossium
2806 818 2927 872 pag.
2965 802 3069 856 279
3104 819 3213 872 sq.,
3269 781 3452 873 pomis

212 883 261 964 et
321 873 637 944 Tryphonis
700 885 952 954 martyris
1036 891 1374 947 exorcismus
1453 873 1781 950 insectorum
1884 889 2199 946 referendus
2235 900 2320 945 est
2364 892 2431 946 ad
2465 890 2835 964 Hippolytum,
2880 894 3268 959 Portuensem,
3300 894 3448 949 Afri-

212 962 384 1021 hortis
442 970 726 1041 vineisque
773 977 1060 1032 noxiorum
1102 983 1242 1050 apud
1296 982 1645 1041 Lambecium
1680 1004 1778 1051 vn,

211 1071 327 1126 pag.
351 1058 485 1125 2.17,
520 1072 572 1116 et
601 1064 751 1132 plura
793 1068 1061 1137 ejusmodi
1107 1089 1216 1127 non
1249 1076 1385 1130 adeo
1434 1078 1651 1133 inobvia
1698 1079 1783 1133 fu-

210 1160 327 1204 tura
365 1154 414 1205 si
453 1157 581 1223 quis
609 1158 922 1229 diligentius
964 1165 1309 1235 inquisierit:
1351 1169 1514 1239 inque
1555 1172 1640 1227 bis
1676 1172 1781 1227 fre-

212 1253 465 1308 quentata
496 1248 747 1314 quaedam
774 1255 1152 1321 superstitiosa
1186 1257 1255 1310 ita
1299 1260 1533 1327 publice,
1567 1272 1624 1315 ut
1649 1279 1779 1317 eon-

210 1334 456 1422 eiliorum
501 1338 738 1396 decretis
790 1346 1125 1412 prohibenda
1171 1347 1409 1417 fuerint,
1464 1352 1529 1406 de
1574 1354 1774 1422 quibus

210 1421 451 1489 Bruttius,
474 1430 712 1487 Oratorii
741 1429 867 1487 Jesu
908 1436 1204 1508 presbyter,
1250 1453 1403 1509 parte
1439 1421 1603 1497 tertia,
1626 1444 1772 1511 libri,

204 1513 406 1569 Gallice
437 1531 568 1571 ann.
596 1520 757 1585 1702,
793 1524 875 1589 l2,
920 1526 1073 1591 editi,
1103 1544 1265 1599 quem
1298 1531 1575 1605 inscripsit
1613 1552 1626 1588 :
1671 1534 1775 1589 Ili-

200 1608 359 1660 stoire
407 1611 642 1681 critique
676 1620 766 1669 des
807 1620 1077 1689 pratiques
1110 1625 1525 1691 superstitieuses
1564 1629 1653 1697 qui
1685 1640 1773 1682 out

198 1698 368 1752 séduit
398 1700 476 1755 les
510 1705 720 1773 peuples
750 1721 800 1762 et
829 1712 1162 1768 embarrassé
1195 1715 1270 1769 les
1330 1734 1536 1772 savans.
1562 1719 1639 1774 Ex
1675 1736 1771 1776 eo-

196 1789 313 1845 dem
345 1791 682 1863 Ceoponicon
714 1800 979 1871 scriptore
1010 1814 1155 1861 recte
1184 1808 1427 1879 colligas,
1454 1810 1769 1867 Africanum

194 1879 573 1941 Christianum
622 1888 814 1958 fuisse,
848 1908 975 1948 cum
1015 1894 1196 1952 Cestos
1231 1901 1515 1968 scriberet,
1551 1902 1606 1955 in
1651 1904 1771 1972 qui-

195 1975 293 2029 bus
333 1980 745 2037 commendavit
787 1984 971 2041 ellicax
1017 1990 1281 2047 adversus
1311 1992 1419 2046 vini
1461 1996 1770 2064 corruptio-

193 2079 312 2118 nem
366 2069 808 2151 remediumtsi
853 2076 1000 2130 dolio
1053 2080 1430 2136 inscribantur
1491 2082 1612 2136 θεῖα
1657 2085 1773 2139 haec

193 2155 350 2211 verba
380 2157 559 2230 (Psal.
584 2178 771 2230 xxx”,
797 2165 851 2236 8)
884 2184 897 2219 :
929 2167 1151 2225 Custate
1192 2182 1241 2226 et
1279 2172 1468 2240 videte,
1519 2177 1768 2244 quoniam

190 2252 361 2303 suavis
392 2252 680 2336 pominus,
710 2258 814 2324 vel,
863 2260 909 2314 si
941 2277 1185 2331 pomum,
1233 2264 1320 2320 his
1349 2266 1531 2321 verbis
1568 2267 1769 2324 inscri-

192 2353 359 2411 ptum,
412 2346 737 2417 projiciatur
783 2351 837 2405 in
882 2353 1091 2420 vinum,
1140 2372 1251 2420 xnv,
1301 2358 1335 2412 5
1385 2359 1713 2430 Ἀφρικανοῦ
1751 2379 1764 2391 ·

201 2434 506 2506 Ἀμήχανον
534 2442 811 2511 τραπῆναι
838 2443 928 2497 τὸν
959 2441 1100 2499 οἶνον
1137 2447 1233 2501 ἐὰν
1258 2450 1568 2524 empsim;
1603 2453 1659 2505 ὲν
1689 2452 1768 2525 τῷ

187 2526 390 2597 ἀγγείῳ
443 2529 478 2600 ἢ
527 2533 587 2583 ἐν
637 2536 749 2596 τοῖς
799 2534 973 2600 πίθοις
1016 2536 1190 2592 ταῦτα
1236 2540 1303 2593 τὰ
1349 2542 1467 2596 Θεῖα
1518 2545 1761 2616 ῥήματα·

189 2620 233 2671 Γ
234 2622 509 2675 εὐσασθε
545 2624 643 2676 καὶ
672 2624 845 2689 ἴδετε,
866 2626 952 2680 ὅτι
968 2630 1234 2698 χρηστὸς
1264 2634 1297 2685 ό
1324 2633 1555 2701 Κύριος.
1574 2635 1766 2699 Καλῶς

186 2711 236 2763 δὲ
266 2713 523 2784 ποιήσεις
564 2717 658 2770 καὶ
696 2720 777 2782 εἰς
819 2720 983 2790 μῆλον
1016 2722 1157 2776 οὕτω
1193 2724 1439 2795 γράφων,
1483 2726 1765 2797 ἐμϐάλλων

184 2802 239 2853 τὸ
276 2803 450 2873 μῆλον
491 2807 573 2869 εἰς
602 2808 693 2860 τὸν
727 2804 894 2864 οἶνον.
942 2810 1106 2867 Plura
1150 2813 1527 2883 hujuscemodi
1574 2817 1764 2875 farina:

183 2910 241 2949 ex
265 2895 583 2965 Ceoponicis
629 2901 771 2957 infra
817 2903 956 2959 libro
988 2921 1041 2959 vr
1074 2906 1272 2975 refero,
1304 2908 1397 2964 ubi
1441 2910 1508 2965 de
1539 2909 1761 2982 Hippia-

184 2988 331 3044 tricis
375 3005 596 3061 quoque
642 2993 887 3052 dicturus
930 3013 1085 3064 sum,
1130 3016 1363 3070 quorum
1409 3005 1661 3060 collectio
1704 3014 1759 3061 et

183 3079 293 3147 ipsa
341 3100 409 3137 ex
450 3083 700 3142 Africani
742 3086 911 3142 Cestis
961 3092 1209 3160 quaedam
1258 3095 1422 3150 habet
1473 3096 1753 3163 adnotata,

184 3175 255 3274 uti
307 3175 455 3231 alius
506 3176 646 3233 liber
696 3196 801 3236 ms.
875 3182 1219 3240 Constantini
1269 3184 1824 3274 Porphyrogenetzec

176 3267 362 3337 jussu,
409 3279 472 3325 ut
510 3272 749 3339 videtur,
792 3276 1070 3341 collectus,
1120 3278 1187 3332 de
1231 3295 1341 3349 quo
1371 3280 1654 3337 Boivinius
1701 3284 1754 3339 in

178 3363 633 3434 castigationibus
671 3368 737 3422 ad
761 3367 1107 3439 Africanum,
1141 3387 1264 3443 pag.
1296 3372 1423 3428 560.
1461 3368 1757 3431 ΕἈΒιιιο.--

176 3451 305 3507 Δόά.
364 3453 429 3509 L.
476 3454 557 3510 El.
603 3457 675 3511 du
717 3457 852 3527 Pin,
900 3460 1075 3516 Nouv.
1121 3462 1505 3535 Bibliotltéque,
1550 3476 1680 3520 tom.
1709 3468 1753 3535 Ι,

177 3558 291 3612 pag.
333 3545 466 3601 115.
525 3545 695 3603 Stolle
720 3589 737 3615 ,
802 3548 1162 3608 Nachrichten
1220 3572 1313 3609 von
1346 3556 1445 3609 den
1487 3554 1750 3610 Kirchen-

176 3640 374 3701 ratem,
425 3652 484 3707 p.
512 3638 615 3693 154
661 3655 807 3710 sqq.,
838 3642 931 3712 qui
975 3643 1111 3700 alios
1159 3645 1222 3701 V.
1251 3644 1314 3697 D.
1362 3645 1568 3710 laudat,
1614 3645 1752 3702 lena

178 3725 331 3794 H33,
363 3728 431 3793 4;
483 3726 533 3782 Ι.
554 3728 771 3785 Fabric.
822 3731 879 3785 in
920 3731 1169 3788 Historia
1200 3735 1457 3790 Bibliotlt.
1505 3735 1747 3803 Fabric.,

176 3827 305 3885 part.
336 3834 401 3884 ιι,
434 3834 564 3891 pag.
590 3821 721 3885 379,
777 3831 830 3877 et
857 3835 993 3893 part.
1022 3842 1104 3890 ιιι,
1142 3842 1264 3898 pag.
1294 3828 1435 3893 559;
1468 3826 1517 3883 J.
1543 3830 1745 3885 Christ.

173 3905 307 3976 Neu,
362 3912 419 3965 in
450 3912 880 3972 Accessionibus
930 3916 1000 3972 ad
1038 3906 1262 3973 Wheari
1302 3918 1589 3975 Relection.
1638 3921 1747 3976 hie-

174 4003 350 4069 males,
383 4020 511 4075 pag.
538 4006 668 4061 255.

178 4096 181 4101 ’
233 4093 579 4166 Praecipuum
630 4096 871 4154 Africani
926 4115 1065 4172 opus
1119 4101 1223 4157 fuit
1270 4102 1740 4176 Cltronographia,

1880 982 2001 1036 cani
2035 984 2319 1053 aequalem.
2367 983 2689 1054 Quanquam
2722 985 2965 1040 Africani
3009 987 3171 1040 etiam
3216 984 3450 1041 Chroni-

1881 1088 1982 1127 con
2017 1072 2168 1128 luere
2201 1075 2295 1144 qui
2335 1074 2527 1130 Latine
2575 1076 3079 1146 interpretarentur,
3116 1087 3170 1133 et
3199 1078 3446 1141 fortasse,

1880 1172 1939 1216 ut
1962 1162 2267 1218 Dodwellus
2293 1164 2427 1219 diss.
2474 1165 2550 1219 De
2596 1168 2920 1220 successione
2950 1169 3276 1236 pontiﬁcum,
3317 1185 3443 1239 pag.

1879 1255 1968 1317 98,
1994 1270 2060 1309 ex
2085 1257 2311 1325 antiquo
2338 1272 2441 1311 ms.
2464 1255 2658 1310 Latino
2682 1257 2928 1310 Chronici
2948 1256 3240 1313 Euscbiani
3262 1261 3448 1314 codice

1878 1341 2204 1397 Mertonensi
2258 1344 2497 1413 colligit,
2546 1355 2838 1413 antequam
2884 1344 3101 1400 Eusebii
3147 1347 3443 1402 Chronicon

1878 1445 2108 1489 verteret
2150 1434 2532 1506 Hieronymus.
2602 1430 2683 1490 illi
2720 1437 3039 1505 interpretes
3068 1439 3151 1491 vel
3186 1440 3346 1493 etiam
3382 1441 3417 1493 li

1875 1528 2064 1595 brarii,
2111 1537 2205 1583 aut
2251 1530 2345 1598 qui
2388 1529 2807 1584 describendum
2863 1530 2966 1584 sibi
3007 1530 3249 1585 Africani
3298 1547 3437 1601 opus

1874 1629 2221 1685 curaverunt,
2274 1620 2505 1674 diversis
2552 1620 2746 1675 deinde
2792 1621 3127 1690 temporibus
3172 1622 3237 1676 ad
3286 1638 3443 1677 suam

1872 1710 2159 1780 cujusque,
2189 1727 2297 1779 qua
2330 1711 2749 1776 vixit,,aatatem
2803 1713 3194 1767 continuarunt
3246 1714 3442 1768 seriem

1871 1804 2178 1868 consulum,
2203 1804 2416 1873 aliaque
2438 1819 2536 1873 pro
2563 1819 2663 1859 suo
2680 1804 2913 1874 quisque
2935 1815 3091 1875 captu
3119 1804 3444 1860 addiderunt

1804 1868 1847 1926 Β
1878 1892 1959 1945 vel
1991 1892 2295 1947 omiserunt
2331 1868 2840 1963 ‘interpelaruntve:
2871 1868 3185 1949 Africanum
3232 1896 3290 1947 ὲν
3322 1897 3443 1959 ταῖς

1873 1985 2296 2055 χρονογραφίαις
2344 1984 2530 2038 laudat
2573 1986 2736 2040 etiam
2774 1984 3042 2041 Maximus
3098 1986 3166 2039 ad
3194 1985 3433 2057 Dionysii

1868 2073 2212 2146 Areopagitae
2240 2077 2522 2146 epistolam
2550 2078 2603 2130 1.
2641 2078 2761 2132 Alia
2790 2088 3030 2132 veterum
3059 2078 3200 2143 loca,
3229 2078 3441 2132 Africa-

1869 2179 1998 2218 num
2050 2166 2349 2232 laudantia,
2399 2168 2657 2236 quoniam
2707 2184 2737 2222 a
2773 2169 2904 2223 viris
2931 2172 3130 2236 doctis,
3164 2171 3440 2241 Scaligero

1867 2265 1921 2310 et
1951 2254 2168 2313 Valesio
2215 2260 2281 2312 ad
2332 2257 2556 2325 Euseb.,
2602 2258 2803 2313 Allatio
2843 2261 2909 2313 ad
2953 2260 3201 2315 Eustath.
3244 2263 3439 2316 Antio-

1866 2348 2049 2413 chen.,
2080 2365 2201 2421 pag.
2234 2352 2267 2405 5
2338 2367 2446 2421 sq.,
2486 2350 2724 2415 Labben,
2759 2351 3127 2421 Tillemontio,
3167 2355 3345 2410 Caveo
3384 2367 3439 2410 et

1866 2441 2166 2499 Wetstenio
2207 2445 2285 2514 (in
2329 2446 2471 2499 notis
2502 2445 2565 2498 ad
2597 2446 2882 2514 epistolam
2937 2448 3003 2501 ad
3032 2444 3319 2515 Origenem
3364 2450 3433 2502 de

1866 2535 2138 2602 Susanna,
2171 2552 2294 2607 pag.
2324 2537 2426 2591 MS
2460 2538 2569 2607 sq.)
2603 2537 2765 2591 allata
2792 2547 2940 2604 sunt,
2974 2540 3183 2594 omitto.

1934 2628 2015 2681 Ex
2056 2630 2253 2684 eodem
2293 2628 2539 2683 Africani
2588 2644 2750 2698 opere
2796 2629 2958 2698 petita
3004 2631 3235 2695 videtur,
3269 2646 3433 2701 quam

1863 2734 1968 2773 ms.
1997 2719 2049 2773 in
2074 2719 2206 2775 bibl.
2238 2720 2645 2775 \‘indoboneusi
2690 2730 2903 2776 exstare
2949 2732 3174 2778 testatur
3206 2723 3436 2779 Lambe-

1861 2813 2001 2877 cius,
2055 2822 2187 2867 tom.
2218 2811 2282 2879 V,
2327 2829 2449 2884 pag.
2487 2814 2589 2870 297
2637 2817 2783 2889 [pag.
2829 2818 2933 2872 625
2976 2818 3104 2871 edit.
3154 2815 3430 2890 Kollarii],

1860 2905 2123 2976 Διήγησις
2151 2907 2472 2977 Ἀφρικανοῦ
2502 2910 2628 2981 περὶ
2654 2911 2760 2963 τῶν
2789 2913 2846 2963 ὲν
2873 2909 3090 2980 Περσίδι
3120 2909 3431 2979 γενομένων

1860 2995 1947 3050 διὰ
1987 2996 2084 3068 τῆς
2127 2998 2588 3070 ἐνανθρωπήσεως
2642 3002 2737 3054 τοῦ
2787 3002 2991 3072 Κυρίου
3048 3003 3141 3056 καὶ
3184 3004 3432 3075 Σωτῆρος

1862 3089 2017 3161 ἡμῶν
2041 3090 2211 3161 Ἰησοῦ
2240 3091 2494 3163 Χριστοῦ.
2528 3091 2718 3162 Incipit
2751 3094 2875 3147 :‘Ex
2903 3094 3157 3165 Περσίδος
3186 3095 3429 3165 ἐγνώσθη

1858 3181 1952 3234 ἀπ’
1982 3183 2157 3253 ἀρχῆς
2205 3183 2234 3234 ὁ
2261 3182 2522 3254 Χριστόςο
2568 3185 2719 3237 οὐδὲν
2757 3184 2864 3256 γὰρ
2911 3184 3160 3239 λανθάνει
3206 3188 3330 3250 τοὺς
3372 3189 3428 3238 ὲν

1857 3273 1993 3345 αὑτῇ
2042 3274 2367 3344 νομομαοεῖς
2408 3274 2620 3327 ἅπαντα
2660 3274 3100 3343 φιλοπονοῦντας.
3151 3277 3288 3329 Ὅσα
3320 3276 3428 3349 γάρ

1856 3384 1909 3420 κ.
1943 3382 1991 3417 τ.
2034 3363 2083 3419 λ.
2127 3364 2259 3435 (li).
2321 3363 2452 3420 Vide
2509 3374 2564 3420 et
2608 3365 2848 3421 Africani
2918 3366 3220 3436 fragmenta
3279 3371 3425 3438 apud

1854 3457 2203 3513 Lambecium
2249 3457 2344 3512 lib.
2375 3474 2413 3521 ι,
2470 3474 2594 3530 pag.
2622 3460 2744 3525 Ml,
2795 3469 2849 3513 et
2892 3459 2986 3513 lib.
3027 3476 3109 3524 ιιι,
3174 3476 3297 3531 pag.
3329 3462 3421 3516 59.

1855 3546 2029 3619 {Adde
2077 3547 2241 3602 catal.
2291 3548 2449 3603 codd.
2502 3548 2595 3603 Gr.
2624 3548 2814 3605 Venet.
2865 3548 2928 3602 D.
2975 3548 3167 3616 Marci,
3203 3566 3327 3623 pag.
3354 3551 3426 3605 42

1852 3641 1970 3706 lin.,
2001 3649 2055 3694 et
2079 3639 2237 3695 calal.
2272 3640 2401 3695 bibl.
2439 3640 2689 3696 Monach.
2726 3641 2946 3705 Bavar.,
2976 3658 3099 3713 pag.
3130 3642 3245 3715 '55.]

1942 3731 2119 3786 Etiam
2165 3732 2304 3806 Acta
2350 3733 2595 3802 martyrii
2642 3732 3014 3803 Symp/torosa:
3074 3734 3421 3806 ﬁliorumque

1849 3823 1991 3892 ejus,
2044 3824 2147 3879 sub
2194 3804 2436 3878 Adriano
2483 3840 2793 3894 passorum,
2844 3827 2903 3880 in
2954 3841 3087 3881 mss.
3139 3825 3423 3881 codicibus

1846 3914 1991 3969 Julio
2033 3916 2290 3970 Africano
2336 3916 2656 3971 tribuuntur
2710 3927 2764 3972 et
2814 3919 2918 3972 sub
2961 3919 3081 3988 ejus
3127 3919 3346 3973 nomine
3388 3934 3419 3972 a

1847 4006 2157 4063 Mombritio
2201 4007 2614 4074 Mediolanensi,
2664 4016 2801 4064 tom.
2839 4008 2880 4064 ll
2915 4010 3032 4063 Act.
3068 4008 3315 4064 Sanctor.
3367 4018 3421 4064 et

1845 4102 1901 4154 in
1934 4110 2206 4171 postrema
2242 4100 2388 4155 Surii
2437 4101 2682 4157 editione
2725 4102 2791 4156 ad
2822 4102 2888 4155 18
2918 4101 3049 4157 Julii
3082 4103 3223 4157 edita
3269 4111 3416 4157 sunt.

172 4200 433 4243 annorum
485 4189 649 4256 5623,
676 4191 791 4247 sive
825 4192 1004 4248 libriv
1031 4194 1109 4249 De
1138 4196 1479 4265 temporibus,
1509 4199 1579 4253 ab
1611 4200 1742 4255 orbe
1850 4193 1979 4249 Vide
2020 4194 2316 4249 Bai-ouium
2364 4194 2430 4250 ad
2480 4193 2827 4265 Martyrolog.
2882 4194 3039 4248 Rom.
3068 4194 3135 4248 18
3187 4194 3297 4249 Jul.
3345 4193 3419 4248 Et

170 4284 379 4337 condito
412 4299 590 4352 usque
617 4286 685 4339 ad
715 4300 766 4339 a.
795 4285 930 4343 Chr.
962 4288 1089 4356 221,
1127 4290 1326 4361 olymp.
1359 4293 1545 4359 cad,
1578 4292 1744 4349 Grato
1841 4286 2049 4359 quidem
2079 4287 2197 4356 ﬁeri
2223 4286 2416 4356 potuit,
2468 4283 2646 4355 inquit
2686 4284 3064 4341 Theodoricus
3089 4284 3415 4351 Ruinartus,

169 4386 216 4429 et
253 4377 489 4433 Seleuco
541 4394 686 4435 coss.
742 4380 823 4435 Ex
866 4396 995 4452 quo,
1046 4383 1170 4438 licet
1218 4385 1383 4440 hodie
1435 4388 1737 4457 demi-dno,
1842 4378 1936 4447 qui
1972 4378 2166 4431 iterum
2216 4375 2401 4432 recudi
2435 4376 2649 4431 curavit
2696 4379 2750 4429 in
2778 4377 2926 4431 Actis
2966 4377 3172 4431 selectis
3210 4388 3417 4449 marty-

168 4470 326 4523 multa
356 4470 630 4525 Eusebius
682 4471 735 4525 in
782 4488 883 4528 suo
910 4474 1170 4529 Chronico
1224 4486 1279 4531 et
1309 4476 1612 4549 Syncellus,
1649 4479 1735 4534 Jo.

1860 4485 1960 4521 -um
1997 4469 2088 4535 20,
2134 4469 2189 4522 in
2239 4468 2388 4523 Actis
2419 4467 2520 4523 SS.
2541 4470 2827 4538 Antwerp.,
2854 4468 2920 4523 ad
2950 4469 3005 4524 d.
3035 4469 3102 4524 18
3130 4468 3261 4536 Jul.,
3290 4486 3410 4541 pag.

166 4554 351 4612 Nalala
404 4558 523 4631 [qui
576 4562 747 4617 octies
790 4579 915 4618 eum
971 4564 1135 4631 citat,
1183 4567 1503 4638 plerumque
1555 4571 1741 4625 addito
1770 4575 1819 4635 ι)
1844 4562 1969 4627 558,
1996 4572 2132 4616 tom.
2158 4560 2250 4627 ιν,
2277 4571 2334 4615 ut
2364 4562 2421 4615 in
2444 4562 2687 4631 Africani
2720 4561 2871 4616 libris
2893 4563 2957 4616 de
2979 4560 3415 4633 Chrouographia

166 4649 247 4701 τοῦ
279 4653 600 4719 σοφωτάτου
643 4655 906 4728 epitheto]
931 4695 947 4719 ,
1006 4657 1363 4727 Theophanes
1387 4702 1402 4727 ,
1457 4660 1736 4719 cedrenus
1840 4653 2041 4706 inserta
2072 4652 2291 4721 fuerint.
2332 4650 2437 4706 Sed
2488 4652 2542 4705 in
2579 4652 2914 4721 temporibus
2956 4668 2987 4706 a
3023 4652 3243 4710 Christo
3283 4664 3413 4708 nato

164 4744 357 4812 aliique
411 4747 759 4817 cbronologi,
810 4758 975 4818 atque
1027 4750 1081 4804 in
1126 4751 1212 4806 bis
1253 4763 1446 4806 auctor
1485 4753 1736 4808 Claronici
1838 4746 1995 4815 longe
2027 4744 2352 4807 breviorem,
2383 4758 2548 4813 quam
2594 4742 2648 4797 in
2679 4743 3124 4799 antecedentibus
3161 4746 3409 4800 aetatibus

160 4838 444 4902 paschalis,
477 4841 625 4908 quod
668 4842 1093 4896 Alexandrinum
1146 4844 1308 4913 vulgo
1354 4855 1570 4909 vocant,
1615 4856 1730 4901 tum
1840 4836 2034 4901 fuisse,
2085 4843 2318 4890 testatur
2347 4835 2574 4890 Photius
2599 4835 2721 4890 cod.
2754 4851 2940 4891 xxxiv.
2991 4835 3196 4905 Itaque,
3239 4837 3282 4890 si
3319 4854 3411 4891 ve-

160 4926 659 4986 Latino-Barbarus
702 4935 935 5002 scriptor
983 4944 1365 5004 excerptorum
1412 4937 1733 4992 utilissimo-
1836 4944 1955 4981 ιύῐη
2011 4935 2097 4983 εει
2146 4926 2389 4988 Eusebii.
2442 4926 2589 4996 (ιυοά
2636 4926 2690 4980 in
2743 4926 2934 4982 “ﬁdem
2983 4927 3134 4981 ACUS
3166 4928 3403 4993 additu".

158 5034 271 5074 rum
321 5037 390 5074 ex
421 5020 684 5090 Eusebio,
728 5023 986 5078 Africano
1030 5034 1086 5079 et
1131 5026 1273 5089 aliis,
1319 5043 1441 5097 qua:
1490 5029 1732 5099 Scaliger
1834 5019 2249 5085 ιεειίιηοηίυῐη,
2336 5018 2482 5088 (ιυοά
2536 5017 2830 5073 Africanus
2890 5025 3011 5071 ac”
3077 5030 3400 5088 ιητιτιγιύηι.

157 5112 319 5166 edidit
350 5112 424 5166 ad
444 5114 650 5169 calcem
682 5113 941 5170 Chronici
965 5115 1372 5187 Hieronymiani
1397 5134 1520 5189 pag.
1544 5118 1612 5173 58
1642 5136 1724 5190 sq.

157 5202 278 5274 [Sed
317 5204 634 5276 fragmenta
660 5206 927 5273 Africani,
958 5208 1177 5265 Eusebii
1201 5217 1258 5264 et
1283 5208 1518 5281 Syncelli
1552 5210 1728 5266 Scali-

156 5308 239 5363 ger
282 5294 525 5350 confuse
566 5297 785 5367 posuit;
838 5305 1028 5352 contra
1059 5295 1177 5352 Jac.
1230 5295 1444 5351 Goarus
1499 5298 1729 5352 sollicite

155 5386 552 5443 discriminavit
595 5390 651 5443 in
694 5404 794 5444 sua
835 5389 1117 5461 editione]
1170 5389 1240 5443 At
1283 5389 1429 5444 enim
1480 5389 1618 5444 liber
1652 5389 1725 5443 De

152 5477 494 5534 divisionibus
537 5490 588 5535 et
614 5481 1035 5549 generationibus
1064 5483 1295 5551 gentium
1328 5481 1551 5536 Canisio
1585 5490 1720 5537 tom.

151 5565 193 5622 ll
226 5572 522 5643 Antiquar.
573 5572 814 5628 Lection.
867 5589 987 5645 pag.
1016 5574 1144 5641 579,
1176 5583 1340 5644 atque
1377 5572 1723 5629 emendatius

215 5712 326 5786 (li)
353 5711 715 5786 Opusculum
739 5712 857 5786 hoc
880 5729 946 5767 ex
972 5713 1194 5786 duobus
1224 5712 1725 5786 codicibusMonao

152 5781 596 5838 censibus’edidit
620 5794 675 5836 et
705 5784 978 5836 latinitate
1004 5785 1227 5838 donavit
1254 5781 1305 5837 J.
1323 5782 1455 5837 Chr.
1482 5782 1720 5836 Frehern

153 5865 250 5907 von
276 5854 486 5919 Aretin,
522 5855 575 5908 in
604 5853 787 5907 diario
816 5869 829 5903 :
861 5852 1117 5925 Beytrtige
1147 5871 1243 5909 χιιι·
1269 5851 1582 5925 Geschichte.
1612 5853 1719 5906 und

462 5951 739 6011 ΡΑτιιοι..
783 5946 875 6007 Gn
940 5950 1023 6011 Χο

1831 5119 2097 5180 quotquot
2140 5110 2326 5164 Romae
2357 5119 2411 5163 et
2452 5125 2547 5179 per
2573 5108 2778 5161 Italiam
2807 5108 2954 5177 passi
2998 5118 3173 5175 erant,
3208 5110 3403 5167 litteris

1831 5202 2267 5273 consignaverit,
2316 5202 2370 5256 in
2413 5201 2522 5255 alio
2566 5214 2728 5269 Opere
2771 5216 2835 5255 ac
2873 5200 2929 5255 in
2967 5199 3401 5273 Clu-onagraphia

1830 5293 2040 5350 fecerit.

1900 5388 2143 5457 Denique
2173 5384 2357 5440 Hebed
2392 5383 2520 5441 Jesu
2564 5386 2619 5440 in
2642 5384 2901 5455 Catalogo
2946 5384 3208 5438 librorum
3236 5382 3401 5440 Chai-

1828 5481 2093 5545 d:£OI'UID,
2131 5496 2185 5532 η.
2214 5479 2299 5539 15,
2335 5476 2585 5540 aliirmat,
2642 5485 2856 5531 exstare
2887 5475 2952 5530 Β.
2974 5476 3241 5543 Africani,
3284 5479 3397 5547 epi-

1826 5573 1969 5641 scopi
2020 5570 2241 5636 Emat'ts,
2298 5570 2698 5623 commentarios
2752 5566 2821 5620 Ν.
2878 5566 2938 5621 Τ.
2980 5576 3031 5620 et
3073 5565 3392 5625 Chronico".

1829 5708 2073 5761 Litterat.
2107 5716 2235 5769 etr.,
2263 5718 2408 5758 anno
2432 5700 2590 5763 1804.,
2627 5716 2679 5769 p.
2714 5698 2850 5760 n,P.
2880 5699 2971 5764 49,
2999 5714 3029 5753 e
3057 5713 3169 5769 quo
3185 5698 3398 5753 exseri-

1826 5779 2063 5833 bendum
2121 5768 2332 5830 curavit
2392 5781 2446 5828 et
2490 5768 2648 5826 nobis
2687 5770 2993 5823 transmisit
3042 5768 3395 5824 D'llenricus

1829 5847 2151 5918 Deuzinger,
2184 5841 2676 5913 Wirceburgeusis.
2714 5838 2872 5895 Eutr.
2906 5839 3077 5894 Pun.

3111 5931 3156 5995 Β
