3966 6514
534 399 604 453 ιδ
1807 398 2049 456 IULIUS
2096 398 2509 458 AFRICANUS.
3692 410 3765 463 ιι

535 518 678 574 Sane
703 518 981 590 Origenes,
1012 535 1127 591 pag.
1164 520 1270 575 2-14
1305 521 1545 591 epistolte
1568 520 1633 575 de
1660 520 1912 576 Susanna
1942 522 2088 576 Alri-
2118 530 2164 586 Α
2191 524 2252 579 S.
2296 523 2584 587 Trinitate,
2628 521 2705 577 De
2737 522 3150 591 circumcisione,
3186 524 3260 578 De
3300 523 3503 592 Attalo,
3538 523 3618 580 De
3652 526 3769 581 Pa-

531 628 729 666 cannm
763 613 967 675 laudat,
1004 621 1062 669 ut
1099 612 1295 677 πολλὰς
1328 612 1605 685 διατριϐὰς
1650 613 1839 684 ἔχοντα
1873 616 1929 667 ἐν
1973 618 2089 680 ταῖς

528 702 805 768 ὲξετάσεσι
845 708 938 759 καὶ
970 705 1215 777 μελέταις
1242 708 1337 777 τῆς
1364 706 1602 777 Γραφῆς.
1676 706 1741 760 Et
1764 705 1938 760 Julius
1967 708 2089 776 qni-

529 797 652 849 dam
697 797 927 851 subinde
971 798 1023 850 in
1051 797 1269 851 Catenis
1298 797 1516 863 citatur,
1553 807 1606 852 et
1629 797 1682 851 in
1716 797 1920 851 Catena
1946 797 2086 851 Cor-

526 886 745 941 deriana
776 887 830 941 in
859 886 1120 941 Joannem
1151 896 1375 942 vocatur
1401 886 1577 941 Julius
1604 887 1908 956 episcopus.
1943 886 2087 941 Lau-

527 981 686 1035 datur
744 981 907 1034 etiam
960 978 1085 1034 Julii
1139 980 1562 1035 commentarius
1624 980 1678 1034 in
1733 977 1995 1035 Joannem
2053 997 2081 1033 a

527 1073 673 1127 Mosa
722 1072 1027 1143 Barccpha,
1089 1072 1260 1142 Syro,
1316 1072 1383 1127 de
1438 1070 1707 1141 paradiso.
1770 1069 1850 1143 [ln
1883 1070 2084 1127 Nicette

526 1163 731 1219 Catena
757 1165 870 1219 sive
920 1164 1122 1234 sylloge
1176 1164 1528 1233 interpretum
1576 1163 1776 1233 Evang.
1816 1163 1975 1219 Lucae
2014 1180 2081 1219 ex

522 1255 777 1309 Africano
808 1257 1052 1325 quaedam
1082 1270 1200 1310 esse
1231 1265 1504 1325 excerpta,
1534 1256 1608 1309 ait
1640 1254 1992 1310 Montfaucon
2022 1257 2078 1311 in

525 1345 781 1401 Biblioth.
817 1347 1172 1413 Coisliniana,
1209 1362 1330 1416 pag.
1351 1346 1462 1417 65.]
1496 1344 1697 1402 Confer
1729 1345 1883 1400 Pauli
1916 1346 2080 1401 Colo-

520 1440 677 1493 mesii
714 1440 780 1493 de
820 1439 1177 1509 scriptoribus
1219 1439 1602 1494 ecclesiasticis
1640 1438 2074 1510 Paralipomena.

589 1531 664 1585 De
698 1531 920 1601 epistola
952 1533 1021 1585 ad
1053 1530 1325 1602 Origencm
1363 1533 1560 1601 scripta
1591 1532 1656 1587 de
1686 1531 1949 1586 Susanna:
1996 1532 2049 1586 hi
2061 1561 2077 1573 -

516 1624 683 1677 storia
727 1632 779 1678 et
811 1623 1057 1694 Origenis
1094 1623 1161 1678 ad
1192 1622 1509 1679 Africanum
1545 1624 1923 1693 responsione,
1953 1640 2077 1693 qua:

515 1712 699 1769 Graece
729 1723 781 1768 et
810 1714 999 1769 Latine
1032 1722 1230 1778 exstat,
1258 1715 1462 1769 dictum
1495 1722 1580 1769 est
1610 1714 1824 1769 abunde
1868 1715 1925 1769 in
1952 1728 2073 1782 cap.

512 1807 578 1862 de
604 1806 1015 1878 Origene'(l5).
1062 1807 1363 1863 Meminere
1414 1806 1558 1861 illius
1607 1805 1805 1861 Euseb.
1855 1820 1932 1869 v1,
1983 1806 2073 1871 5i,

2191 616 2346 680 scha,
2382 614 2455 669 De
2485 613 2714 669 Sabbato
2736 655 2751 680 ,
2782 615 2965 671 nullus
2998 624 3272 679 veterum,
3314 615 3459 686 quod
3502 616 3759 688 equidem

2191 710 2382 772 sciam,
2416 718 2827 766 commemorat.

2258 797 2636 853 Commentum
2678 799 2976 854 absurdum
3026 798 3094 852 de
3130 798 3313 853 Abdiae
3338 797 3651 871 Babylonici
3694 801 3765 855 lt-

2186 887 2299 942 bris
2349 902 2417 943 ex
2464 886 2733 943 llebraico
2784 905 2879 957 per
2926 887 3269 957 Eutropium,
3323 891 3511 946 nescio
3567 906 3761 962 quem,

2185 978 2386 1043 Grzece,
2431 990 2591 1049 atque
2639 980 2762 1035 inde
2808 996 2839 1034 a
2865 978 3009 1034 Julio
3042 979 3530 1037 AfricanoLatine
3559 984 3756 1049 versis,

2181 1079 2235 1123 et
2263 1086 2384 1139 qua:
2425 1071 2479 1124 in
2517 1071 2687 1126 Abdia
2722 1071 2839 1140 ipso
2873 1072 2967 1126 lib.
2997 1088 3071 1136 vt,
3110 1088 3230 1142 cap.
3259 1074 3349 1140 20,
3380 1076 3449 1130 de
3477 1074 3757 1142 Cratonis,

2180 1160 2431 1230 discipuli
2463 1162 2851 1230 apostolorum,
2882 1162 3032 1215 libris
3063 1163 3238 1216 decem
3282 1174 3496 1218 actuum
3542 1181 3756 1236 aposto-

2180 1254 2427 1317 licorum,
2444 1269 2539 1323 per
2560 1252 2762 1308 Julium
2788 1254 3107 1309 Africanum
3130 1254 3320 1310 Latine
3346 1257 3645 1317 translatis.
3676 1260 3755 1314 le-

2179 1354 2399 1413 guntur,
2439 1345 2697 1413 rejectum
2737 1360 2767 1399 a
2802 1360 2885 1399 me
2912 1346 3115 1409 videre,
3156 1348 3201 1401 si
3236 1347 3372 1401 tanti
3405 1356 3508 1413 est,
3542 1348 3669 1404 licet
3696 1350 3751 1404 in

2176 1436 2373 1491 Codice
2405 1436 2718 1506 apocrypho
2752 1435 2888 1490 Novi
2916 1436 3156 1493 Testam.
3194 1449 3333 1506 part.
3369 1453 3429 1493 ιι.

2245 1523 2449 1578 Julinm
2502 1536 2750 1581 nostrum
2793 1525 3135 1592 Africanum,
3169 1526 3444 1582 Castorum
3490 1537 3544 1584 et
3578 1529 3749 1585 Chro-

2175 1616 2397 1685 ttOIOgttB
2434 1617 2786 1686 scriptorem,
2837 1618 2890 1671 in
2946 1618 3052 1672 duo
3084 1619 3169 1674 vel
3218 1628 3327 1674 tres
3382 1630 3576 1689 praeter
3629 1638 3749 1677 rem

2173 1706 2486 1761 distrahunt
2516 1707 2618 1761 viri
2650 1707 2814 1761 docti.
2852 1706 2909 1761 In
2945 1709 3102 1779 longe
3139 1709 3318 1778 plures
3360 1719 3540 1764 autem
3568 1708 3753 1767 Hend-

2174 1797 2412 1852 reicbius
2441 1798 2493 1851 in
2512 1796 2790 1852 Pandectis
2806 1799 3549 1872 Brandenburgicis.——Fuere
3567 1812 3748 1859 tamen

514 1895 689 1963 Hist.;
719 1896 1078 1967 Hieronymus
1117 1898 1172 1951 in
1215 1896 1491 1967 Catalogo,
1535 1911 1655 1966 cap.
1686 1896 1785 1962 65;
1820 1895 2068 1960 Pbotius,
2105 1910 2146 1968 Β
2175 1904 2206 1943 a
2250 1899 2438 1943 nostro
2500 1890 2742 1946 distincti
2779 1909 2793 1946 :
2848 1891 2901 1945 1.
2937 1890 3117 1945 Julius
3172 1894 3481 1962 Africanus,
3538 1905 3746 1961 orator,

511 1988 633 2041 rod.
661 2003 862 2052 xxxrv;
898 1987 1231 2058 Nicephorus
1252 2004 1316 2052 'v,
1344 1988 1434 2054 2i,
1467 1997 1521 2043 et
1551 1986 1750 2044 Suidas
1792 1988 1848 2043 in
1882 1988 2068 2057 Ἄρρι-

509 2082 691 2146 κανίς
720 2097 781 2136 ac
808 2080 1117 2135 Σωσάννα.
1141 2113 1213 2122 -
1243 2081 1408 2153 [edita
1437 2089 1521 2136 est
1547 2081 1693 2136 illius

579 2172 821 2242 Epistula
870 2174 937 2226 ad
988 2174 1263 2244 Origenem
1308 2176 1371 2228 de
1420 2173 1697 2241 Susanna,
1747 2192 1868 2229 cum
1915 2176 2068 2230 initio

508 2264 854 2330 responsionis
881 2262 1143 2333 Origenis,
1168 2263 1350 2319 Graece
1375 2279 1470 2333 per
1495 2264 1632 2318 Dan.
1666 2264 2065 2333 lloeschelium,

505 2369 627 2407 cum
666 2353 887 2407 Adriani
937 2353 1150 2423 lsagoge
1190 2355 1243 2407 in
1291 2370 1474 2408 sacras
1510 2354 1765 2422 Litteras,
1812 2357 2069 2426 Augustas

504 2442 768 2498 Vindelic.
803 2445 961 2509 1602,
989 2445 1021 2497 ιι
1043 2463 1056 2510 ;
1076 2476 1145 2485 --
1167 2453 1221 2499 et
1250 2460 1373 2499 cum
1407 2446 1762 2514 responsione
1794 2445 2064 2517 Origenis,

504 2536 598 2593 Gr.
636 2545 689 2592 et
711 2535 833 2591 Lat.
869 2550 990 2591 cum
1024 2536 1168 2589 nmis
1198 2533 1246 2588 J.
1279 2535 1545 2605 lludolphi
1602 2535 1907 2604 Wctstenii,
1939 2554 2064 2594 cum

502 2626 749 2698 Origenis
776 2626 991 2696 dialogo
1020 2636 1202 2680 contra
1233 2624 1598 2680 Marcionitas.
1632 2625 1795 2681 Basil.
1824 2626 1979 2695 1674,
2008 2629 2062 2694 4,

500 2733 623 2787 pag.
652 2715 985 2771 220.——Pars
1012 2717 1254 2785 epistolae
1274 2713 1521 2786 Origenis
1546 2718 1617 2771 ad
1643 2716 1956 2773 Africanum
1983 2729 2067 2775 est

502 2814 554 2865 in
586 2810 708 2865 cod.
735 2810 961 2865 Coislin.
992 2808 1135 2874 XXI,
1168 2810 1294 2864 olim
1322 2807 1695 2872 CCXXXVIII,
1732 2820 1866 2867 teste
1889 2810 2064 2867 Mont-

498 2901 697 2957 faucon
732 2902 785 2954 in
815 2900 954 2956 Bibl.
980 2900 1233 2961 Coislin.,
1274 2916 1394 2971 pag.
1428 2899 1517 2955 65.
1553 2898 1747 2973 ΗΑιιι..]

566 2993 648 3047 Ex
690 2992 911 3062 epistola
953 2991 1021 3045 ad
1054 2993 1363 3055 Aristidem,
1393 3008 1500 3061 qua
1533 2992 1769 3048 Matthtei
1812 3002 1866 3048 et
1900 2993 2063 3052 Luca:

494 3087 839 3140 narrationes
870 3084 933 3137 de
958 3083 1258 3155 genealogia
1287 3084 1485 3139 Christi
1512 3085 1652 3139 inter
1680 3100 1737 3139 se
1766 3086 2064 3141 concilian-

500 3188 607 3246 tur,
635 3177 841 3247 proiert
862 3177 1121 3230 nonnulla
1152 3174 1420 3232 Eusebius
1449 3177 1543 3231 lib.
1574 3192 1587 3229 ι
1612 3175 1844 3244 Histor.,
1870 3194 1984 3249 cap.
2005 3178 2061 3247 7,

496 3280 658 3340 atque
690 3286 755 3325 ex
794 3269 886 3323 illo
919 3268 1257 3339 Nicephorus
1288 3269 1382 3323 lib.
1417 3285 1454 3332 ι,
1492 3285 1614 3339 cap.
1642 3270 1702 3324 11
1737 3287 1846 3341 sq.,
1878 3280 1931 3327 et
1956 3273 2060 3327 Ca-
2086 3266 2129 3325 C

496 3374 619 3417 tena
648 3378 753 3416 ms.
801 3362 855 3414 in
883 3360 1083 3416 Lucam
1120 3360 1261 3430 apud
1299 3359 1659 3416 ’Lambecium
1694 3378 1776 3428 ιιι,
1809 3379 1931 3433 pag.
1965 3365 2055 3431 62,

494 3453 619 3508 licet
674 3452 1018 3507 traditionem
1074 3451 1143 3506 ab
1183 3452 1439 3506 Africano
1472 3452 1524 3506 in
1557 3453 1648 3507 illa
1682 3454 1906 3522 epistola
1942 3457 2061 3511 lau-

494 3546 674 3600 datam
706 3558 802 3614 pro
831 3550 1083 3612 suspecta
1119 3542 1315 3596 habeat
1345 3542 1671 3611 Dodwellus,
1702 3560 1830 3615 pag.
1860 3546 1948 3615 58,
1968 3548 2059 3603 .ad

494 3636 777 3692 Irenaeum.
820 3634 1029 3689 Laudat
1068 3633 1215 3687 illam
1244 3635 1528 3704 epistolam
1560 3634 1830 3692 Eusebius
1865 3639 2059 3694 iterum

492 3746 568 3795 vt,
598 3730 687 3795 31,
722 3743 784 3783 ac
813 3737 1008 3798 prteter
1034 3726 1445 3798 Hieronymum,
1469 3727 1834 3799 Pbotiumque
1871 3746 1935 3786 ac
1964 3730 2059 3786 Ni-

493 3822 787 3891 cephorum
813 3838 865 3887 v,
885 3820 976 3888 2i,
1003 3820 1343 3890 Augustinus
1400 3836 1463 3887 ιι,
1495 3820 1547 3887 7,
1577 3819 2054 3877 Retractationum.

563 3913 958 3986 [Scriptoribns
997 3914 1090 3984 qui
1124 3914 1190 3968 de
1215 3912 1453 3968 Africani
1490 3914 1599 3968 vita
1642 3924 1695 3970 et
1724 3913 1849 3971 fatis
1890 3931 2059 3986 expo-

492 4016 719 4063 suerunt
764 4006 1210 4060 annumerandns
1265 4014 1349 4060 est
1374 4004 1672 4061 Gallandus
1723 4006 1776 4060 in
1805 4006 2053 4080 Prolegg.

489 4099 557 4155 ad
595 4100 846 4153 Biblioth.
880 4098 1056 4163 Patr.,
1092 4108 1131 4154 t.
1166 4097 1244 4163 ll,
1277 4114 1326 4154 c.
1353 4099 1443 4163 26,
1506 4114 1561 4169 p.
1591 4116 1774 4154 xxxvii
1823 4116 1930 4170 sq.,
1962 4101 2056 4170 qui

488 4200 539 4246 et
568 4192 747 4247 omnia
776 4190 1237 4261 Chronograpbize
1262 4190 1381 4260 ejus
1414 4190 1735 4260 fragmenta,
1766 4208 1885 4262 qua:
1914 4193 2058 4263 apud

486 4282 804 4347 Eusebium,
830 4281 1113 4349 Basilium,
1148 4282 1456 4354 Syncellum
1491 4294 1543 4338 et
1575 4284 1712 4338 alios
1738 4294 2054 4349 occurrunt,

482 4376 639 4446 }nxta
668 4375 913 4430 ordinem
954 4374 1217 4430 librorum
1251 4376 1365 4430 sive
1388 4390 1488 4445 pro
1513 4385 1815 4445 temporum
1848 4376 2056 4430 ratione

487 4466 718 4536 digesta.
757 4483 864 4522 una
896 4483 1018 4523 cum
1064 4467 1287 4537 epistola
1326 4467 1394 4521 ad
1429 4468 1704 4538 Origenem
1738 4469 1801 4521 de
1828 4468 2053 4522 historia

2172 1994 2331 2049 quem
2363 1980 2794 2045 concitatiorem,
2821 1982 2915 2037 sed
2952 1984 3005 2036 in
3034 1999 3166 2038 cura
3192 1985 3483 2041 verborum
3516 1989 3746 2045 cimium

2171 2081 2225 2127 et
2253 2071 2648 2141 compositione
2678 2087 3071 2141 nonnunquam
3110 2073 3435 2143 longiorem,
3467 2091 3533 2130 ac
3562 2085 3744 2133 trans-

2172 2162 2464 2218 lationibus
2499 2179 2690 2233 parum
2728 2162 3002 2218 modicum
3035 2163 3225 2228 fuisse,
3263 2166 3452 2220 scribit
3488 2167 3750 2233 Quincti-

2171 2252 2348 2306 lianus
2376 2268 2430 2317 χ,
2462 2254 2613 2319 1;-
2633 2253 2689 2307 2.
2721 2253 2955 2308 oratoris
3008 2269 3194 2324 nepos,
3222 2254 3400 2309 Julius
3433 2257 3745 2326 Africanus,

2168 2345 2235 2398 de
2273 2358 2381 2414 quo
2421 2342 2632 2399 Plinius
2666 2360 2763 2408 vn,
2789 2346 2853 2411 6,
2877 2344 3151 2415 Epist.;—
3182 2346 3235 2399 5.
3267 2344 3458 2401 Sextus
3496 2346 3746 2403 Otacilius

2170 2433 2818 2505 Africanus,jnriscons.,
2840 2446 2892 2491 et
2923 2437 3058 2492 alter
3083 2438 3289 2508 junior,
3313 2439 3596 2511 Papiniani
3631 2443 3746 2498 dis-

2171 2525 2421 2594 cipulus,
2457 2526 2525 2581 de
2552 2526 2750 2596 quibus
2780 2527 2891 2581 dixi
2927 2528 2981 2582 in
3006 2528 3337 2584 Bibliotheca
3368 2531 3586 2586 Latina.
3604 2533 3743 2587 Illud

2166 2629 2295 2669 vero
2324 2616 2583 2685 lepidum,
2617 2617 2762 2687 quod
2791 2618 3108 2674 Africanum
3140 2630 3381 2691 poetam,
3416 2638 3641 2687 caecum,
3668 2624 3741 2678 ab

2165 2705 2342 2761 Ennio
2367 2709 2665 2775 laudatum,
2684 2712 2947 2781 exsculpit
2964 2710 3354 2770 Hendreicbius
3382 2731 3448 2770 ex
3473 2715 3741 2771 Lactantii

2164 2799 2258 2854 lib.
2293 2801 2592 2859 tlnstitutt.
2622 2805 2870 2873 divinam,
2907 2822 3026 2875 cap.
3051 2807 3138 2874 18,
3168 2824 3291 2863 cum
3321 2809 3395 2864 ibi
3420 2796 3743 2867 Lactantius

2165 2894 2356 2949 aﬂ‘erat
2388 2895 2786 2963 versus-Ennii,
2820 2898 3020 2967 quibus
3054 2899 3284 2969 loquens
3317 2902 3593 2959 inducitur
3620 2902 3743 2960 Sci-

2163 2987 2253 3057 pio
2283 2987 2610 3056 Africanus,
2650 2990 2975 3060 jactansque
3018 2992 3200 3048 clades
3256 2995 3441 3064 generi
3496 2996 3743 3053 humano

2164 3093 2196 3133 a
2226 3094 2284 3133 se
2315 3080 2493 3135 illatas
2512 3121 2528 3146 ,
2562 3081 2711 3136 hisce
2739 3081 2949 3136 verbis:

2234 3192 2298 3248 Si
2328 3194 2412 3263 fas
2432 3194 2691 3268 partiendo
2725 3195 3236 3268 mlestiascandorc
3266 3198 3513 3268 cuiquam
3544 3215 3624 3256 est
3643 3242 3659 3267 ,

2422 3263 2498 3317 Mi
2538 3265 2638 3319 soli
2678 3268 2793 3320 caeli
2832 3267 3065 3321 maxima
3102 3278 3254 3337 porta
3290 3263 3456 3337 patet.

2164 3375 2373 3443 Quibus
2403 3377 2599 3434 deinde
2634 3378 2951 3437 Lactantius
2994 3382 3273 3454 subjungit
3302 3399 3315 3435 :
3352 3382 3641 3454 0‘qnantis
3676 3386 3739 3441 in

2163 3469 2422 3534 tenebris,
2468 3472 2754 3541 Africane,
2811 3486 3048 3527 versatus
3098 3490 3171 3538 es,
3225 3474 3303 3528 vel
3354 3477 3528 3545 potius
3578 3490 3737 3547 pacta

2162 3560 2423 3633 (Ennii),
2469 3565 2560 3634 qui
2600 3582 2691 3633 per
2730 3567 2895 3620 caedes
2931 3575 2979 3620 et
3015 3568 3321 3637 sanguinem
3354 3579 3532 3637 patere
3561 3572 3739 3623 homi-

2160 3654 2311 3708 nibus
2343 3656 2651 3711 adscensum
2684 3658 2739 3712 in
2769 3658 2954 3713 caelum
2984 3670 3161 3730 putas.
3216 3658 3492 3717 Hactenus
3534 3661 3734 3717 Fabri-

2160 3745 2295 3800 cius.
2328 3744 2500 3801 ΗΑιιι..

2229 3836 2445 3893 Claudit
2499 3838 2875 3895 collectionem
2922 3840 3389 3899 Thevenotianam
3436 3854 3732 3912 tractatus,

2158 3927 2483 3985 Casaubono
2519 3930 2725 4000 pridem
2761 3931 2827 3985 ad
2858 3931 3142 4003 Polybium
3178 3944 3232 3989 et
3257 3934 3487 3991 Aineam
3521 3937 3731 4005 lectus,

2159 4030 2319 4091 atque
2370 4023 2423 4076 in
2471 4021 2765 4079 Barberina
2815 4024 3044 4094 aliisque
3132 4025 3473 4083 bibliothecis
3540 4029 3739 4084 obvius

2159 4114 2292 4188 [vid.
2325 4116 2571 4170 notitiam
2592 4115 2839 4171 codicum
2872 4132 3037 4187 supra
3066 4117 3297 4191 datam],
3330 4129 3492 4190 atque
3522 4136 3552 4173 a
3575 4118 3735 4173 Pari-

2158 4207 2430 4263 siensibus
2460 4207 2644 4263 itidem
2672 4206 2857 4262 Graece
2886 4218 3097 4263 tantum
3131 4208 3312 4264 editus
3343 4210 3409 4265 de
3442 4210 3735 4265 obsidione

2158 4299 2435 4355 toleranda
2483 4306 2538 4354 et
2583 4299 2911 4368 repellenda,
2964 4301 3146 4356 nescio
3197 4302 3355 4371 cujus
3406 4302 3731 4372 scriptoris,

2157 4393 2274 4454 sed,
2319 4401 2377 4445 ut
2404 4390 2641 4458 videtur,
2673 4390 2999 4457 Christiani,
3035 4392 3136 4447 sub
3172 4392 3326 4447 titulo
3356 4409 3369 4445 :
3402 4394 3588 4458 Ὅπως
3618 4392 3732 4465 χρὴ

2155 4481 2246 4535 τὸν
2270 4482 2371 4553 τῆς
2400 4482 2859 4553 πολιορκουμένης
2894 4483 3099 4546 πόλεως
3137 4484 3437 4555 στρατηγὸν
3464 4484 3600 4555 πρὸς
3629 4485 3736 4557 τὴν

491 4559 771 4623 Snsanme,
789 4559 1147 4631 Origenisque
1172 4560 1544 4630 responsione,
1562 4562 1800 4631 itemque
1814 4561 2054 4631 epistola:

2171 4574 2470 4646 πολιορκίαν
2515 4573 2929 4628 ἀντιτάσσεσθαι
2979 4574 3221 4645 (16),καὶ
3272 4576 3401 4638 οἵοις
3442 4576 3734 4645 ἐπιτηδεύ-

488 4650 555 4705 ad
574 4651 864 4707 Aristidem
892 4651 1137 4723 ρήσείιιι)
1152 4651 1385 4706 Eusebio
1403 4661 1638 4715 servata,
1662 4652 1835 4709 eidem
1850 4652 2053 4707 Biblio-

488 4744 648 4798 theca:
677 4760 788 4798 suae
815 4744 961 4798 to‘mo
1005 4744 1129 4797 inde
1169 4759 1199 4799 a
1229 4760 1350 4816 pag.
1378 4743 1615 4800 539-576
1650 4745 1898 4809 inseruit,
1933 4744 2054 4800 bis-

486 4850 592 4905 que
630 4833 950 4905 fragmentis
975 4833 1186 4902 Proleg.
1230 4851 1283 4903 p.
1309 4851 1395 4889 xu
1439 4835 1584 4890 aliud
1622 4836 1803 4891 adhuc
1844 4836 2053 4892 addidit

485 4940 551 4979 ex
578 4924 774 4981 Euseb.
803 4925 1054 4995 PrOphet.
1086 4925 1269 4996 Eclog.
1312 4928 1375 4980 de
1409 4926 1618 4981 Christo
1650 4929 1829 4983 adhuc
1860 4928 2047 4983 inedit.

486 5016 580 5070 lib.
619 5031 702 5081 ιιι,
747 5031 868 5086 cap.
909 5016 1032 5078 ult.,
1074 5016 1478 5086 depromptum,
1511 5024 1567 5070 et
1605 5032 1635 5070 a
1665 5015 1959 5072 Lambeeio
1995 5017 2050 5071 in

485 5103 777 5162 Comment.
806 5108 869 5161 de
892 5106 1019 5161 bibl.
1051 5106 1364 5172 Vindobon.,
1393 5108 1430 5162 ι.
1459 5125 1493 5172 ι,
1519 5106 1697 5177 9.Ξὸιῦ
1712 5108 2048 5172 ed.Kollar.,

484 5197 540 5253 in
573 5196 746 5251 lucem
772 5198 1006 5266 primum
1029 5208 1387 5268 protractum.
1427 5200 1559 5255 Acta
1591 5208 1771 5254 autem
1803 5203 2049 5270 martyrii

484 5296 687 5341 sancta:
729 5286 1109 5360 Sympliorosse
1153 5290 1370 5344 exhibet
1419 5291 1661 5359 ejusdem
1699 5290 2048 5355 Bibliotheca,

486 5386 525 5429 t.
558 5375 599 5440 l,
636 5392 687 5445 p.
713 5378 837 5432 329.
882 5378 1171 5449 [namss]

466 5489 472 5501 ι
554 5466 686 5534 Qua:
722 5466 773 5522 J.
803 5467 1135 5527 Tritltemius
1171 5471 1240 5525 ab
1262 5471 1518 5527 Africano
1555 5474 1753 5543 scripta
1780 5474 1944 5528 refent
1976 5473 2049 5529 De

484 5658 667 5783 PA(l5)
702 5658 838 5715 Vide
868 5670 999 5716 tom.
1043 5662 1148 5727 XI,
1190 5665 1436 5733 proxime
1494 5673 1828 5733 sequentem.
1886 5666 2042 5720 Eutr.

566 5746 654 5782 ra.

524 5744 663 5879 Ἢὲ)
701 5793 801 5879 Est
825 5801 1438 5879 vocabulnmmilitare,
1454 5802 1641 5858 Jacobi
1662 5819 1733 5867 tv,
1762 5804 2046 5879 6.Plutar-

478 5868 616 5930 chus
642 5868 955 5940 in'Pyrrho,
995 5883 1128 5927 tom.
1164 5874 1208 5928 ll
1247 5875 1376 5933 edit.
1406 5877 1607 5943 Oxon.,
1638 5889 1764 5947 pag.
1791 5875 1917 5943 466,
1952 5878 2047 5929 ἀν·

2160 4684 2293 4738 μασι
2338 4665 2540 4737 ταύτην
2587 4665 3009 4738 ἀποκρούεσθαι,
3044 4683 3182 4738 pag.
3212 4666 3471 4732 546—350,
3514 4679 3568 4722 et
3599 4683 3728 4738 pag.

2158 4760 2225 4814 36
2238 4764 2251 4813 I
2264 4758 2415 4813 4664.

2225 4851 2268 4905 Ε
2294 4850 2550 4922 Polybie,
2595 4849 2849 4914 Arriano,
2882 4848 3133 4921 Polyaeno
3174 4857 3229 4904 et
3268 4848 3456 4903 Flavio
3489 4845 3734 4917 Josepho

2155 4945 2410 5013 pleraque
2438 4942 2507 4996 ad
2534 4942 2757 4996 verbum
2781 4942 3157 5011 descripsisse,
3187 4940 3299 5011 jam
3333 4941 3400 4995 ab
3426 4939 3733 4996 editoribus

2154 5037 2471 5092 adnotatum
2502 5043 2606 5089 est.
2654 5034 3009 5088 Archimedes
3040 5033 3348 5103 εὐμήχανον
3383 5031 3574 5101 σοφίαν
3606 5031 3733 5085 lau-

2152 5127 2280 5193 dat,
2322 5143 2446 5197 pag.
2472 5126 2598 5192 319,
2640 5126 2744 5180 326
2777 5142 2860 5195 sq.
2913 5125 3033 5178 Non
3078 5126 3236 5179 valde
3276 5124 3560 5193 antiquum
3606 5139 3736 5178 esse

2153 5228 2323 5289 patet,
2363 5218 2509 5288 quod
2560 5234 2682 5287 pag.
2715 5216 2820 5271 523
2847 5214 3145 5284 Josepbum
3186 5224 3435 5271 accenset
3477 5216 3587 5278 τοῖς
3621 5230 3735 5265 πα-

2152 5310 2340 5373 λαιοῖς.
2395 5308 2461 5362 Et
2494 5308 2696 5363 lleroni
2736 5306 2895 5361 tertio
2929 5306 3094 5359 tribui
3135 5305 3190 5359 in
3225 5306 3412 5360 codice
3448 5302 3737 5358 Vindobo-

2154 5402 2325 5467 nensi,
2353 5401 2465 5470 jam
2491 5416 2655 5470 supra
2682 5399 2816 5462 disi,
2850 5398 2875 5468 §
2913 5396 3019 5451 VII.
3056 5396 3204 5467 [Vid.
3242 5396 3493 5451 Lambec.
3522 5405 3575 5449 et
3597 5393 3737 5448 Κοι-

2152 5491 2251 5545 lar.
2283 5506 2359 5543 vn
2394 5488 2684 5543 Contmcnt.
2735 5485 2799 5539 de
2842 5486 2968 5538 bibl.
2998 5483 3225 5539 Cwsar..
3267 5499 3390 5553 pag.
3416 5482 3541 5535 451.
3574 5480 3735 5534 Afri-

2150 5665 2467 5736 τιτὰξασθαι
2489 5664 2614 5736 ⁵μὲν
2658 5666 3024 5736 ἐφοϐήθησαν,
3058 5666 3113 5717 in
3148 5660 3620 5736 acianprocedere
3654 5660 3735 5713 ti-

2152 5745 2412 5809 muerunt.
2452 5729 2633 5804 [Coan
2666 5729 2840 5790 Krebs
2885 5729 3039 5809 Olus.
3090 5732 3256 5809 in_N.
3294 5729 3353 5784 T.
3388 5748 3429 5809 _e
3473 5729 3735 5809 losepmi,

2151 5822 2273 5875 pag.
2298 5804 2425 5866 222,
2454 5801 2519 5856 ‘et
2559 5820 2679 5872 qua:
2709 5821 2806 5875 ego
2841 5804 3026 5859 notavi
3067 5804 3131 5856 ad
3161 5801 3542 5857 Demosthenis
3582 5808 3733 5859 orat.

2153 5877 2231 5932 De
2256 5891 2468 5943 corona,
2506 5889 2624 5945 cap.
2650 5875 2738 5942 88,
2778 5891 2899 5948 pag.
2934 5874 3061 5933 547.
3094 5871 3262 5926 Haut.
