3966 6516
208 430 277 491 19
1685 432 1769 487 ΝΟ

1880 430 1981 485 'IA.
3390 424 3461 484 εο

205 548 339 609 Item
374 569 408 605 a
458 551 689 607 Liminio
737 563 789 609 et
838 556 1089 611 Catulino
1142 572 1303 627 usque
1336 557 1393 609 in
1448 554 1769 609 consulatum

1886 554 1975 607 bet
2004 570 2016 605 :
2046 553 2219 606 Μόνον
2242 551 2398 621 ῐσμεν
2438 548 2760 622 Ἀφρικανὸν
2786 548 3173 619 ἀκριϐέστατα,
3204 548 3295 599 καὶ
3328 547 3465 615 μᾶλ-

207 646 505 700 Μαιηει-εἱηὶ
531 656 580 700 et
615 645 846 703 Nevittw
874 646 1133 704 CONSS.
1163 648 1289 701 anni
1312 645 1493 703 XIII.

424 755 522 810 Fit
552 759 607 810 in
634 774 840 814 summa
866 760 1035 814 omnis
1066 761 1191 814 anni
1234 756 1559 814 VDCCCLI.

260 870 497 927 Errores
528 872 678 942 ipsos
714 873 1230 943 reprmsentavimus
1272 888 1403 928 sane
1444 869 1777 925 foedissimos

199 963 593 1032 imperitissimi
642 964 877 1018 librarii.
928 963 1038 1019 Nec
1076 965 1222 1019 enim
1265 970 1424 1018 vacat
1465 964 1778 1031 impraesen-

196 1055 393 1108 tiarum
449 1056 557 1109 alia
612 1056 873 1110 adnotare
897 1070 1227 1125 quam'qute
1272 1053 1475 1108 faciant
1506 1052 1572 1106 ad
1608 1052 1773 1117 illam,

194 1164 291 1219 qua
350 1147 423 1203 de
474 1148 726 1219 agimus,
782 1163 1031 1203 causam.
1082 1146 1217 1201 Illud
1263 1146 1447 1214 itaque
1492 1145 1547 1199 in
1586 1142 1777 1213 primis

195 1249 408 1295 constat
454 1256 488 1295 e
538 1240 792 1312 Syncello
826 1241 974 1311 (19),
1003 1255 1207 1294 annum
1244 1239 1417 1309 ipsum
1463 1252 1573 1307 quo
1609 1236 1777 1291 Chro-

198 1334 345 1385 nicon
386 1348 550 1387 suum
592 1332 904 1387 terminavit
946 1329 1272 1395 Africanus,
1326 1327 1496 1382 fuisse
1541 1327 1774 1391 primum

200 1422 403 1493 Olymp.
439 1439 559 1488 ccc,
590 1439 700 1492 quo
726 1422 889 1477 fuerit
932 1422 1136 1477 archon
1175 1420 1455 1483 Philenus,
1502 1416 1777 1488 Elagabali

198 1530 255 1568 ιιι
283 1530 434 1568 coss.
461 1512 631 1568 Grato
654 1524 710 1567 et
746 1512 992 1577 Seleuco,
1021 1528 1050 1567 a
1075 1511 1266 1581 primis
1314 1511 1576 1564 nimirum
1621 1523 1766 1563 coss.

193 1619 284 1670 pro
311 1601 562 1656 Africani
591 1603 916 1668 rationibus,
942 1602 1155 1657 vitiosis
1177 1610 1355 1656 tamen
1385 1600 1513 1663 illis,
1546 1614 1774 1653 nccxxv.

191 1692 281 1748 Ha:
308 1704 454 1748 nota:
484 1710 689 1748 annum
720 1694 922 1749 Christi
967 1695 1255 1765 designant
1293 1709 1482 1758 ccxxr,
1526 1707 1625 1762 pro
1654 1691 1773 1747 IEr.

189 1787 333 1855 vulg.
382 1784 504 1841 Hoc
548 1801 724 1855 usque
770 1786 934 1855 igitur
964 1785 1262 1841 Chronicon
1322 1801 1482 1840 suum
1528 1793 1639 1839 tam
1689 1799 1778 1838 ar-

186 1874 485 1929 chontibus
529 1888 695 1943 quam
730 1888 879 1929 coss.
932 1890 962 1928 a
1010 1874 1205 1945 primis
1239 1889 1414 1943 usque
1448 1875 1774 1930 archontum

185 1980 236 2021 et
253 1969 548 2023 consulum
575 1968 742 2024 initiis
760 1968 1077 2040 insignitum
1099 1968 1391 2024 deduxisse
1431 1969 1546 2038 ipse
1563 1968 1777 2022 videtur
1809 1958 1848 2012 Β

184 2058 501 2114 Africanus.
546 2060 613 2115 Et
638 2064 855 2131 quidem
888 2062 935 2115 si
979 2076 1077 2130 pro
1114 2061 1215 2114 hac
1245 2058 1420 2113 forma
1464 2044 1525 2113 et
1566 2058 1773 2127 reliqua

185 2152 514 2220 deduxerit,
567 2168 693 2208 cum
749 2154 908 2208 annis
960 2154 1121 2207 etiam
1183 2152 1574 2221 imperatorum
1624 2166 1768 2206 coss.

183 2244 324 2298 alios
357 2244 514 2297 illum
541 2244 900 2314 conjunxisse
930 2254 1357 2299 consentaneum
1388 2252 1491 2309 est,
1516 2257 1639 2297 cum
1673 2240 1776 2295 bos

186 2337 337 2405 ipsos
363 2350 513 2390 coss.
546 2350 673 2390 cum
703 2351 761 2389 Ill
788 2335 1049 2391 Antonini
1074 2333 1353 2407 Elagabali
1378 2350 1522 2390 anno
1544 2334 1776 2403 conjun-

188 2430 347 2483 xerit.
397 2426 673 2481 Nimirum
728 2442 932 2482 annum
975 2428 1129 2481 illum
1184 2428 1464 2495 intelligit,
1509 2442 1620 2481 non
1663 2441 1775 2495 quo

189 2522 569 2575 monarchiam
619 2519 926 2574 Alexander
961 2525 1189 2589 adeptus
1228 2528 1332 2583 est,
1381 2518 1474 2573 sed
1517 2531 1627 2587 quo
1664 2517 1774 2585 pri-

187 2626 338 2664 mum
371 2610 782 2681 adoptatus,est
809 2610 879 2665 ab
922 2609 1237 2681 Elagabalo,
1284 2618 1339 2664 et
1364 2609 1547 2664 Caesar
1572 2607 1771 2670 factus,

188 2710 235 2753 et
266 2700 467 2754 socius
492 2700 548 2753 in
579 2699 833 2769 imperio.
864 2719 884 2751 )
916 2698 1189 2755 Hactenus
1210 2698 1537 2754 Dodwellus.

251 2811 349 2867 IV.
400 2813 485 2867 Ex
518 2813 624 2867 hoc
669 2822 849 2867 autem
898 2812 1144 2868 Africani
1197 2826 1361 2883 opere
1413 2810 1510 2879 qui
1563 2810 1775 2879 primus

188 2903 561 2974 chronOIOgiae
600 2902 779 2958 fontes
818 2902 1108 2959 reclusisse
1143 2901 1497 2971 comperitur,
1528 2900 1621 2969 qui
1651 2908 1773 2968 post

190 2996 370 3063 ipsum
395 2994 632 3049 ﬂoruere
664 3004 871 3051 veteres
902 2996 1373 3064 chronographos,
1417 3002 1628 3046 tantum
1662 3006 1771 3045 non

187 3103 414 3147 omnes,
463 3095 526 3140 ut
561 3086 724 3141 modo
760 3084 1071 3152 iﬁnuimus,
1115 3084 1407 3139 Eusebium
1448 3084 1499 3136 in
1544 3082 1770 3152 primis,

190 3176 529 3248 Syncellum,
558 3175 804 3229 Chronici
835 3176 1116 3230 Paschalis
1154 3185 1454 3241 auctorem,
1486 3174 1571 3229 J0.
1602 3173 1773 3227 Mala-

189 3270 332 3332 lam,
373 3268 765 3338 Theophanem
828 3269 1117 3338 aliosque,
1174 3268 1423 3323 hausisse
1484 3267 1767 3336 complura

189 3372 349 3431 atque
373 3360 431 3414 in
464 3376 566 3415 sua
593 3362 794 3431 scripta
820 3362 1119 3427 derivasse,
1152 3364 1286 3419 satis
1315 3374 1518 3418 norunt
1546 3362 1764 3417 eruditi.

187 3451 389 3506 Eorum
442 3462 627 3507 tamen
672 3454 917 3523 plerique
959 3454 1053 3524 qui
1103 3455 1222 3509 loca
1273 3470 1339 3509 ex
1378 3454 1636 3508 Africano
1678 3452 1770 3506 de-

187 3548 552 3615 scripserunt,
582 3547 824 3600 auctoris
854 3562 1048 3601 nomen
1082 3546 1419 3617 praeteriere:
1450 3554 1506 3599 ut
1536 3544 1767 3615 proinde

187 3636 326 3691 haud
374 3638 548 3691 multa
589 3639 904 3707 supersint,
956 3654 1077 3708 quae
1120 3638 1534 3708 clironographo
1580 3645 1770 3692 nostro

189 3728 300 3783 sine
356 3730 469 3783 ulla
516 3729 893 3784 controversia
943 3729 1272 3784 tribuantur.
1319 3728 1610 3783 Maximam
1649 3728 1768 3797 ejus

188 3821 366 3889 operis
406 3819 841 3891 fragmentorum
872 3833 1079 3889 partem
1123 3822 1429 3891 suppeditat
1461 3820 1767 3891 Syncellus,

188 3914 386 3981 quibus
414 3914 625 3983 passim
661 3912 908 3968 Africani
947 3928 1146 3969 nomen
1186 3914 1571 3984 prietigendum
1608 3927 1769 3966 cura-

189 4005 285 4057 vit:
331 4021 509 4058 unum
550 4005 851 4059 alterumve
885 4006 1089 4069 locum,
1125 4014 1179 4060 et
1214 4006 1432 4075 quidem
1474 4004 1765 4073 insignem,

189 4106 471 4150 servarunt
519 4096 824 4161 Eusebius,
876 4096 1236 4169 Hieronymus
1282 4107 1445 4167 atque
1491 4095 1766 4159 Basilius;

189 4186 429 4241 Chronici
466 4204 689 4259 quoque
732 4189 1011 4243 Paschalis
1047 4200 1238 4244 auctor
1267 4190 1498 4259 paucula
1541 4186 1765 4257 profert.

189 4280 304 4336 Haec
326 4282 521 4350 itaque
541 4282 726 4335 omnia
751 4291 902 4336 certo
916 4281 1284 4348 Africaniana,
1331 4283 1385 4335 in
1404 4296 1572 4334 unum
1600 4278 1766 4334 colle-

189 4378 294 4434 cta,
342 4372 508 4440 juxta
560 4371 807 4425 ordinem
863 4372 1123 4427 librorum
1175 4374 1289 4428 sive
1314 4388 1411 4443 pro
1455 4382 1766 4442 temporum

188 4463 392 4516 ratione
431 4464 802 4533 digessimus:
847 4464 1069 4535 reliquis
1108 4465 1324 4519 interim
1362 4474 1545 4535 utpote
1584 4462 1766 4518 dubiis

189 4562 590 4616 praetermissis.

1880 645 1968 697 λον
1990 643 2139 715 παρὰ
2160 644 2285 707 τοὺς
2312 642 2531 706 λοιποὺς
2550 640 3013 711 ἐπιτετευγμένως
3040 638 3419 708 τεθεωρηκότα
3440 649 3459 667 ⁸

1879 736 1973 790 καὶ
2013 735 2074 807 δή
2123 751 2212 805 μοι
2236 735 2384 788 δοκεῖ
2413 735 2704 803 ἀναγκαῖον
2730 729 2886 795 εἶναι,
2920 730 3133 802 πρῶτον
3166 727 3330 782 αὐτοῦ
3358 726 3461 798 τὴν

1878 832 1959 893 είς
1988 830 2116 891 τοὺς
2148 828 2346 891 τόπους
2377 828 2626 898 διήγησιν
2660 828 2738 889 είς
2771 825 2932 896 μέσον
2961 825 3207 892 ἀγαγεῖν,
3242 819 3342 873 εἴθ’
3368 818 3465 872 οὒ·-

1876 939 1984 984 τως
2033 919 2451 989 ἐπισκέψασθαι,
2492 919 2545 971 εἴ
2590 937 2642 971 τι
2688 920 2797 990 ἄρα
2846 918 2939 972 καὶ
2984 916 3137 969 αὐτοὶ
3182 908 3460 982 δυνάμεθα.

1880 1011 2251 1082 συμϐαλέσθαι
2276 1012 2353 1082 τῷ
2382 1011 2542 1081 λόγῳ.
2563 1010 2769 1081 Γράφει
2789 1008 2853 1079 δὴ
2879 1002 2972 1061 οὖν
2998 1008 3056 1059 ἐν
3084 1005 3320 1075 πέμπτῳ
3347 1002 3458 1057 τῶν

1878 1100 2329 1170 χρονογραφιῶν
2363 1098 2503 1153 κατὰ
2533 1098 2677 1162 λέξιν
2702 1097 2872 1159 οὕτως
2890 1095 3024 1161 (Ἣ).

2449 1228 2869 1284 ΑΦΡΙΚΑΝΟΥ.

1959 1346 2022 1397 Ἢ
2042 1346 2139 1415 μὲν
2156 1342 2247 1399 οὖν
2275 1345 2548 1416 περικοπή
2573 1344 2716 1397 οὓτω
2736 1342 2852 1407 πῶς
2867 1343 3067 1413 ἔχουσα
3084 1341 3253 1394 πολλὰ
3274 1356 3333 1392 τε
3357 1338 3455 1391 καὶ

1879 1434 2155 1505 παράδοξα
2184 1434 2578 1506 σημαίνει.Νῧν
2606 1434 2649 1487 δ’
2684 1432 2875 1505 amas)
2905 1432 3063 1504 χρεία
3091 1431 3215 1503 περί
3239 1448 3297 1482 τε
3324 1432 3454 1495 τοὺς

1878 1532 2102 1602 χρόνους
2135 1531 2229 1583 καὶ
2264 1529 2336 1583 τὰ
2362 1529 2584 1593 τούτους
2618 1528 2956 1582 συντείνοντα
2983 1527 3075 1580 τὸν
3100 1526 3256 1594 λόγον
3292 1538 3454 1594 ποιη-

1880 1622 2117 1693 σάμεθα·
2150 1623 2230 1675 ὅτι
2281 1624 2381 1693 μὲν
2415 1619 2508 1677 οὖν
2550 1623 2680 1693 περὶ
2711 1622 2810 1692 τῆς
2840 1621 2935 1674 τοῦ
2977 1619 3211 1691 Χριστοῦ
3243 1633 3454 1689 παρου-

1879 1715 2000 1778 σίας
2044 1714 2258 1783 λέγεται
2308 1714 2500 1779 ταῦτα,
2550 1713 2685 1784 μετὰ
2735 1712 3034 1781 ἑϐδομάδας
3079 1719 3120 1765 o’
3171 1709 3456 1782 μέλλοντος

1877 1806 2280 1875 ἐπιφαίνεσθαι,
2325 1807 2480 1877 δῆλον
2526 1806 2619 1859 ἐπὶ
2650 1805 2758 1878 γὰρ
2799 1806 2893 1859 τοῦ
2922 1805 3190 1875 Σωτῆρος,
3226 1820 3280 1857 κ.
3315 1818 3367 1854 τ.
3399 1796 3451 1855 λ.

1879 1896 1979 1952 Hie
2013 1914 2141 1953 vero
2174 1898 2588 1963 advertendum,
2622 1898 2937 1968 liujusmodi
2968 1914 3031 1952 ex
3065 1895 3323 1949 Africano
3354 1909 3453 1948 ex-

1877 2000 2122 2060 cerptum
2155 1991 2302 2061 quod
2347 1990 2680 2045 Lambecius
2710 1990 2859 2043 velut
2896 1988 3160 2044 ineditum
3189 1986 3451 2057 vulgavit,

1876 2082 2018 2150 apud
2040 2080 2334 2137 Eusebium
2370 2091 2425 2136 et
2448 2080 2667 2151 quidem
2707 2080 3046 2134 emendatius
3077 2087 3292 2132 exstare
3331 2073 3447 2148 (25)

1876 2174 2157 2244 ipsiusque
2196 2174 2460 2243 integram
2480 2171 2783 2226 versionem
2808 2171 3048 2240 praebere
3081 2168 3140 2223 S.
3185 2167 3453 2237 Hierony-

1877 2282 2025 2319 mum
2052 2265 2405 2336 (24).Estque
2438 2264 2651 2318 initium
2680 2262 2968 2333 fragmenti
2998 2277 3108 2327 xvi,
3135 2262 3278 2330 quod
3308 2260 3451 2315 infra

1877 2370 1980 2408 suo
2010 2356 2129 2411 loco
2155 2356 2328 2427 legere
2348 2364 2430 2409 est
2452 2369 2574 2424 pag.
2611 2352 2737 2408 570.
2766 2352 2951 2407 Mirari
2975 2352 3142 2413 subit,
3180 2352 3230 2404 id
3257 2360 3451 2420 praeter

1878 2445 2252 2514 Lambecium,
2287 2446 2491 2518 fugisse
2519 2461 2737 2518 quaque
2768 2444 3007 2500 Caveum
3038 2444 3149 2514 (25)
3179 2452 3231 2497 et
3263 2441 3453 2496 Fabri-

1874 2540 2018 2594 cium
2053 2539 2187 2610 (εδ).

1946 2629 2125 2699 Pergit
2198 2644 2365 2699 porro
2419 2629 2787 2691 Lambecius,
2856 2638 2907 2683 ct
2985 2626 3117 2681 alibi
3168 2627 3284 2681 haec
3360 2641 3445 2681 rc—

1877 2722 1978 2777 fert
2028 2721 2141 2792 (27)
2191 2740 2203 2774 :
2256 2740 2274 2773 ι
2334 2721 2603 2776 Caeterum
2658 2720 2805 2791 quod
2866 2719 3150 2790 speciatim
3202 2719 3268 2773 ad
3314 2716 3449 2772 Sex-

1878 2822 1992 2867 tum
2053 2811 2258 2866 Julium
2301 2810 2619 2866 Africanum
2669 2812 2900 2875 attinet,
2954 2810 3154 2864 citatur
3210 2810 3256 2863 is
3308 2808 3451 2862 inter

1875 2904 2171 2974 Γνωμικὰς
2207 2902 2477 2975 διαφόρων
2528 2903 2614 2958 bis
2660 2902 2887 2957 verbis:
2942 2902 3254 2973 ’1στορεῖται
3298 2898 3452 2971 παρὰ

1888 2993 2219 3065 Ἀφρικανῷ,
2245 2995 2325 3047 ὃτι
2350 2996 2407 3047 ὲν
2429 2993 2507 3065 τῷ
2528 2994 2705 3063 λέγειν
2727 2996 2825 3067 τὴν
2854 2988 2992 3066 ᾧδὴν
3013 2996 3103 3047 τὸν
3127 2994 3448 3066 Μανασσὴν,

1872 3086 1943 3140 τὰ
1972 3086 2145 3158 δεσμὰ
2188 3087 2554 3159 διεῤῥάγησαν
2602 3087 2794 3159 σιδηρά
2838 3086 2987 3150 ὄντα,
3026 3086 3117 3139 καὶ
3162 3086 3383 3155 ἔφυγεν.
3425 3105 3444 3137 s

1877 3178 2111 3233 Secutus
2136 3179 2225 3233 hic
2246 3180 2330 3233 vir
2361 3180 2608 3234 eruditus
2636 3188 2909 3233 errantem
2943 3180 3189 3247 Suidatn,
3224 3179 3317 3249 qui
3348 3177 3449 3232 Ju-

1875 3272 2008 3325 Iium
2046 3271 2365 3325 Africanum
2412 3287 2536 3326 cum
2568 3270 2825 3347 Africano
2857 3270 3024 3325 Sexto
3054 3270 3362 3337 confundit,
3389 3282 3453 3325 ut

1875 3379 2040 3433 supra
2069 3371 2315 3418 notatum
2348 3362 2376 3435 §
2408 3364 2459 3418 I.
2512 3362 2805 3434 Ipsumque
2846 3362 3041 3418 deinde
3081 3371 3209 3417 sunt
3252 3362 3449 3417 imitati

1876 3455 2157 3512 Fabricius
2182 3465 2237 3512 et
2261 3456 2495 3512 Caveus.

1946 3548 2191 3619 Denique
2232 3550 2373 3605 alius
2428 3548 2715 3619 fragmenti
2763 3546 3013 3618 meminit
3040 3547 3181 3601 idem
3212 3545 3449 3600 Lambe-

1873 3642 2139 3714 cius(28),
2159 3642 2303 3713 quod
2318 3643 2496 3697 adhuc
2514 3659 2618 3698 ms.
2643 3643 2697 3697 in
2720 3641 3041 3695 bibliotheca
3064 3640 3311 3695 Caesarea
3334 3654 3449 3693 ser-

1872 3744 2051 3788 vatur.
2086 3732 2181 3789 Est
2215 3744 2396 3788 autcm
2430 3734 2550 3803 ejus
2584 3733 2868 3803 inscriptio
2901 3751 2913 3786 :
2953 3733 3213 3803 Διήγησις
3258 3731 3447 3800 Ἀφρις

1872 3826 2037 3880 κανοῦ
2076 3830 2198 3899 περὶ
2229 3827 2338 3880 τῶν
2370 3829 2427 3881 ὲν
2454 3828 2672 3899 Περσίδι
2702 3826 3007 3897 γενομένων
3045 3824 3134 3877 διὰ
3168 3824 3265 3895 τῆς
3295 3825 3452 3876 ἐναν-

1873 3920 2205 3991 θρωπήσεως
2250 3920 2343 3973 τοῦ
2392 3921 2596 3992 Κυρίου
2640 3921 2735 3973 καὶ
2773 3919 3026 3990 Σωτῆρος
3065 3917 3219 3989 ἡμῶν
3275 3915 3447 3986 Ἰησοῦ

1872 4010 2130 4084 Χριστοῦ.
2167 4010 2360 4083 Incipit
2403 4031 2417 4068 ;
2462 4014 2554 4067 Ἐκ
2590 4012 2845 4084 Περσίδος
2872 4010 3116 4082 ἐγνώσθη
3144 4010 3237 4063 ἀπ’
3274 4008 3450 4080 ἀρχῆς

1870 4107 1899 4156 ὀ
1931 4105 2196 4177 Χριστός⁶
2233 4105 2385 4157 οὐδὲν
2427 4104 2538 4176 γὰρ
2570 4104 2820 4158 λανθάνει
2856 4104 2982 4166 τοὺς
3014 4104 3071 4155 ὲν
3102 4103 3239 4172 αὐτῇ
3285 4117 3447 4169 νομο-

1875 4196 2068 4267 μαθεῖς
2118 4197 2331 4251 ἅπαντα
2382 4196 2819 4266 φιλοπονοῦντας.
2854 4196 3006 4249 Ὅσοι
3051 4194 3179 4266 γὰρ,
3210 4211 3263 4248 κ.
3298 4211 3349 4247 τ.
3394 4191 3444 4246 λ.

1873 4288 1937 4342 Et
1986 4288 2053 4343 ad
2096 4287 2339 4342 Africani
2384 4288 2603 4358 quidem
2642 4287 3129 4356 Chronogrupltiam
3177 4284 3445 4355 ejusmodi

1874 4383 2239 4452 fragmentum
2302 4390 2550 4450 spectare
2612 4380 2810 4435 merito
2878 4379 3243 4434 existimatur.
3306 4376 3446 4431 Huic

1870 4475 2017 4528 enim
2066 4475 2280 4544 gemina
2316 4483 2575 4529 tmemata
2625 4474 2879 4531 similiter
2928 4476 3186 4542 inscripta
3229 4472 3447 4527 exhibet

1873 4566 2176 4637 Syncellus,
2204 4576 2263 4621 ut
2290 4567 2471 4622 videre
2496 4575 2580 4622 est
2610 4566 2751 4621 infra
2780 4583 2934 4636 pagg.
2974 4567 3099 4632 572,
3132 4566 3255 4620 574.

247 4641 709 4711 Quandoquidem
778 4653 914 4695 vero
968 4641 1232 4695 nonnulla
1289 4640 1639 4707 deteximus,
1696 4640 1763 4694 ad

1946 4654 2042 4710 His
2085 4665 2346 4726 praaterea
2376 4674 2439 4711 ex
2476 4656 2764 4712 Lambecio
2789 4658 2975 4711 relatis
3012 4658 3156 4712 aliud
3191 4659 3445 4713 addimus

186 4736 427 4789 eamdem
487 4733 736 4788 Africani
792 4734 1199 4806 Chronologiam
1257 4735 1606 4805 pertinentia,
1639 4750 1763 4790 cuni

187 4827 283 4895 iam
317 4828 461 4898 typis
495 4828 817 4898 consignata
848 4842 1031 4884 essent
1055 4845 1177 4899 qua:
1221 4830 1486 4884 hactenus
1518 4842 1762 4883 summa-

188 4919 273 4973 tim
299 4920 685 4974 recensuimus
711 4938 725 4985 ;
751 4936 931 4990 opera:
955 4922 1187 4991 pretium
1217 4921 1381 4977 fuerit
1406 4937 1469 4976 ea
1499 4922 1587 4975 hic
1609 4922 1763 4976 exhi-

187 5010 325 5075 bere,
358 5022 529 5081 prout
573 5022 791 5068 exstant
819 5015 961 5084 apud
994 5014 1343 5070 Lambecium
1373 5032 1441 5070 ex
1484 5015 1764 5070 codicibus

190 5099 702 5161 \‘indobonensibus
727 5122 891 5159 manu
924 5108 1161 5161 exaratis
1185 5108 1476 5176 descripta.

248 5195 464 5249 Auctor
494 5195 661 5264 igitur
680 5194 1117 5265 Propheticarum
1140 5198 1434 5268 eclogarum
1465 5199 1529 5251 de
1554 5196 1764 5252 Christo

190 5285 273 5351 qui
297 5285 580 5341 Eusebius
604 5285 875 5357 Pamphili
898 5303 1019 5344 esse
1040 5290 1354 5359 perhibetur
1381 5290 1513 5359 (“20),
1535 5292 1588 5345 in
1616 5293 1765 5349 illius

190 5378 356 5443 operis
404 5378 592 5433 adhuc
647 5379 835 5433 inediti
867 5382 1008 5436 libro
1042 5398 1125 5446 ιιι,
1164 5398 1281 5451 cap.
1328 5383 1447 5446 ult.,
1498 5384 1611 5437 haec
1664 5386 1760 5439 ha-

254 5492 365 5574 ll?)
396 5493 674 5574 ἕῖέδοέἒιν
705 5494 986 5574 Ρθειὲίὲο

250 5564 360 5638 (ψ)
396 5562 531 5638 Ῡὶάε
551 5562 949 5638 Fabric—Bibl.
980 5564 1071 5619 Gr.
1101 5566 1350 5638 tom.r\lI,
1376 5584 1497 5638 pag.
1529 5566 1618 5624 57.

256 5636 365 5707 (ἐξ)
402 5634 562 5707 épud
591 5633 847 5707 bambec.
888 5634 1177 5689 Comment.
1215 5637 1310 5690 lih.
1338 5633 1527 5707 t,'pa'g.
1565 5639 1689 5692 Ml.

253 5702 367 5775 (si)
405 5699 551 5775 I_‘3_{lit.
583 5699 779 5775 ὧνηΕι
808 5707 969 5775 paulo
1005 5716 1145 5775 post,
1177 5707 1386 5772 τούτοις
1403 5699 1560 5763 ὀυῖφτ.

258 5772 373 5897 (223g
415 5772 618 5829 Euseb.
670 5772 975 5829 Demonstr.
1006 5772 1193 5848 crang.
1246 5779 1341 5834 lib.
1378 5794 1497 5845 νιιι,
1540 5795 1661 5850 cap.
1706 5778 1762 5844 Ξ,

199 5851 636 5985 Hieron.
673 5916 965 5972 Comment.
1020 5918 1073 5971 in
1123 5919 1333 5975 Daniel.
1383 5920 1579 5989 ιχ,21,
1626 5920 1761 5991 Opp.

1873 4750 2233 4820 fragmentum
2258 4765 2288 4805 e
2314 4751 2501 4805 codice
2534 4748 2703 4820 Regio
2722 4750 2886 4814 2441,
2914 4767 2942 4803 a
2974 4748 3040 4803 V.
3072 4750 3132 4803 C.
3162 4748 3435 4803 Montfau-

1870 4844 2031 4896 conio
2082 4842 2413 4911 descriptum
2470 4842 2619 4912 ('29);
2671 4843 2761 4896 ubi
2809 4843 2876 4897 de
2919 4842 3111 4895 Adami
3163 4841 3440 4910 sepultura

1871 4943 2232 5005 pertractasse
2261 4934 2553 4987 Africanus
2606 4945 2658 4987 et
2704 4933 3038 4987 Athanasius
3088 4933 3444 5000 perhibentur

1870 5028 1955 5080 bis
2004 5025 2188 5079 verbis
2240 5043 2253 5078 :
2297 5018 2462 5079 Οὗτοι
2510 5024 2568 5077 δέ
2603 5027 2739 5077 εἰσιν
2765 5025 2813 5075 οἱ
2845 5024 2971 5094 περὶ
3009 5022 3109 5092 τῆς
3138 5023 3312 5093 ταφῆς
3346 5022 3444 5077 τοῦ

1882 5116 2056 5186 Ἀδὰμ.
2076 5116 2381 5188 εἰρηκότες,
2417 5116 2739 5187 ’Δφρικανὸς
2760 5117 2853 5169 καλ⁵
2875 5119 2902 5169 ὁ
2927 5116 3079 5185 ἅγιος
3108 5117 3445 5182 Ἀθανάσιος.

1872 5204 2011 5261 Hinc
2038 5206 2091 5259 in
2120 5206 2329 5276 praefat.
2358 5204 2658 5260 Montl'auc.
2678 5221 2730 5275 p.
2757 5223 2831 5270 vr,
2863 5206 2890 5279 §
2918 5207 3004 5269 l8,
3032 5208 3443 5264 rescribendum

1869 5302 1933 5354 de
1964 5298 2236 5369 sepultura
2260 5298 2474 5364 Adami,
2505 5297 2594 5352 ubi
2622 5298 2685 5351 de
2711 5302 2981 5367 sepultura
3016 5300 3226 5354 Domini
3252 5317 3445 5372 perpe-

1869 5409 1985 5447 ram
2030 5394 2243 5461 legitur.

1871 5518 2004 5560 tom.
2031 5504 2119 5567 IIl,
2153 5519 2273 5574 pag.
2306 5504 2444 5557 1110
2464 5503 2594 5559 edit.
2619 5503 2873 5558 Martian.

1939 5575 2053 5646 (25)
2085 5573 2386 5646 QavJIist.
2421 5576 2687 5646 littxtom.
2722 5577 2766 5639 Ι,
2798 5592 2920 5646 pag.
2950 5574 3068 5629 111.

1939 5643 2052 5713 (‘26)
2086 5644 2299 5715 Fabric.
2341 5645 2484 5699 Bibl.
2517 5645 2608 5699 Gr.
2642 5656 2773 5699 toni.
2810 5643 3027 5715 V,pag.
3062 5647 3184 5703 169.

1941 5718 2054 5783 (‘27)
2088 5714 2344 5771 Lambec.
2380 5718 2417 5769 I.
2445 5734 2495 5770 c.
2528 5717 2624 5769 Iib.
2653 5732 2735 5780 ιιι,
2770 5714 3015 5786 βοείόξ).

1964 5788 2055 5857 28)
2089 5786 2165 5857 Id.
2202 5786 2333 5841 ibid.
2361 5787 2455 5839 lib.
2484 5803 2537 5857 ν,
2564 5802 2684 5857 pag:
2706 5786 2845 5857 297;.

1964 5792 2055 5857 28)
2089 5792 2165 5840 Id.
2202 5792 2333 5841 ibid.
2361 5792 2455 5839 lib.
2484 5803 2537 5847 v,
2564 5802 2684 5855 pag.
2718 5792 2845 5839 297.

1942 5792 2053 5929 I29)
2089 5856 2278 5913 Montf.
2313 5857 2448 5913 Coll.
2474 5855 2609 5910 Nor.
2644 5855 2761 5910 PP.
2798 5855 2991 5928 Gram,
3015 5871 3053 5917 t.
3080 5860 3141 5931 II,
3182 5880 3231 5925 ο.
3267 5862 3403 5919 105.
