3966 6504
227 377 292 436 B5
1340 371 1678 428 EPISTOLA
1743 370 1835 424 AD
1880 365 2269 426 ARISTIDEM.
3397 365 3461 417 Μ

224 493 511 570 ἀρχιερεύς
562 495 680 548 ἐστι
727 494 974 567 Πατρός,
1015 467 1423 566 τὰς’ὴμετέρας
1457 493 1594 562 πρὸς
1634 491 1801 546 αὑτὸν

1914 514 1979 568 sit
2008 512 2150 582 apud
2193 509 2406 565 Patrem
2456 509 2730 580 pontifex,
2778 514 3209 579 preces-nostras
3240 501 3290 560 ei
3331 503 3435 559 offa

225 588 385 659 εὐχὰς
430 587 756 659 ἀναφέρων,
813 587 906 642 καὶ
952 585 1203 658 βασιλεὺς
1258 585 1656 658 ὑπερκόσμιος,
1708 584 1802 648 οὓς

221 679 564 749 ἠλευθέρωσε
611 678 790 749 νέμων
835 677 912 748 τῷ
942 677 1250 749 Πνεύματι,
1282 677 1541 748 συνεργὸς
1586 678 1665 740 είς
1705 675 1803 747 τὴν

220 769 586 840 ξιακόσμησιν
629 769 737 823 τῶν
784 770 920 822 ὅλων
967 768 1286 839 γενόμενος·
1332 769 1425 821 καὶ
1478 766 1633 820 τοῦτο
1673 769 1803 839 ἡμῖν

221 860 626 930 προσήγγειλεν
667 859 766 930 οὐχ
810 862 839 914 6
887 860 1186 928 κατάλογος
1224 859 1335 912 τῶν
1381 857 1592 928 φυλῶν,
1631 859 1728 928 οὐχ
1767 859 1800 929 ὴ

226 951 369 1020 μίξις
399 951 510 1004 τῶν
544 953 908 1024 ἀναγράπτων
939 951 1131 1020 γενῶν,
1173 951 1308 1004 ἀλλὰ
1352 951 1680 1022 πατριάρχαι
1712 952 1805 1002 καὶ

224 1040 524 1111 προφῆται·
562 1041 636 1112 μὴ
658 1038 751 1094 οὖν
780 1041 1052 1110 κατίωμεν
1081 1041 1159 1103 είς
1198 1039 1464 1111 τοσαύτην
1497 1038 1803 1102 θεοσεϐείας

225 1129 642 1201 σμικρολογίαν,
687 1131 772 1183 ἵνα
812 1132 878 1200 τῇ
921 1127 1187 1199 έναλλαγῇ
1229 1127 1338 1180 τῶν
1381 1127 1677 1198 ὀνομάτων,
1705 1127 1804 1198 τὴν

226 1219 460 1291 Χριστοῦ
496 1220 772 1291 βασιλείαν
817 1219 911 1272 καὶ
951 1218 1250 1289 ἱερωσύνην
1295 1217 1649 1288 συνιστῶμεν·
1685 1216 1806 1270 ἐπεὶ

229 1315 295 1382 τῇ
331 1311 508 1369 Ἰούδα,
527 1310 667 1381 φυλῇ
697 1313 760 1380 τῇ
797 1309 1068 1380 βασιλικῇ,
1101 1309 1135 1379 ἡ
1168 1305 1261 1359 τοῦ
1304 1306 1435 1359 Λευὶ
1468 1306 1607 1376 φυλὴ
1655 1307 1804 1377 ἱερα-

231 1403 350 1473 τικὴ
378 1401 674 1471 συνεζύγη,
705 1401 799 1454 τοῦ
838 1399 1108 1454 Ναασσὼν
1135 1395 1365 1468 ἀδελφὴν
1390 1397 1487 1468 τὴν
1529 1396 1804 1450 Ἐλισάϐετ

241 1493 448 1565 Ἀαρὼν
497 1493 802 1564 ἀξαμένου,
850 1492 943 1545 καὶ
989 1491 1146 1544 πάλιν
1202 1489 1464 1561 Ἐλεάζαρ
1496 1489 1592 1560 τὴν
1639 1486 1805 1555 θυγα‹

226 1585 355 1656 τέρα
401 1584 638 1655 Φατιὴλ,
669 1585 762 1637 καὶ
807 1583 1015 1636 ἐνθένδε
1051 1582 1609 1652 παιδοποιησαμένων·
1645 1577 1806 1648 ἐψεύ-

229 1693 386 1730 σαντο
413 1673 508 1730 οῦν
535 1678 584 1728 οἱ
615 1673 1015 1744 εὐαγγελισταὶ,
1036 1673 1380 1737 συνιστάντες
1406 1673 1506 1725 οὐκ
1523 1669 1801 1742 ἀλήθειαν,

228 1770 335 1824 ἀλλ’
384 1770 740 1841 εἰκαζόμενον
785 1767 1024 1821 ἔπαινον·
1068 1766 1162 1820 καὶ
1208 1766 1296 1820 διὰ
1335 1763 1492 1822 τοῦτο
1518 1764 1546 1816 6
1589 1763 1686 1833 μὲν
1717 1761 1805 1815 διὰ

228 1857 548 1928 Σολομῶνος
581 1857 690 1910 ἀπὸ
728 1857 892 1910 Δασιδ
917 1855 1339 1926 ἐγενεαλόγησεν
1370 1853 1460 1906 τὸν
1503 1851 1694 1906 Ἰακὼϐ
1715 1851 1804 1905 τὸν
1836 1844 1878 1900 Β

231 1951 316 2002 τοῦ
361 1949 564 2021 Ἰωσὴφ
591 1949 824 2020 πατέρα·
857 1951 887 2002 6
915 1949 972 2002 δὲ
1005 1949 1113 2002 ἀπὸ
1156 1947 1342 2001 Νάθαν
1370 1945 1463 2000 τοῦ
1494 1945 1676 2009 Δαϐὶδ,
1717 1945 1807 1999 τὸν

239 2039 384 2094 Ἠλεὶ
413 2042 504 2094 τὸν
532 2040 625 2094 τοῦ
666 2040 863 2112 Ἰωσὴφ
891 2041 1089 2111 ὁμοίως
1119 2039 1294 2103 ἄλλως
1334 2038 1543 2109 πατέρα
1562 2054 1575 2067 ·
1605 2037 1696 2090 καί
1727 2053 1808 2090 τοι

228 2135 439 2201 ἀγνοεῖν
477 2133 676 2196 αὐτοὺς
708 2133 809 2186 ούκ
842 2132 1030 2203 ἐχρῆν,
1071 2132 1147 2196 ὡς
1179 2131 1412 2201 ἑκατέρα
1442 2131 1550 2184 τῶν
1583 2147 1810 2201 κατηριη

155 2285 158 2288 ,
227 2224 526 2295 θμημένων
569 2225 741 2290 τάξις,
784 2224 846 2277 τὸ
889 2223 984 2277 τοῦ
1017 2222 1178 2277 Δαϐὶδ
1222 2225 1340 2276 ἐστὶ
1385 2223 1577 2292 γένος,
1630 2224 1664 2292 ἡ
1716 2220 1808 2274 τοῦ

240 2315 405 2369 Ἰούδα
443 2315 587 2387 φυλὴ
629 2316 899 2388 βασιλική·
948 2317 997 2369 εί
1043 2315 1150 2387 γὰρ
1196 2315 1483 2387 προφήτης
1527 2313 1834 2380 όΝάθαν,

226 2409 332 2462 ἀλλ’
362 2404 461 2461 οῦν
495 2409 593 2462 καὶ
626 2407 899 2478 Σολομὼν,
928 2409 956 2462 ὃ
986 2425 1046 2461 τε
1069 2407 1274 2461 τούτων
1314 2407 1493 2478 πατὴρ
1527 2406 1805 2478 ἑκατέρου·

229 2503 288 2554 ὲκ
319 2500 537 2553 πολλῶν
562 2501 628 2560 δὲ¹
649 2501 828 2570 φυλῶν
858 2500 1097 2568 ἐγίνοντο
1122 2499 1431 2571 προφῆται,
1471 2499 1634 2569 ἱερεῖς
1665 2497 1720 2550 δὲ
1751 2497 1810 2564 ἐξ

228 2593 487 2664 οὐδεμιᾶς
516 2593 594 2662 (2)
635 2593 741 2647 τῶν
773 2591 980 2646 δώδεκα
1013 2591 1223 2662 φυλῶν,
1273 2591 1422 2663 μόνοι
1443 2626 1445 2628 -
1468 2589 1524 2642 δὲ
1564 2590 1806 2642 Λευῖται·
1834 2620 1839 2625 ι

232 2684 404 2754 μάτην
440 2683 627 2744 αὐτοῖς
671 2681 778 2752 ἄρα
823 2680 1127 2733 πέπλασται
1172 2679 1232 2732 τὸ
1280 2675 1636 2755 ἐψευσμένον·
1660 2677 1812 2748 μηδὲ

230 2775 453 2844 κρατοίη
483 2772 724 2835 τοιοῦτος
755 2771 911 2841 λόγος
953 2773 1010 2825 ὲν
1041 2766 1588 2840 ἘκκλησίᾳΧριστοῦ
1623 2766 1810 2840 [κατὰ]

227 2866 485 2938 ἀκριϐοῦς
533 2864 826 2936 ἀληθείας,
859 2865 941 2917 ὅτι
978 2863 1170 2934 ψεῦδος
1215 2862 1499 2930 σύγκειται
1540 2863 1618 2924 είς
1666 2855 1813 2914 αἶνον

230 2960 317 3012 καὶ
345 2957 668 3026 δοξολογίαν.
704 2957 961 3030 Χριστοῦ·
1008 2957 1092 3019 τίς
1133 2955 1242 3026 γὰρ
1293 2954 1395 3007 οὐκ
1431 2949 1537 3006 οἶδε
1565 2953 1814 3006 κάκεῖνον

228 3049 312 3102 τὸν
346 3048 648 3120 ἱερώτατον
666 3045 758 3105 τοῦ
780 3047 1098 3101 ’Λιτοστόλου
1139 3047 1296 3115 λόγον
1332 3045 1694 3118 κηρύσσοντος
1720 3043 1815 3097 καὶ

228 3140 638 3210 διαγγέλλοντος
691 3141 788 3211 τὴν
841 3140 1136 3195 ἀνάστασιν
1193 3137 1285 3192 τοῦ
1339 3137 1588 3210 Σωτῆρος
1634 3137 1810 3209 ἡμῶν,

230 3233 316 3285 καὶ
357 3233 828 3304 διισχυριζομένου
885 3233 985 3304 τὴν
1047 3231 1342 3303 ἀλήθειαν,
1395 3231 1613 3302 μεγάλῳ
1662 3229 1812 3301 φόϐῳ

228 3325 493 3392 λέγοντος,
515 3343 534 3376 ι
558 3326 640 3377 ὃτι
665 3323 959 3394 είΧριστδν
985 3322 1202 3391 λέγουσί
1241 3338 1385 3385 τινες
1406 3321 1479 3392 μὴ
1498 3320 1810 3395 ἐγηγέρθαι,

226 3417 384 3485 ἡμεῖς
423 3416 482 3468 δὲ
519 3416 680 3469 τοῦτο
717 3414 811 3468 καὶ
853 3415 1031 3484 φαμὲν
1071 3415 1165 3468 καὶ
1208 3413 1674 3483 πεπιστεύκαμεν,
1722 3413 1814 3466 κα)⁸

228 3507 353 3560 αὐτὸ
385 3507 484 3559 καὶ
511 3505 807 3576 ἐλπίζομεν
834 3505 926 3558 καὶ
955 3504 1303 3576 κηρύσσομεν
1323 3543 1338 3568 ,
1366 3502 1815 3574 καταψευδομαρ-

228 3595 501 3668 τυροῦμεν
545 3595 642 3649 τοῦ
678 3597 835 3661 Θεοῦ,
883 3597 965 3650 ὅτι
998 3597 1186 3667 ἤγειρε
1229 3595 1320 3648 τὸν
1359 3594 1590 3667 Χριστὸν
1625 3593 1683 3646 ὃν
1715 3593 1815 3647 οὐκ

227 3687 446 3758 ῆγειρεν
470 3705 483 3717 ·
525 3707 543 3739 ι
571 3689 618 3740 εί
655 3687 710 3741 δὲ
741 3687 913 3752 οὕτως
936 3688 965 3740 6
983 3686 1274 3756 δοξολογῶν
1304 3685 1436 3740 Θεὸν
1465 3686 1701 3760 Πατέρα,
1728 3685 1813 3739 δέ-

227 3781 371 3833 δοικε
401 3781 479 3851 μὴ
507 3779 826 3850 ψευδολόγος
849 3780 1054 3850 δοκοίη,
1089 3779 1248 3851 ἔργον
1279 3779 1576 3850 παράδοξον
1596 3778 1809 3849 διηγού-

233 3889 406 3940 μενος,
437 3871 559 3934 πῶς
575 3872 675 3925 οὐκ
689 3871 754 3925 ἂν
783 3871 1004 3935 δικαίως
1029 3870 1312 3944 φοϐηθείη,
1329 3872 1410 3924 ὃτι
1437 3869 1500 3942 [Ι.
1519 3870 1690 3942 ὅστις]
1727 3870 1813 3924 διὰ

230 3963 579 4033 ψευδολογίας
599 3963 860 4036 ἀληθείας
880 3964 1138 4035 σύστασιν
1152 3963 1524 4036 ποριζόμενος,
1542 3962 1698 4027 δόξαν
1715 3963 1814 4016 ούκ

231 4054 406 4125 ἀληθῆ
443 4055 750 4119 συντιθείς;
787 4056 838 4106 εἰ
869 4055 981 4126 γὰρ
1027 4054 1096 4108 τὰ
1125 4055 1257 4124 γένη
1289 4053 1541 4126 διάφορα,
1583 4053 1674 4106 καὶ
1707 4071 1814 4124 μη-

228 4147 317 4200 δὲν
347 4148 655 4217 καταφέρει
696 4149 918 4219 γνήσιον
962 4147 1184 4219 σπέρμα
1227 4148 1320 4201 ἐπὶ
1347 4147 1438 4201 τὸν
1491 4146 1710 4217 Ἰωσὴφ,
1740 4147 1816 4199 εί-

237 4255 390 4309 ρηται
439 4239 499 4292 δὲ
544 4240 705 4310 μόνον
753 4242 834 4304 είς
880 4239 1136 4294 σύστασιν
1182 4240 1276 4294 τοῦ
1325 4238 1811 4312 γεννηθησομένου,

229 4329 308 4384 δτι
339 4331 598 4400 βασιλεὺς
623 4333 716 4385 καὶ
743 4332 918 4403 ἱερεὺς
944 4331 1094 4388 ἔσται
1123 4334 1152 4386 6
1183 4331 1457 4402 ἐσόμενος,
1482 4329 1815 4395 ἀποδείξεως

239 4422 310 4493 μὴ
353 4423 700 4495 προσούσης,
733 4422 871 4478 ἀλλά
894 4423 996 4494 τῆς
1032 4423 1140 4477 τῶν
1179 4424 1354 4493 λόγων
1387 4424 1712 4494 σεμνότητος
1736 4423 1816 4486 είς

1907 622 2077 672 rens;
2127 620 2222 659 rex
2269 615 2449 658 autem
2491 601 2982 679 supermundialis,
3037 614 3176 670 quos
3221 596 3462 653 liberavi!

1904 711 2136 768 pascens
2185 695 2425 764 Spiritu,
2471 705 2790 765 coeperator
2833 691 3070 752 eﬂectus
3107 690 3161 744 in
3222 689 3464 744 omnium

1906 804 2089 843 rerum
2141 787 2502 841 ordinatione.
2555 786 2719 856 quue
2770 785 2928 840 nobis
2973 783 3312 852 exploratum
3343 778 3462 834 fecit

1905 897 2014 936 non
2046 880 2286 935 tribuum
2318 879 2617 950 catalogus,
2651 893 2821 948 neque
2857 876 3280 947 perscriptarum
3309 885 3464 942 gene-

1905 974 2179 1027 rationum
2223 973 2448 1038 mistio,
2489 972 2581 1027 sed
2619 971 2939 1039 patriarcha:
2969 978 3131 1038 atque
3171 965 3466 1042 prephetae.

1905 1065 2206 1118 Caveamus
2239 1063 2402 1132 igitur
2433 1077 2462 1115 a
2487 1061 2700 1115 minuto
2727 1061 3034 1130 hujusmodi
3069 1057 3347 1128 religionis
3378 1069 3468 1109 ar-

1906 1156 2093 1220 tificio,
2124 1163 2184 1214 ut
2218 1154 2497 1210 nominum
2540 1152 2938 1228 permutatione
2986 1150 3190 1205 Christi
3245 1161 3470 1219 regnum

1905 1262 1970 1300 ac
2000 1246 2364 1302 sacerdotium
2407 1246 2763 1314 comprobare
2799 1244 3045 1298 velimus.
3084 1241 3216 1302 Nam
3247 1251 3300 1295 et
3336 1240 3472 1294 alio-

1904 1339 1997 1408 qui
2031 1339 2197 1408 regali
2223 1337 2378 1394 Iuda:
2403 1337 2566 1392 tribui
2599 1335 2954 1392 sacerdotalis
2978 1333 3103 1388 Levi
3131 1334 3303 1387 tribus
3329 1331 3470 1385 facta

1905 1442 2024 1486 erat
2053 1432 2263 1497 allinis,
2302 1446 2369 1486 ex
2402 1446 2511 1501 quo
2544 1428 2837 1485 Naassonis
2869 1443 3111 1483 sororem
3143 1424 3471 1480 Elisabetam

1904 1524 2061 1578 duxit
2107 1524 2288 1578 Aaron
2330 1539 2555 1578 uxorem
2598 1523 2638 1587 ⁸,
2682 1535 2983 1591 rursusque
3029 1519 3253 1574 Eleazar
3285 1515 3468 1571 Phati-

1905 1613 2042 1670 helis
2091 1613 2258 1668 tiliam
2300 1615 2343 1682 ¹,
2374 1615 2524 1684 prole
2567 1613 2691 1668 inde
2737 1620 3008 1682 suscepta.
3058 1609 3200 1681 Ergo
3241 1624 3474 1678 evange-

1904 1707 2043 1769 listae
2088 1708 2298 1763 mentiti
2333 1717 2480 1773 sunt,
2523 1708 2656 1765 dum
2704 1723 2812 1762 non
2861 1707 3140 1761 veritatem
3187 1711 3473 1771 asserunt,

1907 1803 1998 1857 sed
2027 1802 2338 1860 simulatam
2367 1803 2579 1858 laudem
2615 1802 2811 1872 :cujus
2846 1801 2923 1855 rei
2967 1814 3154 1863 causa,
3184 1799 3319 1854 alter
3347 1795 3474 1866 qui.

1907 1891 2029 1946 dem
2059 1908 2153 1962 per
2188 1891 2534 1947 Salomonem
2577 1907 2608 1946 a
2644 1890 2846 1946 Davide
2878 1890 3065 1945 Jacobi
3112 1890 3334 1959 stirpem
3365 1898 3477 1942 tra-

1909 1986 2008 2051 xit,
2047 1985 2140 2055 qui
2174 1984 2274 2040 fuit
2300 1982 2523 2055 Josephi
2556 1993 2738 2054 pater;
2773 1984 2908 2039 alter
2939 1993 3118 2042 autem
3166 1998 3194 2036 a
3221 1981 3476 2035 Nathano

1909 2077 2129 2131 Davidis
2155 2077 2268 2133 filio
2297 2073 2469 2135 lielim
2499 2076 2720 2132 deduxit
2743 2073 2966 2145 Iosephi
3001 2075 3224 2145 pariter,
3255 2073 3346 2129 sed
3371 2073 3478 2127 alia

1908 2168 2145 2232 ratione,
2173 2177 2404 2238 patrem.
2435 2167 2599 2238 Atqui
2628 2183 2723 2224 eos
2749 2168 3001 2238 ignorare
3035 2183 3142 2222 non
3171 2167 3475 2236 Oportebat,

1911 2269 2204 2330 utrumque
2235 2269 2643 2314 numeratorum
2674 2260 2956 2315 hominum
3002 2258 3273 2322 ordinem,
3306 2273 3480 2328 genus

1909 2366 2029 2406 esse
2055 2349 2294 2414 Davidis,
2325 2347 2477 2404 Iuda:
2506 2363 2698 2423 nempe
2739 2349 2944 2420 regiam
2993 2349 3218 2404 tribum.
3247 2347 3476 2402 Etiamsi

1909 2443 2054 2498 enim
2085 2442 2348 2512 propheta
2374 2439 2656 2498 Nathanus
2695 2439 2818 2508 fuit,
2844 2452 2897 2498 et
2923 2443 3140 2512 quidem
3171 2441 3334 2496 etiam
3373 2438 3476 2496 Sa-

1912 2535 2116 2598 tomon,
2170 2542 2222 2588 et
2274 2533 2470 2592 horum
2531 2535 2816 2605 utriusque
2871 2550 3068 2605 parens
3109 2534 3355 2604 (David);
3410 2549 3478 2588 ex

1912 2626 2098 2686 multis
2144 2641 2274 2681 sane
2322 2625 2571 2681 tribubus
2611 2627 2868 2682 exstitere
2911 2626 3219 2697 prophetae;
3268 2628 3361 2680 sed
3397 2635 3479 2680 ta-

1913 2733 2035 2772 men
2082 2719 2390 2773 sacerdotes
2439 2719 2575 2773 nulli
2620 2717 2840 2773 fuerunt
2889 2733 2955 2774 ex
2998 2719 3144 2772 nulla
3191 2717 3480 2772 duodecim

1913 2810 2176 2876 tribuum;
2206 2811 2298 2866 sed
2331 2812 2433 2866 soli
2473 2811 2691 2866 Levitaa.
2728 2809 2954 2866 Frustra
2985 2811 3148 2882 igitur
3176 2811 3481 2880 composita

1913 2901 2118 2956 abillis
2159 2901 2262 2955 fuit
2303 2901 2419 2956 haec
2455 2900 2704 2968 falsitas;
2735 2917 2909 2972 neque
2940 2903 3252 2972 praevalebit
3289 2901 3482 2972 hujus-

1915 2992 2060 3047 modi
2109 3007 2290 3048 sermo
2335 2993 2391 3046 in
2419 2993 2622 3048 Christi
2665 2992 2907 3048 Ecclesia
2937 3005 3128 3049 contra
3171 3004 3483 3050 accuratam

1915 3085 2195 3141 veritatem
2218 3125 2234 3150 ,
2265 3099 2459 3154 nempe
2505 3094 2564 3138 ut
2593 3085 2938 3140 mendacium
2974 3086 3384 3140 consarcinetur
3415 3083 3485 3139 ad

1841 3194 1882 3250 ρ
1914 3173 2116 3228 Christi
2155 3172 2368 3228 laudem
2400 3182 2561 3243 atque
2595 3174 2950 3242 praeconium.
2979 3172 3114 3240 Quis
3143 3189 3270 3228 vero
3312 3182 3365 3228 et
3393 3173 3483 3227 illa

1919 3264 2095 3319 nescit
2133 3265 2501 3320 sacratissima
2543 3263 2786 3334 Apostoli
2833 3265 2998 3320 verba
3028 3265 3485 3321 resurrectionem

1918 3357 2225 3413 Servatoris
2256 3358 2427 3414 nostri
2457 3357 2804 3428 praedicantis
2833 3367 2996 3428 atque
3031 3353 3353 3422 nuntiantis,
3376 3359 3486 3414 rci-

1914 3466 2020 3520 que
2049 3451 2331 3505 veritatem
2368 3466 2568 3522 magno
2598 3466 2725 3505 cum
2773 3465 2972 3521 pavore
3011 3450 3328 3506 aliirmantis
3354 3452 3486 3506 dum

1915 3542 1991 3594 ait
2007 3539 2026 3570 ³
2047 3558 2059 3593 :
2085 3557 2103 3590 ι
2136 3538 2197 3594 Si
2217 3538 2494 3594 Christum
2522 3541 2888 3598 resurrexisse
2900 3543 3118 3612 quidam
3150 3550 3370 3613 negant,
3385 3555 3488 3597 nos

1913 3642 2096 3687 autem
2157 3625 2456 3687 asserimus
2510 3642 2672 3703 atque
2722 3634 3032 3701 credimus,
3084 3647 3368 3705 speramus
3423 3649 3488 3689 ac

1913 3725 2296 3795 praedicamus,
2338 3723 2458 3779 falsi
2486 3732 2651 3780 testes
2686 3725 2777 3782 Dei
2819 3741 3009 3781 sumus
3029 3767 3044 3792 ,
3076 3727 3221 3797 quod
3249 3725 3486 3780 suscita-

1914 3817 2054 3870 verit
2083 3815 2386 3884 Christum,
2419 3832 2582 3887 quem
2606 3833 2716 3872 nou
2743 3817 3048 3874 suscitavit.
3075 3838 3094 3871 ι
3117 3817 3270 3884 Quod
3288 3819 3331 3873 si
3352 3817 3488 3874 adeo

1917 3909 2006 3964 hic
2035 3908 2127 3979 qui
2159 3907 2330 3964 Deum
2363 3908 2578 3964 Patrem
2605 3910 2857 3977 honorat,
2878 3925 2947 3965 ne
2974 3911 3208 3966 mendax
3239 3909 3488 3965 videatur

1915 4000 2095 4067 timet,
2130 4000 2256 4070 quia
2289 4015 2404 4055 rem
2434 4001 2634 4056 miram
2665 4009 2885 4066 narrat;
2914 4015 3014 4054 cur
3055 4014 3166 4054 non
3201 3999 3396 4056 metito
3421 3999 3490 4054 ti-

1917 4101 2065 4147 meat
2092 4093 2344 4164 quisquis
2392 4091 2531 4149 falso
2568 4107 2817 4148 sermone
2844 4091 3128 4146 veritatem
3159 4092 3272 4146 vult
3313 4091 3488 4145 stabi-

1916 4183 2050 4249 lire,
2084 4199 2195 4240 non
2230 4200 2417 4242 veram
2461 4184 2786 4243 sententiam
2835 4183 3213 4240 concinnans?
3252 4181 3387 4238 Nam
3442 4184 3489 4237 si

1917 4277 2294 4348 generationes
2323 4278 2666 4343 abluderent,
2702 4277 2944 4348 nihilque
2984 4278 3229 4346 germani
3269 4277 3491 4332 seminis

1918 4370 1987 4426 ad
2025 4369 2323 4444 Josephum
2368 4369 2727 4435 conferretur,
2775 4370 2868 4425 sed
2903 4384 2966 4423 ea
3002 4385 3087 4424 res
3123 4370 3191 4424 ad
3232 4368 3489 4424 fulcimen

1921 4463 2298 4517 tantummodo
2327 4462 2588 4516 nascituri
2614 4462 2756 4517 dicta
2793 4471 2968 4529 esset,
2997 4477 3190 4531 nempe
3226 4461 3368 4530 quod
3393 4474 3489 4514 rex

233 4511 398 4584 ῦμνον
432 4514 644 4585 ἀδρανῆ
689 4515 1028 4587 φερομένης,
1062 4514 1221 4586 δῆλον
1251 4513 1327 4578 ὼς
1352 4513 1447 4568 τοῦ
1479 4512 1615 4567 Θεοῦ
1654 4513 1750 4585 μὲν
1786 4515 1811 4567 ό

1923 4560 2088 4623 atque
2114 4552 2368 4607 sacerdos
2396 4551 2535 4608 foret
2559 4553 2604 4608 is
2629 4554 2724 4623 qui
2751 4563 3012 4608 venturus
3037 4511 3177 4618 erart,
3208 4551 3492 4607 deficiente

232 4606 449 4670 ἔπαινος
489 4607 589 4676 οὐχ
624 4606 877 4670 ἅπτεται,
921 4603 1114 4675 ψεῦδος
1141 4605 1234 4659 ὢν·
1268 4606 1449 4677 κρίσις
1476 4605 1532 4659 δὲ
1559 4603 1638 4676 τῷ
1665 4605 1814 4679 εἰρη-

233 4698 384 4762 κότι,
435 4699 501 4751 τὸ
543 4699 646 4752 ούκ
682 4697 742 4753 ὃν
789 4697 864 4761 ὡς
923 4697 982 4750 δν
1025 4697 1396 4768 κομπάσαντι.·
1441 4698 1558 4751 Ἵνα
1600 4693 1694 4752 οὖν
1720 4697 1815 4752 καὶ

229 4791 387 4843 τοῦτο
423 4790 525 4860 μὲν
573 4790 667 4843 τοῦ
721 4789 1002 4862 εἰρηκότος
1059 4789 1366 4861 ὲλέγξωμεν
1402 4790 1502 4861 τὴν
1555 4776 1812 4862 ἀμαθίαν,

229 4882 531 4952 παύσωμεν
585 4881 640 4943 δὲ
692 4880 787 4934 τοῦ
848 4881 1049 4952 μηδένα
1100 4881 1191 4934 ὑπ’
1251 4882 1470 4950 ἀγνοίας
1537 4880 1816 4936 σκανδαλι-

232 4973 462 5043 σθῆναι,
503 4973 604 5044 τὴν
660 4972 836 5044 ἀληθῆ
878 4973 986 5027 τῶν
1023 4973 1323 5043 γεγονότων
1381 4973 1618 5047 ἱστορίαν
1656 4972 1820 5044 ἐκθή-

229 5060 446 5134 caput.)

299 5368 438 5438 8:55)
457 5367 676 5439 Ἐπειδὴ
688 5369 799 5442 γὰρ
815 5370 882 5424 τὰ
897 5372 1131 5444 ὀνόματα
1142 5373 1216 5444 (Δ)
1235 5373 1340 5426 τῶν
1353 5374 1525 5442 γενῶν
1540 5376 1595 5427 ὲν
1610 5374 1822 5444 Ἰσραὴλ

305 5506 319 5535 ⁸
355 5505 534 5562 Exod.
563 5523 643 5574 vt,
670 5508 764 5563 25.
841 5511 862 5542 ’
887 5507 1021 5567 Ibid.
1050 5510 1144 5567 25.
1219 5511 1284 5566 ³1
1319 5512 1447 5568 Cor.
1484 5529 1574 5579 xv,
1606 5513 1672 5568 12
1696 5530 1780 5584 sq.

300 5640 380 5711 (2)
413 5640 473 5696 In
499 5643 748 5713 epitome
776 5645 943 5700 codex
975 5646 1137 5701 habet
1169 5648 1393 5703 omnino
1421 5648 1480 5702 οὐ
1507 5648 1697 5711 δεῖνες,
1721 5649 1816 5707 sed

232 5726 594 5790 vermltune
626 5714 1088 5790 v_id_es_lectionem
1117 5717 1176 5784 ἐξ
1213 5718 1484 5790 οὐδεμιᾶς.
1542 5718 1672 5773 MAI.

300 5782 380 5852 (3)
416 5781 521 5839 Hic
557 5784 754 5852 incipit
787 5784 1076 5842 Eusebius.

292 5852 382 5923 μ)
422 5852 668 5922 Ἐπειδὴ
694 5859 808 5924 γὰρ
839 5858 909 5909 τὰ
935 5856 1213 5927 ὀνόματα.
1246 5857 1515 5916 Particula
1537 5860 1650 5930 γὰρ
1671 5859 1826 5918 abest

1921 4645 2278 4714 probatione,
2331 4653 2558 4715 totoque
2607 4647 2875 4701 orationis
2921 4655 3120 4700 ornatu
3179 4644 3234 4698 in
3281 4641 3491 4697 futilem

1925 4735 2188 4807 hymnum
2217 4739 2520 4804 desinente,
2556 4738 2758 4793 nullam
2801 4737 2926 4792 hinc
2967 4735 3309 4795 laudemsDeo
3338 4747 3493 4788 acce-

1929 4827 2060 4883 dere
2102 4828 2443 4899 exploratum
2487 4829 2576 4896 fit,
2606 4831 2731 4900 quia
2779 4839 2952 4885 totum
3000 4827 3340 4883 mendacium
3365 4833 3487 4889 est;

1926 4919 2019 4972 sed
2051 4919 2454 4974 damnationem
2480 4921 2659 4990 potius
2687 4919 2885 4973 dicenti
2911 4917 3156 4982 conﬂari,
3181 4916 3306 4986 quia
3345 4914 3490 4983 quod

1928 5011 2063 5065 nihil
2102 5023 2208 5079 est,
2249 5013 2456 5084 aliquid
2494 5028 2614 5068 esse
2639 5012 2884 5082 jactavit.
2914 5008 3094 5076 Quare
3127 5017 3186 5062 ut
3221 5015 3274 5060 et
3305 5007 3378 5060 ita
3410 5006 3492 5059 ιο.

1930 5104 2211 5172 quentium
2240 5120 2532 5176 coarguam
2575 5103 2866 5167 inscitiam,
2903 5110 2957 5156 et
2996 5101 3050 5154 in
3083 5108 3356 5170 posterum
3394 5112 3492 5152 ca-

1930 5210 2084 5250 veam
2116 5197 2338 5266 nequis
2384 5197 2440 5250 in
2481 5193 2797 5264 hujusmodi
2854 5192 3180 5262 imperitiam
3232 5191 3492 5258 incurrat,

1926 5301 2113 5341 veram
2138 5298 2410 5357 gestarum
2439 5301 2620 5341 rerum
2647 5286 2929 5344 historiam
2955 5280 3280 5359 proferam.]

1999 5379 2061 5437 ll.
2087 5380 2353 5451 Quoniam
2376 5380 2517 5451 apud
2545 5379 2818 5434 Israelitas
2840 5376 3247 5448 generationum
3273 5374 3497 5430 nomina

1931 5666 1974 5715 λ,
1993 5650 2196 5716 nostris
2225 5650 2505 5706 codicibus
2536 5649 2698 5714 Man,
2730 5648 2896 5711 Med.,
2921 5645 3058 5700 Fuk.
3090 5655 3144 5700 et
3171 5645 3367 5710 Savil.,
3392 5657 3497 5716 nec

1928 5714 2173 5792 habetur;
2187 5714 2728 5792 infinterpretatione
2756 5717 2958 5792 Rufini.
2991 5715 3179 5792 Exstat
3211 5727 3388 5792 tamen
3433 5714 3494 5769 in

1928 5791 2112 5858 codice
2141 5789 2332 5863 Regio,
2366 5785 2586 5877 et'apud
2618 5787 2981 5860 Nicephorum
3026 5788 3080 5842 in
3107 5801 3228 5860 cap.
3255 5799 3295 5840 tt
3325 5785 3419 5867 lib.
3449 5797 3492 5841 ι.
