3966 6522
480 378 551 436 59
1853 372 2027 430 JULII
2068 371 2393 428 AFRICANI
3661 368 3728 436 σρ

479 495 699 565 Ioseph,
724 493 815 564 qui
842 493 946 561 fuit
970 491 1117 556 Heli,
1143 493 1231 561 qui
1263 492 1366 561 fuit
1401 490 1590 543 Melchi
1611 490 1653 544 ⁸.
1694 487 1881 560 Neque
1912 492 2056 546 enim

2193 490 2414 555 ξειπεῖν.
2448 490 2556 543 Καὶ
2585 482 2995 559 τ’ὸὲτέννησεν
3033 486 3124 541 ἐπὶ
3165 486 3262 556 τῆς
3305 485 3515 540 τοιᾶσδε
3546 490 3732 541 παιδο-

484 598 694 657 poterat
723 586 981 640 disertius
1013 584 1242 653 exprimi
1285 582 1471 637 ﬁctilia
1503 583 1596 635 illa
1641 582 1932 653 generandi
1972 599 2059 637 ra-

2189 583 2345 645 τοιτας
2372 579 2499 651 ἄχρι
2530 579 2717 642 τέλους
2749 577 3040 650 ἐσιώπησε,
3069 577 3165 646 τὴν
3197 578 3471 648 ἀναφορὰν
3505 578 3734 646 ποιησάρ

484 680 583 743 tio,
617 693 738 747 qua:
762 692 829 731 ex
869 675 984 745 lege
1013 673 1254 743 profecta
1281 681 1382 727 est.
1415 672 1537 728 Ideo
1566 674 1619 727 in
1653 674 1964 744 hujusmodi
1992 673 2058 728 li-

2189 691 2326 736 ιενος
2367 674 2471 737 ἕως
2516 671 2608 726 τοῦ
2666 671 2834 742 Ἀδὰμ
2862 672 2954 723 καὶ
2984 670 3078 722 τοῦ
3122 669 3255 723 Θεοῦ
3297 670 3407 741 (14)
3441 672 3560 724 κατ’
3596 670 3730 725 ἀνά-

480 770 733 824 berorum
758 768 1122 839 generatione,
1146 764 1374 818 verbum
1402 765 1775 834 illud,'genuit,
1801 764 1868 819 ad
1895 766 2055 819 linem
2162 766 2335 818 λυσιν.

477 877 653 931 usque
681 862 916 923 reticuit,
949 875 1073 914 cum
1104 860 1171 913 ad
1205 859 1380 928 ipsum
1426 875 1599 928 usque
1635 860 1927 927 Adamum,
1982 861 2077 930 qui
2108 859 2210 915 fuit
2232 861 2349 924 Dei,
2398 859 2661 930 gradatim
2711 856 3074 922 ascendendo,
3104 857 3267 912 totius
3293 856 3505 926 generis
3534 858 3730 911 seriem

477 953 840 1025 perduxisset.

552 1046 641 1101 IV.
683 1045 868 1115 Neque
894 1059 1024 1099 vero
1055 1044 1109 1098 id
1144 1053 1294 1098 certa
1338 1043 1551 1097 ratione
1594 1043 1936 1106 destitutum,
1965 1052 2063 1097 aut

480 1144 685 1188 temere
716 1132 1006 1187 contictum
1059 1140 1162 1186 est.
1194 1132 1423 1201 Cognati
1456 1132 1599 1186 enim
1630 1130 1934 1186 Servatoris
1962 1148 2064 1188 no-

479 1222 601 1285 stri,
631 1220 744 1275 sive
788 1220 854 1273 ad
907 1218 1298 1273 ostendendam
1331 1218 1546 1288 generis
1585 1217 1669 1271 sui
1697 1218 2056 1283 nobilitatem,

480 1314 597 1366 sive
624 1320 684 1365 ut
720 1311 1041 1380 simpliciter
1075 1326 1188 1364 rem
1216 1310 1495 1374 docerent,
1520 1311 1700 1365 veraci
1735 1311 1920 1379 utique
1944 1326 2060 1364 ser-

482 1421 645 1461 mone
676 1406 788 1458 haec
820 1404 975 1457 nobis
1008 1403 1344 1456 tradiderunt
1378 1421 1391 1455 :
1426 1401 1667 1457 latrones
1695 1403 1899 1457 scilicet
1933 1400 2058 1456 Idu-

2189 1387 2454 1457 Ῑδουμαῖοι
2480 1387 2672 1458 λῃσταὶ
2716 1387 3013 1439 Ἀσκάλωνι
3058 1385 3206 1438 πόλει
3228 1385 3330 1454 τῆς
3368 1383 3734 1453 Παλαιστίνης

482 1513 670 1562 ηιωοε,
703 1511 827 1549 cum
858 1494 1114 1549 Ascaloni
1154 1493 1456 1548 Palaestina:
1484 1494 1691 1548 civitati
1718 1494 2063 1563 supervenis~

2192 1478 2493 1541 πελθόντες,
2535 1478 2603 1542 ἐξ
2638 1477 2902 1530 είδωλείου
2962 1476 3313 1539 Ἀπόλλωνος,
3357 1476 3386 1529 ὅ
3430 1476 3569 1546 πρὸς
3620 1476 3735 1537 τοῖς

482 1596 625 1651 sent,
666 1603 733 1641 ex
766 1588 993 1641 delubro
1030 1586 1265 1655 quodam
1302 1586 1569 1655 Apollinis
1613 1586 1755 1655 quod
1800 1585 1868 1639 ad
1915 1586 2062 1653 ipsus

2190 1569 2392 1638 εῐχεσιν
2422 1569 2622 1639 ἵδρυτο,
2672 1568 3021 1640 Ἀντίπατρον
3072 1568 3306 1639 Ἡρώδου
3335 1567 3480 1631 τινὸς
3514 1566 3623 1636 (15)
3661 1568 3737 1618 ἱε-

483 1678 634 1733 urbis
663 1693 849 1731 muros
895 1677 1133 1746 positum
1161 1685 1299 1741 erat,
1328 1677 1675 1745 Antipatrum
1707 1675 1937 1729 Herodis
1967 1689 2065 1727 cu-

2189 1660 2405 1712 οδοὺλου
2438 1660 2623 1723 παῖδα,
2655 1661 2789 1731 πρὸς
2815 1663 2929 1723 τοῖς
2956 1660 3136 1723 ἄλλοις
3171 1660 3350 1723 σῦλοις
3388 1659 3737 1729 αἰχμάλωτον

478 1771 694 1841 jusdam
748 1770 1015 1823 hieroduli
1064 1770 1232 1823 lilium
1281 1770 1445 1823 simul
1488 1785 1612 1823 eum
1670 1769 1879 1837 reliqua
1906 1782 2060 1821 sacra

2189 1754 2372 1824 ιπῆγον
2395 1771 2411 1784 ’
2457 1753 2535 1824 τῷ
2562 1753 2617 1806 δέ
2647 1752 2826 1824 λὺτρῳ
2857 1753 2997 1823 ὑπὲρ
3027 1752 3121 1804 τοῦ
3151 1751 3275 1804 υἱοῦ
3296 1750 3629 1804 καταθέσθαι
3659 1747 3738 1821 μὴ

482 1863 663 1931 przeda
692 1862 963 1931 captivum
992 1861 1391 1916 duxisse.Cum
1417 1876 1543 1915 vero
1568 1874 1667 1929 pro
1688 1859 2060 1927 redemptione

2194 1846 2419 1899 ῦνασθαι
2468 1846 2558 1898 τὸν
2618 1844 2764 1915 ἱερέα
2814 1844 2995 1914 (16),ὁ
3059 1844 3411 1915 Ἀντίπατρος
3458 1844 3572 1904 τοῖς
3626 1840 3737 1894 τῶν

487 1958 587 2011 ﬁlii
624 1957 874 2011 minister
929 1954 1113 2023 templi
1168 1954 1401 2023 pretium
1457 1952 1663 2006 solvere
1697 1966 1805 2007 non
1837 1950 2063 2015 valeret,

2189 1937 2489 2007 Ἱδουμαίων
2537 1936 2715 1989 ἔθεσιν
2761 1936 3066 2007 ἐντραφεὶς,
3103 1934 3326 2006 ὕστερον
3368 1932 3616 2005 Ὑρκανῷ
3647 1950 3740 2001 φι-

489 2052 776 2120 Antipater
830 2022 1186 2104 ldumteorum
1213 2060 1364 2100 more
1396 2046 1752 2114 institutoque
1779 2042 2064 2106 educatus,

2189 2030 2369 2083 ,ιοῦται
2399 2030 2507 2100 (I7)
2552 2028 2629 2099 τῷ
2660 2030 2758 2099 τῆς
2796 2028 3054 2091 Ἰουδαίας
3082 2029 3345 2099 ἀρχιερεῖ.
3385 2026 3739 2097 Πρεσὸεύσας
3769 2022 3782 2034 ’

484 2116 832 2213 postmodum
891 2141 1125 2212 Hyrcani
1186 2139 1385 2195 summi
1439 2138 1745 2191 Iudaeorum
1796 2135 2067 2205 pontiﬁcis

2189 2123 2220 2175 ὲέ
2252 2123 2388 2193 πρὸς
2418 2122 2701 2191 Πομπήϊον
2731 2121 2870 2191 ὑπὲρ
2901 2120 2993 2172 τοῦ
3026 2118 3313 2191 Ὑρκανοῦ,
3338 2119 3433 2171 καὶ
3458 2118 3555 2187 τὴν
3582 2116 3741 2187 βασι-

485 2236 697 2290 amicus
724 2235 948 2289 eﬂectns
975 2244 1077 2289 est.
1100 2232 1222 2287 Mox
1256 2232 1467 2301 legatus
1498 2232 1563 2284 ad
1595 2229 1911 2298 Pompeium
1941 2228 2069 2282 mis-

2189 2217 2309 2269 ,είαν
2372 2212 2739 2285 ἐλευθερώσας
2800 2211 2947 2282 αὐτῷ
3002 2212 3106 2264 ὑπὸ
3176 2208 3581 2281 Ἀριστοϐούλου
3639 2204 3737 2260 τοῦ

498 2344 595 2382 sus
619 2327 687 2381 ab
722 2324 993 2398 Hyrcano,
1030 2341 1153 2379 cum
1191 2324 1238 2378 ei
1285 2298 1507 2393 regnum
1542 2321 1688 2391 quod
1719 2318 2069 2374 Aristobulus

2189 2306 2389 2376 ιδελφοῦ
2423 2298 2909 2376 περικοπτομένην,
2943 2303 3105 2365 αὐτὸς
3133 2301 3439 2373 ηὑτύχησεν
3473 2298 3740 2369 ἐπιμελη-

487 2419 722 2472 maxima
756 2434 822 2471 ex
856 2426 1009 2487 parte
1038 2423 1419 2484 occupaverat,
1446 2414 1677 2466 liberum
1712 2412 2063 2474 restituisset,

2189 2399 2262 2470 τὴς
2291 2399 2391 2469 τῆς
2426 2396 2786 2467 Παλαιστίνης
2814 2394 3309 2466 χρηματίσαικῌὸ).
3344 2392 3651 2463 Διαδέχεται
3678 2390 3739 2443 δὲ

487 2510 555 2563 ad
590 2525 859 2564 summam
893 2508 1203 2562 felicitatem
1232 2505 1739 2576 pervenit,curator
1766 2502 2064 2556 Palaestinae

2189 2487 2258 2539 τὸν
2315 2487 2666 2557 Ἀντίπατρον
2717 2483 2894 2553 φθόνῳ
2938 2484 3039 2553 τῆς
3072 2483 3271 2553 πολλῆς
3304 2482 3557 2551 εὐτυχίας
3586 2480 3737 2534 δολο-

2234 1018 2459 1075 Δ’.Οὑδέ
2511 1020 2617 1090 μὴν
2644 1020 3044 1072 ’ἀναπόδεικτον
3086 1019 3119 1090 ἢ
3158 1016 3567 1088 ἐσχεδιασμένον
3615 1016 3730 1069 ἐστὶ

2160 1111 2348 1164 τοῦτο·
2388 1110 2483 1163 τοῦ
2512 1111 2640 1178 γοῦν
2673 1112 2924 1182 Σωτῆρος
2959 1112 3006 1164 οί
3045 1109 3185 1162 κατὰ
3215 1109 3394 1180 σάρκα
3426 1110 3727 1175 συγγενεῖς,

2161 1204 2258 1256 εἶτ’
2312 1199 2403 1256 οὖν
2460 1203 2851 1271 φανητιῶντες,
2906 1201 3003 1254 εἴθ’
3059 1201 3244 1264 ἁπλῶς
3294 1201 3728 1264 ἐκδιδάσκοντες,

2161 1295 2377 1357 πάντως
2415 1294 2471 1347 δὲ
2514 1294 2882 1366 ἀληθεύοντες,
2915 1294 3217 1366 παρέδοσαν
3268 1292 3361 1345 καὶ
3401 1292 3609 1344 ταῦτα’
3657 1291 3733 1354 ὡς

495 2610 798 2669 promotus.
835 2599 1073 2653 Tandem
1112 2599 1180 2652 ab
1211 2599 1277 2651 iis
1301 2598 1392 2667 qui
1421 2596 1668 2651 felicitati
1705 2595 1823 2663 ejus
1854 2594 2064 2649 invide-

499 2691 628 2744 bant
659 2706 756 2760 pcr
785 2690 1011 2744 insidias
1049 2687 1388 2751 interfectus,
1421 2685 1687 2740 Herodem
1735 2684 1902 2738 lilium
1936 2699 2063 2738 suc-

490 2791 762 2830 cessorem
807 2776 1043 2844 reliquit,
1077 2776 1163 2828 cui
1202 2784 1389 2844 postea
1421 2774 1689 2828 Antonius
1714 2783 1766 2827 et
1787 2780 2065 2845 Augustus

488 2880 557 2919 ex
617 2865 1090 2920 senatusconsulto
1146 2880 1372 2933 regnum
1419 2863 1616 2921 Iudaeae
1661 2863 2059 2933 adjudicarunt.

493 2953 667 3026 Hujus
697 2954 923 3010 Herodis
957 2956 1099 3010 titius
1131 2955 1232 3009 fuit
1253 2954 1513 3020 Herodes,
1535 2955 1734 3024 aliique
1754 2955 2058 3014 tetrarchae.

2168 2580 2489 2649 φονηθέντα,
2524 2580 2553 2631 ὁ
2590 2578 2704 2641 υἱὸς
2745 2576 3021 2647 Ἥρὼδης’
3054 2576 3112 2639 ὃς
3145 2575 3365 2647 ὕστερον
3409 2576 3498 2627 ὑπ’
3538 2576 3740 2629 Ἀντω-

2167 2672 2277 2724 νίου
2304 2672 2395 2724 καὶ
2424 2670 2516 2723 τοῦ
2550 2668 2844 2734 Σεϐαστοῦ,
2883 2668 3181 2738 συγκλήτου
3208 2668 3434 2736 δόγματι
3461 2666 3569 2720 τῶν
3606 2666 3742 2719 Ἰου-

2166 2762 2329 2815 δαίων
2358 2762 2549 2833 ἐκρίθη
2586 2761 2888 2831 βασιλεύειν
2912 2777 2924 2789 ·
2963 2753 3023 2813 οὗ
3059 2760 3267 2822 παῖδες,
3314 2757 3559 2831 Ἡρώδης
3596 2759 3653 2812 οἵ
3688 2759 3739 2810 τ’

2171 2848 2317 2902 ἄλλοι
2348 2850 2660 2921 τετράρχαι.
2704 2849 2888 2903 Ταῦτα
2920 2850 3017 2920 μὲν
3049 2847 3114 2920 δὴ
3158 2848 3312 2903 κοινὰ
3338 2849 3432 2902 κα)⁵
3459 2850 3581 2911 ταῖς
3619 2846 3736 2901 Ἐλ-

2170 2939 2342 3011 λήνων
2370 2942 2654 3012 ἱστορίαις.

492 3049 559 3105 Et
592 3049 707 3105 bzec
728 3051 944 3119 quidem
978 3051 1253 3121 gentilium
1285 3051 1446 3104 etiam
1484 3050 1725 3105 historia:
1757 3066 1881 3103 cum
1905 3050 2131 3108 Indaica
2171 3057 2481 3111 communia
2516 3068 2661 3113 sunt.

564 3138 630 3195 ν.
662 3141 928 3195 Czeterum
962 3157 1087 3195 cum
1120 3141 1187 3195 ad
1222 3141 1272 3194 id
1303 3156 1476 3209 usque
1504 3140 1765 3209 temporis
1799 3140 1865 3194 in,
1896 3140 2059 3193 tabu-

2234 3147 2312 3198 E'.
2336 3146 2724 3217 Ἀναγράπτων
2747 3148 2803 3201 δέ
2832 3146 2911 3212 είς
2937 3148 3058 3201 τότε
3082 3148 3139 3202 ἐν
3164 3148 3279 3211 τοῖς
3308 3145 3547 3217 ἀρχείοις
3569 3143 3742 3198 ὄντων

493 3232 645 3287 lariis
674 3232 905 3301 publicis
930 3232 1215 3302 descripta:
1267 3241 1451 3287 essent
1478 3234 1718 3303 origines
1744 3240 1854 3286 tam
1902 3230 2065 3285 fami-

2189 3236 2273 3289 τῶν
2308 3236 2605 3309 Ἑϐραϊκῶν
2634 3238 2828 3306 γενῶν,
2854 3240 3075 3294 καὶτῶν
3097 3241 3224 3310 ἄχρι
3247 3236 3599 3310 προσηλύτων
3626 3237 3739 3309 (19)

563 3318 584 3349 ⁸
624 3317 756 3373 Luc.
802 3336 885 3385 ιιι,
916 3320 1005 3383 ‘25,
1035 3321 1126 3375 (ἐξ.

495 3408 837 3483 de‘Christq
866 3412 1083 3483 dixerit,
1122 3412 1197 3475 ὡς
1243 3410 1520 3483 ἐνομίζετο
1565 3412 1677 3475 υἱὸς
1706 3412 1933 3483 η’Ῑωσὴφ
1976 3411 2070 3465 τοῦ

506 3478 627 3551 Ἠλὶ
657 3479 748 3531 τοῦ
784 3481 979 3551 Μελχὲ,
1019 3492 1151 3545 etc.,
1191 3478 1480 3536 Africanus
1515 3497 1675 3535 voces
1702 3482 1821 3535 illas
1851 3478 1925 3544 ὧς
1954 3485 2070 3534 ἐνο-

502 3549 703 3641 elisi
723 3549 1095 3641 τςῗοξτέέεγξξιι,
1113 3568 1256 3641 r22-
1278 3551 1905 3641 ετξμξιηητέιῐὲἕιὲηνεῐξιει
1932 3552 2071 3641 ,ξ’ὲὲς

526 3619 727 3689 Ιωσήφ.
761 3620 854 3690 sed
885 3621 1044 3674 etiam
1074 3621 1137 3674 ad
1175 3622 1268 3674 illa
1292 3637 1411 3690 quae
1444 3631 1769 3689 sequuntur,
1802 3621 1894 3673 τοῦ
1932 3622 2069 3677 Ἡλί.

498 3687 662 3753 Quod
690 3689 788 3743 etsi
838 3700 1057 3743 acutum
1095 3687 1328 3754 videtur,
1364 3700 1447 3743 est
1490 3687 1668 3743 tamen
1708 3692 1947 3758 ineptum
1990 3702 2073 3743 at-

496 3775 604 3827 que
631 3760 922 3813 insulsum.
954 3760 1087 3812 Nam
1112 3761 1156 3813 si
1190 3760 1361 3814 Lucas
1388 3761 1716 3827 evangelista
1742 3761 1824 3813 his
1845 3762 2070 3815 vocibus

498 3830 573 3891 ὡς
596 3829 893 3900 ἐνομίζετο,
925 3831 1149 3898 legalem
1184 3831 1328 3883 illam
1368 3832 1771 3900 generationem
1807 3846 1901 3883 seu
1935 3832 2071 3883 ado-

501 3900 740 3969 ptiouem
794 3900 1066 3969 intelligit,
1116 3910 1177 3954 ut
1226 3901 1341 3969 vult
1393 3900 1707 3962 Africanus,
1750 3911 2075 3967 sequeretur

502 3968 775 4039 Christum
827 3968 996 4023 lilium
1031 3971 1199 4025 l‘uisse
1243 3968 1464 4039 Iosephi
1494 3985 1587 4039 per
1620 3970 1961 4038 adoptionem
1997 3971 2075 4024 le-

539 4038 696 4102 alem,
728 4039 916 4092 eodem
949 4040 1107 4108 plane
1156 4041 1315 4093 modo
1346 4038 1455 4108 quo
1484 4038 1754 4108 Iosephus
1801 4040 1943 4091 ﬁlius
1975 4039 2076 4093 fuit

550 4109 639 4162 cli.
684 4111 759 4162 Ita
792 4109 1079 4163 dicendum
1110 4120 1271 4173 esset,
1313 4109 1538 4163 Mariam
1572 4120 1691 4178 post
1722 4118 1952 4163 mortem
1981 4110 2076 4163 Jo-

502 4179 656 4247 sephi
688 4180 937 4246 nupsisse
959 4181 1077 4247 ejus
1102 4180 1275 4243 fratri,
1303 4191 1464 4248 atque
1488 4196 1554 4233 ex
1582 4195 1647 4233 eo
1676 4178 1951 4233 Christum
1983 4195 2076 4248 pe-

500 4251 725 4316 perisse.
764 4250 907 4317 qnod
942 4252 1164 4317 impium
1216 4262 1298 4303 cst
1340 4260 1393 4303 ct
1442 4250 1761 4303 absurdum.
1800 4250 1857 4301 Id
1894 4259 2074 4302 tamen

504 4320 814 4371 necessario
840 4321 1087 4387 sequitur
1120 4336 1185 4372 ex
1212 4320 1391 4373 verbis
1421 4319 1684 4373 Africani.
1714 4317 1978 4372 Praeterea
2029 4319 2074 4371 si

503 4401 665 4458 voces
695 4389 817 4451 ilhe,
849 4388 922 4450 ὡς
966 4390 1260 4458 ἐνομίζετο,
1303 4390 1669 4443 extenduntur
1713 4389 1779 4441 ad
1819 4404 1882 4441 ea
1911 4388 2075 4443 verba

499 4456 595 4509 τοῦ
638 4457 779 4517 Ἠλῖ,
827 4460 1014 4511 eadem
1060 4456 1285 4513 ratione
1328 4460 1542 4513 extendi
1604 4459 1767 4511 etiam
1822 4468 2076 4526 poterunt

503 4527 806 4599 ξιιιριιιιιυε
868 4531 1275 4595 generationunt
1338 4530 1539 4599 gradus
1604 4530 1703 4599 qui,
1748 4539 2073 4597 sequuntur.

2173 3411 2425 3475 Ruﬁnus,
2462 3421 2521 3465 ut
2554 3426 2616 3464 ex
2649 3412 2896 3465 versione
2919 3411 3039 3478 ejus
3072 3417 3315 3478 apparet.

2244 3483 2353 3553 (l5)
2396 3483 2773 3553 Ἀντίπατρον
2816 3476 3071 3549 Ἡρώδου
3109 3476 3745 3553 τινόςνεΗεΟ--ηπι-ξτίο

2173 3547 2399 3623 prorsus
2454 3547 2698 3606 fabulosa
2750 3559 2837 3623 est
2879 3547 2941 3604 et
2995 3547 3579 3623 commentitia.__Nam
3626 3547 3746 3623 An-

2175 3616 2370 3691 tipater
2423 3633 2628 3689 patrem
2679 3621 3019 3675 habuit.non
3074 3616 3337 3691 Herodem
3395 3618 3746 3672 hierodnlum

2176 3688 2359 3762 templi
2414 3692 2711 3762 Apollinis,
2763 3692 2856 3744 sed
2904 3691 3245 3762 Antipatrum
3304 3688 3639 3762 l_dum:eu_m,_
3684 3700 3748 3743 ut

2176 3758 2365 3817 scribit
2406 3758 2675 3829 Iosephus
2710 3763 2761 3813 in
2797 3762 2892 3814 lih.
2926 3758 3047 3825 ιιν,
3066 3774 3186 3827 cap.
3215 3759 3269 3811 2.
3299 3759 3470 3823 Quem
3515 3758 3749 3827 Antipa-

2178 3841 2324 3885 trum
2361 3831 2664 3885 Alexander
2704 3829 3013 3884 Judzeorum
3065 3845 3156 3882 rex
3210 3831 3520 3897 praelectum
3571 3838 3753 3883 totius

2178 3902 2424 3955 Idumaeas
2446 3902 2751 3953 constituit.
2778 3900 3099 3967 Primusque
3130 3898 3218 3952 hic
3244 3899 3526 3967 Antipater
3550 3906 3751 3952 auctor

2179 3970 2349 4025 fuisse
2376 3971 2589 4024 videtur
2626 3972 2787 4037 hujus
2819 3971 3091 4039 potentiae,
3121 3968 3188 4021 ad
3233 3984 3397 4039 quam
3433 3969 3641 4039 posteri
3667 3969 3751 4037 ip-

2178 4041 2293 4095 sius
2343 4054 2528 4110 postea
2562 4038 2941 4109 pervenerunt.
2971 4038 3107 4091 Nam
3139 4047 3192 4090 et
3221 4038 3753 4110 praefecturamgldu-

2178 4126 2326 4164 mane
2346 4108 2539 4178 gessit,
2564 4108 2879 4164 Alexandro
2928 4118 2981 4163 et
3011 4110 3317 4161 Alexandra
3352 4108 3747 4178 regnantibus;

2177 4191 2228 4233 et
2254 4176 2488 4251 hospitio
2512 4190 2669 4248 atque
2692 4180 2926 4233 amicitia
2954 4195 3076 4232 cum
3104 4176 3433 4251 Ascalonitis
3456 4189 3509 4230 et
3536 4176 3755 4251 ϐιηιιζιε

2178 4262 2232 4304 et
2285 4248 2551 4306 Arabibus
2582 4252 2735 4315 inita,
2770 4251 3035 4303 maximas
3085 4248 3185 4301 sibi
3222 4263 3352 4316 opes
3384 4248 3750 4315 comparavit.

2252 4320 2361 4389 (16)
2410 4320 2524 4372 Τὸν
2551 4320 2722 4389 ἱερέα.
2759 4318 3050 4388 Impruprie
3074 4320 3409 4371 sacerdotem
3438 4326 3617 4389 vocat,
3649 4319 3755 4386 qui

2180 4385 2305 4444 erat.
2330 4385 2663 4449 hierodulus.
2694 4385 2874 4457 Longe
2901 4385 3044 4441 enim
3070 4389 3184 4441 hinc
3215 4389 3355 4439 inter
3384 4402 3442 4440 se
3465 4385 3751 4453 dill'etunt,

2182 4470 2239 4512 ut
2280 4476 2442 4527 supra
2474 4462 2675 4513 notavi.
2708 4459 2846 4511 Fieri
2877 4467 3056 4511 tamen
3106 4459 3301 4525 potuit,
3333 4466 3391 4509 ut
3427 4459 3567 4509 idem
3602 4468 3757 4512 esset

2187 4530 2439 4585 sacerdos
2471 4541 2523 4583 et
2558 4530 2903 4591 hierodulus;
2938 4538 3063 4596 puta
3095 4528 3140 4581 si
3190 4529 3304 4580 haec
3340 4539 3459 4581 erat
3505 4527 3756 4582 conditio

502 4594 659 4677 Nulla
716 4594 883 4677 enim,
918 4600 1055 4677 ratio
1105 4608 1208 4661 est,
1261 4594 1363 4677 cur
1398 4602 1455 4677 in
1509 4594 1746 4677 secundo
1771 4594 2089 4677 gradus-ul»
2118 4597 2164 4654 ἰ)
2192 4600 2499 4663 sacerdotii,
2528 4610 2587 4653 ut
2629 4616 2735 4654 non
2787 4600 2891 4651 nisi
2932 4594 3095 4652 exuta
3140 4597 3390 4650 libertate
3438 4598 3755 4653 sacerdotes

505 4668 800 4737 audiantur
832 4668 1009 4734 potius
1081 4685 1242 4736 quam
1279 4671 1329 4722 in
1364 4669 1587 4737 reliquis
1623 4667 1797 4722 lineis.
1833 4667 1945 4721 Hoc
1976 4669 2077 4736 igi-

506 4746 595 4788 tur
614 4736 1225 4807 primoimprobandutn
1248 4748 1331 4792 est
1355 4740 1406 4791 in
1424 4736 1785 4807 explicatione
1809 4737 2073 4791 Africani.

508 4806 763 4877 Secundo
792 4806 910 4877 luco
963 4810 1259 4863 notandum
1294 4821 1397 4873 est,
1435 4806 1578 4877 quod
1629 4809 1705 4861 ait
1753 4810 1805 4861 in
1853 4824 2078 4877 genera-

509 4877 657 4947 tione
687 4875 775 4928 illa
812 4876 1012 4930 Christi
1056 4894 1219 4947 quam
1268 4875 1657 4938 refert—Lucas,
1687 4875 1904 4931 tertium
1958 4892 2079 4931 esse

508 4944 700 5016 Melchi
734 4964 748 4999 :
776 4948 924 5013 atqui
959 4947 1010 4999 in
1040 4944 1331 5016 Evangelio
1360 4947 1517 5001 Luca:
1546 4948 1737 5001 tertius
1767 4948 2080 5001 nominatur

508 5015 735 5081 Mathat,
763 5031 896 5070 avus
927 5020 1136 5072 scilicet
1156 5015 1377 5086 Juseplti
1403 5036 1417 5083 ;
1450 5017 1641 5072 Melchi
1669 5033 1797 5071 vero
1829 5020 2076 5085 quintus,

509 5087 723 5158 abavus
745 5087 952 5140 scilicet
981 5087 1225 5158 Iosephi.
1264 5088 1449 5156 Itaque
1479 5097 1571 5141 aut
1604 5086 1919 5140 Africanum
1966 5102 2080 5158 nte-

512 5157 682 5208 moria
715 5156 921 5224 lapsum
954 5173 1075 5211 esse
1102 5156 1390 5213 dicendurm
1417 5167 1528 5212 est:
1548 5165 1639 5211 aut
1661 5160 1869 5210 certein
1890 5157 2080 5211 codice

514 5226 784 5296 tivaugelii
818 5241 927 5296 quo
953 5243 1084 5281 usus
1118 5238 1202 5283 est
1241 5228 1555 5294 Africanus,
1587 5226 1779 5280 Melchi
1816 5228 2077 5295 scriptum

511 5291 686 5348 fuisse
716 5311 812 5363 pro
835 5291 1053 5349 'Matltat
1099 5313 1115 5353 :
1165 5313 1286 5365 qua:
1332 5308 1417 5351 est
1464 5291 1772 5365 conjectura
1821 5291 1978 5350 Bedie
2027 5299 2078 5349 in

512 5374 675 5436 caput
719 5365 1012 5436 ιιιᾷΙλιιοω.
1061 5366 1219 5421 Cea-te
1269 5366 1564 5436 Gregorius
1615 5366 1989 5436 Nazianzenus
2026 5367 2077 5418 in

514 5434 864 5505 carmine_58
892 5439 958 5489 de
1006 5435 1213 5489 Christi
1256 5434 1594 5505 gette‘alOgia,
1627 5435 1944 5489 Africanum
1996 5451 2082 5489 se-

515 5518 709 5574 quens,
745 5502 938 5574 μειρὺί
977 5521 1075 5574 pro
1110 5502 1313 5559 Mathut
1343 5502 1555 5573 posuit;
1595 5514 1648 5560 et
1668 5506 1988 5561 Ambrosius
2026 5509 2081 5558 in

517 5571 612 5626 ιιι).
640 5588 696 5624 ιιι
729 5571 1235 5629 Commentariorum
1277 5571 1593 5629 iit—Lucam.

588 5641 701 5710 (Μ)
749 5643 893 5715 ’ᾙως
937 5646 1042 5699 τοῦ
1088 5645 1259 5715 Ἀδὰμ

588 5642 701 5710 (14)
749 5643 893 5708 Ἕως
937 5646 1042 5699 τοῦ
1088 5645 1259 5715 Ἀδὰμ
1298 5646 1405 5698 τοῦ
1437 5645 1604 5699 Θεοῦ.
1638 5642 1819 5700 Nostri
1870 5646 2081 5701 codices

520 5708 657 5763 Μαι.
684 5727 745 5763 ac
772 5711 907 5763 Med.
947 5732 1067 5763 cum
1108 5716 1241 5763 Fnk-
1272 5732 1334 5763 ac
1366 5714 1531 5763 Savil-
1564 5716 1884 5763 particulam
1921 5719 2081 5763 inter-

574 5726 657 5764 az.
684 5727 745 5764 ac

822 5719 907 5766 ed.
947 5732 1067 5767 cum
1106 5714 1241 5769 Fuk.
1272 5732 1334 5770 ac
1366 5714 1531 5768 Savil.
1564 5716 1885 5783 particulam
1920 5719 2083 5771 inter-

521 5790 708 5861 serunt
734 5782 1175 5861 hoc-modo,_éw;
1197 5786 1289 5861 τοῦ
1330 5785 1499 5861 Ἀδὰμ⁵
1520 5782 1611 5839 καὶ
1626 5786 1731 5861 Δτοῦ
1758 5786 1914 5861 Θεοῦ,
1936 5787 2081 5861 quod

521 5804 708 5835 acrum
734 5804 838 5838 Hoc
867 5804 1048 5849 mouo,
1073 5804 1175 5849 εως
1197 5804 1289 5839 του
1334 5804 1499 5857 noctu.
1520 5804 1611 5839 και
1638 5804 1731 5850 του
1758 5804 1914 5851 σεηυ,
1936 5810 1948 5837 ι
1975 5804 2081 5842 uou

521 5850 738 5920 quidem
793 5853 925 5907 mihi
977 5855 1187 5909 videtur
1236 5856 1555 5925 elegantius.
1610 5855 1786 5925 Atque
1831 5858 1905 5911 ita
1948 5804 2082 5929 legit

2178 4678 2520 4735 caperentur.

2251 4739 2360 4807 (l7)
2401 4736 2654 4805 ἰξρκανῷ
2685 4736 3002 4806 edicitur.
3036 4736 3152 4791 Hoc
3176 4752 3392 4805 quoque
3419 4736 3472 4789 in
3504 4736 3625 4807 locg
3656 4752 3757 4807 no-

2178 4805 2277 4863 stri
2302 4810 2517 4863 codices
2552 4808 2770 4878 Regius,
2799 4808 3127 4869 Mazarinus,
3163 4808 3452 4878 Medicmus
3486 4822 3548 4861 ac
3579 4805 3757 4878 ξυιε.

2179 4881 2359 4932 tiauus
2389 4875 2699 4933 constanter
2725 4880 2986 4945 scriptum
3017 4880 3214 4931 habent
3258 4877 3546 4946 φιλιοῦται.
3572 4875 3753 4940 Quam

2183 4951 2512 5016 scripturam
2567 4948 2752 5002 nescio
2799 4964 2896 5000 cur
2945 4946 3214 5001 Robertns
3244 4948 3550 5015 btephanus
3593 4963 3761 5016 repu-

2180 5019 2351 5072 diavit
2388 5036 2400 5070 :
2433 5017 2683 5087 φιλοῦται
2714 5018 3109 5088 θιιίηιλιὶίεἱιυι,
3142 5028 3200 5070 ut
3224 5016 3531 5088 ἐκθροῦται.

2252 5088 2364 5157 (13)
2406 5085 2791 5157 Ἐπιμελητὴς
2828 5086 2937 5154 τῆς
2976 5085 3384 5157 Παλαιστίνής
3412 5085 3755 5157 προκόψας.

2252 5106 2364 5157 (ιδ)
2412 5106 2524 5140 mu
2599 5106 2791 5155 ,ιητης
2828 5106 2937 5154 της
2976 5106 3384 5153 Παλαιστίνης
3412 5106 3755 5153 προκοψας.

2182 5160 2462 5228 Antipater
2494 5106 2723 5213 Ιείέῖοαίε
2769 5172 2987 5225 parens,
3018 5161 3119 5211 sub
3148 5156 3398 5228 Hyrcano
3432 5156 3757 5228 Iudaeorum

2181 5226 2327 5299 rege'
2349 5230 2787 5296 procurationem
2822 5229 2999 5299 totius
3028 5230 3178 5299 regni
3200 5226 3409 5299 gessit,
3449 5235 3504 5299 et
3533 5226 3756 5299 negotia

2183 5291 2292 5352 tam
2343 5291 2521 5353 civilia
2574 5314 2737 5367 quam
2787 5298 3039 5367 militaria
3090 5291 3509 5351 administravit.
3563 5291 3761 5367 Itaque

2182 5368 2513 5440 ἐπιμελητὴς
2547 5362 2642 5437 τῆς
2671 5366 2934 5440 ΑἸουδαίας
2962 5377 3015 5420 et
3036 5369 3324 5440 ἐπίτροπος
3349 5376 3573 5440 vocatur
3598 5379 3628 5415 ει
3658 5362 3762 5416 Jo-

2183 5434 2351 5507 sepbo
2382 5434 2435 5492 in
2464 5434 2609 5493 dicto
2630 5438 2723 5491 lib.
2760 5439 2932 5489 Porro
2964 5438 3132 5490 codex
3167 5434 3305 5491 Med.
3331 5445 3385 5507 et
3416 5434 3582 5507 Savil.
3612 5450 3759 5507 χρη-

2187 5503 2414 5579 ματίσας
2447 5508 2969 5579 scriptumhabent,
3023 5522 3131 5579 tum
3181 5506 3478 5577 προκόψας.
3515 5503 3573 5579 In
3608 5503 3756 5557 δίδη.

2184 5576 2362 5631 autem
2392 5588 2445 5631 et
2473 5578 2607 5647 Fuk.
2634 5576 3197 5647 κωκυ-χρηματίσαι.
3230 5576 3402 5642 Quam
3422 5577 3760 5647 scripturam

2184 5650 2471 5701 conlirmat
2492 5644 2851 5716 Nicephorus.
2884 5644 2975 5699 sua
2997 5648 3140 5700 enim
3165 5650 3324 5716 habet
3347 5660 3466 5716 cap.
3499 5645 3531 5698 9
3558 5644 3682 5696 libri
3711 5659 3760 5716 ι,

2182 5718 2486 5788 ηὐτύχησεν
2532 5711 2682 5780 οὗτος
2704 5716 3055 5788 ἐπιμελητὴς
3084 5717 3180 5787 τῆς
3211 5711 3757 5788 Παλαιστίνης-γενὲὲ

2189 5782 2654 5865 σθαιξΕξεδιιιιεει
2687 5782 2859 5842 Graeci
2893 5782 3081 5865 dicunt
3112 5782 3353 5865 εὖτυχεῐν
3382 5786 3441 5837 τὸ
3470 5782 3756 5865 γενέσθαι.

2256 5858 2365 5927 (l9)
2400 5853 2526 5911 Τῶν
2558 5858 2693 5928 ἄχρι
2734 5858 3149 5927 προσηλύτων.
3182 5853 3373 5910 Mirum
3397 5867 3479 5909 est
3515 5856 3567 5908 in
3598 5853 3756 5908 codi-
