3966 6516
443 380 519 438 οδ
1815 367 1992 426 JULH
2033 364 2360 423 AFRICANI
3628 345 3695 400 64

449 502 531 556 ris
569 507 624 556 et
652 497 906 555 Coebaba
961 494 1163 551 Judteze
1193 493 1329 550 vicis
1361 491 1416 546 in
1447 490 1630 546 varias
1675 489 1924 558 regiones
1949 487 2032 542 di-

2160 503 2208 550 ›ς
2233 485 2406 554 ἔγωγε
2440 479 2664 552 νομίζω,
2697 478 2804 541 πᾶς
2817 492 2876 530 τε
2901 474 2960 538 ὃς
2980 467 3274 541 εὐγνώμων
3287 462 3700 558 cundiam-Kal

451 593 624 662 spersi
654 589 1020 660 supradictain
1057 586 1270 657 generis
1295 583 1490 639 seriem
1518 598 1584 636 ex
1614 580 2022 652 ephemeridum

452 684 593 738 libro
620 696 784 752 quam
817 687 1066 749 poterant
1118 674 1434 730 fidelissime
1470 679 1856 742 exposuerunt.
1901 669 2026 723 Sive

451 777 620 847 igitur
657 775 730 828 ita
757 789 816 828 se
855 787 942 826 res
968 770 1151 832 habet,
1193 767 1308 822 sive
1339 767 1518 829 aliter,
1547 765 1845 835 planiorem
1878 771 2026 818 certe

2131 578 2262 647 ἡμῖν
2291 574 2428 644 αῦτη
2466 571 2693 643 μελέτω,
2726 570 2775 622 ει
2805 566 2897 621 xal.
2933 563 3006 636 μὴ
3041 557 3389 633 ἔμμὰρτυρός
3419 555 3528 626 (27)
3561 554 3700 647 ἐστέ,

2256 667 2329 738 μὴ
2381 642 2660 736 κρείττονα
2703 661 2736 733 ἢ
2785 654 3154 728 ἀληθεστέραν
3199 650 3340 720 ἔχειν
3382 648 3574 700 εἰπεῖν.
3631 642 3703 698 Τδ

2137 759 2315 830 μέντοι
2345 755 2698 824 Εὑαγγέλιον,
2730 752 2945 814 πάντως
2969 746 3238 818 ἀληθεύει.

454 833 977 939 interpretationem,
1015 880 1137 920 meo
1163 864 1384 934 quidem
1413 862 1642 932 judicio,
1690 861 2032 929 aliorumque
2075 857 2168 926 qui
2208 854 2348 924 aequi
2390 867 2572 907 rerum
2628 850 2988 905 aestimatores
3014 857 3161 942 esse
3191 841 3392 942 volent,
3439 850 3603 942 nemo
3624 833 3708 889 fa-

449 962 554 1015 cile
578 931 857 1030 repererit.
911 958 1147 1013 Proinde
1182 931 1323 1012 three
1369 931 1526 1010 nobis
1568 953 1835 1020 sufficiat,
1900 951 2116 1006 tametsi
2148 949 2298 1003 nullo
2330 945 2640 1001 testimonio
2660 944 2824 1009 fulta;
2847 939 3064 1012 quando
3089 950 3189 990 nec
3209 935 3484 990 meliorem
3515 931 3704 995 aliam,

452 1067 554 1107 nec
573 1052 841 1106 veriorem
873 1051 1119 1121 proferre
1149 1066 1463 1121 possumus.
1495 1047 1759 1102 Caeterum
1781 1046 1913 1116 quin
1939 1059 2064 1098 vera
2099 1043 2168 1097 sit
2199 1039 2476 1109 Evangelii
2506 1036 2768 1098 narratio,
2794 1033 3031 1088 dubitari
3053 1047 3157 1085 non
3190 1035 3384 1100 potest.

524 1145 613 1200 Vl.
649 1147 892 1201 Matthan
920 1163 949 1200 a
979 1146 1271 1200 Salomone
1297 1159 1467 1215 genus
1499 1145 1725 1206 ducens,
1765 1139 2028 1196 Jacobum

455 1239 664 1307 genuit.
704 1239 918 1294 Mortuo
949 1239 1146 1294 deinde
1177 1237 1451 1292 Matthane
1473 1278 1485 1301 ,
1534 1234 1727 1289 Melchi
1766 1233 2030 1288 oriundus

453 1347 524 1386 ex
558 1328 823 1384 Nathanis
854 1330 1042 1399 stirpe,
1074 1345 1141 1383 ex
1171 1327 1360 1382 eadem
1415 1326 1642 1380 muliere
1666 1323 1851 1395 genuit
1890 1320 2028 1376 Heli.

2209 1133 2536 1203 ς’.ΜατΘὰν
2566 1131 2722 1186 ὁάπὺ
2765 1127 3075 1200 Σολομῶνος
3127 1125 3262 1196 (‘28),
3310 1122 3567 1191 ἐγέννησε
3613 1116 3709 1170 τὸν

2149 1227 2364 1282 Ἰακώϐ.
2400 1225 2625 1281 Ματθὰν
2670 1221 3050 1286 ἀποθανόντος,
3085 1217 3256 1289 Μελχὶ
3286 1219 3314 1270 ὁ
3345 1214 3453 1268 ἀπὸ
3492 1209 3705 1273 Νάθαν,

2138 1323 2203 1375 ὲκ
2246 1322 2344 1393 τῆς
2390 1321 2558 1390 αὐτῆς
2584 1317 2860 1387 γυναικὸς,
2896 1315 3152 1385 ἐγέννησε
3181 1311 3272 1364 τὸν
3306 1306 3422 1362 Ἦλί
3444 1323 3457 1337 ο
3493 1303 3708 1376 ὁμομή-

457 1421 726 1488 Quocirca
758 1396 998 1478 Jacobus
1027 1430 1080 1475 et
1109 1419 1223 1474 Heli
1259 1418 1455 1474 fratres
1486 1427 1642 1472 erant
1667 1416 1886 1471 uterini.
1916 1413 2034 1468 Heli

2160 1433 2278 1488 rpmt
2335 1415 2443 1486 ἄρα
2502 1412 2723 1480 ἀδελφοὶ
2784 1409 2896 1481 (29)
2967 1407 3085 1460 Ἠλὶ
3141 1403 3233 1458 καὶ
3304 1399 3517 1455 Ἰακώϐ.
3591 1396 3713 1488 'Hl}

458 1515 654 1571 deinde
676 1515 793 1570 sine
816 1515 1014 1569 liberis
1044 1512 1300 1568 defuncto
1323 1553 1338 1577 ,
1371 1509 1608 1565 Iacobus
1640 1509 1688 1566 ei
1723 1523 1904 1563 semen
1937 1523 2034 1563 su-

461 1607 701 1672 scitavit,
730 1606 970 1678 Josepho
995 1606 1175 1676 genito
1201 1624 1212 1658 :
1237 1605 1328 1674 qui
1357 1613 1553 1658 natura
1583 1601 1800 1673 quidem
1822 1599 2032 1665 Jacobi,

460 1700 578 1769 lege
607 1707 789 1754 autem
817 1698 932 1754 lleli
963 1698 1109 1754 titius
1143 1697 1266 1752 fuit.
1289 1695 1380 1751 Sic
1418 1703 1651 1766 uterque
1693 1692 1916 1762 Josephi
1941 1708 2035 1762 pa-

461 1799 542 1846 ter
576 1798 721 1846 recte
749 1790 973 1846 dicitur.

2136 1507 2364 1561 ἀτέκνου
2417 1503 2807 1569 ἀποθανόντος,
2846 1503 2874 1554 ὁ
2936 1495 3128 1553 Ἰακὼϐ
3211 1494 3507 1562 ἀνέστησεν
3559 1489 3712 1558 αὑτῷ

2139 1598 2382 1670 σπέρμα,
2413 1596 2677 1667 γεννήσας
2707 1593 2797 1646 τὸν
2841 1591 3059 1663 Ἰωσὴφ,
3090 1586 3233 1642 κατὰ
3263 1583 3421 1656 φύσιν
3455 1581 3550 1654 μὲν
3581 1581 3712 1634 tau-

2134 1689 2235 1761 τῷ,
2264 1689 2402 1742 κατὰ
2431 1687 2592 1758 νόμον
2623 1686 2680 1739 δὲ
2706 1685 2787 1756 τῷ
2827 1683 2966 1738 Ἠλὶ.
3004 1680 3191 1743 Οὕτως
3239 1673 3562 1747 ἀμφοτέρων
3596 1671 3714 1735 υίὸς

2135 1777 2204 1854 ἦν
2225 1784 2254 1836 ὁ
2291 1781 2508 1854 Ἰωσήφ.

2913 1955 3713 1993 m

499 1969 3242 2010 ψ

1360 2161 1859 2322 JULII
1955 2149 2845 2312 AFRICANI

1174 2448 1182 2482 ‘
1795 2449 1965 2520 om:
2005 2447 2420 2507 suransuar

668 2637 851 2749 EX
928 2633 1562 2769 QUINQUE
1649 2628 2120 2743 LIBRIS
2207 2616 3510 2762 CHRONOGRAPHIZE,

1096 2856 1196 2918 Ad
1227 2873 1354 2916 rem
1383 2872 1626 2915 sacram
1657 2861 1715 2913 et
1745 2848 2226 2914 ecclesiasticam
2268 2846 2669 2927 potissimum
2704 2845 3074 2925 spectantia.

2040 3041 2112 3059 .-

981 3167 1024 3223 l.
1062 3169 1216 3238 Apud
1249 3167 1527 3240 Georgium
1563 3169 1868 3240 Synceltum
1899 3168 2190 3239 Chronogr.
2223 3183 2347 3238 pag.
2381 3165 2446 3219 l7
2475 3164 2602 3218 edit.
2638 3162 2820 3216 Paris.
2843 3202 2858 3227 ,
2895 3161 2963 3215 Η
3003 3158 3182 3214 Venet.

539 3279 614 3339 De
649 3286 1023 3340 commentitia
1055 3283 1433 3358 {Egyptiorum
1485 3286 1984 3358 Chaldreorumque

1062 3356 1450 3424 Chronologia.

544 3463 780 3534 Egyptii
819 3473 965 3519 certe
993 3463 1060 3519 de
1095 3479 1208 3519 sua:
1243 3465 1419 3519 inlatis
1462 3463 1787 3533 antiquitate
1821 3463 2038 3535 jactan-

2155 3284 2292 3356 Περὶ⁸
2321 3282 2420 3353 τῆς
2469 3279 2577 3334 τῶν
2618 3279 2926 3356 Αἰγυπτίων
2981 3278 3074 3356 ita).
3112 3275 3394 3331 Χαλδαίων
3445 3273 3727 3346 μυθώδους

2749 3349 3111 3423 χρονολογίας.

2214 3469 2501 3538 Αἰγύπτιος
2549 3466 2646 3537 μὲν
2692 3459 2785 3518 οὖν
2833 3462 2925 3515 ἐπὶ
2961 3465 3069 3516 τῶν
3111 3461 3567 3533 κομπωδέστερον
3607 3459 3728 3532 (50)

475 3603 581 3656 hoc
615 3604 669 3675 in
697 3601 818 3655 loco
833 3602 1046 3675 aliquid
1083 3603 1272 3675 deesse
1301 3612 1520 3675 apparet
1566 3618 1631 3657 ex
1655 3605 1917 3675 particula
1947 3625 2048 3671 τε..
2073 3617 2115 3671 Β
2143 3608 2386 3663 flectunt.
2416 3606 2473 3660 ln
2521 3605 2689 3675 Regio
2731 3619 2795 3658 ac
2839 3602 2977 3657 Med.
3016 3601 3230 3675 duplex
3290 3611 3409 3675 est_
3441 3610 3726 3675 accentus,

471 3688 592 3740 quae
612 3671 950 3745 inomnibus
976 3673 1176 3726 nostris
1203 3671 1505 3745 codicibus,
1531 3682 1583 3727 et
1605 3671 1746 3742 apud
1775 3674 2042 3745 Nicepho-

471 3755 592 3795 rum
612 3741 858 3795 habetur.
875 3740 1054 3807 Quare
1070 3742 1365 3810 supplenda
1388 3740 1762 3798 videiiturhzec
1775 3740 1935 3799 verba
1951 3748 2044 3801 καὶ

471 3811 582 3884 dare
615 3813 834 3884 μνήμης
865 3814 924 3876 eg
948 3813 1070 3866 ὅσον
1104 3811 1532 3884 ἐξικνοῦντο-11³
1567 3823 1712 3868 certe
1743 3815 1936 3884 legisse
1960 3818 2042 3870 vi-

476 3881 636 3935 detur
661 3881 911 3954 Rufinus,
940 3884 1032 3952 qui
1069 3884 1147 3937 sic
1194 3885 1386 3938 vertit:
1421 3882 1672 3936 Ordinem
1725 3881 2046 3954 supradicta

407 4001 412 4006 ,
477 3953 828 4022 generationis
880 3955 1074 4022 partim
1138 3959 1455 4014 memoriter,
1518 3954 1714 4020 partim
1773 3953 1932 4008 etiam
1980 3972 2046 4010 ea:

481 4020 699 4096 Dierum
731 4020 914 4087 libris,
969 4027 1025 4076 in
1074 4037 1326 4094 quantum
1371 4032 1487 4076 erat
1521 4025 1802 4092 possibile,
1851 4027 2044 4096 perdo-

475 4092 682 4148 cebant.

550 4162 760 4284 (27k?!
788 4163 885 4215 καὶ
907 4162 992 4233 μὴ
1041 4163 1430 4248 ἐμιμάρτιᾯος.
1473 4161 1530 4217 In
1577 4164 1762 4248 codice
1797 4163 1965 4236 Regio
1993 4175 2048 4220 et

552 4233 619 4284 nd
698 4235 1012 4284 icenhorum
1045 4234 1240 4284 lenitur
1282 4251 1329 4284 ει
1377 4235 1469 4284 καὶ
1507 4235 1857 4284 aucto-cunae.
1902 4237 2046 4284 (ιιιοΛ

479 4233 619 4306 apud
645 4233 1012 4306 Nicephgrum
1045 4234 1240 4304 legitur
1282 4235 1329 4286 εἰ
1377 4235 1857 4306 καὶᾼάμὰρτυρος,
1882 4233 2046 4306 ’ψιοό

480 4302 620 4355 idem
680 4302 1148 4374 est.7C;eterum_,
1217 4305 1408 4374 quanti
1469 4302 1744 4358 fac‘ieiida'
1783 4307 1853 4359 sit
1921 4302 2050 4360 haec

479 4374 778 4444 evangelici
815 4373 918 4427 loci
947 4373 1259 4442 explicatio,
1285 4384 1432 4444 patet
1455 4390 1519 4426 cx
1546 4375 1628 4429 his
1656 4375 1898 4429 Africani
1929 4393 2050 4430 ver-

481 4441 598 4512 bis:
631 4443 830 4512 quippe
875 4444 966 4512 qui
996 4441 1191 4499 fatetur
1236 4441 1354 4499 eam
1412 4446 1564 4498 nullo
1597 4446 1908 4500 testimonio
1939 4445 2049 4500 ful-

481 4511 581 4564 ciri
620 4511 864 4583 veterum
897 4511 1260 4583 scriptorum.
1295 4515 1515 4568 Admitti
1547 4524 1727 4568 tamen
1764 4531 1885 4570 eam
1936 4518 2050 4571 vult

482 4598 510 4633 a
543 4581 699 4634 nobis
720 4623 734 4648 ,
766 4599 830 4635 co
878 4581 1038 4651 quod
1071 4586 1217 4638 nulla
1254 4585 1446 4638 melior
1484 4585 1661 4638 afferri
1695 4587 1884 4653 possit.
1917 4585 2049 4652 Qua:

486 4666 608 4704 cum
639 4653 707 4704 ita
735 4654 866 4716 sint,
895 4655 1086 4706 nollem
1114 4653 1404 4708 Eusebium
1433 4655 1483 4708 iu
1509 4655 1775 4709 vestibulo
1795 4655 2050 4711 Historia:

485 4738 598 4794 sua:
639 4723 968 4776 mentionem
1007 4726 1169 4793 hujus
1201 4725 1277 4777 rei
1308 4725 1518 4794 fecisse.
1569 4724 1753 4779 Satius
1806 4728 2049 4794 profecto

483 4790 673 4866 fuisset
698 4809 768 4866 ac
798 4790 1098 4866 consultius
1135 4799 1275 4848 hanc
1317 4793 1730 4866 Eiaiigeliorum
1762 4790 2053 4851 dissonan-

486 4861 616 4914 tiam
665 4863 880 4917 silentio
928 4865 1221 4926 involvere,
1254 4881 1320 4918 ne
1350 4861 1644 4918 lectoribus
1670 4882 1699 4918 a
1733 4867 1834 4919 fide
1863 4879 2049 4922 nostra

486 4931 698 5004 alienis,
717 4933 1022 5002 cujusmodi
1048 4945 1176 4988 tunc
1193 4935 1450 5002 temporis
1465 4943 1620 4988 erant
1639 4937 2051 5004 quamplurimi,

2151 3689 2264 3733 tum
2325 3679 2377 3731 in
2430 3672 2767 3746 peuultima,
2815 3683 2956 3746 tum
3015 3672 3549 3746 in_a_utepenu|tima
3592 3675 3728 3746 psyl-

2149 3749 2290 3804 laba.
2328 3743 2492 3816 quue
2519 3747 2572 3799 in
2606 3746 2727 3800 aliis
2754 3745 2916 3816 etiam
2956 3743 3269 3816 nominibus
3308 3743 3604 3810 supradicti
3628 3759 3728 3797 co-

2149 3820 2300 3873 dices
2342 3813 2672 3881 observant,
2731 3813 2944 3884 quoties
2978 3813 3294 3884 ambiguum
3325 3820 3447 3884 est,
3479 3828 3724 3882 quonam

2151 3896 2376 3943 accentu
2433 3887 2666 3940 notanda
2715 3883 2825 3938 sint
2859 3883 3121 3937 vocabula
3151 3924 3167 3947 ,
3222 3891 3282 3936 ut
3333 3883 3622 3938 denotetur
3663 3884 3725 3940 in

2151 3959 2274 4013 aliis
2301 3957 2519 4023 quidem
2541 3955 2940 4024 exemplaribus
2969 3953 3113 4006 hunc
3150 3960 3434 4024 accentum
3456 3993 3471 4018 ,
3505 3953 3558 4006 in
3596 3953 3724 4008 aliis

2151 4043 2281 4082 vero
2312 4022 2464 4081 illum
2510 4022 2756 4096 reperiri.
2783 4024 3088 4096 Quinetiam
3116 4022 3286 4096 nostri
3310 4023 3527 4096 codices
3557 4025 3726 4096 paulo

2152 4107 2278 4152 ante
2305 4091 2822 4164 scriptum'habent,
2855 4093 2962 4147 ἀπὸ
2992 4091 3084 4164 τοῦ
3114 4092 3278 4164 Δαᾷὶδ
3323 4092 3412 4144 διὰ
3443 4093 3727 4162 Σολομῶν-

2153 4185 2243 4230 τος
2275 4168 2372 4230 τὰς
2402 4162 2594 4234 γενεὰς
2616 4162 3162 4236 καταριθμουμένοις.
3200 4162 3303 4236 Sig
3331 4164 3474 4236 enim
3525 4179 3728 4236 omnes

2154 4239 2326 4292 nostri
2354 4232 2587 4302 codices,
2623 4232 2868 4304 excepto
2904 4234 3093 4302 Hegio,
3139 4233 3233 4302 qui
3267 4232 3577 4304 Σολόμωνος
3609 4234 3728 4289 illic

2156 4308 2337 4362 habet.

2228 4377 2340 4448 (ΞΘ)
2377 4373 2744 4448 Ὀμομήῖριοᾳ
2773 4373 2890 4448 ἀρα
2919 4372 3188 4448 ἀδελφοί.
3230 4373 3287 4427 ln
3329 4373 3431 4426 hac
3461 4375 3725 4448 concilia-

2160 4445 2305 4500 tione
2325 4445 2487 4512 quam
2517 4446 2683 4501 refert
2713 4445 3024 4508 Africanus,
3048 4447 3156 4498 duo
3187 4453 3315 4499 sunt
3355 4460 3477 4511 qua:
3521 4446 3725 4498 nonni-

2156 4516 2233 4568 hil
2264 4517 2597 4576 dilIicultatis
2629 4518 2826 4570 habere
2863 4516 3134 4567 videntur.
3169 4512 3413 4568 Primum
3441 4513 3586 4566 enim
3616 4517 3725 4568 dn-

2159 4587 2394 4650 bito,an
2423 4587 2636 4640 licuerit
2687 4585 2903 4640 uterino
2949 4583 3106 4638 fratri
3145 4585 3363 4638 viduam
3404 4582 3585 4637 fratris
3633 4585 3726 4639 sui

2159 4672 2383 4710 uxorem
2418 4657 2637 4720 ducere,
2670 4666 2718 4709 et
2755 4670 2819 4707 ex
2857 4670 2919 4707 ea
2949 4655 3148 4708 liberos
3175 4669 3461 4722 procreare
3513 4653 3565 4706 in
3619 4671 3727 4708 no-

2216 4743 2280 4778 cu
2313 4743 2377 4780 ac
2425 4727 2681 4779 familiam
2715 4725 2898 4777 fratris
2933 4726 3016 4777 sui
3053 4726 3395 4778 transituros.
3427 4722 3536 4776 Lex
3571 4725 3721 4778 enim

2206 4794 2558 4850 enteronomii
2581 4811 2700 4864 cap.
2733 4809 2836 4848 xxv
2864 4795 3101 4859 loquitur
3147 4795 3214 4849 de
3257 4794 3455 4854 fratre,
3499 4796 3592 4864 qui
3626 4797 3726 4847 ha-

2161 4865 2296 4919 bitat
2324 4868 2374 4920 in
2405 4867 2590 4920 eadem
2617 4863 2779 4919 domo
2803 4904 2819 4927 ,
2866 4872 2919 4917 et
2960 4864 3053 4934 qui
3093 4875 3176 4918 est
3220 4865 3505 4930 συγγενής.
3559 4863 3721 4929 Quod

2161 4935 2375 5002 quidem
2411 4936 2542 4989 solis
2571 4935 2842 5005 germanis
2865 4944 2959 4987 aut
2989 4936 3409 5005 consanguineis
3434 4935 3719 5003 competit.

494 5003 715 5074 occasio
741 5004 1255 5074 subministraretur
1287 5005 1353 5058 de
1386 5003 2052 5074 Evangelidrumveritate
2080 5009 2121 5064 C
2156 5005 2289 5058 Nam
2326 5003 2774 5059 Ulerillusvl‘l'ﬂler
2805 5020 2912 5057 11οη
2941 5015 3024 5058 est
3065 5021 3128 5057 ΘΧ
3177 5003 3365 5060 εξιύειιι
3398 5005 3584 5067 domo.
3616 5019 3719 5058 118⁸

485 5070 786 5143 dubitandi.
824 5075 982 5128 Certe
1019 5073 1270 5128 Julianus
1303 5070 1578 5143 Augustus
1608 5075 1661 5128 in
1693 5076 1832 5129 libro
1861 5089 2048 5132 contra

484 5141 820 5213 Christianos
863 5143 1002 5198 hanc
1043 5141 1492 5213 evangelistarum
1523 5145 1913 5199 diSSensionein
1951 5163 2048 5199 no-

487 5209 569 5286 bis
600 5212 806 5286 objicit,
848 5222 1001 5286 _teste
1049 5209 1374 5286 Hieronymo
1423 5215 1474 5266 in
1535 5213 1940 5269 Commentariis
1994 5217 2047 5272 in

488 5278 818 5354 Mattbaeum.
848 5281 1025 5336 Locus
1069 5278 1270 5354 Juliani
1322 5293 1500 5338 exstat
1531 5285 1672 5353 apud
1700 5286 1959 5354 Cyrillum
1993 5287 2046 5339 in

483 5349 626 5405 libro
649 5362 839 5406 octavo
867 5364 1051 5406 contra
1103 5352 1399 5407 lulianum.
1435 5349 1638 5407 Auct—or
1687 5349 2047 5418 Quaestionum

503 5419 694 5474 Veteris
719 5431 768 5475 et
797 5421 933 5476 Novi
967 5424 1302 5485 'l‘estaiueiui,
1338 5441 1457 5492 cap.
1491 5424 1557 5478 56
1581 5465 1594 5486 ,
1623 5427 1688 5478 de
1721 5427 1821 5480 hac
1870 5427 2046 5479 disso-

490 5492 956 5564 naiitiailoquens,
989 5494 1229 5546 Africani
1267 5495 1576 5562 opinionem
1619 5495 1908 5564 improbat.
1943 5494 2046 5550 Sed

490 5561 603 5631 ipse
629 5561 788 5615 aliam
823 5563 976 5617 affert
1007 5565 1184 5623 minus
1217 5561 1571 5631 probabilem.

560 5629 671 5698 (28)
694 5635 934 5686 Ματθὰν
961 5636 994 5686 ὁ
1035 5633 1151 5688 ἀπὸ
1187 5629 1554 5702 Σολομῶνος.
1597 5634 1730 5688 Mira
1755 5644 1838 5690 est
1872 5636 2046 5688 varie-

491 5711 852 5773 tasaccentus
887 5704 938 5754 in
972 5705 1073 5757 hoc
1121 5707 1357 5758 nomine.
1397 5705 1532 5759 Maz.
1583 5707 1800 5773 quidem
1829 5715 1880 5760 et
1905 5705 2038 5760 Fuk.

492 5771 659 5826 codex
689 5781 967 5826 accentum
1018 5775 1226 5842 habent
1273 5776 1324 5827 in
1374 5771 1815 5842 antepeifultiuia.
1881 5775 2041 5830 Nice-

492 5842 696 5911 phorus
743 5856 871 5897 vero
915 5853 964 5897 et
1013 5841 1148 5900 Fuit.
1194 5845 1360 5899 codex
1409 5841 1761 5915 penultimam
1797 5847 2036 5902 circum-

2157 5092 2263 5143 que
2285 5092 2350 5128 ex
2377 5076 2565 5129 eodem
2591 5090 2784 5144 genere
2813 5091 2828 5138 ;
2857 5089 2978 5126 cum
3015 5091 3204 5143 genus,
3248 5075 3542 5144 praesertim
3573 5075 3721 5142 apud

2155 5145 2394 5210 Jmlaeos,
2422 5160 2484 5197 ex
2517 5143 2736 5213 paterna
2765 5146 2930 5211 stirpe
2947 5145 3199 5213 ducatur.
3230 5150 3387 5197 Certe
3425 5143 3722 5200 Africanus

2154 5217 2352 5269 diserte
2399 5212 2626 5268 testatur
2673 5214 2934 5268 Jacobuin
2974 5223 3027 5268 et
3075 5212 3188 5266 Heli
3233 5213 3427 5267 fratres
3468 5215 3718 5269 uterinos

2153 5285 2488 5339 eontribules
2538 5286 2757 5352 quidem
2797 5283 2964 5336 fuisse
2991 5323 3005 5340 .
3039 5299 3105 5336 ex
3141 5285 3358 5337 diverso
3410 5293 3588 5336 tamen
3623 5299 3721 5351 ge-

2155 5371 2301 5415 nere,
2327 5357 2387 5406 ἐκ
2415 5355 2682 5426 διαφόρων
2701 5355 2793 5407 δύο
2813 5354 2999 5421 γενῶν.
3025 5355 3274 5408 Secundo
3305 5355 3424 5409 loco
3467 5355 3536 5426 du
3547 5353 3721 5426 hilare

2155 5426 2278 5493 quis
2311 5441 2414 5478 non
2438 5423 2708 5479 immerito
2731 5425 2933 5492 possit,
2964 5435 3142 5477 utrum
3185 5425 3237 5476 in
3273 5423 3719 5492 generationibus

2157 5498 2498 5549 recensendis
2522 5496 2706 5549 ratioa
2732 5494 2931 5548 Judaais
2954 5495 3132 5548 habita
3164 5495 3230 5549 sit
3263 5501 3473 5563 patrum
3505 5493 3722 5560 adopti-

2154 5580 2366 5617 vorum.
2404 5564 2720 5632 Exemplum
2751 5565 3010 5618 habemus
3039 5566 3246 5619 illustre
3270 5569 3322 5619 in
3359 5565 3528 5626 Obed,
3558 5565 3723 5632 cujus

2153 5635 2204 5687 in
2245 5637 2559 5705 geiicalogia
2587 5635 2786 5689 Christi
2823 5635 2880 5688 fit
2909 5640 3132 5690 mentio.
3171 5634 3306 5689 Nam
3341 5652 3465 5691 cum
3502 5634 3715 5688 Maalon

2220 5775 2326 5843 (30)
2357 5774 2756 5855 .chxeiﬁéar.
2822 5775 2946 5846 ch.
3008 5779 3211 5848 χρόνων

2148 5843 2522 5918 φλυαροῦντες.
2550 5845 2717 5901 Cosa.
2789 5907 2791 5909 1
