3966 6516
261 388 333 447 ϐες
1214 393 1378 461 ρυΑε
1421 393 1834 450 SUPERSUNT
1874 395 1964 451 EX
2005 398 2231 454 LIBRI?»
2268 400 2665 461 (.HROSOGR.
3444 411 3509 465 66

264 508 462 581 χρόνων
507 508 637 579 περὶ
676 509 774 572 τὰς
826 509 1102 580 περιόδους
1136 509 1229 562 καὶ
1267 509 1532 581 μυριάδας
1554 510 1709 575 ἑτῶν,
1739 528 1812 565 κα

1940 515 2050 569 tius
2078 515 2273 571 elocuti
2298 557 2312 580 ,
2338 534 2435 585 per
2458 535 2728 575 annorum
2756 524 3129 583 revolutiones
3151 538 3206 584 et
3233 532 3509 603 myriades

260 598 476 653 τάθεσίν
505 616 629 652 τινα
656 598 764 652 τῶν
802 598 931 670 παρ’
963 600 1149 663 αὐτοῖς
1189 599 1700 672 ἀστρολογουμένων
1723 600 1839 665 ἐξέ-

261 690 429 743 θεντο·
472 690 543 754 ἃς
590 691 733 754 τινὲς
774 690 882 744 τῶν
923 690 1096 744 ταῦτα
1143 690 1402 762 ἀκριϐοῦν
1441 690 1705 754 δοξάντων
1742 709 1836 745 συ·-

264 780 597 844 στέλλοντες,
627 780 963 851 σεληνιαίους
997 777 1148 833 εἶπον
1175 783 1471 845 ἐνιαυτοὺς,
1501 782 1649 835 οὐδὲν
1682 782 1836 835 ἐλατ-

261 889 349 925 τον
377 874 472 927 ἐπὶ
502 875 568 929 τὺ
599 876 841 946 μυθῶδες
867 877 1287 941 ἀπονενευκότες
1327 879 1695 949 συμπίπτουσι
1719 882 1838 943 ταῖς

259 964 397 1018 ὀκτὼ
425 967 521 1018 καὶ
558 967 713 1020 ἐννέα
737 967 971 1037 χιλιάσιν
999 968 1155 1033 ἑτῶν,
1183 968 1247 1031 ἃς
1270 972 1580 1038 Αἰγυπτίων
1606 972 1652 1023 οἱ
1688 970 1835 1044 παρὰ

259 1055 505 1110 Πλάτωνι
538 1058 702 1127 ἱερεῖς
727 1058 807 1120 είς
835 1058 1045 1110 Σόλωνα
1090 1058 1552 1131 καταριθμοῦντες
1583 1061 1682 1113 οὐκ
1708 1062 1838 1132 ἀλη-

262 1147 493 1203 θεύουσι.
529 1150 641 1202 Καὶ
681 1152 809 1218 μετ’
838 1151 1028 1219 ὀλίγαο
1062 1152 1141 1203 Τὰ
1183 1151 1292 1222 γὰρ
1322 1152 1580 1205 Φοινίκων
1603 1155 1835 1224 τρισμύ-

266 1258 354 1311 ρια
383 1240 496 1311 ἔτη,
528 1240 564 1309 ἢ
586 1242 677 1294 τὸν
702 1241 809 1294 τῶν
830 1242 1107 1295 Χαλδαίων
1136 1243 1320 1316 λῆρον,
1345 1244 1403 1297 τὸ
1433 1245 1539 1297 τῶν
1570 1246 1835 1316 τεσσαρά-

267 1350 419 1385 κοντα
452 1331 604 1386 ὀκτὼ
631 1335 924 1404 μυριάδων,
955 1335 1008 1388 τί
1046 1335 1126 1388 δεῖ
1164 1337 1377 1402 λέγειν;
1409 1340 1471 1391 ὲκ
1496 1338 1698 1392 τούτων
1723 1339 1832 1409 γὰρ

276 1424 504 1477 Ἰουδαῖοι
539 1425 602 1478 τὸ
644 1426 901 1479 ἀνέκαθεν
937 1426 1069 1499 (51),
1095 1430 1374 1497 γεγονότες
1412 1430 1519 1483 ἀπὸ
1560 1430 1827 1502 Ἀϐραὰμ,

254 1515 575 1585 ἀρξάμενοι,
606 1518 933 1590 ἀτυφότερόν
970 1537 1029 1573 τε
1062 1521 1154 1573 καὶ
1184 1521 1539 1593 ἀνθρωπίνως
1572 1524 1708 1595 μετὰ
1736 1526 1830 1579 τοῦ

248 1604 483 1675 ἀληθοῦς
503 1607 596 1660 διὰ
627 1607 722 1660 τοῦ
752 1609 1028 1674 Μωῦσέως
1060 1613 1366 1683 πνεύματος
1387 1614 1740 1684 διδαχθέντες,
1765 1616 1828 1670 ἐκ

245 1713 302 1749 τε
345 1698 457 1750 τῶν
508 1698 714 1753 λοιπῶν
749 1699 1049 1772 Ἐσραῖκῶν
1102 1705 1371 1776 ἱστοριῶν,
1418 1706 1646 1777 ἀριθμὸν
1692 1707 1828 1761 ἐτῶν

244 1790 508 1853 πεντάκις
539 1792 729 1861 χιλίων
761 1795 1126 1848 πεντακοσίων
1153 1798 1232 1860 είς
1258 1797 1353 1868 τὴν
1388 1800 1708 1867 ἐπιφάνειαν
1729 1799 1823 1853 τοῦ

1942 617 2281 675 prorogatam
2307 613 2598 679 quamdam
2624 615 2817 669 seriem
2845 632 2911 669 ex
2940 620 3281 690 astrologicis
3298 628 3511 695 experi-

1941 698 2138 751 mentis
2164 709 2471 755 statuerunt
2497 721 2509 756 :
2541 719 2678 772 quas
2704 706 2922 774 quidem
2964 710 2999 761 ii
3046 711 3140 778 qui
3171 726 3229 765 se
3263 716 3507 782 penitius

1941 789 2245 858 inspexisse
2277 792 2635 861 arbitrantur,
2665 800 2978 853 summatim
3006 799 3270 870 legentes,
3306 804 3510 863 fabulis

1940 882 2113 934 nihilo
2163 883 2344 937 secius
2396 884 2633 950 addicti,
2688 904 2864 944 annos
2915 892 3230 959 hujusmodi
3286 898 3511 952 lunares

1940 974 2211 1042 putandos
2248 977 2542 1029 commenti
2580 989 2737 1042 sunt,
2772 990 2825 1033 et
2855 983 3100 1038 conﬁctis
3137 996 3259 1039 octo
3291 988 3374 1041 vel
3411 1006 3504 1042 no-

1939 1084 2057 1121 vem
2092 1084 2360 1122 annorum
2408 1070 2759 1137 millenariis,
2807 1089 2928 1143 qum
2974 1074 3189 1144 Soloni,
3226 1081 3373 1135 velut
3416 1096 3513 1133 au—

1888 1220 1897 1229 _
1937 1160 2098 1218 ctori.
2123 1159 2501 1229 Egyptiorum
2538 1165 2846 1219 sacerdotes
2864 1169 3003 1235 apud
3020 1167 3298 1225 Platonem
3328 1189 3508 1241 quon-

1937 1250 2061 1305 dam
2099 1253 2507 1322 ascripserunt,
2558 1272 2587 1310 a
2626 1258 2856 1312 veritate
2906 1262 3201 1329 probavere
3241 1279 3299 1318 se
3344 1265 3507 1333 longe

1935 1342 2180 1397 dissitas.
2229 1343 2295 1396 Et
2340 1346 2657 1414 quibusdam
2706 1350 3036 1418 interjectis:
3077 1352 3119 1404 A
3155 1352 3507 1410 Phtenieibus

1934 1435 2137 1503 pariter
2168 1437 2440 1506 myriades
2476 1454 2746 1494 annorum
2782 1451 2892 1495 tres
2916 1443 3184 1511 jactatas,
3217 1444 3503 1500 Chaldaa-i-

1934 1541 2167 1596 rumque
2196 1528 2386 1582 deliria
2414 1569 2427 1593 ,
2468 1545 2568 1585 nec
2609 1547 2717 1585 non
2744 1534 3104 1604 quadraginta
3134 1546 3187 1591 et
3213 1546 3335 1591 octo
3368 1539 3505 1592 alias

1935 1618 2239 1688 myriades,
2287 1622 2414 1690 quid
2464 1638 2770 1679 memorare
2811 1642 3035 1681 necesse
3072 1628 3200 1681 est?
3259 1630 3305 1681 Α
3341 1629 3507 1683 Cimi-

1932 1707 2063 1763 dzeis
2088 1710 2232 1763 enim
2266 1726 2361 1779 per
2384 1711 2753 1768 Abrahamum
2782 1724 2986 1784 patrem
3015 1717 3118 1771 orti
3148 1716 3317 1773 Judaei
3336 1760 3349 1782 ,
3377 1735 3506 1773 vero

1933 1797 2133 1871 Moysis
2167 1802 2359 1873 spiritu
2414 1804 2645 1869 imbuti,
2685 1822 2791 1875 qua
2823 1807 2979 1862 decet
3010 1809 3258 1866 homines
3285 1829 3314 1865 a
3358 1811 3502 1865 fastu

243 1882 516 1953 σωτηρίου
571 1884 684 1954 (32)
731 1884 889 1953 λόγου
938 1886 1034 1959 τὴν
1083 1890 1174 1941 ἐπὶ
1218 1890 1317 1959 τῆς
1370 1891 1668 1963 μοναρχίας
1716 1892 1814 1947 τῶν

1932 1893 2136 1948 alienos
2156 1934 2171 1956 ,
2198 1896 2391 1965 suique
2419 1912 2687 1953 memores
2706 1940 2721 1963 ,
2746 1900 3042 1963 modestia,
3072 1916 3138 1955 ex
3164 1902 3369 1958 relictis
3397 1903 3501 1958 sibi

240 1974 541 2046 Καισάρων
572 1994 642 2048 κη
653 1980 985 2051 ρυσσομένην
1015 1982 1477 2053 παραδεδώκασιν.

1929 1982 2282 2063 ἰξρὶιιτεοτυιη
2332 1989 2701 2043 monumentis
2746 2005 3017 2045 annorum
3050 1992 3344 2063 quinquies
3380 1994 3497 2048 mil-

428 2042 439 2046 -
632 2042 664 2049 ..
821 2042 833 2050 .
944 2042 955 2051 .
1095 2042 1105 2053 _
2686 2042 2691 2043 κ
3054 2042 3473 2063 Ί----,,-----

239 2070 375 2123 lium
434 2084 490 2125 et
540 2072 963 2143 quingentorum
1022 2093 1310 2132 numerum
1343 2094 1517 2149 usque
1569 2080 1635 2133 ad
1665 2077 1919 2135 salutaris
1947 2042 2109 2134 verbi
2170 2081 2459 2136 adventum
2517 2082 2620 2137 sub
2672 2082 2951 2139 Czesarum
3008 2086 3240 2156 imperio
3296 2090 3501 2143 mundo

235 2163 560 2233 uulgatum
604 2164 841 2233 posteris
874 2166 1233 2223 tradiderunt.

1414 2259 1478 2317 11.
1524 2260 1691 2327 Ibid.,
1726 2279 1850 2333 pag.
1886 2260 1987 2327 19,
2024 2256 2098 2312 al.
2135 2256 2221 2310 15.

705 2371 839 2443 Περὶ
871 2371 978 2425 τῶν
1017 2374 1352 2446 ὲγρηγόρων.

297 2462 561 2533 Πλήθους
610 2463 908 2537 ἀνθρώπων
947 2468 1239 2538 γενομένου
1282 2468 1375 2520 ἐπὶ
1424 2470 1523 2539 τῆς
1557 2469 1682 2537 γῆς,
1722 2468 1823 2537 ἆγ-

232 2555 382 2624 γελοι
428 2556 526 2609 τοῦ
566 2558 793 2629 οὐρανοῦ
830 2560 1160 2632 θυγατράσιν
1195 2561 1493 2633 ἀνθρώπων
1538 2561 1815 2631 συνῆλθον.

230 2646 317 2699 Ἐν
356 2646 519 2711 ἐνίοις
544 2649 898 2720 ἀντιγράφοις
930 2645 1108 2724 εὖρον,
1151 2656 1205 2707 ol
1232 2655 1347 2707 υἱοὶ
1377 2654 1481 2707 τοῦ
1507 2654 1672 2707 Θεοῦ.
1709 2655 1822 2708 Μυ-

231 2738 452 2791 θεὺεται
495 2739 573 2803 δὲ,
618 2740 693 2803 ὼς
737 2737 889 2811 οἶμαι
918 2743 1060 2813 (55),
1093 2742 1202 2795 ἀπὸ
1242 2743 1335 2796 τοῦ
1390 2744 1518 2814 Σὴθ,
1566 2744 1671 2796 ὑπὸ
1723 2743 1817 2796 τοῦ

232 2826 577 2898 Πνεύματος,
625 2830 673 2881 οἱ
713 2830 821 2883 υἱοὶ
854 2830 986 2883 Θεοῦ
1036 2832 1557 2903 προσαγορεύονται,
1586 2832 1673 2885 διὰ
1697 2835 1821 2897 τοὺς

232 2917 327 2969 ἀπ’
381 2918 555 2971 αὑτοῦ
604 2920 1128 2992 γενεαλογουμένους
1174 2922 1412 2985 δικαίους
1457 2922 1663 2975 ’τε-καὶ
1710 2940 1817 2976 πα-

229 3009 523 3079 τριάρχας,
570 3009 699 3081 ἄχρι
742 3011 835 3063 τοῦ
883 3013 1150 3083 Σωτῆρος
1189 3014 1314 3076 τοὺς
1344 3013 1388 3066 δ’
1419 3012 1525 3066 ἀπὸ
1554 3013 1692 3066 Κάῖν
1724 3015 1819 3066 ἀν-

231 3098 490 3171 θρώπους
535 3101 831 3154 ἀποκαλεῖν
875 3103 986 3171 (54)
1024 3104 1253 3174 σπορὰν,
1305 3103 1380 3166 ὼς
1440 3103 1614 3155 οὑδέτι
1676 3102 1817 3157 θεῖον

230 3192 541 3262 ἐσχηκότας
571 3192 658 3245 διὰ
701 3194 965 3265 πονηρίαν
996 3194 1210 3263 γένους,
1241 3195 1333 3247 κα)⁵
1360 3194 1447 3247 διὰ
1474 3195 1572 3265 τῆς
1603 3193 1816 3263 φύσεως

2504 2368 2581 2426 De
2636 2372 2939 2443 egregoris.

1995 2465 2169 2519 Aucta
2210 2478 2371 2533 super
2409 2468 2611 2517 terram
2648 2464 2931 2519 hominum
2974 2465 3357 2533 multitudine,
3391 2482 3494 2524 an-

1925 2556 2027 2628 geli
2066 2554 2189 2610 ωειί
2231 2554 2444 2609 ﬁliabus
2474 2553 2757 2608 hominum
2788 2555 3061 2609 commisti
3100 2565 3250 2609 sunt.
3283 2555 3340 2609 In
3371 2557 3497 2626 qui-

1924 2647 2155 2701 busdam
2178 2645 2579 2716 exemplaribus
2605 2645 2727 2716 legi,
2752 2646 2855 2715 ﬁlii
2879 2646 2994 2700 Dei.
3017 2646 3245 2713 lndicat,
3268 2657 3327 2702 ut
3351 2664 3494 2713 reor,

1924 2738 2165 2808 Spiritus
2196 2745 2421 2791 sanctus
2455 2752 2482 2790 a
2523 2736 2653 2791 Seth
2689 2746 2840 2806 patre
2876 2737 2970 2791 Dei
3009 2738 3146 2793 ﬁlios
3181 2739 3396 2806 vocari,
3427 2738 3496 2792 ob

1922 2838 2112 2885 enatos
2150 2845 2215 2884 ex
2256 2827 2376 2897 ejus
2422 2828 2589 2897 stirpe
2626 2843 2799 2898 usque
2836 2828 2901 2882 ad
2945 2829 3282 2884 Salvatorem
3313 2830 3494 2900 justos

1922 2932 1975 2974 et
2010 2918 2388 2990 patriarchas;
2427 2916 2560 2971 Cain
2600 2934 2730 2971 vero
2766 2920 3077 2989 progeniem
3101 2961 3116 2987 ,
3158 2936 3255 2974 ceu
3292 2922 3363 2973 nil
3406 2922 3493 2975 di-

1921 3010 2109 3063 vinum
2143 3010 2465 3063 referentem
2487 3050 2501 3074 ,
2532 3010 2602 3063 ob
2631 3010 2847 3080 generis
2883 3012 3203 3081 pravitatem
3247 3028 3312 3067 ac
3352 3029 3489 3067 con-

1921 3100 2059 3157 fusa:
2114 3111 2323 3155 naturae
2377 3100 2919 3164 dissimilitudinem,
2968 3101 3255 3156 hominum
3301 3118 3487 3158 semen

1920 3191 2185 3261 appellat;
2218 3192 2531 3263 eisdemque
2564 3194 2950 3264 indignationis
2980 3211 3093 3250 sua:
3124 3197 3279 3265 signa
3314 3196 3483 3251 Deum

227 3252 939 3355 ἀνόμοιοι-ἐπιμιχθέντων
962 3252 1279 3356 αίιτῶνίτὴν
1308 3252 1675 3355 ἀγανάκττλσιν

1932 3280 2186 3335 inﬂixisse
2217 3289 2425 3334 narrat.
2461 3281 2531 3335 At
2563 3282 2607 3335 si
2652 3282 2719 3335 de
2767 3283 2973 3352 angelis
3018 3300 3327 3337 senmonem
3371 3284 3487 3339 ﬁeri

231 3373 569 3445 ποιήσασθαι
600 3376 690 3427 τὸν
720 3375 870 3428 Θεόν.
908 3376 970 3427 Εἰ
998 3375 1053 3428 δὲ
1080 3376 1166 3427 ἐπ’
1196 3376 1441 3444 ἀγγέλων
1475 3378 1645 3429 νοοῖτο
1671 3376 1813 3447 ἔχειν

228 3465 478 3527 τούτους,
510 3465 639 3528 τοὺς
678 3466 805 3536 περὶ
854 3466 1083 3536 μαγείας
1127 3468 1219 3520 καὶ
1268 3466 1558 3537 γοητείας,
1606 3466 1713 3519 ἔτει
1757 3466 1813 3519 δὲ

227 3556 486 3628 ἀριθμῶν
514 3555 626 3627 (36)
658 3558 944 3627 κινήσεως,
977 3558 1082 3611 τῶν
1119 3558 1405 3629 μετεώρων
1451 3561 1568 3621 ταῖς
1600 3558 1813 3627 γυναιξὶ

230 3647 322 3718 τὴν
374 3646 588 3716 γνῶσιν
628 3648 1085 3720 παραδεδωκέναι,
1133 3649 1226 3718 ἀφ’
1268 3644 1343 3702 ὧν
1388 3648 1647 3720 ἐποίησαν
1687 3652 1811 3714 τοὺς

230 3740 430 3803 παῖδας
476 3741 603 3803 τοὺς
646 3740 929 3808 γίγαντας,
968 3740 1034 3792 δι’
1068 3740 1161 3803 οὓς
1199 3740 1299 3810 τῆς
1341 3741 1536 3804 κακίας
1568 3742 1811 3810 ἐπιγενο-

226 3828 421 3902 μένης,
455 3830 599 3899 ἔγνω
625 3834 731 3885 πᾶν
757 3834 1015 3902 ἀφανίσαι
1043 3830 1195 3897 ζώων
1228 3833 1380 3900 γένος
1401 3835 1429 3887 ό
1460 3832 1591 3898 Θεὸς
1623 3836 1679 3888 ἐν
1713 3852 1811 3887 κα-

228 3922 531 3993 τακλυσμῷ
564 3923 813 3977 ἄπιστον.

1925 3374 2230 3427 sentiamus
2258 3413 2271 3436 ,
2306 3372 2500 3443 magiis
2529 3382 2583 3427 et
2615 3374 2903 3443 praestigiis
2935 3374 3147 3429 deditos
3180 3375 3355 3444 accipi
3396 3391 3488 3428 ne-

1918 3479 2074 3520 oesse
2097 3472 2215 3531 est,
2240 3464 2332 3533 qui
2360 3473 2633 3519 astrorum
2664 3474 2717 3519 et
2743 3481 3097 3521 numerorum
3130 3477 3338 3522 motum
3358 3509 3373 3535 ,
3402 3485 3489 3524 re-

1922 3572 2155 3627 rumque
2186 3557 2505 3612 sublimium
2528 3559 2609 3612 vel
2628 3568 2993 3614 meteororum
3021 3561 3270 3615 notitiam
3292 3562 3485 3616 mulie-

1918 3649 2073 3703 ribus
2114 3648 2483 3715 tradiderunt,
2518 3665 2751 3719 quorum
2788 3667 3085 3721 congressu
3118 3663 3487 3722 conceperunt

1919 3738 2025 3793 illa:
2055 3739 2299 3809 gigantes
2320 3779 2334 3803 ,
2368 3754 2396 3792 a
2437 3740 2639 3808 quibus
2678 3742 2945 3796 scelerum
2978 3744 3224 3797 omnium
3255 3742 3489 3798 colluvie

1918 3829 1972 3883 in
2026 3830 2342 3885 universum
2391 3832 2576 3885 orbem
2628 3842 2957 3902 propagata,
3010 3835 3273 3903 perﬁdum
3324 3846 3488 3888 omno

1916 3920 2215 3976 viventium
2244 3938 2415 3992 genus
2444 3923 2649 3978 diluvio
2675 3923 2899 3993 perdere
2929 3923 3072 3979 Deus
3102 3926 3359 3981 decrevit.

1466 4037 1552 4093 lli.
1595 4036 1760 4104 Ibid.,
1799 4053 1920 4108 pag.
1962 4036 2061 4103 81,
2103 4035 2178 4090 al.
2218 4035 2310 4092 65.

306 4133 485 4203 ’Δδάμ
538 4131 829 4201 γενόμενος
879 4129 1015 4184 ἑτῶν
1062 4129 1137 4183 σλ⁹
1183 4130 1346 4200 γεννᾷ
1396 4130 1487 4183 τὸν
1531 4129 1636 4200 Σήθ
1660 4147 1673 4160 ·
1722 4130 1814 4183 καὶ

226 4225 437 4288 τούτοις
489 4222 759 4295 ἐπιζήσας
803 4223 897 4295 ἔτη
952 4222 1005 4293 ψ’
1048 4221 1347 4287 ἀπέθανεν,
1394 4224 1511 4295 ἦτοι
1557 4222 1808 4293 δεύτερον

227 4315 481 4371 θάνατον.

294 4409 407 4479 Σὴθ
440 4406 734 4477 γενόμενος
767 4404 901 4460 ἐτῶν
941 4411 1015 4458 σε’
1048 4405 1303 4473 ἐγέννησε
1338 4403 1427 4458 τὸν
1466 4404 1652 4470 Ἐνώς⁸
1697 4406 1806 4460 ἀπὸ

238 4501 410 4571 Ἀδὰμ
452 4500 634 4553 τοίνυν
683 4499 843 4571 μέχρι
887 4498 1151 4564 γενέσεως
1194 4496 1380 4562 Ἐνὼς,
1416 4497 1510 4570 ἔτη
1556 4499 1624 4553 τὰ
1668 4500 1804 4571 σύμ-

224 4608 404 4645 παντα
429 4590 560 4643 υλε¹.

308 4683 481 4747 Ἐνὼς
511 4682 773 4755 ὑπάρχων
804 4681 938 4736 ἐτῶν
965 4685 1077 4754 ρίπέ
1106 4682 1217 4751 (57)
1258 4682 1420 4752 γεννᾷ
1453 4681 1541 4735 τὸν
1571 4684 1801 4736 Καῖνᾶν.

228 4830 485 4873 mortuus
512 4818 707 4873 fuisset
738 4820 791 4872 in
828 4816 1138 4883 Moabitide,
1175 4827 1228 4872 et
1258 4816 1404 4871 Ruth
1432 4818 1653 4872 viduam
1686 4819 1805 4873 abs-

226 4906 332 4958 que
364 4891 559 4943 liberis
583 4889 913 4959 reliquisset,
938 4888 1078 4942 Booz
1105 4898 1334 4957 agnatus
1367 4888 1804 4959 Maalonistpro-

227 4961 464 5013 ximiore
513 4970 710 5028 agnato
738 4959 828 5027 jus
874 4974 1033 5014 suum
1089 4960 1191 5027 ipsi
1242 4958 1608 5021 concedente,
1656 4958 1801 5028 lluth

225 5045 457 5084 uxorem
490 5027 720 5098 accepit,
753 5043 861 5098 quo
884 5044 1064 5085 semen
1106 5029 1335 5081 Maaloui
1374 5029 1683 5082 suscitaret.
1716 5027 1797 5081 Ex

222 5113 285 5154 ea
328 5110 514 5152 tamen
549 5097 763 5167 genitus
789 5097 1035 5161 Obedus,
1069 5115 1170 5152 non
1202 5098 1463 5153 Maalonis
1497 5099 1590 5153 sed
1634 5098 1798 5151 Boozi

223 5170 371 5224 ﬁlius
404 5169 609 5222 dicitur
636 5170 705 5223 ab
729 5168 1091 5235 evangelistis,
1127 5169 1219 5238 qui
1252 5169 1796 5238 Christiprosapiam

222 5247 556 5303 texuerunt;
593 5248 646 5291 et
673 5244 725 5293 in
770 5239 941 5301 libro,
971 5240 1060 5307 qui
1094 5236 1419 5301 inscribitur
1451 5236 1615 5292 Ruth.
1644 5236 1799 5307 fScio

222 5310 353 5376 quid
386 5310 708 5376 responderi
751 5310 923 5379 possit
954 5306 1239 5379 :Moysem
1297 5308 1503 5363 scilicet
1535 5309 1601 5363 de
1632 5306 1799 5379 fratre

223 5379 501 5433 duntaxat
522 5379 797 5444 locutum;
830 5376 1066 5432 Boozum
1092 5376 1221 5433 vero
1250 5380 1472 5431 fratrem
1498 5394 1603 5431 non
1629 5377 1798 5431 fuisse

223 5447 515 5513 Haalonis,
545 5463 611 5502 ac
640 5448 866 5517 proinde
895 5448 1063 5517 legem
1089 5463 1195 5516 qua
1217 5449 1509 5517 jubebatur
1551 5455 1610 5500 ut
1656 5448 1799 5502 ﬁlius

222 5534 287 5572 ex
312 5519 501 5572 fratris
523 5518 689 5571 vidua
717 5526 999 5585 susceptus
1023 5519 1140 5585 ejus
1164 5520 1385 5571 nomine
1416 5517 1796 5586 appellaretur,

225 5589 293 5641 ad
342 5589 589 5641 Boozum
647 5604 755 5641 non
808 5588 1151 5656 pertinuisse.
1206 5587 1407 5642 Deinde
1455 5587 1560 5642 dici
1598 5597 1794 5656 potest,

224 5656 469 5713 Boozum
520 5658 732 5712 idcirco
788 5658 1057 5710 nominari
1108 5658 1161 5710 in
1196 5658 1541 5726 generatione
1570 5656 1795 5723 Christi,

224 5733 371 5798 quod
402 5729 669 5798 illustrior
706 5728 1002 5798 exstitisset
1023 5742 1185 5795 quam
1216 5726 1448 5782 Maalon.
1529 5796 1544 5798 Α
1635 5797 1638 5798 ν
1772 5749 1779 5798 j

321 5798 415 5869 5|),
444 5799 510 5851 Τὸ
539 5797 786 5851 ἀνέκαθ.
818 5795 943 5869 Leg.
987 5797 1267 5865 γεγονότες
1307 5798 1414 5853 ἀπὸ
1454 5796 1703 5869 Ἀϐραὰμ
1735 5796 1796 5850 τὸ

296 5800 409 5922 (51)
444 5800 510 5851 Τὸ
539 5800 786 5851 ἀνέκαθ.
818 5800 943 5920 Ιιεέῗ.
987 5813 1049 5864 γε

228 5871 290 5922 ἀν
326 5868 489 5923 καθεν
512 5868 837 5937 ἀρξάμενοι.
923 5882 1050 5921 om.

1987 4127 2123 4183 Cum
2164 4138 2310 4183 esset
2347 4128 2587 4182 Adamus
2616 4144 2885 4183 annorum
2916 4130 3059 4195 230,
3090 4131 3273 4201 genuit
3302 4132 3432 4186 Seth
3464 4152 3479 4199 ;

1914 4228 2027 4273 tum
2063 4235 2194 4273 vero
2239 4230 2518 4288 superstes
2550 4220 2710 4275 annis
2755 4220 2858 4275 700
2904 4222 3025 4277 luce
3072 4222 3339 4292 privatur,
3374 4225 3478 4280 hoc

1911 4321 1995 4367 est
2027 4312 2323 4367 secundam
2360 4321 2590 4365 mortem
2621 4312 2755 4366 obiit

1986 4402 2114 4457 Seth
2164 4403 2323 4457 annis
2363 4401 2469 4457 205
2502 4412 2662 4456 natus
2702 4403 2888 4472 genuit
2924 4402 3107 4471 Enos;
3154 4404 3224 4458 ab
3267 4404 3481 4460 Adamo

1910 4494 2095 4565 itaque
2140 4511 2313 4565 usque
2355 4496 2424 4550 ad
2470 4494 2617 4549 Enos
2649 4495 2884 4551 natalem
2932 4496 3074 4552 diem
3125 4509 3483 4553 numerantur

1841 4603 1883 4658 ι)
1909 4588 2037 4642 anni
2065 4588 2192 4642 455.

1979 4677 2124 4733 Enos
2159 4692 2429 4732 annorum
2466 4678 2566 4735 l90
2598 4678 2785 4749 genuit
2815 4677 3051 4735 Cainan.

1978 4814 2088 4884 (52)
2126 4816 2230 4878 Εἰς
2268 4813 2381 4881 τὴν
2421 4814 2774 4883 ἐπιφάνειαν
2816 4816 2922 4869 τοῦ
2964 4830 3180 4883 σωτηρ.
3213 4814 3474 4878 Observa,

1905 4884 2109 4938 Christi
2156 4885 2388 4937 natalem
2437 4886 2579 4938 diem
2627 4886 2945 4953 ἐπιφάνειαν
2996 4889 3181 4938 vocari
3232 4884 3473 4940 Africani

1909 4954 2253 5074 testimpnio,
2304 4955 2396 5023 qui
2445 4955 2722 5009 Antonino
2783 4954 3133 5025 Heliogabalo
3174 4954 3476 5023 imperante

1909 5034 2056 5074 VIXIL
2115 5041 2165 5074 D.

1904 5025 2056 5077 vixit.
2091 5025 2165 5076 lu.

1976 5094 2089 5163 (55)
2132 5094 2223 5159 Ὠς
2251 5088 2425 5161 οἶμαι.
2470 5092 2707 5165 iurgii);
2745 5088 2919 5165 οἶμαι,
2965 5092 3069 5144 ὑπὸ
3096 5092 3189 5145 τοῦ
3224 5092 3476 5165 Πνεύμα-

1901 5182 2012 5286 εἷος,
2042 5165 2123 5216 ὅτι
2151 5166 2196 5215 οἱ
2227 5165 2331 5215 υίοὶ
2360 5164 2494 5215 Θεοῦ
2534 5163 2639 5215 ἀπὸ
2678 5162 2769 5214 τοῦ
2812 5163 2920 5233 Σὴθ
2960 5162 3470 5234 προσαγορεύονται.

1927 5252 1978 5286 ι).

1927 5252 1978 5288 Ι).

1974 5305 2086 5372 (δι)
2134 5302 2493 5357 Ἀποκαλεῒν.
2527 5300 2654 5370 Leg.
2681 5302 2962 5356 ἀποκαλεῖ.
2995 5302 3070 5355 ΙΙ).

1972 5372 2081 5444 (ξεί)
2104 5372 2515 5444 Τὴνὰγαιζάκτ.
2536 5373 2627 5444 Εἰς
2645 5374 2921 5444 ἀγανακτη
2931 5389 3012 5444 σιν
3030 5371 3372 5443 κινήσασθαι.
3393 5375 3469 5429 In.

1900 5441 2181 5497 ——'Loeus
2212 5442 2501 5496 manifeste
2530 5443 2785 5497 vitiosus.
2814 5441 2919 5495 En.
2948 5441 3121 5495 Pun.

1973 5514 2083 5585 (56)
2102 5516 2250 5585 Ἔτει
2276 5512 2344 5566 δὲ
2362 5513 2590 5585 ἀριθ.μ-
2604 5514 3043 5585 Ἐσχολακεξτας
3060 5511 3298 5585 συνιέναι
3342 5517 3469 5585 χρὴ,

1898 5581 1995 5655 οὓς
2021 5584 2127 5636 τῶν
2160 5583 2374 5655 ἄστρων
2415 5583 2698 5655 κινήσεως-
2728 5586 2820 5655 καί
2872 5583 2981 5655 τῷν
3029 5581 3319 5655 μετεῴρέυν
3344 5581 3469 5655 ⁷’τὴν

1898 5646 2095 5722 γνῶσιν
2110 5655 2230 5716 ταῖς
2245 5646 2459 5720 γυναιξὶ
2476 5646 2905 5722 παραδεδωκέναι
2928 5646 3091 5720 λέγει,
3110 5646 3367 5722 ἀφ’ὖνρ..

1972 5724 2083 5795 (57)
2127 5724 2303 5795 Ὲτῶν
2336 5727 2474 5794 ριιεκ
2504 5720 2669 5795 [Error
2698 5722 2900 5795 librarii
2924 5732 3011 5795 est
3051 5727 3185 5795 ρξε’,
3222 5732 3278 5776 ut
3308 5721 3470 5795 lineis

1899 5789 2273 5862 superioribus
2321 5789 2453 5858 σκε’,
2494 5789 2697 5847 ϐιηθεὶς
2742 5792 3021 5849 codicibus
3051 5789 3139 5864 μιν
3185 5800 3240 5847 et
3284 5796 3360 5846 σι’
3386 5791 3465 5845 leo

1899 5865 2172 5918 mentibus.
2208 5870 2281 5918 in-

1891 5870 2172 5928 gentibus.
2208 5870 2282 5927 lo.
