3966 6516
516 377 589 435 57
1856 385 2029 443 JULll
2064 387 2394 445 AFRICANI
3700 394 3765 449 68

586 496 801 553 Cainan
838 508 1016 553 autem
1053 478 1319 554 annorum
1356 501 1459 554 170
1488 501 1676 571 genuit
1706 500 1969 557 Malaleel.

587 587 833 643 Malaleel
868 605 999 644 vero
1032 605 1302 645 annorum
1337 591 1439 647 165
1466 593 1654 662 genuit
1682 590 1868 647 Jarcd.

585 681 748 737 Jared
780 684 956 738 atatis
987 684 1091 737 16‘).
1122 685 1307 754 genuit
1342 683 1554 739 Enocb.

588 772 776 827 Enoch
813 788 941 827 vero
970 789 1238 826 annorum
1271 773 1372 828 165
1401 776 1585 843 genuit
1609 773 1913 831 Mathusala
1943 795 1954 830 :
1990 793 2087 831 an-

518 863 713 932 nisque
744 864 990 918 ducentis
1016 875 1290 934 superstes
1316 881 1440 920 cum
1468 864 1580 920 Deo
1608 867 1941 937 placuisset,
1977 885 2084 923 non

518 953 748 1008 ulterius
774 955 924 1009 visus
953 964 1057 1011 est.

586 1045 888 1101 Mathusala
917 1048 1076 1103 annis
1108 1048 1212 1102 l87
1239 1059 1401 1103 natus
1430 1060 1616 1120 genuit
1648 1048 1903 1105 Lamech.

583 1220 819 1277 Lamech
851 1223 1009 1277 annis
1046 1221 1146 1276 188
1175 1234 1337 1277 natus
1370 1223 1555 1294 genuit
1585 1222 1718 1278 Noe.

2114 515 2161 563 Α
2259 506 2467 559 Καῖνᾶν
2497 506 2552 559 δὲ
2580 508 2714 561 ἐτῶν
2746 509 2819 580 ρο¹
2844 510 3007 580 γεννᾷ
3026 509 3115 563 τὸν
3146 511 3446 583 Μαλελεήλ.

2184 628 2185 631 η
2257 598 2540 671 Μαλελεὴλ
2569 600 2625 652 δὲ
2659 602 2794 655 ἐτῶν
2824 603 2927 675 ρξε’
2954 605 3117 674 γεννᾷ
3143 604 3233 658 τὸν
3275 606 3461 676 Ἰάρεδ.

2271 689 2445 759 Ίάρεδ
2473 690 2527 743 δὲ
2554 691 2689 744 ἐτῶν
2727 693 2838 764 ρξϐ¹
2861 696 3023 766 γεννᾷ
3048 695 3139 747 τὸν
3181 694 3367 767 Ἑνώχ.

2269 781 2437 852 Ἑνὼχ
2471 783 2527 835 δὲ
2574 784 2834 855 ὑπάρχων
2878 786 3013 839 ἐτῶν
3057 786 3162 857 ρξε’
3206 791 3369 860 γεννᾷ
3419 790 3510 844 τὸν
3543 791 3763 846 Μαθου-

2152 916 2157 921 .
2187 868 2341 924 σάλα·
2372 872 2464 924 καὶ
2490 872 2857 945 εὑαρεστήσας
2884 875 2961 946 τῷ
2996 875 3134 947 Θεῷ,
3170 876 3436 950 ἐπιζήσας
3465 879 3560 951 ἐτη
3594 888 3641 934 σ¹
3662 882 3760 953 οὐχ

2183 960 2484 1013 εὑρίσκετο.

2289 978 2484 1013 ισκετο.

2250 978 2581 1106 ἷιαθουσάλα
2612 1053 2900 1123 γενόμενος
2924 1054 3059 1108 ἐτῶν
3085 1062 3211 1127 ρπη⁸
3245 1056 3354 1128 (58)
3384 1059 3641 1131 ἐγέννησε
3669 1059 3760 1113 τὸν

2181 1142 2391 1213 Λάμεχ.

2250 1233 2440 1305 Λάμεχ
2472 1235 2730 1307 ὑπάρχων
2760 1238 2897 1292 ἐτῶν
2927 1246 3051 1311 ρπη⁹
3086 1243 3248 1314 γεννᾷ
3271 1242 3360 1296 τὸν
3384 1243 3527 1298 Νῶε.

1604 1355 1695 1411 IV.
1741 1356 1907 1423 lbid.,
1946 1376 2070 1431 pag.
2110 1363 2211 1434 21,
2248 1369 2323 1424 al.
2369 1372 2452 1427 17.
2503 1373 2578 1429 De
2614 1374 2837 1430 diluvio.

588 1467 907 1524 Universum
940 1466 1299 1523 animantium
1336 1485 1506 1539 genus
1537 1470 1694 1541 aquis
1721 1470 1910 1526 diluvii
1946 1487 2081 1528 con-

510 1577 788 1616 summare
808 1560 1047 1616 decrevit
1073 1561 1247 1628 Deus,
1297 1561 1616 1617 vicesimum
1640 1571 1694 1616 et
1715 1564 2073 1618 centesimum

512 1670 717 1709 annum
750 1655 1002 1710 homines
1033 1670 1141 1710 non
1181 1664 1536 1724 superaturos
1577 1657 1838 1710 minatus.
1876 1654 2074 1713 Nullus

510 1761 679 1816 porro
719 1747 920 1803 dubius
952 1748 1187 1814 luesitet,
1222 1757 1315 1802 aut
1352 1748 1707 1818 quaestionem
1726 1747 1923 1803 anxius
1954 1765 2077 1804 mo-

508 1848 673 1901 veat,
731 1840 965 1909 spatium
1014 1840 1118 1894 hoc
1168 1842 1291 1895 vitae
1343 1840 1611 1909 quosdam
1664 1850 2076 1911 przetergressos

507 1933 925 2003 contemplatus.
977 1931 1181 1987 Etatis
1234 1932 1436 2002 quippe
1478 1932 1896 2003 durationisque
1951 1934 2073 1988 vita:

508 2025 743 2093 spatium
780 2033 902 2095 post
939 2026 1084 2081 solos
1122 2035 1339 2080 centum
1376 2040 1550 2080 annos
1590 2026 1796 2080 diluvio
1836 2026 2074 2081 instante

509 2115 944 2183 terminandum,
977 2117 1354 2186 peccatoribus
1382 2117 1699 2172 vicesimum
1729 2118 1841 2187 jam
1868 2134 2072 2173 annum

507 2210 829 2279 agentibus,
866 2210 920 2263 in
950 2210 1217 2265 scelerum
1252 2224 1467 2279 ptenam
1490 2249 1505 2275 ,
1541 2210 1686 2264 velut
1715 2211 1823 2264 lata
1856 2221 2076 2266 senten-

2256 1484 2438 1553 Ἔγνω
2477 1489 2585 1540 πᾶν
2615 1488 2643 1539 ὁ
2674 1489 2807 1553 Θεὸς
2832 1490 3091 1558 ἀφανίσαι
3136 1492 3288 1557 ζώων
3322 1494 3475 1563 γένος
3499 1497 3559 1550 ἐν
3588 1514 3757 1551 κατα-

2178 1576 2423 1649 κλυσμῷ,
2459 1582 2762 1653 ἀπειλήσας
2805 1593 2890 1657 ρκ’
2920 1586 3015 1657 ἐτη
3045 1588 3142 1658 οὑχ
3182 1589 3584 1660 ὑπερϐήσεσθαι
3621 1592 3753 1656 τοὺς

2175 1667 2512 1739 ἀνθρώπους.
2543 1673 2695 1744 Μηδὲ
2726 1675 3026 1746 νομιζέσθω
3050 1677 3291 1749 ζήτημα,
3323 1680 3411 1734 διὰ
3439 1679 3500 1733 τὸ
3528 1680 3753 1736 πλείονα

2174 1762 2364 1831 χρόνον
2406 1764 2557 1828 τινας
2590 1764 2812 1838 ὕστερον
2845 1769 3055 1838 βιῶναι.
3082 1771 3155 1823 Τὸ
3183 1771 3289 1845 γὰρ
3332 1771 3604 1843 διάστημα
3651 1773 3751 1826 τοῦ

2176 1854 2369 1924 χρόνου
2418 1857 2638 1927 γέγονεν
2685 1862 2877 1915 ἑκατὸν
2910 1863 3003 1935 ἐτη
3038 1865 3196 1936 μέχρι
3230 1864 3323 1918 τοῦ
3360 1866 3749 1937 κατακλυσμοῦ

2181 1947 2319 2001 κατὰ
2348 1948 2455 2001 τῶν
2488 1951 2825 2023 ἁμαρτωλῶν
2858 1954 2964 2008 τῶν
3004 1956 3143 2008 τότε·
3177 1952 3315 2026 ἦσαν
3364 1958 3471 2029 γὰρ
3504 1960 3753 2012 εἰκοσαε-

2177 2038 2307 2099 τεῖς.
2344 2037 2433 2107 Τῷ
2466 2039 2589 2093 Νῶε
2621 2041 2709 2096 διὰ
2739 2043 3080 2115 δικαιοσύνην
3121 2046 3543 2117 εὐαρεστήσαντι
3574 2048 3748 2101 κιϐω-

2176 2125 2268 2178 τὸν
2296 2128 2523 2182 ὑπέθετο
2551 2135 2955 2188 κατασκευάσαι
2977 2134 3127 2199 Θεός*
3155 2137 3247 2189 καὶ
3279 2138 3601 2209 γενομένης,
3634 2141 3751 2193 εἰσ-

2177 2216 2339 2286 ῆλθον
2402 2221 2480 2283 είς
2513 2223 2703 2294 αὐτὴν,
2734 2225 2893 2289 αὑτός
2924 2243 2981 2278 τε
3009 2226 3152 2291 Νῶε,
3172 2227 3265 2280 καὶ
3287 2228 3335 2280 oi.
3364 2229 3489 2294 υἱοὶ,
3519 2232 3552 2301 ἡ
3583 2231 3745 2301 γυνὴ,

505 2301 578 2354 tia
611 2301 1031 2371 fuitpraztixum.
1059 2302 1171 2358 Noe
1188 2319 1316 2358 vero
1349 2303 1419 2357 ob
1448 2303 1779 2371 singularem
1804 2304 2063 2372 justitiam

2181 2308 2271 2360 καὶ
2303 2311 2357 2361 αί
2390 2310 2616 2381 νύμφαι,
2651 2314 2743 2366 καὶ
2791 2315 2899 2368 ἀπὸ
2946 2316 3145 2380 παντὸς
3188 2315 3326 2381 ζώου
3368 2300 3627 2391 ἀπαρχὴ,
3664 2300 3748 2386 είς

504 2394 611 2449 sibi
647 2405 859 2465 gratum
900 2412 1083 2451 arcam
1125 2406 1447 2451 construere
1479 2396 1643 2465 jussit
1678 2394 1821 2451 Deus
1851 2414 1865 2450 :
1900 2412 2071 2466 eaque

503 2484 788 2550 absoluta,
833 2488 1060 2557 ingressi
1110 2497 1239 2542 sunt
1278 2488 1332 2541 in
1376 2502 1494 2541 eam
1540 2487 1655 2557 ipse
1700 2485 1811 2542 Noe
1854 2496 1907 2542 et
1936 2488 2067 2553 ﬁlii,

508 2590 646 2627 uxor
677 2584 729 2628 et
764 2591 969 2643 nurus,
1005 2586 1058 2630 et
1098 2576 1310 2631 selectae
1343 2575 1588 2646 quaedam
1624 2576 1690 2630 ad
1728 2576 1941 2647 generis
1978 2592 2071 2632 eo-

503 2681 627 2719 rum
685 2667 930 2736 cujusvis
985 2668 1345 2724 conservandi
1400 2666 1655 2723 ﬁduciam
1708 2667 2068 2721 animantium

502 2758 778 2828 primitiae.
813 2758 1135 2815 lmminente
1161 2775 1323 2829 porro
1358 2759 1563 2814 diluvio
1593 2773 1766 2813 annos
1795 2759 1920 2813 vitae
1948 2774 2071 2813 sex-

501 2862 689 2906 centos
714 2851 826 2906 Noe
848 2852 961 2921 jam
987 2853 1239 2923 attigerat
1264 2870 1278 2918 ;
1306 2852 1462 2922 aquis
1482 2867 1609 2906 vero
1636 2851 2065 2919 subsidentibus,

501 2944 557 2998 in
592 2944 873 2999 montibus
908 2945 1136 3010 Ararat,
1167 2960 1305 3014 quos
1341 2961 1463 3000 esse
1500 2944 1732 2999 Parthiae
1769 2945 2019 3001 novimus
2050 2987 2064 3013 ,

500 3037 726 3106 quidam
766 3038 892 3093 licet
924 3037 1186 3103 Celaenis,
1223 3039 1306 3093 vel
1341 3038 1395 3092 in
1444 3038 1596 3109 nigra
1650 3037 1882 3110 Phrygia
1936 3055 2067 3094 con-

502 3131 729 3185 tendant
752 3140 967 3186 exstare
1001 3132 1190 3201 (locus
1225 3140 1453 3201 uterque
1484 3132 1616 3184 mihi
1653 3131 1719 3186 de
1755 3133 1873 3185 visu
1900 3142 2065 3188 notus

496 3224 645 3292 est),
676 3238 799 3278 arca
831 3225 1092 3280 constitit.
1144 3226 1423 3294 Aquarum
1458 3226 1572 3279 haec
1603 3224 1889 3279 inundatio
1919 3241 2063 3281 anno

2173 2398 2429 2472 διαμονὴν
2456 2403 2550 2456 τοῦ
2582 2405 2788 2473 γένους.
2824 2402 2932 2459 Ἦν
2957 2408 3013 2461 δὲ
3042 2409 3178 2461 ἐτῶν
3211 2408 3504 2473 ἑξακοσίων
3530 2414 3558 2464 ό
3592 2412 3743 2474 Νῶε,

2172 2492 2261 2545 ὅτε
2294 2493 2321 2544 ὁ
2346 2496 2727 2568 κατακλυσμὸς
2756 2499 2987 2567 ἐγένετο.
3025 2500 3110 2563 Ὠς
3144 2501 3200 2553 δὲ
3238 2501 3391 2573 ἔληξε
3421 2502 3480 2555 τὸ
3508 2500 3671 2576 ὕδωρ,
3709 2507 3745 2576 ἡ

2177 2585 2407 2647 κιϐωτὸς
2440 2587 2624 2661 ἱδρύθη
2653 2592 2745 2643 ἐπὶ
2776 2591 2844 2645 τὰ
2875 2591 2973 2663 ὅρη
3004 2592 3258 2664 Ἀραρὰτ,
3285 2595 3319 2647 ἆ
3346 2612 3465 2648 τινα
3494 2594 3650 2665 ἴσμεν
3682 2598 3777 2665 ἐν,

2174 2676 2386 2749 Παρθίᾳ
2412 2678 2539 2750 (59)·
2568 2680 2710 2745 τινὲς
2736 2682 2791 2735 δὲ
2824 2684 2881 2735 ἐν
2906 2683 3319 2754 Κελαιναῖςητῆς
3348 2686 3588 2757 Φρυγίας
3626 2686 3743 2759 (40)

2173 2762 2310 2820 εἶναί
2344 2787 2523 2837 φασιν·
2561 2768 2699 2826 εἶδον
2731 2773 2785 2826 δὲ
2818 2775 2910 2828 τὸν
2947 2776 3107 2829 τόπον
3154 2777 3430 2849 ἑκάτερον.
3474 2779 3746 2851 Ἐπεκρά-

2172 2875 2302 2930 τησε
2328 2860 2383 2913 δὲ
2476 2863 2849 2936 κατακλυσμὸς
2882 2868 3145 2922 ἐνιαυτόν
3189 2870 3283 2922 καὶ
3322 2870 3439 2922 τότε
3467 2869 3740 2944 ἐξηράνθη

2164 2952 2197 3021 ἡ
2228 2952 2318 3021 γῆ.
2355 2936 2430 3006 Οἱ⁴
2453 2952 2507 3006 δὲ
2537 2954 2839 3021 ἐξελθόντες
2870 2959 2967 3029 τῆς
3005 2959 3236 3013 κιϐωτοῦ
3265 2961 3403 3015 κατὰ
3453 2936 3740 3030 συζυγίας,

2162 3042 2237 3106 ὡς
2270 3043 2416 3097 ἔστιν
2445 3046 2644 3118 εὑρεῖν,
2686 3050 2779 3102 καὶ
2820 3050 2940 3121 οὑχ,
2979 3051 3038 3104 δν
3067 3052 3561 3125 είσῆλθον.τρόπον,
3593 3054 3741 3110 κατὰ

2163 3135 2315 3206 γένη,
2345 3136 2688 3207 εὐλογοῦνται
2734 3141 2869 3212 πρὸς
2912 3142 3004 3196 τοῦ
3038 3143 3191 3197 Θεοῦ.
3233 3144 3449 3200 Τούτων
3496 3146 3592 3217 μέν
3638 3142 3742 3200 οὖν

2161 3226 2389 3281 ’ἑκαστον
2415 3228 2523 3282 τῶν
2555 3230 2921 3304 διαφερόντων
2952 3252 3003 3287 τι
3039 3235 3307 3305 σημαίνει.

499 3312 712 3382 integro
762 3315 941 3377 stetit,
1001 3330 1065 3369 ac
1097 3314 1316 3369 demum
1370 3315 1638 3370 exsiccata
1695 3324 1777 3371 est
1840 3324 2006 3371 terra.
2043 3317 2362 3372 Combinata
2394 3320 2612 3374 demum
2647 3338 2765 3377 mas
2795 3332 2849 3378 et
2883 3323 3114 3388 femina,
3145 3337 3305 3396 prout
3337 3327 3560 3398 reperiri
3595 3343 3739 3383 con-

496 3405 650 3474 tigit,
685 3420 790 3461 non
826 3408 1012 3461 ordine
1042 3408 1324 3477 quojuxta
1376 3423 1546 3478 genus
1593 3408 1852 3463 distincta
1904 3408 2122 3463 fuerant
2181 3410 2461 3480 ingressa,
2515 3428 2581 3467 ex
2652 3430 2779 3469 arca
2840 3418 3159 3487 prodierunt
3219 3418 3559 3486 animantia,
3608 3434 3744 3489 qua

497 3496 727 3550 subinde
776 3513 806 3550 a
850 3497 960 3552 Deo
1006 3514 1260 3567 prospera
1316 3500 1752 3555 benedictiome
1807 3501 2121 3556 accessione
2150 3503 2538 3559 cumulantur:
2572 3514 2625 3560 ct
2673 3522 2861 3562 eorum
2896 3508 3114 3579 quidem
3138 3549 3153 3575 ,
3187 3525 3308 3579 quae
3339 3510 3494 3566 nobis
3522 3514 3740 3566 condu-

493 3596 662 3653 cunt,
695 3589 943 3643 nonnihil
975 3589 1077 3644 ista
1110 3589 1434 3660 signiﬁcant.

1727 3680 1793 3737 V.
1833 3682 1997 3747 Ibid.,
2040 3700 2160 3754 pag.
2202 3682 2305 3746 85,
2348 3683 2421 3736 al.
2462 3682 2549 3737 67.

568 3791 855 3865 Ingruente
898 3794 1101 3849 diluvio
1142 3792 1248 3849 600
1301 3808 1573 3849 annorum
1616 3802 1734 3849 erat
1784 3792 1917 3849 Noe.
1971 3792 2055 3850 Ab

494 3885 704 3941 Adamo
732 3886 899 3956 igitur
934 3902 1126 3943 versus
1155 3884 1269 3942 Noe
1301 3895 1356 3942 et
1398 3887 1665 3942 diluvium
1699 3894 2056 3941 numerantur

492 3977 621 4031 anni
653 3976 814 4031 2263.

2230 3792 2351 3845 Νῶε
2380 3787 2447 3863 ἦν
2473 3792 2608 3845 ἐτῶν
2636 3799 2681 3863 χ’
2716 3793 2803 3846 ὅτε
2842 3796 2870 3847 ό
2902 3793 3282 3866 κατακλυσμὸς
3320 3796 3551 3864 ἐγένετο.
3578 3795 3741 3849 Γίνε-

2161 3900 2251 3937 ται
2281 3884 2459 3937 τοίνυν
2496 3883 2602 3936 ἀπὸ
2643 3883 2810 3956 Ἀδὰμ
2850 3885 3008 3959 μέχρι
3038 3886 3160 3939 Νῶε
3197 3888 3291 3941 καὶ
3333 3887 3425 3941 τοῦ
3458 3887 3739 3941 κατακλυ-

2166 3974 2306 4047 σμοῦ
2340 3974 2505 4046 ,βσξβ’
2530 3975 2643 4048 ἔτη.

1670 4091 1760 4148 Vl.
1803 4091 1969 4162 Ibid.,
2007 4109 2129 4163 pag.
2162 4091 2266 4159 86,
2308 4094 2383 4148 al.
2424 4091 2514 4147 68.

560 4205 693 4262 Post
718 4206 983 4262 diluvium
1014 4206 1139 4263 Sem
1171 4208 1358 4278 genuit
1387 4206 1701 4278 Arphaxad.

560 4299 849 4368 Arpbaxad
900 4301 1059 4355 annis
1097 4300 1200 4356 155
1246 4309 1408 4356 natus
1455 4300 1641 4371 genuit
1688 4298 1814 4354 Sala
1848 4338 1863 4363 ,
1910 4314 2055 4354 anno

486 4386 651 4442 2397.

562 4479 686 4535 Sala
759 4483 919 4537 annis
989 4482 1093 4537 150
1162 4499 1323 4539 natus
1381 4484 1568 4554 genuit
1629 4482 1840 4550 Heber,
1907 4498 2052 4539 anno

485 4572 647 4627 2527.

560 4662 737 4718 tleber
790 4667 950 4721 annis
1005 4667 1108 4720 154
1161 4675 1362 4731 natus,
1421 4683 1567 4722 anno
1618 4666 1801 4733 2661,
1870 4668 2057 4740 genuit

488 4755 718 4820 Phalec,
758 4758 837 4813 sic
868 4767 1121 4813 vocatum
1150 4799 1164 4822 ,
1199 4760 1345 4830 quod
1378 4761 1498 4830 ejus
1528 4769 1688 4817 aetate
1726 4763 1898 4819 divisa
1936 4762 2056 4820 fue-

489 4862 559 4904 ΙἹΙ.
589 4862 754 4906 terra.

555 4942 755 4998 Phalec
805 4943 963 4998 annis
1005 4943 1107 4998 150
1170 4952 1331 4998 natus
1372 4945 1559 5014 genuit
1596 4944 1787 5015 Ragau
1814 4988 1831 5015 ,
1869 4955 1923 5002 et
1960 4963 2053 5002 su-

487 5044 694 5102 perstes
725 5036 884 5089 annis
911 5034 1016 5088 9.09
1046 5044 1221 5091 morte
1253 5036 1501 5091 sublatus
1533 5047 1635 5092 est.

557 5190 1068 5265 (58)-Μαθομσάλα
1097 5192 1245 5247 ἐτῶν
1266 5200 1423 5265 ρπηέ.
1469 5193 1770 5263 Legendum
1815 5193 1954 5265 ρπζθ,
1986 5210 2053 5265 ex

557 5212 666 5260 too)
699 5212 1068 5245 Μαυσυσακα
1097 5212 1245 5247 ετων
1266 5212 1348 5261 ρπ
1390 5212 1423 5248 ⁷.
1469 5212 1770 5263 Legenoum
1815 5212 1954 5265 ρπς,
1986 5212 2048 5249 cx

489 5258 1066 5332 S_‘\v'ncellitestinmnio
1098 5266 1319 5318 suadeo.
1352 5212 1560 5319 geribit
1595 5265 1737 5317 enim
1775 5280 1897 5332 pag.
1939 5264 2005 5318 16
2035 5283 2048 5318 :

492 5282 719 5327 nvuccul
757 5282 1066 5316 testimonio
1098 5282 1319 5318 suaueo.
1363 5282 1560 5319 acrum
1595 5282 1737 5317 enim
1775 5282 1840 5332 pa
1886 5306 1897 5317 .
1939 5282 2048 5318 10:

485 5328 831 5404 Maeona-dior
863 5331 1151 5404 γενόμενος
1195 5334 1387 5386 ἑκατὸν
1438 5333 1697 5404 ἐξήκοντα
1737 5282 1879 5388 ἐτττὲ
1915 5334 2052 5387 ἐτῶν

486 5400 740 5469 ἐγέννησε
786 5401 876 5474 τὸν
921 5402 1141 5474 Λάμεχ,
1181 5404 1269 5474 τῷ
1320 5400 1575 5474 χιλιαστῴ
1620 5405 2051 5474 τετρακοσιοστῷ

486 5471 834 5543 πεντηκοστῷ
879 5471 1119 5543 τετάρτῳ
1164 5471 1269 5526 ἔτει
1311 5471 1405 5525 τοῦ
1443 5471 1665 5543 κόσμου.
1696 5471 1828 5526 Τινὰ
1853 5474 1908 5527 δὲ
1941 5471 2048 5527 τῶν

484 5541 849 5615 ἀντιγρᾴρων,
884 5541 963 5615 τῷ
993 5541 1264 5613 ἑκατοστῷ
1296 5541 1633 5615 ὀγδοηκοστῷ
1680 5544 1889 5615 ἑϐδόμῳ
1940 5544 2048 5615 ἔτει

485 5560 849 5610 αντιγραφων,
884 5560 963 5662 τις
993 5560 1264 5613 εκατοστῳ
1296 5560 1633 5613 ογοοηκοστῳ
1680 5560 1889 5615 εοοομῳ
1940 5560 2048 5596 ετει

485 5611 650 5685 αὑτοῦ
677 5610 937 5685 Μαθουσα
957 5614 1281 5685 ιαγφέρουσιν
1310 5614 1404 5685 τὴν
1434 5616 1679 5684 γέννησιν
1712 5614 1919 5685 Λάμεχ.
1953 5609 2048 5676 Οἷς

484 5680 513 5729 ὁ
557 5680 876 5753 ’ᾼφρικανὸς
910 5680 1292 5753 ἀκολουθήσας.
1326 5680 1496 5739 om.

558 5750 765 5823 (69_)__"A
796 5767 926 5823 τινα
956 5753 1133 5822 ἴσμεν
1158 5750 1226 5807 ἐν
1252 5755 1495 5823 Παρθίᾳ.
1526 5755 1638 5807 lmn
1666 5754 1719 5807 in
1748 5753 1999 5807 Armenia
2029 5772 2042 5807 :

486 5818 593 5875 nisi
645 5818 895 5877 librarius
940 5818 1150 5883 cunctis
1197 5818 1512 5883 auctoribus
1551 5825 1750 5881 certior
1788 5824 2047 5879 vaticine-

2081 4199 2123 4256 C
2226 4206 2381 4262 Μετὰ
2414 4206 2473 4260 δὲ
2504 4222 2594 4260 τον
2632 4206 3010 4279 κατακλυσμὸν
3036 4206 3155 4278 Σὴμ
3185 4206 3443 4277 ἐγέννησε
3472 4204 3561 4258 τὸν
3605 4207 3737 4273 Ἀρ-

2302 4299 2349 4352 δ.

2302 4299 2349 4352 δ.

2157 4299 2513 4463 φαξῗρφαξὰδ
2562 4391 2855 4463 γενόμενος
2908 4390 3044 4444 ἐτῶν
3094 4390 3201 4462 ρλε’
3219 4391 3381 4460 γεννᾷ
3426 4388 3516 4442 τὸν
3560 4388 3734 4457 Σαλά,

2150 4483 2339 4554 ,βτιιξκ

2228 4577 2374 4631 Σαλα
2410 4578 2696 4648 γενόμενος
2734 4576 2867 4629 ἐτῶν
2907 4575 2981 4648 ρλ¹
3019 4577 3180 4646 γεννᾷ
3207 4574 3298 4628 τὸν
3330 4572 3508 4645 Ἐϐὲρ,
3544 4572 3727 4644 βφκζν.

2236 4668 2392 4740 Ἑϐἐρ
2411 4669 2695 4739 γενόμενος
2716 4666 2849 4719 ἐτῶν
2880 4665 2984 4737 ρλδ¹
3010 4666 3173 4736 γεννᾷ
3194 4664 3284 4717 τὸν
3312 4664 3506 4727 Φαλέκ,
3525 4661 3686 4733 ,βχξα’
3708 4676 3726 4694 ’

2152 4759 2323 4824 οὕτως
2352 4759 2711 4831 ἐπικληθέντα
2742 4758 2830 4813 διὰ
2868 4758 2957 4812 τὸν
2987 4760 3044 4810 ἐν
3076 4757 3309 4829 ἡμέραις
3338 4754 3501 4810 αὑτοῦ
3566 4769 3731 4826 μεριε-

2154 4852 2344 4924 σθῆναι
2381 4852 2479 4923 τὴν
2512 4850 2634 4920 γῆν.

2221 4942 2395 4997 Φαλέκ
2423 4942 2558 4995 ἐτῶν
2591 4942 2665 5013 ρλ¹
2709 4940 2966 5013 ἐγέννησε
2999 4940 3089 4995 τὸν
3123 4937 3323 5007 Ῥαγαῦ
3344 4978 3358 5003 ,
3404 4936 3498 4990 καὶ
3531 4932 3732 5007 ἐπιζή-

2155 5054 2252 5100 σας
2278 5036 2369 5108 ἕτη
2397 5035 2475 5089 σθ’
2497 5034 2860 5108 ἐτελεύτησεν.

2152 5204 2257 5267 Lm.
2281 5193 2564 5267 _C_edtjenus
2585 5207 2651 5267 es
2680 5190 3045 5267 Georgio_:_sz
3074 5190 3175 5263 ὅρη
3215 5189 3450 5267 ξΑρ-αρριτ
3475 5190 3633 5267 ἴσμεν
3655 5189 3727 5267 ἐν

2152 5263 2365 5348 ῌαρθέᾳ
2411 5264 2716 5348 “tremes
2747 5263 2887 5343 τινὲς
2917 5261 2973 5342 δέ
3008 5260 3172 5348 ξραέιν
3218 5264 3275 5348 έγ
3303 5260 3587 5348 ιεελίξιιεὶῖξ
3619 5260 3727 5348 iis

2151 5328 2409 5403 Φρυγίας.
2454 5328 2736 5403 Sjncellus
2788 5328 3211 5403 ipseinferius:
3250 5331 3341 5383 ἐπὶ
3384 5328 3454 5382 τὰ
3483 5328 3584 5397 ὅρη
3618 5328 3722 5379 τοῦ

2163 5403 2421 5511 Ἀρσξρὰτ,
2446 5402 2586 5455 τοῦτ’
2617 5402 2727 5453 ἐστι
2753 5403 2851 5471 τῆς
2886 5402 3193 5472 Ἀρμενίας.
3225 5404 3303 5453 lo.

2223 5474 2271 5511 (ei
2300 5476 2331 5511 .\
2366 5472 2527 5511 Τινὲρ
2564 5471 2630 5511 δὲ
2659 5472 2726 5511 ἐν·
2759 5476 2829 5511 1(ρ
2846 5472 3064 5511 ῖηινηῖρ
3102 5469 3210 5511 τῆρ
3247 5474 3303 5511 (Ι).

2223 5471 2331 5543 (48)
2366 5472 2527 5538 Τινὲς
2564 5471 2630 5524 δὲ
2658 5472 2726 5523 ἐν
2753 5472 3064 5543 Κελαιναῖς
3102 5471 3210 5538 τῆς
3247 5471 3520 5543 Φρυγίαςζ
3557 5471 3717 5538 Quod

2149 5540 2393 5611 Phrygia:
2437 5544 2601 5610 nigra:
2645 5557 2802 5613 mons
2847 5540 2915 5613 sit
2956 5543 3169 5605 Ararat,
3211 5556 3277 5594 ex
3319 5540 3717 5613 quohMa‘rsyas

2150 5610 2344 5666 fluvius
2371 5621 2606 5673 emanat,
2646 5619 2719 5673 et,
2750 5610 2948 5663 Ortclio
2985 5620 3135 5674 teste,
3163 5627 3228 5664 ex
3267 5611 3500 5682 oraculis
3534 5610 3718 5682 Sibyl-

2150 5681 2274 5735 linis
2309 5682 2522 5735 dicatur
2558 5682 2611 5734 in
2655 5696 2720 5734 eo
2767 5696 2890 5732 arca
2933 5681 3259 5735 constitisse.
3286 5681 3615 5735 Conciliatas
3637 5681 3715 5735 de

2148 5752 2375 5805 diversis
2404 5752 2601 5819 quibus
2630 5765 2751 5802 arca
2781 5750 3048 5805 resedisse
3086 5752 3281 5803 dicitur
3320 5751 3452 5803 locis
3484 5760 3710 5806 senten-

2148 5821 2252 5876 tias
2282 5821 2393 5891 lege
2417 5821 2559 5875 inter
2582 5820 2768 5874 'Allatii
2801 5832 2957 5876 nouis
2980 5820 3048 5877 ad
3074 5819 3344 5881 Eustathii
3366 5820 3456 5876 49.
3481 5819 3560 5875 In.
