3966 6516
245 379 307 433 69
1178 372 1342 440 QUE
1386 371 1800 429 SUPERSUNT
1841 371 1935 427 EX
1974 372 2202 429 LIBRIS
2238 370 2638 431 CHRONOCR.
3407 376 3479 433 70

1425 493 1539 548 Vll.
1583 493 2030 567 Ibid.,pag.,95,
2067 494 2143 552 al.
2187 495 2274 551 74.

295 609 386 683 Τῷ
412 612 576 681 ,γσοξ
629 613 741 668 ἔτει
792 614 885 669 τοῦ
943 614 1150 685 κόσμου
1198 614 1371 685 ἐπέϐη
1413 614 1664 687 Ἀϐραὰμ
1709 614 1807 685 τῆς
1830 663 1881 721 Α

234 703 642 779 ἐπηγγελμένης
671 707 1018 771 Χανανίτιδος
1056 712 1179 781 γῆς.

1976 614 2135 668 Anno
2196 613 2386 668 mundi
2425 614 2587 677 3277,
2650 623 2848 668 terram
2903 611 3317 668 Chananitidem
3369 612 3473 670 sibi

1908 706 2234 776 promissam
2266 705 2544 776 ingressus
2569 713 2653 761 est
2686 704 2985 759 Abraham.

1400 846 1531 903 Vlll.
1574 846 1742 914 Ibid.,
1782 862 1905 916 pag.
1945 843 2055 909 99,
2096 842 2169 896 al.
2213 841 2302 897 79.

776 944 911 1015 Περὶ
976 942 1241 1015 Ἀϐραάμ.

289 1053 486 1107 Ἔνθεν
544 1056 775 1127 ἄρχεται
830 1056 940 1109 τῶν
998 1056 1266 1129 Ἐϐραίων
1323 1057 1359 1128 ἡ
1422 1053 1797 1126 προσωνυμία.

239 1142 469 1215 Ἑϐραῖοι
500 1148 616 1218 γὰρ
672 1149 722 1200 οἱ
751 1148 992 1215 Περάται
1020 1148 1444 1221 ἑρμηνεύονται,
1477 1148 1525 1201 οἳ
1552 1146 1806 1216 διεπερά-

230 1250 379 1287 σαντο
416 1236 716 1309 Εὐφράτην
760 1239 899 1307 μετὰ
944 1238 1222 1311 Ἀϐραάμ·
1262 1240 1354 1293 καὶ
1393 1240 1512 1309 ούχ,
1559 1239 1635 1301 ὼς
1664 1236 1804 1290 οἶον-

230 1325 307 1379 ταί
344 1344 511 1392 τινες,
560 1329 669 1382 ἀπὸ
712 1329 869 1399 Ἑϐὲρ
907 1329 1001 1382 τοῦ
1040 1330 1455 1402 προειρημένου.
1504 1328 1802 1396 Συνὰγεται

228 1416 392 1467 τοίνυν
449 1418 534 1481 εἰς
586 1417 686 1488 τὴν
741 1418 993 1472 ἐπίϐασιν
1049 1418 1149 1487 τῆς
1204 1416 1649 1489 κατηγγελμένης
1698 1417 1800 1486 γῆς

239 1506 480 1577 Ἀϐραὰμ
512 1548 529 1572 ,
572 1509 684 1562 ἀπὸ
742 1509 841 1580 μὲν
879 1510 974 1563 τοῦ
1038 1509 1422 1580 κατακλυσμοῦ
1484 1509 1579 1565 καὶ
1630 1508 1754 1561 Νῶε
1784 1546 1799 1572 ,

225 1596 419 1664 γενεῶν
459 1598 595 1651 δέκα
645 1598 740 1671 ἐτη
775 1607 913 1664 ,αιεό
950 1600 1059 1654 ἀπὸ
1076 1600 1134 1654 δέ
1167 1600 1336 1671 Ἀδὰμ
1370 1598 1571 1668 γενεῶν
1628 1601 1803 1653 εἴκοσι

224 1688 313 1759 ετη
343 1688 475 1756 ,γεῖς’
509 1689 645 1759 (“)-

2488 936 2563 991 De
2596 936 2891 991 Abraham.

1968 1048 2072 1106 llic
2126 1050 2364 1119 primum
2423 1063 2620 1104 nomen
2672 1048 3024 1104 Hebraeorum
3072 1048 3319 1103 auditum
3374 1056 3477 1101 est.

1905 1139 2116 1197 Hebraei
2158 1157 2394 1210 namque
2446 1140 2921 1211 Transmigrantcs
2970 1150 3337 1211 exponuntur,
3384 1139 3477 1208 qui

1905 1248 2030 1288 cum
2064 1233 2341 1287 Abraham
2378 1232 2714 1301 traiecerunt
2741 1230 3070 1300 Euphratem
3100 1249 3114 1297 ;
3147 1241 3202 1285 et
3234 1247 3341 1285 non
3367 1272 3383 1297 ,
3419 1239 3480 1284 ut

1907 1323 2135 1394 quidam
2177 1332 2492 1390 autumant,
2532 1324 2601 1377 ab
2632 1322 2807 1377 Heber
2836 1342 2849 1377 :
2882 1323 2947 1377 de
2979 1338 3087 1392 quo
3127 1324 3255 1378 alibi
3295 1338 3476 1378 sermo

1909 1415 2149 1470 habitus.
2189 1415 2236 1467 A
2271 1416 2545 1484 praeterito
2586 1414 2772 1481 itaque
2808 1412 3053 1476 diluvio,
3084 1411 3307 1483 Noeque
3336 1423 3475 1468 tem-

1907 1508 2167 1577 poribus,
2207 1521 2384 1578 usque
2423 1506 2492 1561 ad
2524 1506 2832 1575 ingressum
2880 1505 3117 1559 Abrahae.
3166 1506 3221 1559 in
3268 1514 3471 1560 terram

1903 1599 2269 1669 promissam,
2309 1597 2721 1669 generationum
2764 1596 2959 1667 decem~
2992 1598 3121 1651 anni
3164 1597 3302 1652 1015
3362 1597 3477 1651 col-

1903 1688 2183 1759 liguntur:
2240 1689 2309 1745 ab
2356 1688 2568 1744 Adamo
2612 1702 2772 1754 vero,
2820 1688 3231 1759 generationum
3284 1686 3474 1758 viginti

1904 1783 2034 1836 anni
2064 1782 2225 1836 5277.

1386 1895 1477 1949 lx.
1522 1894 1689 1957 Ibid.,
1728 1914 1847 1967 pag.
1892 1898 2023 1965 100,
2049 1901 2124 1955 al.
2155 1898 2243 1954 80.

1517 1989 1593 2047 De
1633 1990 1905 2046 Abraham
1940 2003 1995 2047 et
2033 1992 2153 2049 Lot.

281 2085 463 2157 Λιμοῦ
498 2086 861 2157 κατασχόντος
889 2086 987 2158 τὴν
1016 2085 1118 2158 γῆν
1158 2086 1257 2157 τὴν
1300 2085 1629 2139 Χανανίτιδα
1669 2103 1792 2139 κατ-

1970 2086 2137 2143 Fame
2162 2104 2257 2158 per
2282 2097 2480 2142 terram
2507 2086 2921 2142 Chananitidem
2948 2100 3234 2159 grassante
3254 2128 3268 2153 ,
3300 2087 3474 2140 Abra-

218 2176 375 2248 ῆλθεν
418 2179 501 2241 είς
554 2178 828 2246 Αἴγυπτον
866 2177 1144 2249 Ἀϐραάμο
1180 2177 1276 2230 καὶ
1304 2174 1489 2238 δεδιὼς
1525 2174 1599 2247 μὴ
1627 2175 1713 2230 διὰ
1738 2176 1799 2229 τὸ

216 2268 409 2332 κάλλος
437 2269 542 2339 τῆς
573 2268 828 2337 γυναικὸς
859 2268 1139 2340 ἀναιρεθῇ,
1162 2268 1387 2336 ἀδελφὸς
1418 2262 1554 2319 εἶναι
1577 2266 1803 2320 σκέπτε-

216 2378 293 2415 ται
327 2361 489 2430 (41⁸).
511 2360 917 2415 Ἐπαινεθεῖσαν
942 2361 999 2413 δὲ
1025 2362 1262 2430 ἠγάγετο
1281 2356 1478 2431 Φαραώ
1496 2373 1511 2387 ·
1536 2356 1677 2410 οὕτω
1694 2359 1802 2430 γὰρ

214 2451 503 2522 Αἰγύπτιοι
552 2454 677 2516 τοὺς
732 2452 968 2523 βασιλεῖς
1025 2452 1407 2524 ἐρμηνεύουσι.
1463 2456 1572 2509 Καὶ
1616 2456 1644 2507 ὁ
1704 2453 1801 2524 μὲν

214 2544 361 2606 δίκας
395 2543 561 2597 ’ἔτισε
608 2543 686 2614 τῷ
727 2542 880 2613 Θεῷ·
933 2544 962 2594 ὁ
992 2542 1036 2596 δ’
1070 2543 1185 2611 ἅμα
1215 2546 1327 2607 τοῖς
1362 2544 1511 2608 ἰδίοις
1555 2543 1803 2616 Ἀϐραὰμ

215 2634 308 2705 ἤδη
348 2633 601 2687 πλουτῶν
647 2632 1041 2703 ἀπηλλάσσετο.
1102 2634 1188 2686 Ἐν
1234 2634 1455 2687 Χαναὰν
1489 2635 1803 2706 διεπληκτί-

216 2743 370 2779 σαντο
421 2725 685 2794 ποιμένες
729 2724 824 2778 τοῦ
879 2724 1162 2795 Ἀϐραὰμ,
1232 2725 1328 2777 καὶ
1367 2724 1461 2779 τοῦ
1494 2726 1649 2792 Λὼτ,
1678 2727 1798 2793 καὶ,

213 2819 460 2883 δόξαντος
486 2817 692 2881 αὐτοῖς,
730 2816 1134 2887 ἐχωρίσθησαν,
1174 2815 1427 2885 ἑλομένου
1465 2815 1587 2869 Λὼτ
1619 2818 1675 2868 ἐν
1701 2817 1800 2869 Σο-

212 2909 388 2980 δόμοις
425 2911 599 2961 οίκεῖν
628 2908 694 2961 δι’
731 2907 931 2979 ἀρετὴν
962 2908 1054 2961 καὶ
1083 2908 1277 2971 κάλλος
1309 2909 1407 2978 τῆς
1433 2908 1536 2977 γῆς
1570 2907 1800 2979 ἐχούσης

214 3002 363 3054 πέντε
396 2999 607 3062 πόλεις,
651 2998 893 3069 Σόδομα,
926 2999 1212 3070 Γόμορρα,
1272 2999 1480 3068 Ἀδαμὰ
1502 3038 1515 3060 ,
1550 2997 1801 3070 Σεϐοεὶμ,

212 3090 422 3162 Σηγὼρ,
454 3091 552 3144 καὶ
575 3091 866 3154 τοσούτους
892 3089 1148 3160 βασιλεῖς.
1176 3090 1398 3153 Τούτοις
1419 3093 1466 3143 oi
1490 3090 1799 3160 πλησιόχω-

213 3199 282 3252 ροι
308 3183 585 3253 τέσσαρες
619 3181 855 3252 βασιλεῖς
899 3181 1091 3253 Σύρων
1119 3181 1485 3252 ἐπολέμησαν,
1517 3178 1591 3235 ὧν
1616 3184 1799 3253 ἡγεῖτο

212 3273 617 3343 Χοδολλογϐμορ
664 3272 918 3342 βασιλεὺς
958 3272 1171 3343 Αίλάμο
1220 3272 1509 3327 συνέϐαλον
1551 3273 1608 3326 δέ
1650 3273 1798 3348 παρὰ

206 3366 296 3437 τὴν
332 3365 617 3419 θάλασσαν
667 3364 765 3435 τὴν
814 3364 1027 3436 ἁλικὴν,
1066 3364 1101 3433 ἢ
1132 3364 1378 3418 καλεῖται
1418 3363 1514 3418 νῦν
1561 3364 1796 3418 θάλαττα

1902 2180 2026 2234 ham
2052 2181 2331 2237 descendit
2354 2182 2407 2235 iu
2438 2181 2733 2252 Egyptum
2763 2200 2776 2235 :
2808 2191 2861 2236 at
2894 2196 2962 2234 ne
2986 2180 3060 2234 ob
3084 2180 3277 2234 uxoris
3304 2193 3473 2232 venu-

1900 2282 2040 2326 stam
2070 2273 2305 2342 speciem
2347 2274 2707 2341 occideretur,
2746 2273 2931 2329 fratris
2958 2272 3178 2326 nomine
3216 2270 3472 2325 simulate

1901 2373 2128 2433 acceplo
2169 2374 2443 2418 servatur.
2483 2364 2674 2419 Saram
2717 2363 2894 2418 forma
2935 2362 3207 2416 laudatam
3248 2360 3472 2415 abducit

1898 2452 2113 2508 Pharao
2139 2475 2152 2508 :
2187 2455 2291 2511 hoc
2324 2457 2525 2525 quippe
2557 2455 2779 2510 nomine
2809 2470 2964 2525 reges
2993 2454 3268 2522 appellant
3298 2450 3469 2522 Egy-

1899 2548 2020 2615 ptii.
2056 2545 2122 2600 Et
2163 2547 2254 2603 ille
2293 2548 2513 2617 quidem
2556 2547 2720 2603 simul
2755 2562 2880 2601 cum
2920 2545 3242 2601 domesticis
3278 2558 3471 2613 poenas

1900 2635 2011 2691 Deo
2042 2640 2205 2693 solvit
2232 2657 2247 2706 ;
2274 2640 2549 2693 Abraham
2584 2655 2714 2694 vero
2738 2654 2862 2693 cum
2894 2637 3161 2692 famulitio
3187 2637 3373 2691 multis
3394 2634 3473 2689 di-

1898 2723 2048 2779 vitiis
2080 2734 2277 2780 auctus
2309 2725 2622 2781 dimittitur.
2657 2726 2914 2781 Pastores
2943 2726 3216 2780 Abraham
3247 2735 3302 2779 et
3330 2723 3470 2778 Loth

1899 2814 2037 2869 rixis
2070 2817 2378 2888 pugnisque
2410 2820 2788 2886 contendunt;
2827 2820 2931 2887 ipsi
2970 2830 3153 2874 tamen
3189 2817 3466 2874 communi

1898 2908 2167 2961 sententia
2223 2918 2547 2978 separantur
2596 2910 2667 2964 ab
2716 2911 2993 2965 invicem:
3050 2908 3189 2963 Loth
3246 2919 3470 2979 propter

1899 3005 2057 3050 terra:
2111 2998 2353 3069 quinque
2404 3000 2720 3056 civitatibus
2774 3002 3066 3067 Sodomis,
3126 3000 3467 3067 Gomorrha,

1899 3086 2144 3154 Adama,
2180 3087 2401 3144 Seboim
2440 3100 2493 3146 et
2533 3092 2722 3162 Segor,
2762 3092 3099 3160 totidemque
3130 3092 3350 3161 regibus
3384 3090 3469 3144 in-

1898 3179 2107 3248 signis,
2160 3180 2461 3235 ubertatem
2501 3190 2556 3236 et
2597 3191 2805 3251 gratam
2847 3182 3163 3251 planitiem,
3209 3181 3467 3235 Sodomis

1898 3268 2148 3323 habitare
2185 3270 2462 3342 seligente.
2508 3270 2603 3327 His
2640 3273 2806 3327 vicini
2849 3272 3111 3343 Syrorum
3143 3286 3297 3341 reges
3329 3286 3469 3339 qua-

1902 3368 2047 3427 tuor,
2087 3377 2321 3431 quorum
2355 3364 2463 3417 dux
2507 3365 2814 3435 prazcipuus
2854 3373 2972 3418 erat
3008 3364 3466 3433 Cltodollogomor

211 3458 414 3529 Νεκρὰ.
436 3457 529 3509 Ἐν
554 3455 729 3528 ταύτῃ
762 3455 989 3509 πλεῖστα
1011 3455 1117 3508 τῶν
1151 3455 1468 3526 Θαυμασίων
1492 3455 1755 3527 τεθέαμαι
1775 3472 1792 3488 ο

1898 3468 1992 3508 rex
2035 3452 2471 3521 Aelam,bellum
2517 3458 2852 3521 intulerunt;
2882 3466 2937 3511 et
2979 3457 3047 3511 ad
3097 3472 3245 3510 mare
3272 3455 3454 3521 Sali's,

208 3548 349 3615 ζώων
378 3567 446 3603 τε
478 3549 591 3619 γὰρ
620 3549 771 3602 οὐδὲν
793 3550 969 3602 ἐκεῖνο
993 3548 1055 3602 τὸ
1081 3548 1222 3620 ὕδωρ
1255 3548 1409 3619 φέρει
1434 3566 1447 3579 ’
1485 3549 1579 3602 καὶ
1611 3549 1794 3620 νεκροὶ

211 3642 298 3711 μὲν
332 3641 663 3712 ὑποϐρύχιοι
693 3640 978 3711 φέρονται,
1028 3639 1227 3705 ζῶντες
1266 3639 1323 3691 δὲ
1356 3638 1464 3692 οὐδ’
1499 3640 1565 3693 ἂν
1599 3638 1793 3713 ῥᾳδίως

211 3732 583 3802 βαπτίσαιντο.
651 3732 849 3802 Λύχνοι
909 3732 1007 3803 μὲν
1068 3731 1349 3802 καιόμενοι
1419 3730 1790 3803 ἐπιφέρονται,

209 3824 558 3895 σϐεννύμενοι
585 3823 641 3877 δὲ
666 3822 1041 3877 καταδύουσιν.
1087 3822 1349 3876 Ἐνταῦθα
1370 3822 1427 3874 δὲ
1453 3824 1587 3877 είσὶν
1610 3824 1667 3876 αἱ
1691 3823 1793 3893 τῆς

208 3918 477 3986 ἀσφάλτου
513 3915 719 3987 πηγαί’
758 3915 910 3985 φέρει
948 3915 1005 3967 δέ
1053 3914 1388 3985 στυπτηρίαν
1419 3914 1514 3967 καὶ
1550 3913 1652 3967 ἅλα
1686 3914 1792 3967 ὀλί-

207 4024 291 4075 γον
338 4027 395 4061 τι
425 4008 540 4061 τῶν
574 4006 746 4060 ἄλλων
784 4006 1141 4077 διαφέροντα’
1193 4005 1368 4077 πικρά
1420 4022 1480 4058 τε
1524 4005 1631 4077 γάρ
1674 4008 1791 4059 ἐστι

205 4102 288 4152 καὶ
310 4100 517 4170 διαυγῆ
539 4118 553 4130 ·
587 4099 717 4154 ἔνθα
746 4099 789 4153 δ’
814 4100 880 4153 ἂν
909 4097 1119 4169 καρπὸς
1146 4098 1364 4170 εὑρεθῇ,
1388 4097 1600 4152 κάπνου
1631 4098 1789 4153 πλέον

206 4193 517 4264 εὑρίσκεται
545 4190 936 4263 θολερωτάτου.
961 4190 1045 4243 Τὸ
1068 4189 1123 4243 δὲ
1155 4190 1297 4261 ὕδωρ
1333 4192 1477 4244 ἰᾶται
1501 4192 1627 4254 τοὺς
1647 4210 1789 4263 χρω-

208 4284 394 4354 μένους
449 4282 623 4353 αύτῷ,
670 4282 828 4353 λήγει
881 4298 941 4334 τε
986 4280 1155 4335 παντὶ
1221 4279 1375 4335 ὕδατι
1435 4280 1660 4352 πάσχων
1718 4282 1787 4336 τὰ

204 4376 437 4429 ἐναντία.
476 4376 541 4427 El
572 4374 628 4426 δὲ
675 4374 750 4444 μὴ
796 4373 1068 4443 Ἰορδάνην
1113 4369 1227 4441 εἶχε
1258 4372 1349 4444 τρν
1396 4374 1638 4443 ποταμὸν
1663 4391 1787 4444 τρο-

204 4466 319 4536 φὴν,
349 4467 430 4529 ὡς
468 4440 761 4537 πορφύραν
798 4440 1195 4535 διατρέφοντα,
1215 4440 1309 4516 καὶ
1342 4464 1434 4515 ἐπὶ
1469 4440 1603 4517 πολὺ
1633 4440 1787 4517 ἀντέ-

203 4574 377 4626 χοντα,
422 4556 616 4627 ἔληξεν
664 4558 731 4610 ἂν
763 4556 954 4609 θᾶττον
992 4554 1025 4626 ἢ
1060 4555 1329 4624 φαίνεται.
1381 4556 1536 4608 Ἔστι
1564 4556 1621 4609 δὲ
1652 4558 1782 4627 παρ’

202 4647 327 4719 αὐτῇ
375 4646 645 4717 πάμπολυ
688 4645 781 4699 τοῦ
832 4645 1108 4716 βαλσάμου
1152 4645 1351 4714 φυτόν·
1395 4645 1700 4699 ὑπονοεῖται
1724 4646 1780 4698 δὲ

1892 3559 2040 3598 nunc
2068 3543 2375 3607 Mortuum,
2422 3562 2618 3601 manus
2651 3554 3064 3601 conseruerant.
3096 3544 3152 3598 lu
3185 3545 3293 3600 isto
3326 3546 3464 3598 mari

1890 3637 2291 3706 quamplurima
2322 3648 2570 3709 portenta
2602 3639 2722 3694 visu
2769 3640 2933 3710 digna
2977 3638 3283 3693 observavi.
3331 3636 3466 3691 Nul-

1889 3726 2002 3780 lum
2036 3728 2289 3784 animans
2320 3731 2492 3785 nutrit
2517 3732 2639 3801 ejus
2669 3746 2811 3799 aqua
2841 3749 2855 3797 ;
2899 3740 2955 3784 et
2996 3740 3210 3784 mortua
3241 3729 3460 3799 quidem

1888 3817 2150 3872 cadavera
2181 3819 2233 3872 in
2266 3834 2387 3873 eam
2416 3821 2526 3875 cito
2553 3828 2898 3891 merguntur,
2926 3821 3047 3875 viva
3073 3836 3202 3874 vero
3228 3835 3457 3889 corpora

1888 3917 2150 3973 enatant,
2182 3924 2282 3964 nec
2317 3910 2484 3965 imum
2534 3910 2693 3965 facile
2738 3920 2969 3980 petunt;
3016 3910 3163 3964 faces
3209 3910 3463 3967 ardentes

1888 3998 1943 4053 in
1988 4014 2052 4055 ea
2098 4016 2320 4055 sursum
2357 4000 2630 4065 feruntur,
2681 4003 2966 4056 exstincta:
3010 4010 3351 4070 merguntur.
3401 4002 3460 4057 In

1886 4090 2073 4146 eadem
2120 4091 2406 4147 bituminis
2450 4093 2605 4163 origo
2649 4103 2701 4147 et
2742 4094 2996 4151 ofﬁcina:
3045 4095 3297 4163 producit
3341 4094 3461 4148 alu-

1887 4197 2013 4236 men
2034 4223 2051 4249 ,
2084 4192 2139 4237 et
2170 4200 2406 4253 paucum
2439 4184 2628 4243 salem.
2659 4185 2954 4239 nonnihila
2979 4186 3206 4255 reliquis
3245 4184 3453 4240 discre-

1884 4276 2072 4344 pantia
2098 4293 2115 4341 ;
2149 4292 2334 4330 amara
2367 4286 2498 4333 sunt
2527 4279 2673 4332 enim
2704 4287 2760 4333 et
2789 4278 3081 4348 pellucida.
3134 4276 3458 4348 Ubicunque

1885 4367 2028 4421 circa
2064 4382 2183 4421 eam
2216 4367 2427 4423 fructus
2455 4369 2753 4433 enascitur,
2802 4368 3019 4422 turbido
3062 4375 3273 4425 tantum
3306 4367 3457 4423 fumo

1886 4472 2087 4533 turget.
2119 4463 2275 4533 Aqua
2308 4464 2423 4518 haec
2445 4464 2723 4517 utentibus
2749 4462 3041 4516 admodum
3074 4460 3311 4515 salubria
3334 4471 3416 4517 est
3438 4503 3453 4527 ,

1886 4569 1951 4609 ac
1976 4570 2128 4609 more
2157 4554 2383 4610 cuilibet
2409 4570 2565 4624 aquae
2594 4554 2872 4608 contrario
2899 4553 3204 4607 exsiccatur
3228 4570 3241 4606 :
3273 4560 3326 4605 et
3352 4552 3453 4607 nisi

1883 4644 2174 4701 Iordanem
2202 4646 2269 4701 ad
2297 4646 2468 4701 instar
2493 4646 2715 4701 conchae
2744 4645 3030 4701 nutritium
3057 4652 3112 4697 et
3134 4642 3450 4697 continuum

201 4738 607 4811 ἀνατετράφθαι
652 4738 760 4791 ὑπὸ
786 4738 879 4791 τοῦ
902 4736 1036 4790 Θεοῦ
1066 4736 1152 4791 διὰ
1177 4736 1274 4810 τὴν
1296 4736 1406 4789 τῶν
1441 4736 1780 4807 περιοικούν-

1897 4754 2165 4793 tumorem
2206 4739 2712 4795 subministrantem
2748 4737 2987 4801 haberet,
3019 4752 3084 4791 ac
3116 4738 3257 4790 velut
3277 4736 3453 4789 exsic-

202 4846 301 4883 των
327 4829 609 4885 ἀσέϐειαν.

1811 4818 1854 4871 Ῑ)
1882 4830 2109 4884 cationis
2130 4830 2373 4899 periculo
2398 4830 2751 4885 obsistentem
2770 4869 2785 4893 ,
2812 4829 2976 4883 citius
2998 4844 3159 4899 quant
3184 4829 3448 4891 videatur,

203 4927 507 4983 defecisset.
562 4925 999 4995 Circumquaque
1055 4939 1163 4979 non
1229 4923 1459 4978 minima
1521 4923 1750 4979 balsami
1801 4925 2003 4993 plantae
2052 4927 2208 4996 copia
2270 4936 2392 4993 est;
2449 4942 2612 4999 quam
2669 4924 2889 4996 quidem
2922 4926 2992 4979 ob
3023 4925 3328 4980 vicinorum
3361 4923 3451 4976 in-

78 5020 85 5027 “
202 5019 440 5075 colarum
474 5018 873 5088 improbitatem
902 5032 935 5071 a
966 5016 1074 5072 Deo
1098 5017 1284 5071 dicunt
1322 5015 1660 5087 proﬂigatam
1696 5017 1912 5086 penitus
1945 5028 2000 5073 et
2028 5020 2405 5088 exstirpatam.

1395 5109 1461 5165 Χ.
1503 5109 1670 5171 Ibid..
1712 5128 1835 5181 pag.
1876 5113 2001 5177 107,
2043 5113 2117 5170 al.
2160 5113 2248 5168 86.

270 5323 336 5377 ἸΙ
372 5321 673 5393 ποιμενικὴ
703 5321 813 5393 (42)
859 5321 1030 5393 σκηνὴ
1066 5321 1160 5375 τοῦ
1204 5320 1397 5375 Ἰακὼϐ
1435 5322 1493 5373 ἐν
1548 5321 1768 5392 Ἐδέσσῃ

265 5435 370 5505 (Μ)
412 5435 558 5501 Ἔτη
602 5432 757 5503 ,τσζῆ
804 5434 1120 5489 Mendosum
1176 5449 1463 5505 numerum
1517 5432 1649 5505 ,γσξ
1707 5433 1762 5486 in

203 5503 358 5569 ,γσοζί
376 5510 827 5558 commutandum
858 5506 1001 5571 cogit
1029 5510 1142 5559 haec
1162 5505 1321 5558 ratio.
1347 5503 1391 5555 A
1416 5504 1604 5556 mundi
1640 5511 1765 5556 ortu

202 5575 260 5626 ad
284 5576 553 5628 diluvium
586 5583 837 5629 numerat
868 5574 1157 5629 Africanus
1185 5588 1358 5627 annos
1378 5572 1540 5635 2262,
1565 5572 1766 5641 quibus

201 5644 261 5696 ad
311 5645 552 5697 Abrahae
600 5645 834 5697 natalem
879 5645 1021 5697 diem
1082 5644 1227 5698 addit
1276 5644 1411 5696 alios
1476 5642 1633 5695 1015.
1686 5640 1767 5697 Ex

203 5722 425 5781 utraque
465 5715 631 5779 igitur
668 5729 882 5768 summa
916 5714 1129 5781 collegit
1158 5712 1313 5779 ,γσοζ’
1353 5713 1511 5767 5277.
1542 5711 1715 5770 Con.

265 5784 408 5855 μιν)
434 5781 600 5840 Forte
633 5784 957 5841 σκήπτεται.
994 5784 1146 5839 Εοιτ.
1175 5783 1415 5840 ΡΑτιιοι..

1477 5204 1553 5260 De
1591 5208 1901 5276 patriarcha
1939 5208 2130 5265 Jacob.

1946 5324 1989 5378 Ι.
2029 5323 2310 5379 Pastorale
2339 5322 2509 5378 Iacob
2542 5324 2836 5380 tentorium
2874 5336 3049 5393 usque
3083 5322 3150 5375 ad
3184 5321 3442 5375 Antonini

1945 5438 2054 5507 (42)
2111 5439 2171 5494 Ἠ
2220 5454 2448 5505 ποιμεν.
2501 5436 2625 5493 lla-c
2668 5446 2723 5492 et
2770 5438 3047 5507 sequentia
3076 5436 3144 5491 dc
3174 5434 3342 5507 Jacoh
3373 5436 3443 5493 ab

1870 5505 2129 5560 Africano
2174 5518 2447 5577 enarrata,
2510 5518 2725 5564 exstant
2774 5505 2913 5575 apud
2965 5506 3272 5577 Syncellum
3309 5505 3344 5559 ι.
3386 5521 3439 5561 c.

1869 5578 2142 5645 refertque
2170 5576 2409 5647 Scaliger
2427 5579 2478 5633 in
2504 5580 2620 5633 suis
2647 5578 2919 5646 excerptis
2949 5575 3150 5630 Graecis
3175 5575 3406 5630 Eusebia
3426 5604 3441 5617 ι

1868 5648 1953 5701 nis
2009 5662 2131 5716 pag.
2183 5646 2272 5713 22,
2315 5646 2479 5703 tacito
2512 5648 2743 5705 Svncelli
2785 5647 3004 5701 nomine
3054 5664 3066 5700 :
3114 5648 3255 5716 quod
3303 5661 3443 5716 prata

1867 5717 2014 5774 teriit
2038 5715 2445 5775 Tillemontium
2477 5720 2636 5775 Mém.
2660 5721 2786 5775 εισι.
2817 5729 2947 5775 tom.
2978 5717 3069 5785 lll,
3094 5734 3147 5789 p.
3169 5715 3295 5772 9.55.
