3966 6522
535 360 603 414 τι
1905 354 2080 414 ιυιιι

2216 354 2441 413 ﬂlCANI
3721 358 3789 412 16

531 478 755 553 piadum
809 474 968 532 annis
1057 473 1548 546 cum-utriusque,
1602 484 1718 530 tum
1763 483 2091 530 caeterorum
2122 473 2378 543 deinceps
2399 472 2778 528 convenientia
2824 473 2890 530 ad
2936 489 3037 531 nos
3071 489 3245 546 usque
3267 473 3482 529 ducitur
3523 491 3539 528 :

3589 473 3790 543 quippe

531 574 628 646 qui
680 572 751 628 ab
802 586 870 627 eo
915 570 1080 626 veluti
1126 570 1348 625 cardine
1408 567 1714 640 progressi,
1777 575 2176 638 consequentes
2229 567 2434 636 pariter
2489 567 2746 624 historias
2785 568 2970 624 eadem
3011 568 3153 625 inter
3190 584 3309 626 sese
3381 571 3598 627 ratione
3633 587 3788 627 colu-

533 664 759 721 missuri
795 663 1210 733 contexturique
1241 664 1436 720 simus.

602 757 692 812 ΙΙΙ.
730 758 800 811 At
832 758 884 810 in
931 770 1274 824 superiorum
1317 755 1706 826 consignandis
1739 757 2103 827 temporibus,

2283 751 2360 803 I".
2411 749 2522 812 Τὰς
2567 749 2622 802 δὲ
2669 749 2774 821 πρὸ
2813 751 3018 805 τούτων
3067 744 3169 805 ὧδέ
3218 769 3335 814 πως
3374 751 3474 822 τῆς
3538 753 3789 826 Ἀττικῆς

534 850 578 906 si
618 851 808 906 Atticae
839 849 1288 918 chronographia:
1313 850 1580 903 rationem
1610 848 1761 918 sequi
1816 849 1984 913 libet,
2039 849 2108 900 ab

531 943 748 1014 Ogyge,
797 959 958 1014 quem
1008 942 1247 1012 indidem
1295 951 1475 995 satum
1528 956 1652 996 esse
1697 940 1962 1005 credunt,
2005 939 2108 994 sub

533 1052 643 1105 quo
693 1035 884 1103 ingens
933 1033 1064 1088 iliud
1107 1032 1458 1102 primumque
1499 1031 2108 1101 diluvium,.regnante

531 1123 692 1192 Argis
771 1121 1108 1188 Phoroneo,
1172 1122 1406 1175 Atticam
1486 1122 1749 1176 invasisse
1819 1121 2107 1176 Acusilaus

531 1224 724 1270 auctor
761 1224 883 1281 est,
932 1214 999 1267 ad
1044 1214 1277 1283 primam
1323 1228 1496 1283 usque
1544 1212 1917 1285 Olympiadem
1963 1213 2107 1268 unde

533 1307 707 1364 Grmei
742 1316 1054 1362 accuratam
1090 1307 1194 1362 sibi
1231 1316 1538 1376 temporum
1573 1307 1771 1363 seriem
1800 1307 2106 1362 ducendam

532 1409 890 1470 putaverunt,
935 1399 1064 1454 anni
1097 1399 1431 1469 colliguntur
1469 1399 1658 1470 viginti
1705 1415 1873 1470 supra
1919 1400 2104 1468 mille;

530 1493 626 1562 qui
663 1509 923 1547 numerus
943 1504 996 1546 et
1023 1508 1147 1548 cum
1179 1493 1556 1562 superioribus
1583 1493 1788 1562 optime
1815 1495 2104 1563 congruit,

529 1592 582 1636 et
609 1597 672 1636 ex
705 1583 1049 1653 sequentium
1083 1583 1451 1637 declaratione
1480 1583 1777 1638 constabit.
1820 1581 1944 1638 lla:c
1959 1584 2104 1637 enim

529 1673 845 1731 Hellanicus
884 1686 938 1732 et
972 1675 1300 1731 Pilochorus
1326 1715 1341 1740 ,
1377 1677 1470 1746 qui
1509 1691 1596 1734 res
1635 1677 1873 1741 Atticas,
1941 1677 2105 1731 item-

529 1784 639 1838 que
663 1768 861 1824 Castor
884 1778 938 1824 et
965 1769 1192 1824 Thallus
1211 1811 1224 1835 ,
1255 1769 1346 1839 qui
1381 1767 1635 1840 Syriacas
1657 1775 1928 1841 prosecuti
1957 1780 2104 1838 sunt,

529 1860 733 1930 quique
771 1861 1014 1932 gentium
1055 1863 1298 1916 omnium
1324 1861 1607 1915 historiam
1647 1862 1699 1915 in
1729 1861 2107 1916 Bibliothecam

529 1966 686 2006 suam
737 1952 958 2008 inclusit
1002 1951 1302 2020 Diodorus,
1349 1968 1404 2012 et
1445 1954 1752 2011 Alexander
1797 1953 2110 2025 Polyhistor

530 2047 810 2102 memorire
850 2048 1206 2118 prodiderunt
1239 2068 1252 2104 :
1294 2067 1530 2128 quorum
1582 2051 1746 2104 etiam
1775 2093 1789 2116 ,
1831 2065 1862 2104 e
1901 2049 2106 2104 nostris

2211 843 2611 918 χρονογραφίας
2648 843 3078 916 ἀριθμουμένης,
3123 843 3231 897 ἀπὸ
3279 843 3506 913 Ὠγύγου
3537 845 3632 898 τοῦ
3662 853 3791 916 παρ’

2210 937 2439 1000 ἐκείνοις
2480 935 2798 1005 αὐτόχθονος
2840 935 3220 999 πιστευθέντος
3243 976 3258 1000 ,
3294 937 3378 1006 ἐφ’
3411 932 3470 992 οὗ
3509 938 3736 1007 γέγονεν
3760 941 3794 994 ό

2213 1029 2386 1100 μέγας
2419 1027 2514 1081 καὶ
2543 1028 2755 1098 πρῶτος
2788 1029 2844 1081 ἐν
2885 1031 2950 1099 τῇ
2998 1028 3214 1099 Ἀττικῇ
3248 1029 3659 1101 κατακλυσμὸς,
3693 1032 3794 1085 Φο-

2213 1121 2424 1192 ρωνέως
2463 1119 2719 1192 Ἀργείων
2741 1119 3133 1189 βασιλεύοντος,
3157 1121 3232 1184 ὡς
3271 1122 3615 1186 Ἀκουσίλαος
3649 1126 3791 1178 isto-

2212 1216 2315 1286 ρεῖ,
2361 1213 2525 1283 μέχρι
2571 1210 2791 1283 πρώτης
2846 1213 3236 1283 Ὀλυμπιάδος,
3293 1215 3485 1268 ὁπόθεν
3533 1215 3792 1286 "Elius;

2209 1305 2466 1376 ἀκριϐοῦν
2490 1308 2614 1369 τοὺς
2645 1305 2867 1377 χρόνους
2901 1306 3178 1376 ἐνόμισαν,
3212 1306 3306 1377 ἐτη
3329 1307 3618 1376 συνάγεται
3645 1309 3790 1380 χίλια

2213 1403 2439 1454 εᾱοσιν·
2485 1399 2560 1463 ὡς
2609 1399 2846 1462 καὶτοῖς
2883 1400 3302 1471 προειρημένοις
3340 1405 3648 1471 συμφωνεῖ,
3697 1405 3793 1456 καὶ

2210 1495 2320 1556 τοῖς
2366 1491 2491 1564 ἑξῆς
2535 1491 2890 1564 δειχθήσεται.
2939 1492 3122 1545 Ταῦτα
3165 1492 3276 1564 γὰρ
3317 1493 3627 1564 Ἀθηναίων*
3655 1497 3794 1548 ἱστο-

2212 1585 2431 1659 ροῦντες
2487 1585 2620 1656 (55),
2687 1585 2991 1648 Ἑλλάνικός
3034 1601 3094 1637 τε
3143 1585 3236 1638 καὶ
3283 1584 3564 1656 Φιλόχορος
3608 1590 3658 1640 οἰ
3690 1588 3792 1652 τὰς

2224 1678 2485 1742 Ἀτθίδας,
2505 1679 2627 1732 οἵτε
2659 1680 2728 1733 τὰ
2761 1679 2932 1752 Σύρια
2960 1679 3195 1751 Κάστωρ
3228 1681 3320 1734 καὶ
3346 1678 3568 1744 Θαλλὺς,
3601 1682 3697 1734 καὶ
3723 1683 3792 1735 τά

2212 1772 2428 1826 πάντων
2453 1773 2714 1846 Διόδωρος
2746 1777 2774 1828 ό
2799 1775 2896 1836 τὰς
2914 1771 3329 1840 Βιϐλιοθήκης,
3349 1773 3698 1845 Ἀλέξανδρός
3731 1792 3793 1828 τε

2210 1866 2238 1917 ό
2267 1865 2599 1938 Πολυΐστωρ,
2640 1867 2732 1921 καί
2759 1885 2899 1931 τινες
2925 1868 3031 1920 τῶν
3071 1866 3190 1920 καθ’
3223 1868 3369 1938 ἡμᾶς
3399 1867 3796 1940 ἀκριϐέστερον

2211 1959 2559 2031 ἐμνήσθησαν
2579 2003 2593 2027 ,
2618 1961 2710 2015 καὶ
2740 1961 2846 2014 τῶν
2875 1961 3133 2016 Ἀττικῶν
3162 1962 3416 2015 ἁπάντων
3447 1962 3579 2032 (55).
3609 1963 3678 2015 Εἰ
3708 1980 3796 2025 τις

2211 2046 2302 2112 οὖν
2339 2052 2396 2104 ἐν
2434 2055 2546 2116 τοῖς
2581 2053 2771 2124 χιλίοις
2824 2055 3025 2108 εἴκοσιν
3047 2053 3223 2106 ἐτεσιν
3283 2053 3550 2124 ἐπίσημος
3579 2054 3798 2124 ἱστορία

527 2150 791 2210 praeterea
823 2141 1106 2209 nonnulli,
1142 2142 1460 2213 diligentius
1482 2127 1654 2214 quam
1688 2143 1850 2198 Attici
1885 2157 2098 2208 omnes,

2216 2145 2480 2214 τυγχάνει,
2513 2147 2654 2200 κατὰ
2677 2147 2737 2200 τὸ
2765 2148 3038 2219 χρήσιμον
3063 2147 3440 2220 ἐκλεγήσεται.

525 2238 950 2307 accuratiusque
989 2237 1308 2292 meminere.
1372 2237 1595 2308 Itaque,
1657 2240 1702 2293 si
1743 2252 1866 2308 qua:
1903 2235 2050 2291 mille
2110 2250 2174 2291 ac
2227 2239 2414 2310 viginti
2459 2256 2727 2294 annorum
2781 2243 2957 2311 spatio
3009 2242 3170 2312 paulo
3221 2241 3486 2313 insignior
3537 2251 3796 2299 occurret

527 2335 757 2390 historia
780 2375 795 2399 ,
829 2349 950 2388 eam
985 2335 1272 2388 commode
1301 2349 1401 2389 suo
1430 2335 1551 2390 loco
1578 2334 1850 2390 dabimus.

597 2447 688 2504 ιν.
739 2447 999 2504 Volumus
1029 2448 1216 2519 igitur,
1249 2448 1439 2518 scripti
1471 2449 1634 2503 etiam
1666 2447 1829 2518 hujus
1863 2447 2106 2502 auctori-

529 2549 638 2595 tate
669 2539 828 2605 freti,
859 2537 1098 2610 Ogygem
1131 2539 1284 2593 illum
1318 2539 1410 2608 qui
1438 2580 1453 2604 ,
1491 2539 1634 2608 quod
1675 2538 1887 2597 haustis
1931 2553 2105 2608 aqua-

524 2647 650 2687 rum
682 2631 736 2684 vi
769 2632 1190 2701 quamplurimis
1214 2671 1228 2695 ,
1265 2632 1450 2686 salvus
1488 2639 1542 2685 et
1581 2630 1873 2685 incolumis
1908 2644 2101 2684 evase-

524 2736 648 2790 rat,
679 2727 856 2794 primo
885 2725 1088 2780 diluvio
1115 2739 1312 2779 nomen
1339 2723 1506 2786 dedit,
1533 2723 1678 2778 circa
1706 2733 1918 2792 tempus
1943 2720 2099 2798 illud,

525 2833 638 2888 quo
675 2817 912 2888 populus
949 2831 1016 2871 ex
1057 2815 1291 2887 IEgypto
1323 2831 1447 2870 cum
1482 2813 1668 2886 Moyse
1699 2813 1986 2883 migravit,
2016 2827 2106 2866 ex-

526 2909 757 2965 stitisse.
799 2909 856 2962 ld
891 2908 1036 2977 quod
1077 2908 1226 2962 hunc
1273 2907 1328 2961 in
1369 2905 1593 2961 modum
1633 2906 1980 2961 conﬁcimus.
2021 2904 2105 2959 Ab

525 3001 709 3074 Ogyge
747 3001 815 3056 ad
853 3003 1087 3072 primam
1125 2999 1500 3072 Olympiadem
1542 3000 1671 3054 anni
1723 3007 1990 3069 putantur
2022 2997 2106 3052 vi-

524 3097 660 3166 ginti
694 3111 862 3166 supra
893 3095 1042 3149 mille
1068 3111 1082 3160 ;
1113 3093 1180 3148 ab
1211 3091 1530 3165 Olympiade
1556 3094 1733 3163 prima
1763 3091 1830 3146 ad
1861 3092 2115 3161 primum

523 3185 998 3258 quinquagesima:
1045 3185 1249 3254 quinta:
1289 3201 1533 3250 annum,
1578 3184 1670 3254 qui
1714 3184 1924 3254 primus
1970 3184 2102 3236 item

524 3277 650 3350 Cyri
686 3281 828 3350 regis
862 3295 1040 3334 annus
1071 3286 1187 3343 est,
1222 3277 1477 3347 idemque
1505 3276 1838 3343 captivitatis
1864 3274 2106 3330 Iudaica:

2284 2446 2356 2499 A'.
2404 2443 2586 2514 Φαμὲν
2628 2442 2807 2496 τοίνυν
2852 2442 2914 2496 ἔκ
2946 2459 3003 2495 τε
3040 2442 3149 2514 (56)
3184 2443 3339 2498 τοῦδε
3377 2445 3470 2499 τοῦ
3502 2449 3794 2520 συγγράμ-

2213 2553 2400 2607 ματος,
2420 2537 2673 2604 Ὤγυγον,
2691 2536 2750 2599 ὃς
2772 2537 2865 2590 τοῦ
2898 2538 3111 2610 πρώτου
3148 2541 3529 2614 κατακλυσμοῦ
3563 2548 3795 2616 γέγονεν

2211 2627 2518 2698 ἐπώνυμος,
2552 2629 2664 2696 (57)
2685 2628 2892 2682 πολλῶν
2909 2631 3311 2704 διαφθαρέντων
3327 2636 3627 2703 διασωθεὶς,
3649 2643 3795 2696 κατὰ

2205 2721 2304 2792 τὴν
2321 2723 2591 2789 Αἴγυπτον
2615 2721 2708 2775 τοῦ
2738 2721 2868 2776 λαοῦ
2897 2725 3035 2794 μετὰ
3056 2728 3334 2792 Μωῡσέως
3363 2728 3536 2794 ἔξοδον
3562 2736 3796 2806 γεγενῆ-

2207 2813 2351 2878 σθαι,
2369 2815 2517 2869 τόνδε
2543 2817 2635 2868 τὸν
2659 2815 2878 2887 τρόπον.
2913 2819 3033 2872 Ἐπὶ
3064 2820 3288 2892 πρώτην
3327 2822 3663 2894 Ὀλυμπιάδα
3690 2830 3794 2901 τὴν

2206 2901 2628 2973 προειρημένην,
2651 2902 2760 2956 ἀπὸ
2788 2903 3013 2973 Ὠγύγου
3031 2907 3122 2978 ἐτη
3151 2909 3488 2983 δειχθήσεται
3511 2914 3621 2985 (58)
3649 2924 3754 2979 ,ax'
3775 2937 3790 2950 ο

2206 2992 2314 3048 ἀπὸ
2359 2993 2416 3046 δὲ
2461 2994 2683 3066 πρώτης
2733 2995 3091 3067 Ὀλυμπιάδος
3132 3003 3224 3054 ἐπὶ
3252 3003 3352 3073 τῆς
3383 3012 3456 3058 νε⁹
3489 3007 3606 3071 ἔτος
3635 3010 3794 3079 πρῶ-

2205 3103 2315 3150 τον,
2373 3089 2646 3143 τουτέστιν
2691 3092 2789 3144 ἐπὶ
2834 3093 3016 3165 Κύρου
3064 3096 3329 3166 βασιλέως
3375 3100 3494 3166 ἔτος
3546 3105 3791 3174 πρῶτον,

2204 3179 2342 3253 ὅπερ
2365 3175 2432 3252 ἦν
2465 3183 2842 3252 αἰχμαλωσίας
2870 3187 3056 3252 τέλος,
3091 3189 3184 3260 ἔτη
3218 3191 3337 3256 σις’.
3387 3194 3516 3248 Ἀπὸ
3557 3197 3792 3268 Ὠγύγου

2204 3276 2384 3328 τοίνυν
2418 3278 2508 3330 ἐπὶ
2541 3277 2743 3350 Κῦρον,
2779 3279 2871 3352 ἐτη
2914 3281 3095 3347 ,αα-λζ’.
3125 3284 3523 3359 Εἰδ’ὰναςρέρει
3549 3306 3632 3352 τις
3667 3292 3796 3344 ἑπι-

525 3370 682 3436 tinis,
713 3371 843 3424 anni
875 3368 1268 3439 septemdecim
1299 3383 1466 3437 supra
1513 3367 1780 3450 ducentos
1809 3385 1824 3434 ;
1868 3382 1998 3437 ergo
2033 3366 2102 3420 ab

2216 3365 2570 3439 λογιζόμενος,
2593 3370 2699 3423 ἀπὸ
2721 3370 2814 3425 τού
2848 3372 3038 3437 τέλους
3062 3375 3164 3445 τῆς
3198 3378 3592 3447 αἰχμαλωσίας,
3621 3383 3793 3450 ,ασλζν

524 3461 708 3532 Ogyge
746 3461 814 3515 ad
851 3460 1059 3532 Cyrum
1102 3475 1310 3529 usque,
1352 3459 1481 3512 anni
1511 3448 1734 3530 triginta
1769 3466 1974 3526 septem
2008 3473 2101 3512 su-

524 3569 621 3621 pra
656 3553 804 3607 mille
831 3569 896 3608 ac
923 3538 1192 3608 ducentos
1227 3567 1420 3606 omnes
1449 3551 1799 3620 colliguntur.
1831 3548 1974 3615 Jam,
2004 3548 2100 3618 qui

525 3661 747 3700 sursum
789 3661 982 3702 versus
1009 3646 1077 3701 ab
1107 3646 1254 3700 exitu
1287 3645 1617 3715 captivitatis
1647 3659 1818 3698 annos
1857 3653 2102 3697 retexere

523 3738 790 3804 voluerit,
817 3737 865 3794 is
891 3739 1110 3809 triginta
1143 3747 1350 3807 septem
1379 3753 1543 3807 supra
1575 3737 1723 3793 mille
1745 3751 1810 3791 ac
1835 3737 2101 3791 ducentos

527 3831 853 3886 rcvolvendo
882 3832 1229 3898 uulnerahit;
1264 3833 1367 3886 hoc
1390 3839 1475 3886 est
1501 3830 1642 3884 idem
1673 3845 1898 3900 prorsus
1930 3829 2101 3882 inter-

525 3925 725 3979 vallum
780 3924 848 3980 ad
879 3941 1004 3979 eum
1059 3941 1233 3996 usque
1287 3940 1528 3990 annum,
1577 3941 1686 3994 quo
1737 3923 1976 3992 primum
2027 3935 2094 3975 ex

2206 3457 2338 3531 ἔτηο
2396 3461 2534 3514 κατὰ
2581 3462 2836 3516 ἀνάλυσιν
2893 3466 3202 3537 εὑρίσκεται
3249 3471 3443 3524 ταυτὸν
3489 3472 3793 3546 διάστημα,

2208 3551 2302 3604 ἐπὶ
2336 3551 2398 3606 τὸ
2426 3553 2639 3624 πρῶτον
2667 3555 2786 3619 ἔτους
2814 3557 2913 3628 τῆς
2945 3559 3052 3612 ἀπὸ
3084 3560 3358 3630 Αἰγύπτου
3383 3563 3468 3618 διὰ
3501 3567 3793 3634 Μωῦσέως

2207 3642 2384 3707 ἐξόδου
2430 3645 2644 3718 Ἰσραὴλ
2664 3687 2678 3710 ,
2712 3648 2834 3702 ὅσον
2860 3650 2966 3704 ἀπὸ
2997 3651 3097 3721 τῆς
3126 3657 3493 3728 πεντηκοστῆς
3524 3658 3795 3733 πέμπτης

2221 3733 2579 3807 Ὀλυμπιάδος
2638 3741 2729 3793 ἐπὶ
2797 3743 3062 3811 Ὤγυγον,
3113 3745 3172 3809 ὃς
3219 3747 3428 3802 ἔκτισεν
3484 3750 3788 3807 Ἐλευσῖνα.

2210 3827 2373 3882 Ὅθεν
2417 3831 2820 3906 ἐπισημότερόν
2861 3837 2975 3888 ἐστι
3024 3837 3351 3892 καταλαϐεῖν
3383 3841 3482 3912 τὴν
3537 3843 3793 3916 Ἀττικὴν

2210 3923 2630 3993 χρονογραφίαν.

524 4019 761 4092 Egypto
783 4037 876 4091 per
895 4021 1136 4093 Moysem
1153 4022 1383 4076 eductus
1399 4015 1564 4076 Israel
1579 4030 1682 4085 est,
1701 4020 1845 4090 quod
1863 4019 1962 4073 abs
1974 4017 2426 4088 quinquagesima
2445 4006 2634 4089 quinta
2651 4017 2969 4092 Olympiade
2986 4023 3050 4077 ad
3069 4021 3329 4095 Ogygem,
3349 4025 3442 4095 qui
3473 4027 3789 4083 Eleusinem

523 4113 798 4181 condidit,
837 4129 1131 4170 excurrere
1169 4114 1375 4168 dictum
1415 4122 1519 4168 est.
1560 4119 1736 4184 Atque
1768 4112 1894 4166 inde
1913 4111 2131 4181 quidem
2157 4110 2424 4180 insignius
2443 4113 2632 4167 Atticae
2654 4113 3020 4185 chronologiae
3053 4118 3378 4187 principium
3410 4119 3532 4174 duci
3563 4130 3772 4188 potest.

599 4201 662 4258 V.
710 4203 908 4259 Verum
934 4205 1003 4260 de
1029 4214 1273 4276 tempore
1297 4205 1534 4276 Ogygem
1561 4214 1882 4276 antegresso
1913 4204 2102 4256 hacte-

524 4313 649 4353 nus.
677 4295 947 4354 Caeterum
981 4298 1130 4354 illius
1155 4309 1401 4369 tempore
1424 4341 1438 4364 ,
1478 4299 1714 4353 excessit
1753 4299 1822 4352 ah
1861 4294 2098 4366 IEgypto

524 4387 772 4460 Moyses:
815 4390 869 4444 id
907 4391 1054 4461 quod
1092 4391 1206 4446 veri
1245 4407 1410 4462 quam
1453 4390 1632 4445 simile
1683 4391 1788 4452 sit,
1843 4390 1992 4443 hunc
2040 4387 2096 4440 in

2261 4201 2336 4253 E'.
2363 4201 2472 4254 Καὶ
2493 4203 2728 4256 τοσαῦτα
2753 4204 2851 4273 μὲν
2870 4204 2973 4276 πρὸ
3005 4203 3251 4274 Ὠγύγου.
3273 4207 3428 4261 Κατὰ
3451 4207 3507 4261 δὲ
3523 4211 3648 4274 τοὺς
3668 4213 3794 4265 τού-

2206 4311 2299 4346 του
2323 4295 2563 4365 χρόνους,
2580 4296 2769 4366 ἐξῆλθε
2787 4297 3025 4368 Μωΰσῆς
3047 4299 3142 4350 ἀπ’
3159 4299 3429 4368 Αἰγύπτου
3449 4318 3462 4332 ο
3488 4303 3581 4356 καὶ
3595 4303 3671 4368 ὡς
3686 4307 3796 4362 οὐκ

2206 4384 2431 4437 ἄπιστον
2464 4385 2583 4438 τότε
2602 4385 2774 4438 ταῦτα
2800 4385 3092 4455 συμϐῆναι,
3119 4387 3404 4458 δείκνυμεν
3431 4388 3619 4452 οὕτως.
3654 4391 3796 4444 Ἀπὸ

524 4480 748 4536 modum
776 4483 1133 4538 ostendimus.
1164 4483 1247 4536 Ab
1273 4483 1424 4536 exitu
1449 4481 1653 4552 Moysis
1678 4481 1743 4535 ad
1771 4479 1971 4550 Cyrum
1998 4477 2093 4548 qui

2216 4473 2305 4544 τῆς
2332 4475 2509 4542 ἐξόδου
2523 4477 2801 4539 Μωῦσέως
2816 4477 2906 4530 ἐπὶ
2919 4477 2999 4530 Κύ
3009 4495 3118 4549 ρον,
3133 4479 3192 4543 ὃς
3203 4479 3515 4533 ἐϐασίλευσε
3535 4482 3671 4552 μετὰ
3688 4485 3795 4554 τὴν

523 4580 649 4639 post
681 4573 1048 4642 captivitatem
1085 4575 1364 4645 regnavit,
1393 4574 1522 4628 anni
1555 4579 1818 4643 putantur
1847 4570 1996 4623 mille
2032 4583 2097 4624 ac

2216 4567 2594 4637 ιίχμαλωσίαν,
2622 4568 2716 4638 ἔτη
2749 4568 2928 4634 ⁴ασλζκ
2964 4571 3242 4634 Μωῦσέως
3264 4571 3373 4642 γάρ
3403 4573 3495 4642 ἐτη
3524 4573 3590 4626 τὰ
3621 4572 3796 4630 λοιπὰ

524 4665 744 4718 ducenti
783 4681 906 4720 cum
945 4665 1167 4736 trig’nta
1204 4674 1428 4736 septem.
1473 4663 1673 4735 Moysis
1707 4663 1851 4717 enim
1895 4661 2089 4730 reliqui

2216 4662 2621 4731 τεσσαράκοντα.
2679 4662 2854 4730 Ἰησοῦ
2898 4661 2992 4715 τοῦ
3035 4665 3150 4733 μετ’
3173 4667 3376 4717 ἐκεῖνον
3409 4665 3790 4736 ἡγησαμένου,

523 4757 594 4812 ab
631 4772 854 4829 egressu
895 4759 1022 4813 anni
1061 4758 1420 4829 quadraginta
1460 4767 1626 4822 sunt;
1678 4754 1838 4814 Jesu.
1879 4755 1972 4825 qui
2013 4769 2103 4810 se-

2216 4752 2296 4824 Ξτη
2311 4759 2406 4817 κε’,
2423 4753 2806 4826 πρεσϐυτέρων
2838 4753 2932 4825 ἐτη
2953 4753 3018 4819 λ’,
3042 4754 3148 4807 τῶν
3184 4756 3319 4826 μετὰ
3345 4755 3517 4827 Ἰησοῦ
3546 4758 3751 4829 κριτῶν
3771 4777 3788 4790 ο

522 4845 764 4900 cundum
781 4846 932 4900 illum
952 4847 1152 4917 populo
1181 4846 1499 4902 deducendo
1517 4846 1748 4917 prazl'uit,
1770 4847 2012 4916 quinque
2039 4860 2103 4900 ac

2216 4845 2308 4898 τῶν
2325 4845 2381 4898 δέ
2398 4847 2455 4898 ἐν
2477 4847 2542 4915 τῇ
2568 4843 2733 4916 βίϐλῳ
2746 4844 2851 4898 τῶν
2868 4846 2912 4897 Κ
2925 4845 3085 4917 ριτῶν
3102 4865 3167 4899 πε
3176 4849 3523 4918 ριεχομένων,
3553 4848 3648 4919 ἔτη
3677 4855 3796 4918 ul.)-

2203 4937 2390 5007 ἱερέων
2421 4935 2478 4988 δὲ
2515 4937 2660 4988 Ἡλεὶ
2684 4937 2775 4989 καὶ
2791 4938 3042 5010 Σαμουὴλ
3059 4935 3153 5010 ἔτη
3177 4944 3226 5005 Lf
3247 4957 3260 4969 ·
3280 4940 3387 4992 τῶν
3413 4940 3468 4993 δέ
3487 4939 3614 5010 ἐξῆς
3630 4940 3795 5011 βασι-

523 5030 742 5099 triginta
777 5048 792 5096 ;
827 5030 1078 5100 judicum
1115 5031 1361 5085 omnium
1394 5071 1409 5096 ,
1451 5031 1545 5100 qui
1581 5029 1808 5098 proprio
1851 5028 2096 5098 ipsorum

2216 5028 2333 5082 téwv
2355 5027 2448 5080 Ἑὸ
2457 5029 2622 5099 ραίων
2634 5028 2727 5101 ἕτη
2747 5031 3072 5100 τετρακόσια
3102 5036 3169 5098 ια·
3184 5029 3252 5105 ἦς
3279 5032 3338 5086 τὸ
3351 5033 3653 5086 τελευταῖον
3667 5034 3791 5105 (59)

522 5122 662 5176 libro
702 5123 1392 5194 continentur,nonaginta
1415 5137 1581 5190 supra
1621 5121 2094 5191 quadringentos;

2216 5118 2313 5184 ἷτος
2324 5115 2390 5190 ἦν
2407 5119 2588 5192 Κύρου
2608 5120 2882 5191 βασιλείας
2893 5121 3334 5194 ἔτος-πρῶτον,ὠς
3354 5125 3790 5195 προειρήκαμεν,

522 5216 869 5283 sacerdotum
889 5215 968 5268 Eli
987 5225 1041 5270 et
1058 5213 1306 5280 Samuel,
1349 5213 1643 5282 nonaginta
1665 5229 1679 5277 ;
1705 5208 2160 5279 consequentium
2174 5224 2362 5278 regum
2394 5206 3076 5280 llebraaorummonaginta
3112 5229 3277 5288 supra
3317 5213 3749 5283 quadringentos
3773 5257 3791 5278 ,

524 5315 832 5376 sequuntur
871 5305 1202 5375 captivitatis
1239 5304 1584 5375 septuaginta
1613 5320 1627 5370 ;
1659 5301 1820 5372 cujus
1846 5311 2157 5371 postremus
2183 5313 2363 5355 annus
2391 5299 2540 5370 regni
2579 5299 2705 5372 Cyri
2727 5301 2938 5372 primus
2977 5300 3110 5367 fuit,
3143 5313 3200 5357 ut
3223 5304 3337 5372 jam
3367 5313 3491 5359 ante
3516 5303 3788 5361 diximus.

502 5422 511 5456 ι

504 5459 509 5474 Ι
595 5484 709 5553 (55)
745 5483 937 5540 Ταῦτα
963 5482 1074 5554 γὰρ
1123 5483 1335 5554 Ἀθηιιι.Δ
1355 5486 1543 5554 ἱστορ.
1575 5479 1756 5534 Malim
1788 5476 1958 5532 ταῦτα
1989 5477 2098 5549 γὰρ

522 5551 854 5626 ἱστοροῦσιν,
896 5551 1072 5626 deleto
1119 5551 1654 5626 Ἀθηνα-ίων.ᾲγιοειι.

585 5621 733 5695 (55⁸)
755 5623 862 5695 Καὶ
894 5624 1012 5678 τῶν
1039 5625 1156 5678 Ἀτ.
1179 5621 1280 5695 aa,
1310 5622 1483 5695 Vertit
1515 5625 1780 5695 interpres
1805 5621 1981 5694 quasi,
2001 5635 2097 5674 ex-

522 5694 725 5767 puncto
771 5694 887 5758 καί,
925 5696 1221 5767 genitivum
1267 5694 1524 5767 Ἀττικιρν
1558 5694 1624 5746 ad
1665 5695 2092 5763 comparativum

522 5763 912 5840 ἄκριόέστερον
934 5763 1238 5840 retulisset.
1256 5763 1430 5840 _Enrr.
1461 5764 1700 5820 l’araoc.

593 5832 714 5907 {56)
765 5832 869 5892 Ἕκ
901 5851 986 5892 re.
1031 5832 1304 5890 Particula
1358 5852 1415 5890 τι
1463 5844 1557 5892 aut
1605 5838 1961 5908 expungenda
1994 5848 2097 5906 est,

521 4936 752 5006 viginti;
796 4938 1109 5004 seniorum,
1148 4937 1242 5008 qui
1275 4946 1399 5007 post
1433 4935 1623 4991 Jesum
1659 4936 1872 5006 judices
1908 4937 2059 4990 fuere
2083 4975 2099 5002 ,

2203 5483 2298 5530 aut
2321 5473 2534 5544 aliquid
2565 5473 2714 5529 aliud

2278 5547 2389 5619 (57)
2417 5545 2578 5619 Κατὰ
2602 5546 2716 5619 τὴν
2740 5546 3195 5619 Αἴγυπτονενθι
3237 5547 3352 5603 haec
3401 5547 3648 5613 delenda,
3699 5552 3790 5606 vel

2200 5613 2570 5689 reponendum
2601 5613 2696 5689 ἀπ’
2749 5613 3045 5684 Αἰγύπτου.
3081 5617 3154 5674 In.

2280 5691 2392 5761 (58)
2422 5683 3006 5761 ⁸ᾼιιῖιχινῄοτεται.ἰδίῃ-ιο
3031 5688 3352 5761 δεικνύεται.
3383 5683 3458 5761 in.

2279 5753 2388 5830 (59)
2422 5753 2616 5830 ᾞςί’τὸ
2647 5759 3006 5830 τελευταῖον.
3049 5759 3206 5813 Dce‘st
3251 5761 3337 5812 hic
3379 5758 3603 5828 aliquid.
3654 5753 3785 5830 Quo

2210 5828 2443 5891 anim'zb
2465 5829 2532 5904 ἧς
2566 5828 2866 5886 referatur?
2904 5828 3065 5885 Forte
3113 5841 3238 5885 ante
3290 5831 3436 5885 hunc
3480 5829 3786 5886 articulum

2765 5475 3020 5545 postulat.
3055 5475 3132 5530 In.
