3966 6518
179 379 236 434 ’Π
1087 381 1256 450 QUAS
1297 380 1716 438 SUPERSUNT
1758 380 1850 434 EX
1891 377 2120 435 LlBBlS
2157 375 2560 434 CHRONOGR.
3373 374 3441 430 73

236 495 318 562 ς’.
361 495 485 547 Ἐπὶ
511 496 570 550 δὲ
592 497 814 570 πρώτης
851 498 1212 570 Ὀλυμπιάδος
1227 501 1335 555 ἀπὸ
1354 502 1631 565 Μωῦσέως
1660 501 1750 570 ἔτη

1931 496 2018 551 Vl.
2052 496 2170 552 Jam
2209 514 2236 551 a
2273 496 2458 568 Moyse
2498 496 2563 550 ad
2603 464 2976 567 Olympiadem
3032 493 3266 562 primam
3309 495 3441 548 anni

170 590 280 649 .ax',
310 583 473 657 εἰπερ
505 587 602 640 ἐπὶ
631 589 1005 660 πεντηκοστῆς
1043 591 1302 663 πέμπτης
1350 591 1469 655 ἔτος
1513 591 1750 663 πρῶτον,

169 677 255 746 ἔτη
283 678 474 748 ,ασλζκ
493 680 603 734 κᾶν
633 685 746 746 τοῖς
775 682 1103 755 Ἑλληνικοῖς
1129 686 1460 758 συνέδραμεν
1490 687 1518 738 ὁ
1544 687 1752 758 χρόνος.

167 768 313 822 Μετὰ
339 770 399 823 δὲ
427 773 686 841 Ὤγυγον,
723 773 812 828 διὰ
835 776 935 846 τὴν
969 775 1077 829 ἀπὸ
1103 777 1197 829 τοῦ
1216 778 1601 849 κατακλυσμοῦ
1622 778 1754 831 πολ-

166 859 254 931 λὴν
293 861 530 933 φθοράν,
565 864 922 931 ἀϐασίλευτος
945 867 1158 939 ἔμεινεν
1189 872 1221 940 ἡ
1258 869 1352 924 νῦν
1407 870 1623 942 Ἀττικὴ
1657 871 1754 942 μέ-

163 973 248 1027 χρι
293 958 611 1028 Κέκροπος,
663 960 760 1030 ἔτη
827 962 972 1033 ρπθ¹.
1035 965 1139 1016 Τὸν
1191 964 1300 1036 γάρ
1330 965 1468 1035 μετὰ
1521 967 1754 1034 Ὤγυγον

176 1044 441 1109 Ἀκταῖον,
475 1047 510 1118 ἢ
536 1049 607 1102 τά
641 1050 992 1123 πλασσόμενα
1022 1053 1131 1107 τῶν
1159 1055 1458 1126 ὀνομάτων,
1494 1056 1612 1108 οὐδὲ
1659 1073 1752 1124 γε-

163 1136 344 1190 νέσθαι
399 1141 538 1211 φησί
581 1142 890 1215 Φιλόχορος.
933 1146 1046 1200 Καὶ
1083 1142 1289 1214 αὖθιςο
1341 1149 1472 1201 Ἀπὸ
1525 1150 1752 1219 Ὠγύγου

163 1230 336 1284 τοίνυν
366 1233 462 1284 ἐπὶ
495 1233 699 1306 Κῦρον,
734 1237 908 1290 όπόσα
942 1239 1049 1290 ἀπὸ
1077 1240 1357 1304 Μωῦσέως
1399 1241 1491 1294 ἐπὶ
1528 1242 1619 1295 τὸν
1652 1243 1752 1294 αύ-

167 1323 255 1375 τον
279 1325 491 1395 χρόνον,
523 1326 618 1398 ἐτη
649 1328 834 1398 ιασλζν,
867 1331 962 1384 καὶ
1007 1331 1275 1403 Ἑλλήνων
1324 1333 1381 1386 δέ
1418 1351 1562 1396 τινες
1613 1336 1754 1388 ἱστο-

174 1414 315 1484 ροῦσι
343 1418 488 1470 κατὰ
521 1420 650 1483 τοὺς
680 1422 879 1486 αὐτοὺς
907 1423 1134 1494 χρόνους
1168 1424 1424 1492 γενέσθαι
1479 1428 1748 1482 Μωῦσέα·

171 1507 422 1580 Πολέμων
465 1512 526 1564 ὲν
567 1515 634 1583 τῇ
676 1512 863 1588 πρώτῃ
893 1516 1002 1569 τζυν
1053 1516 1426 1584 Ἑλληνικῶν
1474 1520 1754 1587 ἱστοριῶν

170 1598 353 1668 λέγων’
383 1600 541 1655 «Ἐπὶ
558 1605 781 1668 Ἄπιδος
813 1605 906 1658 τοῦ
938 1607 1248 1680 Φορωνέως,
1272 1613 1432 1682 μοῖρα
1462 1613 1556 1664 τοῦ
1585 1616 1752 1681 Αἰγυ-

171 1693 332 1745 πτίων
368 1695 607 1766 στρατοῦ
640 1698 896 1763 ἐξέπεσεν
933 1701 1232 1768 Αἰγύπτου,
1259 1704 1307 1755 οἳ
1339 1704 1396 1756 έν
1439 1707 1504 1776 τῇ
1552 1707 1754 1759 Παλαι-

171 1784 314 1857 στίνῃ
327 1786 641 1861 καλουμένῃ
662 1790 852 1863 Συρίᾳ,
874 1792 935 1844 ού
966 1792 1154 1864 πόρρω
1171 1795 1426 1865 Ἀραϐίας
1449 1796 1694 1867 ᾤκησανο
1727 1818 1745 1848 ι

1859 589 2034 644 ﬂuunt
2062 590 2254 660 viginti
2285 607 2447 659 supra
2477 589 2646 652 mille,
2676 604 2801 644 cum
2838 587 2906 642 ab
2938 587 3128 642 eodem
3169 586 3237 641 ad
3271 587 3440 656 quin-

1858 683 2191 753 quagcsimae
2223 683 2428 752 quinta:
2460 697 2664 736 annum
2715 681 2973 750 primum,
3028 681 3176 735 mille
3213 680 3435 735 ducenti

1858 791 1981 830 cum
2008 776 2227 845 triginta
2256 784 2460 844 septem
2487 783 2873 841 numerentur;
2895 775 2946 828 in
2965 790 3074 844 quo
3092 775 3248 828 nobis
3273 775 3440 828 etiam

1857 885 1980 922 cum
2035 868 2350 922 Crmcorum
2403 868 2742 937 temporibus
2777 867 2980 936 optime
3031 867 3311 922 convenit.
3371 866 3443 921 At

1859 977 1986 1014 vero
2021 971 2143 1030 post
2177 962 2436 1030 Ogygem,
2466 961 2610 1029 quod
2636 961 2824 1029 ingens
2851 961 2919 1013 ab
2949 960 3042 1012 illo
3070 960 3277 1014 diluvio
3309 975 3442 1014 con-

1857 1064 2042 1110 secuta
2076 1055 2305 1108 vastitas
2333 1064 2513 1115 esset,
2552 1069 2676 1122 qua:
2711 1068 2856 1106 nunc
2888 1052 3063 1106 Attica
3109 1053 3340 1119 dicitur,
3376 1069 3442 1107 ea

1857 1149 1974 1201 sine
2011 1147 2229 1217 regibus
2258 1161 2433 1200 annos
2458 1155 2674 1199 centum
2707 1155 2759 1198 ct
2791 1145 3067 1214 octoginta
3104 1161 3297 1199 novem
3321 1185 3336 1208 ,
3372 1145 3442 1200 ad

1855 1238 2148 1308 Cecropem
2192 1254 2367 1308 usque
2426 1236 2744 1307 permansit.
2793 1236 3036 1291 Actzeum
3082 1237 3228 1291 enim
3285 1238 3439 1292 illum

1855 1332 1949 1402 qui
1983 1346 2104 1400 post
2124 1330 2363 1402 Ogygem
2399 1339 2752 1392 recensetur,
2785 1345 3020 1399 qumque
3046 1330 3302 1400 deinceps
3339 1331 3444 1384 fin-

1855 1431 2059 1493 guntur
2085 1423 2342 1485 nomina,
2387 1420 2750 1474 Philochorus
2789 1437 2856 1474 ne
2901 1420 3176 1474 exstitisse
3220 1421 3442 1488 quidem

1854 1513 2078 1567 omnino
2110 1514 2416 1567 confirmat.
2457 1511 2527 1564 Et
2565 1528 2749 1564 rursus
2771 1528 2787 1565 :
2816 1510 2960 1582 Ergo
2993 1511 3062 1565 ab
3094 1511 3308 1584 Ogyge,
3357 1513 3445 1566 in-

1854 1607 1987 1675 quit,
2026 1605 2092 1660 ad
2117 1604 2318 1676 Cyrum
2358 1621 2534 1675 usque
2569 1605 2910 1659 tantumdem
2945 1622 3231 1672 numeres,
3269 1622 3444 1675 quan-

1856 1710 1967 1754 tum
2008 1697 2073 1752 ad
2109 1699 2360 1752 eumdem
2390 1713 2420 1752 a
2464 1696 2668 1767 Moyse,
2701 1699 2806 1752 hoc
2835 1705 2918 1752 est
2962 1713 3138 1773 annos
3177 1697 3444 1754 ducentos

1855 1798 1909 1844 et
1937 1789 2155 1858 triginta
2192 1797 2395 1858 septem
2445 1803 2611 1856 supra
2653 1788 2822 1841 mille.
2859 1786 2926 1842 Et
2970 1803 3102 1841 vero
3127 1787 3444 1852 Graecorum

167 1877 312 1929 αὐτοὶ
341 1878 592 1949 δηλονότι
624 1883 671 1934 οἱ
706 1883 841 1952 μετά
871 1884 1168 1946 Μωῡσέως.
1226 1887 1427 1940 Ἀπίων
1466 1889 1522 1942 δὲ
1571 1892 1599 1944 ὁ
1648 1891 1750 1942 Πο-

1858 1894 1989 1934 sane
2011 1879 2259 1934 nonnulli
2289 1879 2528 1951 Moysem
2565 1880 2669 1935 sub
2703 1880 2894 1934 eadem
2947 1888 3195 1950 tempora
3243 1881 3446 1937 vixisse

170 1971 457 2035 σειδωνῐου,
495 1975 923 2047 περιεργότατος
943 1982 1371 2049 γραμματικῶν,
1405 1983 1464 2034 ἐν
1494 1987 1560 2054 τῇ
1592 1985 1755 2039 Καίνέι

177 2062 472 2125 Ἰουδαίων
515 2064 716 2136 βίϐλῳ,
758 2069 854 2120 καὶ
902 2069 959 2120 ὲν
1004 2071 1072 2139 τῇ
1127 2071 1364 2145 τετάρτῃ
1424 2071 1532 2124 τῶν
1577 2074 1756 2127 Ἰστο-

161 2154 322 2222 ριῶν,
355 2158 519 2227 φησὶ,
556 2160 699 2212 κατὰ
723 2161 936 2230 Ἴναχον
959 2163 1195 2232 ’Ἄργους
1229 2164 1473 2234 βασιλέα,
1493 2165 1758 2236 ’Λμώσιος

167 2248 473 2314 Αἰγυπτίων
519 2249 895 2320 βασιλεύοντος
922 2295 935 2318 ,
977 2255 1279 2326 ἀποστῆναι
1321 2258 1640 2322 Ἰουδαίους,
1676 2253 1750 2312 ὧν

169 2341 409 2411 ἡγεῖσθαι
457 2345 718 2400 Μωῦσέα.
774 2347 1059 2418 Μέμνηται
1109 2349 1165 2401 δὲ
1210 2350 1302 2403 καὶ
1337 2351 1616 2422 Ἡρόδοτος
1653 2354 1753 2425 τῆς

169 2433 500 2498 ἀποστασίας
532 2435 757 2508 ταύτης,
793 2437 884 2490 καὶ
933 2439 1199 2509 Ἀμὼσιος
1223 2481 1238 2505 ,
1288 2444 1344 2495 έν
1375 2445 1439 2513 τῇ
1488 2443 1748 2516 δευτέρα·

168 2525 342 2596 τρόπῳ
374 2524 434 2578 δέ
466 2545 573 2580 τινι
605 2529 700 2581 καὶ
741 2529 1006 2584 Ἰουδαίων
1039 2532 1220 2584 αύτῶν
1240 2575 1253 2597 ,
1300 2535 1358 2586 ἐν
1391 2537 1503 2599 τοῖς
1537 2551 1753 2604 περιτε-

173 2618 450 2688 μνομένοις
482 2621 681 2684 αὐτοὺς
714 2621 1090 2693 καταριθμῶν,
1124 2625 1752 2695 καὶἈσσυρίουςτοὺς

168 2710 228 2762 ἐν
261 2711 336 2780 τῇ
361 2716 748 2783 Παλαιστίνῃ
793 2716 1104 2783 ἀποκαλῶν,
1151 2718 1291 2788 τάχα
1341 2719 1409 2772 δι’
1479 2720 1748 2791 Ἀϐραάμ.

168 2802 496 2875 Πτολεμαῖος
528 2807 587 2859 δὲ
618 2808 647 2859 ὀ
680 2808 998 2878 Μενδήσιος,
1025 2809 1095 2862 τὰ
1133 2812 1446 2881 Αἰγυπτίων
1490 2811 1754 2865 ἀνέκαθεν

171 2895 412 2967 ἱστορῶν,
455 2900 630 2953 ἅπασι
659 2901 870 2967 τούτοις
904 2905 1185 2979 συντρέχει
1210 2922 1224 2935 ο
1258 2905 1398 2958 ὥστε
1424 2903 1531 2957 οὐδ’
1557 2903 1753 2975 ἐπίση-

169 3004 258 3055 μος
288 2990 382 3043 ἐπὶ
415 2990 582 3046 πλέον
613 2995 645 3064 ἡ
679 2995 786 3048 τῶν
819 2996 1025 3068 χρόνων
1060 2997 1404 3069 παραλλαγή.

1857 1982 2148 2027 testantur.
2195 1970 2354 2038 Nam,
2399 1971 2622 2028 Polemo
2651 1973 2896 2042 quidem,
2945 1974 3086 2028 libro
3133 1974 3446 2029 ercamm

1856 2065 2204 2119 historiarum
2238 2065 2440 2135 primo,
2492 2068 2770 2136 conceptis
2802 2068 2984 2122 verbis
3016 2067 3206 2134 habet,
3253 2067 3442 2138 Apidis

1855 2157 2126 2213 Phoronei
2165 2158 2261 2212 filii
2294 2169 2558 2229 tempore,
2587 2162 2862 2217 exercitus
2895 2160 3203 2233 Egyptiaci
3231 2171 3442 2231 partem

1860 2265 1982 2306 sese
2014 2251 2082 2304 ab
2115 2249 2350 2321 Egyplo
2404 2252 2768 2319 subduxisse,
2829 2262 2993 2322 atque
3051 2255 3103 2307 in
3152 2252 3445 2309 Palaestina

1860 2357 2026 2413 quam
2056 2341 2270 2413 Syriam
2297 2351 2512 2410 vocant,
2544 2343 2688 2398 haud
2728 2346 2916 2412 procul
2958 2345 3027 2399 ab
3069 2345 3270 2400 Arabia
3312 2363 3448 2402 conn

1859 2436 2103 2491 sedisse:
2131 2436 2254 2492 illos
2289 2436 2549 2491 nimirum
2574 2437 2724 2506 ipsos
2758 2437 3100 2509 intelligens,
3134 2438 3228 2509 qui
3259 2439 3444 2512 Moyse

1859 2528 1998 2583 duce
2027 2528 2257 2598 profecti
2279 2537 2426 2584 sunt.
2456 2528 2593 2599 Apio
2619 2544 2745 2584 vero
2776 2529 3241 2598 Posidoniitilius,
3270 2531 3444 2586 idem-

1864 2637 1971 2690 que
2004 2621 2490 2692 grammaticorum
2527 2621 2774 2675 omnimn
2814 2621 3262 2686 curiosissimus,
3303 2622 3446 2676 libro

1863 2714 2129 2768 Adversus
2157 2713 2375 2769 Judazos
2401 2725 2454 2768 et
2482 2714 2850 2768 Historiarum
2875 2723 3070 2784 quarto
3098 2715 3447 2781 scribit,lna-

1863 2805 1967 2860 cbo
1995 2806 2156 2876 Argis
2187 2817 2470 2876 regnante,
2499 2807 2718 2861 .Iudseos
2745 2806 2883 2862 duce
2912 2805 3118 2878 Moyse,
3147 2807 3215 2861 ab
3253 2807 3446 2860 Amosi

1862 2897 2245 2970 Egyptiorum
2294 2914 2418 2970 rege
2461 2898 2740 2954 defecisse.
2773 2898 2947 2970 Cujus
2989 2900 3153 2954 etiam
3186 2899 3448 2956 defectio-

1863 2992 1972 3055 nis,
1997 2990 2272 3058 simulque
2298 2989 2537 3054 Amosis,
2563 2990 2704 3044 libro
2737 2991 2978 3045 secundo
2996 2988 3302 3045 Herodotus
3325 3007 3445 3046 me-

169 3078 351 3142 init;
392 3081 513 3134 imo
533 3091 588 3137 et
622 3084 866 3152 ipsorum
889 3104 1108 3159 quoque
1137 3087 1451 3143 Iudaeorum
1477 3125 1492 3148 ,
1523 3101 1663 3157 quos
1719 3084 1774 3139 in
1811 3082 2262 3138 circumcisorum
2309 3081 2543 3136 classem
2589 3082 2824 3151 reponit,
2850 3097 2915 3136 ac
2941 3081 3257 3138 Palwstina:
3281 3086 3447 3156 Assy-

172 3170 270 3223 rios
307 3173 592 3238 nominat,
629 3176 792 3233 ducta
821 3178 1071 3237 fortassis
1114 3198 1178 3236 ex
1221 3181 1535 3235 Abrahamo
1587 3179 1874 3248 utriusque
1915 3191 2104 3231 causa.
2158 3173 2369 3240 Quibus
2421 3174 2677 3229 omnibus
2711 3190 2837 3229 cum
2887 3173 3180 3230 Ptolemaeo
3224 3192 3446 3247 quoque

167 3263 469 3335 Hendesio,
506 3271 600 3340 qui
642 3275 712 3328 ab
751 3275 958 3331 ultimis
992 3294 1166 3348 usque
1196 3278 1534 3348 temporibus
1583 3275 1965 3348 Egyptiorum
2017 3272 2170 3326 ducit
2219 3271 2530 3335 historiam,
2577 3269 2649 3324 ita
2703 3269 2979 3336 convenit,
3026 3278 3085 3324 ut
3131 3269 3273 3326 inter
3293 3271 3444 3341 ipsos

165 3362 302 3416 nulla
343 3362 463 3418 fere
496 3365 604 3420 nisi
632 3366 908 3422 levissima
956 3378 1267 3440 temporum
1299 3370 1605 3426 differentia
1639 3368 1815 3423 notari
1846 3365 2040 3438 possit.

226 3457 305 3512 H’.
368 3459 720 3530 Σημειωτέον
779 3462 868 3528 δὲ,
930 3467 1006 3529 ὡς
1065 3468 1094 3520 ὃ
1175 3468 1229 3521 τί
1287 3485 1418 3520 ποτε
1481 3466 1750 3539 ἐξαίρετον

1934 3461 2046 3517 Vll.
2106 3461 2376 3517 Cmterum
2409 3461 2497 3515 hic
2528 3459 2928 3515 observandum
2960 3461 3125 3515 etiam
3157 3469 3261 3527 est,
3283 3461 3444 3532 quid-

167 3548 385 3622 Ἕλλησι
425 3552 497 3605 δι’
544 3553 882 3625 ἀρχαιότητα
944 3556 1268 3628 μυθεύεται,
1333 3557 1470 3630 μετὰ
1514 3558 1756 3612 Μωῡσέα

163 3643 295 3696 τοῦθ’
364 3645 716 3716 εὑρίσκεται,
775 3648 1151 3721 κατακλυσμοί
1215 3668 1313 3714 τε,
1367 3649 1461 3704 καὶ
1499 3650 1755 3724 ἐκπυρώ-

164 3751 287 3801 σεις,
323 3738 684 3810 Προμηθεὺς,
729 3739 834 3804 Ἰὼ,
864 3742 1124 3814 Εὐρώπη,
1152 3744 1391 3816 Σπαρτοὶ
1413 3743 1544 3815 (60),
1570 3744 1755 3815 Κόρης

163 3829 416 3901 ἁρπαγὴ,
464 3834 743 3904 μυστήρια
768 3873 782 3898 ,
820 3835 1164 3905 νομοθεσίαι,
1208 3836 1463 3889 Διονύσου
1503 3836 1752 3908 πράξεις,

163 3919 421 3992 Περσεὺς,
473 3925 875 3995 Ἀργοναῦται,
904 3928 1228 4000 Κένταυροι,
1263 3928 1655 4000 Μινώταυρος,
1687 3930 1755 3984 τὰ

164 4017 279 4082 περὶ
315 4015 513 4076 Ἴλιον,
555 4013 710 4071 ἆθλοι
745 4020 1071 4091 Ἡράκλειοι,
1117 4022 1479 4094 Ἡρακλειδῶν
1505 4022 1750 4090 κάθοδος,

171 4104 360 4159 Ἰώνων
393 4109 648 4176 ἀποικία,
684 4112 780 4164 καὶ¹
816 4112 1193 4182 Ὀλυμπιάδες.
1226 4114 1414 4180 Ἔδοξε
1440 4114 1495 4167 δέ
1536 4131 1625 4186 μοι
1654 4116 1753 4187 τῆς

171 4194 419 4270 Ἀττικῆς
453 4200 740 4270 βασιλείας
765 4202 858 4256 τὸν
890 4207 1285 4277 προειρημένον
1327 4208 1600 4262 ἐκτιθέναι
1627 4207 1753 4280 χρό-

161 4307 258 4354 νον,
293 4293 668 4365 παρατιθέναι
704 4295 947 4365 μέλλοντι
981 4300 1099 4361 ταῖς
1144 4300 1458 4371 Ἐἣραῖκαῐς
1490 4303 1753 4374 ἱστορίαις

159 4386 245 4448 τὰς
285 4387 641 4458 Ἑλληνικάς,
696 4389 939 4452 Ἐξέοται
971 4391 1079 4463 γάρ
1113 4392 1191 4462 τῷ
1238 4393 1544 4466 βουλομένῳ
1568 4435 1582 4460 ,
1619 4397 1752 4467 παρ’

158 4475 282 4542 ἐμοῦ
318 4482 424 4551 τὴν
446 4481 629 4550 ἀρχὴν
663 4481 1026 4554 κομιζομένῳ,
1051 4477 1357 4554 λογίζεσθαι
1397 4487 1486 4540 τὸν
1521 4488 1752 4560 ἀριθμὸν

159 4570 355 4636 ὁμοίως
381 4573 536 4642 ἐμοί.
564 4573 776 4627 Ούκοῦν
808 4575 914 4626 τῶν
940 4577 1124 4646 χιλίων
1143 4580 1236 4632 καὶ
1265 4579 1435 4633 εἴκοσι
1469 4581 1751 4646 έτῶν,τῶν

163 4663 313 4735 μέχρι
355 4664 595 4737 πρώτης
641 4667 1028 4738 Ὀλυμπιάδος,
1071 4671 1178 4724 ἀπὸ
1229 4673 1504 4736 Μωῦσέως
1551 4691 1611 4726 τε
1657 4675 1753 4728 καὶ

169 4757 394 4824 Ὠγύγου
433 4760 799 4829 ἐκκειμένων,
832 4761 1030 4832 πρώτῳ
1063 4764 1159 4833 μὲν
1189 4763 1296 4816 ἔτει
1323 4765 1382 4818 τὸ
1411 4766 1623 4836 Πάσχα,
1657 4767 1752 4818 καὶ

1859 3555 1990 3627 quid
2020 3557 2183 3625 paulo
2214 3555 2393 3610 rarius
2425 3555 2496 3609 ob
2522 3560 2850 3609 vetustatem
2882 3554 3058 3610 δι’ωοί
3103 3553 3442 3619 fabulantur,

1858 3649 1912 3703 id
1931 3663 2094 3703 omne
2117 3647 2299 3720 Moyse
2327 3647 2601 3718 posterius
2623 3648 2878 3715 inveniri,
2909 3647 3138 3715 diluvia,
3167 3648 3440 3713 incendia,

1855 3739 2267 3805 Prometheum,
2302 3740 2378 3805 lo,
2430 3741 2752 3811 Europam,
2805 3741 3150 3812 Proserpime
3199 3751 3440 3814 raptum,

1857 3833 2141 3904 mysteria,
2171 3833 2350 3903 legum
2380 3834 2716 3901 sanctiones,
2737 3832 2934 3889 Bacchi
2963 3833 3440 3906 gesta,Perseum,

1856 3925 2224 3997 Argonautas,
2249 3926 2572 3990 Centauros,
2606 3925 3003 3995 Minotaurum,
3027 3944 3118 3984 res
3146 3929 3440 3998 Trojanas.

1857 4011 2104 4074 Herculis
2125 4023 2448 4087 certamina,
2487 4011 2894 4076 llcraelid'arum
2940 4022 3211 4090 reditum,
3247 4021 3442 4077 lonum

1856 4113 2263 4180 migrationem,
2295 4123 2348 4169 et
2370 4115 2743 4186 Olympiadas.
2778 4116 2855 4168 Ac
2885 4116 3019 4170 mihi
3049 4118 3268 4187 quidem
3298 4118 3446 4173 Cra:-

1854 4221 1948 4261 cas
1981 4207 2240 4262 historias
2287 4223 2411 4261 cmn
2460 4207 2742 4264 Hebraicis
2777 4211 3118 4264 committere
3155 4213 3440 4277 statuenti,

1855 4314 1916 4352 ea
1952 4299 2304 4369 potissimum
2341 4301 2507 4356 Attici
2545 4303 2698 4372 regni
2734 4310 2976 4373 tempora
3015 4303 3329 4358 describere
3360 4306 3442 4360 vi-

1854 4409 1978 4448 sum
2010 4402 2112 4448 est.
2157 4392 2249 4449 Sic
2285 4395 2431 4448 enim
2467 4395 2640 4450 cuivis
2663 4383 2891 4450 omnino
2928 4397 3108 4464 liceat,
3149 4399 3240 4468 qui
3273 4398 3440 4452 modo
3480 4424 3483 4427 -

1857 4486 2188 4556 principium
2219 4501 2284 4540 ex
2309 4488 2447 4542 meis
2490 4488 2690 4542 ducere
2733 4489 3000 4557 voluerit,
3038 4492 3284 4546 eamdem
3325 4507 3442 4546 me-

1856 4595 1980 4632 cum
2008 4578 2060 4632 in
2092 4579 2397 4650 colligendo
2427 4595 2656 4634 numero
2691 4584 2959 4636 rationem
3005 4582 3163 4638 inire.
3212 4581 3438 4638 Illorum

1857 4670 2023 4738 igitur
2050 4671 2198 4725 mille
2221 4687 2286 4725 ac
2325 4671 2518 4740 viginti
2550 4687 2846 4738 annorum,
2887 4688 3028 4742 quos
3066 4673 3134 4727 ab
3167 4673 3354 4745 Moyse
3383 4685 3438 4727 et

1857 4761 2039 4834 Ogyge
2066 4763 2133 4817 ad
2166 4765 2398 4832 primam
2431 4781 2606 4835 usque
2627 4763 3000 4837 Olympiadem
3033 4763 3256 4820 ﬂuxisse
3290 4765 3439 4819 dixi-

154 4848 252 4900 τῶν
293 4851 581 4922 Ἐὅραίων
609 4851 788 4916 ἔξοδος
816 4855 848 4924 ἡ
872 4854 965 4908 ἀπ’
1000 4855 1302 4923 Αἰγύπτου,
1336 4859 1393 4910 ὲν
1419 4857 1474 4910 δὲ
1517 4861 1583 4929 τῇ
1634 4859 1750 4912 ’Λτ-

1861 4868 2006 4914 mus,
2043 4867 2186 4906 anno
2216 4855 2414 4923 primo,
2437 4855 2515 4909 uti
2541 4853 2894 4910 llebrieorum
2924 4854 3135 4910 Pascha
3163 4855 3437 4911 etdisces~

151 4946 267 5015 τικῇ
294 4945 324 4995 ὁ
357 4944 461 4998 ἐπὶ
509 4945 740 5012 Ὠγύγου
784 4944 991 5013 γίνεται
1025 4949 1406 5020 κατακλυσμὸς
1429 4968 1442 4979 ·
1487 4952 1578 5003 καὶ
1613 4949 1752 5004 κατὰ

151 5033 322 5104 λόγον.
375 5037 512 5089 Τῶν
555 5037 667 5108 γὰρ
691 5039 1002 5106 Αἰγυπτίων
1043 5043 1180 5123 ὀργῇ
1212 5041 1347 5095 Θεοῦ
1386 5041 1651 5113 χαλάζαις
1691 5059 1752 5094 τε

150 5262 772 5339 εει-ἰρεετῑιᾼίιζὶοοηιιξ,
796 5263 948 5339 τῇς-δ’
970 5263 1750 5339 αἰχμαλωσίας-ἑϐδομήκοντα.

151 5332 299 5390 Certe
326 5337 490 5406 ἐμάς
522 5335 613 5388 illa
641 5332 1170 5408 mille_ducentorum
1199 5351 1263 5389 ac
1293 5332 1512 5405 triginta
1541 5332 1748 5408 septem

150 5403 446 5470 annorum,
481 5422 632 5475 quos
666 5407 737 5458 ab
771 5403 966 5476 Exodo
1002 5407 1068 5460 ad
1104 5407 1304 5476 Cyrum
1342 5403 1516 5476 u’Sque
1544 5403 1739 5462 nume-

150 5486 254 5540 rat,
285 5495 356 5532 ex
404 5475 878 5544 consequentium
927 5475 1196 5531 annorum
1248 5475 1570 5531 collectione
1626 5495 1740 5533 non

149 5550 392 5614 exsistet,
440 5547 560 5601 nisi
617 5547 719 5599 hos
768 5548 1107 5616 septuaginta
1155 5548 1378 5616 insuper
1428 5549 1736 5602 addideris:

153 5623 382 5684 tametsi,
417 5631 487 5673 ut
511 5617 992 5689 deesset__omnino
1021 5618 1404 5684 nihil,duobus
1440 5628 1495 5673 et
1515 5631 1738 5689 septua-

151 5691 284 5755 ginta
312 5706 469 5761 opus
523 5697 694 5761 esset.
729 5685 889 5751 Nam,
921 5689 1178 5744 detractis
1215 5685 1742 5761 septuaginta,con-

152 5760 271 5813 tium
322 5757 508 5815 modo
550 5757 701 5831 mille
740 5768 978 5831 centum
1002 5769 1068 5831 et
1122 5757 1435 5829 sexaginta'
1455 5761 1736 5831 quinque;

154 5833 341 5899 quibus
392 5828 758 5899 septuaginta
809 5827 853 5881 si
915 5829 1208 5892 addideris,
1260 5827 1417 5884 inille
1471 5827 1739 5887 ducentos

155 5903 361 5979 triginta
411 5902 674 5979 quinque
716 5899 1011 5979 habiturus
1059 5917 1140 5955 es.
1199 5900 1325 5966 Sed,
1352 5901 1569 5972 opinor,
1608 5902 1741 5956 anni

162 5971 339 6046 Iuysis
389 5971 732 6042 oetogesimi
785 5979 996 6042 partem
1046 5971 1406 6041 annumerat,
1441 5982 1495 6030 et
1531 5987 1737 6030 annum
1809 6048 1818 6059 .

1861 4959 1956 4998 sus
1999 4945 2067 4998 ab
2117 4944 2373 5016 Aigypto,
2409 4947 2490 5002 sic
2530 4946 2797 5018 Ogygium
2848 4948 2900 5001 in
2944 4947 3120 5001 Attica
3169 4946 3437 5001 diluvium

1851 5036 2102 5106 contigit.
2128 5035 2194 5090 Et
2222 5039 2610 5092 convenienter
2634 5039 2682 5091 id
2701 5037 2942 5107 quidem.
2975 5035 3109 5091 Nam
3130 5052 3252 5091 cum
3273 5036 3441 5108 Egy-

1856 5265 2187 5335 captivitatis
2210 5265 2670 5338 septuagesimum
2693 5265 2857 5338 ultra_
2861 5263 2987 5338 Cyri
3009 5263 3248 5338 primum
3281 5280 3441 5319 men-

1857 5334 2009 5392 sibus
2043 5337 2251 5405 aliquot
2273 5334 2587 5391 excurrisse
2609 5346 2783 5406 putat.
2818 5334 2948 5406 Eam
2982 5336 3127 5388 enim
3159 5353 3432 5390 summam

1855 5423 1962 5461 non
1995 5423 2058 5461 ex
2104 5409 2455 5462 librariorum
2497 5405 2704 5472 errm'e,
2737 5407 2831 5461 sed
2862 5405 3106 5459 Africani
3145 5422 3211 5460 ex
3253 5417 3440 5462 menta

1850 5477 2142 5533 conflatam
2171 5493 2292 5532 esse
2313 5519 2329 5543 ,
2369 5487 2584 5534 constat
2619 5493 2687 5532 ex
2726 5476 3081 5547 sequentibus
3108 5477 3202 5532 ubi
3235 5480 3437 5548 saepius

1849 5549 2038 5603 eadem
2065 5549 2392 5603 inculcatur.
2432 5548 2627 5605 Vicae.

1918 5618 2028 5687 (60)
2062 5621 2340 5688 Σπαρτοί.
2384 5619 2537 5675 lianc
2573 5633 2784 5682 vocem,
2835 5633 2977 5688 quae,
3012 5619 3056 5672 si
3085 5618 3200 5673 sola
3228 5627 3435 5687 specte-

1851 5697 1958 5753 tur,
2017 5691 2227 5743 nullum
2279 5692 2440 5746 habet
2496 5706 2742 5753 sensum,
2793 5705 2899 5742 non
2942 5689 3103 5743 vertit
3144 5691 3431 5758 interpres.

1845 5757 2004 5813 Enn.
2053 5760 2296 5832 ΡΑτιιυι..
2339 5761 2737 5832 Supplendutn
2767 5760 2931 5832 credo
2960 5759 3046 5813 vel
3087 5757 3320 5826 ὀδόντες,
3348 5759 3438 5815 Vel

1847 5829 2198 5903 στρατιῶται,
2239 5833 2322 5886 vel
2350 5827 2555 5903 aliquid
2595 5829 2795 5903 simile.
2823 5827 3061 5903 omnino
3106 5831 3262 5903 enim
3311 5838 3436 5898 post

1846 5899 2147 5971 Europam,
2177 5903 2244 5959 de
2274 5899 2482 5960 Cadmo
2508 5901 2812 5971 Cadmique
2842 5902 3107 5956 militibus
3135 5915 3201 5954 ex
3233 5900 3428 5971 draco-

1845 5971 1932 6029 nis
1961 5967 2218 6032 dentibus
2247 5984 2472 6048 repente
2499 5973 2658 6044 satis,
2700 5967 2919 6030 locutus
2951 5971 3188 6029 videtur.
3233 5967 3428 6026 Vtere.
