3966 6506
185 396 235 448 8|
1048 404 1215 471 QUAS
1259 406 1671 464 SUPERSUNT
1710 412 1800 466 EX
1842 414 2067 472 LlBRlS
2100 417 2495 476 CllRONOGR.
3347 427 3413 482 89

177 508 314 582 ἡμῶν
347 513 656 582 παρουσίας
679 517 778 570 οὐκ
797 519 923 571 ὄντα
953 521 1123 574 ταῦτα
1153 524 1517 595 προσεδοκᾶτο
1563 528 1738 598 μόνον.

1853 531 2101 590 Visiones
2125 548 2308 593 autem
2339 548 2392 593 et
2416 539 2711 610 prophetiae
2745 556 2917 610 usque
2941 539 3008 594 ad
3041 538 3302 597 Joannem
3320 581 3336 606 ,
3360 552 3409 599 et

181 602 466 675 ’Δρξασθαι
517 605 574 658 δὲ
604 606 712 661 τῶν
745 609 993 682 ἀριθμῶν
1017 653 1030 676 ,
1078 616 1322 668 τουτέστι
1364 616 1471 670 τῶν
1519 618 1747 692 ἑϐδομή-

176 710 320 747 κοντα
376 694 726 766 ὲὸδομὰδων,
770 699 806 753 ἆ
847 703 993 756 ἐστιν
1030 703 1124 774 ἐτη
1163 708 1491 778 τετρακόσια
1529 711 1744 783 ἐννενή-

175 800 335 847 κοντα,
375 787 405 838 ὁ
438 785 670 855 ἄγγελος
711 789 1043 858 ὑποτίθεται,
1080 795 1186 848 ἀπὸ
1231 796 1410 860 ἐξόδου
1455 798 1612 868 λόγου
1649 802 1743 855 τοῦ

175 875 530 947 ἀποκριθῆναι
564 883 658 931 καὶ
689 879 782 933 τοῦ
817 884 1165 955 οἰκοδομῆσαι
1210 888 1581 961 Ἰερουσαλήμ.
1614 893 1744 946 Συν-

172 967 250 1037 έόη
286 967 346 1020 δὲ
395 968 571 1022 ταῦτα
605 973 694 1024 ἐπὶ
741 973 1098 1048 Ἀρταξέρξου
1128 978 1220 1032 τοῦ
1254 981 1477 1053 Περσῶν
1501 982 1745 1053 βασιλεύ-

169 1075 299 1121 οντος
326 1060 569 1132 εἰκοστῷ
592 1062 722 1116 ἔτει.
768 1065 1008 1136 Νεεμίας
1056 1069 1165 1142 γὰρ
1209 1072 1237 1123 ὁ
1276 1073 1464 1126 τούτου
1508 1075 1742 1145 οἰνοχόος

167 1149 381 1218 δεηθεξ,
418 1153 767 1224 ἀποκρίσεως
793 1156 982 1228 ἔτυχεν
1011 1162 1427 1234 οἰκοδομηθῆναι
1475 1165 1743 1236 Ἰερουσα-

169 1240 280 1312 λήμ.
317 1243 435 1295 Καὶ
481 1243 642 1312 λόγος
675 1246 864 1318 ἐξῆλθε
907 1249 1143 1304 κελεύων
1183 1253 1394 1308 ταῦτα·
1440 1257 1600 1328 μέχρι
1645 1258 1740 1327 μὲν

169 1331 260 1402 γὰρ
289 1335 506 1386 ἐκείνου
544 1335 636 1388 τοῦ
665 1337 904 1410 χρόνουὴ
930 1341 1084 1405 πόλις
1113 1345 1394 1415 ⁴ἠρήμωτο.
1427 1346 1611 1418 Κύρου
1634 1346 1741 1418 γὰρ

173 1424 291 1492 μετὰ
310 1424 414 1496 τὴν
437 1425 961 1498 ὲδδομηκονταετίαν
982 1433 1080 1503 τῆς
1099 1435 1472 1504 αἰχμαλωσίας
1488 1438 1592 1490 τῶν
1616 1437 1742 1508 βου-

169 1517 390 1586 λομένων
426 1520 664 1574 ἕκαστον
695 1523 1002 1578 ἐκουσιαστὶ
1030 1528 1507 1598 καταπέμψαντος,
1530 1532 1576 1582 οἱ
1608 1529 1747 1598 μετὰ,

177 1614 337 1686 Ἰησοῦ
359 1616 458 1669 τοῦ
486 1617 724 1687 μεγάλου
761 1619 945 1691 ἱερέως
983 1623 1075 1675 καὶ
1109 1623 1414 1695 Ζοροϐάϐελ
1453 1623 1739 1678 κατελθόν-

169 1723 262 1772 τες,
294 1707 389 1760 καὶ
422 1711 471 1760 οἱ
501 1711 594 1762 ἐπὶ
628 1709 837 1774 τούτοις
869 1712 984 1783 ἅμα
1011 1714 1236 1787 Ἕσδρᾳ,
1265 1714 1354 1768 τὶν
1381 1713 1515 1768 νεὼν
1538 1715 1741 1768 οίκοδο-
1789 1712 1792 1716 ’

166 1801 271 1866 μεῖν
305 1800 611 1854 ἐκωλύοντο
635 1802 701 1855 τὰ
733 1805 944 1874 πρῶτα,
978 1808 1070 1859 καὶ
1099 1811 1278 1878 τεῖχος
1307 1811 1371 1880 τῇ
1407 1807 1555 1861 πόλει
1581 1825 1738 1880 περι-

165 1889 387 1954 ϐάλλειν,
419 1893 498 1957 ὡς
531 1895 593 1947 οὐ
627 1897 1054 1968 κεκελευσμένου
1088 1900 1297 1954 τούτου.

1857 621 2089 680 Sanctus
2118 638 2434 683 sanctorum
2473 629 2690 699 ungitur
2717 648 2730 696 ;
2771 646 2896 683 nam
2929 642 3194 685 cumante
3226 629 3408 687 Salva-

1851 715 1984 768 toris
2002 719 2171 772 nostri
2198 721 2488 775 adventum
2525 722 2639 776 haec
2669 738 2779 776 non
2795 731 2994 788 essent,
3028 725 3411 792 exspectabane

1850 814 1937 860 tur
1967 817 2166 863 tamen.
2205 809 2427 865 Numeri
2464 829 2594 866 vero
2632 814 2847 867 initium
2879 815 3158 884 accipere,
3207 815 3310 870 hoc
3331 825 3410 870 est

1849 901 2191 970 septuaginta
2225 904 2708 970 hebdomadarum,
2735 908 2828 975 qui
2854 917 2982 962 sunt
2999 909 3125 961 anni
3154 909 3440 978 quadrin-

1847 993 1993 1059 genti
2029 994 2351 1064 llOltagillla,
2381 998 2606 1068 angelus
2633 999 2878 1068 przecipit
2905 1000 2975 1054 ab
3015 1000 3164 1054 exitu
3207 1017 3439 1056 sermo--

1847 1083 1932 1136 nis
1963 1095 2019 1137 ut
2052 1087 2446 1155 respondeatur
2474 1100 2528 1144 et
2558 1091 2854 1147 aediﬁcetur
2876 1091 3195 1147 Jerusalem.
3244 1092 3414 1147 Porro

1850 1175 1962 1228 hzec
2016 1180 2357 1247 contigerunt
2407 1183 2556 1251 regni
2617 1183 2953 1249 Artaxerxis,
2982 1185 3075 1254 qui
3123 1183 3414 1238 Persarum

1845 1280 1939 1318 rex
1967 1266 2101 1330 fuit,
2137 1284 2282 1324 anno
2315 1271 2608 1340 vicesimo;
2646 1274 2810 1342 hujus
2827 1275 2968 1329 enim
2996 1280 3251 1343 pineerna
3280 1273 3414 1328 Nee-

1847 1358 1986 1414 mias
2017 1375 2141 1413 cum
2169 1377 2293 1416 eum
2323 1363 2499 1431 ipsum
2537 1375 2803 1433 rogasset,
2842 1381 3164 1435 responsum
3205 1370 3414 1436 accepit

1847 1456 1906 1501 ut
1934 1450 2295 1505 :editiearetur
2323 1450 2648 1509 Jerusalem.
2680 1454 2748 1508 Et
2783 1471 2964 1511 sermo
2996 1456 3162 1510 exivit
3191 1473 3299 1526 quo
3332 1458 3414 1526 ip-

1845 1556 1967 1595 sum
2015 1541 2118 1596 hoc
2151 1541 2479 1612 jubebatur:
2526 1562 2652 1600 nam
2694 1547 2761 1601 ad
2800 1548 2932 1601 illud
2973 1564 3147 1618 usque
3200 1558 3414 1617 tempus

1845 1627 2038 1685 civitas
2079 1631 2292 1687 deserta
2339 1646 2630 1691 manserat.
2683 1636 2821 1691 Cutn
2863 1637 3009 1692 enim
3072 1636 3247 1709 Cyrus
3295 1648 3416 1707 post

1846 1727 2321 1792 septuagenariam
2343 1728 2659 1784 servitutem
2682 1731 2948 1784 volentem
2972 1746 3413 1801 unumquemque

1846 1813 2153 1872 voluntarie
2174 1819 2484 1884 emisisset,
2518 1823 2612 1892 qui
2645 1837 2771 1877 eum
2813 1821 2942 1877 Jesu
2995 1839 3193 1892 magno
3233 1837 3414 1877 sacer-

1851 1903 1978 1958 dote
2002 1913 2054 1959 et
2088 1907 2409 1977 Zorobabel,
2428 1913 2630 1982 quique
2655 1923 2774 1982 post
2805 1915 2904 1968 hos
2928 1915 3076 1984 ipsos
3092 1929 3216 1968 cum
3239 1912 3412 1968 Esdra

167 1984 580 2056 descenderant,
617 1992 887 2046 aediﬁcare
937 1995 1195 2061 templum
1225 2033 1239 2057 ,
1290 2002 1342 2048 et
1389 2009 1607 2048 murum
1653 1993 2247 2066 civitati‘circumdare
2291 2003 2446 2058 initio
2504 2005 2952 2074 prohibebantur,
2988 2017 3246 2077 tanquam
3309 2005 3414 2061 hoc

163 2077 482 2148 imperatum
519 2098 628 2136 non
657 2093 822 2138 esset.

220 2171 296 2227 [ιι.
336 2173 596 2243 Ἐμεινεν
620 2170 712 2228 οὖν
741 2175 845 2240 ἕως
881 2175 1116 2248 Νεεμίου
1162 2179 1255 2230 καὶ
1289 2176 1562 2247 βασιλείας
1620 2178 1736 2248 Ἀρ-

1917 2173 1981 2228 Il.
2009 2173 2207 2230 Mansit
2240 2177 2404 2247 igitur
2441 2195 2616 2249 usque
2657 2181 2722 2233 ad
2761 2179 3036 2247 Neemiam
3090 2191 3145 2237 et
3184 2199 3412 2256 regnum

159 2264 430 2335 τιξέρξου,
460 2266 556 2319 καὶ
586 2267 684 2336 τῆς
703 2268 927 2339 Περσῶν
957 2269 1252 2340 ἡγεμονίας
1277 2269 1430 2332 ἔτους
1456 2287 1736 2322 πεντεκαι-

1844 2268 2187 2333 Artaxerxis,
2219 2285 2532 2341 annumque
2585 2273 2796 2343 imperii
2845 2273 3135 2329 Persarum
3179 2279 3413 2332 centesi-

161 2356 373 2409 δεκάτου
411 2358 507 2409 καὶ
535 2358 860 2412 ἐκατοστοῦ·
897 2361 1004 2412 ἀπὸ
1025 2361 1081 2414 δὲ
1116 2361 1214 2431 τῆς
1241 2360 1492 2424 ἁλώσεως
1549 2362 1738 2431 Ἰερου-

163 2446 349 2517 σαλὴμ,
405 2448 604 2501 ἑκατὸν
648 2449 976 2521 ὀγδοήκοντα
1026 2451 1186 2505 πέντε
1218 2452 1311 2523 ἐτη
1343 2453 1574 2521 γίνεται.
1625 2451 1736 2504 Καὶ

163 2538 258 2591 τότε
288 2539 557 2609 βασιλεὺς
605 2542 965 2614 Ἀρταξέρξης
1001 2545 1282 2598 ἐκέλευσεν
1321 2545 1737 2616 οἰκοδομηθῆναι

164 2628 237 2700 rip
259 2629 447 2684 πόλιν.
476 2632 720 2703 Νεεμίας
756 2635 812 2687 δὲ
848 2637 1258 2707 καταπεμφθεὶς
1292 2635 1384 2690 τοῦ
1417 2636 1576 2708 ἔργου
1606 2653 1738 2708 προ-

163 2721 293 2792 έστη,
328 2726 362 2794 ή
408 2724 468 2777 δὲ
517 2723 838 2798 ᾠκοδομήθη
886 2728 1111 2782 πλατεῖα
1138 2729 1228 2782 καὶ
1277 2731 1602 2800 περίτειχος,
1661 2730 1736 2793 ὡς

163 2815 556 2885 προετρητεύθη.
596 2816 864 2871 Κάκεῖθεν
879 2820 912 2872 ἀ
922 2818 1003 2890 ριθ
1013 2819 1111 2890 μοῦ
1119 2837 1200 2873 σιν
1224 2821 1355 2891 ἡμῖν
1370 2820 1735 2892 ἑϐδομήκοντα

163 2902 447 2974 έὸδομὰδες
483 2909 565 2970 εἰς
599 2909 688 2960 τὸν
711 2910 942 2980 Χριστὸν
978 2911 1354 2966 συντελοῦνται
1375 2931 1386 2942 ’
1423 2914 1471 2966 εἰ
1503 2913 1611 2984 γὰρ
1644 2913 1736 2966 ἆλ-

161 2994 292 3051 λοθέν
333 2999 506 3051 ποθεν
536 3000 791 3071 ἀριθμεῖν
823 3001 1126 3072 ὰρξαίμεθα
1145 3044 1159 3068 ,
1189 3005 1283 3056 καὶ
1313 3004 1412 3056 οὐκ
1462 3003 1733 3069 ἐντεῦθεν,

162 3086 261 3140 οὔτε
288 3091 320 3142 ό
343 3089 544 3159 χῴνος
565 3091 968 3162 συνδραμεῖται,
1003 3094 1096 3146 καὶ
1124 3094 1347 3146 πλεῖστα
1375 3094 1548 3148 ἄτοπα
1565 3096 1738 3148 ἀπαν-

162 3179 315 3248 τήπι.
367 3179 501 3232 Ἐάν
527 3196 589 3231 τε
620 3180 728 3253 γὰρ
760 3182 868 3236 ἀπὸ
901 3181 1105 3254 Κύρου,
1137 3183 1231 3236 καὶ
1255 3184 1354 3254 τῆς
1385 3182 1606 3255 πρώτης
1640 3201 1738 3237 κα-

156 3273 443 3342 ταπομπῆς
486 3273 588 3344 τὴν
633 3273 805 3346 ἀρχὴν
859 3275 1212 3347 ποιησώμεθα
1251 3277 1349 3348 τῆς
1391 3277 1736 3348 ἀριθμήσεως

158 3362 250 3414 τῶν
269 3365 657 3436 ἐϐδομήκοντα
674 3367 1002 3437 ἑϐδομάδων,
1024 3369 1102 3430 εἰς
1120 3369 1211 3439 ἔτη
1232 3371 1422 3423 ἑκατὸν
1447 3373 1540 3425 καὶ
1567 3387 1736 3440 προσ-

161 3454 226 3506 έτι
258 3457 607 3527 περισσεύει,
658 3458 856 3511 πλείων
905 3459 960 3512 δὲ
991 3461 1198 3531 χρόνος,
1230 3465 1277 3514 εί
1309 3462 1400 3530 ἀφ’
1425 3458 1491 3533 ἧς
1521 3463 1736 3534 ἡμέρας

161 3546 221 3615 τῷ
247 3550 451 3621 Δανιὴλ
484 3552 512 3602 ὁ
536 3550 768 3619 ἄγγελος
799 3553 1188 3622 προεφήτευσε,
1218 3553 1395 3624 πολλῷ
1427 3553 1482 3606 δὲ
1512 3553 1731 3614 πλείων,

1841 2376 1989 2413 mum
2018 2370 2069 2414 et
2094 2362 2344 2432 quintum
2377 2363 2683 2432 decimum;
2717 2382 2840 2422 eum
2883 2381 3010 2421 vero
3039 2383 3085 2421 1a
3131 2378 3286 2438 capta
3319 2367 3411 2423 Je-

1843 2453 2075 2504 rusalem
2108 2468 2284 2506 annus
2303 2454 2636 2508 centesimus
2659 2464 2824 2525 atque
2846 2458 3214 2526 octogesimus
3245 2459 3410 2527 quin-

1841 2550 1926 2595 tus
1960 2554 2242 2612 ageretur,
2297 2554 2412 2598 tum
2448 2560 2542 2598 rex
2586 2545 2914 2600 Artaxerxes
2946 2547 3116 2616 jussit
3152 2549 3409 2602 aediﬁcari

1841 2633 2148 2700 civitatem;
2179 2643 2232 2687 et
2255 2632 2528 2699 Neemias,
2571 2651 2712 2689 unus
2736 2651 2926 2690 eorum
2953 2639 3044 2707 qui
3072 2639 3260 2694 emissi
3291 2640 3408 2695 l'ue-

1837 2733 1980 2786 rant,
2023 2724 2175 2793 operi
2209 2724 2725 2796 prazfuitzetplatea
2757 2736 2808 2781 et
2841 2729 2980 2781 muri
3013 2729 3253 2785 ambitus
3279 2729 3410 2785 mdi-

1839 2815 1996 2869 ﬁeata
2036 2825 2182 2880 sunt,
2207 2817 2351 2870 sicut
2383 2815 2625 2870 futurum
2653 2818 2940 2887 prophetia
2983 2819 3404 2890 signiﬁcaverat.

1837 2910 1964 2965 lnde
1991 2911 2157 2982 igitur
2184 2912 2341 2966 nobis
2396 2928 2683 2966 numerare
2739 2913 3145 2982 incipientibus,
3191 2925 3408 2986 septua-

1838 3001 1987 3073 ginta
2021 3001 2385 3057 hebdomades
2425 3003 2478 3055 in
2527 3001 2804 3056 Christum
2852 3004 3244 3070 terminantur;
3279 3019 3406 3058 nam

1838 3093 1884 3149 si
1907 3092 1974 3146 ab
1997 3093 2105 3148 alio
2121 3091 2314 3162 quovis
2345 3103 2588 3162 tempore
2611 3093 2935 3148 numerandi
2967 3094 3179 3148 initium
3209 3093 3406 3150 feceri-

1839 3204 1982 3250 mus,
2013 3202 2191 3258 neque
2219 3199 2431 3258 tempus
2462 3188 2642 3257 ipsum
2677 3189 2980 3253 conveniet,
3019 3197 3072 3242 et
3116 3188 3288 3242 multa
3321 3189 3405 3241 in-

1837 3280 2122 3336 commoda
2158 3279 2342 3333 subire
2385 3293 2606 3333 necesse
2640 3279 2762 3332 erit.
2813 3279 2936 3333 Sive
2965 3279 3110 3332 enim
3164 3294 3195 3332 a
3240 3278 3404 3348 Cyro,

1838 3372 2120 3441 primaque
2151 3370 2468 3436 emissione,
2520 3371 2859 3440 septuaginta
2894 3369 3264 3425 hebdomadas
3302 3385 3406 3422 nu-

1838 3478 2052 3518 merare
2079 3462 2431 3531 coeperimus,
2466 3462 2594 3514 anni
2620 3470 2838 3516 centum
2862 3471 2915 3516 et
2945 3462 3179 3531 amplius
3211 3476 3406 3530 super-

1835 3562 2028 3620 erunt;
2089 3555 2201 3608 sive
2261 3553 2330 3606 ab
2367 3568 2430 3607 eo
2481 3552 2589 3618 die,
2637 3567 2747 3622 quo
2805 3552 3030 3622 angelus
3077 3551 3178 3621 ipsi
3217 3551 3405 3606 Daniel

161 3637 299 3688 tiiz‘
325 3640 512 3712 ἀρχῆς
545 3639 646 3710 τῆς
679 3640 1074 3710 αἰχμαλωσίας.
1110 3641 1448 3714 Εὐρίσκομεν
1491 3643 1598 3714 γὰρ
1636 3645 1734 3714 τὴν

1844 3647 2119 3704 oraculum
2148 3644 2400 3711 reddidit,
2426 3645 2586 3699 etiam
2607 3645 2777 3711 major
2801 3646 2890 3698 tiet
2916 3659 3182 3698 annorum
3210 3658 3406 3698 nume-

161 3725 694 3802 Περσῶν-βασιλείαν
727 3731 872 3783 ἔτεσι
921 3733 1212 3796 διακοσίοις
1254 3733 1547 3804 τριάκοντα
1588 3753 1737 3807 περι-

160 3824 539 3894 γραφομὲνην,
590 3825 689 3894 τήν
719 3841 779 3876 τε
813 3825 1136 3878 Μακεδόνων
1179 3824 1260 3888 είς
1305 3825 1396 3898 ἐτη
1445 3828 1733 3898 τριακόσια

161 3915 516 3987 ἐϐδομήκοντα
551 3917 1014 3986 παρατείνουσαν,
1050 3920 1301 3971 κάκεῖθεν
1337 3919 1428 3970 ἐπὶ
1471 3921 1530 3972 τὸ
1571 3920 1731 3972 Τιϐε-

165 4005 260 4071 pie:
288 4008 577 4076 Καίσαρος
604 4007 989 4062 ἑκκαιδέκατον
1021 4008 1138 4073 ἔτος
1162 4011 1242 4073 εἰς
1272 4009 1365 4082 ἔτη
1389 4012 1670 4082 ἑξήκοντα.

1838 3756 1934 3794 rus
1961 3757 1975 3806 ;
2007 3739 2180 3793 multo
2208 3745 2391 3792 autem
2420 3737 2616 3806 major,
2653 3737 2698 3790 si
2725 3737 2794 3790 ab
2821 3735 2977 3790 initio
3023 3745 3195 3806 capta:
3226 3735 3401 3790 urbis.

1837 3830 2152 3886 Invenimus
2179 3829 2322 3883 enim
2359 3842 2586 3898 regnum
2608 3813 2898 3881 Persarum
2931 3828 3072 3882 intra
3099 3843 3272 3884 annos
3306 3827 3408 3882 du-

1836 3930 2025 3976 centos
2053 3928 2214 3988 atque
2243 3916 2462 3986 triginta
2489 3913 2776 3969 contineri.
2815 3914 3018 3970 Deinde
3049 3914 3405 3969 Macedonum

1836 4014 1904 4067 ad
1953 4025 2223 4066 annorum
2256 4023 2546 4062 numerum
2593 4006 2900 4062 continuari
2957 4015 3320 4062 trecentorum
3351 4011 3408 4058 et

1840 4105 2198 4176 septuaginta.
2229 4101 2355 4156 lnde
2378 4117 2507 4155 vero
2556 4103 2622 4156 ad
2663 4102 2867 4156 Tiberii
2912 4099 3146 4161 Caesaris
3198 4112 3401 4153 annum

1842 4195 2354 4260 sextumdecimum,
2383 4210 2558 4250 annos
2573 4194 2874 4264 sexaginta.

1359 4339 1729 4409 Interpretatio
1772 4338 1831 4395 S.
1860 4337 2189 4407 Hieronymi.

218 4468 272 4529 ll.
299 4472 512 4554 Mansit
539 4472 721 4540 itaque
743 4469 1116 4540 imperteetum
1144 4487 1279 4553 opus
1305 4487 1475 4554 usque
1505 4472 1570 4526 ad
1595 4471 1894 4554 Neemiam,
1920 4482 1974 4526 et
1991 4471 2318 4554 _vicesirnuni
2339 4484 2552 4554 annum
2584 4467 3238 4554 regis'Artaxercis‘aquo
3259 4478 3404 4554 tem-

158 4556 270 4606 pore
300 4547 461 4613 regni
489 4537 1054 4605 Persarum,'centum
1087 4551 1140 4596 et
1160 4537 1470 4611 quindecim
1493 4545 1619 4596 anni
1651 4542 1866 4596 fuerant
1887 4543 2122 4605 evoluti;
2153 4541 2486 4613 captivitatis
2521 4548 2699 4593 autem
2717 4537 3040 4613 Jerusalem,
3067 4544 3399 4613 centesimus
3470 4555 3473 4558 ‘

157 4607 519 4693 octogesimus
564 4619 620 4693 et
656 4613 885 4693 quintus
914 4607 1263 4693 annuserat;
1317 4622 1371 4666 et
1403 4621 1532 4693 tunc
1565 4613 1799 4680 primum
1830 4614 2190 4693 .Artaxerxes.
2220 4607 2396 4679 jussit
2436 4624 2628 4693 tnui-os
2682 4607 3219 4690 extruijerusalem
3259 4631 3273 4666 :
3309 4613 3404 4693 eui

157 4679 287 4746 operi
314 4682 543 4751 praefuit
571 4679 857 4760 Neemias;
892 4683 1237 4760 erteditieata
1271 4693 1355 4736 est
1391 4679 1589 4760 platea,
1624 4693 1677 4760 et
1703 4682 1843 4736 muri
1871 4681 2193 4760 circumdati
2212 4699 2240 4760 ;_
2262 4691 2314 4734 et
2338 4695 2406 4760 ex
2436 4679 2528 4760 illo
2581 4679 2824 4760 tempore
2850 4680 3215 4760 si.numerare
3239 4683 3398 4760 velis,

159 4748 503 4819 septuaginta
530 4767 800 4806 annorum
827 4751 1196 4806 hebdomadas
1232 4748 1403 4821 usque
1425 4753 1491 4805 ad
1524 4752 1800 4805 Christum
1834 4751 2040 4821 poteris
2067 4751 2327 4830 invenire.
2360 4748 2516 4829 Quod
2550 4750 2594 4802 si
2631 4749 2824 4830 harum
2845 4748 3172 4830 principium
3205 4753 3269 4830 ab
3295 4752 3401 4804 alio

163 4829 396 4890 tempore
427 4821 773 4875 voluerimus
799 4836 1035 4883 sumere,
1075 4831 1128 4890 et
1157 4820 1397 4889 tempera
1426 4837 1532 4875 non
1557 4820 1910 4881 concurrent,
1939 4831 1994 4874 et
2022 4821 2191 4874 multa
2223 4821 2558 4890 reperiemus
2577 4820 2852 4872 contraria
2881 4857 2894 4872 .
2927 4820 3062 4890 Nam
3091 4820 3197 4890 sia
3228 4822 3390 4890 Cyro,

153 4895 395 4958 etprima
431 4893 560 4959 ejus
589 4891 929 4958 indulgentia
959 4907 1064 4960 qua
1093 4889 1402 4945 Judasurum
1442 4901 1526 4945 est
1557 4892 1737 4945 laxata
1769 4892 2074 4959 captivitas,
2103 4889 2444 4960 septuaginta
2476 4898 2833 4942 numerentur
2853 4889 3240 4944 hebdomadaz:
3268 4889 3398 4944 Cen-

155 4972 254 5013 tum
283 4973 338 5016 et
378 4977 449 5017 eo
483 4961 728 5030 amplius
760 4961 1100 5038 inveniemus
1132 4978 1342 5038 annos,
1373 4963 1756 5038 qui‘statutum
1789 4961 2128 5038 septuaginta
2161 4960 2622 5038 hebdomadarum
2648 4961 2914 5038 excedant
2972 4973 3298 5038 nutrierunt,
3353 4967 3406 5013 et

155 5033 315 5085 multo
346 5032 506 5102 pius.
535 5033 580 5084 si
615 5047 694 5110 _eX_
717 5047 823 5110 qua
855 5030 941 5110 die
966 5031 1286 5110 loeutusest
1308 5032 1516 5110 Danieli
1539 5034 1798 5110 angelus;
1843 5033 2171 5110 additurque
2223 5031 2456 5098 amplior
2488 5043 2770 5110 numerus,
2796 5030 2842 5080 si
2869 5030 3203 5110 captivitatis
3235 5044 3404 5110 exor-

155 5101 288 5154 dium
321 5095 584 5156 volueris
614 5095 1078 5154 hebdomadarum
1114 5101 1313 5176 habere
1347 5095 1698 5176 principium.
1735 5100 2046 5176 Permansit
2073 5095 2220 5153 énim
2248 5095 2476 5176 regnum
2508 5098 2821 5176 Persarum,
2868 5111 3038 5164 usque
3084 5095 3150 5175 ad
3171 5099 3406 5176 initium

155 5168 535 5229 lacedonum.
573 5172 738 5222 annis
771 5171 1022 5248 ducentis
1057 5171 1314 5248 teiginta;
1351 5168 1540 5248 etiprsi
1567 5171 1888 5248 Macedones
1923 5178 2288 5248 regnaverunt
2315 5168 2808 5248 aliIn-istrecentis;
2847 5168 3216 5248 atqueexinde
3235 5184 3409 5238 usque

156 5243 208 5292 ad
241 5258 455 5296 annum
487 5240 1020 5318 quintumdecimum
1061 5240 1174 5309 (65)
1221 5239 1425 5318 'l‘iberii
1455 5237 1733 5318 Caesaris,
1773 5237 2006 5318 quando
2025 5256 2222 5309 passus
2251 5249 2333 5294 est
2366 5237 2640 5318 Christus,
2674 5247 3034 5317 numerantur
3077 5241 3206 5292 anni
3247 5237 3408 5295 sexa-

159 5312 331 5380 ginta;
379 5315 487 5382 qui
511 5308 696 5363 'simul
721 5308 928 5363 faciunt
950 5308 1124 5366 annus
1151 5311 1479 5380 quingentos
1518 5308 1837 5382 nonaginta,
1870 5313 1942 5364 ita
1979 5308 2039 5364 ut
2060 5320 2278 5364 centum
2309 5308 2583 5377 supersint
2625 5308 2773 5361 anni.

211 5432 278 5488 ιν.
319 5434 464 5487 Ἀπὸ
494 5433 556 5486 δὲ
594 5431 954 5505 Ἀρταξέρξου
983 5435 1038 5486 att
1064 5433 1431 5505 ἑϐδομήκοντα
1447 5433 1735 5504 ἐόδομάδες

1915 5432 2000 5486 Ill.
2035 5432 2118 5488 Ab
2147 5431 2445 5486 Artaxerxe
2467 5437 2648 5484 autem
2679 5429 3015 5499 septuaginta
3047 5429 3412 5488 hebdomades

1394 5550 1768 5621 Interpretatio
1798 5551 1856 5607 S.
1889 5551 2224 5621 Hieronymi.

220 5641 304 5699 lll.
335 5648 386 5700 Α
412 5645 690 5701 vicesimo
721 5655 905 5700 autem
929 5663 1074 5702 anno
1100 5645 1418 5702 Artaxerxis
1445 5662 1618 5717 usque
1648 5649 1713 5702 ad
1743 5647 2046 5710 Christum,
2074 5647 2415 5716 complentur
2450 5643 2802 5703 hebdomadte
2833 5642 3198 5713 septuaginta,
3251 5643 3409 5712 juxta

210 5781 318 5860 (63)
357 5782 628 5908 agitatum
655 5785 940 5841 decimum.
1005 5787 1246 5842 Africani
1271 5791 1498 5858 (textus,
1531 5787 1936 5843 ἑκκαιδέκατον.
1968 5789 2056 5844 Sic
2096 5800 2143 5845 et
2174 5789 2332 5859 paulo
2361 5787 2532 5854 intra,
2583 5785 2668 5839 ubi
2699 5784 2891 5838 iterum
2930 5791 3151 5839 sanctus
3200 5782 3408 5848 doctor,

212 5865 384 5908 mlum
445 5872 696 5908 ccultum.

153 5864 384 5917 quintum
406 5864 696 5909 decimum.
