3966 6560
239 373 305 431 85

1079 377 1246 447 ρυλε
1289 377 1705 436 SUPEBSUNT
1744 377 1837 433 EX
1876 377 2102 435 LlBRlS
2140 377 2540 439 CHRONOGR.

235 493 535 565 ἀναιρεῖται
553 513 566 527 ⁸
594 496 852 568 Ὑρκανὸς
879 497 933 552 δὲ
963 502 1251 575 Ἀντιγόνῳ
1277 504 1546 576 παρεδόθη
1578 505 1705 570 ζῶν.
1745 507 1780 558 ⁸(

1905 502 2192 576 Hyrcanus
2241 504 2515 577 Antigono
2558 501 2739 560 vivus’
2765 501 3020 560 traditur.
3072 499 3173 556 Hic
3217 498 3483 557 mutilatis

235 585 286 641 δὲ
315 586 558 659 Πάρθοις
592 589 790 646 ἔδωκεν
832 594 1008 661 ἄγειν,
1037 595 1324 666 ἀποτεμὼν
1368 597 1532 652 αὑτοῦ
1560 598 1627 653 τὰ
1666 592 1800 664 ὦτα,

233 679 299 741 ὡς
326 681 526 750 μηκέτι
569 683 792 754 ξερῷτο·
840 685 1037 760 ᾐδέσθη
1075 690 1184 760 γὰρ
1221 690 1381 744 αὑτὸν
1424 693 1622 745 οἰκεῖον
1665 693 1802 746 ἀπο-

232 774 448 826 κτεῖναι.
493 773 738 847 Ἡρώδης
769 777 826 831 δὲ
855 779 1124 844 ἐκπεσὼν,
1157 783 1217 835 τὸ
1255 785 1352 854 μὲν
1386 784 1599 856 πρῶτον
1631 785 1803 840 Μαλί-

215 881 300 948 χῳ
329 864 406 933 τῷ
435 867 550 919 τῶν
596 869 840 940 Ἀράϐων
871 871 1081 941 βασιλεῖ
1128 877 1492 947 προσφεύγειο
1533 878 1608 942 ώς
1651 879 1697 932 δ’
1737 879 1798 932 οὐ

227 959 534 1028 προσήκατο
550 961 712 1016 αὐτὸν
736 963 883 1034 φόϐῳ
898 966 1005 1017 τῶν
1023 965 1272 1038 Πάρθων,
1296 973 1375 1033 εἰς
1399 970 1800 1043 Ἀλεξάνδρειαν

226 1051 364 1120 παρὰ
417 1051 785 1127 Κλεοπάτραν
839 1057 1098 1128 ἀπῆλθεν,
1150 1056 1258 1114 Ἦν
1307 1062 1610 1133 Ὀλυμπιάς
1655 1071 1794 1137 ρπε’.

227 1139 545 1212 Κλεοπάτρα
576 1145 670 1199 τὸν
698 1149 1203 1219 συμϐασιλεύσαντα
1245 1154 1381 1226 αὐτῇ
1413 1155 1640 1225 ἀδελφὸν
1661 1159 1798 1211 ἀπο-

225 1234 493 1300 κτείνασα,
535 1238 671 1309 πρὸς
687 1241 982 1312 ἀπολογίαν
1016 1245 1107 1296 ὑπ’
1133 1246 1416 1299 Ἀντωνίου
1441 1249 1522 1310 εἰς
1544 1248 1794 1302 Κιλικίαν

227 1327 687 1396 μεταπεμφθεῖσα,
705 1332 803 1403 τὴν
833 1333 934 1404 τῆς
965 1336 1140 1407 ἀρχῆς
1167 1337 1794 1412 ὲπιμέλειανὲπέτρεψεν

235 1416 462 1490 Ἡρώδῃ,
515 1421 612 1474 καὶ
665 1423 741 1486 ὡς
784 1425 935 1478 οὐδὲν
981 1426 1133 1496 ἠξίου
1179 1428 1531 1482 πιστεύεσθαι
1585 1430 1695 1484 ἔστ’
1727 1431 1792 1484 ἂν

224 1510 446 1581 καταχθῇ
494 1514 580 1576 εἰς
623 1513 720 1585 τὴν
765 1517 960 1570 ἑαυτοῦ
1006 1519 1218 1591 ἀρχὴν,
1257 1521 1453 1591 ἔχουσα
1497 1523 1657 1575 αὑτὸν
1705 1524 1790 1595 ᾔει

221 1603 351 1673 παρὰ
391 1603 703 1660 Ἀντώνιον.
748 1609 834 1672 Ὠς
862 1610 906 1662 δ’
937 1609 1165 1665 ἑαλώκει
1197 1614 1293 1684 τῆς
1320 1615 1573 1681 γυναικὸς
1606 1615 1788 1690 ἔρωτι,

218 1695 291 1745 τὸν
330 1695 580 1769 Ἡρώδην
624 1700 951 1755 ἀπέστειλαν
997 1705 1076 1766 εἰς
1121 1703 1338 1776 Ῥώμην
1381 1707 1522 1760 κατὰ
1568 1708 1658 1761 τὸν
1691 1711 1789 1763 Σε-

218 1780 394 1833 δαστὸν
429 1784 768 1853 Ὀκτάουϊον,
797 1789 856 1853 ὃς
886 1791 974 1843 διά
1007 1809 1063 1844 τε
1099 1794 1449 1867 Ἀντίπατρον
1482 1797 1573 1851 τὸν
1614 1799 1790 1872 Ἡρώα

1905 595 2024 665 ejus
2047 595 2274 650 auribus
2297 612 2364 650 ne
2389 595 2697 651 sacerdotio
2730 594 3050 666 fungeretur
3070 593 3309 663 amplius
3327 591 3483 661 (con-

1903 688 2267 756 sanguineum
2299 688 2444 743 enim
2477 688 2743 759 perimere
2765 689 2970 744 veritus
2997 692 3125 757 est),
3153 685 3480 741 Parthorum

1901 782 2159 852 potestati
2207 781 2480 851 captivum
2543 783 2724 838 tradit.
2782 783 3024 839 Herodes
3069 779 3276 836 amisso
3312 791 3481 848 regno

1900 872 2137 943 primum
2185 871 2402 942 quidem
2453 872 2520 927 ad
2568 872 2860 929 Maliclium
2895 873 3137 927 Arabum
3177 869 3477 939 principem

1900 980 1959 1020 se
1993 962 2225 1030 confert,
2264 979 2296 1018 a
2339 979 2449 1035 quo
2489 963 2814 1021 Parthorum
2864 976 3012 1020 metu
3054 963 3306 1033 repulsus
3351 959 3480 1013 Ale--

1899 1059 2184 1112 xandriam
2221 1057 2286 1112 ad
2315 1057 2654 1128 Cleopatram
2687 1059 2878 1114 tendit.
2913 1056 3318 1112 Numerabatur
3351 1064 3480 1107 tunc

1897 1150 2175 1222 Olympias
2221 1167 2454 1207 ccxxxv.
2490 1151 2778 1222 CleOpatra
2823 1150 2988 1206 fratre
3026 1149 3179 1221 regni
3221 1156 3481 1202 consorte

1897 1245 2079 1299 occiso
2106 1245 2172 1296 ad
2201 1259 2424 1299 causam
2451 1244 2734 1299 dicendam
2765 1245 2835 1300 ab
2863 1244 3100 1298 Antonio
3127 1243 3180 1297 in
3228 1239 3477 1297 Ciliciam

1898 1345 2107 1396 vocata,
2133 1336 2282 1406 regni
2320 1351 2508 1390 curam
2535 1335 2886 1391 commendat
2929 1333 3152 1400 Herodi,
3185 1332 3278 1404 qui
3313 1332 3383 1388 ab
3410 1346 3476 1386 ea

1895 1427 2031 1480 nihil
2056 1428 2294 1481 obtinuit
2326 1441 2436 1496 quo
2469 1427 2820 1481 reduceretur
2857 1426 2909 1479 in
2935 1440 3201 1496 regnum:
3243 1437 3310 1477 eo
3340 1421 3477 1478 sub-

1894 1518 2020 1573 inde
2072 1519 2170 1573 viae
2231 1521 2433 1574 comite
2481 1520 2549 1574 ad
2598 1520 2895 1574 Antonium
2951 1517 3338 1588 proficiscitur.
3382 1515 3476 1570 Ille

1893 1612 2142 1666 mulieris
2189 1622 2385 1682 captus
2431 1611 2703 1668 illecebris
2759 1611 3030 1666 Herodem
3077 1611 3142 1664 ad
3186 1609 3473 1665 Octavium

1893 1703 2199 1776 Augustum
2228 1705 2456 1760 Romam
2488 1707 2657 1773 misit,
2690 1705 2782 1775 qui
2813 1715 2927 1760 tum
2950 1705 3222 1776 Antipatri
3245 1703 3476 1760 Herodis

1891 1798 2136 1867 parentis
2162 1808 2275 1853 tum
2297 1798 2526 1854 Herodis
2551 1799 2723 1868 ipsius
2745 1815 2976 1862 memor,
2993 1808 3047 1853 et
3071 1798 3217 1869 quod
3239 1798 3476 1868 denique

215 1873 291 1925 δου
329 1877 572 1948 πατέρα,
606 1881 702 1932 καὶ
748 1882 814 1934 δι’
850 1876 1010 1937 αὐτὸν
1055 1885 1322 1958 Ἡρώδην,
1354 1889 1442 1942 διά
1475 1907 1534 1943 τε
1576 1892 1636 1944 τὸ
1687 1892 1780 1947 ὑπέ

1891 1887 2222 1941 Parthorum
2284 1888 2455 1942 armis
2519 1903 2745 1958 regnum
2795 1888 3069 1943 obtineret
3119 1887 3471 1958 Antigonus,

217 1967 424 2040 Πάρθων
459 1975 835 2028 κατεστᾶσθαι
881 1977 974 2030 τὸν
1026 1979 1332 2048 Ἀντίγονον
1370 1981 1617 2053 βασιλέα,
1664 1987 1790 2040 ἐπέ-

217 2061 368 2114 στειλε
415 2067 534 2128 τοῖς
577 2067 638 2120 ἐν
690 2069 1020 2144 Παλαιστίνῃ
1065 2073 1157 2125 καὶ
1209 2075 1378 2148 Συρία
1428 2083 1784 2151 στρατηγοῖς,

217 2154 452 2222 κατάγειν
509 2158 679 2213 αὐτὸν
735 2162 826 2215 ἐπὶ
877 2165 978 2235 τὴν
1028 2166 1222 2239 ἀρχήν.
1276 2169 1386 2222 Καὶ
1437 2171 1553 2242 ἅμα
1599 2174 1787 2246 Σωσίῳ

214 2243 499 2318 διεπολέμει
540 2253 680 2324 πρὸς
723 2254 810 2308 τὸν
872 2257 1172 2328 Ἀντίγονον
1225 2263 1400 2334 χρόνῳ
1445 2265 1656 2336 πολλῷ,
1692 2267 1786 2322 καὶ

216 2341 470 2406 παντοίαις
503 2345 735 2416 μάχαις.
767 2348 898 2402 τότε
925 2353 1018 2405 καὶ
1057 2352 1317 2424 Ἰώσηπος
1343 2355 1569 2426 ἀδελφὸς
1613 2358 1787 2431 Ἠρώ-

214 2430 286 2485 δου
312 2433 654 2509 ἀποθνήσκει
689 2444 1029 2514 στρατηγῶν.
1063 2445 1302 2518 Ἡρώδου
1325 2448 1380 2500 δὲ
1415 2450 1551 2521 πρὸς
1584 2451 1782 2506 Ἀντώ-

215 2545 307 2582 νιον
336 2530 586 2603 ἐλθόντος
623 2535 852 2606 (66).....

269 2622 333 2676 B'.
377 2625 520 2696 Τρία
555 2626 656 2698 ἔτη
694 2630 997 2700 Ἀντίγονον
1025 2635 1444 2708 ἐπολιόρκησαν,
1481 2640 1574 2694 καὶ
1604 2639 1781 2705 ζῶντα

215 2709 531 2785 ἁπεκόμισαν
569 2718 859 2792 Ἀντωνίῳ.
897 2724 1177 2791 Ἀντώνιος
1199 2728 1255 2781 δὲ
1292 2730 1534 2802 Ἡρώδην
1565 2733 1662 2804 μὲν
1688 2735 1781 2788 καὶ

215 2805 347 2897 αὐτὲς
369 2808 717 2881 ἀνηγόρευσε
763 2813 989 2884 βασιλέα
1019 2837 1024 2842 '
1068 2821 1373 2893 προσέθηκε
1406 2825 1462 2878 δὲ
1496 2826 1644 2897 αὐτῷ
1677 2829 1775 2882 πό-

215 2895 303 2962 λεις
331 2901 526 2956 Ἵππον
545 2945 560 2966 ,
589 2905 809 2980 Γάδαρα
829 2949 843 2973 ,
894 2912 1073 2976 Γάζαν
1093 2954 1107 2978 ,
1166 2916 1389 2988 Ἰόππην
1406 2958 1420 2982 ,
1467 2920 1775 2992 Ἀνθηδόνα,

215 2993 408 3066 καὶτῆς
449 2999 720 3068 Ἀραϐίας
755 3003 948 3074 μέρος,
986 3006 1074 3059 τόν
1111 3025 1169 3060 τε
1203 3009 1490 3081 Τράχωνα,
1538 3014 1633 3067 καὶ
1676 3018 1776 3090 τὴν

225 3086 528 3157 Ἅϐρανίτιν,
552 3093 654 3146 καὶ
683 3095 902 3160 Σακίαν,
937 3100 1031 3153 καὶ⁹
1068 3101 1364 3176 Γαεὶλάνην.
1406 3107 1546 3180 Πρὸς
1585 3110 1640 3163 δὲ
1681 3086 1774 3166 καὶ

215 3181 292 3250 τῆς
305 3183 490 3253 Συρίας
506 3190 816 3262 ἐπιτροπὴν
833 3193 1074 3266 Ἡρώδης
1093 3196 1224 3268 (66')
1242 3198 1344 3252 ὑπὸ
1359 3201 1457 3273 τῆς
1476 3205 1776 3277 συγκλήτου
1805 3219 1846 3277 C

217 3273 288 3327 καὶ
339 3277 658 3334 Ὀκταουΐου
716 3284 812 3337 τοῦ
869 3288 1138 3343 Σεϐαστοῦ
1187 3290 1441 3362 βασιλεὺς
1507 3298 1773 3351 Ἰουδαίων

216 3367 544 3445 ἀνηγορεύθη,
588 3377 686 3428 καὶ
717 3377 1063 3434 ἐϐασίλευσεν
1102 3382 1196 3454 ἐτη
1231 3384 1322 3440 λδ’.
1369 3387 1649 3454 Ἀντώνιος
1679 3393 1774 3444 ἐπὶ

216 3459 429 3532 Πάρθους
455 3467 782 3537 στρατεύειν
809 3471 1019 3540 μέλλων
1053 3475 1353 3546 Ἀντίγονον
1384 3481 1472 3534 τὸν
1508 3484 1773 3536 Ἰουδαίων

216 3554 464 3612 ἀπέκτεινε
500 3560 734 3642 βασιλέα
755 3603 769 3625 ,
820 3567 914 3617 καὶ
957 3567 1211 3640 ’Λραδίαν
1245 3573 1569 3647 Κλεοπάτρᾳ
1604 3579 1774 3648 παρέ-

215 3643 556 3716 δωκε,δια6ἁς
588 3671 654 3706 τε
689 3656 783 3709 ἐπὶ
835 3658 1103 3729 Πάρθους,
1136 3662 1362 3718 ἔπταισε
1412 3643 1661 3737 μεγάλως
1692 3643 1770 3723 ,τὸ

217 3738 429 3794 πλεῖστον
473 3745 776 3800 ἀποϐαλὼν
839 3750 933 3803 τοῦ
996 3755 1247 3826 στρατοῦ.
1292 3753 1400 3812 Ἦν
1470 3760 1770 3831 Ὀλυμπιὰς

218 3840 336 3899 ρπβ.
375 3836 427 3888 '0
449 3838 750 3904 Σεϐαστὸς,
804 3842 1112 3912 Ὀκτάουϊος
1162 3849 1258 3922 τὴν
1288 3849 1347 3916 ἐξ
1400 3853 1628 3918 Ἰταλίας
1677 3857 1770 3910 καὶ

218 3925 650 4003 τάσηςἘσπέρας
668 3933 896 4006 δύναμιν
925 3941 1012 3992 ἐπ’
1056 3942 1336 3998 Ἀντώνιον
1381 3942 1535 4018 ἦγεν,
1564 3950 1623 4002 οὐ
1649 3951 1770 4020 βου-

217 4013 398 4087 λόμενον
427 4027 506 4089 εἰς
550 4026 775 4100 Ῥώμην
807 4032 1140 4099 ἐπανελθεῖν,
1176 4035 1283 4090 δέει
1310 4038 1418 4093 τῶν
1449 4043 1506 4093 ὲν
1533 4042 1768 4114 Πάρθοις

220 4108 589 4183 ἑπταισμένων,
629 4121 725 4173 καὶ
757 4122 1114 4197 Κλεοπάτρας
1162 4128 1343 4199 ἔρωτι.
1395 4131 1678 4198 Ἀντώνιος
1709 4135 1767 4188 δὲ

218 4200 350 4273 αὐτὴν
379 4209 440 4260 ἐκ
473 4210 579 4281 τῆς
638 4211 823 4276 Ἀσίας
868 4214 1006 4286 ἔχων
1045 4217 1292 4290 δύναμιν,
1329 4222 1655 4295 ὑπήντησεν.
1709 4225 1766 4279 '0

217 4293 257 4346 δε
285 4296 508 4374 Ἡρώδης
539 4299 634 4358 οἷα
663 4306 854 4374 δεινὸς,
885 4311 978 4364 καὶ
1009 4311 1118 4366 τῶν
1168 4313 1459 4383 ἰσχυόντων
1490 4315 1762 4388 θεραπευ-

217 4391 309 4462 τὴς,
331 4395 512 4463 διπλᾶς
561 4401 876 4474 ἐξέπεμψεν
907 4403 1194 4468 ἐπιστολὰς
1232 4405 1329 4458 καὶ
1363 4407 1453 4477 νηῒ
1485 4408 1576 4461 τὸν
1600 4427 1766 4482 στρα-

217 4491 314 4550 τὸν,
356 4491 732 4566 ἐντειλάμενος
778 4498 888 4559 τοῖς
950 4496 1272 4566 ἡγουμένοις
1327 4499 1644 4558 καταδοκεῖν
1693 4502 1763 4556 τὰ
1795 4520 1848 4558 ξι

1796 4567 1838 4638 D

217 4575 578 4655 ἀποϐησόμενα.
633 4587 721 4650 Ὠς
756 4588 816 4641 δὲ
853 4589 1045 4662 ἐκρίθη
1090 4607 1149 4642 τε
1195 4592 1227 4660 ἠ
1275 4590 1433 4663 νίκης,
1491 4593 1585 4645 καὶ
1639 4575 1824 4664 δυσὶίς

219 4677 510 4746 σδμμαχίαις
561 4681 821 4751 ἡττηθεὶς
850 4683 878 4734 ό
929 4682 1212 4748 Ἀντώνιος
1243 4685 1441 4754 ἔφυγεν
1484 4689 1562 4750 εἰς
1595 4687 1759 4756 Αἴγυ-

217 4778 337 4830 πτον,
353 4769 457 4839 ἃμα
475 4775 542 4843 τῇ
570 4772 989 4846 Κλεοπάτρᾳ,ὀί
1008 4777 1325 4847 κομίζοντες
1349 4779 1636 4833 ἀπέδωκαν
1659 4782 1760 4844 τὰς

219 4855 324 4924 πρὸς
361 4860 444 4913 τὸν
495 4863 772 4918 Σεϐαστὸν
821 4867 1138 4932 ἐπιστολὰς,
1193 4869 1258 4932 ἃς
1291 4871 1428 4943 πρὸς
1479 4870 1761 4926 ’Λντώνιον

220 4942 330 5018 εἶχον
362 4955 794 5028 ἀποκρύψαντες.
839 4961 1151 5017 Ἐπιπίπτει
1182 4963 1239 5016 δὲ
1288 4964 1502 5036 Ἡρώδῃ
1524 4965 1756 5035 (67).....

1891 1981 2034 2035 datis
2069 1981 2135 2034 ad
2171 1978 2342 2053 Syriae
2373 1981 2790 2052 Palaestinarque
2811 1981 2980 2036 duces
3010 1980 3228 2047 litteris,
3269 1988 3328 2034 ut
3367 1981 3473 2033 He-

1891 2074 2077 2128 rodem
2110 2076 2162 2129 in
2195 2092 2420 2145 regnum
2446 2085 2735 2147 reponant,
2780 2077 3022 2131 mandat.
3066 2075 3276 2131 Exinde
3312 2075 3473 2130 Sosio

1885 2167 2113 2235 junctus
2146 2167 2410 2236 Herodes,
2436 2170 2606 2224 variis
2633 2170 2834 2240 praeliis
2865 2186 2929 2226 ac
2953 2185 3061 2224 non
3099 2171 3302 2241 exiguo
3335 2178 3472 2223 tem-

1889 2263 2038 2332 poris
2085 2263 2398 2329 intervallo,
2442 2279 2567 2318 cum
2611 2264 2886 2333 Antigono
2930 2265 3100 2318 armis
3134 2263 3464 2319 decertabat.

1886 2355 1990 2412 Per
2042 2356 2095 2410 id
2162 2367 2378 2427 tempus
2429 2357 2702 2429 Josephus
2736 2356 2966 2412 Herodis
3019 2357 3187 2412 frater
3239 2373 3384 2412 unus
3439 2373 3470 2412 ο

1887 2450 2172 2520 copiarum
2218 2451 2539 2507 ductoribus
2584 2451 2862 2505 occumbit
2897 2449 2952 2503 in
2997 2449 3202 2520 praelio.
3254 2435 3470 2504 Herode

1885 2545 1953 2599 ad
1983 2544 2282 2598 Antonium
2315 2543 2625 2614 profecto...
2639 2583 2675 2599 ..

1953 2636 2016 2692 ll.
2054 2637 2248 2692 Annos
2290 2647 2403 2692 tres
2449 2637 2792 2692 obsidionem
2841 2643 3261 2706 protraxerunt,
3302 2643 3360 2690 et
3395 2634 3465 2690 ad

1883 2731 2183 2786 Antonium
2201 2731 2420 2785 demum
2444 2731 2722 2786 deduxere
2745 2730 2925 2784 vivum
2954 2730 3313 2799 Antigonum.
3349 2727 3464 2782 An-

1885 2824 2070 2878 tonius
2095 2825 2210 2892 ipse
2238 2821 2508 2879 Herodem
2542 2823 2878 2878 renuntiavit
2913 2837 3119 2892 regem,
3151 2837 3215 2876 ac
3243 2822 3465 2890 insuper

1885 2915 2049 2970 urbes
2097 2914 2234 2969 alias
2301 2913 2690 2984 gubernandas
2741 2911 3132 2974 demandavit,
3191 2908 3463 2979 Hippum,

1881 3004 2116 3073 Gadara,
2144 3003 2382 3072 Gazam,
2424 3003 2629 3075 Joppen
2654 3047 2670 3069 ,
2711 3003 3114 3068 Anthedonem,
3155 3015 3210 3057 et
3250 3001 3466 3058 Arabiae

1882 3101 2124 3162 partem,
2189 3092 2570 3148 Trachonitim
2627 3103 2684 3148 et
2739 3094 3085 3160 Auranitim,
3140 3091 3358 3148 Saciam
3407 3100 3464 3148 et

1882 3185 2207 3250 Gaulanem,
2245 3186 2531 3256 ipsamque
2568 3197 2846 3256 postremo
2897 3185 3113 3256 Syriam
3153 3199 3461 3254 procuran-

1879 3277 2005 3332 dam
2029 3278 2333 3345 commisit;
2359 3275 2600 3332 Herodes
2627 3293 2657 3331 a
2689 3285 2881 3331 senatu
2907 3286 2960 3331 et
2979 3276 3194 3332 octavio
3215 3275 3465 3346 Augusto

1878 3383 1977 3422 rex
2029 3367 2340 3422 declaratus
2394 3367 2556 3421 annis
2609 3366 2832 3437 triginta
2892 3376 3130 3437 quatuor
3189 3365 3458 3436 regnavit.

1875 3461 2150 3516 Antonius
2187 3461 2241 3514 in
2273 3459 2506 3516 Parthos
2550 3461 2895 3531 expeditione
2931 3467 3214 3531 suscepta,
3243 3457 3463 3515 Judaeu-

1875 3569 1999 3608 rum
2032 3569 2216 3626 regem
2235 3554 2570 3624 Antigonum
2604 3553 2900 3618 interfecit,
2926 3563 2980 3608 et
3010 3553 3268 3608 Arabiam
3294 3535 3458 3606 Cleo-

1874 3656 2045 3716 patrae
2104 3645 2549 3712 commendavit;
2613 3654 2667 3700 et
2718 3646 2770 3698 in
2843 3645 3072 3700 Parthos
3132 3658 3458 3716 progressus

1874 3740 2149 3796 exercitus
2181 3750 2333 3810 parte
2372 3741 2598 3806 amissa,
2637 3754 2745 3794 non
2789 3739 2978 3794 leviter
3015 3753 3271 3808 peccasse
3303 3752 3457 3791 com-

1873 3843 2062 3903 pertus
2086 3841 2188 3887 est.
2206 3832 2334 3886 Erat
2365 3841 2491 3888 tunc
2525 3831 2804 3904 Olympias
2825 3846 3082 3885 eLxxxvr.
3103 3828 3342 3884 Cunctas
3387 3844 3455 3882 ex

1874 3923 2026 3978 Italia
2054 3923 2411 3994 occiduisque
2439 3924 2756 3994 regionibus
2782 3923 2969 3992 copias
3000 3929 3316 3978 contractas
3342 3923 3457 3975 Au-

1872 4025 2063 4086 gustus
2095 4013 2358 4070 Octavius
2390 4016 2579 4070 eduxit
2624 4015 2677 4068 in
2726 4015 3023 4069 Antonium
3065 4023 3211 4068 metu
3251 4011 3455 4078 delicti,

1871 4108 2001 4162 dum
2031 4108 2086 4161 in
2115 4107 2350 4162 Parthos
2372 4108 2736 4177 prasliaretur,
2764 4107 3017 4170 admissi,
3057 4116 3111 4160 et
3150 4105 3455 4174 Cleopatras

1869 4200 2143 4256 illecebris
2173 4199 2477 4266 detentum,
2506 4215 2572 4254 ac
2618 4200 2847 4254 Romam
2889 4215 2949 4255 se
2986 4197 3236 4254 conferre
3268 4198 3454 4252 detre-

1869 4305 2144 4362 ctantem;
2199 4296 2287 4348 cui
2340 4295 2583 4350 collectis
2633 4294 2890 4350 Asiaticis
2941 4294 3150 4348 viribus
3179 4291 3454 4347 Antonius

1870 4386 2087 4441 obviam
2117 4384 2395 4456 profectus
2421 4392 2526 4440 est.
2565 4383 2808 4440 Herodes
2854 4399 3022 4456 porro
3062 4384 3210 4438 velut
3249 4383 3452 4438 astutia

1870 4483 2101 4551 pollens,
2132 4497 2198 4536 ac
2231 4481 2599 4550 potentiorum
2637 4479 2900 4550 obsequio
2935 4479 3111 4534 addici
3154 4486 3454 4534 consuetus

1869 4577 2011 4631 datis
2039 4577 2284 4646 epistolis
2317 4577 2654 4646 duplicibus,
2685 4587 2738 4632 et
2768 4575 3074 4631 auxiliariis
3105 4573 3278 4643 copiis
3309 4585 3451 4626 mari

1871 4665 2234 4730 transmissis,
2267 4666 2437 4722 duces
2489 4675 2550 4720 ut
2582 4665 2734 4736 prius
2777 4675 3034 4720 eventum
3088 4664 3250 4728 belli,
3282 4676 3451 4731 quam

1866 4757 2244 4828 confligerent,
2277 4759 2750 4828 praastolarentur,
2790 4747 3095 4814 admonuit.
3124 4755 3450 4825 Adjudicata

1871 4849 2120 4920 Augusto
2147 4851 2375 4907 victoria
2398 4855 2668 4908 Antonius
2696 4852 2900 4922 prmliis
2927 4851 3144 4905 duobus
3180 4849 3356 4912 fusus,
3390 4848 3448 4900 in

1872 4941 2169 5013 IEgyptum
2191 4944 2408 5016 fugiens
2425 4960 2548 4999 cum
2567 4944 2856 5012 Cleopatra
2887 4955 3141 4996 reversus
3162 4947 3264 4993 est.
3294 4937 3452 4992 Tunc

220 5051 487 5118 occultatas,
507 5071 633 5124 quae
648 5054 715 5109 ad
733 5056 1053 5122 Antonium,
1077 5058 1285 5112 litteras
1301 5061 1365 5113 ad
1383 5061 1691 5129 Augustum
1710 5060 1910 5114 missas
1923 5061 2017 5130 qui
2036 5059 2352 5115 deferebant
2368 5060 2534 5114 duces
2551 5057 2849 5112 reddidere.
2873 5051 3444 5125 lmpetitlHerodcm...

270 5145 329 5198 l".
362 5149 680 5222 Κλεοπάτρα
714 5153 772 5204 ὲν
819 5152 896 5223 τῷ
931 5154 1224 5227 μεσαιολίω
1255 5156 1363 5226 (68)
1405 5156 1602 5227 ἑαυτὴν
1651 5157 1757 5210 διε-

219 5238 411 5308 χρήσατο
438 5244 626 5297 ἀσπίδι
657 5243 737 5315 τῷ
769 5245 942 5318 θηρίῳ
985 5247 1104 5301 καθ’
1131 5249 1333 5319 ἑαυτῆς
1369 5249 1518 5322 ὅπλῳ
1550 5268 1756 5322 χρησαο

270 5370 364 5448 (66)
399 5379 796 5448 Ἐλθόντος...-
832 5381 1039 5437 Desunt
1069 5385 1350 5440 nonnulla.
1381 5383 1552 5440 Com.

271 5443 382 5511 (ω’)
398 5447 663 5519 lnterpres
681 5443 840 5506 aliter
856 5454 1160 5521 distinguit,
1183 5472 1374 5513 nemoe
1391 5457 1758 5514 5ἱ(;...Γα6λάο

222 5522 628 5597 νηγλξτρρεδὲααὶ
653 5541 702 5576 τ.
807 5526 1130 5597 ἐπιτροπήν.
1163 5526 1428 5597 Ἡρώδης.
1455 5526 1554 5583 En.
1582 5526 1756 5584 Pun.

403 5589 710 5667 gms-41....
745 5583 1204 5667 Locus'mut'ilus.
1235 5583 1312 5651 in.

228 5717 238 5736 ε
276 5655 365 5722 {68)
395 5655 494 5736 ξεν
535 5655 613 5730 τῷ
634 5667 988 5733 μεσαιολίῳ.
1027 5665 1152 5720 Trin
1192 5670 1356 5724 verba
1391 5669 1750 5736 prmeedentia

227 5731 685 5810 Effllfllibtls‘tns's.
727 5736 1222 5810 legendasealiger
1262 5731 1523 5809 expungit
1573 5757 1626 5810 p.
1661 5741 1750 5806 (50,

227 5794 489 5870 scribitque,
515 5794 900 5874 Μαισαιόλὶον,
919 5809 1011 5867 ubi
1048 5794 1158 5871 illa”
1174 5794 1497 5865 Μεσαὶόλιδν
1544 5794 1750 5883 legunt,

1938 5155 2028 5210 Ill.
2059 5157 2362 5228 Sepulcrali
2389 5156 2678 5210 Mausolreo
2712 5153 2923 5209 inclusa
2944 5154 3230 5224 Cleopatra
3259 5155 3449 5224 aspide

1865 5248 1984 5303 fera
2014 5257 2282 5318 tauquam
2317 5247 2513 5301 mortis
2558 5246 2668 5300 telo
2712 5261 2812 5300 usa
2847 5261 2907 5301 se
2958 5245 3133 5316 ipsam
3183 5245 3443 5304 confecit.

1865 5386 2206 5457 substituens
2247 5385 2579 5457 διεχρήσατο
2602 5424 2617 5448 ,
2647 5385 2767 5440 vice
2816 5383 2874 5437 δὲ
2907 5385 3211 5457 ἐχρήσατο,
3240 5385 3448 5457 ubique

1867 5465 2105 5525 reperto.
2135 5456 2266 5510 Mihi
2295 5456 2538 5525 praesens
2568 5457 2724 5510 locus
2758 5456 2982 5510 mutilus
3012 5465 3116 5515 est.
3136 5458 3258 5510 etin
3287 5456 3446 5513 eode

1868 5527 2090 5582 Actiaca
2117 5528 2347 5581 victoria
2379 5529 2584 5581 mentio
2609 5525 2954 5582 desideratur
2980 5545 2993 5580 :
3016 5535 3069 5580 et
3097 5527 3157 5579 τὸ
3180 5527 3447 5582 Μαισαιό-
3504 5563 3509 5568 -

1869 5597 1981 5651 λιον
2012 5599 2065 5651 ἱη
2103 5598 2464 5652 Μαυσωλαῖον
2500 5606 2888 5653 commutatur.
2918 5596 3208 5666 Cleopatra
3242 5598 3447 5668 quipr

1861 5669 2120 5736 sepulcri,
2148 5668 2426 5723 Mausolzei
2459 5684 2853 5737 nonnunquam
2887 5670 2957 5724 ob
2996 5667 3215 5724 fabrieze
3240 5671 3440 5724 molem

1861 5740 2038 5794 vocati
2067 5780 2080 5806 ,
2147 5741 2332 5795 clausa
2389 5740 2641 5810 ιιι-α’ςὶιὶίο
2684 5741 2919 5809 seipsam
2973 5739 3225 5796 confecit.
3257 5738 3432 5797 Cosa.
