3966 6560
427 381 497 436 87
1734 387 1810 444 JU
1823 387 1910 442 LII
1951 389 2040 444 AF
2045 387 2274 444 RICANI
2420 425 2426 429 -
3611 383 3684 437 83

429 499 631 558 Eodem
667 510 914 576 tempore
946 503 1248 576 Cleopatrae
1273 505 1412 561 ﬁlios
1445 506 1625 562 Solem
1674 507 1994 579 Lunamque
2022 562 2025 570 ,

2138 509 2256 580 ένη.
2273 509 2404 560 Τότε
2433 506 2787 577 Κλεοπάτρας
2809 505 2958 568 υίοὺς
2989 503 3178 557 Ἥλιον
3205 501 3300 556 καὶ
3320 500 3561 572 Σελήνην
3591 498 3686 551 ἐπὶ

428 591 500 650 ab
547 607 612 649 ea
653 603 877 652 vocatos
929 597 984 650 in
1031 595 1362 653 Thebaidem
1397 597 1671 669 fugientes
1724 602 2002 672 Augustus

429 683 596 753 cepit.
619 681 902 754 Nicopolis
933 687 1000 742 ad
1027 685 1310 742 Actiacum
1341 688 1520 743 sinum
1551 685 1917 756 construitur;
1951 699 2004 746 et

429 777 689 832 Actiacos
719 779 881 834 ludus
915 781 1218 837 institutus.
1243 781 1573 838 Alexandria
1603 793 1778 853 capta,
1791 787 2004 856 primus

432 867 654 941 [Egypti
697 871 808 925 dux
861 872 1178 940 Augustalis
1236 875 1522 933 Cornelius
1563 878 1750 934 Gallus
1800 881 2004 936 missus

431 971 535 1028 est,
566 963 660 1032 qui
688 961 1070 1034 {Egyptiorum
1127 967 1195 1022 ad
1243 970 1670 1038 perduellionem
1703 971 2006 1027 deﬂecten-

433 1049 570 1104 tium
596 1052 760 1106 urbes
790 1055 1075 1112 subvertit.
1095 1054 1389 1126 ﬂuensque
1411 1056 1628 1129 Lagidaa
1649 1060 2003 1129 duraverunt,

433 1157 650 1212 unaque
699 1143 1004 1200 Macedonii
1051 1149 1264 1218 imperii
1313 1151 1482 1206 series
1538 1153 1691 1208 stetit
1739 1162 1864 1223 post
1913 1154 2008 1208 de-

433 1245 710 1292 structum
743 1236 1037 1294 Persarum
1069 1255 1296 1312 regnum
1349 1257 1524 1298 annos
1567 1244 1784 1300 duobus
1827 1246 2006 1302 minus

434 1338 731 1385 trecentos.
758 1329 932 1387 Omne
981 1331 1147 1404 igitur
1181 1336 1444 1404 temporis
1479 1337 1714 1405 spatium
1747 1337 1817 1391 ab
1851 1339 2008 1394 insti-

434 1429 553 1475 tuto
575 1419 936 1478 Macedonum
967 1424 1202 1494 imperio
1226 1427 1292 1480 ad
1316 1425 1624 1500 Egyptiaci
1647 1431 1796 1499 regni
1821 1429 2006 1498 ﬁnem,

434 1514 500 1568 ad
527 1513 877 1584 Cleopatram
917 1516 1634 1580 nimirum,Ptolcm:corum
1654 1529 2006 1590 postremam,

435 1607 821 1664 concluditur:
856 1611 1001 1679 quod
1035 1609 1410 1666 Romanorum
1447 1615 1780 1669 monarchize
1810 1623 1866 1670 et
1906 1616 2010 1669 im-

434 1701 572 1770 perii
633 1717 778 1757 anno
830 1703 1120 1759 undecimo
1178 1705 1426 1774 contigit,
1482 1705 1817 1777 Olympiadis
1879 1721 2011 1762 vero

433 1809 711 1862 eLxxxvu,
745 1811 888 1851 anno
913 1805 1130 1867 quarto.
1161 1797 1446 1852 Annorum
1479 1814 1696 1854 summa
1726 1801 1796 1855 ab
1835 1800 2008 1855 Adam

436 1897 622 1944 creato
649 1899 734 1944 est
756 1889 915 1945 5472.

509 1979 600 2038 IV.
643 1980 775 2037 Post
817 1981 1201 2038 Alexandriam
1254 1993 1470 2055 captam
1521 1985 1688 2056 cmpit
1732 1983 2012 2056 Olympias

435 2087 736 2128 CLXXXVIII.

509 2164 755 2222 Herodes
815 2167 1174 2224 Gabiniorum
1231 2171 1462 2237 urbem,
1520 2171 1826 2226 Samariam
1881 2172 2012 2227 olim

439 2256 638 2312 dictam
673 2273 702 2312 a
735 2273 794 2313 se
825 2268 1156 2329 reparatam,
1194 2261 1490 2331 appellavit
1533 2260 1798 2317 Sebasten
1830 2281 1842 2316 :
1889 2263 2010 2332 ejus

439 2365 658 2420 quoque
692 2352 903 2418 navale,
941 2353 1218 2408 Stratonis
1248 2354 1380 2408 olim
1409 2354 1606 2408 turrim
1639 2365 2015 2425 nuncupatum

441 2442 497 2496 in
529 2442 684 2497 urbis
717 2443 948 2498 formam
987 2445 1352 2500 instauratum
1375 2487 1389 2512 ,
1429 2445 1736 2502 Caesaream
1778 2447 2014 2514 vocavit,

440 2543 494 2588 et
555 2535 611 2588 in
681 2543 912 2606 utraque
967 2539 1226 2607 templum
1290 2535 1516 2593 Octavio
1581 2539 2014 2594 consecrandum

441 2625 634 2678 erexit.
691 2624 1033 2681 Postremam
1106 2628 1356 2683 omnium
1415 2629 1484 2684 de
1553 2630 1724 2700 patris
1786 2629 2012 2684 nomine

444 2717 842 2787 Antipatridem
865 2719 918 2772 in
943 2718 1091 2791 Lydo
1109 2735 1304 2790 campo
1337 2721 1614 2788 condidit;
1653 2721 2018 2792 Sebastesque

444 2809 660 2864 accolas
694 2825 926 2880 quorum
963 2825 1124 2880 agros
1157 2813 1471 2882 occupavit,
1505 2812 1637 2868 fecit
1668 2813 1833 2882 hujus
1868 2813 2020 2867 inco-

445 2899 546 2954 las.
591 2899 742 2954 Alias
799 2917 1018 2971 quoque
1083 2904 1246 2958 urbes
1289 2905 1629 2972 construxit;
1692 2921 1756 2960 ac
1815 2904 2020 2960 ludatis

445 2990 664 3061 quidem
699 3007 1020 3058 onerosum,
1059 2995 1376 3050 nationibus
1417 3011 1547 3050 vero
1581 2997 1808 3067 reliquis
1854 2997 2020 3052 urba-

447 3097 578 3138 num
605 3091 659 3136 et
687 3097 966 3137 ammnum
995 3099 1116 3139 sese
1146 3085 1414 3139 exhibuit.

517 3171 796 3244 Olympias
815 3175 1075 3245 agebatur
1094 3191 1352 3246 eLxxxIx,
1369 3195 1490 3250 quae
1512 3180 1813 3236 bissextum
1827 3180 1968 3236 diem
1988 3182 2020 3235 6

447 3276 604 3321 sexto
643 3267 764 3322 Kal.
799 3268 986 3336 Mart.,
1023 3284 1168 3325 anno
1206 3270 1364 3341 juxta
1385 3241 1665 3329 -Antioch.
1717 3289 1884 3328 atram
1928 3274 2020 3340 24,
2051 3241 2097 3302 c

449 3368 574 3428 apte
603 3363 920 3417 restitutum
974 3367 1217 3436 accepit,
1270 3366 1429 3437 cujus
1462 3365 1730 3422 benelieio
1763 3369 1926 3422 certis
1960 3383 2024 3422 ac

449 3455 687 3523 propriis
720 3457 824 3511 sibi
855 3460 1104 3514 terminis
1128 3475 1304 3514 annus
1327 3461 1492 3529 erepit
1523 3461 1848 3515 consistere.

2103 600 2330 671 Θηϐαΐδι
2369 599 2636 668 φυγόντας
2683 595 2970 649 συνέλαϐεν
2997 595 3024 647 ὁ
3067 594 3356 657 Σεϐαστός.
3391 589 3686 652 Νικόπολις

2103 693 2135 762 ἡ
2173 690 2311 744 κατὰ
2355 689 2574 742 Ἀκτίαν
2604 685 2826 757 ἐκτίσθη
2848 727 2862 750 ,
2897 686 2992 740 καὶ
3041 684 3226 739 Ἀκτία
3257 688 3286 738 ὁ
3316 683 3464 754 ἀγὼν
3497 681 3684 751 ἐτέθη.

2117 781 2520 854 Ἀλεξανδρείας
2543 781 2877 854 εἰλημμένης
2909 779 3124 853 πρῶτος
3152 775 3374 850 ἡγεμὼν
3405 774 3686 844 Αἰγύπτου

2105 873 2380 944 πέμπεται
2439 871 2635 936 Γάλλος
2667 873 2997 946 Κορνήλιος,
3057 870 3118 936 ὃς
3165 869 3273 923 τῶν
3331 867 3690 922 ἀποστάντων

2104 965 2416 1033 Αἰγυπτίων
2447 964 2662 1018 καθεῖλε
2695 965 2792 1029 τὰς
2827 964 3029 1027 πόλεις.
3077 963 3256 1034 Μέχρι
3294 960 3450 1014 τοῦδε
3486 961 3536 1012 οἱ
3579 960 3694 1012 Δα-

2106 1059 2248 1128 γῖδαι
2275 1058 2384 1130 (69)
2405 1076 2418 1088 ·
2455 1061 2549 1112 καὶ
2597 1057 2818 1128 σύμπας
2845 1058 2944 1128 τῆς
2974 1055 3348 1124 Μακεδονικῆς
3389 1050 3691 1123 ἡγεμονίας

2107 1147 2294 1221 χρόνος
2329 1148 2464 1218 μετὰ
2497 1147 2592 1218 ἔτη
2619 1154 2663 1200 τ’
2697 1149 2794 1219 τῆς
2840 1146 3064 1220 Περσῶν
3109 1143 3504 1214 καθαιρέσεως,
3540 1140 3694 1192 δυοῖν

2106 1237 2312 1292 δέοντα.
2349 1239 2676 1306 Συνάγονται
2700 1237 2880 1290 τοίνυν
2911 1238 2960 1289 οἱ
2989 1237 3166 1309 χρόνοι
3205 1233 3311 1288 ἀπὸ
3347 1233 3530 1303 μέντοι
3563 1232 3692 1283 Μα-
3775 1233 3784 1243 ’

2108 1327 2336 1382 κεδόνων
2367 1330 2540 1401 ἀρχῆς
2571 1329 2675 1393 ἕως
2721 1329 3072 1391 καταλύσεως
3113 1326 3253 1380 κατὰ
3297 1322 3690 1394 Πτολεμαίους,

2109 1422 2206 1474 καὶ
2233 1421 2330 1491 τὴν
2360 1420 2673 1474 τελευταίαν
2703 1420 3079 1492 Κλεοπάτραν,
3115 1417 3144 1470 ὃ
3176 1417 3382 1485 γίνεται
3415 1415 3512 1485 τῆς
3558 1413 3694 1465 Ῥω-

2113 1513 2284 1585 μαίων
2313 1513 2608 1584 μοναρχίας
2635 1513 2730 1566 κού⁵
2751 1512 3042 1584 ἡγεμονίας
3069 1511 3185 1574 ἔτος
3207 1517 3296 1576 ια’,
3329 1508 3694 1578 Ὀλυμπιάδος

2109 1606 2167 1658 δὲ
2218 1603 2358 1675 pag”,
2415 1603 2566 1667 ἔτους
2612 1603 2674 1657 δ’.
2727 1604 2806 1656 Τά
2861 1603 3152 1673 σύμπαντα
3208 1600 3300 1672 ἔτη
3353 1600 3462 1654 ἀπὸ
3519 1597 3694 1669 Ἀδάμ

2113 1693 2287 1765 γευοβκ

2183 2003 2254 2052 Δ’.
2299 2000 2452 2054 Μετὰ
2487 1999 2888 2070 Ἀλεξανδρείας
2929 1997 3126 2052 ἆλωσιν
3179 1993 3480 2066 Ὀλυμπιὰς
3515 1991 3696 2065 ήρχθη

2115 2099 2262 2163 ρπη’.

2197 2182 2442 2254 Ἡρώδης
2483 2181 2770 2246 ἐπικτίσας
2803 2180 2900 2251 τὴν
2943 2178 3206 2234 Γαϐινίων
3245 2177 3398 2232 πόλιν
3432 2177 3564 2250 (70),
3595 2175 3700 2247 τήν

2116 2291 2244 2327 ποτε
2277 2275 2612 2346 Σαμάρειαν,
2648 2270 2926 2343 Σεϐαστὴν
2960 2269 3129 2341 αὐτὴν
3161 2268 3570 2342 προσηγόρευσε
3591 2285 3604 2296 ·
3639 2265 3702 2319 τὸ

2114 2366 2170 2419 δὲ
2212 2365 2444 2418 ἐπίνειον
2479 2365 2648 2436 αὐτῆς
2679 2364 2772 2418 τοῦ
2822 2364 3136 2437 Στράτωνος
3189 2361 3400 2434 πύργον
3449 2359 3702 2424 πολίσας,

2116 2458 2223 2512 ἀπὸ
2253 2457 2347 2510 τοῦ
2380 2457 2546 2510 αὑτοῦ
2595 2457 2937 2529 Καισάρειαν
2989 2454 3280 2519 ἐκάλεσεν,
3330 2453 3416 2523 ἐφ’
3461 2451 3704 2522 ἑκατέρᾳ

2118 2551 2242 2604 ναὸν
2294 2549 2510 2620 ἐγείρας
2557 2549 2854 2618 Ὀκταουΐῳ
2874 2564 2888 2578 ·
2944 2547 3168 2618 ὕστερον
3215 2545 3271 2598 δὲ
3317 2542 3702 2614 Ἀντιπατρίδα

2119 2643 2290 2707 κτίζει
2322 2643 2382 2694 ’ὲν
2411 2641 2488 2712 τῷ
2518 2639 2674 2712 Λυδῷ
2707 2641 2871 2711 πεδίῳ
2900 2639 3006 2694 ἀπὸ
3029 2638 3121 2692 τοῦ
3154 2637 3317 2692 αὐτοῦ
3349 2637 3572 2709 πατρὸς,
3607 2635 3708 2689 καὶ

2119 2737 2244 2801 τοὺς
2277 2737 2406 2808 περὶ
2441 2735 2536 2807 τὴν
2564 2735 2840 2805 Σεϐαστὴν
2865 2733 3168 2796 οἰκοῦντας,
3202 2725 3276 2785 ὧν
3307 2731 3564 2800 ἀφείλατο
3603 2729 3708 2802 τὴν

2118 2829 2244 2899 γῆν,
2279 2827 2668 2900 ἐγκατῴκησεν
2715 2830 2772 2880 ὲν
2823 2827 2982 2898 αὐτῇ.
3022 2827 3244 2879 Ἔκτισε
3277 2825 3332 2877 δὲ
3365 2825 3458 2877 καὶ
3508 2823 3710 2894 ἑτέρας

2122 2921 2338 2985 πόλεις·
2397 2921 2492 2974 καὶ
2528 2923 2640 2983 τοῖς
2684 2921 2780 2990 μὲν
2840 2919 3112 2983 Ἰουδαίοις
3157 2918 3326 2989 βαρὺς
3368 2913 3456 2989 ἦν,
3489 2918 3602 2979 τοῖς
3645 2914 3708 2967 δὲ

2123 3012 2301 3075 ἄλλοις
2333 3011 2508 3065 ἔθνεσι
2540 3010 2880 3077 δεξιώτατος.

2197 3207 2305 3266 Ἦν
2345 3211 2646 3280 Ὀλυμπιὰς
2692 3207 2812 3281 ρπϐ¹
2842 3209 2975 3278 (Ἡ),
3021 3209 3143 3278 ἥτις
3195 3207 3300 3278 πρὸ
3339 3213 3392 3270 ς’
3423 3202 3710 3258 καλανδῶν

2129 3305 2390 3377 Μαρτίων
2427 3305 2568 3358 κατὰ
2605 3305 2896 3374 Ἀντιοχεῖς
2960 3301 3036 3354 κδ’
3075 3301 3183 3354 ἔτει
3215 3296 3377 3371 ἢχθη,
3409 3297 3473 3350 δι’
3504 3290 3572 3368 ἧς
3611 3295 3712 3348 ἐπὶ

2129 3399 2236 3451 τῶν
2271 3398 2411 3452 ἰδίων
2437 3397 2602 3470 ὁρίων
2635 3397 2764 3466 ἔστη
2795 3400 2823 3450 ὁ
2857 3395 3117 3458 ἐνιαυτός.

1591 3554 1776 3608 XVIII.
1823 3553 1988 3618 Ibid.,
2014 3573 2135 3629 pag.
2173 3557 2298 3623 522,
2335 3557 2408 3613 al.
2445 3557 2571 3632 256.

455 3645 529 3702 De
561 3649 628 3703 iis
657 3663 781 3719 quae
825 3650 878 3704 in
905 3651 1135 3732 salutari
1161 3649 1364 3706 Christi
1390 3651 1666 3732 passione
1704 3659 1759 3704 et
1810 3651 2022 3706 vivilica

845 3729 1246 3775 resurrectione
1277 3729 1639 3792 contigerunt.

526 3790 567 3846 I.
603 3789 768 3846 Gesta
811 3806 944 3846 sane
993 3792 1138 3846 illius
1190 3789 1766 3862 singula,'leorporum
1814 3793 2024 3846 anima-

527 3907 642 3979 (69)
682 3906 867 3979 Μέχρι
891 3906 1068 3961 τοῦδε
1091 3910 1144 3962 οἱ
1173 3905 1437 3976 Λαγῖδαι.
1463 3907 1728 3976 Ambigue
1751 3916 1804 3960 et
1825 3907 2033 3979 incerto

457 3981 523 4033 de
553 3977 648 4032 fati
670 3977 970 4047 Cleopatrae
1001 3993 1146 4032 anno
1167 3979 1406 4032 locutum
1438 3987 1738 4042 auctorem,
1771 3993 1835 4032 ae
1867 3977 2030 4030 modo

459 4051 527 4104 ab
574 4049 723 4103 orbis
769 4048 973 4103 conditi
1020 4064 1165 4102 anno
1201 4048 1340 4102 5468
1393 4049 1552 4102 annis
1604 4049 1764 4102 modo
1812 4047 2028 4102 duobus

461 4121 730 4189 posterius
779 4120 1132 4189 consignasse
1189 4119 1303 4187 jam
1345 4135 1508 4188 supra
1571 4117 2022 4172 observavimus:

457 4206 629 4260 quare
686 4189 828 4258 quod
891 4190 978 4244 hic
1033 4189 1088 4242 in
1155 4205 1340 4260 annos
1407 4190 1924 4260 duossequiores,
1982 4198 2037 4242 et

462 4259 652 4314 mundi
702 4260 846 4314 5472
873 4269 1242 4324 removeatur,
1279 4259 1346 4312 ad
1390 4259 1680 4328 Georgium
1703 4260 1778 4312 nil
1799 4268 2028 4328 spectat,

461 4347 588 4385 cum
626 4332 871 4400 privatus
905 4329 953 4382 is
986 4331 1057 4384 sit
1085 4331 1347 4400 Africani,
1373 4331 1532 4396 cuius
1566 4330 1843 4400 haecdieta
1889 4329 2030 4400 refe-

463 4399 688 4466 runtur,
738 4410 1047 4469 computus.
1087 4399 1164 4454 Ex
1215 4401 1332 4468 ejus
1367 4416 1526 4470 porro
1579 4399 1758 4454 verbis
1790 4399 2030 4453 celeber-

463 4471 616 4526 rimae
653 4480 763 4525 tres
812 4470 1036 4540 epochae
1083 4469 1434 4540 chronologis
1477 4469 2028 4540 Africaniisensuum

463 4541 730 4595 studiosis
765 4539 1138 4610 perquirendaa
1171 4543 1311 4596 ultro
1353 4557 1410 4596 se
1447 4541 1700 4595 oll‘erunt.
1736 4539 1918 4593 Prima
1949 4549 2033 4593 est

464 4607 996 4682 Alexandriimortis
1039 4621 1092 4664 et
1141 4609 1453 4682 Cra-corum
1491 4611 1731 4682 imperii,
1772 4625 1936 4682 quam
1981 4611 2036 4682 in
2071 4607 2112 4661 D
2147 4607 2438 4682 Scaliger-07
2470 4610 2768 4665 timendum

469 4682 654 4751 ειμιηιίί
686 4681 862 4751 5174,
915 4697 1021 4734 non
1063 4691 1122 4734 ut
1173 4681 1437 4751 Georgius
1483 4682 1538 4736 in
1574 4679 1746 4744 5l70,
1794 4679 2036 4751 conjicit.

466 4748 602 4804 Nam
635 4768 758 4806 cum
789 4750 1116 4820 Lagidarum
1148 4748 1534 4806 exterminium
1562 4753 1616 4805 in
1650 4752 1840 4804 mundi
1881 4749 2044 4816 διτε,

467 4822 681 4877 duobus
711 4822 968 4875 nimirum
989 4823 1054 4874 de
1072 4831 1370 4876 tercentum
1391 4823 1570 4876 minus
1601 4823 2045 4890 postinstitutum

469 4894 537 4946 ab
559 4894 638 4946 eis
671 4892 958 4960 imperium
979 4894 1266 4953 remittat.
1311 4903 1437 4946 ante
1468 4909 1642 4946 annos
1683 4891 1810 4954 “298,
1859 4891 2046 4944 mundi

470 4963 629 5026 5174,
654 4963 784 5017 illud
819 4963 994 5032 primo
1039 4963 1336 5016 stabilitum
1389 4963 1577 5031 liquet,
1613 4971 1740 5016 ante
1777 4963 2045 5016 Christia-

473 5049 596 5085 nam
653 5045 816 5087 a-ram
871 5033 1033 5086 annis
1075 5033 1200 5086 426.
1251 5033 1545 5088 Africanus
1599 5034 1799 5102 quippe
1849 5033 2046 5085 natalis

468 5103 680 5157 Christi
711 5104 973 5171 epocham
1018 5105 1294 5166 eamdem,
1327 5120 1490 5173 quam
1535 5102 1824 5172 Georgius,
1856 5103 2047 5156 statuit

471 5189 536 5226 ex
567 5189 690 5242 pag.
723 5173 832 5226 238
868 5183 921 5226 et
947 5173 1073 5226 259.
1103 5173 1353 5227 Secunda
1380 5183 1482 5236 est,
1510 5174 1763 5227 Actiacos
1796 5187 1968 5225 annos
1993 5184 2046 5224 et

475 5243 694 5314 A‘ngpti
726 5253 896 5312 capta:
935 5259 1098 5314 teram
1133 5247 1196 5297 ad
1242 5247 1428 5314 mundi
1470 5244 1628 5306 5472,
1677 5252 1802 5296 ante
1841 5243 2044 5314 Christi

478 5313 714 5368 natalem
748 5315 905 5366 annis
933 5313 1024 5375 28,
1055 5314 1339 5368 devineiri.
1361 5313 1540 5368 Tertia
1565 5317 1780 5368 tandem
1812 5313 2043 5381 Augusti

479 5399 649 5438 annos
672 5399 702 5437 a
723 5385 908 5436 mundi
930 5383 1059 5436 546i
1094 5401 1314 5437 munera
1327 5387 1390 5437 ri.
1417 5385 1548 5440 Nam
1575 5402 1698 5438 cum
1727 5385 2045 5438 undecimus

479 5455 712 5523 Augusti
755 5469 821 5507 ex
869 5453 1038 5522 Regio
1079 5464 1267 5508 uestro
1307 5455 1464 5508 Barb.
1502 5465 1555 5509 et
1601 5455 1786 5509 l‘erez.
1843 5464 2044 5507 attente

481 5525 743 5591 inspectis
774 5524 967 5594 iisque
1003 5538 1126 5578 cum
1157 5525 1328 5578 l’alat.
1351 5527 1584 5590 collatis,
1617 5528 1682 5580 sit
1717 5525 1808 5594 qui
1856 5524 2043 5577 mundi

480 5595 644 5658 5472,
678 5603 730 5666 et
759 5593 1096 5664 Olympiadis
1134 5611 1414 5659 CLxxxut,
1448 5607 1678 5666 quartus
1733 5593 2044 5649 i'eeeusetur

484 5667 553 5718 ab
580 5664 879 5718 Africano:
913 5679 980 5718 ex
1021 5666 1140 5732 ejus
1165 5667 1386 5720 calculis
1426 5664 1568 5720 aiam
1613 5667 1744 5721 K-IGl
1780 5668 2045 5720 duntaxat

487 5736 772 5802 imperium
806 5735 1006 5788 adiisse
1030 5751 1250 5792 necesse
1273 5747 1374 5801 est,
1394 5748 1518 5792 ante
1538 5739 1740 5792 Christi
1767 5745 1946 5791 ortum
1974 5735 2044 5788 40

488 5808 568 5858 vel
599 5806 686 5867 41,
721 5813 881 5872 prout
910 5805 1158 5862 Christus
1206 5809 1345 5862 5500
1376 5809 1456 5862 vel
1499 5808 1628 5861 eam
1676 5818 1835 5862 natus
1868 5807 1936 5859 ab
1978 5820 2043 5858 co

487 5877 768 5932 “seritur.
805 5875 1178 5946 Suspicionem
1206 5889 1383 5934 tamen
1419 5895 1591 5934 ineant
1625 5895 1690 5934 ue
1721 5877 2040 5944 subticeam,

2200 3654 2334 3726 Περὶ
2366 3653 2475 3708 τῶν
2499 3651 2640 3706 κατὰ
2677 3654 2736 3706 τὸ
2767 3654 3034 3726 σωτήριον
3079 3650 3276 3714 πάθος,
3318 3648 3410 3702 καὶ
3435 3645 3536 3719 τὴν
3566 3646 3713 3704 ζωο-

2672 3723 2821 3776 ποιὸν
2850 3723 3163 3776 ἀνάστασιν.

2201 3795 2278 3847 A'.
2314 3793 2388 3846 Τὸ
2413 3793 2468 3846 δὲ
2507 3793 2624 3847 καθ’
2665 3793 2893 3846 ἕκαστον
2937 3793 3045 3847 τῶν
3077 3790 3328 3863 πράξεων
3359 3789 3522 3846 αὑτοῦ
3544 3830 3560 3856 ,
3612 3789 3716 3844 καὶ

2141 3915 2209 3962 ια’
2246 3910 2362 3965 vice
2397 3909 2457 3962 ιδ’
2485 3924 2512 3962 a
2545 3909 2736 3978 primis
2763 3909 2998 3962 librariis
3027 3908 3225 3978 lectum
3255 3906 3520 3978 arbitror,
3556 3913 3610 3959 et
3645 3904 3708 3958 ιι

2130 3980 2361 4048 Augusti
2389 3975 2615 4044 annum,
2647 3979 2713 4032 l4
2739 3979 2853 4032 vice
2877 3978 3167 4033 redditum.
3201 3977 3403 4031 Auctor
3436 3975 3609 4048 enim1
3639 3991 3716 4030 ex

2124 4045 2403 4114 Africano,
2434 4060 2492 4103 ut
2562 4066 2705 4112 reor,
2737 4050 2925 4103 scribit
2987 4064 3148 4118 supra
3191 4066 3204 4101 :
3249 4049 3309 4100 Οἱ
3347 4049 3404 4118 ὲν
3459 4045 3720 4118 Ἀλεξανο

2133 4120 2285 4192 δρείᾳ
2329 4120 2436 4173 ἀπὸ
2474 4120 2568 4172 τοῦ
2609 4120 2667 4173 ιδ’
2707 4117 2858 4181 ἔτους
2907 4116 3198 4190 ἀριθμοῦσι
3231 4116 3540 4186 Αὐγούστου
3583 4116 3722 4240 χρό-

2135 4209 2276 4240 νους.
2315 4193 2382 4240 ab
2409 4191 2660 4240 Augusti.
2687 4189 2932 4240 induam.
2959 4190 3044 4240 M.
3074 4190 3166 4240 nui
3189 4197 3346 4240 canta
3373 4188 3580 4240 Alexan
3625 4186 3718 4240 ria

2135 4186 2276 4255 voog,
2315 4193 2382 4244 ab
2409 4191 2660 4260 Augusti,
2687 4186 3053 4260 inquam,'li,
3074 4190 3166 4260 qui
3189 4197 3346 4256 capta
3373 4186 3718 4242 Alexandria

2139 4261 2386 4330 signatur
2415 4258 2694 4330 ianastis.
2723 4258 2893 4314 Goxn.

2208 4325 2318 4398 (70)
2359 4329 2609 4398 Ἡρώδης
2649 4330 2966 4396 ἐπικτίσας
3005 4327 3124 4382 τῶν
3166 4325 3718 4398 Γαϐινίῳν-πρλιν.

2138 4395 2337 4471 Lepide
2369 4395 2629 4470 scaliger.
2664 4398 2787 4454 Not.
2818 4395 2948 4469 pag.
2973 4399 3080 4471 259
3110 4417 3123 4452 :
3160 4397 3335 4471 Quare
3365 4395 3576 4450 Cuthan’
3602 4397 3722 4450 sive

2139 4468 2426 4526 Sainaritw
2461 4468 2698 4524 Γσζϐίνιοι
2727 4468 2992 4528 vocentur.
3029 4470 3199 4522 dicere
3225 4468 3448 4536 fortasse
3483 4481 3720 4536 possem,

2139 4543 2243 4594 nisi
2264 4553 2540 4611 corruptus
2596 4549 2726 4611 esset
2758 4542 2919 4594 locus.
2958 4539 3102 4592 Nihil
3148 4535 3236 4592 hie
3277 4555 3332 4611 ᾳ,
3356 4535 3724 4611 corruptione

2814 4626 2828 4663 τ
2873 4612 3082 4680 integer
3129 4618 3213 4662 est
3261 4605 3718 4680 Alricarrilqctrs,

2153 4674 2343 4736 iisdem
2373 4683 2596 4736 omnino
2627 4683 2805 4736 verbis
2836 4674 3012 4734 tribus
3039 4680 3091 4733 in
3126 4693 3238 4733 mss
3275 4677 3539 4748 digestus.
3561 4674 3726 4748 Sub-

2152 4753 2388 4818 indicat,
2441 4753 2585 4822 quod
2633 4751 2722 4806 ille
2786 4763 3008 4822 veretur
3056 4745 3377 4822 exponere}
3439 4745 3724 4814 Josephus

2149 4823 2246 4876 lib.
2282 4817 2381 4877 xiv
2413 4817 2562 4886 Aht.,
2609 4837 2728 4890 cap.
2761 4821 2848 4886 IO,
2892 4839 2921 4875 a
2971 4819 3201 4890 Gabinio
3255 4817 3426 4890 Syriae
3479 4831 3724 4890 procon-

2150 4895 2286 4956 sule,
2321 4894 2492 4946 altero
2515 4887 2775 4946 Samarim
2813 4901 2938 4944 ante
2975 4889 3240 4943 Herodem
3285 4887 3601 4958 reparatore
3631 4887 3724 4942 sic

2149 4973 2539 5032 nuncupatam.
2581 4961 2864 5026 Gabinius,
2897 4961 3092 5032 inquit,
3135 4957 3375 5032 Judteam
3412 4957 3726 5032 perlustrat

2147 5033 2266 5107 bat,
2301 5027 2353 5087 et
2381 5043 2648 5107 quotquot
2669 5027 2986 5107 inveniebat
3005 5031 3168 5083 nrbes
3191 5030 3424 5107 dirutas,
3441 5027 3724 5107 ratdilicari

2143 5103 2367 5172 jubebat
2389 5097 2414 5157 :'
2440 5097 2601 5172 atque
2627 5105 2728 5156 hoc
2752 5111 2908 5170 pacto
2937 5103 3266 5172 instauratae
3285 5097 3721 5172 suntSamarja,

2146 5165 2372 5236 Azotus,
2409 5165 2778 5244 Scythopolis,
2823 5171 3092 5244 Antedion,
3135 5168 3368 5244 llapliia,
3400 5165 3726 5244 ωιτη-ηιξκι-

2145 5245 2306 5308 rissa,
2334 5253 2385 5298 et
2415 5237 2535 5298 alia!
2563 5237 2671 5297 non
2705 5258 2917 5312 paucas:
2951 5241 3112 5309 idque
3137 5237 3426 5312 mandante
3455 5237 3724 5304 Gabinio,

2145 5331 2375 5384 quorum
2409 5315 2632 5384 posthac
2669 5309 3072 5384 habitatiotuta
3107 5309 3560 5384 permansit,eum
3589 5317 3727 5384 ante

2145 5377 2308 5458 longo
2357 5377 2602 5458 tempore
2647 5383 2881 5458 desertae
2911 5377 3180 5458 fuissent.
3225 5377 3300 5458 μὴ
3364 5379 3549 5458 itaque
3594 5377 3726 5458 sine

2145 5449 2356 5509 civilius
2386 5464 2440 5508 et
2469 5449 2713 5508 indiliciis
2745 5453 2874 5506 urbs
2909 5451 3152 5505 Samaria
3173 5491 3188 5514 ,
3223 5449 3297 5502 ita
3335 5449 3452 5503 sine
3490 5449 3725 5503 nomine

2140 5527 2312 5594 jaeuit
2345 5526 2410 5580 ad
2437 5527 2667 5595 primam
2707 5539 2879 5595 usque
2904 5537 2940 5595 _a
2977 5521 3210 5595 Gabinio
3250 5528 3560 5595 susceptam
3593 5517 3725 5595 ejus

2146 5588 2565 5665 reparationem,
2601 5609 2704 5662 qna
2729 5588 3164 5665 Γαϐινίωνςπόλις
3189 5590 3444 5665 appellari
3477 5588 3722 5665 meruit:

2145 5657 2420 5720 ac'seeutis
2444 5657 2658 5717 demunt
2690 5663 2848 5716 annis
2867 5662 2935 5714 ab
2973 5659 3180 5714 llerodc
3197 5657 3590 5722 ὲᾶξικτισθεῖσα,
3625 5657 3728 5712 Se-

2147 5737 2323 5789 bastes
2345 5739 2394 5804 in
2417 5735 2642 5804 Augusti
2664 5734 2920 5804 honorem
2941 5733 3144 5804 accepit
3170 5731 3607 5804 appellationem.
3637 5727 3720 5782 In.

2217 5805 2326 5876 (7t)
2357 5801 2470 5858 Ἦν
2502 5800 2827 5876 Ὄλιξμπιὰς
2848 5807 3002 5868 μεθ’.
3034 5801 3432 5876 I’lu_ra_eruditc
3462 5800 3726 5856 observat

2145 5876 2199 5930 in
2225 5871 2373 5931 hunc
2402 5876 2578 5930 locum
2615 5872 2849 5940 Goarus,
2885 5888 3044 5945 quem
3075 5871 3260 5927 adisis.
