3966 6520
209 432 264 490 89
1018 427 1186 498 ουιε
1227 423 1640 486 SUPERSUNT
1678 423 1768 481 EX
1808 423 2032 481 LIBRIS
2068 423 2468 482 CllRONOGB.
3331 424 3404 482 90

209 547 465 622 θεραπειῶν
493 549 769 620 σωμάτων,
800 551 893 604 καὶ
929 550 1137 624 ψυχῶν,
1173 552 1268 606 καὶ
1300 551 1409 604 τῶν
1440 551 1536 620 τῆς
1578 549 1697 619 γνώ-

1824 564 2055 619 rumque
2077 547 2414 615 curationes,
2437 545 2845 618 praedicationis
2869 545 3403 616 resurrectionisque

207 660 315 706 σεως
337 641 683 713 ἀποκρύφων,
716 645 1067 710 ἀναστάσεώς
1110 662 1170 698 τε
1218 646 1315 716 τῆς
1361 648 1425 699 ὲκ
1469 645 1719 716 νεκρῶν,

205 733 563 804 αὐταρκέστατα
590 736 702 798 τοῖς
733 733 840 807 πρὸ
863 735 1019 808 ήμῶν
1055 736 1322 808 μαθηταῖς
1362 755 1424 790 τε
1457 737 1552 792 καὶ
1583 738 1720 790 ἀπο-

204 825 532 890 στόλοιςαύτοῦ
571 827 884 900 δεδήλωται.
912 831 1154 884 Καθόλου
1188 831 1278 884 τοῦ
1301 831 1505 902 κόσμου
1533 831 1719 894 σκότος

201 919 402 987 ἐπείγετο
427 919 824 991 φοϐερώτατονο
863 922 1071 993 σεισμῷ
1089 923 1146 976 δὲ
1187 925 1241 977 αἱ
1275 924 1473 996 πέτραι
1502 925 1719 996 διερρή-

199 1028 368 1079 prim,
393 1010 480 1064 καὶ
509 1012 577 1065 τά
608 1012 777 1067 πολλά
811 1014 908 1086 τῆς
949 1014 1228 1079 Ἰουδαίας,
1264 1016 1357 1068 καὶ
1389 1016 1488 1086 τῆς
1524 1015 1717 1084 λοιπῆς

198 1091 274 1172 γῆς
297 1101 596 1174 κατερρίφη.
633 1103 803 1158 Τοῦτο
832 1104 894 1158 τὸ
928 1106 1119 1169 σκότος
1157 1106 1396 1176 ἔκλειψιν
1436 1104 1528 1159 τοῦ
1564 1105 1714 1176 ἡλίου

197 1194 355 1256 Θάλλος
381 1194 638 1248 ἀποκαλεί
663 1199 721 1250 ὲν
752 1196 910 1271 τρίτῃ
950 1197 1060 1250 τῶν
1108 1197 1427 1266 Ἰστοριῶν,
1471 1198 1546 1262 ὡς
1591 1198 1716 1270 ἐμοὶ

195 1288 325 1350 δοκεῖ,
349 1287 565 1356 ἀλόγως.
613 1289 850 1361 Ἑϐραῖοι
883 1291 990 1362 γὰρ
1031 1292 1224 1360 ἄγουσι
1257 1292 1316 1345 τὸ
1348 1293 1543 1363 Πάσχα
1573 1291 1713 1346 κατά

199 1378 377 1450 σελήνην
403 1379 478 1442 ιδ’,
512 1381 619 1451 πρὸ
665 1382 723 1434 δὲ
773 1384 902 1452 μιᾶς
959 1382 1053 1435 τοῦ
1107 1384 1298 1454 Πάσχα
1346 1384 1416 1438 τά
1452 1385 1581 1456 περὶ
1622 1385 1713 1438 τὸν

196 1471 373 1541 Σωτῆρα
401 1471 684 1542 συμϐαίνει
704 1491 717 1503 ·
751 1474 992 1545 ἔκλειψις
1023 1475 1078 1528 δὲ
1109 1476 1262 1547 ήλίου
1299 1475 1527 1548 σελήνης
1551 1476 1713 1530 ὑπελ-

194 1562 344 1635 θούσης
383 1563 468 1617 τὸν
507 1564 660 1635 ἥλιον
718 1565 946 1633 γίνεται.
1015 1567 1297 1621 Ἀδύνατον
1345 1568 1400 1621 δὲ
1451 1570 1510 1622 ὲν
1566 1568 1710 1640 ἄλλῳ

192 1656 340 1725 χρόνῳ,
371 1654 498 1726 πλὴν
528 1657 586 1708 ὲν
619 1656 698 1727 τῷ
734 1657 937 1729 μεταξὺ
967 1661 1096 1730 μιᾶς
1129 1660 1222 1713 καὶ
1253 1660 1350 1731 τῆς
1383 1663 1488 1734 πρὸ
1513 1663 1704 1733 αὐτῆς,

191 1748 293 1801 τιατά
321 1749 405 1819 τὴν
429 1749 644 1803 σύνοδον
672 1751 841 1821 αὐτὴν
869 1751 1166 1823 ἀποϐῆναι·
1198 1753 1315 1817 πῶς
1345 1751 1436 1808 οὗν
1466 1754 1705 1825 ἔκλειψις

189 1841 408 1913 νομισθείη
455 1844 595 1897 κατά
643 1843 930 1916 διάμετρον
976 1847 1160 1917 σχεδὸν
1207 1848 1555 1920 ὑπαρχούσης
1605 1850 1706 1919 τῆς

190 1933 364 2003 σελήνης
385 1933 544 2005 ήλίῳ;
579 1936 760 1989 Ἔστω
789 1937 875 2008 δὴ,
906 1937 1294 2011 συναρπαζέτω
1324 1942 1452 2004 τοὺς
1484 1941 1706 2006 πολλοὺς

187 2027 227 2077 τὸ
268 2029 650 2099 γεγενημένον,
729 2031 823 2084 καὶ
899 2032 960 2084 τὸ
1026 2035 1286 2104 κοσμικδν
1343 2035 1508 2108 τέρας
1554 2036 1703 2108 ἡλίου

186 2116 370 2188 ἔκλειψις
411 2120 742 2175 ὑπονοείσοω
787 2123 846 2176 ἓν
890 2142 940 2177 τι
974 2126 1116 2180 κατά
1147 2125 1243 2198 τὴν
1291 2127 1432 2197 ὄψιν.
1487 2129 1704 2198 Φλέγων

186 2212 336 2284 ἱστορεῖ
361 2214 445 2267 ἐπὶ
476 2214 733 2287 Τιϐερίου
765 2218 1040 2290 Καίσαρος
1077 2221 1134 2272 έν
1177 2222 1496 2294 πανσελήνῳ
1528 2223 1703 2276 ἔκλει-

185 2303 249 2370 ιξιν
272 2303 398 2374 ήλίου
431 2309 713 2375 γεγονέναι
742 2309 952 2364 τελείαν
980 2312 1086 2366 ἀπὸ
1118 2315 1264 2384 ὧρας
1296 2315 1480 2386 ἕκτης,
1510 2317 1704 2388 μέχρις

185 2397 380 2468 ὲννάτηςο
414 2399 566 2471 δῆλον
596 2401 673 2465 ὡς
699 2403 921 2474 ταύτην.
942 2405 1037 2468 Τίς
1063 2405 1107 2458 δ’
1135 2408 1167 2477 ἡ
1189 2409 1440 2462 κοινωνία
1469 2409 1696 2480 σεισμῷ,

186 2488 514 2560 καὶέκλείψει,
549 2494 781 2566 πέτραις
816 2497 1214 2566 ῥηγνυμέναις,
1264 2500 1356 2553 καὶ
1407 2502 1699 2555 ἀναστάσει

184 2581 365 2651 νεκρῶν,
396 2585 632 2656 τοσαύτῃ
672 2603 729 2640 τε
774 2589 986 2660 κινήσει
1027 2595 1296 2664 κοσμικῇ;
1347 2594 1432 2647 Ἐν
1461 2594 1590 2662 γοῦν
1622 2595 1698 2667 τῷ

187 2672 327 2743 μικρῴ
352 2675 518 2747 χρόνῳ
542 2677 789 2731 τοιοῦτόν
817 2697 868 2733 τι
903 2681 1114 2752 συμϐὰν
1157 2685 1216 2736 ού
1263 2685 1693 2756 μνημονεύεται·

183 2759 334 2835 ἀλλ’ήν
363 2767 541 2832 σκότος
576 2769 922 2842 θεοποίητον,
967 2773 1099 2828 διότι
1127 2775 1219 2828 τὸν
1252 2776 1454 2848 Κύριον
1497 2780 1692 2851 συνέϐη

184 2855 346 2909 παθεῖν·
384 2862 472 2914 καὶ
506 2861 670 2931 λόγος
702 2866 850 2936 αἱρεῖ
875 2866 956 2918 ὅτι
998 2867 1368 2939 ἑϐδομήκοντα
1402 2869 1694 2942 ἑϐδομάδες

182 2951 236 3012 εἰς
252 2952 405 3006 τοῦτον
431 2955 814 3027 συναιροῦνται
847 2959 938 3030 τον
969 2961 1160 3031 χρόνον
1193 2963 1251 3015 ὲν
1289 2963 1366 3034 τῷ
1401 2964 1616 3038 Δανιήλ.

1823 659 1853 697 a
1882 642 2116 697 mortuis
2148 642 2430 697 recondita
2457 656 2688 711 quaeque
2713 648 2920 696 secreta
2953 639 3238 710 discipulis
3270 657 3403 712 apo-

1821 737 2087 806 stolisque
2116 735 2266 790 illius
2301 735 2460 790 nobis
2486 735 2895 806 antiquioribus
2917 735 3052 790 satis
3085 734 3395 793 innotuere.

1821 828 2125 884 Horribiles
2159 829 2395 883 tenebrae
2426 828 2543 882 orbi
2581 828 2836 884 universo
2865 828 3201 893 incubuere;
3232 837 3400 898 petra:

1817 933 1981 978 terra:
2011 931 2164 976 motu
2208 922 2474 985 discissae,
2509 921 2776 992 pluraque
2806 937 2902 992 per
2929 920 3174 976 Iudaeam
3214 930 3268 976 et
3314 937 3400 979 re-

1817 1015 2010 1084 giones
2044 1013 2287 1083 reliquas
2319 1012 2538 1068 aedesin
2577 1013 2752 1067 solum
2777 1013 3002 1082 (lejeeta:
3035 1021 3183 1068 sunt.
3220 1012 3396 1068 Tene-

1817 1107 1945 1161 bras
1985 1106 2302 1175 hujusmodi
2338 1105 2470 1161 solis
2503 1105 2774 1160 defectum
2810 1113 2969 1160 vocat
3015 1103 3244 1161 Thallus
3291 1104 3397 1160 Hi-

1815 1202 2106 1256 storiarum
2150 1201 2289 1254 libro
2325 1199 2505 1265 tertio,
2541 1209 2596 1254 et
2629 1213 2716 1254 me
2747 1199 2969 1268 quidem
2998 1199 3204 1267 judice,
3239 1200 3392 1255 nullo

1816 1292 2197 1347 fundamento.
2246 1289 2456 1346 Hebraei
2498 1291 2699 1362 quippe
2731 1291 2860 1346 luna
2894 1292 2960 1346 Μ
2995 1290 3205 1346 Pascha
3251 1293 3390 1348 cele-

1813 1385 1993 1440 brant.
2019 1387 2090 1438 At
2129 1393 2276 1439 certe
2308 1383 2631 1440 Pascltalem
2684 1385 3090 1440 solemnitatem
3125 1386 3212 1439 die
3253 1401 3391 1455 prae-

1811 1485 1974 1529 eunte
2000 1491 2123 1544 quae
2155 1477 2467 1544 passionem
2503 1485 2753 1545 spectant
2781 1492 2810 1530 a
2849 1475 3129 1531 Salvatore
3161 1477 3389 1532 tolerata

1811 1569 2016 1624 fuere:
2076 1569 2210 1625 solis
2270 1586 2402 1624 vero
2458 1569 2704 1625 defectus
2758 1571 2978 1625 nonnisi
3034 1571 3163 1624 luna
3217 1571 3386 1625 solem

1811 1661 2080 1716 subeunte
2112 1662 2374 1718 cernitur.
2410 1661 2611 1717 Verum
2669 1679 2791 1717 cum
2820 1679 2921 1716 non
2969 1663 3078 1717 alio
3128 1664 3387 1733 temporis

1811 1765 2090 1810 momento
2123 1766 2490 1825 praeterquam
2520 1773 2586 1810 eo
2617 1755 2762 1825 quod
2815 1756 2957 1810 luna:
2999 1757 3199 1811 veteris
3239 1757 3383 1812 diem

1811 1849 2066 1904 ultimum
2114 1860 2168 1904 et
2199 1851 2526 1906 renovanda:
2574 1851 2810 1920 primum
2847 1851 3133 1922 contingit,
3174 1853 3227 1906 in
3265 1852 3386 1922 ipso

1737 1927 1780 1982 Β
1811 1941 2069 1994 nimirum
2105 1943 2393 2012 utriusque
2429 1943 2625 1998 sideris
2665 1959 2964 2014 congressu
3006 1945 3250 2014 eclipsim
3297 1947 3384 1998 in-

1808 2050 2002 2105 gruere
2031 2035 2418 2101 observemus;
2443 2050 2550 2102 qua
2585 2034 2794 2089 ratione
2822 2034 3133 2089 censebitur
3163 2035 3384 2103 eclipsis

1807 2129 1923 2183 sole
1970 2127 2277 2197 oppositam
2327 2127 2469 2180 lunae
2516 2127 2639 2181 coeli
2683 2135 2894 2195 partem
2948 2125 3206 2180 tenente?
3252 2125 3384 2181 Esto

1806 2230 2012 2274 tamen.
2050 2218 2246 2288 Rapiat
2274 2227 2397 2288 post
2428 2233 2487 2272 se
2521 2235 2658 2287 quos
2687 2219 2852 2284 volet,
2889 2229 2944 2272 et
2973 2218 3117 2272 inter
3143 2218 3249 2272 alia
3283 2217 3381 2273 toti

1804 2312 1926 2365 orbi
1951 2310 2243 2365 manifesta
2282 2326 2450 2364 unum
2488 2310 2592 2365 hoc
2629 2310 2762 2365 solis
2792 2310 3096 2365 deﬁcientis
3139 2325 3205 2364 ex
3243 2324 3381 2364 oeu-

1802 2407 1979 2460 lorum
2007 2403 2212 2474 judicio
2242 2412 2551 2473 portentum
2584 2411 2918 2457 numeretur.
2951 2401 3094 2456 Sane
3119 2402 3246 2456 luna
3269 2412 3382 2457 toto

1802 2499 1934 2554 orbe
1963 2497 2206 2551 radiante
2235 2497 2303 2550 ab
2336 2497 2468 2551 hora
2503 2496 2610 2550 diei
2658 2495 2692 2550 6
2720 2495 2785 2550 ad
2827 2495 2859 2550 9
2898 2510 3072 2564 usque
3108 2495 3377 2564 integram

1802 2593 1934 2648 solis
1955 2590 2200 2660 eclipsim
2237 2589 2456 2644 Tiberio
2488 2588 2704 2643 Caesare
2749 2589 3052 2657 imperante
3083 2587 3381 2658 contigisse

1801 2695 1991 2740 narrat
2014 2684 2256 2754 Phlegon
2295 2702 2308 2737 :
2345 2698 2466 2737 eam
2500 2683 2688 2752 utique
2730 2681 2797 2736 de
2830 2697 2939 2750 qua
2982 2681 3143 2736 nobis
3174 2695 3376 2734 sermo.

1799 2780 2003 2836 Verum
2036 2779 2316 2834 enimvero
2349 2792 2470 2847 qua:
2495 2785 2646 2831 tanta
2697 2784 2780 2830 est
2809 2791 2932 2830 cum
2959 2783 3117 2829 terrae
3144 2783 3295 2828 motu
3326 2782 3380 2828 et

1800 2871 2012 2941 eclipsi,
2039 2869 2274 2939 diruptis
2297 2867 2468 2930 saxis,
2509 2874 2564 2920 et
2594 2865 2979 2920 resurrectioni
3010 2874 3373 2926 mortuorum,

1802 2972 2074 3032 tantaeque
2118 2971 2493 3014 creaturarum
2542 2956 2788 3010 omnium
2844 2954 3238 3024 perturbationi
3288 2969 3380 3008 so-

182 3045 502 3105 cietas?Certe
530 3053 696 3123 longa
722 3064 870 3110 retro
908 3072 1178 3112 annorum
1210 3060 1352 3114 srrie
1393 3061 1568 3116 simile
1609 3061 1737 3131 quid
1764 3060 1912 3116 nulla
1947 3057 2254 3128 reperimus
2323 3053 2594 3109 accidisse
2644 3051 2931 3107 memoria.
2975 3050 3145 3104 Erant
3194 3051 3378 3120 itaque

182 3155 328 3198 norum
357 3144 443 3201 Dei
464 3164 610 3218 opus
645 3149 751 3204 illa:
785 3152 1042 3218 tenebrae,
1103 3155 1222 3224 ipso
1251 3157 1435 3210 mundi
1476 3156 1709 3212 Domino
1750 3157 1990 3228 patiente
2039 3161 2262 3208 exortae.
2339 3147 2692 3218 Septuaginta
2760 3161 2888 3200 vero
2936 3144 3307 3198 ltebalomades
3341 3158 3374 3198 a
3424 3196 3440 3215 ο

182 3229 345 3292 Daniele
373 3252 704 3299 memoratas
754 3244 856 3300 hoc
908 3256 1150 3316 tempore
1206 3250 1560 3319 complendas
1586 3291 1600 3316 ,
1639 3258 1695 3307 et
1719 3251 2017 3306 terminum
2042 3245 2288 3316 attigisse
2319 3243 2458 3297 ratio
2490 3238 2786 3325 convincit.

225 3374 280 3432 Β.
316 3379 432 3434 Ἀπὸ
477 3384 534 3436 δὲ
582 3384 944 3458 Ἀρταξέρξου
979 3389 1349 3462 ἐϐδομήκοντα
1397 3392 1690 3463 ὲΰδομάδες
1717 3400 1758 3457 C

179 3465 232 3528 εἰς
259 3469 330 3521 τὸν
355 3473 448 3527 ἐπὶ
472 3475 718 3546 Χριστοῦ
749 3479 1120 3534 συντελούνται
1160 3483 1348 3554 χρόνον
1381 3484 1524 3538 κατά
1563 3487 1689 3550 τοὺς

187 3557 394 3617 Ἰουδαίων
428 3567 716 3639 ἀριθμούς.
757 3570 890 3624 Ἀπὸ
915 3573 1024 3644 γὰρ
1049 3574 1303 3645 Νεεμίου,
1337 3576 1394 3638 ὃς
1426 3577 1518 3629 ὑπ’
1563 3578 1689 3649 ’Λρ-

179 3650 370 3726 τιξέρξου
391 3660 484 3732 τὴν
526 3662 885 3736 Ἰερουσαλὴμ
926 3668 1163 3739 οἰκήσων
1197 3669 1474 3742 ἐπέμφθη,
1504 3671 1598 3724 ἐπὶ
1629 3671 1690 3724 τὸ

180 3747 358 3802 εἰκοστὸν
378 3753 464 3805 καί
491 3755 791 3810 ἑκατοστὸν
817 3759 915 3830 τῆς
943 3760 1167 3830 Περσῶν
1198 3762 1493 3832 βασιλείας,
1520 3763 1687 3818 αὑτοῦ

180 3833 206 3884 ε
235 3837 541 3915 Ἀρταξέρξου
584 3854 635 3900 κ’
663 3847 792 3914 ἔτει,
833 3850 1191 3922 Ὀλυμπιάδος
1233 3861 1321 3924 τογ’
1360 3855 1468 3909 ἔτει
1507 3856 1569 3922 δ’,
1596 3859 1688 3911 ἐπὶ

179 3929 324 3984 τούτων
351 3936 447 3989 τῶν
478 3940 717 4013 χρόνων,
741 3941 798 4004 ὃς
821 3937 888 4013 ἦν
905 3943 1264 4015 Ὀλυμπιάδος
1295 3945 1392 4015 σβ’,
1425 3947 1540 4013 έτος
1565 3949 1687 4002 δεύ-

180 4033 304 4089 τεμν,
342 4029 581 4102 Τιϐερίου
631 4032 686 4085 δὲ
745 4035 1022 4107 Καίσαρος
1073 4039 1368 4109 ἡγεμονίας
1424 4040 1540 4104 ἔτος
1590 4049 1684 4106 ις’,

179 4110 254 4165 ἱτει
278 4118 410 4190 (η’),
438 4126 873 4193 συνάγεταιυοε’,
894 4128 1037 4202 ἅπερ
1073 4130 1338 4203 Ἑϐραϊκὰ
1372 4137 1454 4200 υἷι(
1477 4133 1570 4204 ἕτη
1603 4136 1687 4200 Υί’

179 4221 297 4271 νεῖαι.
312 4216 433 4270 κατά
447 4218 534 4270 τὸν
555 4218 860 4290 σεληνιαῖον
877 4222 1021 4292 μῆνα
1036 4224 1161 4287 τοὺς
1177 4227 1453 4290 ἐνιαυτοὺς
1467 4227 1687 4281 ἐκείνων

179 4299 605 4392 ἐξαριθμουμένων,
644 4313 721 4376 ὡς
762 4316 879 4367 ἐστὶ
918 4316 1206 4388 πρόχειρον
1237 4319 1429 4382 εἰπεῖν,
1463 4320 1686 4392 ἡμερῶν

180 4391 347 4456 “Gul.
372 4403 645 4473 ήμισείας.
683 4407 776 4458 τοῦ
824 4407 1087 4461 κυκλικοῦ
1136 4410 1384 4463 ἐνιαυτοῦ
1428 4411 1521 4464 τοῦ
1563 4412 1684 4465 καθ’

177 4481 614 4584 ᾗλιονύπάρχοντος
648 4497 868 4567 ἡμερῶν
901 4497 1028 4562 eis},
1065 4499 1126 4562 δ’,
1154 4501 1294 4554 κατά
1328 4501 1557 4574 σελήνην
1585 4503 1686 4556 δω-

179 4579 408 4652 ᾰεκάμηνον
457 4588 866 4659 παραλλάσσειν
918 4592 1130 4663 ἡμέρας
1186 4600 1276 4657 ια’,
1321 4595 1416 4648 καὶ
1475 4595 1537 4648 δ’·
1598 4595 1685 4650 διὰ

176 4670 284 4759 τοῦτο
303 4679 384 4730 καὶ
418 4682 680 4753 ’Έλληνες
713 4684 804 4736 καὶ
846 4684 1083 4739 Ἰουδαῖοι
1116 4691 1265 4757 τρεῖς
1309 4689 1484 4758 μῆνας
1516 4688 1682 4759 ἐμϐο-

1864 3391 1928 3446 Il.
1958 3389 2042 3444 Ab
2077 3384 2396 3442 Artaxerxis
2418 3391 2596 3438 autem
2625 3381 2853 3452 imperio
2874 3379 2941 3435 ad
2965 3389 3177 3435 aetatem
3201 3393 3375 3448 usque

1794 3482 1999 3538 Christi
2055 3495 2123 3535 ex
2177 3478 2531 3532 Hebraeorum
2581 3484 2838 3544 computo
2877 3474 3215 3544 septuaginta
3267 3488 3372 3526 nu-

1795 3583 2080 3629 merantur
2131 3569 2522 3626 liebdomades.
2555 3567 2598 3621 Α
2651 3565 2870 3621 Neemia
2905 3567 3105 3637 quippe
3142 3565 3234 3635 qui
3271 3564 3374 3619 sub

1791 3665 2093 3720 Artaxerxe
2148 3661 2452 3718 Jerusalem
2515 3659 2632 3714 suis
2694 3659 2892 3714 incolis
2961 3660 3373 3712 instauraturns

1791 3759 1937 3812 circa
1971 3756 2183 3827 imperii
2236 3754 2530 3809 Persarum
2579 3768 2787 3806 annum
2836 3750 3156 3804 vicesimum
3207 3763 3373 3818 supra

1790 3851 2176 3913 centesimum,
2230 3849 2407 3918 ipsius
2454 3845 2706 3900 videlicet
2750 3843 3068 3897 Artaxerxis
3088 3841 3181 3906 20,
3217 3851 3272 3895 et
3303 3841 3372 3894 ab

1789 3945 2131 4016 Olympiadis
2170 3957 2378 3997 Lxxxtu
2429 3957 2575 3996 anno
2605 3939 2638 3992 4
2663 3981 2675 4004 ,
2711 3939 2776 3993 ad
2813 3939 2914 3993 hoc
2945 3953 3118 4006 usque
3157 3944 3371 4004 tempus

1787 4047 1841 4092 et
1871 4035 2203 4106 Olympiadis
2235 4049 2339 4089 ccn
2371 4049 2574 4087 annum
2627 4032 2682 4095 2,
2713 4030 2916 4084 Tiberii
2961 4043 3089 4083 vero
3138 4026 3371 4082 Caesaris

1788 4145 1994 4184 annum
2023 4127 2110 4191 16,
2138 4127 2229 4182 alii
2253 4126 2380 4182 anni
2411 4125 2516 4180 475
2567 4133 2826 4194 putantur
2853 4142 2865 4177 :
2895 4121 2988 4191 qui
3017 4120 3367 4175 Hebraeorum

1788 4223 1950 4278 annis
1969 4222 2096 4283 490.
2129 4220 2236 4275 illis
2261 4220 2521 4274 nimirum
2572 4234 2746 4272 annos
2776 4217 3058 4272 lunaribus
3087 4213 3370 4268 mensibus

1786 4315 1998 4370 dierum
2030 4314 2122 4377 29,
2151 4329 2274 4368 cum
2301 4312 2480 4366 medio
2507 4311 2793 4374 conﬂatos,
2827 4310 2970 4379 quod
2994 4308 3370 4363 demonstrare

1786 4407 1948 4462 facile
1995 4414 2120 4470 est,
2182 4403 2634 4466 recensentibus,
2704 4409 3061 4471 coaequantur
3107 4419 3120 4454 :
3172 4397 3368 4453 solaris

1785 4502 1988 4572 quippe
2029 4499 2155 4554 anni
2191 4496 2452 4569 periodus
2497 4496 2693 4550 diebus
2744 4495 2850 4550 565
2884 4510 3007 4549 eum
3045 4491 3368 4564 quadrantis

1786 4590 2086 4661 appendiee
2129 4588 2452 4654 conficitur;
2496 4586 2707 4642 lunaris
2758 4595 2938 4639 autem
2981 4584 3263 4639 mensibus
3299 4582 3370 4636 li-

1786 4690 1872 4736 cet
1903 4682 1968 4734 1‘2.
1994 4682 2325 4751 composita,
2354 4681 2550 4736 diebus
2576 4680 2638 4734 ll
2703 4689 2758 4734 et
2805 4677 3108 4748 quadrante
3153 4677 3368 4731 variare

177 4756 309 4828 λίμονς
343 4768 502 4825 ἔτεσιν
550 4781 602 4844 η’
663 4756 1180 4846 παρεμϐάλλουσιν·
1220 4756 1442 4844 ὀκτάκις
1476 4756 1584 4852 γὰρ
1616 4783 1684 4834 τὰ

1800 4774 2244 4842 leprebenditur;
2274 4789 2396 4844 quae
2435 4788 2600 4828 causa
2630 4779 2714 4826 est
2745 4780 2802 4824 ut
2846 4785 3062 4824 menses
3086 4779 3199 4824 tres
3231 4768 3366 4822 insi-

176 4860 220 4902 ια’
258 4859 332 4910 καὶ
359 4864 607 4934 τέταρτον
640 4870 786 4920 ποιεῖ
813 4868 1093 4940 τρίμηνον.
1121 4869 1200 4922 Τά
1223 4870 1399 4924 τοίνυν
1433 4869 1534 4924 υοε¹
1589 4871 1684 4940 ἐτη

174 4951 379 5004 ωιταετίαι
408 4957 500 5024 μὲν
531 4958 775 5024 γίνονται
807 4960 904 5024 νϐ’,
934 4961 1027 5014 καὶ
1075 4963 1241 5032 μῆνες
1273 4967 1442 5034 τρεῖς,
1470 4964 1544 5027 ὡς
1569 4982 1686 5036 τρι-

177 5038 295 5107 μῆνθυ
325 5047 603 5122 ἐμϐολίμου
661 5055 728 5122 τῇ
777 5053 1033 5123 ὀκταετίᾳ
1083 5057 1527 5126 προσγινομένου,
1590 5057 1682 5128 ἔτη

179 5133 393 5201 mirata:
438 5150 514 5206 ιε’,
574 5143 750 5197 ταῦτά
797 5162 855 5196 τε
901 5145 1034 5216 πρὸς
1076 5149 1189 5209 τοῖς
1239 5155 1340 5199 υοε⁰
1402 5147 1598 5211 ἔτεσιν,
1643 5155 1683 5200 ο¹

178 5218 412 5295 έίδομάδες.
456 5236 545 5306 Μὴ
577 5236 642 5307 δή
673 5253 757 5298 τις
784 5238 933 5306 ἡμᾶς
976 5239 1094 5290 κατ’
1131 5238 1492 5309 ἀστρονομίαν
1527 5239 1682 5310 ἀριθ-

277 5322 507 5396 ὰπείρους
551 5325 691 5382 εἶναι
721 5330 1007 5399 νομιζέτω,
1039 5329 1144 5395 τξε¹
1199 5331 1425 5402 ἡμερῶν
1465 5332 1556 5385 καὶ
1587 5350 1680 5385 τε-

176 5406 310 5478 τάρτου
337 5420 512 5490 μορίου
546 5422 943 5494 προτεταχέναι
975 5423 1165 5493 αὐτήν.
1195 5423 1328 5474 Οὐδὲ
1353 5423 1460 5494 γάρ
1486 5423 1679 5494 ἀγνοίᾳ

177 5501 237 5552 τοῦ
259 5506 474 5579 ἀληθοῦς,
501 5513 592 5567 διὰ
615 5514 672 5568 δὲ
702 5515 800 5583 τὴν
841 5514 1191 5584 λεπτολογίαν
1222 5514 1282 5568 τὸ
1311 5513 1677 5585 ψηφιζόμενον

178 5599 477 5672 τινετέμομεν.
511 5607 641 5670 Τοῖς
685 5607 742 5658 δὲ
792 5608 878 5659 ἐπ’
913 5606 1138 5678 ἀκριϐὲς
1177 5607 1354 5660 πάντα
1399 5608 1675 5678 πειρωμέ-

178 5694 251 5745 νους
273 5689 531 5760 ἐξετάζειν,
568 5701 663 5753 καὶ
695 5699 840 5752 τοῦθ’
872 5699 948 5761 ὡς
982 5702 1038 5752 ἐν
1073 5703 1257 5770 γραφῇ
1294 5699 1674 5768 παρακείσθω.

1789 4866 1938 4920 titios
1965 4865 2125 4920 annis
2165 4874 2289 4921 octo
2315 4865 2549 4920 evolutis
2589 4862 2762 4918 Graeci
2807 4861 3092 4931 Judaeique
3125 4862 3367 4930 interpo-

1787 4969 1958 5013 nant:
1995 4968 2120 5013 octo
2152 4958 2420 5028 siquidem
2443 4959 2564 5027 'per
2600 4954 2848 5010 undecim
2885 4968 3007 5007 cum
3062 4954 3366 5024 quadrante

1786 5048 1948 5103 ducta
2019 5050 2258 5120 spatium
2318 5051 2591 5104 trimestre
2653 5059 3012 5119 componunt.
3067 5047 3209 5102 Anni
3265 5046 3365 5100 ita-

1786 5161 1893 5214 que
1928 5145 2036 5200 475
2064 5163 2159 5216 per
2186 5146 2440 5201 octennia
2459 5147 2527 5200 59
2553 5155 2606 5199 et
2635 5161 2854 5200 menses
2876 5154 2987 5199 tres
3001 5143 3321 5198 dividuntur
3347 5163 3362 5197 :

1785 5255 1851 5292 ex
1890 5239 2265 5294 trimestribus
2295 5240 2476 5307 itaque
2513 5239 2812 5307 unicuique
2842 5234 3161 5293 octoeteridi
3197 5235 3367 5300 inter-

1789 5330 1982 5386 calatis
2011 5332 2138 5386 anni
2169 5331 2486 5400 quindecim
2551 5332 2906 5400 colliguntur,
2953 5344 3094 5398 quos
3123 5327 3184 5382 si
3203 5326 3368 5384 anuis

1786 5421 1891 5476 475
1919 5421 2194 5476 addideris
2216 5463 2232 5485 ,
2269 5422 2436 5477 dubio
2474 5425 2666 5492 procul
2707 5421 3077 5478 hebdomades
3109 5419 3176 5472 70
3210 5417 3367 5473 colli-

1785 5531 1900 5581 ges.
1936 5513 2109 5569 Nemo
2145 5515 2329 5585 itaque
2379 5532 2479 5571 nos
2525 5532 2624 5572 ceu
2678 5513 2965 5585 praeceptis
3011 5512 3366 5567 astronomia:

1785 5624 1974 5678 parum
2015 5608 2256 5662 imbutos
2299 5619 2532 5680 arguat,
2558 5609 2651 5676 qui
2687 5623 2895 5661 annum
2933 5605 3126 5661 diebus
3176 5603 3282 5658 565
3311 5609 3368 5658 et

1785 5701 2090 5770 quadrante
2138 5701 2391 5772 componi
2425 5701 2537 5771 jam
2592 5699 2922 5763 statuimus;
2974 5713 3084 5753 non
3116 5712 3182 5751 ex
3218 5695 3362 5749 veri-

179 5777 264 5832 ¹²¹Ῐδ
312 5787 492 5860 qnippe
547 5793 806 5860 inscitia,
874 5795 1124 5868 quinimo
1182 5797 1484 5866 exquisitas
1545 5796 1727 5866 potius
1788 5797 2139 5852 astronomia:
2194 5798 2457 5853 minutias
2521 5797 2751 5864 sectati,
2813 5796 3037 5850 relatam
3089 5805 3361 5859 summam

225 5941 322 6019 (η’)
353 5952 501 6016 Forte
527 5960 628 6034 leg.
658 5961 776 6035 ἔτη,
803 5963 908 6032 vel,
937 5963 1120 6035 ἕτερα,
1153 5963 1529 6022 subintellecto
1560 5963 1675 6036 ἔτη.

1800 5974 1970 6023 terum
2000 5944 2108 6023 non
2143 5983 2315 6040 purus
2343 5966 2556 6025 videtur
2587 5965 2762 6024 locus.
2796 5963 2952 6022 Em'r.
2974 5962 3217 6019 Panos.
