3966 6508
530 385 594 441 91
1808 379 2043 436 IULIUS
2087 378 2492 438 AFRICANUS.
3707 385 3775 440 92

532 498 584 550 in
643 499 786 551 hunc
839 496 1060 551 modum
1114 494 1467 550 subduximus
1509 511 1521 546 :
1562 493 1953 551 accuratiorem
2009 511 2138 551 vero
2187 497 2427 551 omnium
2483 497 2729 552 notitiam
2779 497 3034 569 consequi
3071 495 3317 568 cupidis,
3355 496 3498 567 quod
3537 499 3779 567 sequitur

529 595 692 652 etiam
732 605 988 665 tanquam
1027 595 1083 649 in
1125 593 1306 648 tabula
1344 599 1785 663 rcpmsentetur.

591 711 681 768 Ill.
723 715 1008 770 Annorum
1043 719 1427 788 unusquisque
1475 718 1688 773 dierum
1741 720 1966 774 omnino
2004 720 2104 776 565

2283 717 2357 770 Γ’.
2396 715 2468 770 Τὸ
2509 715 2606 787 μὲν
2645 715 2766 780 ἔτος
2815 711 3018 769 ὲπίπαν
3051 711 3160 783 (79.)
3195 711 3426 764 ἕκαστον
3458 708 3607 762 ἐστὶν
3655 709 3792 779 ἠμε-

520 821 810 860 rumerum
840 808 1118 881 intercipit
1146 829 1158 864 :
1197 809 1303 864 diei
1335 826 1464 865 vero
1497 821 1551 866 et
1595 812 1772 866 noctis
1804 813 1981 882 spatio
2015 828 2110 882 per

520 895 1012 955 decemnovennale
1045 901 1366 965 distributo,
1397 903 1706 972 quinariam
1746 903 1864 972 ejus
1903 913 2108 972 partem

519 987 856 1044 dividentem
886 1006 1009 1045 esse
1054 993 1411 1061 percipimus.
1438 991 1664 1047 Interim
1701 1009 1832 1048 vero
1858 1009 1981 1048 cum
2012 1009 2109 1046 an-

524 1095 650 1133 num
679 1081 873 1138 diebus
900 1083 1027 1149 565,
1053 1093 1106 1138 et
1151 1086 1454 1151 quadrante
1479 1087 1771 1155 componi,
1817 1094 1872 1140 et
1900 1101 1967 1140 ex
2015 1085 2109 1139 de-

521 1175 976 1229 cemnovennalis
1007 1177 1310 1245 quatientis
1345 1176 1593 1245 partibus
1622 1177 2104 1246 quinque..........

519 1274 645 1334 post
672 1281 849 1344 annos
883 1268 1014 1333 475,
1047 1269 1164 1323 dies
1195 1285 1289 1323 sex
1332 1285 1456 1323 cum
1508 1269 1810 1338 quadrante
1853 1286 1920 1324 ex
1949 1285 2107 1339 aequo

519 1358 922 1426 respondentes
972 1370 1278 1430 emergunt.
1328 1359 1555 1430 Insuper
1588 1377 1714 1416 vero
1742 1377 1988 1417 mensem
2019 1362 2104 1416 lu-

521 1467 712 1504 narem
741 1452 857 1506 dies
889 1453 958 1508 29
980 1463 1034 1507 et
1064 1454 1303 1508 medium
1339 1455 1405 1508 ad
1441 1457 1766 1511 numerandi
1793 1442 2132 1526 exquisitio—l

520 1555 632 1593 rem
663 1543 909 1610 peritiam
931 1544 1209 1600 includere
1225 1546 1555 1616 reperimus,
1591 1547 1811 1618 dicique
1833 1563 1899 1604 ac
1927 1548 2104 1604 noctis

520 1632 809 1690 intervallo
859 1637 913 1690 in
949 1646 1134 1706 partes
1185 1637 1293 1694 215
1339 1641 1634 1695 distributo
1659 1641 1854 1696 barum
1885 1641 1945 1695 71
1977 1657 2102 1697 cum

522 1726 840 1782 media......
871 1745 992 1798 quae
1026 1730 1380 1800 nonagesima
1443 1740 1638 1802 quarta
1678 1733 1780 1787 tria
1807 1732 2106 1789 coniiciunt

521 1814 811 1874 habemus.
841 1820 906 1874 Et
935 1821 1050 1875 haec
1071 1822 1221 1878 brevi
1249 1825 1509 1893 temporis
1537 1825 1715 1894 spatio
1749 1826 2099 1896 colliguntur.

521 1909 606 1963 Ab
632 1911 951 1968 Artaxerxis
985 1924 1170 1969 autem
1203 1917 1416 1987 imperii
1467 1934 1614 1972 anno
1639 1919 1904 1988 vigesimo
1925 1918 2104 1990 (cujus

520 2001 724 2061 l‘sdras
748 2006 988 2065 liebrazis
1016 2011 1268 2068 laudatus
1301 2022 1496 2068 auctor
1519 2013 1674 2068 testis
1696 2014 1801 2084 est)
1833 2014 1927 2084 qui
1953 2013 2103 2069 Grie-

2217 810 2323 882 ρῶν
2349 808 2480 874 τξε’,
2513 807 2606 862 καὶ
2633 808 2849 879 ἡμέρας
2881 806 2973 860 καὶ
3008 804 3200 867 νυκτὸς
3247 804 3328 866 είς
3379 800 3794 855 ἐννεακαιδέκα-

2209 919 2302 956 τον
2330 901 2712 974 διαιρεθείσης,
2743 901 2883 972 μέρη
2907 898 3113 952 τούτων
3134 896 3204 950 τά
3223 895 3386 950 πέντε
3414 896 3546 967 (75).
3570 893 3790 959 Μεταξὺ

2209 995 2265 1048 δὲ
2297 995 2390 1048 τοῦ
2421 995 2598 1064 λέγειν
2624 994 2716 1046 τὸν
2765 991 3010 1047 ἐνιαυτὸν
3040 990 3261 1063 ἡμερῶν
3298 987 3426 1054 τξέ,
3459 986 3554 1040 καὶ
3594 1001 3793 1057 τετρα-

2215 1087 2424 1158 μορίου,
2469 1088 2564 1140 καὶ
2609 1086 2719 1139 τῶν
2769 1085 2878 1139 ἀπὸ
2926 1083 3010 1148 ιϐ’,
3058 1083 3159 1154 τῆς
3214 1079 3558 1152 νυχθημέρου
3611 1077 3792 1149 μερῶν

2211 1187 2272 1232 ε’.
2295 1221 2308 1232 .
2330 1219 2342 1232 .
2367 1218 2378 1233 .
2401 1221 2416 1234 .
2449 1181 2532 1243 εἰς
2563 1179 2629 1233 τὰ
2671 1185 2795 1242 υοε’,
2832 1176 3034 1249 ἡμέραι
3063 1175 3126 1228 τὸ
3171 1172 3513 1244 παράλληλον
3556 1169 3664 1223 εἰσὶ
3714 1176 3790 1234 ς’,

2210 1274 2305 1326 καὶ
2333 1273 2708 1345 τετραμόριον.
2744 1272 2865 1324 Ἔτι
2903 1287 2966 1338 γε
3000 1268 3105 1340 μὴν
3135 1268 3226 1321 τὸν
3263 1267 3362 1338 τῆς
3391 1265 3620 1336 σελήνης
3648 1262 3794 1334 μῆνα

2209 1366 2348 1420 κατὰ
2392 1365 2491 1437 τὴν
2532 1364 2733 1435 ἀκριϐῆ
2781 1361 3134 1430 λεπτολογίαν
3169 1360 3500 1430 εὑρίσκομεν
3544 1355 3650 1421 κθ’,
3697 1355 3793 1409 καὶ

2207 1459 2463 1530 ἡμισείας
2510 1457 2723 1528 ἡμέρας
2757 1455 2850 1509 καὶ
2888 1454 3085 1517 νυκτὸς
3117 1451 3479 1522 διαιρεθείσης
3524 1449 3605 1512 είς
3649 1448 3792 1520 μέρη

2211 1549 2304 1614 σε’,
2347 1549 2550 1602 τούτων
2580 1547 2647 1601 τά
2675 1554 2737 1608 ο’,
2776 1546 2868 1599 καὶ
2893 1548 3086 1617 ἥμισυ.
3115 1584 3130 1598 .
3157 1584 3171 1598 .
3194 1583 3206 1596 .
3230 1582 3243 1597 .
3276 1541 3312 1596 ἃ.
3344 1541 3547 1611 γίνεται
3577 1542 3794 1608 ὲννενη-

2208 1639 2605 1710 κοστοτέταρτα
2635 1636 2746 1706 (74)
2780 1635 2924 1708 τρία.
2955 1634 3066 1688 Καὶ
3097 1631 3270 1686 ταῦτα
3299 1631 3428 1699 περ).
3454 1628 3638 1696 ὀλίγον
3667 1625 3794 1698 χρόα

2208 1751 2295 1788 νον
2329 1731 2696 1801 καταγίνεται.
2743 1729 3035 1800 Συμὸαίνει
3065 1728 3122 1780 δὲ
3155 1725 3262 1779 τῶν
3291 1725 3400 1780 άπὸ
3427 1720 3792 1793 Ἀρταξέρξου

2210 1826 2485 1900 βασιλείας
2513 1824 2666 1887 έτους
2689 1830 2734 1877 κ’
2783 1822 2878 1892 (ὡς
2909 1824 2966 1875 ἐν
3000 1819 3078 1890 τῷ
3112 1819 3317 1889 Ἔσδρα
3349 1816 3480 1888 παρ’
3518 1813 3796 1884 Ἑϐραίοις

2208 1920 2344 1990 ὅπερ
2392 1917 2514 1971 καθ’
2575 1915 2841 1985 ’Έλληνας
2889 1909 2958 1986 ἦν
3016 1910 3375 1984 Ὀλυμπιάδος
3425 1905 3795 1978 δίδοηκοστῆς

2207 2011 2466 2081 τέταρτον
2511 2008 2649 2071 ἔτος,
2704 2007 2894 2078 μέχρις
2935 2005 3094 2060 ἓκτου
3143 2003 3234 2057 κατ⁹
3265 2002 3491 2056 δεκάτου
3538 1999 3581 2051 Τ
3587 1996 3797 2070 ιϐερίου

527 2099 737 2152 υιιιιίοίιι
775 2098 1112 2172 Olympiadis
1139 2121 1341 2158 Lxxxw
1372 2113 1605 2174 quartus
1636 2105 1770 2167 fuit,
1813 2107 1878 2160 ad
1905 2105 2104 2161 Tiberii

2212 2097 2508 2168 Καίσαρος,
2549 2097 2686 2166 ὅπερ
2718 2090 2785 2166 ἦν
2827 2091 3184 2164 Ὀλυμπιάδος
3218 2087 3293 2162 σβ¹
3361 2091 3478 2154 έτος
3519 2087 3795 2180 δεύτερον,

520 2189 757 2247 Caesaris
787 2209 991 2248 annum
1024 2195 1298 2250 decimum
1343 2206 1558 2252 sextum
1583 2237 1596 2261 ,
1632 2197 1728 2266 qui
1767 2194 2102 2268 Olympiadis

451 2291 453 2293 ’
517 2298 624 2338 ccu
660 2300 805 2339 anno
832 2285 866 2339 4
909 2272 1140 2357 (aqualis
1165 2298 1284 2356 est;
1329 2305 1505 2342 annos
1534 2287 1782 2344 Iulianos
1809 2289 1913 2344 475
1940 2304 2104 2358 supra

518 2385 872 2441 memoratos,
901 2378 996 2448 qui
1029 2378 1286 2435 Hebraeos
1315 2379 1421 2434 490
1441 2380 1598 2450 juxta
1643 2380 1925 2449 prmmissa
1953 2395 2107 2434 com-

517 2478 752 2538 ponunt,
785 2483 1182 2539 numerantur,
1218 2473 1272 2528 id
1311 2481 1397 2527 est
1449 2473 1818 2528 hebdomades
1857 2473 1946 2540 70,
1983 2484 2109 2543 post

517 2577 659 2630 quas
687 2560 897 2616 Christi
949 2563 1219 2618 adventus
1249 2578 1280 2616 a
1327 2562 1581 2618 Gabriele
1610 2563 1798 2618 Daniel
1847 2579 2105 2634 praenun-

517 2651 686 2706 tiatus
743 2659 850 2706 est.
896 2649 1148 2706 H‘ebraici
1171 2667 1301 2706 vero
1347 2652 1476 2706 anni
1526 2651 1836 2722 quindecim
1868 2652 1989 2707 aliis
2011 2652 2108 2706 ad-

516 2741 676 2809 jecti,
704 2757 975 2798 annorum
1006 2744 1198 2798 saltem
1234 2743 1297 2798 10
1335 2759 1577 2799 errorem
1624 2744 1750 2798 licet
1781 2744 2101 2798 nonnemini

519 2834 810 2890 videantur
841 2836 1133 2903 invehere,
1163 2847 1308 2892 certe
1343 2837 1569 2891 dubium
1624 2836 1731 2891 hoc
1765 2836 1817 2890 in
1861 2836 2100 2890 medium

518 2928 659 2982 nihil
711 2929 935 2984 absurdi
990 2929 1234 3000 proferre
1304 2929 1563 2984 indubius
1617 2945 1762 2984 sum.
1813 2929 1884 2983 At
1937 2943 2103 2998 quam

518 3021 805 3076 commode
855 3023 1157 3077 liebdomas
1208 3037 1316 3077 una
1381 3032 1436 3077 et
1484 3023 1652 3076 altera
1692 3020 1868 3075 media
1914 3024 2104 3091 (quam

484 3111 588 3183 .ad
649 3113 866 3168 numeri
918 3114 1408 3183 .complementum
1482 3113 1869 3168 assumendam
1927 3111 2106 3180 conji-

2211 2188 2637 2257 ὲπισυνάγεσθαι
2669 2188 2736 2241 τά
2768 2185 3144 2260 προειρημένα
3175 2191 3298 2250 υοε’,
3327 2182 3364 2238 ἃ
3401 2184 3611 2252 γίνεται
3655 2179 3798 2236 κατὰ

2223 2281 2510 2353 Ἐϐραίους
2551 2282 2646 2353 ἔτη
2688 2287 2793 2348 σις’,
2822 2282 2898 2344 ὼς
2929 2281 3273 2351 προείρηται,
3300 2277 3445 2332 τοῦτ’
3485 2276 3601 2330 ἐστι
3635 2275 3792 2329 ἑϐδο-

2214 2374 2377 2447 μάόες
2405 2381 2466 2437 ο¹,
2501 2373 2642 2427 καθὰ
2673 2372 3052 2444 προεφητεύθη
3081 2371 3158 2442 τῷ
3189 2371 3386 2440 Δανιὴλ
3409 2370 3514 2424 ὑπὸ
3546 2368 3647 2422 τοῦ
3683 2369 3793 2421 Γα-

2211 2466 2370 2539 ϐριὴλ
2421 2468 2454 2537 ἠ
2505 2466 2739 2538 Χριστοῦ
2776 2465 3066 2537 παρουσία.
3098 2466 3160 2518 Εἰ
3207 2465 3264 2518 δέ
3329 2480 3406 2528 τῳ
3454 2461 3704 2516 δοκεῖτὰ
3736 2468 3798 2516 ιε’

2212 2559 2308 2628 ἔτη
2353 2559 2419 2612 τὰ
2476 2559 2740 2629 Ἑϐραϊκὰ
2773 2557 2980 2629 πλάνην
3029 2559 3289 2627 ὲγγεννᾷν
3340 2558 3453 2628 μετ’
3486 2557 3672 2608 ἐκεῖνα
3717 2555 3799 2618 εἰς

2211 2651 2358 2721 ἡμᾶς
2383 2649 2476 2720 ἔτη
2515 2655 2544 2701 ι’
2591 2649 2704 2717 (75)
2762 2649 2949 2718 ἐγγὺς,
2983 2647 3076 2701 καὶ
3102 2647 3252 2700 ούδὲν
3281 2648 3338 2699 ὲν
3364 2645 3511 2717 μέσῳ
3553 2644 3799 2717 παράδο-

2213 2739 2302 2809 ξον
2348 2741 2648 2812 ἱστόρηται.
2683 2739 2914 2793 Δύναται
2954 2739 3010 2791 δὲ
3043 2741 3075 2810 ἡ
3110 2739 3206 2810 μία
3236 2739 3331 2793 καὶ
3370 2741 3596 2811 ἡμίσεια
3643 2739 3801 2793 ἑϐδο-

2215 2833 2341 2905 μὰς,
2376 2835 2442 2906 ἢν
2474 2834 2568 2887 ἐπὶ
2605 2833 2884 2905 συντελείᾳ
2931 2833 3461 2905 παραλαμϐάνεσθαι
3504 2833 3614 2887 δεῖν
3660 2834 3802 2886 ὑπε-

2212 2926 2456 2997 νοοῦμεν,
2488 2928 2822 2998 παρηγορεῖν
2852 2925 2912 2979 τὸ
2937 2926 3362 2998 ἐπιζητούμενον
3389 2926 3495 2980 τῶν
3543 2932 3602 2979 ιε’
3634 2924 3801 2992 ἐτῶν,

2214 3018 2310 3070 καὶ
2342 3016 2618 3087 κουφίζειν
2652 3018 2742 3071 τὸν
2789 3019 2980 3092 χρόνον
3014 3018 3142 3089 (70),
3180 3019 3262 3072 ὅτι
3291 3035 3350 3071 τε
3392 3014 3804 3088 συμϐολικώτε-

2217 3128 2308 3184 ρον
2336 3112 2390 3164 αἱ
2424 3111 2749 3183 προφητεῖαι
2782 3111 3197 3181 ὲξενηνεγμέναι
3245 3110 3573 3181 τυγχάνουσι
3613 3108 3804 3180 δῆλον.

518 3207 763 3279 cimus),
828 3207 896 3263 de
945 3209 1105 3264 annis
1161 3209 1230 3264 l5
1284 3209 1573 3279 quaestioni
1614 3207 1771 3264 facta:
1825 3208 2144 3273 medeatur,
2199 3217 2253 3261 et
2303 3208 2595 3262 terminum
2650 3207 2840 3262 reddat
2893 3207 3238 3271 breviorem,
3295 3223 3403 3260 uno
3443 3205 3605 3260 verbo
3665 3221 3828 3282 con-I

517 3303 936 3358 summationem
972 3306 1252 3361 abbreviet
1279 3347 1294 3368 ,
1317 3306 1464 3376 quod
1504 3305 1804 3376 prophetia:
1833 3305 2095 3377 symbolis
2126 3304 2381 3359 involutae
2411 3301 2639 3372 proferri
2673 3303 2900 3365 soleant,
2930 3304 3157 3356 omnino
3193 3301 3537 3356 manifestum
3571 3309 3724 3369 puto.

592 3396 680 3450 IV.
741 3400 884 3453 Sane
935 3409 1198 3469 quantum
1229 3399 1475 3454 minerva
1523 3400 1712 3464 dedit,
1753 3399 2096 3470 Scripturam

2273 3399 2344 3451 A'.
2389 3398 2612 3450 Ὁπόσον
2635 3396 2690 3449 δὲ
2725 3397 2809 3466 ἐφ’
2844 3398 2994 3467 ἡμῖν,
3015 3396 3210 3467 ὀρθῶς,
3239 3392 3411 3465 οἶμαι,
3444 3393 3544 3463 τὴν
3574 3389 3802 3464 Γραφὴν

524 3496 671 3539 recte
699 3502 786 3539 me
816 3488 1126 3557 percepisse
1153 3489 1392 3541 arbitror
1421 3506 1433 3540 :
1457 3487 1897 3556 quandoquidem
1927 3486 2104 3556 ipsum

521 3580 590 3630 de
632 3577 843 3633 visione
902 3581 1109 3634 dictum
1167 3580 1482 3650 praecedens
1537 3580 1779 3634 calculos
1813 3593 2005 3633 omnes
2052 3578 2106 3631 in

523 3685 797 3722 summam
841 3671 1088 3739 redigere
1115 3672 1350 3738 videtur,
1377 3671 1536 3739 cujus
1557 3671 1742 3725 verbis
1771 3670 1960 3739 primis
1991 3669 2104 3723 ait:

525 3757 754 3812 Inamzo
788 3761 943 3814 tertio
997 3762 1143 3832 regni
1191 3761 1563 3829 Ballhasar';
1620 3761 1822 3831 quibus
1853 3761 1918 3815 de
1956 3760 2106 3829 regni

523 3849 845 3916 Persarum,
893 3853 1210 3907 Grzccorum
1247 3854 1416 3908 armis
1469 3853 1680 3908 excidio
1731 3855 1984 3922 (quorum
2017 3869 2108 3907 re-

523 3961 689 4014 gnum
732 3955 1026 4015 utrumque
1071 3947 1258 4000 arietis
1312 3955 1366 4001 et
1413 3946 1547 4000 liirci
1605 3945 1774 4015 ﬁgura
1830 3944 2106 4014 designat)

519 4036 888 4090 vaticinatur:
929 4035 1288 4106 Sacri/icium,
1323 4037 1521 4106 inquit,
1560 4037 1794 4103 tolletur,
1827 4047 1875 4090 et
1925 4046 2109 4090 sancta

520 4131 574 4182 in
599 4131 1048 4185 conculcationem
1077 4132 1282 4186 deserta
1315 4132 1462 4201 ﬁent,
1490 4147 1606 4202 quae
1625 4131 1805 4184 diebus
1835 4130 1977 4185 2500
2002 4131 2110 4184 cir-

521 4225 938 4278 c‘cmscribentur
968 4225 1011 4279 ³.
1051 4223 1145 4279 Die
1179 4239 1419 4294 namque
1459 4224 1512 4277 in
1561 4240 1805 4278 mensem
1858 4240 1888 4278 a
1949 4224 2108 4279 nobis

520 4325 790 4384 reputato,
817 4326 980 4388 prout
1020 4316 1411 4386 prophetarum
1447 4316 1584 4371 locis
1617 4317 1738 4372 aliis
1785 4318 1901 4373 dies
1936 4333 2109 4372 anno-

520 4426 642 4463 rum
674 4410 793 4464 viee
820 4450 834 4473 ,
870 4419 924 4465 ct
982 4412 1180 4464 iterum
1218 4409 1347 4464 alibi
1381 4410 1594 4464 diversa
1644 4411 1712 4464 ab
1761 4410 1849 4466 liis
1895 4411 2108 4465 ratione

521 4513 850 4569 sumuntur;
905 4503 1100 4558 diebus
1153 4504 1354 4573 pariter
1393 4503 1645 4571 superius
1700 4505 2015 4558 memoratis
2051 4504 2104 4557 in

520 4611 738 4650 nienses
766 4596 1024 4661 redactis,
1058 4613 1087 4650 a
1124 4608 1279 4666 capta
1331 4585 1630 4651 Jerusalem
1672 4598 1738 4651 ad
1786 4597 2104 4652 Artaxerxis

521 4699 730 4739 annum
757 4685 1081 4753 vigesimum
1110 4702 1380 4739 summam
1416 4701 1630 4740 omnem
1665 4695 2100 4741 consummatam

2210 3490 2534 3562 ὲδεξάμεθα’
2567 3490 2685 3542 ἐπεὶ
2716 3489 2808 3543 καὶ
2836 3487 3208 3558 συναιρεῖσθαί
3247 3503 3364 3548 πως
3392 3483 3672 3556 ἡγουμένη
3700 3482 3806 3552 τῆς

2209 3583 2474 3646 ὀπτασίας
2502 3582 2774 3655 περικοπὴ
2805 3581 2970 3643 δοκεῖ,
2996 3574 3063 3650 ἧς
3095 3580 3127 3649 ἡ
3158 3579 3328 3649 ἀρχή·
3363 3577 3452 3629 Ἐν
3485 3576 3602 3629 ἔτει
3623 3574 3805 3642 τρίτῳ

2210 3674 2321 3743 τῆς
2345 3675 2669 3739 βασιλείας
2702 3671 3022 3740 Βα.ἳτάσαρ
3049 3687 3061 3700 ο
3095 3669 3222 3722 ἔνθα
3255 3669 3380 3740 περὶ
3413 3668 3508 3740 τῆς
3539 3664 3806 3736 καθαιρέ-

2212 3783 2350 3830 σεως
2379 3768 2480 3836 τῆς
2511 3765 2737 3837 Περσῶν
2768 3765 2945 3837 ἀρχῆς
2985 3766 3076 3834 ὑφ’
3125 3763 3392 3835 Ἑλλήνων
3427 3759 3702 3832 προδηλοῖ,
3731 3761 3805 3830 ἦν

2209 3857 2298 3911 διὰ
2330 3857 2424 3912 τοῦ
2461 3857 2615 3930 κριοῦ
2659 3859 2753 3910 καὶ
2783 3857 2878 3910 τοῦ
2915 3858 3122 3928 τράγου
3155 3853 3436 3926 προδηλοῖ·
3483 3853 3552 3907 ἸΙ
3593 3851 3804 3914 ουσία,

2211 3951 2397 4021 φησὶν,
2429 3952 2467 4020 ἠ
2499 3949 2748 4019 ἀρθεῖσα
2790 3949 2887 4003 καὶ
2931 3951 2999 4002 τὰ
3047 3948 3182 4018 ἅγια
3225 3943 3673 4015 ἐρημωθήσεται
3705 3945 3802 4008 εἰς

2209 4040 2622 4110 καταπὰτημα,
2653 4041 2802 4110 ἅπερ
2858 4043 2946 4106 εἰς
2967 4040 3068 4104 ,βτ’
3101 4037 3324 4107 ἡμέρας
3360 4050 3805 4105 περιγραφησε-

2212 4151 2324 4187 ται.
2359 4134 2422 4186 Εἰ
2459 4133 2566 4204 γὰρ
2593 4135 2673 4196 εἰς
2709 4132 2852 4204 μῆνα
2902 4132 3003 4204 τὴν
3051 4131 3263 4204 ἡμέραν
3309 4125 3690 4197 λογισαίμεθα,
3721 4126 3807 4190 ὡς

2213 4223 2449 4294 ἀλλαχοῦ
2487 4223 2629 4277 κατὰ
2668 4223 3002 4294 προφητείαν
3046 4224 3124 4286 είς
3169 4222 3448 4283 ἐνιαυτοὺς
3494 4221 3548 4272 αἱ
3593 4217 3807 4289 ἡμέραι

2214 4314 2756 4386 παραλαμϐάνονται,
2789 4314 2883 4367 καὶ
2910 4314 3086 4378 ἄλλως
3126 4311 3404 4383 ἀλλαχόθι,
3435 4309 3809 4372 ἁναλύσαντες

2208 4407 2408 4477 ὁμοίως
2423 4410 2535 4471 τοῖς
2550 4408 2654 4476 πρὸ
2669 4405 2858 4459 τούτου
2871 4409 2950 4469 εἰς
2965 4407 3270 4477 μῆναςτοῦς
3288 4403 3624 4478 Ἐϐραῖκοῦς,
3642 4401 3704 4453 εὖ
3712 4417 3812 4472 ρο-

2213 4517 2312 4569 μεν
2331 4500 2395 4552 ἂν
2415 4505 2460 4550 κ’
2494 4500 2592 4570 τῆς
2609 4499 2966 4570 ’Λρταξέρξου
2995 4497 3267 4570 βασιλείας
3294 4499 3400 4552 ἀπὸ
3428 4496 3526 4567 τῆς
3544 4495 3813 4558 ἁλώσεως

2220 4591 2575 4662 Ἰερουσαλὴμ
2610 4593 3025 4663 συντελούμενον
3050 4592 3138 4645 τὸν
3157 4590 3366 4663 χρόνον.
3389 4589 3523 4658 Ἕτη
3544 4595 3652 4658 γαρ
3668 4597 3810 4638 ’συν-

2211 4681 2432 4751 άγονται
2470 4689 2610 4755 ρπε⁹,
2654 4685 2748 4737 καὶ
2780 4683 3025 4746 ἐνιαυτὸς
3059 4677 3138 4746 εἷς
3168 4684 3226 4734 ἐν
3342 4682 3442 4751 τὴν
3471 4677 3624 4733 πόλιν
3656 4677 3808 4730 ἐτεί-

519 4775 954 4829 observavimus.
983 4776 1125 4828 Anni
1156 4776 1422 4846 siquidem
1451 4777 1784 4846 colliguntur
1817 4778 1942 4844 185,
1979 4780 2102 4847 (ιιιί-

2212 4793 2356 4847 χισεν
2402 4779 2430 4830 ὁ
2475 4777 2734 4846 Νεεμίας.
2784 4777 2922 4840 Τοὺς
2972 4773 3064 4830 οῦν
3099 4783 3254 4848 ρπςν,
3293 4775 3572 4835 ἐνιαυτοὺς
3619 4773 3809 4844 μῆνας

522 4866 626 4920 bus
661 4865 818 4930 alter,
850 4881 961 4935 quo
992 4864 1242 4920 Neemias
1283 4867 1403 4920 urbi
1437 4883 1653 4920 murum
1685 4869 2102 4939 circumposuit,

522 4956 826 5012 addcndus.
862 4955 1160 5011 llebraicos
1212 4958 1395 5028 itaque
1447 4974 1662 5014 menses
1717 4960 1879 5025 2500,
1929 4977 2101 5016 annos

520 5058 904 5118 computamus
933 5049 1054 5116 186,
1085 5065 1318 5120 quorum
1350 5051 1654 5106 octoeridcs
1676 5039 1904 5122 singulae
1945 5069 2100 5107 nien-

590 5205 613 5236 ³
640 5203 775 5260 Dan.
811 5219 935 5271 vin,
975 5205 1025 5261 1.
1103 5207 1124 5238 ⁹
1155 5205 1411 5279 lbid.515,
1442 5206 1526 5262 Η.

593 5325 834 5399 (72)"!‘0'
847 5325 966 5396 μὲν
995 5326 1132 5393 ἔτος
1168 5327 1412 5382 ἐπίπαν.
1449 5328 1783 5398 Frequentes
1826 5346 1920 5399 per
1950 5331 2098 5387 hunc

520 5396 764 5471 Africani
811 5399 1308 5471 textumhrespersi
1360 5396 1610 5471 errores,
1662 5396 1998 5471 Scaligerum
2040 5412 2101 5456 ut

521 5468 809 5521 Animadv.
834 5484 955 5537 pag.
981 5467 1081 5522 ‘26l
1111 5467 1374 5523 scriberet
1398 5469 1732 5537 impulerunt
1757 5490 1769 5526 :
1807 5467 1832 5522 ἱ
1860 5472 1970 5540 Ego
1995 5472 2099 5528 ista

524 5554 632 5612 non
660 5553 945 5612 assequar,
967 5556 1163 5612 neque
1192 5540 1286 5612 qui
1314 5555 1377 5594 ea
1435 5542 1744 5595 somniabat
1769 5583 1782 5604 ,
1839 5543 2103 5612 intellige-

522 5609 635 5682 bat.
685 5606 795 5682 »_Et
822 5608 1052 5682 inferius
1083 5606 1098 5662 ξ
1137 5629 1156 5661 ι
1196 5606 1331 5664 Mira
1363 5625 1490 5664 vero
1517 5612 1883 5678 discrepantia
1914 5606 2102 5682 dispu-

525 5679 760 5754 tati-onis
783 5679 962 5754 hujus
982 5691 1104 5734 cum
1155 5696 1219 5735 ea
1248 5697 1371 5750 quae
1404 5689 1495 5754 est
1524 5682 1790 5754 (ejusdem
1835 5679 2102 5754 Alricaui)

525 5749 580 5825 Iﬁn
614 5750 711 5825 lib.
740 5749 983 5825 ἀποδείξ.
1009 5789 1023 5811 ,
1057 5749 1371 5825 quanquam
1402 5753 1541 5805 idem
1575 5749 1665 5807 'sit
1694 5749 2097 5825 argumentum.

524 5817 762 5894 Quinino
790 5819 1022 5894 hiec,lut
1073 5817 1161 5876 hic
1207 5817 1458 5885 exstant,
1507 5839 1666 5877 nemo
1701 5817 2035 5894 assequitur.
2078 5845 2093 5875 ι

525 5888 674 5946 Γειιι·
697 5889 782 5948 ius
813 5889 888 5946 De
911 5890 1081 5950 ἄσειν.
1149 5903 1327 5966 temp.,
1350 5894 1443 5950 lib.
1479 5910 1576 5962 xu,
1603 5910 1723 5967 cap.
1743 5888 2099 5964 50,'eamdem

2211 4869 2538 4941 εὑρίσκομεν
2573 4870 2666 4940 ﬁt?
2732 4870 3075 4942 Ἐὅραῖκοῦς,
3104 4870 3206 4940 τῆς
3249 4867 3532 4931 ὸκταετίας
3567 4866 3802 4919 ἀκολού-

2205 4962 2314 5026 θως
2350 4964 2477 5027 τοὺς
2499 4964 2636 5035 πρὸς
2661 4965 2870 5027 τούτοις
2893 4965 2916 5015 ἐ
2926 4962 3080 5035 μὸολί
3090 4979 3226 5034 μους
3245 4965 3394 5033 τρεῖς
3423 4961 3597 5032 μῆνας
3623 4975 3811 5030 προσ-

2205 5055 2604 5127 λαμϐανούσης.
2678 5057 2811 5110 Ἀπὸ
2859 5057 2916 5110 δὲ
2979 5053 3339 5127 Ἀρταξέρξου
3395 5054 3515 5107 ὅθεν
3560 5053 3590 5105 ὁ
3635 5051 3810 5120 λόγος

2200 5332 2446 5388 Africani
2473 5331 2800 5405 sententiam
2829 5372 2844 5394 ,
2881 5340 2994 5405 tum
3029 5329 3116 5384 hic
3140 5371 3154 5405 ,
3179 5336 3300 5405 _t_um
3324 5326 3432 5405 _li_li.
3462 5341 3558 5378 vm
3610 5321 3820 5405 Dede-

2203 5414 2424 5458 κυνιεῖν.
2446 5421 2655 5473 erang.,
2671 5404 2794 5458 aliis
2811 5402 2990 5456 verbis
3013 5401 3156 5469 apud
3175 5399 3474 5454 Eusebium
3493 5399 3814 5465 expositam

2203 5485 2459 5530 testatur.
2486 5474 2666 5546 rGosn.
2788 5542 2815 5546 _
2872 5543 2889 5546 _
2953 5540 2987 5546 _
3059 5541 3073 5546 _
3211 5539 3223 5546 _
3327 5540 3338 5546 ,
3492 5536 3512 5546 -
3572 5538 3581 5546 .

2278 5547 2390 5614 (73)
2432 5545 2507 5598 Τὰ
2544 5545 2740 5597 πέντε.
2777 5540 3138 5614 ΟΟ[Ῐ.ΑΒ81·Ῐ).,
3170 5539 3246 5614 τά
3270 5540 3466 5614 πάντα.
3492 5536 3569 5596 In.

2278 5610 2390 5701 (74')
2431 5612 3174 5738 l’Er-rerqxoarozézapta.;
3217 5611 3497 5682 Scaliger,
3574 5610 3814 5682 ὲννενηο

2282 5705 2400 5738 στα.
2455 5703 2507 5738 υ.

2210 5705 2400 5740 κοστα.
2431 5703 2507 5740 ID.

2284 5759 2398 5825 (75)
2442 5760 2586 5823 Ἔτη
2613 5755 2665 5810 ι’.
2693 5754 2826 5810 Cod.
2858 5753 3047 5816 Barb.,
3078 5753 3172 5825 ξτη
3209 5753 3476 5808 διακόσια.
3514 5750 3591 5812 In.

2286 5823 2397 5900 (76)
2437 5828 2683 5898 Χρόνον.
2722 5825 2780 5880 Ρ.
2816 5825 3060 5898 χρόνους.
3091 5823 3166 5880 In.
