3966 6508
482 389 556 452 95
1684 392 1929 449 JULIUS
1974 392 2392 449 AFRICANUS.
3673 393 3740 448 96

482 527 607 570 rum
638 527 761 567 cum
810 511 863 566 id
902 526 1040 581 opus
1078 511 1397 581 jamdudum
1439 514 1686 582 perierit,
1724 533 1791 568 an
1841 531 1896 570 re
1927 533 2055 570 vera
2084 520 2130 576 Α
2160 534 2308 585 pore,
2341 528 2397 571 ut
2430 528 2583 571 notat
2614 516 2711 571 Dio
2744 515 2990 580 Cassius,
3015 515 3115 571 iste
3146 516 3443 585 imperator
3467 514 3738 584 plurimas

485 604 602 661 haec
629 604 761 660 Acta
800 603 1056 657 Africano
1104 604 1212 657 sint
1258 604 1601 669 ascribcnda,
1652 622 1895 663 asserere
1949 627 2057 663 non

483 696 699 767 ausim;
749 696 999 765 quamvis
1038 696 1104 749 de
1151 710 1339 749 eorum
1395 696 1708 753 sinceritate
1756 701 1939 755 nullus
1980 702 2060 755 vi-

483 784 677 840 deatur
728 784 1010 855 dubitandi
1069 784 1241 839 locus.
1294 783 1369 839 Ea
1425 802 1551 841 vero
1609 788 1939 857 proferimus
1992 807 2055 844 ex

488 875 805 941 Mombritii,
842 876 987 931 Surii
1031 884 1085 930 et
1114 875 1335 932 Carduli
1379 879 1729 943 editionibus,
1767 898 1890 936 cum
1921 882 2057 936 duo-

486 968 589 1024 bus
619 983 753 1024 mss.
792 968 1072 1026 codicibus
1118 970 1443 1027 Colbertinis
1488 981 1541 1027 et
1590 991 1699 1029 uno
1748 973 2060 1029 Sorbonica:

484 1061 827 1116 bibliotheca:
861 1063 1097 1119 collatis.

556 1149 620 1204 ll.
672 1170 690 1203 ‹
726 1150 931 1205 Horum
962 1164 1273 1207 sanctorum
1308 1155 1424 1207 neci
1456 1157 1798 1211 occasionem
1831 1158 2060 1225 prtebnit

484 1242 684 1297 vicinia
726 1245 1066 1298 celeberrimi
1116 1246 1260 1299 illius
1303 1234 1507 1316 palatii,
1536 1250 1679 1317 quod
1728 1250 1781 1303 in
1816 1250 1940 1303 villa
1971 1249 2062 1305 Ti-

485 1336 702 1390 burtina
744 1336 813 1390 ab
852 1337 1093 1390 Adriano
1149 1339 1471 1393 aediﬁcatum
1542 1341 1711 1395 fuisse
1775 1343 1928 1396 testis
1978 1352 2062 1397 est

486 1423 830 1495 Spartianus.
886 1424 1023 1481 Cum
1085 1428 1229 1481 enim
1298 1429 1593 1498 imperator
1656 1431 1797 1484 hanc
1853 1432 2058 1501 regiam

486 1516 709 1571 domum
738 1534 901 1587 quam
946 1518 1049 1573 sibi
1090 1520 1153 1574 ad
1182 1520 1403 1573 delicias
1435 1529 1841 1585 construxerat,
1878 1524 2061 1577 nescio

484 1609 686 1678 quibus
716 1609 1084 1677 piacularibus
1125 1594 1464 1665 creremoniis
1514 1611 1731 1666 lustrari
1778 1613 2057 1682 jussisset,

486 1699 627 1753 hanc
666 1702 1009 1756 occasionem
1057 1702 1338 1771 arripuere
1383 1704 1690 1759 sacerdotes
1723 1703 2059 1776 Symphoro-

487 1806 604 1844 sam
648 1791 968 1859 incusandi,
1006 1792 1140 1847 nihil
1174 1793 1397 1846 omnino
1430 1793 1532 1848 diis
1565 1796 1920 1863 placiturum,
1955 1800 2057 1854 nisi

2162 610 2335 663 caedes
2369 609 2511 663 fecit.

2236 701 2326 758 ΙΙΙ.
2372 722 2389 753 ‹
2438 702 2704 755 (lintei-um
2764 701 2958 755 horum
3017 709 3319 770 martyrum
3366 697 3631 752 memoria
3682 698 3736 752 in

2162 794 2560 863 antiquissimis
2603 793 2911 861 quibusque
2956 790 3357 862 Martyrologiis
3406 789 3735 854 celebratur,

2162 886 2414 953 quamvis
2465 885 2693 939 diversis
2734 885 2945 937 diebus.
3004 881 3310 937 Romanum
3359 884 3559 951 quippe
3610 896 3736 935 cum

2162 976 2399 1031 Notkcro
2437 992 2531 1031 eos
2578 976 2765 1030 recolit
2804 976 2891 1028 die
2941 975 3007 1029 18
3040 973 3200 1037 Julii,
3242 974 3498 1029 Babanus
3541 973 3630 1026 die
3668 972 3731 1025 2|

2163 1068 2407 1138 ejusdem
2443 1068 2676 1131 mensis,
2711 1065 2992 1121 Usuardus
3042 1076 3095 1121 et
3142 1064 3260 1119 Ado
3300 1065 3387 1118 die
3434 1064 3495 1118 21
3531 1065 3739 1118 mensis

2163 1160 2330 1214 Junii.
2388 1159 2443 1213 In
2494 1160 2577 1213 via
2621 1158 2906 1212 Tiburtina
2966 1166 3261 1228 supersunt
3308 1157 3487 1211 adhuc
3520 1155 3737 1209 ‘rudera

2165 1253 2362 1306 veteris
2398 1253 2659 1315 ecclesiae,
2703 1260 2761 1303 ut
2792 1260 2974 1303 monet
3013 1250 3248 1318 Ariugus
3283 1248 3416 1317 (89.),
3444 1262 3566 1316 quae
3606 1247 3737 1300 olim

2164 1346 2266 1398 sub
2297 1360 2484 1398 eorum
2526 1347 2743 1397 nomine
2777 1342 2885 1396 Deo
2923 1350 3241 1395 consecrata
3281 1340 3474 1403 fuerat,
3505 1352 3740 1408 qumque

2164 1436 2429 1491 hactenus
2458 1437 2538 1489 Ad
2562 1446 2753 1505 septem
2782 1434 2975 1503 fratres
3000 1432 3323 1487 vocabulum
3357 1430 3571 1484 retinet.
3603 1429 3736 1481 Eam

2163 1536 2342 1579 autem
2391 1526 2443 1578 in
2489 1540 2554 1578 eo
2597 1526 2717 1579 loco
2742 1531 3113 1578 constructam
3164 1520 3333 1577 fuisse
3380 1535 3486 1573 non
3520 1519 3736 1581 dubito,

2163 1634 2322 1689 quem
2363 1619 2645 1687 pontilices
2677 1621 2730 1671 in
2773 1617 2956 1681 Actis,
3002 1614 3029 1684 §
3066 1630 3137 1677 :v,
3164 1613 3247 1665 Ad
3284 1623 3477 1681 septem
3512 1609 3739 1663 Biotha-

2164 1722 2344 1776 natos,
2396 1712 2445 1765 id
2486 1718 2569 1765 est
2611 1711 2845 1763 violenta
2896 1718 3069 1763 morte
3115 1718 3443 1777 peremptos,
3480 1714 3538 1758 ut
3586 1713 3739 1758 notat

2164 1804 2434 1859 Baronius
2462 1804 2594 1874 (85),
2625 1804 2983 1873 appellarunt.
3024 1821 3042 1853 ι

486 1881 637 1951 prius
669 1884 1038 1955 Symphorosa
1071 1895 1162 1941 aut
1202 1886 1268 1939 iis
1304 1886 1657 1953 sacriﬁcaret,
1697 1898 1792 1943 aut
1823 1890 1938 1960 ipsa
1972 1908 2057 1947 sa-
2090 1870 2134 1924 Β
2234 1896 2349 1950 Huc
2382 1870 2561 1965 usque.
2584 1870 2673 1949 viri
2696 1870 2963 1949 eruditus.
2998 1893 3160 1946 Plura
3197 1907 3345 1956 vero,
3398 1899 3593 1960 praeter
3623 1888 3737 1942 Til-

487 1975 843 2032 criﬁcaretur.
875 1980 1030 2045 Quod
1067 1980 1320 2033 ultimum
1350 1980 1641 2043 Adrianus,
1673 1997 1836 2050 quem
1868 2000 2057 2053 super-

488 2068 843 2125 stitiosiorem
898 2088 961 2126 ex
1018 2072 1140 2127 aliis
1188 2072 1308 2141 ejus
1360 2073 1608 2141 pluribus
1661 2073 1822 2131 factis
1885 2076 2060 2132 fuisse

486 2170 719 2224 constat,
754 2172 1041 2217 exsecutus
1086 2173 1168 2218 est
1218 2163 1437 2217 circiter
1470 2180 1672 2219 annum
1700 2166 1903 2222 Christi
1932 2170 2058 2237 120,

486 2252 540 2308 id
562 2263 645 2309 est
674 2256 777 2310 sub
809 2257 1017 2327 imperii
1063 2258 1147 2311 sui
1178 2256 1473 2326 primordia
1500 2274 1514 2312 :
1546 2274 1655 2328 quo
1684 2260 1891 2316 scilicet
1924 2273 2064 2317 tem-

2156 1989 2478 2043 lemontiutn
2506 1988 2639 2058 (84),
2691 1986 3023 2057 praestabunt
3070 1982 3441 2048 Bollandiani;
3478 1983 3571 2051 qui
3616 1980 3738 2035 fuse

2159 2098 2258 2151 pro
2310 2098 2463 2135 more
2515 2090 2676 2150 atque
2724 2086 2978 2133 accurate
3034 2077 3167 2132 satis
3213 2091 3275 2129 ea
3320 2074 3503 2127 omnia
3550 2074 3737 2127 discu-

2162 2175 2303 2227 tiunt
2328 2174 2461 2244 (83),
2496 2188 2617 2244 qua}
2645 2172 2711 2227 ad
2736 2170 2933 2225 borum
2966 2178 3265 2241 martyrum
3292 2170 3427 2222 Acta
3463 2166 3737 2236 pertinere

2165 2274 2491 2319 noscuntur.

499 2452 2468 2478 Md

1213 2623 1704 2742 PASSIO
1787 2628 1906 2740 S.
2005 2626 3004 2742 SYMPHOBOS/E

2167 2863 2237 2902 ΕΤ

1323 3019 1783 3109 SEPTEM
1864 2974 2471 3135 FILIoauM
2546 3020 2866 3109 EJUS.

630 3207 669 3260 1.
724 3207 858 3262 Cum
912 3206 1235 3265 fabricasset
1276 3211 1552 3268 Adrianus
1602 3215 1879 3283 palatium,
1924 3224 1979 3269 et
2009 3215 2061 3268 id
2090 3230 2131 3286 ρ
2166 3216 2459 3284 phorosam
2492 3230 2504 3266 :
2539 3216 2665 3285 Aut;
2694 3230 2811 3266 cum
2864 3213 2989 3281 ﬁliis
3023 3212 3125 3265 tuis
3155 3212 3398 3279 sacriﬁca
3432 3212 3535 3264 diis
3560 3214 3738 3264 omni-

490 3302 741 3358 dedicare
765 3302 926 3355 vellet
962 3305 1065 3355 ritu
1109 3304 1203 3357 illo
1230 3302 1458 3366 nefario,
1492 3306 1855 3376 cmpissctque
1886 3309 2058 3362 sacri-

493 3397 629 3450 ﬁciis
670 3395 935 3449 idolorum
968 3410 1031 3449 ac
1055 3395 1362 3449 daemonum
1389 3401 1481 3464 qui
1518 3400 1572 3453 in
1608 3401 1764 3455 idolis
1793 3400 2059 3463 habitant,

491 3488 731 3555 ﬂagitare
778 3502 1032 3554 responsa
1055 3530 1068 3547 ,
1109 3489 1505 3555 responderunt
1549 3500 1603 3543 et
1630 3491 1741 3559 (86)
1777 3493 2059 3546 dixerunt:

498 3597 517 3629 σ
556 3580 927 3648 Sympborosa
967 3578 1127 3631 vidua
1160 3596 1281 3633 eum
1308 3591 1512 3649 septem
1568 3582 1693 3636 ﬁliis
1740 3584 1855 3638 suis
1896 3583 2065 3636 laniat

493 3686 594 3725 nos
634 3671 876 3740 quotidie
924 3671 1228 3723 invocando
1263 3670 1431 3726 Deum
1488 3688 1671 3726 suum.
1726 3672 1831 3727 lsla
1883 3674 2065 3741 itaque

2161 3306 2483 3377 potentibus,
2520 3316 2610 3360 aut
2667 3316 2714 3361 te
2762 3308 2928 3375 ipsam
2964 3322 3081 3358 cum
3123 3304 3251 3373 ﬁliis
3289 3306 3392 3357 tuis
3437 3305 3739 3372 sacriﬁcari

2165 3398 2385 3467 faciam.
2418 3396 2581 3451 Beata
2616 3395 2981 3467 Symphorosa
3014 3394 3124 3463 (89)
3152 3393 3466 3463 respondit:
3494 3393 3559 3446 Et
3600 3394 3741 3448 unde

2167 3490 2294 3542 mihi
2342 3498 2545 3541 tantum
2598 3489 2739 3553 boni,
2790 3498 2845 3539 ut
2893 3504 2984 3557 ego
3030 3503 3233 3540 merear
3268 3504 3384 3539 cum
3428 3488 3556 3555 ﬁliis
3608 3490 3739 3541 meis

2165 3582 2346 3650 oﬂ‘erri
2392 3582 2563 3633 hostia
2593 3580 2747 3633 Deo?
2779 3580 3049 3633 Adrianus
3092 3579 3385 3647 imperator
3411 3578 3544 3632 dixit
3576 3598 3589 3632 :
3623 3577 3738 3649 Ego

2162 3681 2211 3725 te
2269 3673 2372 3724 diis
2422 3674 2549 3725 meis
2582 3672 2876 3739 sacriﬁcari
2906 3670 3122 3736 faciam.
3169 3669 3329 3723 Beata
3362 3668 3737 3738 Symphorosa

492 3763 537 3815 si
581 3778 705 3816 cum
742 3762 867 3816 ﬁliis
912 3762 1028 3817 suis
1070 3765 1483 3829 sacriﬁcaverit,
1541 3766 1911 3836 promittimus
1962 3779 2064 3818 nos
2160 3763 2479 3832 respondit:
2510 3762 2597 3814 Dii
2639 3764 2713 3813 tui
2760 3778 2840 3813 me
2882 3763 2938 3813 in
2980 3760 3304 3827 sacri/icium
3354 3760 3587 3828 accipere
3630 3777 3740 3814 non

492 3854 676 3907 omnia
698 3864 956 3923 praestare
978 3872 1097 3923 quze.
1117 3857 1320 3924 petitis.
1359 3878 1376 3904 ι
1416 3860 1568 3913 ἰὐιιο
1600 3858 1873 3911 Adrianus
1902 3855 2070 3925 jussit
2160 3863 2374 3922 possunt
2403 3870 2420 3905 :
2448 3853 2538 3904 sed
2564 3852 2611 3905 si
2638 3868 2731 3919 pro
2770 3852 2974 3903 nomine
3016 3848 3216 3902 Christi
3245 3848 3339 3901 Dei
3374 3850 3471 3901 mei
3516 3850 3739 3902 incensa

491 3960 613 3999 eam
647 3946 814 4000 teneri
863 3962 985 3999 cum
1023 3948 1180 4012 ﬁliis,
1228 3961 1281 4003 ct
1321 3950 1537 4004 blandis
1583 3965 1677 4004 eos
1720 3948 2064 4003 sermonibus

496 4037 812 4090 hortabatur
844 4047 903 4091 ut
931 4039 995 4090 ad
1028 4039 1444 4093 sacriﬁcandum
1486 4041 1643 4095 idolis
1672 4039 2062 4094 consentirent.

494 4128 595 4180 Cui
659 4128 813 4181 beata
863 4127 1231 4199 Symphorosa
1296 4132 1431 4185 dixit
1484 4148 1496 4182 :
1562 4129 1653 4184 Vir
1701 4147 1843 4182 meus
1897 4128 2063 4183 Gelu-

494 4214 599 4268 lius
633 4216 764 4286 (87),
799 4235 917 4270 cum
950 4219 1121 4285 fratre
1154 4237 1248 4272 suo
1280 4222 1550 4283 Amantio,
1584 4222 1783 4273 tribuni
1829 4223 1905 4273 tui
1944 4238 2064 4273 cum

495 4316 686 4366 essent.
711 4325 805 4376 pro
835 4308 1035 4362 Christi
1074 4313 1280 4364 nomine
1300 4314 1445 4381 passi
1478 4324 1598 4365 sunt
1624 4314 1827 4365 diversa
1865 4312 2066 4381 suppli-

496 4397 601 4457 cia,
634 4413 697 4450 ne
725 4399 883 4451 idolis
911 4402 1263 4453 consentirent
1298 4405 1365 4454 ad
1394 4402 1797 4467 immolandum,
1831 4412 1877 4455 et
1911 4403 2065 4471 quasi

496 4486 618 4540 boni
652 4489 860 4542 athletis
886 4491 1148 4543 da’munes
1190 4501 1304 4544 tuos
1346 4493 1613 4545 moriendo
1650 4493 1903 4546 vicerunt.
1943 4492 2067 4545 Ele-

496 4590 682 4649 gerunt
719 4582 859 4634 enim
891 4584 1058 4651 magis
1092 4582 1345 4635 decollari
1375 4601 1532 4653 quam
1567 4586 1723 4647 vinci,
1750 4586 1892 4648 passi
1926 4600 2066 4635 mor-
2100 4568 2140 4621 D

498 4676 632 4733 tem;
671 4687 788 4739 qua:
817 4688 911 4739 pro
940 4673 1148 4725 nomine
1175 4672 1371 4727 Christi
1420 4684 1676 4742 suscepta,
1722 4675 1857 4727 inter
1894 4673 2066 4726 homi—

496 4776 585 4812 nes
626 4772 857 4815 terrenos
888 4762 1095 4830 quidem
1143 4764 1484 4832 ignominiam
1528 4766 1602 4817 eis
1635 4767 1828 4833 peperit
1870 4774 2066 4831 tempoo

497 4852 682 4915 ralem,
724 4853 861 4905 inter
889 4854 1099 4922 angelos
1136 4871 1253 4906 vero
1282 4855 1435 4909 decus
1461 4866 1508 4908 et
1539 4856 1764 4924 gloriam
1794 4858 2067 4918 sempiter-

497 4958 650 5006 nam,
700 4944 835 4996 inter
867 4961 994 5012 quos
1036 4962 1175 4997 nunc
1211 4947 1527 5015 gradientes,
1553 4958 1599 5000 et
1639 4956 1835 5014 tropwa
1863 4950 2068 5013 passio-

497 5050 622 5086 num
670 5052 887 5088 suarum
934 5036 1117 5088 dantes
1170 5037 1302 5106 (88),
1354 5054 1471 5089 cum
1524 5046 1716 5089 a'terno
1772 5035 1903 5103 Rege
1956 5036 2066 5087 vita

499 5135 700 5181 (eterna
727 5127 977 5194 fruuntur
1006 5129 1059 5179 in
1084 5130 1248 5182 coctis.

571 5216 636 5271 ll.
676 5219 948 5273 Adrianus
998 5219 1291 5289 imperator
1331 5222 1467 5275 dixit
1514 5221 1580 5275 ad
1623 5230 1866 5274 sanctam
1914 5218 2069 5289 Sym-

724 5352 935 5424 Aring.,
977 5352 1125 5406 Rom.
1164 5354 1360 5408 subter.
1390 5356 1483 5409 lib.
1511 5371 1581 5418 tv,
1612 5370 1732 5424 cap.
1768 5351 1847 5405 17.

723 5423 921 5495 Ιξειιξθη.
957 5424 1149 5495 θιγιᾲειιι.
1187 5425 1308 5495 1⁸58,
1346 5426 1371 5495 §

594 5492 685 5557 84)
726 5492 961 5563 Τίιιθιη.,
992 5493 1148 5548 Mem.
1186 5494 1310 5547 eccl.
1347 5492 1477 5548 inin.
1512 5494 1572 5557 ll,
1609 5496 1913 5563 paggﬁil,
1944 5494 2066 5549 595.

724 5561 991 5636 Bolland.,
1018 5566 1137 5617 Act.
1178 5564 1277 5618 SS.
1320 5564 1463 5618 Junii
1510 5561 1641 5617 toni.
1675 5561 1761 5628 IV,
1795 5582 1914 5636 pag.
1944 5567 2065 5619 550.

499 5632 684 5759 50(86)
722 5633 922 5693 tionfer
955 5634 1153 5689 Euseb.
1185 5636 1279 5689 lib.
1321 5652 1357 5690 ιι
1402 5636 1529 5689 Vita:
1560 5632 1917 5700 Constantini,
1948 5652 2067 5705 cap.

573 5742 684 5847 (87)
727 5771 925 5847 Eorum
973 5777 1301 5847 memoriam
1357 5776 1647 5847 celebrant
1681 5774 2067 5847 Martyrologia

500 5843 567 5897 ad
598 5845 739 5900 diem
774 5844 835 5900 l0
860 5842 1028 5913 Junii,
1069 5862 1177 5917 quo
1200 5849 1378 5929 etiam
1412 5848 1496 5905 die
1528 5846 1723 5903 Surius
1764 5842 2073 5903 ct'Bollan-

2164 3944 2337 4015 fnero,
2382 3944 2502 3995 illos
2540 3943 2801 3995 da'mones
2852 3952 2966 3995 tuos
3011 3943 3176 4013 magis
3228 3957 3408 3994 exure.
3462 3940 3741 3996 Adrianus

2163 4034 2455 4102 imperator
2493 4032 2629 4085 dixit
2665 4049 2677 4083 :
2723 4032 2873 4101 Elige
2926 4033 3022 4085 tibi
3070 4048 3234 4084 unum
3263 4047 3326 4084 ea:
3367 4030 3571 4083 duobus
3600 4046 3619 4083 :
3643 4040 3737 4082 aut

2167 4126 2412 4192 sacriﬁca
2439 4124 2542 4177 diis
2574 4124 2723 4182 meis,
2767 4134 2858 4176 aut
2896 4122 3033 4176 malo
3060 4122 3273 4175 interitu
3308 4121 3526 4189 ﬁnieris.
3573 4119 3741 4173 Beata

2170 4214 2536 4285 Symphorosa
2578 4212 2899 4280 respondit:
2949 4211 3026 4264 Tu
3068 4212 3343 4264 existimas
3383 4210 3522 4279 quod
3569 4211 3741 4278 possit

2169 4312 2375 4363 animus
2404 4325 2545 4361 meus
2570 4307 2749 4376 aliqua
2786 4315 2981 4358 terrore
3018 4305 3237 4367 mutari,
3263 4319 3379 4356 cum
3414 4318 3504 4371 ego
3530 4302 3743 4355 deside-

2173 4417 2277 4453 rem
2321 4416 2437 4451 cnm
2479 4400 2589 4451 riro
2636 4414 2747 4450 meo
2780 4395 2983 4451 Getulio
3025 4395 3171 4465 (90),
3206 4411 3356 4465 quem
3397 4410 3490 4462 pro
3535 4392 3745 4447 Christi

2173 4494 2379 4545 nomine
2405 4489 2736 4559 interfecisti,
2767 4490 3101 4559 requiescere.
3150 4485 3303 4540 Tunc
3329 4486 3600 4539 Adrianus
3635 4485 3744 4538 im-

2167 4592 2385 4654 perator
2417 4582 2582 4650 jussit
2627 4596 2745 4635 cam
2788 4580 2913 4633 duci
2954 4578 3019 4632 ad
3062 4578 3248 4630 fanum
3280 4576 3545 4640 Herculis,
3573 4584 3628 4628 et
3664 4574 3741 4628 ibi

2166 4677 2343 4743 primo
2391 4676 2565 4743 alapis
2596 4673 2763 4735 cmdi,
2797 4683 2849 4726 ct
2884 4680 3004 4741 post
3045 4672 3161 4725 haec
3205 4670 3413 4739 capillis
3455 4667 3743 4739 suspendi.

2170 4765 2273 4819 Sed
2306 4782 2429 4820 cum
2466 4766 2612 4819 nulla
2645 4766 2853 4818 ratione
2891 4764 3152 4831 nulloque
3181 4765 3373 4815 timore
3403 4770 3584 4829 posset
3614 4775 3743 4813 eam

2168 4859 2369 4910 abono
2396 4858 2674 4926 proposito
2726 4871 3005 4918 revocare,
3034 4854 3197 4924 jussit
3241 4869 3357 4904 eam
3412 4851 3631 4921 alligato
3670 4853 3743 4907 ad

2169 4950 2366 5002 collum
2405 4948 2606 5015 ingenti
2640 4964 2773 5000 saxo
2825 4948 2877 4999 in
2910 4946 3111 4999 ﬁumen
3157 4946 3505 5015 prmcipitari.
3557 4943 3738 5014 Cujus

2169 5057 2369 5109 corpus
2423 5041 2683 5109 colligens
2729 5040 2893 5093 frater
2942 5040 3062 5108 ejus
3089 5038 3385 5109 Eugenins,
3418 5038 3744 5108 principalis

2168 5134 2334 5186 curia:
2363 5131 2691 5198 Tiburtinic,
2743 5133 2796 5185 in
2845 5132 3159 5185 suburbana
3208 5132 3453 5201 ejusdem
3502 5131 3748 5187 civitatis

2170 5223 2438 5293 sepelivit.

2168 5358 2316 5412 diani
2348 5374 2535 5411 eorum
2562 5360 2689 5412 Acta
2729 5356 3001 5410 exhibent.
3032 5355 3087 5408 In
3122 5372 3225 5409 ms.
3259 5354 3572 5409 Colbcrtino
3599 5372 3611 5406 :
3646 5354 3748 5410 Vir

2170 5445 2312 5482 meus
2343 5428 2553 5482 Zoticus
2595 5446 2713 5481 cum
2761 5430 2927 5495 fratre
2966 5444 3061 5481 suo
3090 5427 3341 5480 Amantio
3393 5427 3602 5480 tribuno
3652 5437 3748 5481 tuo

2170 5516 2285 5552 cum
2318 5512 2487 5552 essent
2514 5499 2687 5560 ambo,
2715 5510 2818 5553 etc.

2246 5570 2355 5638 (88)
2395 5570 2529 5624 Cod.
2580 5569 2813 5624 Colbert.
2842 5608 2857 5631 ,
2912 5577 3110 5637 tropaza
3160 5566 3467 5638 passionum
3518 5582 3747 5619 suarum

2173 5638 2471 5693 laudantes.

2245 5711 2355 5779 (89)
2398 5710 2519 5762 “me
2560 5711 2841 5775 responsio
2880 5725 3002 5763 cum
3036 5709 3283 5779 sequenti
3320 5704 3747 5779 interrogatione

2174 5774 2409 5833 deest'in
2445 5779 2565 5833 eod.
2594 5774 2927 5833 Celbertino.
3113 5774 3128 5779 ’
3467 5774 3476 5811 )

2246 5852 2355 5920 (90)
2399 5850 2547 5917 Sur.,
2603 5852 2869 5909 Cardulns
2929 5861 2981 5908 ct
3035 5851 3153 5907 cod.
3186 5844 3744 5912 Colbcrtin.,lotico.
