3966 6506
455 362 526 420 99
1755 357 2002 416 JULIUS
2039 351 2457 410 AFRICANUS.

3627 347 3726 404 100

456 484 868 558 lnvestigantes,
903 485 1053 541 latet.
1085 484 1219 553 Quae
1251 485 1414 556 igitur
1443 483 1626 539 aureis
1655 481 1931 536 annalium
1952 480 2034 534 la-

2163 473 2576 536 κλοπονοῦντας.
2602 472 2742 524 ὐσα
2769 467 2898 540 γοῦν
2930 469 3043 539 (95)
3069 470 3124 523 ὲν
3146 469 3266 532 ταῖς
3287 469 3514 539 χρυσαῖς
3529 466 3728 524 ἀλκλα-

458 575 623 631 minis
668 576 739 630 ab
779 575 912 646 ipsis
939 575 1227 645 insculpta,
1276 585 1438 644 atque
1477 573 1532 628 in
1583 573 1817 642 templis,
1849 586 2039 641 regum

458 667 769 738 sumptibus
799 667 1117 732 exstructis,
1149 667 1428 724 recondita
1464 674 1613 731 sunt,
1647 664 1935 720 enarrabo.
1963 665 2039 718 Ex

459 759 528 815 iis
549 760 715 825 enim,
740 776 860 829 qua:
889 761 1084 815 ibidem
1109 769 1256 822 sunt,
1283 759 1498 828 templis
1517 768 1571 812 et
1596 774 1692 827 per
1731 757 2042 811 sacerdotes

460 849 652 905 iisdem
702 850 1007 921 praefectos,
1063 851 1268 906 Christi
1324 865 1524 905 nomen
1568 848 1821 920 primitus
1867 847 2041 901 divul-

461 956 644 1015 gatum
677 954 782 999 est.
1702 1011 1718 1019 _

531 1037 723 1091 Exstat
757 1037 957 1106 quippe
1010 1037 1064 1091 in
1115 1035 1299 1091 Persia
1329 1034 1562 1090 Junonis
1596 1035 1877 1104 templum,
1911 1032 2042 1103 ipsis

458 1127 624 1196 regiis
663 1127 870 1181 aedibus
905 1109 1366 1196 magnificentius,
1399 1142 1429 1180 a
1464 1123 1629 1195 Cyro,
1669 1140 1794 1194 rege
1823 1124 2040 1193 religio-

461 1218 706 1280 sissime,
742 1219 1093 1282 aedificatum,
1125 1218 1221 1285 qui
1255 1219 1307 1271 in
1336 1233 1402 1272 eo
1426 1231 1621 1270 aureas
1653 1224 1814 1284 atque
1843 1231 2041 1284 argen-

460 1315 578 1361 teas
608 1307 836 1361 deorum
869 1317 1080 1362 statuas
1106 1307 1331 1373 dicavit,
1361 1322 1564 1376 easque
1594 1305 1866 1374 lapidibus
1904 1321 2042 1374 prae-

458 1399 773 1454 tiosissimis
802 1399 1121 1461 exornavit,
1156 1416 1223 1453 ne
1258 1400 1468 1455 fusiore
1493 1399 1660 1453 totius
1685 1407 1914 1453 ornatus
1947 1399 2050 1477 de-l

459 1492 755 1559 scriptione
795 1507 1102 1545 sermonem
1142 1493 1480 1560 protraham.

530 1581 642 1636 lllis
689 1584 869 1653 itaque
902 1585 1236 1654 temporibus
1265 1585 1745 1654 (quemadmodum
1769 1583 1958 1652 scripti
1986 1583 2041 1637 in

459 1673 680 1728 laminis
731 1675 914 1729 aureis
970 1676 1196 1731 annales
1237 1676 1552 1744 testantur),
1604 1692 1729 1731 cum
1778 1692 1872 1730 rex
1904 1673 2043 1730 forte

461 1768 528 1822 ad
581 1768 934 1823 obtinendam
991 1769 1334 1823 somniorum
1389 1770 1716 1824 solutionem
1779 1768 2038 1837 ten-plum

2146 568 2288 638 ρίαις
2321 565 2432 638 (96)
2467 563 2798 619 κεκόλαπται
2819 604 2832 629 ,
2868 563 2961 616 καὶ
2991 565 3168 615 κεῖται
3202 561 3312 632 (97)
3345 563 3400 612 ἐν
3423 563 3536 623 τοῖς
3565 559 3730 631 ἱεροῖς

2144 657 2456 728 βασιλείοις,
2511 653 2648 720 λέξω
2673 695 2687 719 ,
2727 656 2808 709 ὃτι
2851 657 2916 707 ἐκ
2951 653 3059 706 τῶν
3101 651 3241 725 πρὸς
3281 650 3512 706 ἐνταῦθα
3568 650 3730 724 ἱερῶν

2143 749 2236 802 καὶ
2302 749 2410 800 τῶν
2471 749 2527 800 ὲν
2566 746 2749 809 αὐτοῖς
2795 745 2986 818 ἱερέων
3041 744 3523 816 ἤκουσταιδδνομα
3591 743 3730 814 Χρι-

2146 856 2297 892 στου.

2212 1038 2286 1090 Τὸ
2315 1036 2421 1108 γὰρ
2463 1036 2606 1107 ἱερὸν
2636 1037 2736 1108 τῆς
2773 1036 2950 1108 ’Ἥρας
2991 1035 3141 1099 ἐστὶν
3181 1035 3296 1087 ἐκεῖ
3335 1033 3444 1104 (98)
3472 1033 3732 1086 ἐπέκεινα

2141 1129 2248 1182 τῶν
2280 1129 2572 1198 βασιλικῶν
2603 1128 2906 1200 μελάθρων,
2924 1128 3058 1199 ὅπερ
3077 1125 3257 1198 Κῦρος
3272 1128 3299 1177 ὁ
3317 1125 3567 1194 βασιλεὺς
3587 1125 3729 1194 (99),

2141 1222 2169 1273 ὁ
2202 1222 2380 1290 πάσης
2413 1219 2695 1282 εὐσεϐείας
2737 1218 3009 1288 γνώστης,
3054 1215 3422 1270 κατεσκεύασε
3470 1216 3564 1268 καὶ
3604 1215 3732 1268 ἀνέ-

2143 1311 2311 1383 θηκεν
2359 1311 2596 1381 ὀνόματα
2628 1307 2784 1374 θεῶν,
2819 1307 3140 1378 ἀνδριάντας
3171 1303 3407 1378 χρυσοῦς
3433 1305 3525 1358 καὶ
3561 1305 3740 1378 ἀργυ-

2145 1403 2288 1476 ρούς,
2307 1403 2400 1456 καὶ
2436 1402 2747 1473 ἐκόσμησεν
2789 1399 2986 1461 αὐτοὺς
3034 1396 3201 1460 λίθοις
3234 1395 3597 1462 πολυτελέσιν,
3646 1397 3735 1450 ἵνα

2145 1498 2218 1568 μὴ
2249 1495 2452 1567 ταύτης
2486 1495 2806 1565 κοσμήσεως
2833 1491 3006 1560 λέγων
3028 1489 3267 1562 διασύρω
3290 1489 3379 1542 τὸν
3410 1488 3588 1556 λόγον.

2213 1590 2352 1642 Κατ’
2393 1587 2608 1651 ὲκείνας
2655 1587 2712 1638 δὲ
2758 1585 2856 1648 τὰς
2883 1584 3098 1654 ἡμέρας
3129 1583 3224 1651 (ὡς
3263 1583 3318 1635 αἱ
3352 1582 3736 1654 γεγραμμέναι

2143 1679 2349 1750 πτύχες
2381 1675 2741 1746 διδάσκουσιν)
2779 1673 3109 1735 εἰσελθόντος
3153 1673 3246 1724 τοῦ
3277 1671 3539 1742 βασιλέως
3567 1673 3647 1735 εἰς
3672 1671 3735 1724 τὸ

2144 1774 2288 1846 ἱερὸν
2323 1775 2416 1826 καὶ
2451 1771 2606 1824 λύσιν
2636 1769 2932 1840 ὀνειράτων
2968 1765 3128 1819 τινῶν
3153 1764 3441 1835 δεξομένου
3477 1764 3551 1835 (l)
3575 1804 3590 1827 ,
3625 1763 3734 1836 ἔφη

462 1857 744 1928 ingressus
773 1868 937 1925 esset,
959 1857 1271 1928 Prupupius
1298 1859 1552 1915 sacerdos
1579 1859 1646 1914 ad
1672 1875 1796 1913 eum
1830 1859 2042 1928 inquit:

2163 1865 2295 1936 ιύτῷ
2325 1869 2352 1919 ὁ
2379 1864 2556 1935 ἱερεὺς
2587 1860 2965 1932 Προυπούπιος
2984 1875 2997 1888 ο
3021 1857 3305 1928 Συγχαίρω
3339 1873 3440 1918 σοι,
3473 1857 3732 1911 δέσποτα.

461 1947 720 2004 Gratulor
740 1951 859 2014 tibi,
891 1951 1112 2004 domine
1143 1952 1238 2012 mi.
1273 1951 1416 2006 Juno
1447 1952 1712 2020 concepit.
1745 1950 2044 2005 Subridens

463 2057 558 2096 rex
594 2041 875 2112 respondit
907 2059 920 2096 :
949 2043 1100 2096 Itane
1135 2057 1265 2096 vero
1313 2041 1458 2098 Juno
1500 2052 1715 2096 mortua
1759 2040 2046 2111 concepit?

462 2132 563 2187 Cui
593 2133 850 2188 sacerdos
881 2150 893 2186 :
930 2132 1026 2186 lta.
1060 2131 1204 2186 Juno
1234 2143 1448 2195 mortua
1485 2133 1704 2196 revixit,
1738 2143 1792 2187 et
1822 2141 2047 2203 generat

463 2227 652 2280 vitam.
698 2226 838 2292 Quid
883 2225 987 2280 hoc
1036 2226 1149 2280 rei?
1197 2227 1272 2280 ait
1333 2242 1447 2280 rex.
1482 2225 1737 2295 Apertius
1783 2225 1918 2279 mihi
1953 2225 2047 2280 de-

463 2319 634 2374 elara.
667 2319 766 2373 Cui
805 2319 894 2373 ille
928 2336 942 2374 τ
977 2317 1188 2372 Revera
1216 2359 1229 2382 ,
1263 2318 1485 2372 domine
1531 2318 1626 2380 mi,
1669 2329 1903 2386 tempus,
1936 2333 2047 2386 quo

463 2409 580 2464 haec
611 2409 762 2472 tiant,
793 2410 1029 2465 advexit.
1063 2407 1195 2463 Tota
1209 2410 1353 2464 enim
1382 2419 1540 2463 nocte
1563 2409 1833 2478 praeterita
1852 2417 2048 2462 statuae

465 2515 659 2555 omnes
707 2499 936 2554 deorum
960 2500 1316 2554 tammarium
1330 2516 1492 2569 quam
1518 2498 1839 2554 feminarum
1869 2499 2046 2568 tripu-

464 2594 665 2648 diando
714 2593 1144 2663 pervigilarunt,
1201 2592 1446 2646 dicentes
1503 2592 1646 2645 inter
1694 2607 1752 2646 se
1783 2607 1800 2647 :
1832 2591 2044 2654 Venite,

465 2685 908 2754 congratulemur
960 2683 1184 2739 Junoni.
1235 2683 1376 2750 Quin
1423 2684 1489 2738 ad
1537 2684 1801 2753 meipsum
1829 2699 2049 2754 quoque

465 2774 721 2830 dixerunt
768 2793 782 2828 :
835 2774 1132 2839 Adesdum,
1176 2774 1472 2844 propheta!
1513 2773 1908 2841 'congratulare
1948 2772 2048 2827 Ju-

467 2868 620 2922 noni.
651 2866 843 2920 Amata
875 2875 960 2921 est.
996 2867 1164 2921 enim.
1213 2866 1423 2932 Quibus
1452 2880 1552 2934 ego
1585 2883 1598 2919 :
1635 2865 1921 2930 Quomodo
1953 2881 2051 2934 po-

467 2968 574 3014 test
601 2959 796 3023 amari,
845 2975 967 3027 quae
1009 2959 1194 3012 tandiu
1237 2957 1350 3028 jam
1381 2973 1411 3012 e
1449 2958 1589 3012 vivis
1612 2957 1879 3011 excessit?
1937 2956 2047 3012 Re-

467 3053 800 3122 sponderunt
829 3051 902 3106 illi
945 3071 957 3107 :
993 3051 1227 3117 Revixit,
1255 3067 1354 3106 nec
1376 3051 1610 3120 amplius
1637 3050 1779 3105 Juno
1804 3061 2047 3117 vocatur,

469 3145 564 3200 sed
600 3144 875 3200 Cwlestis.
920 3143 1014 3198 Sol
1045 3145 1190 3198 enim
1223 3160 1454 3213 magnus
1475 3145 1678 3197 amavit
1710 3161 1850 3199 eam.
1884 3144 2048 3200 Dixe-

469 3246 601 3293 runt
633 3252 795 3308 porro
830 3235 1044 3291 femina:
1087 3236 1153 3290 ad
1182 3251 1358 3291 mares
1379 3275 1393 3298 ,
1429 3235 1774 3292 manifestius
1802 3253 1913 3291 rem
1953 3253 2049 3292 ex-
2076 3225 2116 3284 C

467 3330 734 3399 pllcantes
776 3327 1105 3399 :Scaturigo
1146 3338 1227 3382 est
1272 3339 1472 3383 amata.
1516 3327 1706 3384 Nonne
1733 3331 1876 3384 enim
1906 3329 2050 3386 Juno

470 3420 685 3477 fabrum
721 3422 824 3478 sibi
858 3422 1248 3490 desponsavit?
1272 3450 1340 3460 —
1373 3420 1794 3491 Responderunt
1823 3439 2002 3480 mares
2033 3443 2046 3480 :

470 3513 628 3580 Quod
661 3515 782 3584 jure
813 3515 976 3568 etiam
1008 3512 1297 3584 Scaturigo
1328 3513 1660 3582 appelletur,
1695 3518 2047 3581 assentimur,

470 3603 674 3658 Verum
707 3615 886 3658 autem
915 3605 1086 3672 ipsius
1119 3619 1316 3658 nomen
1342 3615 1423 3660 est
1456 3605 1645 3676 Myria.
1678 3607 1877 3661 Navem
1904 3610 2050 3663 enim

472 3697 800 3760 onerariam,
852 3697 1157 3750 innumeris
1216 3697 1379 3751 rebus
1446 3697 1740 3768 repletam,
1784 3699 1837 3753 in
1899 3710 2052 3754 utero

474 3798 731 3857 tanquam
759 3789 811 3841 in
836 3789 1028 3858 pelago
1051 3797 1244 3859 gestat.
1271 3787 1424 3854 Quod
1444 3791 1486 3844 si
1510 3791 1672 3844 etiam
1694 3789 2052 3860 Scatnriginis

474 3883 699 3936 nomine
743 3881 1078 3951 indigitetur,
1135 3882 1208 3936 ita
1246 3893 1328 3938 est
1364 3883 1772 3954 intelligendum
1803 3903 1817 3937 :
1855 3881 2052 3938 Seatu-

475 4027 646 4082 setur,
681 4031 732 4073 et
762 4033 824 4072 ea
857 4034 978 4088 qme
1012 4033 1075 4071 ex
1107 4016 1272 4072 Miclt.
1307 4017 1468 4088 Psclli
1503 4018 1642 4072 libro
1679 4018 1881 4073 inedito
1919 4022 2056 4073 θαυ-

470 4090 623 4159 μασι
627 4107 708 4142 ων
732 4091 789 4143 Ἀ
800 4087 1155 4157 πεισμάτων
1176 4087 1450 4156 ἰατρικῶν
1463 4091 1558 4142 καὶ
1579 4089 1854 4158 φυσικῶν
1870 4091 2054 4156 vulga-

477 4163 554 4213 vit
584 4159 907 4214 Lambecius
936 4177 968 4228 p
1021 4159 1263 4214 472-479
1305 4160 1436 4213 edit.
1481 4159 1725 4214 Kollarii.
1760 4160 1913 4213 Addo
1945 4161 2053 4226 hic,

477 4230 719 4283 Africani
753 4230 1012 4298 opuscula
1058 4231 1109 4283 in
1152 4232 1479 4299 quibusdam
1510 4231 1711 4299 decreti
1755 4231 2053 4297 Celasiani,
2135 4259 2139 4262 -

477 4300 619 4369 quod
677 4297 857 4354 exstat
909 4301 1148 4354 distinet.
1171 4297 1288 4360 ‘15.
1325 4316 1444 4354 can.
1509 4301 1582 4362 5,
1634 4297 1867 4362 Sancta,
1921 4317 2056 4370 apo-

478 4371 701 4440 graphis
741 4372 1010 4424 reeenseri
1049 4371 1188 4424 inter
1221 4371 1707 4441 apocrypha,quod
1744 4387 1855 4442 prie
1873 4372 2054 4426 omni-

479 4442 584 4495 bus
617 4451 762 4494 certe
798 4442 922 4495 huic
950 4443 1251 4494 narrationi
1289 4443 1560 4496 convenit.

555 4511 670 4583 (95)
699 4511 805 4583 Ms.
833 4523 1080 4583 uterque,
1110 4523 1445 4583 repugnante
1474 4520 1754 4575 contextu,
1788 4511 1918 4583 γάρ.

553 4574 665 4653 (96)
699 4579 900 4654 Vocem
937 4574 1277 4654 ἀλκλαρίαιςξ
1329 4599 1356 4635 a
1405 4583 1583 4654 lingua
1618 4574 1811 4636 Graeca
1837 4574 2060 4654 prorsus
2092 4574 2136 4631 D

481 4651 752 4713 alienam.
810 4653 1070 4736 exhibent
1116 4651 1252 4736 nisls.
1291 4651 1893 4736 Iaﬂlbtl:.SlglliiiCtlllIO
1941 4653 2060 4736 ejth

481 4733 627 4793 patet
649 4739 713 4777 ex
747 4724 1127 4791 sequentibus,
1165 4723 1256 4775 ubi
1291 4723 1410 4793 loco
1444 4723 1613 4793 ipsius
1646 4724 1908 4777 voeabula
1935 4723 2064 4774 πτύ-

484 4792 599 4864 χες,
660 4793 871 4856 πέταλα
929 4804 1245 4847 occurrunt.
1297 4792 1479 4864 Origo
1513 4809 1574 4847 ex
1633 4795 1788 4848 initio
1850 4795 2062 4848 videtur

483 4865 739 4918 Arabica.

555 4935 668 5001 (97)
697 4934 796 4988 Ms.
830 4942 1058 5002 uterque
1087 4934 1285 4988 solmce
1303 4975 1316 4997 ,
1345 4937 1573 4989 κεῖνται.

557 5006 665 5072 (98)
696 5007 801 5058 Ms.
835 5015 1062 5076 uterque
1100 5005 1160 5056 τὸ
1186 5005 1292 5075 γάρ
1329 5005 1470 5076 ἱερὸν
1501 5004 1600 5074 τῆς
1625 5005 1831 5076 Ἤρας,
1864 5004 1892 5056 ὃ
1916 5008 2062 5058 ἐστιν

484 5076 761 5145 ἐπέκεινα,
816 5092 869 5127 κ.
904 5090 951 5125 τ.
987 5073 1034 5128 λ.
1071 5073 1277 5144 absque
1316 5073 1480 5129 verbo
1507 5115 1520 5138 ,
1560 5073 1713 5145 quod
1739 5077 1806 5129 ad
1853 5087 2061 5130 rectum

489 5145 640 5217 ἱερόν
658 5144 977 5217 referretur.

560 5215 671 5285 (99)
711 5214 1070 5268 Artaxerxem
1128 5214 1439 5284 quemdam.
1496 5214 1788 5269 Persarum
1836 5231 2060 5283 regem,

487 5284 705 5340 Parthis
732 5286 1034 5354 subjectum
1057 5327 1072 5351 ,
1105 5287 1197 5354 qui
1228 5286 1465 5354 Pompeii
1491 5295 1546 5340 et
1574 5286 1809 5340 Caesaris
1837 5288 2062 5354 mqualis

489 5357 674 5421 fuerit,
699 5366 1092 5426 commemorat
1116 5356 1390 5409 Lucianus
1414 5357 1553 5409 inter
1579 5358 1851 5426 longaevos
1883 5357 2063 5410 libello

487 5426 628 5495 Περὶ
653 5428 1007 5497 μακροϐίων.
1044 5425 1245 5496 Cyrum
1271 5427 1434 5488 hunc,
1467 5425 1696 5481 Christo
1716 5439 1843 5480 nato
1865 5443 2064 5497 suppa-

487 5512 628 5557 rcm,
658 5496 773 5566 sola
805 5499 995 5550 harum
1029 5511 1298 5566 nugarum
1330 5497 1652 5552 auctoritate
1679 5507 1924 5551 astruere
1955 5496 2063 5552 non

489 5567 689 5622 ausim.
721 5565 917 5638 liotum
943 5567 1297 5635 caeteroquin,
1326 5581 1520 5638 novam
1545 5583 1775 5637 eamque
1805 5567 2062 5638 indepen-

487 5639 705 5691 dentem
739 5635 1029 5691 Persarum
1062 5636 1435 5690 monarchiam
1471 5635 1703 5691 όειηιιηῐ
1721 5639 1914 5706 quinto
1934 5635 2065 5694 Ale-

489 5707 682 5761 xandri
732 5706 915 5760 Severi
966 5723 1110 5760 anno
1140 5707 1208 5762 ab
1241 5706 1541 5761 Artaxerxe
1568 5749 1583 5774 ,
1613 5723 1803 5764 everso
1832 5707 2064 5765 Partho-

490 5793 610 5834 rum
639 5777 885 5846 imperio,
914 5785 1270 5832 restauratam
1303 5793 1442 5833 esse.

563 5847 640 5920 (l)
698 5847 798 5904 Hs.
859 5856 1088 5920 uterque
1149 5846 1299 5904 λύσιν
1361 5848 1704 5922 ὸνειρατείων
1758 5849 2058 5924 δεξόμενος,

2160 1959 2224 2010 Ἠ
2260 1955 2406 2028 Ἦρα
2431 1959 2487 2008 ὲν
2520 1955 2714 2025 γαστρὶ
2749 1952 2960 2006 ἔλαϐεν.
3001 1951 3058 2004 Ὀ
3083 1951 3138 2004 δὲ
3167 1950 3416 2019 βασιλεὺς
3453 1949 3738 2019 μειδιάσας

2145 2049 2293 2118 λέγει
2323 2046 2500 2117 αὐτῷ·
2551 2045 2614 2098 Ἠ
2648 2042 2884 2098 θανοῦσα
2909 2044 2964 2095 ὲν
2999 2042 3195 2112 γαστρὶ
3229 2042 3376 2111 ἔχει;
3424 2041 3480 2094 't)
3506 2040 3562 2092 δὲ
3597 2041 3733 2110 ἔφη·

2146 2142 2275 2196 Ναί.
2315 2141 2378 2193 Ἦ
2411 2137 2647 2192 θανοῦσα
2679 2137 2909 2207 ἀνέζησε
2941 2135 3038 2204 (2),
3075 2134 3170 2187 καὶ
3197 2133 3340 2206 ζωὴν
3365 2135 3545 2204 γεννᾷ.
3585 2132 3644 2186 '0
3678 2133 3736 2186 δὲ

2151 2233 2432 2304 βασιλεύς’
2472 2231 2535 2283 Τί
2574 2229 2765 2293 τοῦτο;
2802 2227 3102 2298 Σαφήνισόν
3154 2243 3261 2297 μοι.
3324 2227 3379 2279 Ὀ
3425 2226 3512 2278 δέ’
3578 2224 3737 2294 Ἀλη-

2149 2325 2276 2388 θῶς,
2308 2324 2561 2385 δέσποτα,
2595 2324 2784 2393 καιρὸς
2813 2319 3014 2389 ἔφθασε
3044 2317 3150 2370 τῶν
3175 2316 3379 2370 τούτων
3415 2317 3511 2386 (5).
3545 2317 3736 2368 Πᾶσαν

2149 2416 2258 2488 γὰρ
2293 2417 2391 2487 τὴν
2431 2416 2602 2469 νύκτα
2636 2413 2703 2466 τὰ
2736 2411 3025 2481 ἀγάλματα
3057 2409 3276 2480 ἔμειναν
3309 2407 3598 2480 χορεύοντα
3619 2448 3632 2473 ,
3667 2407 3739 2461 τά

2147 2527 2208 2564 τε
2248 2509 2476 2581 ἀνδρικά
2524 2509 2617 2562 καὶ
2671 2506 2741 2560 τὰ
2794 2509 3100 2574 γυναικεῖα,
3163 2504 3392 2574 λέγοντα
3449 2501 3734 2573 ἀλλήλοιςθ

2149 2601 2347 2667 Δεῦτε,
2384 2602 2766 2672 συγχαίρωμεν
2802 2599 2876 2670 (4)
2908 2602 2973 2671 τῇ
3014 2600 3180 2670 Ἥρᾳ.
3220 2599 3329 2650 Καὶ
3356 2596 3572 2666 λέγουσί
3609 2612 3734 2667 μοι’

2149 2693 2410 2764 Προφῆτα
2433 2733 2447 2756 ,
2479 2693 2675 2760 ὕπαγε,
2715 2690 3020 2762 συγχάρηθι
3053 2693 3118 2760 τῇ
3153 2689 3334 2760 Ἵῐρᾳ,
3371 2689 3451 2741 ὅτι
3479 2687 3736 2758 ὲφιλήθη.

2163 2785 2304 2854 Ἐγὼ
2336 2786 2392 2839 δὲ
2426 2781 2610 2838 εἷπον’
2650 2784 2774 2847 Πῶς
2812 2783 2885 2854 (5)
2926 2783 3037 2853 ἔχει
3074 2781 3419 2852 φιληθῆναιή
3458 2781 3531 2851 μὴ
3562 2777 3739 2844 οὔσας

2151 2879 2340 2933 Ἀτινα
2383 2878 2653 2946 λέγουσιν,
2695 2877 2777 2929 ὅτι
2827 2876 3091 2944 ἀνέζησε,
3142 2876 3234 2927 καὶ
3286 2873 3467 2926 οὐκέτι
3519 2872 3742 2940 λέγεται

2153 2969 2321 3040 ’Ἥρα,
2357 2967 2431 3039 (6)
2472 2967 2584 3020 ἀλλ’
2625 2967 2885 3040 Οὐρανία.
2926 2967 3114 3033 Μέγας
3151 2965 3258 3037 γὰρ
3292 2965 3478 3028 ’Ἥλιος
3511 2964 3585 3034 (7)
3622 2965 3744 3034 ἐφί-

2150 3058 2312 3130 λησεν
2343 3061 2532 3130 αὐτὴν.
2563 3061 2628 3112 Δί
2661 3059 2716 3112 δὲ
2750 3058 2960 3131 θήλειαι
2982 3059 3119 3128 πρὸς
3151 3059 3278 3121 τοὺς
3300 3057 3497 3127 ἄνδρας
3528 3055 3741 3125 ἔλεγον,

2152 3151 2310 3224 δῆθεν
2368 3151 2428 3204 τὸ
2501 3153 2734 3224 πρᾶγμα
2784 3151 3226 3216 διευτελίςουσαι·
3298 3149 3454 3220 Πηγή
3513 3150 3661 3202 ἐστιν
3707 3151 3744 3220 ἡ

2152 3244 2466 3316 φιληθεῖσα·
2529 3245 2603 3315 μὴ
2657 3244 2766 3316 γὰρ
2799 3247 2832 3316 ἡ
2861 3245 3006 3315 Ἥρα
3025 3243 3252 3296 τέκτονα
3291 3242 3742 3314 ὲμνηστεύσατος

2151 3340 2247 3392 καὶ
2279 3338 2526 3407 λέγουσιν
2559 3339 2606 3390 οἱ
2633 3337 2854 3409 ἄνδρες
2915 3337 3034 3390 Ὅτι
3087 3337 3184 3407 μὲν
3224 3335 3385 3407 Πηγὴ
3417 3334 3640 3397 δικαίως
3666 3334 3744 3388 εἵ-

2157 3449 2334 3504 ρηται,
2389 3430 2785 3502 ἀποδεχόμεθα.
2822 3429 3006 3502 Μυρία
3039 3429 3093 3482 δὲ
3126 3429 3296 3498 αὐτῆς
3336 3425 3594 3497 τοῦνομα,
3622 3427 3748 3495 ἣτις

2152 3526 2208 3577 ὲν
2261 3525 2441 3596 μήτρᾳ
2480 3523 2554 3586 ὼς
2585 3526 2642 3575 ὲν
2683 3523 2908 3592 πελάγει
2949 3523 3295 3595 μυριαγωγὸν
3335 3520 3532 3573 ὁλκάδα
3565 3520 3743 3592 φέρει.

2163 3614 2229 3668 Ἦ
2256 3616 2312 3668 δὲ
2349 3616 2442 3668 καὶ
2479 3615 2635 3688 Πηγὴ
2675 3615 2810 3688 αὐτη
2833 3656 2847 3680 ,
2882 3615 3025 3668 οὕτω
3057 3615 3309 3669 νοείσθω·
3348 3614 3507 3687 Πηγὴ
3553 3615 3748 3680 ὓδατος

2154 3709 2332 3781 πηγὴν
2377 3708 2686 3780 πνεύματος
2734 3708 3027 3773 ἀεπιναῖζει.
3090 3708 3186 3760 ἕνα
3237 3708 3394 3778 μόνον
3458 3707 3609 3777 ἰχθὺν
3669 3708 3746 3777 (8)

2153 3802 2371 3872 ἔχουσα,
2429 3800 2632 3872 τῷτῆς
2695 3800 2950 3871 θεότητος
2999 3801 3284 3872 ἀγκίστρῳ
3335 3800 3746 3870 λαμϐανόμενον

2154 3893 2249 3945 καὶ
2279 3892 2352 3964 (9)
2375 3892 2465 3945 τὸν
2506 3891 2683 3944 πάντα
2731 3891 2934 3963 κόσμον
2959 3933 2973 3957 ,
3007 3891 3082 3955 ὡς
3114 3895 3170 3945 ἐν
3215 3891 3458 3963 θαλάσσῃ
3513 3890 3750 3961 διαγινό·

2156 4033 2359 4086 omissa
2392 4031 2556 4085 etiam
2601 4031 2670 4085 ab
2706 4031 2864 4085 initio
2903 4033 3331 4103 constructionis
3372 4033 3590 4103 copula,
3623 4034 3744 4087 καί.

2227 4103 2303 4176 (‘2)
2341 4103 2522 4156 Codex
2563 4103 2759 4176 ordine
2790 4103 3110 4176 Διιογρλθθ,
3159 4102 3404 4176 ὲνέζησε.
3443 4102 3739 4158 Sinceram

2155 4173 2445 4227 lectionem
2494 4172 2661 4226 refert
2705 4172 2875 4227 codex
2912 4173 3001 4226 (il.

2231 4242 2304 4313 ('5)
2331 4241 2432 4297 Ms.
2459 4253 2686 4312 uterque
2706 4287 2722 4310 ,
2749 4245 2938 4314 καιρὸς
2969 4243 3171 4313 ἔφθασε
3203 4244 3271 4297 τὰ
3303 4244 3560 4312 ἐνταῦθα,
3593 4245 3750 4314 quod

2157 4322 2284 4382 οριο
2317 4329 2480 4368 sensu
2508 4322 2677 4368 caret.

2338 4383 2444 4457 llis.
2480 4394 2708 4457 uterque
2738 4384 3016 4457 mendose,
3044 4384 3435 4457 συγχωρῶμεν.

2231 4455 2308 4525 (ὃ)
2338 4453 2446 4508 Ριό
2487 4455 2626 4518 πῶς,
2669 4457 2814 4524 quod
2860 4455 3020 4510 unice
3075 4453 3182 4511 huc
3222 4453 3476 4526 Quadrat,
3528 4455 3582 4510 in
3638 4471 3747 4512 ms.

2164 4533 2397 4594 utroque
2425 4537 2706 4578 exaratum
2738 4542 2840 4588 τις.

2236 4595 2310 4664 (6)
2353 4595 2678 4650 Antithesim
2715 4595 3006 4663 quamdam
3057 4596 3111 4650 in
3139 4595 3352 4652 dnolms
3380 4597 3530 4650 hisee
3562 4597 3751 4649 nomi-

2166 4665 2329 4719 nibus
2359 4665 2508 4734 ’Ἡρα
2533 4675 2587 4719 et
2616 4665 2858 4735 Οὐρανία
2900 4676 3080 4735 captat
3117 4676 3330 4730 auctor,
3361 4667 3564 4734 prioris
3600 4668 3750 4719 deri-

2166 4737 2564 4815 vatione_l'acta
2615 4737 2683 4789 ab
2708 4735 2827 4808 ἔρα,
2870 4747 3034 4806 terra,
3078 4749 3138 4794 ut
3166 4737 3300 4791 adeo
3329 4738 3438 4810 ἦρα
3476 4737 3548 4791 sit
3588 4737 3750 4806 quasi

2167 4814 2452 4858 terrestris.

2211 4874 2461 4998 ,(7)ιὲἱο
2491 4875 2662 4930 codex
2702 4874 2792 4930 6i.
2841 4875 3026 4932 Codex
3059 4871 3160 4926 M9
3203 4877 3544 4948 simpliciter,
3588 4877 3617 4930 ὁ
3651 4877 3753 4948 μὲν

2211 4963 2272 4998 κο
2401 4961 2512 4998 .ιος.

2204 4959 2272 5008 αρ
2307 4959 2512 5008 ”ΠΙ.ιος.

2164 4962 2575 5087 Y3‘58)igiiotigine
2614 5016 2731 5070 hmc
2781 5015 3210 5087 illustratqlocus
3252 5017 3310 5071 S.
3343 5018 3632 5087 Augustini
3678 5018 3754 5072 Ile

2167 5087 2309 5139 civit.
2329 5085 2448 5151 Dei,
2475 5087 2744 5151 lib.xvm,
2770 5104 2820 5142 c.
2846 5087 2950 5140 25:
2981 5106 2998 5138 ‹
3024 5085 3228 5158 Horum
3249 5085 3559 5144 Grmeorum
3587 5090 3754 5158 quin-

2166 5172 2272 5230 que
2320 5158 2645 5230 verborum,
2693 5174 2814 5230 quae
2863 5166 3004 5230 sunt
3061 5156 3265 5230 Ἰησοῦς
3329 5161 3562 5230 Χριστὸς
3606 5156 3753 5230 Θεοῦ

2167 5226 2293 5299 Ito;
2341 5228 2552 5299 Σωτήρ,
2595 5226 2742 5297 quod
2776 5237 2856 5284 est
2893 5226 3130 5289 Latine,
3166 5227 3326 5284 Jesus
3365 5226 3620 5288 Christus
3654 5229 3755 5283 Dei

2165 5295 2340 5368 Filius
2400 5295 2651 5352 Salvator
2714 5299 2760 5352 si
2823 5299 3029 5368 primas
3085 5299 3296 5354 litteras
3343 5301 3580 5368 jungas,
3648 5300 3757 5353 erit

2170 5366 2344 5451 (Ἀθύρ,
2361 5368 2415 5421 id
2436 5376 2518 5422 est
2538 5369 2792 5451 piscis,'.in
2813 5366 2924 5451 quo
2947 5370 3168 5451 nomine
3190 5366 3755 5451 mysticeintelligitur

2165 5438 2440 5512 Christus,
2459 5454 2524 5493 eo
2553 5441 2699 5512 quod
2731 5441 2792 5512 in
2813 5439 2980 5512 hujus
3007 5438 3356 5494 mortalitatis
3383 5442 3581 5512 abysso
3605 5440 3756 5495 velut

2166 5506 2221 5561 in
2259 5524 2520 5582 aquarum
2545 5506 2911 5582 profunditate
2932 5510 3110 5573 vivus,
3141 5512 3242 5564 hoc
3257 5521 3339 5566 est
3370 5506 3486 5566 sine
3505 5519 3752 5582 peccato,

2165 5593 2298 5652 esse
2313 5581 2564 5652 potuerit.
2592 5581 2900 5652 iCaaterum
2928 5595 3060 5636 usus
3082 5584 3322 5652 mystica:
3338 5581 3754 5652 hujusappella-

2166 5649 2338 5722 tionis
2353 5649 2799 5722 Augustiniva
2824 5651 2982 5722 longe
3023 5649 3301 5722 antiquior
3328 5693 3344 5716 ,
3375 5649 3522 5722 quod
3552 5649 3650 5706 'vel
3682 5665 3754 5706 ex

2167 5721 2289 5794 solo
2302 5719 2594 5794 Clementis
2610 5719 2964 5794 Alexandrini
2995 5719 3273 5794 hymnoin
3293 5719 3567 5780 Christum
3583 5728 3751 5794 patet.

2241 5789 2318 5862 (9)
2347 5789 2553 5865 Copula
2579 5791 2672 5846 καί
2706 5792 2762 5849 in
2797 5789 3159 5865 utroque'ms.
3189 5792 3359 5851 deest.
