3966 6500
206 370 292 425 101
784 367 1058 426 SPURIA.
1092 399 1164 412 —
1201 369 1288 424 DE
1323 367 1553 426 REBUS
1581 365 1896 423 PERSICIS
1935 365 2112 422 POST
2142 364 2502 424 CHRISTUM
2535 364 2803 422 NATUM.

3338 369 3446 426 1οΞ

199 502 367 558 μενον,
418 485 527 558 ἰδίᾳ
580 488 746 559 σαρκὶ
781 489 1070 560 -τρέφοντα
1135 490 1266 561 (10).
1321 489 1518 554 Καλῶς
1569 489 1760 559 έφητεη

1885 490 2002 559 rigo
2048 490 2164 545 haec
2227 504 2384 559 aquae
2436 504 2729 559 perennem
2784 487 3010 559 spiritus
3066 486 3456 560 scaturiginem

197 577 427 632 Τέκτονα
475 578 589 650 ἔχει
621 580 840 652 ἐκείνη·
889 581 1002 634 ἀλλ’
1033 582 1132 636 οὐκ
1157 585 1221 635 ἐκ
1261 581 1452 652 λέχους
1497 582 1610 635 ἴσον
1659 581 1770 651 (11)

193 668 358 725 τίκτει
381 670 472 724 τὸν
502 671 751 726 τέκτονα.
785 668 954 738 Οὗτος
976 674 1084 746 γάρ
1111 677 1139 730 6
1171 674 1510 746 γεννώμενος
1543 675 1768 738 τέκτων,

193 761 335 816 ὁτοῦ
377 763 743 835 τεκτονάρχου
787 769 917 830 παῖς
940 807 954 830 ,
1003 767 1094 818 τὸν
1130 765 1486 838 τρισύστατον
1539 765 1770 838 ούρανοῦ

191 851 380 925 δροφον
408 857 729 928 ὲτεκτόνησε
760 860 1054 926 πανσόφοις
1080 861 1323 928 τέχναις,
1365 861 1464 933 τὴν
1493 860 1771 931 τρικάτοι-

194 964 280 1001 κον
311 948 520 1020 ταύτην
550 951 827 1019 στεγοτίδα
862 952 971 1023 (12)
1002 952 1144 1022 λόγῳ
1177 952 1372 1024 πήξας.

1877 580 2199 652 profundit,
2239 595 2362 650 qua:
2397 581 2619 636 nonnisi
2659 581 2884 635 unicum
2925 582 2988 635 ἱιτ
3011 596 3070 636 se
3099 582 3304 651 piscem
3329 601 3461 636 Cott-

1879 673 2034 736 tinet,
2082 672 2384 727 divinitatis
2439 674 2602 728 hamo
2635 681 2878 742 captum,
2928 682 3093 743 atque
3140 675 3456 729 universum

1878 764 2143 819 mundum
2175 779 2280 818 non
2313 779 2494 829 secus,
2526 781 2590 819 ac
2619 765 2664 819 si
2706 765 2760 819 in
2794 766 2930 820 mari
2967 774 3136 834 esset,
3167 782 3332 821 carne
3359 783 3458 822 sua

1878 858 2228 912 nutrientem.
2280 857 2443 911 Recte
2498 857 2735 921 dixistis,
2777 858 2954 927 ipsam
3012 858 3168 912 fabro
3214 860 3458 928 junctam

1878 964 2020 1004 esse.
2065 945 2184 1000 Non
2217 955 2396 1001 tamen
2437 963 2503 1001 ex
2528 949 2632 1003 isto
2663 949 2921 1019 conjugio
2953 951 3217 1020 aequalem
3246 951 3345 1020 ipsi
3380 953 3458 1006 fa-

192 1041 346 1098 brum
388 1047 551 1114 parit.
600 1045 706 1100 Iste
753 1048 895 1101 enim
931 1049 1024 1117 qui
1075 1049 1340 1114 nascitur,
1399 1048 1572 1114 faber,
1638 1047 1918 1102 fabrorum
1965 1044 2227 1114 principis
2279 1053 2362 1098 est
2401 1044 2579 1110 filius,
2644 1048 2734 1116 qui
2776 1047 2988 1101 ini-inita
3041 1065 3139 1101 sua
3188 1050 3456 1117 sapientia

193 1152 503 1207 supremum
562 1141 688 1195 coeli
735 1122 947 1196 tholum
993 1141 1299 1198 fabricatus
1347 1151 1451 1208 est,
1489 1144 1766 1213 simulque
1803 1140 2086 1212 tripliciter
2148 1139 2462 1194 distinctam
2529 1141 2670 1196 hanc
2724 1142 3034 1199 inferiorem
3064 1144 3453 1200 habitationem

192 1231 353 1285 verbo
390 1246 495 1284 suo
528 1231 782 1286 firmavit.

259 1323 521 1394 Ἔμειναν
557 1324 688 1391 γοῦν
733 1325 800 1378 τά
843 1325 1133 1397 ἀγάλματα
1182 1328 1586 1397 φιλονεικοῦντα
1639 1330 1768 1400 περὶ

198 1413 365 1486 Ἥρας
397 1416 494 1468 καὶ
522 1417 713 1487 Πηγῆς
734 1419 828 1471 καὶ
858 1419 1153 1490 ὁμοφώνως
1179 1423 1288 1491 (15)
1309 1418 1458 1475 εἶπον
1475 1440 1489 1452 ·
1525 1423 1768 1494 Πληρου-

195 1508 352 1578 μένης
379 1508 481 1578 τῆς
509 1509 720 1580 ἡμέρας
753 1511 812 1562 τὸ
860 1513 1024 1580 σαφὲς
1066 1513 1266 1577 πάντες
1299 1515 1392 1567 καὶ
1427 1517 1596 1568 πᾶσαι
1627 1533 1766 1584 γνω-

191 1599 407 1669 σόμεθα.
436 1599 551 1653 Νῦν
581 1599 694 1666 οὖν,
724 1601 976 1668 δέσποτα,
1011 1605 1346 1677 παράμεινον
1367 1607 1429 1659 τὸ
1455 1606 1637 1660 λοιπὸν
1664 1608 1764 1678 τῆς

188 1691 414 1764 ἡμέρας.
463 1693 689 1756 Πάντως
732 1694 842 1765 γὰρ
878 1695 999 1764 ἥξει
1031 1697 1089 1750 τὺ
1123 1699 1373 1769 πρᾶγμα.
1405 1699 1479 1752 Τὸ
1505 1700 1613 1772 γὰρ
1643 1701 1773 1754 ἀνα-

188 1784 356 1854 κύψαν
390 1785 494 1837 οὐκ
522 1785 638 1838 ἔστι
664 1785 724 1839 τὸ
754 1788 932 1857 τυχόν.

243 1961 548 2026 Μείναντος
580 1962 635 2016 δὲ
680 1964 776 2017 τοῦ
825 1963 1084 2034 βασιλέως
1133 1967 1250 2019 ἐκεῖ
1298 1967 1393 2021 καὶ
1438 1965 1765 2038 θεωροῦντος

183 2054 241 2108 τὰ
279 2055 602 2126 ἀγάλματα,
651 2057 972 2126 αὐτομάτως
1019 2061 1073 2112 αἱ
1121 2059 1483 2133 κινυρίστριαι
1531 2060 1766 2132 (τ1ι1)ἧρ-

185 2143 332 2208 ξαντο
366 2145 590 2216 κρούειν
626 2146 725 2209 τάς
758 2147 984 2219 κινύρας
1018 2149 1126 2220 (15)
1147 2190 1162 2213 ,
1207 2151 1264 2204 αἱ
1294 2151 1350 2203 δὲ
1374 2151 1588 2204 Μοῦσαι
1618 2152 1764 2222 ᾄδειν

181 2239 267 2292 καὶ
308 2239 418 2292 ὅσα
463 2235 534 2310 ἦν
584 2239 732 2292 ἔνδον
791 2241 1092 2312 τετράποδα
1126 2244 1220 2296 καὶ
1262 2243 1482 2297 πετεινά
1529 2245 1766 2316 ἀργυρό-

181 2348 372 2402 χρυσα,
408 2333 640 2385 ἕκαστον
681 2332 780 2405 τὴν
822 2333 956 2388 ἰδίαν
983 2335 1268 2389 ἀπέστειλε
1300 2337 1502 2407 φωνήν.
1555 2336 1661 2388 Τοῦ
1707 2336 1764 2389 δὲ

183 2422 442 2492 βασιλέως
485 2425 879 2494 φρικιάσαντος
918 2428 1010 2480 καὶ
1056 2427 1177 2481 ὅλου
1221 2428 1388 2497 φόϐου
1431 2429 1766 2498 πλησθέντος

181 2515 408 2584 ἤμελλεν
421 2518 756 2589 ἀναχωρεῖν.
785 2519 897 2571 Οὐκ
918 2518 1080 2591 ἔφερε
1109 2520 1216 2590 γάρ
1237 2518 1333 2591 τοῦ
1358 2519 1762 2590 αύτοματισμοῦ

181 2603 259 2656 τὸν
293 2607 560 2677 τάραχον.
599 2607 763 2675 Λέγει
796 2604 888 2661 οὖν
927 2610 1077 2680 αύτῷ
1105 2613 1133 2664 6
1169 2610 1378 2682 ἱερεύς·
1427 2613 1760 2682 Ἀνάμεινον,

183 2698 419 2767 βασιλεῦ.
475 2699 718 2772 Πάρεστι
771 2700 879 2772 γὰρ
917 2701 1098 2756 τελεία
1131 2703 1500 2773 ἀποκάλυψις,
1538 2706 1602 2775 ἧν
1631 2703 1763 2768 Θεὸς

182 2789 304 2843 θεῶν
329 2791 633 2860 σαφηνίσαι
661 2793 796 2862 ἡμῖν
822 2791 1130 2862 ᾑρετίσατο.

242 2883 465 2937 Τούτων
493 2884 550 2936 δὲ
587 2884 729 2938 οὕτω
766 2885 1062 2956 λεχθέντων
1093 2885 1364 2957 διήνοικτο
1385 2888 1414 2940 6
1437 2886 1634 2959 ὄροφος
1669 2889 1764 2944 καὶ

179 2969 443 3039 κατῆλθεν
480 2972 658 3044 ἀστὴρ
706 2971 956 3045 λαμπρὸς
987 2974 1082 3028 καὶ
1121 2973 1250 3045 ἔστη
1291 2976 1472 3029 ἐπάνω
1503 2976 1604 3046 τῆς
1638 2981 1765 3050 στή-

178 3059 266 3133 λης
304 3063 412 3132 τῆς
459 3063 672 3135 Πηγῆς,
722 3065 816 3118 καὶ
862 3065 1012 3136 φωνὴ
1063 3065 1304 3138 ἠκούσθη
1347 3068 1604 3140 τοιαύτη·
1662 3070 1762 3122 Δέ-

179 3167 368 3205 σποινα
417 3152 600 3222 Πηγὴ,
656 3153 686 3204 6
729 3153 904 3222 μέγας
944 3153 1128 3217 Ἥλιος
1158 3153 1443 3207 ἀπέστειλέ
1475 3172 1564 3225 με,
1604 3147 1766 3226 μηνῦοί

1947 1320 2038 1375 Sic
2069 1319 2254 1390 itaque
2296 1329 2490 1375 statua:
2523 1319 2730 1376 diutius
2769 1322 2834 1377 de
2873 1321 3089 1378 Junone
3115 1335 3168 1377 et
3213 1323 3456 1381 Seaturi-

1873 1411 1998 1482 ginc
2015 1411 2436 1466 altercabantur.
2468 1411 2707 1466 Tandem
2730 1415 2977 1469 unanimi
3004 1431 3138 1469 voce
3164 1417 3450 1473 (lixa-unt:

1871 1507 2150 1578 Completa
2182 1508 2268 1562 die
2303 1510 2683 1579 unusquisque
2722 1519 2774 1563 et
2813 1526 3154 1581 unaquaeque
3198 1522 3446 1566 nostrum

1871 1599 1987 1654 haec
2021 1601 2166 1655 clare
2205 1600 2486 1671 intelliget.
2528 1599 2684 1674 Nunc
2726 1603 2929 1673 itaque,
2965 1605 3182 1657 domine
3234 1605 3328 1669 mi,
3367 1622 3453 1660 re-

1877 1693 2088 1764 liquum
2148 1692 2254 1746 diei
2307 1693 2396 1747 hic
2445 1707 2718 1763 exspecta.
2781 1696 3016 1750 Omnino
3062 1696 3206 1750 cnim
3260 1714 3343 1752 res
3380 1698 3452 1753 ita

1873 1784 2108 1847 eveniet,
2135 1797 2236 1836 nec
2265 1783 2486 1852 vulgare
2515 1783 2817 1854 quidquam
2851 1794 2956 1853 est,
2988 1786 3135 1856 quod
3154 1786 3313 1841 modo
3339 1803 3455 1842 ma-

1792 1884 1839 1944 B
1868 1872 2175 1928 nifestalur.

1938 1962 2083 2032 Rege
2121 1964 2305 2033 itaque
2347 1963 2459 2018 illic
2495 1971 2749 2017 manente
2780 1975 2832 2017 et
2860 1973 3072 2020 statuas
3103 1965 3448 2033 observante,

1867 2067 2055 2125 sponte
2074 2072 2170 2111 sua
2189 2057 2513 2127 cinyristrize
2529 2067 2810 2125 coeperunt
2833 2059 3051 2129 cinyras
3072 2059 3310 2128 pulsare,
3333 2057 3452 2112 Mn—

1867 2163 2050 2217 szeque
2073 2159 2316 2215 cantare,
2335 2159 2388 2204 et
2409 2157 2679 2218 quotquot
2704 2149 2758 2202 in
2792 2151 2992 2219 templo
3008 2161 3182 2212 erant,
3210 2153 3450 2222 quadru-

1863 2242 2021 2312 petlia
2050 2249 2102 2296 et
2132 2243 2365 2296 volatilia
2385 2257 2519 2296 auro
2539 2250 2826 2309 etargcnto
2842 2243 3075 2312 sculpta,
3097 2247 3450 2312 unumquod-

1865 2347 1970 2401 que
1986 2347 2172 2387 vocem
2194 2348 2348 2387 suam
2375 2334 2642 2389 emittere.
2670 2334 2783 2388 Rex
2815 2335 2880 2388 ad
2926 2335 3039 2389 inec
3073 2335 3302 2390 horrore
3327 2353 3450 2392 cor-

1865 2433 2052 2493 reptus
2078 2432 2334 2494 totusque
2374 2433 2580 2480 terrore
2604 2426 2908 2494 perculsus,
2936 2426 3210 2497 cogitabat
3232 2428 3446 2484 disces»

1866 2530 2009 2570 sum.
2032 2515 2150 2569 Non
2187 2517 2331 2570 enim
2365 2517 2572 2573 ferebat
2599 2528 2914 2589 spontaneze
2936 2518 3102 2588 hujus
3125 2521 3451 2574 commotio»

1864 2608 1950 2662 nis
1979 2609 2293 2662 tumultum.
2322 2608 2411 2663 Ait
2444 2609 2625 2679 itaque
2651 2609 2720 2663 ad
2761 2610 2913 2663 illum
2942 2610 3199 2664 sacerdos
3227 2629 3240 2664 :
3269 2609 3446 2679 Mane,

1865 2699 1991 2750 rex!
2019 2697 2265 2751 imminet
2289 2699 2435 2752 enim
2471 2699 2632 2753 modo
2658 2701 2816 2770 plena
2840 2700 3038 2754 harum
3076 2717 3261 2756 rerum
3295 2718 3448 2758 reve-

1863 2788 1994 2843 latio
2014 2831 2028 2854 ,
2058 2804 2089 2843 a
2117 2788 2226 2844 Deo
2260 2790 2488 2844 deorum
2522 2792 2681 2847 nobis
2712 2792 3018 2861 pandenda.

1935 2874 2032 2931 llis
2059 2877 2132 2930 ita
2165 2877 2323 2932 dictis
2359 2887 2605 2947 apertum
2636 2891 2717 2936 est
2743 2882 2925 2951 templi
2959 2891 3182 2948 tectum,
3223 2884 3450 2941 descen-

1863 2967 2052 3037 ditque
2082 2969 2239 3024 stella
2278 2971 2582 3040 splendida.
2611 2971 2728 3038 Qua
2767 2989 2929 3043 supra
2966 2977 3278 3030 columnam
3311 2978 3446 3033 Sca-

1863 3059 2116 3129 turiginis
2151 3070 2348 3129 stante,
2381 3063 2495 3118 hazc
2527 3079 2626 3117 vox
2657 3065 2839 3118 audita
2875 3074 2959 3120 est
2993 3085 3006 3120 :
3045 3066 3273 3124 Domina
3311 3069 3448 3126 Sca-

1865 3153 2076 3222 turigo!
2111 3150 2204 3206 Sol
2257 3169 2486 3220 magnus
2544 3155 2693 3208 misit
2735 3171 2822 3209 me
2859 3158 2923 3210 ad
2961 3156 3309 3213 indicandum
3349 3161 3447 3216 tibi

180 3243 261 3296 σαί
296 3261 385 3297 σοι
419 3244 538 3314 ἅμα
573 3244 665 3296 καὶ
687 3244 1002 3316 διακονῆσαι
1033 3246 1100 3299 τὰ
1134 3245 1273 3317 πρὸς
1300 3245 1477 3310 τόκον,
1503 3247 1760 3316 ἀμίαντον

1875 3241 2138 3310 simulque
2178 3243 2630 3310 ministrandum,
2673 3261 2796 3314 qua:
2829 3248 2895 3300 ad
2926 3257 3142 3317 partum
3173 3261 3444 3320 spectant,

177 3335 343 3406 γάμον
383 3335 709 3406 ποιούμενος
745 3336 882 3407 πρὸς
915 3337 996 3402 σὲ,
1055 3337 1229 3408 μῆτερ
1259 3336 1350 3390 τοῦ
1383 3336 1602 3409 πρώτου
1636 3339 1766 3393 πάνυ

177 3443 274 3480 των
317 3428 433 3481 τῶν
468 3428 771 3498 ταγμάτων
796 3430 1078 3500 γινομένη,
1115 3429 1298 3501 νύμφη
1330 3429 1636 3502 τριωνύμου
1671 3449 1766 3502 μο-

177 3518 382 3582 νοθείας
413 3515 570 3573 οὖσα.
598 3520 858 3574 Καλεῐται
892 3521 947 3573 δὲ
972 3520 1033 3573 τὸ
1063 3522 1299 3593 ἄσπορον
1324 3520 1525 3592 βρέφος
1569 3521 1762 3594 Ἀρχὴ,

178 3611 264 3663 καὶ
297 3613 340 3664 Τ
345 3611 472 3675 έλος
491 3651 506 3677 ,
553 3611 697 3683 ἀρχὴ
729 3615 827 3682 μὲν
859 3611 1132 3683 σωτηρίας
1151 3651 1166 3676 ,
1196 3610 1347 3675 τέλος
1371 3612 1428 3665 δὲ
1466 3612 1761 3678 ἀπωλείας.

239 3788 346 3842 Καὶ
382 3788 590 3858 ταύτης
623 3789 722 3859 τῆς
768 3789 950 3860 φωνῆς
997 3788 1242 3859 δοθείσης
1288 3787 1398 3861 (16)
1441 3789 1652 3845 ἅπαντα
1695 3791 1763 3847 τὰ

177 3878 463 3950 ἀγάλματα
509 3879 703 3933 ἔπεσον
735 3881 827 3934 ἐπὶ
865 3882 926 3935 τὸ
960 3881 1280 3952 πρόσωπον,
1319 3881 1489 3952 μόνης
1518 3883 1618 3954 τῆς
1647 3884 1762 3954 Πη-

177 3971 269 4041 γῆς
306 3971 628 4043 ἱσταμένης,
676 3972 733 4024 ἐν
860 3973 1088 4044 εὕρηται
1142 3973 1315 4041 παγὲν
1368 3974 1602 4045 διάδημα
1649 3977 1759 4050 (17)

179 4059 470 4128 βασιλικὸν,
518 4061 642 4132 ἕχον
682 4064 867 4117 ἐπάνω
911 4063 1077 4117 αὑτοῦ
1122 4063 1183 4128 ἐξ
1209 4065 1478 4137 ἄνθρακος
1505 4067 1599 4122 καὶ
1631 4084 1764 4139 σμα-

179 4153 367 4224 ράγδου
424 4153 801 4226 λιθοκόλλητον
849 4156 1075 4228 ἀστέρα.
1144 4157 1430 4230 ’Υπεράνω
1481 4159 1538 4212 δὲ
1589 4160 1760 4232 αὐτῆς

175 4242 352 4297 ἵστατο
390 4246 418 4297 ὁ
443 4245 583 4316 ἀστή
594 4261 643 4316 ρ.

238 4337 392 4408 Ταχὺ
418 4336 473 4391 δὲ
505 4338 834 4410 προστάττει
861 4341 888 4392 ὁ
913 4338 1184 4415 βασιλεὺς,
1217 4341 1523 4410 εἰσενέγκαι
1551 4342 1758 4408 πάντας

173 4432 290 4493 τοὺς
325 4432 690 4501 σημειολύτας
716 4434 809 4486 καὶ
845 4435 1061 4502 σοφοὺς,
1093 4434 1206 4486 ὅσοι
1235 4429 1372 4504 ἦσαν
1407 4433 1511 4487 ὑπὸ
1531 4435 1630 4507 τὴν
1660 4434 1757 4504 βα-

175 4522 374 4576 σιλείαν
417 4523 603 4577 αὐτοῦ.
644 4524 763 4576 Τῶν
791 4524 848 4577 δὲ
874 4525 1134 4597 κηρύκων
1170 4529 1292 4588 ταῖς
1323 4525 1608 4594 σάλπιγξιν
1639 4529 1759 4581 ἐπι-

177 4616 507 4669 σπευῖᾊθτων
551 4615 793 4680 πάντων,
842 4617 1204 4688 παρεγένοντο
1251 4617 1448 4682 πάντες
1492 4620 1548 4670 ὲν
1581 4619 1658 4690 τῷ
1692 4621 1758 4672 ἱε-

175 4708 266 4779 ρῷ.
341 4711 431 4773 Ὡς
481 4711 538 4764 δὲ
586 4705 726 4764 εἶδον
777 4710 868 4764 τὸν
915 4709 1124 4781 ἀστέρα
1167 4710 1352 4763 ἐπάνω
1401 4711 1499 4782 τῆς
1542 4712 1754 4782 Πηγῆςν

173 4803 260 4855 καί
303 4804 368 4857 τὸ
415 4804 658 4874 διάδημα
685 4803 800 4874 ἅμα
823 4804 898 4875 τῷ
935 4804 1124 4874 ἀστέρι
1171 4805 1265 4856 καὶ
1296 4802 1372 4873 τῷ
1402 4802 1552 4874 λίθῳ,
1589 4805 1658 4857 τὰ
1700 4805 1757 4858 δὲ

170 4894 457 4966 ἀγάλματα
484 4897 572 4949 ἐπ’
599 4895 829 4965 ἐδάφους
846 4895 1093 4966 κείμενα,
1128 4891 1280 4948 εἷπον
1306 4913 1319 4926 ο
1348 4896 1597 4959 Βασιλεῦ,
1633 4896 1759 4967 ῥίζα.

171 4985 347 5047 ἔνθεος
381 4986 476 5039 καὶ
515 4984 767 5056 βασιλικὴ
800 4985 1058 5055 ἀνέκυψε,
1102 4986 1354 5057 οὐρανίου
1386 4988 1479 5040 καὶ
1512 4987 1754 5056 ἐπιγείου

169 5075 790 5155 βασιλέωςχαρακτῆρα
834 5078 1094 5150 φέρουσα.
1162 5079 1226 5131 Ἠ
1277 5079 1385 5152 γὰρ
1437 5079 1595 5152 Πηγὴ
1635 5081 1756 5134 Μυ-

233 5301 344 5372 (10)
388 5298 507 5372 _Pro
532 5299 804 5372 τρέφοντα
833 5314 939 5356 ms.
975 5307 1203 5372 uterque
1233 5297 1454 5372 exhibet
1480 5296 1750 5369 τρέφοντι.

236 5373 282 5440 [1
298 5369 349 5443 1)
387 5370 493 5425 Pro
539 5369 731 5440 λέχους
775 5371 907 5443 ἴσον,
951 5369 1094 5443 quod
1123 5386 1188 5424 ex
1217 5369 1535 5438 conjectura
1564 5377 1756 5435 postu-

171 5439 864 5509 lante’contextu’reposui
891 5481 906 5506 ,
951 5440 1007 5493 in
1050 5449 1280 5509 utroque
1327 5454 1429 5494 ms.
1475 5443 1755 5507 comparet

170 5522 473 5590 ωρςιξιτιιεη
510 5510 804 5590 λεκουσῶγο
881 5581 893 5590 .
1011 5580 1022 5590 .
1093 5588 1100 5590 Α
1189 5579 1200 5590 .
1333 5588 1341 5590 4
1472 5579 1483 5590 .
1571 5578 1600 5590 Α.
1687 5578 1698 5590 .

232 5582 351 5652 (12)
396 5582 517 5660 Xo:
562 5579 852 5660 ιττεγοτιίς,⁸
880 5580 1155 5660 inusitata:
1181 5579 1294 5660 jam
1329 5579 1753 5660 terminationis,

168 5649 234 5705 ab
255 5649 519 5707 omnibus
544 5649 712 5708 etiam
751 5653 963 5716 lexicis,
993 5665 1114 5720 qua:
1138 5651 1358 5719 quidem
1385 5650 1755 5720 egojnspexi,

167 5724 412 5789 exsulat;
464 5726 510 5778 si
538 5724 800 5793 genuina,
840 5718 1286 5801 cet-tegpessimze
1305 5718 1756 5801 uotae.lntelligit

169 5802 345 5847 autem
421 5789 615 5849 auctor
682 5808 778 5864 per
856 5789 1199 5864 τρικάτοικον
1284 5789 1563 5858 στεγοτίδα
1598 5831 1614 5856 ,
1684 5789 1755 5845 id

167 5872 247 5919 est
281 5864 571 5938 tripliciter
602 5862 917 5921 distinctam
950 5862 1378 5923 habitationem.
1407 5876 1628 5934 aquam,
1662 5875 1754 5917 ac-

1865 3332 2178 3402 impollutas
2220 3343 2398 3389 tecum
2446 3338 2664 3406 nuptias
2705 3337 2963 3404 initurus,
3011 3351 3182 3394 mater
3212 3344 3372 3412 primi
3416 3360 3448 3398 θ

1866 3425 2077 3480 cunctis
2109 3427 2419 3491 ordinibus,
2459 3440 2513 3482 et
2563 3445 2764 3499 sponsa
2798 3432 2962 3486 unius
3007 3433 3323 3491 trinominis
3363 3437 3448 3491 di-

1863 3519 2139 3573 vinitatis!
2196 3519 2435 3576 Vocatur
2477 3532 2659 3576 autem
2715 3522 2894 3579 infans
2936 3539 2966 3578 a
3004 3533 3054 3580 te
3083 3525 3202 3581 sine
3240 3529 3475 3590 semine.

1865 3612 2274 3682 concipiendus,
2305 3612 2641 3684 Principium
2673 3628 2728 3670 ct
2757 3615 2929 3681 Finis,
2962 3617 3292 3690 principium
3325 3623 3448 3690 qui-

1863 3702 1986 3756 dem
2020 3704 2233 3769 salutis,
2271 3705 2397 3759 finis
2425 3722 2554 3761 vero
2585 3707 2860 3762 interitus.
2997 3690 3002 3694 ³

1933 3794 2145 3851 Emissa
2181 3797 2284 3851 hac
2313 3813 2466 3864 voce,
2506 3799 2731 3869 reliqua:
2761 3809 2954 3857 statuae
2977 3819 3166 3859 omnes
3197 3804 3250 3858 in
3279 3805 3446 3862 facies

1863 3901 1993 3941 suas
2022 3897 2374 3956 proruerunt,
2419 3890 2536 3945 sola
2564 3891 2928 3963 Scaturiginis
2953 3903 3133 3949 statua
3177 3905 3445 3962 restante,

1863 3981 1950 4034 cui
1967 3981 2129 4035 etiam
2147 3983 2461 4052 impositum
2490 3986 2784 4054 apparebat
2809 3987 3059 4041 diadema
3093 3988 3326 4058 regium,
3352 3989 3412 4042 af
3423 4019 3439 4030 ο

1861 4071 1967 4127 fixa
1995 4084 2306 4130 antrorsum
2337 4078 2490 4132 stella
2517 4094 2546 4133 e
2573 4079 2928 4145 carbunculo,
2958 4090 3011 4135 et
3039 4083 3328 4153 smaragdo
3360 4083 3446 4137 in-

1860 4165 2043 4235 signe;
2083 4165 2312 4238 desuper
2338 4183 2465 4224 vero
2522 4171 2698 4224 stella.
2747 4173 2962 4227 cmlitus
2997 4173 3258 4233 demissa.
3299 4176 3442 4230 irra-

1827 4272 1830 4274 ‘
1861 4259 2064 4314 diabat.

1931 4350 2142 4416 Quibus
2172 4350 2353 4419 factis,
2376 4352 2661 4409 confestim
2687 4371 2781 4409 rex
2809 4371 3002 4410 omnes
3036 4357 3318 4427 signorum
3358 4357 3444 4412 in—

1862 4453 2125 4514 terpretcs
2155 4461 2458 4516 omnesque
2497 4449 2792 4517 sapientes,
2835 4458 3105 4518 quotquot
3131 4449 3234 4503 sub
3268 4449 3443 4520 ipsius

1862 4537 2094 4607 imperio
2117 4547 2297 4603 erant,
2331 4542 2623 4594 convocari
2657 4540 2843 4608 jussit.
2881 4538 3236 4594 Przeconibus
3259 4541 3442 4610 itaque

1861 4633 2073 4688 cunctis
2104 4649 2227 4688 cum
2255 4634 2398 4688 tubis
2425 4647 2866 4703 quaquaversum
2888 4629 3210 4685 festinanter
3239 4630 3444 4699 digrcst.

1859 4725 1956 4788 sis,
1989 4725 2140 4780 brevi
2165 4735 2411 4792 tempore
2442 4741 2633 4782 omnes
2664 4726 2719 4778 in
2749 4723 3008 4792 templum
3042 4729 3438 4776 convenerunt.

1859 4816 1961 4882 Qui
1993 4832 2116 4872 cum
2145 4819 2354 4872 stellam
2393 4816 2724 4888 Scaturigini
2750 4815 3124 4869 imminentem
3166 4813 3442 4882 simulque

1858 4910 2131 4975 diadema,
2166 4910 2323 4965 stella
2357 4927 2423 4964 ex
2468 4910 2740 4980 lapidibus
2773 4905 3028 4977 pretiosis
3059 4904 3308 4960 confecta
3349 4917 3442 4957 co-

1857 5019 2106 5067 ruscum,
2159 5019 2224 5058 ac
2278 5012 2582 5073 prostratas
2628 5000 2780 5055 humi
2811 4999 3052 5066 reliquas
3090 5010 3282 5051 omnes
3308 4995 3442 5050 deo-

1857 5109 1978 5148 rum
2018 5102 2228 5149 statuas
2257 5093 2542 5155 vidissent,
2589 5092 2884 5146 dixerunt:
2927 5087 3075 5142 Rex!
3128 5086 3308 5156 proles
3351 5102 3438 5141 re-

1857 5333 1971 5374 rem
2001 5327 2055 5372 et
2081 5326 2303 5378 terram,
2345 5329 2442 5370 ceu
2484 5313 2709 5368 totidem
2744 5312 2896 5366 orbis
2931 5309 3202 5381 terraquei
3232 5319 3438 5382 partes,

1857 5387 2329 5461 quarumquaevis
2361 5385 2666 5461 peculiares
2695 5385 2900 5438 incolas
2938 5383 3118 5436 habet.

1927 5460 2040 5531 (15)
2071 5455 2171 5531 Ms.
2205 5455 2453 5526 uterque,
2488 5455 2776 5531 ὁμοφώνω.

1854 5573 1872 5602 ι
1929 5525 2049 5604 (14)
2073 5529 2172 5604 ills.
2204 5525 2450 5597 uterque,
2473 5525 2802 5604 κινύστριαι.
3006 5595 3038 5604 ,ν
3116 5595 3128 5604 ²
3353 5591 3366 5604 θ

1945 5595 2061 5724 (15)
2100 5598 2200 5654 Ms.
2251 5595 2504 5667 uterque,
2546 5595 2800 5668 κιθάρας,
2833 5595 3078 5667 apposita
3116 5595 3169 5650 in
3197 5595 3440 5664 margine

1945 5685 2008 5724 La.
2059 5669 2324 5724 egentium
2354 5684 2474 5724 esse
2501 5667 2745 5724 κινύρας.

1855 5667 2008 5731 nota,
2040 5667 2324 5738 legendum
2354 5684 2474 5724 esse
2501 5667 2745 5738 κινύρας.

1961 5809 2042 5884 Π)
2065 5810 2166 5868 Ms.
2197 5821 2446 5883 uterque,
2475 5809 2737 5882 διάσημα.

1927 5687 2008 5731 ita,
2040 5687 2088 5724 te
2127 5687 2324 5723 enuum
2354 5687 2474 5724 esse
2501 5687 2742 5738 κινύρας.

1953 5741 2042 5812 16)
2071 5687 2171 5794 ﬁs.
2205 5750 2453 5809 uterque,
2489 5738 2742 5808 δοθήσης.

1927 5743 2042 5886 (Π)
2065 5810 2166 5868 Ms.
2197 5821 2446 5883 uterque,
2475 5809 2737 5882 διάσημα.
