3966 6504
495 352 620 406 103

1803 351 2048 410 Juuus
2090 353 2508 414 AFRICANUS.
2577 433 2580 436 _

3643 353 3750 412 1M

515 470 623 538 gia,
651 464 831 522 divino
856 466 1076 520 numine
1118 466 1294 536 plena,
1334 467 1510 521 lucem
1547 469 1754 537 aspexit
1797 469 1963 535 illius,
1983 471 2071 541 qui

2182 473 2271 544 Ρία
2294 473 2403 543 (18)
2422 475 2612 546 Πηγῆς
2642 476 2739 548 τῆς
2777 471 3318 548 Βηθλεεμίτιδος(19)
3337 471 3452 532 ἐστὶ
3479 467 3742 540 θυγάτηρ.

516 558 711 614 coelum
742 569 1048 628 terramque
1072 559 1357 628 gubernat,
1393 561 1534 629 regis
1575 561 1890 616 charactere
1939 563 2076 616 insi-

514 650 685 720 gnita.
728 649 1011 720 Scaturigo
1047 651 1191 704 enim
1223 649 1412 722 Myl-ia,
1446 650 1805 722 Scaturiginis
1835 651 2078 708 Bethlee-

515 741 714 796 mitica:
747 741 856 796 filia
881 751 982 796 est.
1017 741 1270 796 Diadema
1317 742 1418 797 hoc
1474 743 1606 812 regii
1646 752 1800 798 ortus
1837 745 2074 814 signum,

514 833 668 906 stella
710 833 932 888 caeleste
988 833 1248 888 indicium
1286 843 1371 889 est
1410 835 1780 905 prodigiorum
1832 835 1886 889 in
1932 845 2073 891 terra

511 934 863 996 patratorum.
898 924 1143 995 Regnum
1183 941 1213 980 e
1237 924 1374 979 Juda
1425 926 1683 991 surrexit,
1718 926 1863 995 quod
1892 928 2076 982 omnia

511 1018 820 1074 Judaeorum
853 1029 1203 1072 monumenta
1243 1018 1464 1072 delebit.
1516 1017 1748 1072 Deorum
1783 1018 1836 1071 in
1877 1029 2076 1073 terram

510 1113 803 1182 prostratio
826 1112 1076 1177 honoris,
1100 1111 1191 1180 qui
1226 1110 1357 1180 ipsis
1381 1110 1756 1176 exhibebatur,
1803 1111 1963 1166 finem
1992 1111 2076 1166 in-

509 1206 647 1258 nuit.
687 1204 780 1258 Ille
815 1205 983 1268 enim,
1012 1205 1114 1273 qui
1147 1203 1308 1257 modo
1345 1204 1618 1272 apparuit,
1656 1219 1779 1257 cum
1813 1203 1882 1259 sit
1918 1205 2076 1274 longe

505 1296 828 1364 antiquioris
851 1295 1148 1366 dignitatis,
1186 1294 1673 1365 juniorcsoomnes
1721 1296 1843 1350 loco
1890 1297 2074 1366 pellet.

506 1385 661 1441 Nunc
684 1388 882 1458 itaque,
907 1404 1000 1441 rex
1019 1428 1032 1451 ,
1055 1389 1204 1442 mitte
1219 1386 1631 1459 Jerosolymam.
1659 1386 1906 1443 Invenies
1930 1389 2075 1443 enim

502 1478 782 1535 Christum
808 1479 900 1534 Dei
915 1482 1318 1549 omnipotentis,
1334 1481 1686 1549 corporaliter
1702 1481 2078 1549 corporalibus

507 1574 747 1626 mulieris
779 1574 921 1628 ulnis
959 1574 1468 1642 portatum.Mausit
1507 1584 1686 1628 autem
1731 1574 1881 1628 stella
1915 1589 2078 1642 supra

2184 565 2256 618 Τὸ
2281 565 2336 618 δὲ
2363 566 2598 638 διάδημα
2632 567 2904 637 βασιλικὸς
2934 566 3128 631 τύπος,
3159 568 3187 619 6
3213 566 3270 619 δὲ
3297 564 3468 635 ἀστὴρ
3497 563 3748 633 οὐράνιόν

2182 657 2298 708 ἐστι
2343 660 2604 728 μήνυμα,
2653 659 2744 711 ἐπὶ
2785 659 2886 728 γῆς
2913 658 3438 730 τερατουργούμενον
3482 655 3613 726 (20).
3655 652 3750 721 Ἐξ

2195 747 2362 800 ’ἰούδα
2391 749 2589 818 ἀνέστη
2617 748 2881 819 βασιλεία,
2921 751 3042 818 ἥτις
3081 749 3295 803 ἅπαντα
3333 747 3442 800 τῶν
3478 745 3751 804 Ἰουδαίων

2183 841 2365 911 ὲξαρεῖ
2402 840 2512 912 (21)
2555 843 2623 896 τὰ
2667 841 3000 912 μνημόσυνα.
3038 843 3111 895 Τὸ
3141 842 3197 894 δὲ
3225 843 3350 904 τοὺς
3380 841 3534 905 θεοὺς
3559 841 3748 909 ἐδαφι-

2185 928 2394 1000 σθῆναι,
2414 931 2564 994 τέλος
2579 932 2678 1001 τῆς
2700 934 2862 1003 τιμῆς
2883 932 3058 984 αὐτῶν
3080 931 3330 1000 ἔφθασεν.
3352 931 3408 983 Ὀ
3420 930 3527 1002 γὰρ
3550 929 3746 996 ἐλθὼν,

2181 1023 2555 1093 πρεσϐυτέρας
2586 1022 2739 1087 ἀξίας
2771 1023 2872 1086 ὢν,
2904 1024 3110 1086 πάντας
3135 1024 3260 1086 τούς
3291 1020 3576 1085 νεάζοντας
3603 1023 3780 1075 ἀναιο·

2183 1113 2336 1183 ρήσει
2359 1115 2489 1184 (22).
2528 1115 2639 1167 Νῦν
2667 1111 2779 1178 οὖν,
2811 1115 3051 1185 βασιλεῦ,
3087 1115 3299 1186 πέμψον
3329 1118 3408 1179 είς
3450 1114 3748 1187 Ἱεροσόλυ-

2181 1206 2428 1277 μα.Εὐρή
2439 1223 2548 1268 σεις
2564 1205 2673 1276 (25)
2691 1207 2797 1278 γὰρ
2820 1207 2910 1259 τὸν
2925 1207 3156 1277 Χριστὸν
3179 1207 3269 1260 τοῦ
3287 1208 3742 1278 παντοκράτορος,

2178 1298 2501 1368 σωματικῶς
2535 1303 2868 1368 σωματικαῖς
2897 1295 3160 1369 ἀγκάλαις
3183 1300 3518 1368 γυναικείαις
3546 1298 3746 1370 βαστα-

2179 1388 2419 1460 ζόμενον.
2443 1392 2659 1460 Ἔμεινε
2680 1391 2735 1443 δὲ
2761 1393 2787 1442 ό
2802 1391 2974 1461 ἀστὴρ
2997 1391 3180 1444 ὲπάνω
3193 1393 3290 1461 τῆς
3316 1391 3523 1462 Πηγῆς,
3551 1389 3740 1444 καλου-

2181 1482 2344 1551 μένης
2377 1482 2662 1551 Οὐρανίας,
2695 1483 2851 1552 ἄχρις
2876 1481 2938 1535 ἂν
2962 1481 3180 1552 ἐξῆλθον
3213 1483 3262 1535 οἱ
3296 1482 3476 1554 μάγοι,
3502 1482 3595 1536 καὶ
3619 1482 3745 1535 τότε

2183 1574 2296 1642 μετ’
2325 1573 2545 1626 ἐκείνων
2578 1573 2867 1645 ἐπορεύθη.

507 1663 920 1735 Seaturigiuem,
947 1680 1067 1734 quae
1085 1666 1336 1722 C(elestis
1367 1667 1506 1721 dicta
1525 1677 1628 1734 est,
1671 1667 1855 1721 tandiu
1882 1667 2054 1720 donec
2083 1665 2637 1736 magiegrederentur,
2663 1677 2896 1736 tuncque
2925 1667 3084 1722 simul
3111 1667 3352 1722 cumillis
3368 1667 3605 1736 profecta
3635 1675 3745 1723 est.

574 1757 852 1812 Profundo
905 1774 1068 1828 porro
1124 1775 1347 1828 vespere
1415 1762 1664 1830 apparuit
1693 1761 1785 1827 'fin
1868 1761 2070 1831 templo

2259 1761 2524 1830 Ἐσπέρας
2546 1761 2602 1814 δὲ
2631 1761 2850 1830 βαθείας
2883 1762 3051 1833 ἐφάνη
3089 1765 3148 1816 ὲν
3195 1763 3274 1834 τῷ
3490 1763 3749 1828 Διόνυσος

505 1849 768 1916 Bacchus,
811 1851 961 1906 solus
995 1852 1202 1921 absque
1248 1863 1510 1908 consueto
1545 1851 1862 1924 Satyrorum
1903 1854 2071 1909 comi-

2177 1851 2235 1904 οὐ
2272 1852 2410 1921 μετά
2443 1852 2549 1904 τῶν
2581 1853 2855 1923 Σατύρων,
2887 1853 3057 1922 λέγων
3080 1858 3190 1917 τοῖς
3223 1854 3549 1926 ἀναθήμασι’
3583 1854 3746 1928 Πηγὴ

504 1953 640 2011 tatu,
675 1943 918 2014 dixitque
939 1944 1134 1998 statuis
1157 1943 1405 2007 deorum,
1439 1943 1633 1998 ibidem
1663 1945 1857 2000 dicatis
1887 1963 1900 1998 ε
1935 1944 2070 2000 Sea~

505 2039 683 2108 turigo
736 2052 840 2092 non
873 2045 955 2090 est
1000 2050 1104 2089 una
1144 2036 1210 2089 de
1256 2035 1434 2100 nobis,
1468 2036 1561 2091 sed
1597 2036 1753 2106 longe
1784 2053 1885 2092 nos
1917 2047 2072 2092 ante-

503 2131 667 2194 cellit,
707 2129 978 2184 hominem
1011 2129 1248 2198 pariens,
1295 2127 1492 2183 divinae
1529 2130 1694 2185 sortis
1727 2131 2066 2200 participem.

502 2221 742 2292 Prnpupi
796 2221 1090 2276 sacerdos!
1134 2219 1264 2290 quid
1308 2219 1393 2273 hie
1424 2220 1627 2275 diutius
1659 2222 1932 2276 moraris?
1961 2222 2068 2277 Ac-

503 2314 596 2377 tio,
633 2314 723 2368 diu
750 2313 863 2382 jam
903 2312 1120 2381 scriptis
1155 2313 1492 2383 consignata,
1542 2312 1698 2368 nobis
1736 2313 2065 2377 intendetur,

502 2417 530 2454 a
562 2417 787 2470 persona
826 2411 1046 2457 strenua
1086 2401 1372 2458 mendaces
1409 2417 1718 2472 arguemur.
1755 2402 1884 2467 Quae
1913 2403 2070 2458 dece-

502 2492 703 2560 pimus,
740 2492 1076 2562 decepimus.
1120 2491 1252 2558 Quae
1291 2493 1658 2563 regnavimus,
1702 2495 2066 2562 regnavimus.

502 2581 614 2635 Non
650 2584 883 2651 amplius
920 2597 1179 2651 responsa
1225 2583 1441 2636 damus.
1477 2581 1706 2636 Ablatus
1733 2592 1816 2638 est
1845 2600 1874 2636 a
1913 2584 2070 2639 nobis

499 2673 696 2740 honor,
739 2675 952 2745 inglorii
985 2683 1038 2729 et
1079 2676 1512 2744 contemptibiles
1553 2674 1679 2730 facti
1722 2692 1933 2730 sumus.
1974 2676 2072 2732 Est

503 2781 664 2830 unus,
691 2767 781 2835 qui
812 2767 1053 2820 debitum
1077 2767 1176 2821 sibi
1209 2767 1309 2821 soli
1332 2768 1535 2821 cultum
1565 2783 1594 2821 a
1632 2767 1788 2822 nobis
1815 2769 2070 2824 omnibus

503 2855 751 2909 resumit.
781 2854 1050 2909 Caeterum
1088 2855 1198 2909 noli
1231 2855 1458 2910 turbari.
1489 2855 1605 2910 Non
1629 2858 1862 2926 amplius
1891 2857 2070 2912 Persae

500 2946 567 2999 de
598 2956 739 3000 terra
791 2954 844 3001 et
877 2961 1002 3001 aere
1033 2947 1232 3001 tributa
1279 2949 1514 3018 exigent.
1566 2947 1667 3014 Qui
1710 2948 1852 3002 enim
1883 2949 2072 3002 statuit

503 3039 722 3103 tributa,
750 3039 867 3108 ipse
898 3040 1071 3102 adest,
1111 3040 1385 3094 actionum
1416 3040 1616 3095 tributa
1648 3041 1719 3106 ei,
1751 3041 1844 3109 qui
1874 3055 1934 3094 se
1969 3041 2070 3093 mi-

499 3128 593 3191 sit,
641 3137 1036 3198 reportaturus.
1071 3129 1352 3198 antiquam
1404 3130 1692 3200 imaginem
1740 3129 2064 3192 reformatis.

2173 1944 2273 1998 οὐκ
2293 1944 2405 1996 ἔστι
2441 1944 2538 2014 μία
2570 1944 2628 2008 ἐξ
2654 1943 2830 2014 ἡμῶν,
2863 1943 2976 1998 ἀλλ’
3025 1946 3164 2018 ὑπὲρ
3205 1948 3350 2016 ἡμᾶς
3390 1945 3742 2017 χρηματίζει,

2172 2035 2292 2090 τινὰ
2345 2034 2588 2105 γεννῶσα
2642 2037 2943 2107 ἄνθρωπον,
2999 2037 3147 2102 θείας
3208 2045 3373 2109 τύχης
3430 2043 3756 2110 σύλλημμα.¹

2183 2128 2349 2200 Ἰερεῦ
2389 2130 2757 2200 Προυπούπιε,
2829 2132 2882 2185 τί
2936 2130 3130 2203 καθίζῃ
3178 2131 3409 2186 ἐνταῦθα
3449 2132 3743 2204 πράττων;

2172 2220 2376 2291 Πρᾶξις
2419 2221 2689 2291 ἔγγραφος
2728 2223 2926 2292 ἔφθασε
2983 2223 3103 2276 καθ’
3158 2223 3311 2294 ἡμῶν
3342 2224 3436 2279 καὶ
3479 2224 3744 2295 μέλλομεν

2171 2313 2276 2366 ὐπὸ
2306 2314 2618 2386 έμπράκτου
2647 2314 2936 2385 προσώπου
2961 2316 3273 2386 ἐλέγχεσθαι
3301 2316 3375 2380 ὡς
3403 2315 3634 2387 ψευδεῖς.
3673 2317 3743 2369 Ἀ

2171 2405 2570 2477 ἐφαντάσαμεν,
2619 2409 3015 2478 ὲφαντὰσαμεν,
3061 2411 3097 2465 ἃ.
3159 2410 3420 2481 ἧρξαμεν,
3474 2409 3740 2481 ἤρξαμεν.

2171 2496 2365 2551 Οὐκέτι
2393 2501 2671 2570 χρησμοὺς
2699 2499 2966 2572 διδόαμεν.
3000 2502 3178 2574 Ἥρθη
3209 2503 3301 2571 ἀφ’
3337 2501 3551 2573 ἡμῶνή
3581 2503 3741 2573 τιμή.

2173 2586 2381 2652 Ἀδοξοι
2415 2589 2508 2641 καὶ
2527 2590 2817 2661 ἀγέραστοι
2843 2593 3160 2664 γεγόναμεν.
3190 2591 3284 2658 Εἷς
3313 2595 3489 2665 μόνος,
3519 2597 3583 2648 ὲκ
3604 2597 3744 2649 πάν-

2169 2695 2274 2732 των
2317 2679 2600 2734 ἀναλαϐὼν
2649 2681 2746 2751 τὴν
2791 2682 2924 2736 ἰδίαν
2968 2687 3148 2756 τιμήν.
3198 2685 3396 2740 Λοιπὸν
3439 2685 3512 2758 μὴ
3544 2685 3746 2757 0906a.-

2168 2767 2248 2821 δεῖ
2287 2770 2420 2840 (24),
2455 2774 2632 2826 οὐκέτι
2654 2773 2855 2845 Πέρσαι
2897 2776 3000 2846 γῆς
3038 2779 3130 2830 καὶ
3157 2778 3315 2850 ἀέρος
3347 2779 3544 2852 φόρους
3575 2780 3746 2832 ἀπαι-

2167 2861 2351 2917 τῶσιν.
2382 2864 2438 2917 '0
2459 2864 2567 2937 γὰρ
2584 2869 2785 2938 στήσας
2816 2869 2953 2923 αὐτά
2978 2871 3206 2941 πάρεστι
3238 2870 3370 2941 (25),
3405 2873 3744 2942 πρακτικοὺς

2170 2954 2366 3024 φόρους
2398 2956 2473 3027 τῷ
2503 2957 2776 3028 πέμψαντι
2805 2962 3062 3032 κομίζων,
3095 2964 3124 3014 6
3151 2963 3248 3032 τὴν
3285 2964 3516 3018 παλαιὰν
3556 2967 3744 3021 είκόνα

2168 3044 2492 3110 ἀνακτίζων,
2527 3048 2621 3101 καὶ
2650 3049 2748 3120 τὴν
2787 3051 2970 3103 εἰκόνα
3014 3053 3079 3121 τῇ
3129 3052 3294 3105 εἰκόνι
3344 3051 3608 3116 συντιθεὶς
3647 3054 3744 3108 καὶ

2168 3136 2228 3189 τὸ
2243 3137 2490 3207 ἀνόμοιον
2508 3139 2590 3207 ἐφ’
2614 3140 2868 3210 ὁμοίωσιν
2887 3141 3076 3205 διδούς.
3100 3143 3338 3215 Οὐρανὸς
3353 3147 3421 3214 γῇ
3438 3145 3742 3217 συγχαίρει,

499 3219 788 3287 imaginem
823 3236 945 3275 cum
988 3221 1222 3291 imagine
1252 3220 1560 3283 conferens,
1597 3231 1650 3276 et
1693 3221 1956 3276 dissimile
1996 3221 2070 3275 si-

2177 3230 2205 3298 ἡ
2251 3228 2308 3282 δὲ
2351 3229 2422 3298 γῆ
2465 3234 2751 3302 καυχᾶται,
2798 3233 3044 3304 οὐράνιον
3075 3235 3332 3307 δεχομένη
3358 3235 3637 3307 καύχημα.
3672 3239 3744 3291 Ἀ

498 3311 625 3366 mile
681 3312 936 3366 reddens.
987 3311 1122 3367 Coeli
1174 3323 1332 3368 teme
1389 3313 1864 3384 congratulantur,
1920 3322 2063 3366 terra

498 3400 614 3471 ipsa
648 3401 928 3470 gloriatur,
958 3403 1277 3473 gloriatione
1311 3405 1524 3458 caelitus
1555 3413 1795 3474 accepta.
1838 3403 1969 3469 Quae
2009 3405 2063 3458 in

500 3494 752 3562 supernis
804 3510 911 3548 non
960 3502 1086 3548 sunt
1132 3493 1307 3558 facta,
1366 3494 1503 3550 facta
1547 3509 1675 3551 sunt
1719 3498 1771 3550 in
1816 3498 2061 3555 infernis.

499 3582 673 3650 Quem
706 3583 940 3639 felicium
975 3585 1110 3640 ordo
1141 3603 1246 3641 non
1287 3587 1439 3652 vidit,
1494 3589 1792 3643 infelicium
1839 3601 2065 3660 spectat.

500 3675 609 3730 Illis
639 3677 853 3729 flamma
888 3677 1154 3742 minatur;
1201 3679 1286 3732 his
1346 3695 1436 3735 ros
1482 3680 1839 3736 ministratur.
1885 3683 2069 3754 Illyria

500 3767 603 3824 hoc
635 3776 718 3821 est
767 3783 1110 3836 concessum,
1151 3778 1207 3822 ut
1245 3769 1643 3841 Scaturiginem
1693 3774 1746 3826 in
1796 3774 2067 3831 Bethleem

499 3870 716 3932 pareret
757 3862 1095 3931 gratiamque
1149 3864 1335 3932 gratia:
1385 3865 1717 3933 conciperet.
1752 3864 1934 3921 Judzea
1966 3870 2068 3923 llo-

499 3954 636 4020 ruit;
673 3955 822 4024 regio
847 3963 1033 4008 nostra
1061 3957 1344 4010 emarcuit.
1372 3957 1674 4012 Gentilibus
1712 3969 1765 4012 et
1808 3960 2066 4031 alienige-

498 4045 584 4099 nis
609 4055 726 4099 orta
766 4055 849 4100 est
875 4047 1045 4114 salus,
1073 4048 1291 4103 miseris
1321 4049 1533 4104 abunde
1559 4050 1816 4105 relevatio
1846 4063 2071 4121 praesta-

499 4147 606 4191 tur.
640 4136 831 4193 Merito
875 4155 1020 4193 nunc
1058 4141 1313 4195 mulieres
1341 4143 1568 4197 choreas
1610 4143 1837 4211 ducunt,
1878 4145 2066 4200 dicen-

497 4239 579 4282 tes
615 4229 881 4285 :Domina
919 4233 1238 4303 Scaturigo!
1291 4244 1369 4298 tu,
1405 4251 1526 4304 qua:
1569 4237 1724 4291 nobis
1753 4237 1952 4292 ﬂuenta
1983 4239 2065 4292 af-

2171 3323 2231 3375 οὐ
2287 3323 2508 3392 γέγονεν
2552 3325 2912 3395 ἄνω,,γέγονε
2958 3327 3126 3380 κάτω.
3169 3330 3265 3381 Ὃν
3309 3330 3341 3398 ἠ
3396 3329 3745 3399 εὐδαιμονοῦ-

2173 3430 2240 3466 σα
2287 3414 2396 3485 (26)
2448 3415 2598 3479 τάξις
2644 3418 2743 3470 οὐκ
2785 3413 2944 3482 εἶδεν,
2990 3418 3474 3490 ἡδυσδαιμονοῦσα
3521 3419 3738 3492 θεωρεῖ.

2185 3503 2441 3569 Ἐκείνοις
2472 3505 2600 3575 φλὸξ
2621 3507 2850 3571 ἀπειλεῖ,
2884 3507 3090 3572 τούτοις
3115 3509 3304 3580 δρόσος
3336 3511 3597 3582 παρέστη.
3629 3512 3743 3583 Τῆς

2170 3596 2384 3669 Μυρίας
2436 3601 2468 3670 ἡ
2511 3599 2750 3670 εὐτυχία,
2796 3601 2984 3670 Πηγὴν
3045 3600 3185 3654 κατά
3222 3601 3322 3671 τῆς
3371 3601 3614 3672 Βηθλεὲμ
3655 3619 3746 3655 τε-

2170 3694 2282 3743 κεῖν
2478 3693 2574 3745 καὶ
2619 3693 2774 3764 χάριν
2807 3693 3027 3764 χάριτος
3063 3693 3360 3747 συλλαϐεῖν.
3406 3693 3471 3745 'H
3514 3693 3744 3748 Ἰουδαία

2168 3783 2417 3854 ἤνθησεν·
2453 3784 2588 3855 αὕτη
2617 3785 2674 3838 δὲ
2709 3786 3047 3857 μαραίνεται.
3083 3787 3205 3849 Τοῖς
3248 3786 3477 3850 ἐθνικοῖς
3511 3787 3606 3839 καὶ
3647 3786 3743 3840 ἀλ-

2169 3872 2412 3941 λογενέσι
2445 3877 2683 3946 σωτηρία
2709 3873 2860 3948 ἦλθε·
2888 3880 2997 3940 τοῖς
3017 3877 3449 3949 ταλαιπωροῦσιν
3478 3878 3742 3948 ἀνάφυξις

2170 3965 2468 4030 πλεονάζει.
2513 3968 2700 4033 Ἀξίως
2731 3971 2785 4024 αἱ
2818 3973 3070 4037 γυναῖκες
3116 3969 3417 4041 χορεύουσι,
3460 3968 3738 4038 λέγουσαι·

2169 4060 2349 4131 Κυρία
2378 4062 2534 4134 Πηγὴ
2566 4063 2928 4134 ναματοφόρε,
2963 4065 2996 4134 ὴ
3025 4062 3272 4134 οὐρανίου
3297 4063 3527 4134 ἀστέρος
3558 4079 3743 4130 γεινα-

2169 4152 2302 4224 μένη
2350 4154 2542 4226 μῆτερ,
2592 4157 2625 4226 ἡ
2674 4155 2780 4209 ἀπὸ
2817 4155 3098 4227 καύματος
3142 4151 3458 4228 δροσίζουσα
3515 4153 3738 4224 νεφέλη,

2167 4247 2469 4316 μνημόνευε
2501 4248 2605 4300 τῶν
2636 4247 2744 4301 σῶν
2776 4248 3072 4314 οἰκετίδων,
3105 4248 3378 4302 δέσποινα.

494 4320 648 4384 fers,
689 4323 928 4377 cwlestis
995 4325 1162 4380 stellze
1205 4325 1347 4382 facta
1415 4336 1607 4396 mater,
1655 4330 1826 4386 nubes
1870 4333 2136 4388 mundum
2183 4339 2444 4396 adversus
2492 4349 2682 4396 astam
2735 4341 2997 4406 irrorans,
3040 4349 3333 4404 memento,
3391 4355 3425 4395 o
3482 4337 3738 4393 domina!

495 4417 824 4471 famularum
855 4425 1091 4471 tuarum.

571 4509 685 4564 Rex
720 4510 920 4578 itaque,
954 4511 1098 4562 nulla
1137 4525 1288 4564 mora
1328 4511 1627 4581 interjecta,
1659 4520 1864 4582 partem
1891 4529 2070 4583 mago—
2101 4499 2146 4555 D

500 4617 644 4668 rum,
671 4600 763 4672 qui
800 4602 902 4656 sub
931 4602 1104 4671 ipsius
1140 4603 1365 4671 imperio
1394 4612 1569 4668 erant,
1596 4621 1719 4672 cum
1754 4607 2070 4664 muneribus

501 4695 670 4761 misit,
703 4694 858 4749 stella
890 4695 1021 4764 ipsis
1072 4695 1214 4748 viam
1256 4705 1614 4752 monstrante.
1654 4696 1720 4751 lli
1763 4707 1886 4767 post
1925 4700 2067 4754 redi-

601 4870 822 4945 I8)_1'lls.
855 4880 1102 4940 uterque,
1140 4872 1377 4945 Μυρίας.

605 4943 686 5018 l9)
708 4942 806 5018 llis.
841 4942 1528 5018 uterqueAeorruptissime,
1556 4943 1654 5014 τῆς
1674 4943 1918 5018 Βηθλεὲμ
1941 4945 2073 5018 ἴτρι-

497 5010 593 5088 δος
618 5013 733 5064 ἐστὶ
761 5011 1026 5088 θυγάτηρ.
1059 5011 1209 5088 Quod
1241 5010 1401 5088 ulcus
1434 5010 1680 5088 revocato
1703 5010 1936 5088 genitivo
1959 5010 2071 5088 Πη-

506 5082 607 5151 γῆς
630 5092 683 5136 et
721 5082 986 5155 adoptata'
1015 5084 1242 5138 lectione
1278 5083 1701 5155 BqusepinGo;
1727 5084 1952 5139 feliciter
1983 5082 2072 5141 sa-

507 5167 676 5226 nasse
715 5154 846 5226 mihi
886 5152 1089 5226 videor.
1137 5152 1396 5226 Caeterum
1435 5152 1531 5223 per
1563 5153 1752 5224 Πηγὴν
1777 5156 2071 5226 Βηθλεεμί-

505 5221 627 5292 τιδα
666 5222 901 5292 intelligc
943 5223 1163 5290 stirpem
1218 5221 1550 5288 Davidicam,
1584 5221 1647 5277 ex
1681 5221 1784 5291 qua
1819 5221 2064 5291 Mariam,

498 5291 812 5364 Servatoris
831 5291 999 5344 nostri
1024 5302 1274 5358 matrem,
1296 5294 1558 5364 originem
1588 5295 1812 5349 duxisse
1835 5305 2063 5350 constat.

577 5359 690 5435 (20)
738 5361 828 5435 Sic
874 5376 979 5414 lllS.
1026 5371 1286 5431 uterque;
1330 5359 1636 5432 pri-ferrem
1674 5374 1874 5426 tamen,
1919 5365 2065 5435 quod

495 5437 561 5482 et
591 5431 646 5482 in
684 5432 933 5506 versione
965 5435 1226 5506 expressi,
1273 5431 1567 5506 genitivum
1600 5431 2068 5506 τερατουργουμέ-

500 5514 633 5572 νων,
669 5514 789 5554 cum
821 5501 1010 5554 litterae
1038 5501 1428 5569 ejusdein’soni
1452 5519 1482 5556 a
1508 5501 1742 5558 librariis
1769 5501 2068 5572 saepissime

504 5567 655 5641 inter»
675 5585 732 5623 se
763 5567 1182 5641 commutentur,
1231 5573 1491 5641 exemplis
1528 5567 1949 5630 evidentissiinis
1984 5573 2064 5628 vel

501 5636 562 5693 in
600 5636 690 5691 bis
720 5639 1162 5695 adnotationibus
1189 5641 1383 5698 obviis.

476 5749 485 5772 ,
581 5707 692 5783 (gl)
859 5718 1103 5778 uterque,
1135 5711 1320 5783 ἐξάρῃ.

580 5777 694 5849 (22)
725 5778 824 5834 Ms.
862 5777 1113 5851 uterque,
1140 5777 1603 5852 depravatissime,
1635 5783 1689 5837 ὲν
1731 5781 1867 5856 αὐτῇ
1909 5781 2067 5853 ἐάση,

2258 4517 2314 4570 '0
2341 4511 2434 4570 οὖν
2468 4515 2715 4586 βασιλεὺς
2751 4515 3013 4587 μηδαμῶς
3058 4513 3352 4587 ἀναμείνας
3388 4512 3596 4584 έπεμψε
3629 4513 3740 4567 τῶν

2170 4607 2274 4662 ὑπὸ
2321 4608 2417 4679 τὴν
2470 4609 2740 4678 βασιλείαν
2771 4607 2934 4661 αὐτοῦ
2973 4609 3158 4678 μάγων
3201 4608 3338 4679 μετά
3379 4607 3586 4680 δώρων,
3641 4607 3740 4662 τοῦ

2173 4700 2398 4772 ἀστέρος
2454 4700 2648 4763 αὐτοὺς
2702 4699 3082 4771 όδηγήσαντος.
3132 4701 3217 4764 Ὠς
3266 4699 3324 4754 δὲ
3370 4700 3736 4771 ὑπέστρεψαν,

2186 4893 2286 4948 pro
2318 4891 2427 4945 quo
2462 4875 2711 4948 substitui
2747 4877 3048 4948 ἀναιρήσει.
3095 4877 3196 4944 Qui
3241 4877 3445 4947 absque
3493 4877 3742 4934 subsidio

2175 4947 2523 5003 correctior-is
2583 4947 2781 5018 codicis
2833 4947 3024 5003 melius
3081 4949 3377 5018 quidquam
3432 4949 3739 5018 protulerit,

2175 5017 2278 5073 erit
2310 5017 2441 5086 mihi
2471 5032 2699 5081 magnus
2720 5017 2931 5086 Apollo.

2267 5088 2355 5158 2⁸5)
2389 5085 2493 5158 ξ)ιο
2523 5085 2781 5158 εὑρήσεις
2801 5089 2965 5141 codex
2997 5086 3060 5140 61
3092 5087 3254 5142 refert
3279 5085 3519 5158 εὐρίσης.

2267 5157 2357 5222 24)
2401 5155 2515 5227 Vox
2545 5155 2680 5227 haec,
2716 5159 2771 5211 in
2801 5173 2906 5226 qua
2941 5174 3041 5212 ms.
3072 5161 3232 5211 ambo
3262 5155 3613 5221 conveniunt,
3645 5173 3741 5227 per

2169 5225 2375 5280 librarii
2403 5226 2709 5298 cujusdam,
2739 5225 2829 5282 cui
2849 5228 3172 5290 dietahatur,
3197 5227 3519 5298 imperitiam
3538 5243 3602 5281 ex
3638 5225 3741 5281 im-

2172 5298 2412 5369 perativo
2461 5295 2718 5369 θορύϐηθι
2784 5298 2930 5369 verbi
2987 5297 3226 5369 θορυϐἐω
3261 5295 3737 5369 -νίιιειιηιᾼεχοτιο,

2174 5365 2510 5438 Solii-agatur
2528 5365 2729 5421 saltem
2769 5368 3014 5436 quaedam
3051 5365 3174 5422 soni
3215 5367 3472 5436 affinitas,
3507 5367 3577 5438 in1
3609 5368 3737 5420 tali-

2169 5437 2271 5491 bus
2299 5452 2424 5489 raro
2451 5438 2774 5505 spernenda.

2240 5507 2352 5577 (25)
2378 5505 2477 5577 Ms.
2508 5515 2754 5576 uterque,
2788 5505 3054 5577 παρέστη.

2211 5573 2356 5656 ,(26)
2404 5575 2503 5629 Ms.
2557 5573 2805 5645 uterque,
2839 5573 3229 5648 εὐδαιμονῶσα,
3282 5585 3425 5632 utet
3457 5573 3739 5646 δυσδαιμο-

2170 5661 2338 5698 νωσα.
2417 5689 2422 5692 -

2243 5715 2352 5784 (27)
2390 5715 2488 5771 Ms.
2528 5725 2772 5786 uterque,
2808 5715 2990 5784 τεκῆν.
