3966 6526
223 342 313 394 103
794 340 1075 397 SPURIA.
1099 374 1166 383 —
1203 341 1289 398 DE
1330 344 1561 402 REIlUS
1596 344 1912 402 PERSICIS
1955 349 2127 405 POST
2159 351 2521 409 CHRISTUM
2548 320 2839 413 NATUM.

3377 361 3477 414 Mli

218 459 520 527 διηγήσαντο
554 458 771 511 τοιαῦτα
820 463 929 524 τοῖς
963 462 1082 514 τότε
1115 463 1274 517 πάλιν
1317 464 1454 537 (28),
1501 468 1644 536 ἆπερ
1696 468 1774 519 καἸ

1892 480 2005 524 tum
2026 487 2185 526 suurn
2206 473 2289 532 iis,
2313 473 2407 543 qui
2440 483 2554 527 tum
2583 474 2855 538 vixerunt,
2878 472 3004 526 talia
3024 486 3333 537 narrarunt.
3353 492 3478 546 quae

220 552 338 605 αὑτὰ
364 555 577 620 χρυσοῖς
616 552 1290 627 πετάλοις¹ἀνεγρὰφησαν
1322 555 1515 623 οὕτως·

273 664 585 717 Φθασάντων
623 664 680 718 δὲ
736 666 893 737 ἡμῶν
941 668 1055 737 (29)
1096 670 1174 732 εἰς
1221 670 1290 723 τὰ
1329 669 1783 743 Ἱεροσόλυμα,τὸ

220 760 302 830 μὲν
322 760 538 829 σημεῖον
563 758 677 827 ἅμα
704 762 770 829 τῇ
806 762 1077 833 παρουσίᾳ
1112 763 1267 833 ἡμῶν
1301 764 1510 829 πάντας
1538 766 1778 839 ἐκίνησε.

217 851 270 901 Τί
300 849 462 914 τοῦτο,
512 853 641 919 φασὶ
686 850 821 921 (50),
855 852 1078 923 Περσῶν
1109 856 1305 924 σοφοὺς
1340 860 1595 929 παρεῖναι
1644 861 1783 931 μετὰ

214 944 647 1015 ἀστεροφανείας;
706 947 816 998 Καὶ
873 946 1099 1018 ἠρώτων
1149 950 1296 1019 ἡμᾶς
1337 952 1383 1003 οἱ
1426 952 1631 1023 πρῶτοι
1672 956 1781 1008 τῶν

224 1037 485 1093 Ἰουδαίων·
520 1037 586 1090 Τί
622 1039 683 1091 τὸ
716 1039 980 1110 ἑπόμενον
1024 1042 1117 1096 καὶ
1146 1042 1215 1095 δι’
1249 1037 1323 1096 ὦν
1360 1048 1632 1116 παρεστες
1670 1049 1780 1101 Καὶ

216 1130 433 1199 εἴπομεν’
468 1133 563 1183 Ὃν
603 1129 792 1198 λέγετε
832 1131 1101 1195 Μεσσίαν,
1139 1134 1351 1206 ἐτέχθη.
1386 1136 1448 1188 Ol
1494 1136 1550 1188 δὲ
1587 1136 1777 1207 ἐθορυ-

212 1223 377 1276 ϐοῦντο
416 1224 512 1278 καὶ
553 1224 868 1294 ἀντιστῆναι
916 1226 1049 1295 ἡμῖν
1080 1226 1183 1278 οὐκ
1219 1226 1482 1296 ἐτόλμων.
1521 1230 1583 1280 Οἱ
1614 1229 1671 1282 δὲ
1704 1226 1779 1282 εἷς·

213 1333 303 1368 παν
344 1317 489 1386 ἡμῖν·
553 1316 665 1387 Τὴν
724 1316 972 1388 οὐράνιον
1034 1317 1212 1387 δίκην,
1278 1318 1470 1391 εἴπατε
1524 1323 1679 1391 ἡμῖν,
1726 1322 1778 1374 τί

212 1408 401 1471 ἔγνωτε.
438 1408 500 1460 Οἳ
534 1408 771 1478 εἴπαμεν
818 1408 1018 1472 αὐτοῖς·
1074 1411 1355 1464 Ἀπιστίαν
1388 1400 1626 1477 Χνοσεῖτε,
1683 1416 1777 1467 καὶ

210 1500 312 1553 οὔτε
342 1501 504 1571 χωρὶς
550 1501 736 1573 ὅρκου,
782 1500 905 1554 οὗτε
944 1501 1061 1572 μεθ’
1093 1504 1257 1573 ὅρκου
1300 1504 1605 1569 πιστεύετε,
1641 1506 1778 1560 ἀλλὰ

208 1592 271 1661 τῷ
313 1592 588 1665 ἀϐουλήτῳ
647 1594 856 1647 ἑαυτῶν
900 1594 1089 1664 σκοπῷ
1136 1595 1501 1650 ἀκολουθεῖτε.
1565 1597 1622 1651 '0
1665 1598 1775 1670 γὰρ

207 1683 429 1752 Χριστός,
467 1687 498 1736 ό
537 1684 635 1737 τοῦ
691 1685 946 1754 Ὑψίστου
980 1689 1129 1749 παῖς,
1164 1689 1451 1761 ἐγεννήθη,
1489 1691 1775 1746 καταλύων

1890 563 2052 617 etiam
2077 564 2263 619 aureis
2286 565 2506 621 laminis
2531 564 2795 633 inscripta
2817 572 2947 619 sunt
2971 566 3114 622 hunc
3137 566 3191 620 in
3210 568 3431 623 modum
3457 584 3474 621 :

1958 677 2093 730 Cum
2140 676 2539 749 Jerosolymam
2606 679 2981 746 venissemus,
3035 678 3255 750 signum
3309 688 3476 750 atque

1883 766 2149 821 adventus
2200 774 2389 822 noster
2452 768 2763 824 universam
2819 770 3096 825 civitatem
3152 771 3474 826 commovit.

1884 858 2027 925 Quid
2076 860 2202 925 hoc,
2234 860 2474 923 aiebant.
2506 860 2801 916 Persarum
2833 862 3107 931 sapientes
3136 862 3350 927 adesse,
3399 864 3477 918 si-

1886 952 2109 1021 mulque
2156 966 2353 1005 novam
2396 969 2561 1023 super
2606 955 2755 1023 ipsos
2798 955 3008 1010 stellam
3045 957 3346 1025 apparere?
3388 954 3477 1009 ln-

1885 1052 2347 1114 terrogaruntque
2376 1060 2479 1099 nos
2512 1047 2782 1114 primores
2802 1044 3116 1100 Iudaeorum
3153 1064 3167 1099 :
3193 1046 3335 1112 Quid
3366 1046 3474 1103 sibi

1886 1138 1999 1191 luet:
2023 1137 2231 1200 volunt,
2253 1153 2420 1205 quam
2452 1139 2525 1191 ob
2561 1153 2784 1192 causam
2820 1138 2927 1192 huc
2965 1140 3232 1195 venistis?
3258 1137 3475 1205 Quibus

1883 1246 1983 1282 nos
2018 1230 2401 1299 respondimus
2438 1248 2449 1282 :
2499 1228 2674 1295 Quem
2715 1246 2812 1284 vos
2851 1232 3146 1286 nominatis
3191 1230 3472 1296 Messiam,

1883 1332 2042 1378 natus
2068 1332 2171 1377 est.
2204 1321 2308 1385 Illi,
2336 1321 2422 1377 his
2453 1323 2680 1390 auditis,
2730 1324 3226 1387 tumultuabantur,
3261 1340 3362 1379 nec
3389 1334 3474 1380 ta-

1882 1432 2003 1471 men
2040 1432 2236 1471 manus
2269 1418 2428 1473 nobis
2456 1417 2682 1487 injicere
2717 1416 3014 1471 audebant.
3061 1415 3331 1470 Dixerunt
3366 1433 3469 1471 au-

1882 1520 1989 1564 tem
2031 1510 2097 1564 ad
2143 1526 2244 1564 nos
2290 1529 2302 1563 :
2345 1510 2637 1565 Ctzelestem
2679 1510 2972 1565 vindictam
3002 1508 3363 1573 obtestamur,
3412 1519 3472 1563 ut

1880 1603 2037 1658 nobis
2068 1603 2289 1667 dicatis,
2329 1603 2465 1672 quid
2526 1602 2594 1656 de
2649 1603 2751 1656 hac
2801 1617 2862 1655 re
2913 1601 3198 1656 noveritis.
3260 1600 3472 1667 Quibus

1880 1706 2023 1747 nos:
2072 1691 2457 1747 lncredulitate
2499 1692 2781 1758 laboratis,
2816 1699 2871 1745 et
2916 1706 3093 1760 neque
3123 1690 3344 1760 juratis.
3371 1707 3471 1744 ne-

206 1774 280 1826 τὸν
305 1775 456 1845 νόμον
483 1777 661 1847 ὑμῶν,
698 1785 792 1832 καὶ
830 1780 928 1844 τὰς
964 1783 1303 1851 συναγωγάς.
1342 1783 1453 1836 Καὶ
1496 1783 1585 1837 διὰ
1618 1786 1774 1837 τοῦτο

1882 1799 1987 1854 que
2029 1784 2285 1853 injuratis
2334 1784 2494 1839 nobis
2547 1783 2791 1850 creditis,
2835 1782 2931 1838 sed
2980 1783 3349 1853 incogitantia:
3375 1799 3474 1837 ve-

207 1866 323 1936 ὑπὲρ
356 1867 613 1935 μαντείας
642 1870 874 1941 ἀρίστης
901 1871 1089 1945 ὥσπερ
1117 1873 1609 1945 κατατοξευόμενοι
1642 1876 1774 1945 (51),

204 1959 285 2029 οὐχ
308 1959 469 2031 ἡδέως
508 1960 741 2015 ἀκούετε
770 1963 831 2015 τὸ
874 1963 1043 2035 ὄνομα
1094 1966 1271 2033 τοῦτο,
1318 1968 1457 2039 ὅπερ
1512 1968 1777 2038 αἰφνίδιον

204 2052 379 2123 ἐπέστη
413 2053 536 2106 καθ’
572 2054 749 2125 ὑμῶν.
789 2056 853 2110 Οἱ
899 2058 956 2112 δὲ
1000 2058 1123 2112 καθ’
1158 2061 1382 2123 ἑαυτοὺς
1416 2060 1782 2133 βουλευσάμε-

206 2163 288 2207 νοι,
318 2148 695 2218 παρεκάλεσαν
726 2152 893 2221 ἡμᾶς,
945 2150 1273 2222 δεξαμένους
1305 2152 1454 2224 δῶρα
1496 2172 1779 2225 παρασιω-

205 2237 351 2306 πῆσαι
378 2240 435 2291 τὸ
464 2240 708 2295 τοιοῦτον
739 2244 803 2296 ὲκ
822 2244 919 2314 τῆς
936 2244 1193 2315 τοιαύτης
1213 2246 1398 2317 χώρας
1422 2247 1623 2311 αὐτῶν,
1648 2266 1665 2298 ι
1695 2249 1780 2301 ἵνα

207 2331 266 2402 μὴ
294 2332 593 2388 ἀποστασία
624 2336 871 2406 γένηται,
905 2324 1101 2407 φασὶν,⁵
1126 2342 1207 2405 είς
1230 2343 1400 2410 ἡμᾶς.
1438 2359 1455 2393 ι
1498 2340 1689 2411 Ἡμεῖς
1721 2341 1783 2395 il

205 2426 425 2496 εἴπαμεν·
481 2427 644 2498 Δῶρα
692 2431 852 2501 ἡμεῖς
891 2431 972 2494 είς
1009 2432 1175 2503 τιμὴν
1224 2432 1388 2485 αὑτοῦ
1440 2433 1775 2503 ἠνέγκαμεν,

207 2516 317 2586 πρὸς
348 2516 405 2570 τὸ
435 2518 699 2591 κηρύξαι,
730 2522 874 2592 ἅπερ
921 2522 1167 2593 ἔγνωμεν
1206 2526 1263 2577 ὲν
1295 2527 1363 2595 τῇ
1408 2542 1562 2595 χωρᾳ
1592 2525 1772 2595 ἡμῶν,

207 2610 435 2676 μεγαλεῖα
470 2616 528 2665 εν
565 2613 643 2683 τῷ
674 2613 966 2681 γεννᾶσθαι
984 2615 1166 2679 αὐτὸν,
1203 2618 1297 2669 καὶ
1346 2617 1533 2685 λέγετε
1586 2618 1777 2671 λαϐόν-

206 2717 285 2765 τας
307 2704 442 2773 ἡμᾶς
468 2704 648 2775 δῶρα,
670 2704 737 2757 τὰ
770 2706 1163 2779 ύπερουρανίου
1188 2710 1299 2777 (52)
1316 2709 1579 2782 Θεότητος
1604 2711 1665 2784 δη
1675 2730 1774 2785 μοτ

209 2796 451 2851 σιευθέντα
484 2797 697 2868 κρύψαι
743 2800 838 2852 καὶ
876 2800 945 2854 τὰ
977 2800 1067 2854 τοῦ
1118 2802 1250 2855 [δίου
1284 2798 1777 2873 βασιλέωςὲντάλ-

211 2905 328 2951 ματα
356 2892 638 2963 παριδεῖνς
676 2893 739 2945 Οἱ
770 2892 846 2959 δὲ,
885 2893 1057 2948 πολλὰ
1097 2898 1769 2971 παρακαλέσαντεςήμᾶς,

206 2979 467 3035 ἀπέλυσαν.
499 2982 679 3037 Τοῦτο
721 2984 777 3038 δέ
811 3002 871 3037 τε
916 2984 1029 3057 (55)
1077 2985 1455 3057 βασιλεύοντος
1495 2990 1594 3060 τῆς
1646 2991 1775 3043 Ἰου-

204 3071 330 3135 δαίας
362 3076 856 3148 μεταστειλαμένου
903 3079 1072 3149 ἡμᾶς,
1124 3081 1216 3133 καὶ
1252 3080 1589 3151 λαλήσαντος
1636 3084 1773 3153 πρὸς

1885 1887 2012 1932 strze
2038 1876 2336 1932 inhaeretis.
2365 1876 2643 1942 Christus,
2667 1875 2934 1930 Altissimi
2957 1874 3152 1943 Filius,
3180 1883 3339 1930 natus
3364 1885 3469 1941 est,

1884 1968 2052 2039 legem
2075 1978 2312 2029 vestram
2349 1983 2457 2023 una
2493 1983 2616 2022 cum
2658 1968 2950 2038 synagogis
2983 1968 3470 2023 exterminaturus.

1856 2060 2092 2139 idcirco
2126 2075 2246 2127 vos,
2303 2059 2498 2116 nuntio
2550 2061 2656 2115 hoc
2698 2058 3117 2130 exoptatissime
3151 2060 3312 2128 quasi
3363 2060 3472 2115 telo

1884 2153 2144 2224 perculsi,
2176 2168 2375 2207 nomen
2408 2151 2551 2207 istud
2580 2151 3015 2221 perhorrescitis,
3048 2152 3194 2221 quod
3226 2161 3339 2206 tam
3371 2168 3469 2207 su~

1884 2249 1997 2303 bito
2017 2248 2324 2303 cervicibus
2352 2246 2552 2302 vestris
2590 2246 2775 2300 instat.
2800 2243 2904 2311 Illi,
2931 2245 3147 2301 collatis
3172 2247 3315 2301 inter
3347 2261 3470 2302 sese

1880 2340 2147 2403 consiliis,
2180 2340 2542 2394 hortabantur
2580 2354 2703 2405 nos,
2737 2350 2796 2394 ut
2840 2340 3079 2409 acceptis
3119 2339 3466 2404 muneribus.

1881 2431 2087 2486 nemini
2122 2432 2515 2497 iudicaremus,
2548 2446 2660 2485 rem
2686 2430 2847 2486 talem
2874 2432 2927 2485 in
2964 2432 3064 2486 hae
3103 2432 3347 2501 ipsorum
3377 2448 3465 2487 rc-

1880 2525 2039 2596 gione
2088 2524 2376 2586 accidisse,
2417 2542 2434 2576 ι
2476 2538 2546 2579 ne
2572 2521 2825 2588 defectio,
2863 2523 3102 2585 aiebant,
3164 2524 3307 2579 inter
3364 2540 3467 2580 nos

1878 2615 2110 2670 oriatur.
2136 2633 2155 2667 ι
2194 2612 2406 2681 Quibus
2432 2628 2535 2668 nos
2567 2612 2952 2681 respondimus
2986 2630 2999 2666 :
3027 2610 3135 2667 Nos
3158 2626 3382 2667 munera
3411 2612 3465 2665 in

1878 2708 2139 2764 honorem
2177 2707 2349 2777 ipsius
2374 2705 2681 2772 attulimus,
2714 2704 2781 2758 ad
2809 2705 3165 2760 contestanda
3222 2702 3467 2773 prodigia

1876 2817 1998 2871 quae
2021 2802 2140 2871 ipso
2177 2810 2307 2856 nato
2333 2800 2388 2854 in
2427 2802 2649 2872 regione
2680 2810 2867 2856 nostra
2899 2798 3240 2861 acciderunt,
3269 2804 3324 2851 ct
3366 2810 3469 2851 vos

1875 2894 2136 2950 inducere
2217 2909 2318 2949 nos
2363 2894 2549 2961 vultis,
2600 2902 2680 2959 ut,
2732 2893 2969 2963 acceptis
3014 2888 3356 2952 muneribus,
3398 2904 3471 2943 ea

1876 3003 2002 3058 qua:
2028 2986 2245 3043 Numen
2280 2988 2480 3057 ipsum,
2509 2987 2651 3043 cmlo
2678 2985 2992 3047 sublimius,
3034 2982 3193 3038 nobis
3233 2977 3467 3035 manife-

1878 3080 2061 3147 stavit,
2121 3081 2342 3135 silentio
2387 3094 2733 3149 premamus,
2787 3077 3061 3146 simulque
3104 3074 3250 3143 regis
3289 3069 3466 3127 nostri

206 3164 325 3235 ημᾶς
348 3166 452 3237 (fil)
471 3185 601 3222 τινα
620 3169 715 3222 καὶ
734 3171 1129 3243 ἐρωτήσαντος,
1154 3172 1311 3226 ἆτινα
1334 3176 1571 3245 εἴπαμεν
1594 3176 1767 3247 αὐτῷ,

1882 3175 2135 3229 mandata
2183 3172 2691 3243 transgrediamur!
2744 3171 2842 3227 Ast
2874 3170 2972 3235 il1i,
3008 3168 3243 3223 multum
3283 3167 3468 3222 adhuc

206 3257 269 3319 εἰς
286 3258 416 3331 ᾇπερ
439 3263 536 3315 καὶ
567 3262 807 3334 ἐχολώθη
832 3263 953 3327 ὅλος
973 3262 1131 3335 (54’).
1160 3265 1392 3337 Ἀπέστη
1403 3285 1500 3338 μεν
1533 3268 1597 3340 δὴ
1633 3270 1768 3339 (55),

206 3348 282 3401 ἀπ’
314 3353 491 3419 αὐτοῦ,
528 3355 606 3426 μὴ
632 3356 994 3428 προσέχοντες
1024 3358 1192 3429 αὐτῷ,
1235 3360 1281 3412 εί
1321 3361 1394 3432 μὴ
1428 3360 1504 3424 ὡς
1549 3362 1627 3415 ἑνὶ
1686 3365 1771 3416 εύ‹

205 3443 337 3497 τελεῖ.

1873 3280 1973 3319 nos
2032 3262 2325 3325 cohortati.
2388 3262 2607 3315 tandem
2670 3260 2829 3315 irrito
2887 3267 3088 3316 conatu
3135 3259 3486 3313 discessere..

1872 3356 1996 3411 Pari
2066 3356 2378 3425 modomos
2430 3354 2736 3425 gessimus,
2784 3368 2908 3408 eum
2955 3354 3071 3424 ipse
3123 3366 3219 3405 rex
3260 3348 3464 3405 ludam

1874 3468 1974 3507 nos
2010 3459 2334 3517 accerseret,
2379 3458 2543 3519 atque
2593 3448 2736 3503 inter
2787 3448 2969 3503 varios
3011 3461 3293 3503 sermones
3326 3460 3465 3497 non-

206 3540 326 3593 nulla
353 3557 449 3597 nos
474 3544 860 3616 interrogaret,
892 3546 956 3600 ad
984 3561 1107 3615 qua:
1140 3547 1243 3616 ipsi
1275 3548 1437 3603 etiam
1472 3550 1617 3606 haud
1641 3563 1865 3621 gravate
1906 3548 2313 3621 respondimus.
2361 3544 2729 3600 Discessimus
2772 3546 2841 3600 ab
2876 3544 2990 3609 illo,
3021 3558 3132 3599 non
3162 3542 3335 3613 magis
3391 3540 3463 3594 ad

205 3641 307 3682 eum
341 3635 703 3699 attendentes,
743 3652 908 3705 quam
952 3636 1018 3691 ad
1056 3638 1334 3692 hominem
1384 3642 1674 3709 quemdam
1711 3643 1834 3697 imae
1862 3641 2054 3712 plebis,
2081 3639 2209 3694 licet
2239 3647 2387 3693 totus
2416 3636 2496 3690 ira
2526 3635 2774 3691 ferveret.

265 3722 515 3795 Ἠλθομεν
558 3727 616 3780 δὲ
665 3725 795 3781 ἔνθα
837 3728 1246 3800 ἀπεστάλημεν,
1280 3731 1375 3785 καί¹
1406 3734 1615 3804 εἴδομεν
1670 3735 1771 3805 τὴν

206 3816 509 3885 τεννήσασαν
567 3819 662 3871 καὶ
706 3820 798 3872 τὸν
842 3821 1193 3892 γεννηθέντα,
1254 3823 1349 3877 τοῦ
1389 3824 1618 3897 ἀστέρος
1658 3827 1766 3880 δει-

209 3907 427 3975 κνύοντος
457 3913 517 3965 τὸ
553 3912 874 3967 δεσποτικὸν
916 3914 1133 3985 βρέφος.
1170 3918 1418 3990 Εἴπαμεν
1466 3919 1523 3972 δὲ
1564 3923 1630 3991 τῇ
1671 3938 1773 3991 μη-

208 4001 296 4069 τρί’
326 4004 414 4067 Τίς
446 4005 609 4075 καλῇ,
648 4006 930 4078 περίφημε
979 4008 1194 4079 μῆτερ;
1242 4011 1404 4074 ’Ἠτις
1442 4011 1609 4079 λέγει’
1649 4014 1772 4067 Μαι

212 4092 337 4163 ριὶμ,
365 4096 637 4150 δεσπόται.
673 4099 916 4170 Εἴπομεν
956 4100 1014 4153 δὲ
1052 4102 1208 4172 αύτῇ⁴
1239 4102 1411 4156 Πόθεν
1432 4105 1730 4175 ὁρμωμένη
1757 4121 1770 4167 ;

218 4181 269 4234 Ἠ
296 4186 362 4246 is,
398 4189 490 4241 Ἐκ
519 4188 747 4259 ταύτης,
785 4189 1062 4261 φησὶ,’τῆς
1088 4190 1416 4262 Βηθλεωτῶν
1453 4191 1656 4263 χώρας.
1679 4194 1770 4245 Εἷ-

210 4292 360 4347 τπμεν
392 4280 465 4333 δέ·
501 4280 617 4334 Οὐκ
652 4282 808 4352 ἔσχες
854 4283 1023 4355 ἄνδρα
1055 4283 1208 4348 τινάς
1256 4284 1320 4337 Ἠ
1356 4285 1413 4338 δὲ
1463 4285 1617 4355 φησί·
1654 4286 1768 4338 Με-

212 4372 516 4445 μνὴττευμαι
559 4375 719 4445 μόνον
759 4376 895 4447 πρὸς
936 4376 1215 4446 γαμιαίων
1254 4376 1559 4447 συμϐόλων,
1598 4394 1768 4447 μεμε-

211 4466 441 4536 ρισμένης
471 4467 527 4521 δέ
584 4484 687 4537 μου
729 4468 827 4538 τῆς
866 4466 1124 4532 διανοίας.
1158 4468 1271 4522 Ούκ
1320 4468 1629 4539 ἠϐουλόμην
1658 4467 1767 4538 γὰρ

1950 3731 2193 3787 Tandem
2234 3730 2384 3795 illuc,
2421 3744 2531 3800 quo
2562 3728 2716 3784 missi
2758 3727 3058 3793 fueramus,
3089 3732 3461 3799 pervenimus,

1873 3824 2220 3893 vidimusque
2243 3820 2561 3891 genitricem
2581 3834 2689 3872 una
2704 3834 2830 3873 cum
2853 3820 3032 3887 genita
3054 3819 3121 3873 ab
3141 3819 3258 3889 ipsa
3288 3822 3460 3890 prole.

1874 3917 2030 3973 stella
2109 3914 2269 3970 nobis
2348 3912 2695 3967 Dominicum
2754 3912 3019 3966 infantem
3096 3922 3458 3968 monstrante.

1873 4008 2122 4063 Diximus
2156 4014 2337 4060 autem
2378 4004 2446 4059 ad
2480 4013 2749 4059 matrem:
2776 4003 3066 4069 Quomodo
3101 4005 3339 4071 vocaris,
3363 4021 3456 4060 ce-

1872 4100 2167 4157 leberrima
2216 4098 2431 4152 mater?
2473 4096 2606 4163 Qua-
2640 4098 2735 4151 .ait
2783 4115 2798 4153 :
2844 4096 3034 4165 Maria,
3085 4099 3316 4153 domini.
3359 4100 3461 4154 Cui

1879 4208 2019 4248 nos:
2048 4190 2203 4247 Unde
2237 4188 2395 4244 orta?
2423 4186 2505 4243 Ad
2540 4189 2689 4259 quod
2722 4189 2814 4244 illa
2858 4208 2872 4243 :
2906 4188 2984 4243 Ex
3016 4191 3181 4245 haece
3206 4188 3458 4245 Bethlee-

1878 4285 2135 4339 mitarum
2170 4282 2411 4353 regione.
2473 4278 2745 4347 Habesne,
2788 4281 3195 4351 inquiebamus,
3240 4280 3461 4336 virum?

1879 4375 2212 4444 Desponsata
2247 4381 2458 4428 tantum
2485 4384 2629 4435 sum,
2659 4369 2941 4439 respOndit
2976 4370 3089 4433 illa,
3127 4368 3181 4421 in
3220 4369 3459 4438 speciem

1873 4466 2166 4536 quamdam
2199 4466 2482 4532 connubii,
2509 4473 2690 4520 mente
2713 4463 2873 4532 longe
2898 4477 2928 4515 a
2956 4460 3233 4517 connubio
3257 4461 3456 4516 aliena.

210 4557 274 4618 εἰς
302 4559 446 4613 τοῦτο
474 4562 671 4614 ἐλθεῖν.
708 4562 857 4614 ῐῐάνυ
889 4563 947 4616 δὲ
987 4562 1358 4635 ὀλιγωρούσης
1393 4581 1521 4635 μου,
1558 4563 1765 4617 σαϐϐά-

1882 4556 2030 4613 Nolui
2059 4558 2204 4612 enim
2251 4559 2318 4613 ad
2348 4558 2453 4613 hoc
2490 4556 2798 4628 pervenire.
2839 4552 2977 4609 Cum
3005 4561 3190 4608 autem
3232 4567 3460 4622 prorsus

209 4664 286 4703 του
330 4652 719 4722 διαφαύσαντος
781 4656 876 4708 καὶ
947 4655 1102 4725 ἡλίου
1167 4655 1328 4719 εὐθὺς
1362 4655 1766 4721 ἀνατείλαντος,

212 4740 386 4811 ἐπέστη
430 4763 519 4815 μοι
562 4745 812 4813 ἄγγελος,
850 4746 1335 4815 εύαγγελιζόμενός
1388 4765 1476 4818 μοι
1509 4747 1769 4817 ἐξαίφνης

212 4828 343 4881 τόκον
378 4834 517 4888 τινά.
571 4834 682 4887 Καὶ
724 4834 1435 4908 θορυϐηθεῖσα’ἁνέκραξα·
1486 4838 1770 4910 Μηδαμῶς

214 4935 287 4985 μοι
309 4921 475 4987 τοῦτο,
535 4924 737 4996 Κύριε,
774 4925 944 4995 ἄνδρα
974 4925 1083 4997 γὰρ
1116 4927 1216 4979 οὐκ
1242 4926 1368 4998 ἔχω.
1400 4929 1511 4981 Καὶ
1536 4929 1771 4981 ἐπίστωο

216 5010 262 5061 σέ
282 5029 362 5081 με,
395 5014 640 5087 βουλήτει
669 5015 803 5069 Θεοῦ
832 5017 921 5068 τὸν
950 5018 1106 5069 τόκον
1136 5018 1322 5071 τοῦτον
1347 5018 1507 5089 ἔχειν.

270 5333 375 5399 (Ξδ)
407 5336 507 5391 Ms.
529 5334 777 5407 uterque,
794 5336 977 5403 πάλιν,
996 5336 1092 5389 καὶ
1112 5338 1254 5407 ἅπερ
1277 5337 1389 5390 καί.
1410 5336 1655 5391 Primum
1678 5339 1769 5390 καί

218 5415 373 5470 aperte
402 5406 847 5477 expungendum.

277 5495 375 5572 (29)
419 5499 806 5572 quuterque
857 5509 1051 5554 contra
1109 5501 1327 5572 regulas
1376 5500 1770 5571 grammaticae,

222 5562 489 5630 φθάσαντες
519 5570 579 5623 δὲ
611 5570 680 5622 τὰ
721 5562 1090 5641 Ἰεροσόλυμα.

278 5659 375 5731 (50)
408 5660 503 5716 Ms.
540 5671 771 5729 uterque
804 5662 1027 5730 soluace,
1060 5665 1215 5735 φησι,
1242 5662 1389 5734 quod
1420 5673 1474 5718 et
1498 5662 1663 5718 infra.

232 5816 242 5828 _
280 5750 377 5828 (5|)
410 5752 503 5808 his.
539 5764 792 5828 ulenque,
818 5754 911 5807 καὶ
939 5755 1027 5828 διᾲ
1054 5757 1213 5809 τοῦτο
1245 5757 1319 5821 ὡς
1340 5757 1481 5828 ὑπὲρ
1516 5756 1775 5827 μαντείας

220 5821 417 5893 ἀρίστης
439 5822 940 5893 κατατοξευόμενοι.
969 5825 1065 5881 Vel
1096 5828 1168 5883 ita
1199 5821 1598 5899 lt‘gettdum,'ut
1623 5828 1768 5893 dedi,

502 5923 779 5985 Ρλτηοι.
827 5922 943 5984 Gtt.
998 5923 1079 5986 Χ.

1870 4649 1940 4703 ab
1971 4664 2038 4703 eo
2088 4649 2463 4714 abhorrerem,
2518 4648 2744 4702 sabbato
2790 4645 3030 4717 quodam
3083 4644 3458 4709 illucescente,

1872 4739 1974 4793 sub
2006 4739 2185 4808 ipsum
2235 4737 2349 4793 fere
2397 4738 2530 4792 solis
2573 4746 2755 4791 ortum
2797 4734 2974 4789 astitit
3026 4733 3158 4787 mihi
3204 4730 3456 4803 angelus.

1872 4833 2206 4887 annuntians
2232 4829 2366 4884 mihi
2391 4830 2573 4885 subito
2602 4838 2817 4898 partum
2857 4824 3171 4897 quemdam.
3208 4823 3291 4878 Ad
3334 4837 3460 4893 qua

1874 4926 2052 4995 ipsius
2077 4924 2241 4978 verba
2268 4938 2369 4993 ego
2393 4934 2824 4990 compaveseens
2855 4916 3159 4973 exclamavi
3194 4913 3461 4985 :‘Nequa-

1874 5032 2041 5088 quam
2089 5016 2226 5070 mihi
2271 5016 2381 5070 tale
2431 5013 2563 5083 quid
2617 5011 2916 5081 contingat,
2964 5008 3221 5071 domine,
3274 5008 3458 5063 virum

1874 5108 2021 5161 enim
2054 5121 2163 5161 non
2201 5105 2396 5159 habeo.
2426 5103 2497 5156 At
2532 5102 2621 5156 ille
2654 5102 2816 5154 ﬁdem
2864 5098 2997 5153 mibi
3041 5098 3334 5165 adstruxit,
3368 5098 3456 5152 di.-

1874 5198 2000 5253 vina
2022 5212 2111 5252 me
2138 5197 2415 5253 voluntate
2437 5194 2758 5264 parituram.

1874 5332 1959 5387 vel
1993 5332 2040 5386 si
2086 5329 2351 5396 particula
2392 5328 2471 5391 ὼς
2515 5329 2635 5382 loco
2680 5342 2782 5383 suo
2828 5326 3187 5396 relinquatur,
3229 5320 3468 5395 ἀρίστης

1875 5399 2198 5456 mutandum
2231 5401 2285 5453 i'tt
2320 5399 2606 5469 κακίστης.

1949 5472 2062 5532 (52)
2095 5470 2197 5524 Ms.
2223 5480 2454 5538 uterque
2480 5468 2833 5540 ὑπουρανίου.

1947 5542 2061 5611 (55)
2092 5540 2449 5609 Subiutellige
2476 5541 2788 5611 ἐποιοῦμεν.

1950 5607 2411 5685 (§t)_P_rmpositio
2437 5612 2578 5685 apd;
2612 5607 2680 5667 ἱιι’
2698 5618 2932 5682 utroque
2958 5624 3062 5685 ms.
3103 5607 3277 5663 deest.
3307 5672 3341 5685 ,Δ
3380 5672 3392 5685 ο

1950 5679 2090 5751 (54⁸)
2127 5679 2310 5753 [iocus
2336 5679 2617 5753 turbatus,
2651 5696 2813 5753 quem
2843 5679 3103 5738 vertendo
3133 5679 3349 5735 sanavit
3375 5679 3464 5728 in-

1879 5749 2104 5821 terpres.
2148 5751 2304 5806 EDIT.
2335 5749 2579 5805 PnaoL.

1952 5823 2065 5895 (55)
2092 5822 2206 5897 Ms.
2250 5832 2497 5892 uterque,
2528 5821 2604 5875 δέ.

3106 5918 3141 5975 ι
