3966 6494
514 325 613 396 1'07

583 463 828 517 Diximus
848 469 1026 515 autem
1061 474 1162 514 nos
1190 459 1254 512 ad
1283 457 1428 515 illam
1466 474 1479 510 :
1513 457 1699 519 Mater,
1738 465 1928 518 mater,
1965 471 2082 509 om-
2116 464 2157 518 Α

511 572 608 610 nes
645 553 934 608 Persarum
989 553 1064 606 dii
1111 551 1324 606 beatam
1363 559 1413 603 te
1460 549 1844 620 pradicarunt.
1887 548 2078 619 Magna

505 656 592 703 est
621 647 791 716 gloria
821 655 931 700 tua.
959 645 1198 698 Cunctas
1234 642 1475 697 iliustrcs
1506 642 1738 696 feminas
1775 642 2075 706 antecellis,

509 739 792 808 majorque
824 745 906 791 est
955 736 1193 805 dignitas
1251 743 1362 797 tua,
1409 751 1572 804 quam
1626 735 1870 790 omnium
1912 736 2079 790 totius

508 831 695 886 mundi
722 829 1054 899 reginarum.

575 923 760 978 Infans
785 938 948 993 porro
983 924 1100 992 ipse
1130 921 1281 976 humi
1315 920 1556 985 sedebat,
1593 921 2004 991 secundumque
2027 923 2072 973 ei

503 1030 707 1068 annum
736 1013 824 1067 illa
867 1029 989 1068 esse
1013 1014 1213 1080 aiebat,
1251 1013 1411 1067 matri
1450 1013 1599 1067 vultu
1639 1028 1748 1067 non
1785 1014 2071 1077 absimilis.

502 1104 632 1158 Erat
663 1114 844 1186 autem
872 1107 986 1176 ipsa
1007 1105 1364 1174 longiusculis
1392 1106 1667 1172 manibus,
1705 1121 1932 1176 corpore
1976 1109 2073 1162 de-

499 1197 764 1264 licatiore,
794 1198 860 1252 ad
889 1198 1146 1252 frumenti
1182 1197 1422 1252 colorem
1466 1197 1775 1264 accedente,
1810 1198 1950 1254 facie
1991 1217 2075 1254 ro-

499 1289 688 1355 tunda,
719 1303 930 1343 comam
956 1289 1163 1344 habens
1185 1288 1514 1359 colligatam.
1543 1288 1681 1343 Cum
1713 1305 1844 1345 vero
1885 1291 2098 1346 nobis-.

495 1393 621 1432 cum
648 1378 974 1433 haberemus
995 1395 1210 1434 servum
1243 1379 1497 1450 pingendi
1529 1381 1773 1450 apprime
1811 1383 2068 1451 peritum,

494 1469 782 1523 amborum
815 1470 1104 1540 imaginem
1131 1470 1351 1525 domum
1380 1471 1685 1537 retulimus,
1717 1489 1838 1542 qua:
1861 1474 1916 1528 in
1962 1475 2073 1543 pri-

495 1560 674 1613 mario
701 1561 900 1629 templo
938 1575 1102 1615 manu
1131 1561 1329 1630 inostra
1376 1576 1502 1616 cum
1551 1562 1653 1618 hac
1711 1563 2070 1635 inscriptione

490 1652 671 1706 dicata
698 1661 782 1708 est
816 1671 830 1706 :
861 1652 980 1708 J'ovi
1001 1653 1232 1720 Mithrae,
1257 1653 1367 1709 Deo
1392 1671 1610 1726 magno,
1636 1648 1759 1728 regi.
1781 1657 1934 1725 Jesu.
1963 1660 2068 1714 im-

491 1743 703 1810 perium
728 1741 1010 1800 Persicum
1040 1745 1328 1801 dedicavit.

559 1857 833 1915 Tollentes
867 1860 1061 1914 deinde
1105 1861 1363 1916 infantem
1395 1864 1594 1935 singuli
1623 1877 1785 1936 atque
1829 1867 1883 1920 in
1917 1869 2061 1924 ulnis

487 1960 784 2019 gestantes,
828 1967 954 2006 cum
999 1953 1229 2007 osculati
1267 1969 1514 2011 essemus
1553 1966 1606 2011 et
1653 1959 2056 2022 adorassemus.

487 2041 740 2097 dedimus
785 2043 864 2097 illi
899 2059 1118 2110 aurum,
1161 2047 1437 2118 myrrham
1487 2058 1541 2103 et
1587 2049 1735 2118 thus,
1766 2051 2056 2107 dicentes:

486 2133 654 2188 Donis
700 2133 810 2190 tuis
853 2144 905 2191 te
940 2151 1313 2205 muneramur,
1365 2140 1676 2196 dominator
1719 2142 1863 2210 cceli,
1903 2143 2056 2199 Jesu.

482 2224 602 2280 Non
627 2227 762 2284 bene
782 2229 1235 2297 gubernarentnr,
1255 2249 1376 2301 quae
1403 2234 1776 2302 gubernationi
1807 2237 2058 2292 humanae

483 2333 592 2372 non
625 2321 878 2388 subsunt,
906 2321 1009 2376 nisi
1040 2331 1151 2378 tute
1181 2324 1422 2381 adesses.
1465 2325 1585 2380 Non
1627 2327 1784 2382 aliter
1819 2343 2054 2397 superna

482 2409 709 2467 infernis
747 2412 1130 2483 iungerentur,
1189 2417 1293 2471 nisi
1348 2419 1462 2487 ipse
1503 2419 1899 2477 descendisses.
1935 2421 2054 2477 Non

480 2511 689 2556 tantum
720 2503 883 2560 efﬁcit
915 2505 1174 2573 famulus,
1199 2524 1228 2562 a
1257 2509 1480 2564 domino
1511 2513 1734 2576 missus,
1766 2529 1930 2584 quam
1963 2516 2054 2570 do-

478 2593 666 2648 minus
709 2594 855 2664 ipse;
900 2611 1007 2651 non
1056 2605 1266 2651 tantum
1314 2613 1433 2666 rex,
1471 2601 1517 2655 si
1565 2601 1765 2656 bellum
1819 2606 2052 2675 satrapis

477 2683 787 2750 demandet,
819 2703 984 2756 quam
1032 2690 1076 2744 si
1109 2691 1339 2760 imperio
1384 2693 1500 2763 ipse
1544 2693 1819 2766 fungatur.
1862 2696 2052 2753 Decuit

478 2775 584 2832 hoc
607 2779 931 2847 sapientiam
958 2793 1128 2849 tuam,
1162 2785 1236 2840 ita
1258 2802 1381 2841 cum
1410 2788 1723 2844 hominibus
1748 2805 1925 2861 agere.

547 2953 732 3011 infans
765 2968 943 3014 autem
975 2963 1309 3031 exsultabat,
1335 2974 1389 3019 et
1420 2967 1866 3039 ridebatpropter
1888 2971 2045 3026 blan-

473 3048 636 3103 ditias
679 3059 732 3104 ct
781 3066 1061 3110 sermones
1092 3065 1330 3112 nostros.
1380 3058 1633 3130 Regressi
1667 3077 1794 3117 vero
1829 3063 1894 3118 ad
1928 3081 2044 3119 ma-

1601 333 1843 392 JULIUS
1877 335 2290 398 AFRICANUS.
2327 373 2390 383 -—
2429 343 2698 402 SPURIA.

3673 352 3774 407 108

2271 463 2460 533 Ἡμεῖς
2502 465 2558 518 δὲ
2591 467 2824 536 εἴπαμεν
2853 468 3010 538 αὐτῇ·
3048 467 3260 540 Μῆτερ,
3296 467 3489 541 μῆτερ,
3525 470 3774 534 ἅπαντες

2180 556 2227 607 οἰ
2281 554 2393 608 θεοὶ
2436 556 2658 628 Περσῶν
2705 559 3048 631 ἐμακάρισάν
3085 558 3186 613 σε.
3239 561 3313 614 Τὸ
3356 561 3618 632 καύχημά
3676 579 3773 615 σου

2182 645 2342 715 μέγα.
2387 647 2723 718 ’Υπερῆρσαι
2759 649 2868 718 (56)
2901 650 3009 723 γὰρ
3043 653 3222 716 πάσας
3252 651 3352 716 τὰς
3384 652 3627 718 ἐνδόξους
3671 670 3763 722 γυο

2178 738 2390 801 ναῖκας,
2423 737 2520 791 καὶ
2559 739 2746 793 πασῶν
2784 739 3066 810 βασιλίδων
3105 741 3498 815 βασιλικωτέρα
3529 743 3768 814 ἐφάνης.

2247 915 2320 968 Τὸ
2353 915 2411 969 δὲ
2467 917 2674 971 παιδίον
2713 917 2771 970 ἐν
2819 920 2884 989 τῇ
2923 921 2992 990 γῇ
3033 917 3338 986 ἐκαθέζετο,
3379 921 3652 992 δεύτερον,
3689 921 3770 983 ὡς

2175 1005 2358 1076 ἔλεγεν
2385 1007 2544 1078 αύτὴ,
2581 1007 2698 1072 έτος
2745 1009 2913 1079 αύτῷ,
2950 1011 3172 1080 μερικὸν
3204 1011 3302 1081 τῆς
3330 1012 3606 1082 ,τεκούσης
3631 1013 3758 1082 ἔχον

2172 1099 2264 1152 τὸν
2295 1100 2634 1172 χαρακτῆρα.
2667 1097 2774 1153 Ἦν
2806 1101 2862 1154 δὲ
2890 1101 3028 1173 αῦτη
3061 1103 3274 1174 μακρὰς
3300 1103 3397 1167 τὰς
3425 1107 3614 1175 χεῖρας
3640 1104 3757 1174 (57)

2172 1190 2388 1259 ἔχουσα,
2435 1190 2496 1244 τὸ
2538 1191 2696 1262 σῶμα
2739 1192 3171 1266 τρυφερώτερον,
3222 1194 3516 1267 σιτόχροος,
3559 1212 3758 1266 στρογ-

2171 1284 2611 1354 γυλοπρόσωπος,
2647 1285 2843 1356 ἔχουσα
2862 1287 2960 1358 τὴν
2994 1287 3188 1356 χαίτην
3220 1287 3527 1358 δεδεμένην.
3567 1289 3758 1358 Ἔχον-

2170 1391 2259 1440 τες
2283 1377 2338 1430 δὲ
2362 1377 2480 1447 μεθ’
2515 1379 2720 1432 ἐαυτῶν
2754 1379 2926 1449 εὐφυῆ
2969 1379 3133 1433 παῖδα
3180 1379 3755 1451 ζωγράφονβμφοτέ-

2174 1485 2280 1538 ρων
2315 1469 2410 1539 τὴν
2444 1469 2702 1539 ὁμοίωσιν
2733 1473 2798 1541 τῇ
2835 1469 2987 1542 χώρᾳ
3019 1470 3174 1541 ἡμῶν
3192 1471 3492 1542 ἠγάγομεν,
3514 1473 3607 1526 καὶ
3634 1475 3753 1524 ἐνε-

2169 1560 2296 1631 τέθη
2333 1561 2391 1612 ἐν
2419 1564 2484 1630 τῇ
2517 1561 2659 1631 χειρί
2685 1561 2862 1632 ἡμῶν,
2975 1563 3410 1634 ἐχρηματίζομεν
3447 1565 3752 1633 γράφοντες

2168 1651 2343 1715 οὕτως
2375 1652 2484 1722 (58)
2528 1654 2585 1704 ἐν
2622 1653 2698 1724 τῷ
2736 1654 2971 1706 διοπετεῖ
3011 1653 3156 1726 ἱερῷ·
3192 1655 3617 1726 ΔιίξἮλίῳβεῷ
3649 1673 3751 1726 με-

2168 1743 2337 1813 γάλῳ,
2368 1742 2572 1814 βασιλεῖ
2608 1745 2802 1815 Ἰησοῦ,
2837 1745 2898 1798 τὸ
2921 1747 3184 1817 Περσικὸν
3228 1748 3426 1820 κράτος
3455 1748 3743 1820 ἀνέθηκεν.

2235 1859 2495 1931 ’Ἄραντες
2525 1858 2582 1911 δὲ
2628 1858 2686 1910 τὸ
2717 1859 2926 1912 παιδίον
2965 1859 3192 1924 ἕκαστος
3233 1862 3391 1932 ἡμῶν
3423 1863 3516 1915 καὶ
3543 1864 3600 1915 ἐν
3644 1864 3748 1926 ἀγ-

2163 1948 2351 2012 κάλαις
2387 1947 2773 2018 βαστάσαντες,
2809 1950 3184 2021 ἀσπασάμενοι
3213 1951 3348 2004 αὐτὸ
3380 1952 3477 2005 καὶ
3510 1969 3749 2023 προσκυ-

2161 2048 2440 2112 νήσαντες,
2477 2039 2784 2111 δεδώκαμεν
2824 2041 2972 2112 αύτῷ
3011 2043 3228 2114 χρυσὸν,
3262 2043 3506 2114 σμύρναν
3535 2045 3629 2097 καὶ
3658 2044 3743 2098 λί-

2161 2133 2338 2195 ϐανον,
2370 2131 2610 2196 εἰπόντες
2643 2133 2809 2203 αὐτῷ·
2836 2135 2925 2186 Σοὶ
2947 2134 3014 2187 τά
3045 2134 3114 2187 σὰ
3145 2135 3553 2206 φιλοτιμοῦμεν,
3583 2137 3745 2207 ούρα-

2159 2221 2421 2293 νοδύναμε
2455 2223 2650 2294 Ἰησοῦ.
2688 2225 2761 2277 Ού
2794 2224 2973 2288 καλῶς
3012 2226 3122 2295 (59)
3171 2225 3421 2280 διοικεῖτο
3469 2227 3538 2280 τὰ
3574 2227 3742 2280 ἀδιοί-

2157 2331 2319 2385 κητα,
2347 2316 2396 2366 εἰ
2431 2314 2506 2386 μὴ
2541 2315 2604 2368 σὺ
2652 2315 2903 2386 παρείης.
2955 2317 3066 2386 Ούχ
3126 2317 3326 2388 ἑτέρως
3369 2317 3626 2388 ἐμίσγετο
3669 2320 3742 2371 τὰ

2156 2402 2269 2456 ἀνω
2309 2407 2422 2468 τοῖς
2470 2405 2638 2469 κάτω,
2684 2409 2731 2459 εἰ
2767 2406 2840 2477 μὴ
2889 2407 3048 2470 αὐτὸς
3081 2407 3336 2479 κατέὸης.
3379 2408 3453 2461 Ού
3485 2409 3738 2463 τοσοῦτον

2158 2495 2378 2550 ἀνύεται
2427 2497 2693 2559 διακονία,
2740 2499 2787 2550 εἰ
2831 2498 2922 2551 τόν
2964 2515 3024 2550 τε
3057 2498 3240 2552 δοῦλον
3279 2500 3574 2574 ἀποστείλῃ
3623 2501 3735 2571 (40)

2153 2606 2256 2652 τις,
2293 2589 2368 2653 ὡς
2411 2591 2533 2644 ὅσον
2588 2591 2778 2644 ἐαυτὸν
2835 2591 3260 2662 παραγενέσθαι,
3307 2592 3424 2646 οὐδὲ
3478 2591 3737 2661 βασιλεὺς

2155 2682 2386 2752 πέμπων
2433 2683 2524 2736 ἐπὶ
2564 2683 2794 2754 πόλεμον
2848 2684 3150 2755 σατράπας,
3183 2682 3258 2747 ὡς
3289 2684 3411 2737 ὅσον
3450 2684 3508 2737 τὸ
3542 2685 3734 2737 ἐαυτὸν

2152 2773 2465 2845 ἐνδημῆσαι.
2500 2775 2746 2844 Ἐπρεπε
2770 2774 2926 2828 τοῦτο
2955 2778 3020 2846 τῇ
3054 2778 3190 2847 σοφῇ
3219 2792 3310 2829 σου
3343 2775 3568 2847 μεθόδῳ,
3605 2778 3734 2840 τοὺς

2151 2861 2469 2934 ἀνθρώπους
2499 2863 2608 2934 (41)
2644 2863 2964 2933 μεθοδεῦσαι
2992 2865 3263 2929 τοιούτως.

2220 2953 2293 3006 Τὸ
2322 2953 2378 3005 δὲ
2409 2954 2620 3006 παιδίον
2649 2953 2896 3026 ἐσκίρτα,
2941 2957 3035 3008 καὶ
3067 2956 3225 3025 ἐγέλα
3266 2960 3384 3020 ταῖς
3417 2956 3729 3020 κολακείαις

2148 3046 2380 3109 καὶτοῖς
2413 3045 2589 3114 λόγοις
2623 3046 2798 3117 ἡμῶν.
2847 3047 2956 3099 Καὶ
3008 3047 3397 3118 συνταξάμενοι
3443 3051 3507 3119 τῇ
3558 3052 3730 3119 μητρί

470 3151 635 3210 trem,
666 3144 911 3200 exhibito
942 3146 1039 3211 illi,
1075 3156 1135 3202 ut
1166 3164 1264 3218 par
1305 3161 1441 3218 erat,
1500 3152 1726 3220 honore,
1773 3170 1934 3225 quem
1991 3167 2045 3212 et

2166 3139 2240 3192 cal.
2286 3138 2422 3209 αὑτὴ
2469 3140 2614 3209 ἡμᾶς
2654 3139 2930 3208 τιμήσασα
2963 3140 3055 3191 καὶ
3086 3141 3246 3209 ἡμεῖς
3274 3139 3615 3205 δοξάσαντες,
3651 3141 3730 3204 ὡς

471 3230 587 3299 ipsa
619 3232 778 3286 nobis
811 3233 1077 3300 exhibuit,
1115 3238 1316 3293 reversi
1353 3255 1544 3296 sumus
1587 3241 1640 3296 in
1680 3243 2042 3300 diversorium

467 3330 740 3378 nostrum.
775 3323 942 3380 Facto
973 3341 1104 3381 vero
1146 3343 1368 3399 vespere
1411 3333 1582 3387 astitit
1617 3335 1776 3391 nobis
1825 3337 2041 3392 terribi-

465 3413 537 3468 lis
574 3423 628 3469 et
662 3417 1078 3486 expavefaciens
1106 3421 1351 3490 quidam,
1387 3423 1573 3480 dicens
1608 3427 1675 3481 ad
1706 3444 1806 3483 nos
1841 3448 1854 3482 :
1891 3429 2040 3484 Conv

465 3501 649 3558 festim
687 3507 850 3573 exite,
881 3523 950 3563 ne
978 3510 1194 3566 insidiis
1232 3515 1638 3582 opprimamini.
1672 3517 1776 3572 Cui
1798 3535 1898 3575 nos
1934 3529 2039 3575 tre-

465 3603 676 3649 mentes
705 3598 1050 3665 reposuimus
1082 3618 1094 3653 :
1124 3599 1386 3668 Quisnam
1429 3617 1531 3670 est,
1567 3607 1658 3676 qui
1707 3617 1870 3663 tanta:
1901 3610 2038 3680 lega-

465 3684 601 3740 tioni
632 3687 856 3744 insidias
879 3700 1091 3748 struere
1130 3695 1294 3761 ausit,
1337 3696 1516 3753 divine
1554 3699 1828 3756 bellidux!
1865 3701 2036 3758 Hero-

462 3774 578 3839 des,
615 3777 796 3833 aiebat
833 3779 941 3836 ille.
977 3781 1177 3839 Verum
1211 3795 1453 3842 actutum
1486 3792 1780 3862 exsurgite,
1813 3803 1866 3848 et
1898 3795 2031 3849 salvi

462 3866 517 3920 in
541 3882 675 3936 pace
709 3869 933 3926 domum
967 3875 1158 3931 redite.

528 3957 640 4016 Nos
671 3971 854 4018 autem
893 3965 1178 4024 celerrime
1218 3972 1367 4026 omni
1403 3975 1583 4031 studio
1619 3991 1720 4031 nos
1747 3976 1873 4032 inde
1903 3992 2030 4047 pro-

456 4051 724 4120 ripuimus
745 4064 800 4111 et
829 4059 1032 4125 omnia,
1059 4076 1180 4130 quae
1215 4064 1469 4131 vidimus,
1497 4065 1849 4140 .lcrosolymis
1880 4086 2026 4124 nunc

459 4141 736 4202 tiavimus.
776 4147 917 4205 Ecce
948 4151 1132 4221 igitur,
1169 4154 1282 4210 haec
1323 4157 1475 4212 vobis
1510 4158 1576 4214 de
1616 4160 1836 4216 Christo
1872 4172 2022 4217 retu-

453 4232 639 4299 limus,
677 4247 731 4291 et
768 4239 1004 4295 vidimus
1045 4241 1344 4310 Christum,
1380 4247 1712 4306 Salvatorem
1750 4263 2018 4321 nostrum,

453 4325 548 4392 qni
582 4341 641 4381 se
671 4336 730 4382 ut
773 4329 938 4386 Deum
975 4336 1178 4403 pariter
1216 4347 1270 4392 et
1309 4339 1583 4396 hominem
1634 4345 1792 4399 nobis
1843 4347 2020 4400 mani-

454 4412 690 4530 festavit.
747 4416 850 4487 Ipsi
895 4422 1063 4491 gloria
1111 4436 1163 4480 et
1193 4427 1479 4497 imperium
1516 4433 1568 4486 in
1609 4435 1806 4492 saecula
1841 4450 2016 4492 saecu-
2052 4476 2096 4530 υ

451 4503 650 4561 lorum.
677 4514 870 4566 Amen.

543 4664 632 4808 36g
671 4667 772 4724 Ms.
799 4681 1044 4744 uterque,
1081 4677 1372 4752 ὑπερῆραι.

543 4734 610 4808 ξ’]
669 4737 770 4808 Ms.
805 4752 1048 4808 uterque,
1078 4750 1277 4808 μακρὶν
1296 4751 1372 4808 τὴι

669 4737 770 4824 his.
805 4734 1048 4824 uterque,
1078 4734 1277 4820 μακρίῦ
1296 4751 1392 4824 τὴν
1423 4753 1598 4824 κῆραν
1626 4753 1838 4824 ἔχουσα.

842 4805 1091 4897 ιιιεὲιιιίέ
1116 4805 1452 4897 perturbato,
1483 4805 1938 4894 Bho'rsé‘s'ééimu,
1972 4824 2016 4897 ᾧ

445 4873 802 4953 ἐχρεματέσθη
837 4873 1062 4953 γράφων
1083 4873 1274 4953 οῦτως.

658 4943 802 5036 god:
828 4943 1310 5036 ξ’99,ὀύκ.ἀλλως..
1333 4959 1461 5032 Leg.
1494 4963 1758 5036 διῳκεῖτο.

515 5015 626 5087 (40)
664 5017 761 5074 Ms.
801 5015 1045 5094 uterque,
1070 5015 1396 5086 ἀποστέίλει.

2147 3233 2273 3297 ἔδει,
2301 3233 2552 3304 ἤλθομεν,
2584 3235 2640 3285 ἐν
2666 3228 2710 3302 ᾧ
2737 3233 2887 3302 τόπῳ
2910 3230 3240 3302 κατελύομεν
3269 3230 3400 3300 (42).
3426 3232 3535 3284 Καὶ
3568 3233 3727 3285 ἐσπέ-

2147 3343 2245 3398 ρας
2265 3325 2564 3395 γενομένης
2597 3324 2798 3394 ἐπέστη
2830 3325 2959 3393 ἡμῖν
2993 3339 3076 3384 τις
3111 3322 3338 3394 φοϐερὸς
3382 3323 3475 3375 καὶ
3520 3322 3726 3374 ἐκπλα-

2142 3417 2265 3488 γὴς,
2307 3416 2480 3485 λέγων
2533 3418 2685 3486 ἡμῖν·
2719 3415 2791 3468 Τὸ
2825 3417 2986 3486 τάχος
3022 3411 3261 3480 ἐξέλθετε
3307 3413 3439 3484 (45),
3477 3415 3550 3484 μή
3597 3431 3724 3466 τινα

2141 3509 2430 3581 ἐπιϐουλὴν
2477 3509 2766 3579 ὑποστῆτε.
2815 3508 3005 3578 Ἡμεῖς
3049 3507 3104 3560 δὲ
3148 3507 3286 3576 μετὰ
3319 3507 3520 3570 δειλίας
3561 3507 3720 3559 εἴπι-

2142 3619 2260 3674 μενο
2297 3602 2406 3654 Καὶ
2435 3601 2518 3665 τίς
2547 3603 2696 3653 ἐστιν
2729 3602 2757 3653 ὁ
2784 3598 3146 3652 ἐπιϐουλεύων
3186 3602 3252 3669 τῇ
3285 3597 3522 3670 τοσαύτῃ
3550 3615 3720 3669 πρεε-

2137 3695 2280 3765 6είᾳ,
2318 3694 2426 3747 Θεῖε
2461 3691 2760 3764 στρατηγέ;
2827 3689 2887 3744 Ὀ
2922 3690 2997 3743 δέ·
3057 3688 3318 3760 Ἡρώδης.
3369 3687 3526 3740 Ἀλλὰ
3575 3688 3716 3757 πάγξ-

2135 3796 2285 3858 αυταζ
2317 3787 2644 3848 ἀναστάντες
2687 3781 2984 3855 πορεύεσθε
3006 3785 3062 3835 ἐν
3089 3784 3281 3854 εἰρήνῃ
3299 3779 3711 3850 διασωζὸμενοι.

2216 3965 2407 4035 Ἡμεῖς
2455 3962 2510 4017 δέ
2563 3964 2891 4036 ταχύναντες
2949 3961 3240 4032 ἀπήραμεν
3291 3959 3498 4014 ἐκεῖθεν
3559 3959 3712 4030 πάσῃ

2131 4059 2353 4130 σπουδῇ,
2407 4059 2498 4112 καὶ
2557 4060 2770 4112 ἅπαντα
2811 4057 3236 4127 ἐπηγγείλαμεν,
3277 4053 3313 4106 ἃ
3357 4051 3588 4122 εἴδομεν,
3651 4053 3709 4101 ἐν

2141 4150 2442 4224 Ἱερουσαλή
2453 4169 2510 4221 μ.
2575 4151 2703 4203 Ἰδοὺ
2723 4146 2816 4202 οὖν
2843 4148 3079 4200 τοσαῦτα
3111 4147 3238 4217 περί
3265 4142 3500 4215 Χριστοῦ
3529 4141 3698 4208 ἐλέξα-

2131 4261 2226 4314 μεν
2251 4244 2377 4313 ὑμῖν
2426 4243 2517 4295 κα).
2555 4242 2766 4312 εἴδομεν
2801 4241 3052 4311 Χριστὸν,
3086 4239 3311 4310 Σωτῆρα
3358 4237 3533 4309 ἡμῶν,
3570 4237 3705 4288 Θεὸν

2124 4336 2217 4389 καί
2238 4335 2518 4406 ἄνθρωπον
2543 4333 2960 4405 γνωριζόμενον.
2988 4331 3145 4401 Αὐτῷ
3173 4333 3206 4402 ἡ
3230 4331 3354 4394 δόξα
3381 4331 3473 4383 καὶ
3494 4331 3555 4382 τὸ
3575 4331 3697 4398 κρα-

2123 4445 2212 4492 τος
2240 4431 2318 4492 εἰς
2345 4429 2468 4491 τοὺς
2495 4427 2694 4491 αἰῶνας
2726 4427 2833 4481 τῶν
2871 4425 3098 4479 αἰώνων.
3143 4424 3334 4496 Ἀμήν.

2195 4697 2304 4768 (41)
2341 4694 2699 4768 Με.μυιρι“‹ιιιο
2728 4692 3017 4768 ἀντάρτας,
3055 4701 3327 4768 tyrannos.
3364 4688 3528 4768 Quod
3567 4705 3692 4741 cum

2123 4758 2212 4821 hic
2241 4758 2418 4820 locum
2445 4758 2642 4818 habere
2675 4780 2781 4816 non
2811 4758 3003 4833 possit,
3039 4758 3242 4815 niutavi
3272 4760 3324 4812 in
3353 4758 3690 4830 ἀνθρώπους.

2120 4837 2201 4889 Αη
2233 4836 2371 4890 forte
2404 4835 2687 4904 legendum
2719 4834 3092 4904 ἀντεργάταςῖ

2211 4907 2302 4972 42)
2337 4905 2437 4976 Ms.
2463 4902 2715 4976 uterque,
2751 4902 3121 4976 κατελύωμεν.

2211 4912 2302 4972 42)
2337 4912 2437 4961 Ms.
2471 4915 2715 4976 uterque,
2751 4912 3019 4972 κατελύωι

2185 4912 2297 5044 ἑόὅ)
2336 4975 2436 5030 Ms.
2468 4985 2712 5046 uterque,
2745 4972 3019 5040 ἐξέλθατε.
