3966 6508
479 389 575 445 Hi

1754 376 1810 431 S.
1845 374 2159 430 CALLISTI
2198 375 2218 429 l
2250 372 2450 429 ΡΑΡίΕ

3630 370 3731 423 H2

493 517 3724 556 ..._________________________________________________.___._.

1595 681 2111 773 NOTITIA
2180 677 2684 766 ALTERA.

1280 900 1364 963 (D.
1390 900 1655 957 Cous-um,
1685 893 1913 960 Epistula:
1936 896 2069 944 Rom.
2098 898 2250 958 pont.,
2278 898 2395 943 tom.
2426 891 2449 940 1
2476 896 2527 940 et
2552 890 2707 948 unic.,
2732 902 2784 949 p.
2807 885 2938 946 114.)

558 1235 687 1289 Post
712 1229 1087 1301 Zephyrinum
1132 1226 1391 1282 Callistus
1412 1266 1425 1289 ,
1464 1227 1557 1295 qui
1587 1235 1639 1278 et
1678 1225 1745 1277 ab
1777 1222 1974 1293 Optato
2007 1232 2059 1275 et
2090 1229 2134 1283 Α
2162 1218 2458 1273 constituit.
2490 1213 2565 1268 Ita
2589 1212 2733 1266 enim
2764 1223 2889 1265 eum
2937 1206 3263 1262 scribentem
3297 1202 3506 1258 inducit
3538 1221 3551 1257 :
3580 1201 3739 1271 Jeju-

486 1324 794 1397 Augustino
838 1320 1083 1376 Calixtus
1119 1326 1487 1388 nuncupatur,
1533 1331 1679 1370 anno
1726 1313 2055 1384 Heliogabali

483 1420 698 1489 primo,
736 1416 880 1471 circa
924 1411 1138 1468 initium
1188 1411 1315 1465 anni
1363 1409 1564 1465 Christi
1607 1408 1711 1461 219
1753 1408 2054 1469 ordinatus,

486 1506 864 1581 quinquennio
902 1519 1011 1559 non
1051 1502 1271 1574 penitus
1310 1500 1515 1569 elapso,
1569 1510 1713 1551 anno
1737 1496 1865 1561 225,
1888 1494 2053 1549 Octo-

485 1600 601 1654 bris
632 1613 719 1651 xw
749 1596 857 1662 die,
887 1608 998 1665 quo
1041 1600 1095 1647 et
1138 1590 1340 1647 festum
1383 1588 1503 1657 ejus
1542 1586 1758 1649 colitur,
1795 1583 2056 1653 martyrio

484 1691 650 1743 vitam
685 1685 857 1740 ﬁnivit
878 1686 918 1736 ί.
941 1683 997 1736 ln
1024 1680 1239 1736 Eusebii
1272 1677 1531 1732 Chronico
1556 1674 1874 1745 simpliciter
1899 1671 2060 1742 quin-

484 1793 590 1849 que
622 1775 968 1846 pontiﬁcatus
1000 1770 1126 1825 anni
1148 1770 1198 1824 ei
1228 1768 1561 1823 tribuuntur.
1593 1758 1651 1817 ln
1679 1762 1927 1832 catalogo
1958 1776 2057 1814 au-

484 1879 593 1923 tem
620 1864 984 1931 Bucheriano,
1008 1861 1095 1916 cui
1123 1870 1176 1914 et
1197 1857 1523 1929 pontiﬁCalis
1544 1854 1871 1924 suffragatur
1900 1851 2055 1916 liber,

485 1974 660 2013 annos
685 1957 739 2023 5,
774 1968 991 2010 menses
1025 1953 1113 2019 11,
1142 1950 1259 2006 dies
1299 1948 1366 2002 lO
1400 1946 1700 2003 Ecclesiam
1728 1944 2060 2015 gubernasse

485 2051 800 2105 adnotatur.
847 2045 952 2101 Sed
993 2058 1102 2098 non
1149 2043 1384 2097 cohaeret
1410 2040 1512 2095 sibi
1546 2037 1834 2108 praedictus
1857 2034 2059 2088 catalo—

485 2160 607 2215 gus,
637 2142 730 2196 ubi
768 2139 978 2194 Callisti
1011 2137 1382 2205 episcopatum
1413 2149 1444 2185 a
1492 2130 1769 2185 consulatu
1803 2125 2059 2181 Antonini

484 2244 532 2289 et
564 2232 785 2287 Adventi
813 2244 983 2301 usque
1010 2227 1275 2283 Antonino
1306 2222 1404 2277 III
1448 2223 1571 2292 (leg.
1600 2219 1707 2289 IV)
1745 2226 1793 2272 et
1828 2217 2060 2271 Alexan-

482 2328 600 2391 dro,
644 2326 746 2380 hoc
781 2330 864 2377 est
905 2321 974 2375 ab
1010 2334 1155 2373 anno
1191 2316 1394 2370 Christi
1424 2314 1531 2367 218
1568 2311 1636 2365 ad
1671 2310 1799 2375 222,
1849 2306 2057 2361 deﬁnit.

481 2418 668 2489 Neque
705 2416 869 2472 etiam
911 2414 988 2477 id,
1024 2411 1165 2482 qubd
1209 2410 1262 2462 in
1298 2409 1439 2461 libro
1470 2399 1773 2457 Pontiﬁeali
1808 2399 2057 2459 habetur,

484 2512 612 2565 Fuit
648 2507 963 2577 temporibus
998 2503 1229 2558 Μαίη·ὶηὶ
1271 2510 1318 2554 et
1350 2493 1686 2566 IIeliogabali
1724 2510 1757 2546 a
1785 2490 2061 2545 consulatu

484 2604 609 2672 (leg.
658 2600 724 2653 ad
751 2569 1130 2663 'consulatum)
1168 2589 1423 2645 Antonini
1471 2597 1521 2640 et
1565 2582 1891 2645 Alexandri,
1935 2595 2059 2636 cum
2091 2569 2134 2623 Β

483 2694 703 2750 Eusebii
738 2708 834 2748 seu
870 2690 1127 2745 Chronico
1158 2702 1255 2741 seu
1283 2680 1526 2737 Historia
1554 2676 1868 2733 concordat.
1898 2672 2060 2728 Utro-

484 2787 650 2856 hique
677 2783 822 2839 enim
853 2779 1202 2854 Heliogabalo
1229 2777 1285 2831 in
1312 2772 1538 2829 Macrini
1577 2767 1851 2825 demortui
1880 2766 2059 2822 locum

484 2881 809 2949 imperante,
842 2885 896 2931 et
938 2872 1280 2944 Zephyrinus
1319 2868 1545 2929 obiisse,
1572 2872 1627 2918 et
1667 2861 1924 2916 Callistus
1958 2856 2061 2913 Ec-

485 2973 664 3028 clesia:
689 2971 931 3039 regimen
960 2965 1268 3035 suscepisse
1294 2964 1689 3017 memorantur.

660 3082 737 3137 De
766 3083 992 3147 decreto,
1024 3088 1073 3134 et
1097 3076 1330 3148 epistolis
1365 3070 1590 3126 Callisto
1616 3066 1881 3135 ascriptis.

555 3198 609 3251 l.
640 3194 697 3250 Si
728 3195 947 3264 vulgato
974 3189 1275 3247 Pontiﬁcali
1301 3187 1441 3241 libro
1466 3181 1711 3238 habenda
1743 3178 1897 3243 ﬁdes,
1931 3174 2058 3229 Cal-

485 3291 645 3345 listus
670 3285 943 3340 constituit
983 3282 1250 3352 jejunium
1299 3286 1487 3348 quater
1516 3275 1569 3327 in
1608 3286 1745 3324 anno
1771 3268 1910 3338 ﬁeri,
1946 3266 2061 3335 fru-

485 3382 669 3447 menti,
702 3379 807 3434 vini
854 3384 904 3431 et
940 3375 1040 3431 olei
1092 3367 1589 3443 gratia,secundum
1624 3360 1974 3431 prophetiam.
2000 3355 2059 3409 ln

486 3470 799 3529 Fossatensi
837 3484 941 3523 ms.
986 3479 1133 3520 nunc
1165 3461 1507 3518 bibliothecae
1531 3456 1687 3510 Colb.
1722 3467 1845 3508 eum
1873 3465 1982 3520 quo
2007 3456 2062 3503 et.

486 3567 621 3620 alter
659 3563 858 3633 reginae
888 3559 1192 3613 Succorum
1222 3553 1362 3623 apud
1393 3547 1635 3604 Bolland.
1662 3554 1793 3600 tom.
1825 3542 1846 3596 l
1886 3541 2058 3611 April.

484 3657 683 3729 propil.
709 3654 1001 3717 consentit,
1052 3650 1195 3705 idem
1240 3648 1520 3702 decretum
1571 3642 1652 3697 sic
1687 3638 2005 3695 enuntiatur
2041 3651 2054 3686 :

492 3748 591 3801 Hic
617 3743 889 3800 constituit
910 3743 1175 3813 jejunium
1197 3740 1280 3792 die
1312 3735 1532 3792 Sabbati
1561 3743 1640 3787 ter
1668 3733 1723 3785 in
1754 3746 1890 3784 anno
1920 3728 2056 3797 ﬁeri,

488 3837 762 3907 frumenti,
803 3836 909 3890 vini
955 3842 1003 3886 et
1036 3831 1159 3893 olei.
1190 3827 1475 3883 secundum
1515 3822 1843 3893 prophetam,
1875 3818 2057 3889 quarti

486 3929 698 3995 mensis,
726 3925 935 3996 septimi
963 3932 1013 3978 et
1045 3921 1252 3976 decimi.
1290 3918 1601 3974 Lectionem
1626 3923 1914 3980 utramque
1942 3924 2062 3978 per—

488 4018 615 4071 inde
658 4014 937 4086 componit
987 4009 1230 4067 Isidorus
1276 4007 1574 4071 Mercator,
1604 4018 1668 4057 ac
1709 4002 1756 4056 si
1789 3999 2008 4071 legisset
2042 4013 2058 4049 ν

485 4103 778 4177 Jejunium,
806 4104 942 4175 quod
974 4111 1051 4157 ter
1078 4102 1133 4154 in
1173 4116 1311 4153 anno
1341 4098 1457 4168 ﬁeri
1486 4093 1705 4157 solebat,
1736 4101 1921 4161 quater
1944 4088 2059 4158 ﬁeri

565 4243 583 4274 '
610 4242 811 4300 Euseb.
844 4242 940 4297 lib.
962 4257 1015 4296 γι
1066 4254 1187 4310 cap.
1217 4238 1308 4291 21.

2159 1311 2324 1371 nium,
2350 1305 2488 1375 quod
2513 1313 2589 1356 ter
2620 1302 2675 1355 in
2710 1315 2847 1353 anno
2870 1297 3009 1365 apud
3042 1312 3133 1350 nos
3176 1293 3439 1347 celebrare
3461 1293 3729 1354 didicisti,

2158 1397 2539 1452 conuenientius
2574 1407 2709 1445 nunc
2745 1404 2835 1457 per
2863 1395 3090 1457 quatuor
3130 1394 3361 1451 tempora
3395 1381 3515 1449 ﬁeri
3552 1382 3737 1433 decer-

2156 1490 2351 1545 nimus.

2225 1606 2280 1659 2.
2312 1603 2554 1670 Quatuor
2596 1596 2725 1651 anni
2773 1592 3108 1662 temporibus
3148 1589 3282 1643 feria
3315 1596 3539 1656 quarta,
3584 1594 3741 1639 sexta

2158 1705 2211 1753 et
2242 1695 2480 1749 Sabbato
2525 1686 2810 1761 jejunandi
2854 1698 3060 1738 morem
3110 1682 3164 1735 in
3210 1679 3453 1735 Ecclesia
3485 1676 3742 1732 Romana

2158 1787 2348 1843 saltem
2400 1783 2591 1852 quinto
2647 1776 2847 1833 saeculo
2908 1772 3230 1844 generaliter
3284 1778 3563 1838 receptum
3618 1782 3743 1821 esse

2158 1876 2355 1932 Leonis
2381 1885 2662 1929 sermones
2691 1868 2848 1922 ﬁdem
2878 1864 3104 1918 faciunt.
3136 1860 3293 1916 Hunc
3312 1872 3492 1915 autem
3525 1873 3742 1911 morem

2159 1985 2189 2023 a
2227 1965 2495 2036 legalibus
2527 1959 2789 2017 institutis
2810 1957 3159 2024 desumptum
3192 1954 3356 2007 etiam
3390 1950 3535 2019 apud
3571 1948 3739 2002 Chri-

2159 2060 2368 2116 stianos
2417 2053 2714 2125 apostolica
2762 2048 3087 2104 auctoritate
3131 2056 3538 2114 perseverasse,
3594 2039 3741 2093 idem

2160 2151 2268 2206 Leo
2309 2149 2483 2203 docet.
2532 2144 2678 2200 Unde
2710 2143 2918 2205 merito,
2953 2136 3129 2208 inquit
3160 2151 3326 2191 serm.
3361 2132 3394 2185 9
3433 2132 3500 2186 de
3521 2130 3742 2199 jejunio

2159 2242 2356 2298 decimi
2404 2238 2628 2300 mensis,
2659 2236 3027 2304 disposuerunt
3073 2228 3374 2299 apostolicw
3413 2208 3740 2283 sanctiones,

2160 2344 2217 2386 ut
2246 2340 2471 2385 veterum
2498 2327 2824 2398 jejuniorum
2872 2322 3080 2375 utilitas
3125 2325 3485 2389 permaneret:
3529 2324 3579 2368 et
3618 2316 3741 2367 licet

2165 2422 2413 2477 Ecclesia:
2443 2417 2763 2472 consuetudo
2794 2409 3175 2483 prolixioribus
3206 2424 3258 2460 se
3295 2402 3740 2475 castigationibus

2161 2530 2397 2569 exercere
2425 2511 2723 2570 didicisset,
2760 2504 3158 2574 amplecteretur
3190 2509 3363 2552 tamen
3398 2494 3745 2549 continentia

2164 2605 2634 2674 sanctiﬁcationent
2658 2614 2721 2655 ea:
2756 2599 2862 2667 lege
2888 2597 3172 2649 venientem
3212 2605 3230 2643 :
3257 2588 3444 2658 quibus
3471 2587 3617 2639 enim
3645 2588 3743 2635 do-

2165 2709 2345 2753 natum
2374 2706 2487 2750 erat
2518 2710 2667 2764 posse
2694 2691 2831 2761 quod
2878 2687 3051 2756 majus
3089 2694 3188 2750 est,
3226 2681 3465 2735 indecens
3496 2678 3602 2747 fuit
3639 2692 3741 2729 non

2162 2790 2420 2844 celebrare
2445 2785 2581 2857 quod
2626 2785 2801 2837 minus
2844 2790 2939 2833 est.
2972 2776 3037 2829 Et
3066 2790 3230 2830 serm.
3262 2771 3295 2826 8
3324 2771 3390 2826 de
3410 2769 3628 2840 jejunio
3657 2782 3745 2821 sc-

2161 2883 2315 2953 ptimi
2347 2879 2571 2943 mensis,
2600 2892 2650 2930 c.
2674 2877 2708 2929 5
2731 2874 2804 2927 ait
2839 2891 2852 2925 :
2886 2870 3029 2924 Licet
3063 2877 3263 2935 tempus
3288 2879 3438 2917 omne
3466 2858 3743 2930 (jejuniis)

2163 2949 2231 3029 sit
2258 2986 2565 3041 congruum,
2605 2968 2700 3019 hoc
2740 2976 2912 3019 tamen
2942 2962 3189 3013 habemus
3225 2954 3562 3024 aptissimum
3599 2949 3740 3019 quod

2162 3077 2209 3121 et
2235 3063 2533 3134 apostolicis
2560 3070 2605 3115 et
2638 3057 2896 3128 legalibus
2926 3051 3189 3107 institutis
3218 3047 3453 3102 videmus
3483 3042 3736 3095 electum.

2163 3152 2219 3205 ln
2251 3128 2502 3207 sermone
2548 3155 2725 3200 autem
2772 3144 2826 3205 4,
2872 3156 2921 3196 c.
2960 3141 3016 3203 2.
3050 3140 3152 3192 hoc
3197 3133 3466 3205 jejunium
3493 3128 3742 3199 generale

2163 3260 2227 3300 ac
2254 3245 2415 3297 totius
2451 3237 2702 3292 Ecclesia:
2725 3248 2842 3289 esse
2877 3232 3039 3287 tradit
3071 3246 3086 3281 :
3124 3227 3270 3299 quod
3303 3224 3494 3279 saltem
3524 3222 3593 3275 de
3632 3221 3741 3274 RW

2161 3351 2325 3392 mana
2376 3328 2803 3399 intelligendum.
2853 3323 3119 3390 Quocirca
3164 3334 3331 3375 serm.
3370 3317 3423 3379 ὅ,
3482 3331 3533 3368 c.
3574 3313 3638 3379 2,
3675 3314 3743 3366 de

2161 3426 2349 3483 eodem
2377 3422 2632 3493 praedicat
2659 3436 2672 3471 ε
2710 3418 2984 3488 Jejunium
3009 3428 3161 3477 vero,
3194 3409 3331 3479 quod
3358 3406 3603 3460 universa
3634 3404 3739 3456 Ec-

2162 3519 2320 3574 clesia
2349 3515 2589 3583 suscipit,
2623 3511 2881 3565 neminem
2911 3524 2943 3560 a
2984 3502 3215 3575 generali
3252 3497 3633 3569 purificatione
3661 3511 3742 3548 se-

2153 3613 2364 3684 jungit;
2390 3619 2439 3663 et
2461 3619 2582 3662 tunc
2608 3607 2667 3675 ﬁt
2699 3600 3094 3673 potentissimus
3123 3593 3216 3647 Dei
3245 3590 3492 3662 populus,
3520 3586 3741 3656 quando

2162 3707 2216 3759 in
2276 3704 2533 3757 unitatem
2596 3704 2792 3750 sancta:
2838 3687 3145 3747 obedientitz
3199 3682 3429 3737 omnium
3496 3678 3739 3747 fidelium

2163 3797 2321 3850 corda
2351 3791 2680 3848 conveniunt.

2088 3897 2129 3955 (ἶ
2234 3910 2287 3964 5.
2325 3907 2551 3963 Callisto
2576 3901 2815 3958 Isidorus
2846 3894 3110 3950 Mercator
3132 3889 3273 3944 duas
3298 3880 3586 3953 supposuit
3620 3878 3737 3947 epi-

2165 4001 2367 4063 stolas,
2423 3994 2659 4067 genuino
2707 3987 2919 4060 parenti
2978 3978 3271 4051 aliquando
3322 3989 3448 4030 cum
3510 3969 3742 4040 reliquis

2164 4092 2338 4162 ipsius
2368 4088 2569 4145 fetibus
2598 4079 2917 4139 reddendas.

499 4382 3720 4451 ______________________________.______—————-—-

1106 4588 1524 4723 ACTA
1620 4587 1748 4716 s.
1849 4575 2576 4710 CALLISTI
2672 4567 3115 4695 PAP/E

1468 4835 2209 4959 MARTYRIS
2297 4826 2779 4945 ROMAZ.
3021 4740 3032 4751 ’

1246 5073 1387 5135 (Acta
1408 5068 1701 5121 Sanctorum
1722 5058 1971 5121 Bollantl.,
1996 5054 2225 5109 Octobris
2248 5059 2366 5102 tom.
2394 5048 2481 5110 VI,
2515 5049 2599 5098 die
2631 5045 2708 5107 14,
2730 5056 2778 5105 p.
2808 5040 2939 5105 ιοι.)

1799 5371 2421 5470 MONITUM.

560 5616 860 5676 Callistiani
914 5610 1182 5684 martyrii
1212 5610 1345 5684 A__cta
1365 5645 1380 5671 ,
1411 5620 1539 5684 eum
1565 5601 1734 5684 variis
1757 5595 1953 5684 vetusti

490 5665 896 5749 Commentario
916 5665 1213 5739 illustravit
1236 5665 1612 5749 Henschenius
1643 5680 1778 5726 tom.
1800 5668 1846 5749 ll
1878 5665 1963 5749 illa

530 5744 759 5821 uatuor;
786 5770 896 5809 non
923 5755 1140 5823 quidem
1168 5752 1398 5820 integra,
1420 5744 1515 5823 sed
1548 5745 2030 5823 eat‘enustantum,
2057 5748 2128 5802 qu

537 5805 707 5886 latitia!
730 5805 1413 5893 aliorumque‘martyr’um',
1439 5816 1507 5893 de
1533 5814 1732 5893 quibnﬂs
1762 5805 2111 5893 illienagebat,

493 5880 814 5955 gf—‘L‘wallisti
863 5880 1014 5967 gesta
1067 5902 1120 5949 et
1169 5880 1498 5953 S.'Asterii,
1530 5880 1626 5955 qui
1690 5880 1748 5937 S.

1961 5607 2096 5662 sque
2121 5587 2489 5662 mss.coll_ata,
2523 5593 2782 5659 magnam.
2802 5584 3007 5662 partem
3035 5586 3146 5641 3am
3189 5566 3642 5662 pridemn‘edidit,
3671 5580 3740 5619 ac

1968 5636 2027 5728 ii“,
2060 5663 2125 5717 ad
2165 5660 2306 5715 diem
2335 5636 2579 5728 ciuis—dsit!
2616 5636 3463 5728 ῗηερξίέΔιρείηιίι.¹“νοί)³εο..⁴9⁸
3500 5647 3553 5728 es
3578 5650 3736 5728 ξεθίιίι·

2339 5704 2760 5790 νέἒῑάᾷἱεροάἰὶ
2780 5758 2794 5783 ,
2829 5713 3080 5790 Palmalii
3102 5753 3116 5777 ,
3139 5704 3143 5706 Ὗ
3163 5704 3431 5790 Simplicii
3452 5746 3469 5772 ,
3514 5704 3738 5790 Felicis.

2142 5775 2294 5871 gesta
2316 5775 2698 5871 cardinem-fit;
2733 5775 3114 5871 omissa-parte
3132 5775 3363 5871 reliqua,
3389 5793 3495 5848 qua
3517 5775 3737 5871 reliqua

1793 5847 2456 5935 EitﬁEIJxB"tiiEai£§ii
2488 5872 2541 5918 et
2591 5847 2794 5913 Privati
2822 5847 3009 5909 militis
3046 5851 3367 5921 martyrium
3410 5847 3732 5917 explicatur.
