3966 6498
526 373 627 429 “5

1794 384 1848 437 S.
1888 382 2201 439 CALLlSTl
2238 382 2255 436 l
2296 383 2495 437 PAP/E

3670 388 3769 445 H6

526 493 930 550 multitudinem
955 497 1389 556 Christianorum
1423 503 1737 572 psallentem
1762 520 1772 555 :
1798 505 1936 558 inter
1956 519 2093 574 quos
2127 506 2166 560 Α
2197 500 2416 566 milites,
2444 500 2611 572 cmpit
2636 501 2873 559 clamare
2906 521 2921 557 :
2954 504 2998 558 Ο
3035 504 3182 561 cives
3208 504 3425 576 optimi!
3470 503 3659 560 Videte
3686 520 3772 560 ar-

522 596 640 638 (δι-ιιι
690 586 929 644 Calixtus
982 595 1267 664 episcopus
1317 613 1438 651 cum
1497 599 1642 652 clero
1690 616 1803 654 suo.
1859 603 2101 658 Audiens

521 684 704 730 autem
748 679 851 735 hoc
886 699 1026 738 unus
1065 701 1128 739 ex
1170 690 1483 745 consulibus
1526 692 1659 762 (5),
1710 695 1928 749 nomine
1976 696 2099 750 Pal-

523 766 758 833 matius,
800 773 1199 830 multitudinem
1253 778 1684 836 Christianorum
1726 785 2003 840 collectam
2044 788 2097 841 in

515 857 753 921 quodam
798 860 936 926 loco,
976 867 1246 922 nuntiavit
1282 869 1585 927 Alexandro
1623 874 1811 930 dicens
1855 894 1867 930 :
1910 879 2099 949 Magne

522 943 799 1015 Princeps,
825 949 928 1005 hoc
956 951 1170 1023 signum
1204 954 1325 1011 ideo
1354 956 1554 1013 factum
1602 969 1704 1028 est,
1737 962 1865 1031 quia
1898 943 2090 1020 civivtas

521 1036 801 1092 sordescit.
859 1040 915 1095 Si
968 1057 1096 1113 ergo
1144 1046 1428 1114 puriﬁcata
1486 1047 1670 1118 fuerit,
1733 1054 2088 1123 gaudebimus

518 1126 681 1182 simul
703 1130 769 1185 de
791 1132 963 1201 gloria
996 1136 1251 1193 culminis
1285 1141 1450 1195 vestri
1474 1152 1527 1197 et
1556 1141 1895 1213 .Respublica
1923 1146 2089 1217 fulge-

516 1222 616 1275 bit.
645 1223 948 1280 Alexander
975 1228 1114 1282 dixit
1148 1248 1161 1284 :
1206 1229 1546 1289 Puriﬁcetur.
1588 1236 1826 1292 Tandem
1874 1241 2087 1297 declara

516 1318 699 1383 nobis,
727 1335 848 1389 quae
890 1330 973 1375 est
1008 1322 1111 1378 ista
1156 1327 1501 1395 puriﬁcatio?
1538 1330 1840 1403 Respondit
1874 1334 2087 1392 Palma—

517 1410 656 1465 tius:
698 1411 767 1467 Ut
820 1416 1031 1483 profani
1082 1433 1188 1472 non
1221 1420 1350 1474 sint.
1405 1421 1713 1481 Alexander
1758 1428 1925 1483 dixit:
1981 1430 2084 1497 Qui

515 1509 644 1555 sunt
669 1504 922 1572 profani?
945 1506 1556 1579 ResponditPalmatius
1579 1537 1591 1571 :
1617 1517 1934 1579 Christiani.
1958 1526 2085 1581 Ale-

516 1593 723 1648 xander
746 1595 913 1651 dixit:
944 1597 1057 1668 Ego
1089 1604 1317 1673 praecepi
1344 1607 1513 1661 semel
1561 1616 1723 1680 atque
1765 1613 1982 1680 iterum,
2025 1626 2083 1671 ut

513 1684 825 1756 ubicunque
851 1689 1049 1745 inventi
1077 1692 1299 1759 fuerint,
1328 1698 1660 1769 puniantur,
1710 1715 1805 1759 aut
1854 1706 2082 1765 oﬂerant

513 1776 618 1831 diis
648 1778 1048 1839 immortalibus
1083 1785 1343 1844 libamina
1376 1790 1474 1860 (6).
1522 1791 1821 1863 Respondit
1862 1797 2077 1855 Palma-

515 1869 643 1934 tius,
669 1870 888 1927 dicens:
911 1874 1011 1929 Per
1031 1878 1326 1934 claritatem
1346 1892 1577 1939 vestram
1603 1902 1703 1957 ego
1731 1890 1931 1958 audivi,
1956 1908 2079 1946 cum

513 1959 687 2016 tristis
715 1978 887 2018 essem
921 1978 1142 2037 propter
1166 1971 1380 2039 signum
1406 1976 1551 2044 quod
1585 1975 1784 2033 factum
1817 1992 1918 2047 est,
1945 2000 2083 2053 quo-

513 2051 676 2105 modo
719 2056 946 2113 canticis
987 2069 1039 2114 et
1080 2061 1543 2124 incantationibus
1591 2071 1644 2124 in
1688 2075 1921 2141 quodam
1961 2077 2082 2131 loco

512 2142 769 2198 clamaret
801 2146 853 2199 in
895 2148 1113 2217 regione
1151 2161 1301 2209 trans
1329 2153 1566 2212 Tiberim
1600 2162 1890 2219 multitudo
1917 2165 2079 2218 Chri-

510 2236 845 2292 stianorum:
882 2241 1022 2296 unde
1048 2259 1155 2299 non
1184 2246 1402 2315 mirum,
1431 2251 1475 2304 si
1504 2266 1668 2306 causa
1690 2254 1802 2310 lucc
1830 2256 1954 2313 fecit
1977 2260 2080 2314 hoc

508 2326 743 2396 signum.

576 2421 630 2474 2.
674 2420 817 2476 Dixit
839 2425 885 2477 ei
909 2427 1246 2484 Alexander:
1272 2433 1472 2503 Accipe
1496 2445 1841 2504 poteSIatem,
1866 2452 1925 2498 ut
1958 2442 2079 2498 ubi-

508 2528 724 2581 cunque
756 2530 850 2571 eos
873 2517 1165 2584 inveneris,
1195 2524 1379 2578 trahas
1408 2527 1474 2579 ad
1511 2530 1926 2587 sacriﬁcandum
1951 2573 1965 2598 ,
2009 2536 2074 2590 ad

428 2664 445 2679 \
507 2603 804 2670 placandos
825 2605 991 2661 deos:
1036 2618 1125 2662 aut
1157 2622 1302 2667 certe
1339 2616 1625 2685 exquisitis
1656 2634 1752 2675 eos
1795 2627 2077 2681 tormentis

507 2690 682 2762 aﬁlige
709 2693 982 2763 (7).Tunc
1021 2697 1341 2767 Palmatius,
1367 2715 1588 2775 accepta
1630 2718 1912 2784 potestate,
1961 2715 2075 2769 col-

506 2779 642 2836 lceta
679 2786 1023 2843 multitudine
1048 2791 1297 2855 militum.
1332 2797 1478 2851 venit
1507 2806 1658 2855 trans
1694 2779 1951 2869 Tiberim,
1982 2806 2073 2859 ubi

505 2874 729 2929 collecta
760 2887 876 2932 erat
917 2880 1205 2937 multitudo
1232 2884 1668 2943 Christianorum
1700 2906 1822 2945 cum
1865 2892 1925 2947 B.
1970 2894 2076 2949 Ca-

504 2962 639 3019 lixto
678 2986 688 3019 :
719 2966 858 3022 inter
876 2984 1015 3039 quos
1046 2983 1161 3027 erat
1184 2974 1622 3050 Calepodius(8),
1651 2996 1812 3035 senex
1850 2986 2074 3057 presby-

503 3068 625 3111 ter:
674 3068 728 3114 et
766 3062 1043 3118 venientes
1096 3066 1147 3119 in
1175 3068 1447 3136 quoddam
1481 3074 1823 3129 ccenaculum
1849 3077 1949 3147 (9),
1990 3078 2074 3133 in-

2193 601 2299 647 tem
2327 592 2588 663 magicam
2622 594 2754 664 (ΙΟ).
2800 593 3098 667 Respondit
3126 596 3447 663 Palmatius,
3484 605 3538 651 et
3576 595 3717 651 dixit
3753 615 3766 651 :

2195 680 2250 735 Si
2274 697 2370 751 per
2392 684 2656 753 magicam
2698 695 2870 741 artem
2920 687 3066 744 istud
3094 686 3301 743 factum
3344 697 3449 753 est,
3501 687 3597 743 ubi
3644 697 3773 743 sunt

2191 771 2420 826 virtutes
2466 774 2694 828 deorum
2750 777 3102 831 nostrorum?
3133 775 3327 833 Jubeat
3365 778 3551 848 itaque
3594 778 3771 849 pietas

2190 870 2370 916 vestra
2414 862 2591 917 afferri
2625 874 2678 919 et
2714 865 2978 921 immolari
3005 867 3130 936 diis,
3159 883 3226 923 ne
3246 878 3431 938 pereat
3463 870 3769 939 respublica

2191 962 2411 1022 propter
2441 969 2630 1010 eorum
2658 957 3079 1014 incantationes.
3122 957 3188 1013 Et
3225 960 3483 1031 praeepit
3524 960 3768 1015 Alexan-

2190 1045 2286 1100 der
2308 1057 2366 1101 ut
2390 1046 2764 1104 immolaretur
2788 1049 3077 1114 Mercurio,
3109 1058 3162 1105 et
3183 1065 3444 1121 responsa
3464 1041 3767 1121 cognosce-

2190 1145 2289 1192 ret.
2354 1136 2642 1194 Emanavit
2695 1151 2875 1194 autem
2948 1150 3276 1211 praeceptum
3328 1142 3452 1212 (11)
3507 1143 3767 1198 universo

2191 1227 2370 1299 vulgo,
2402 1239 2461 1283 ut
2480 1245 2670 1285 onmes
2692 1231 2757 1285 ad
2785 1226 3112 1301 Capitolium
3141 1240 3487 1288 accurrerent
3522 1231 3591 1288 de
3630 1233 3767 1289 urbe

2191 1318 2393 1385 Roma,
2449 1321 2521 1376 ita
2576 1332 2635 1375 ut
2673 1324 2765 1392 qui
2811 1324 3011 1378 inventi
3057 1323 3293 1379 fuissent
3339 1325 3393 1378 in
3436 1324 3764 1379 habitaculis

2189 1411 2304 1465 suis
2343 1412 2431 1466 die
2470 1413 2722 1469 Mercurii
2766 1416 2901 1485 (12),
2949 1431 3139 1473 omnes
3182 1417 3653 1485 interﬁcerentur;
3711 1426 3765 1474 et

2188 1501 2359 1558 misso
2382 1518 2629 1573 praecone
2654 1506 2728 1560 ita
2758 1506 3091 1561 declaratum
3135 1515 3241 1573 est,
3279 1518 3338 1563 ut
3373 1523 3535 1563 omne
3564 1508 3763 1580 vulgus

2187 1595 2275 1649 die
2300 1595 2547 1651 Mercurii
2582 1598 2700 1654 sine
2735 1599 2993 1656 dilatione
3019 1600 3087 1655 ad
3115 1596 3440 1671 Capitolium
3463 1616 3589 1656 cum
3616 1601 3766 1671 prin-

2185 1685 2304 1754 cipe
2331 1689 2617 1743 conveniat
2646 1707 2659 1743 :
2685 1690 2779 1759 qui
2800 1705 2930 1746 vero
2961 1706 3067 1744 non
3094 1692 3412 1757 accurrerit,
3450 1692 3627 1761 capite
3658 1706 3761 1761 pu-

2184 1778 2441 1834 niendum
2482 1795 2539 1835 se
2568 1796 2689 1836 esse
2724 1790 3032 1851 cognoscat.
3076 1782 3406 1839 Occurrente
3442 1783 3530 1838 die
3566 1798 3761 1853 supra-

2184 1870 2327 1925 dicto
2367 1871 2547 1927 omnis
2568 1872 2800 1941 populus
2824 1872 3102 1930 Romanus
3124 1874 3190 1929 ad
3213 1869 3544 1943 Capitolium
3562 1890 3760 1930 accur-

2184 1960 2272 2015 rit.
2308 1960 2605 2018 Palmatius
2632 1977 2851 2033 quoque
2893 1979 3015 2019 cum
3060 1966 3208 2021 omni
3260 1966 3423 2021 domo
3465 1980 3564 2020 sua
3611 1968 3761 2021 venit

2183 2050 2250 2105 ad
2269 2053 2593 2123 Capitolium
2609 2068 2732 2109 cum
2762 2055 2939 2123 porcis
2960 2064 3013 2110 et
3043 2056 3231 2112 vitulis
3249 2058 3294 2127 (l
3306 2058 3384 2127 ὅ).

2251 2142 2304 2195 '5.
2329 2141 2396 2197 Et
2419 2141 2623 2199 factum
2647 2152 2730 2200 est
2760 2145 2890 2201 dum
2918 2148 3192 2203 occisione
3218 2150 3490 2218 pecudum
3512 2151 3759 2205 effunde-

2180 2242 2331 2289 retur
2365 2237 2609 2307 sanguis,
2654 2248 2709 2294 et
2758 2240 3099 2297 incantarent
3141 2243 3474 2298 carminibus
3501 2244 3762 2299 sacerdo—

2181 2335 2295 2393 tes;
2348 2328 2507 2398 virgo
2538 2332 2721 2401 templi
2765 2334 2985 2389 nomine
3032 2333 3267 2400 Juliana,
3309 2346 3521 2406 arrepta
3562 2353 3593 2391 a
3641 2336 3756 2393 da:-

2180 2419 2386 2485 monio,
2413 2421 2887 2480 clamabatdicens
2907 2444 2919 2479 :
2940 2426 3079 2480 Deus
3107 2426 3327 2493 Calixti,
3354 2428 3467 2496 ipse
3495 2439 3579 2483 est
3613 2428 3759 2485 Deus

2177 2510 2333 2564 vivus
2361 2520 2415 2564 et
2445 2528 2608 2569 verus
2645 2532 2657 2568 :
2705 2515 2821 2585 ipse
2868 2517 3181 2586 indignatus
3221 2529 3306 2574 est
3363 2521 3757 2589 pollutionibus

2179 2600 2506 2671 Reipublicae
2536 2616 2747 2669 vestrae,
2776 2618 2828 2662 ct
2866 2619 3107 2663 conteret
3140 2626 3363 2680 regnum
3403 2614 3631 2667 mortale
3664 2627 3755 2665 ve—

2177 2701 2371 2759 strum,
2412 2696 2537 2764 quia
2580 2713 2684 2751 non
2737 2700 2977 2753 adoratis
3016 2701 3315 2755 veritatem.
3366 2704 3611 2759 Audiens
3649 2705 3758 2759 hoc

2175 2782 2494 2850 Palmatius,
2525 2790 2677 2844 solus
2700 2793 2943 2845 cucurrit
2972 2795 3035 2846 ad
3071 2793 3130 2848 Β.
3157 2795 3426 2849 Calixtum
3456 2797 3506 2849 in
3533 2798 3759 2865 regione

2176 2882 2325 2929 trans
2355 2876 2588 2930 Tiberim
2646 2880 2698 2932 in
2756 2881 2891 2934 urbe
2930 2880 3357 2949 Ravennatium;
3409 2893 3461 2937 et
3504 2886 3653 2939 misit
3695 2901 3757 2941 se

2175 2967 2515 3035 prazcipitans
2544 2979 2598 3022 et
2629 2970 2872 3027 introivit
2904 2974 2956 3027 in
2998 2976 3218 3027 domum
3255 2976 3344 3029 ubi
3379 2978 3602 3031 collecta
3633 2990 3754 3032 erat

2176 3057 2466 3111 multitudo
2519 3058 2991 3127 Cln-istianorum,
3045 3074 3098 3118 et
3158 3066 3350 3120 cecidit
3409 3079 3531 3123 ante
3590 3072 3760 3139 pedes

503 3151 673 3218 gressi
703 3162 827 3208 sunt
860 3153 1047 3211 decem
1080 3158 1279 3215 milites
1312 3178 1325 3214 :
1355 3170 1408 3216 et
1438 3178 1560 3219 cum
1590 3167 1819 3237 ingreSst
1842 3144 2075 3227 fuissent
2100 3193 2142 3251 ο
2270 3146 2487 3212 θθίίλίίν
2527 3150 2711 3205 dicens
2742 3172 2753 3205 ³
2794 3154 3032 3251 (ξθῧηθνί
3080 3155 3265 3251 “sum
3305 3159 3583 3213 Chriswm
3631 3178 3757 3215 esse

503 3256 714 3307 omnes,
742 3244 796 3297 hi
825 3244 1011 3300 decem
1047 3249 1242 3305 milites
1266 3253 1444 3308 subito
1475 3257 1601 3311 caeci
1629 3256 1751 3313 facti
1789 3269 1937 3316 sunt.
1969 3261 2075 3317 Be-

504 3335 725 3402 spondit
749 3337 1076 3407 Calepodius
1114 3356 1279 3397 senex
1319 3347 1599 3418 presbyter
1635 3356 1688 3403 et
1720 3350 1898 3405 dixit:
1950 3352 2073 3407 Filii

504 3424 631 3489 mei,
652 3441 812 3493 quem
840 3430 1118 3497 quaeritis?
1140 3430 1217 3486 llli
1242 3443 1419 3488 autem
1452 3437 1760 3493 clamabant
1785 3441 2025 3496 dicentes
2055 3462 2067 3496 :

501 3512 793 3570 Accendite
815 3518 971 3572 nobis
997 3519 1307 3585 luminaria,
1339 3524 1466 3591 quia
1493 3527 1817 3583 obscuratus
1841 3539 1925 3584 est
1948 3541 2073 3587 ante

504 3619 605 3659 nos
626 3606 781 3661 locus
818 3608 943 3663 iste.
984 3608 1129 3664 Dixit
1174 3624 1355 3668 autem
1382 3616 1707 3686 Calepodius
1740 3623 2019 3692 presbyter
2054 3642 2068 3678 :

504 3695 646 3771 Deus
668 3700 760 3767 qui
784 3700 932 3755 videt
964 3703 1169 3770 omnia,
1204 3706 1321 3774 ipse
1362 3711 1586 3764 caecavit
1620 3714 1808 3769 oculos
1837 3725 2068 3770 vestros.

503 3786 657 3842 Tunc
682 3790 962 3859 palpantes
989 3793 1063 3847 illi
1090 3794 1487 3853 descenderunt
1506 3803 1714 3856 caecati.
1743 3802 1866 3860 Haec
1890 3816 2069 3862 autem

500 3895 626 3935 cum
675 3882 898 3937 vidisset
944 3883 1281 3953 Palmatius,
1324 3890 1518 3946 timore
1565 3894 1808 3960 territtts,
1858 3896 2073 3969 fugiens

500 3981 771 4035 nuntiavit
802 3985 985 4039 omnia
1034 3985 1361 4045 Alexandro.
1406 3990 1607 4048 Eodem
1634 3994 1801 4065 igitur
1834 3996 1923 4052 die
1949 3997 2073 4052 Ale-

503 4074 706 4129 xander
728 4075 893 4143 jussit
915 4078 1135 4143 milites,
1160 4082 1252 4151 qui
1284 4083 1411 4139 caeci
1446 4082 1573 4140 facti
1620 4084 1857 4153 fuerant,
1906 4098 1967 4143 ut
2016 4091 2070 4144 in

500 4176 796 4237 conspectu
838 4184 941 4225 suo
998 4171 1346 4232 ducerentur.
1407 4175 1476 4230 Et
1539 4178 1669 4233 dum
1722 4182 2071 4251 cognovisset

571 4322 650 4392 (5)
681 4323 948 4380 Consules
988 4344 1132 4384 anno
1163 4330 1270 4384 222
1310 4332 1572 4387 ordinarii
1620 4334 1840 4392 fuerunt
1881 4338 2066 4394 Helio-

500 4394 727 4476 gabalus
754 4395 1173 4476 etAlexamler;_
1200 4402 1291 4476 sed
1342 4400 1689 4476 Heliogaban
1730 4410 1908 4476 potuit
1938 4411 2070 4465 sub—

501 4462 651 4516 stitui
681 4462 999 4537 Palmatius,
1032 4471 1173 4537 quod
1200 4462 1593 4537 llenschenins,
1622 4477 1705 4529 vel
1733 4462 1784 4531 id
1825 4462 2068 4535 muneris

501 4541 660 4616 antea
689 4534 943 4616 gessisse.
963 4534 1107 4616 quod
1140 4541 1242 4616 alii
1266 4552 1522 4616 censent;
1553 4534 1636 4599 vel
1675 4547 1910 4616 denique
1939 4534 2069 4604 con;
2104 4546 2144 4600 D

501 4603 945 4685 stilisappellatio
964 4603 1124 4685 paulo
1151 4610 1314 4685 latius
1338 4603 1592 4685 sumitur,
1610 4631 1731 4685 qua:
1756 4603 1880 4673 aliis
1903 4603 2066 4673 etiam

499 4672 859 4795 glignitatibus
892 4672 1128 4734 iu’Actis
1150 4680 1475 4736 Sanctorum
1505 4672 1777 4740 interdum
1810 4672 2067 4743 attributa

523 4755 793 4795 uvenitur.

523 4745 793 4799 uvenitur.

572 4812 646 4898 (β)
681 4812 1002 4885 llujusmodi
1032 4834 1357 4898 responsum
1373 4820 1690 4898 Alexandri,
1730 4827 1878 4879 nullo
1925 4829 2069 4898 juris

498 4885 689 4964 ordine
715 4897 951 4964 servato,
972 4905 1086 4964 _uec
1120 4885 1229 4944 ullo
1259 4892 1538 4964 speciatim
1569 4885 1782 4964 objecto
1818 4885 2064 4964 crimine,

498 4954 607 5009 nisi
662 4956 807 5028 quod
865 4958 1097 5026 profani,
1153 4975 1247 5013 seu
1280 4954 1577 5016 Christiani
1630 4954 1834 5028 essent,
1875 4954 2067 5023 mortis

498 5026 842 5100 sententiam,
868 5029 974 5100 nisi
1004 5030 1109 5083 diis
1134 5030 1523 5097 sacriﬁcarent,
1552 5032 1791 5100 ferentis,
1823 5026 2063 5091 nimium

498 5094 570 5148 ab
588 5093 878 5176 Alexandri
908 5098 1247 5176 humanitate
1262 5111 1312 5176 et
1330 5093 1583 5176 aequitate
1605 5093 1883 5169 abhorret,
1899 5123 2064 5176 quam

501 5172 561 5244 ut
582 5175 653 5244 ex
693 5165 810 5233 ejus
838 5182 931 5244 ore
964 5170 1261 5237 profectum
1288 5165 1474 5244 fuerit:
1512 5173 1718 5227 illatum
1757 5165 1973 5244 quidelm
2005 5178 2061 5231 S.

496 5232 729 5319 Callisto
748 5232 1079 5319 emtor-isque.
1096 5241 1413 5318 memoratis
1445 5240 1496 5319 in
1526 5244 1675 5319 hisce
1696 5232 1845 5319 Ac'tis
1866 5246 2065 5319 Marty-

499 5302 653 5376 ribus
678 5309 876 5376 mortis
907 5302 1231 5376 supplicium
1266 5318 1370 5372 est,
1401 5312 1516 5376 sed,
1544 5312 1848 5368 Alexandro
1895 5302 2066 5371 invilo

498 5385 563 5425 ac
588 5371 642 5424 in
678 5371 894 5449 Ulpiani
919 5371 1103 5447 ejusve
1134 5378 1396 5435 similium
1421 5371 1934 5449 machinationibus,
1960 5388 2063 5440 etsi

497 5449 711 5523 contra.
733 5448 899 5525 animi
945 5448 1361 5517 propensionem
1388 5489 1402 5513 ,
1458 5453 1782 5508 connivente
1838 5448 2017 5525 potius
2045 5497 2059 5520 ,

496 5525 662 5579 quam
692 5512 938 5580 jubente.

680 5584 827 5661 idem
860 5596 977 5661 esto
1008 5587 1074 5641 de
1101 5589 1215 5661 _b_oc_
1233 5604 1498 5658 responso
1527 5591 1813 5661 judicium.

569 5651 647 5732 (ἒξ)
674 5653 884 5735 Colitur
912 5657 995 5710 die
1098 5657 1240 5723 Maii,
1269 5651 1340 5735 ad
1359 5651 1838 5735 _queni'_Passionis
1863 5666 1982 5735 ejus
2008 5678 2061 5719 et

500 5718 785 5779 Sociorunt
843 5729 970 5779 Acta
1020 5718 1307 5783 illustravit
1359 5718 1733 5789 llenschcnius
1774 5718 1935 5806 supr'a
1990 5738 2062 5790 ci-

498 5798 657 5852 lalUS.

2178 3238 2348 3293 Deum
2379 3255 2593 3307 verum,
2617 3257 2776 3311 quem
2805 3245 3079 3301 daemones
3109 3249 3344 3305 confessi
3371 3262 3496 3305 sunt
3529 3253 3692 3307 hodie
3737 3274 3752 3308 :

2175 3342 2271 3398 per
2302 3327 2484 3398 ipsum
2539 3339 2590 3386 te
2630 3333 2846 3403 adjuro,
2896 3346 2956 3389 ut
2987 3336 3185 3393 liberes
3216 3355 3299 3394 me
3333 3355 3363 3394 a
3390 3341 3599 3395 cultura
3640 3342 3757 3400 dae;

2174 3437 2398 3476 menum
2447 3432 2503 3477 et
2543 3424 2822 3494 lapidum:
2870 3426 3082 3498 baptiza
3134 3445 3220 3485 me
3266 3433 3407 3489 sicut
3455 3434 3749 3502 praedicas,

2174 3510 2320 3565 Dixit
2358 3513 2405 3566 ei
2438 3512 2684 3568 Calixtus
2711 3516 2996 3585 episcopus
3027 3536 3041 3571 :
3081 3517 3200 3572 Noli
3236 3522 3482 3577 deridere
3514 3526 3755 3581 errando

2171 3604 2475 3658 veritatem.
2507 3604 2801 3675 Respondit
2836 3607 3133 3666 Palmatius
3162 3628 3286 3666 cum
3344 3615 3623 3686 lacrymis,
3652 3619 3757 3672 Idi-

2173 3706 2303 3745 cens
2337 3710 2350 3745 :
2387 3691 2638 3760 Domine,
2674 3710 2782 3748 non
2815 3697 3036 3751 derideo
3073 3716 3087 3753 :
3120 3700 3247 3768 quia
3280 3703 3510 3771 cognovi
3543 3703 3595 3756 in
3645 3721 3753 3759 ca:-

2173 3784 2336 3837 eitate
2364 3784 2621 3849 militum,
2647 3796 2700 3840 et
2738 3788 2794 3841 in
2824 3792 3183 3859 responsione
3208 3793 3451 3862 virginis,
3484 3794 3612 3863 quia
3638 3795 3750 3849 Do-

2172 3872 2355 3927 minus
2398 3888 2553 3928 meus
2589 3874 2838 3931 Christus
2875 3887 3002 3933 tuus
3034 3892 3136 3934 eSt.
3185 3878 3484 3951 Respondit
3519 3883 3753 3955 Calepo-

2171 3961 2295 4016 dius
2326 3978 2490 4017 senex
2524 3965 2823 4021 etdixitad
2857 3969 3072 4023 beatum
3118 3970 3442 4042 Episcopum
3481 3993 3494 4028 :
3533 3975 3751 4033 Beatis-

2172 4054 2306 4107 sime
2328 4053 2511 4121 Pater,
2554 4059 2751 4125 petenti
2782 4060 3111 4129 baptismum
3148 4064 3258 4117 noli
3299 4066 3585 4138 denegare.
3641 4068 3755 4123 Eo-

2171 4146 2291 4199 dem
2324 4154 2565 4217 tempore
2608 4149 2801 4205 indixit
2835 4152 3105 4223 jejunium
3143 4155 3256 4227 (14)
3288 4157 3334 4212 ei
3371 4174 3478 4213 uno
3514 4160 3635 4226 die,
3691 4171 3756 4217 et

2207 4304 2213 4311 '
2245 4300 2560 4380 (grauem
2588 4305 2923 4380 superiorem
2955 4309 3161 4379 templi,
3192 4311 3258 4364 de
3291 4327 3399 4380 quo
3430 4312 3497 4365 ad
3527 4323 3642 4367 not.
3687 4317 3746 4371 4.

2245 4371 2359 4448 (ib)
2390 4370 2941 4448 Palmatiusquidem
2970 4420 2984 4444 ,
3017 4370 3321 4448 quae—facta
3339 4381 3586 4446 fuerant,
3621 4370 3751 4439 Alc?

2173 4441 2381 4494 xandro
2412 4441 2780 4499 nuntiaverit:
2810 4457 2864 4500 at
2895 4449 2940 4502 is
2972 4441 3170 4505 melius
3192 4451 3261 4505 de
3302 4441 3748 4510 Christianorum

2175 4510 2439 4591 institutis
2473 4514 2846 4584 moribusque,
2886 4520 3178 4591 probegsibi
3225 4521 3490 4591 cognitis,
3527 4523 3750 4591 judica—

2178 4581 2286 4655 bat,
2325 4597 2494 4655 quant
2537 4591 2594 4634 ut
2637 4599 2697 4636 ea
2737 4581 2984 4655 magicis
3035 4581 3487 4645 Cltt'isliati’oruttt
3527 4581 3749 4650 artibus

2173 4649 2313 4704 facta
2350 4651 2612 4704 continuo
2636 4649 2897 4710 crederei.

2244 4720 2353 4786 (ll)
2413 4719 2743 4799 Praeceptum
2793 4725 3123 4796 hujusmodi,
3161 4739 3218 4783 ut
3268 4745 3332 4783 ex
3390 4732 3749 4799 sequentibus

2173 4798 2337 4855 patet,
2392 4800 2445 4863 et
2496 4793 2769 4858 publicum
2800 4793 3130 4863 et'generale
3166 4799 3390 4863 fuisset,
3428 4793 3618 4854 saltem
3657 4820 3747 4856 re-

2171 4869 2355 4937 spectu
2390 4859 2827 4937 “Romanorum:
2871 4859 2926 4918 at
2965 4867 3016 4920 id
3052 4870 3120 4923 ab
3170 4859 3401 4937 ipsumet
3432 4871 3749 4928 Alexandro

2170 4930 2353 4981 datum
2386 4929 2556 4983 fuisse
2581 4973 2595 4995 ,
2650 4934 2865 4987 diﬁieile
2909 4939 3116 4991 creditu
3148 4929 3258 4993 est:
3305 4955 3464 4994 secus
3490 4958 3618 4994 vero
3646 4945 3747 4996 da-

2169 5008 2283 5076 tum
2316 4998 2483 5076 fuisse
2517 5000 2637 5076 ejus
2668 5004 2883 5057 nomine
2910 5006 2978 5058 ab
3008 5008 3093 5069 iis,
3115 5010 3205 5076 qui
3227 5019 3279 5061 et
3300 5009 3743 5066 Christianorum

2169 5068 2468 5148 flagrabant
2494 5071 2640 5148 odio,
2665 5082 2736 5148 et,
2761 5089 2865 5141 qua
2894 5078 3034 5143 apud
3063 5068 3440 5146 imperatorem
3468 5081 3742 5148 valebant,

2169 5140 2491 5193 auctoritate
2513 5140 2897 5196 abutebantur.
2928 5140 2942 5143 “
3100 5174 3103 5179 ν

2238 5207 2350 5275 (12)
2390 5206 2518 5262 Vide
2545 5208 2683 5265 infra
2716 5223 2826 5265 not.
2868 5214 2957 5267 24.

2238 5298 2395 5371 (15)..
2428 5336 2441 5349 .
2474 5337 2505 5371 .ν
2527 5339 2540 5351 .
2574 5299 2890 5355 .-Mactatur
2924 5321 3077 5357 vacca
3115 5304 3385 5371 Minervae,

2300 5368 2507 5437 Alipedi
2533 5371 2748 5438 vitulus,
2783 5379 2968 5426 taurus
2999 5375 3117 5438 tibi,
3154 5368 3621 5433 summe-deorum.

2830 5440 2988 5497 Ovtu.
3020 5445 3114 5498 lib.
3148 5461 3199 5499 tv
3226 5444 3738 5516 Metamorphoseon.

2236 5527 2345 5607 (μ)
2374 5530 2631 5607 Advertat
2663 5532 2835 5586 lector
2860 5535 3120 5607 animum
3175 5536 3240 5589 ad
3288 5539 3543 5607 antiquos
3597 5541 3741 5595 ritus

2166 5599 2217 5650 in
2249 5599 2531 5677 baptismo
2551 5612 2811 5677 servatos.
2839 5602 3203 5677 _llelt§C/Ieniu8
3257 5609 3346 5661 cit.
3376 5599 3493 5662 Act.
3560 5622 3736 5677 apost.

2164 5684 2283 5747 cap.
2318 5671 2352 5722 2
2385 5685 2434 5723 v.
2467 5670 2555 5734 '58,
2582 5670 2771 5747 Petrus
2801 5674 2904 5727 ait:
2941 5674 3350 5730 tl’mnitentiam
3379 5680 3522 5747 agite
3563 5670 3617 5733 et
3647 5681 3739 5733 ba-

2166 5742 2395 5816 ptizetur
2416 5742 2789 5811 unusquisque
2813 5756 3049 5799 vestrum
3084 5746 3136 5800 in
3166 5748 3382 5803 nomine
3416 5742 3544 5804 Ilesu
3583 5750 3745 5805 Chri-

2166 5819 2251 5861 sti.
2290 5827 2308 5859 ι
