3966 6524
252 401 352 458 ΙΠ

1768 391 1975 448 ACTA.

3397 382 3505 438 ΗΒ

245 520 605 580 αιθεὴίωνὶι
629 537 754 578 eum
783 530 877 576 tet
912 520 1130 575 allatam
1160 532 1360 589 aquam
1383 517 1450 571 de
1473 512 1692 588 lympha
1721 527 1823 583 pu-
1855 518 1899 574 Α
1927 507 2166 581 peccavi.
2194 507 2396 563 Eadem
2433 507 2567 564 hora
2594 505 2882 561 subridens
2912 502 3236 560 Alexander.
3279 501 3499 557 tradidit

248 618 340 679 tei,
363 617 458 686 qui
481 616 680 670 eratin
706 615 894 670 eadem
928 614 1111 674 domo,
1139 610 1415 666 benedixit
1447 650 1459 662 .
1493 617 1548 662 et
1574 605 1822 676 deposito

242 702 512 758 Palmatio
541 703 597 757 in
621 704 820 774 pelvim
849 702 987 772 (15),
1012 702 1149 756 dixit
1169 702 1218 755 ei
1245 699 1302 755 S.
1331 699 1576 754 Calixtus
1602 697 1820 766 episco-

231 809 380 863 pus:
409 791 610 848 Credis
641 809 708 848 ex
741 802 854 848 toto
884 793 1047 848 corde
1077 792 1132 846 in
1173 791 1339 845 Deum
1383 789 1598 844 Patrem
1638 787 1819 843 omni-

239 894 540 954 potentem,
572 882 836 939 factorem
865 884 1162 938 visibilium
1191 893 1246 936 et
1285 879 1680 936 invisibilium?
1714 877 1820 931 Re-

235 975 457 1044 spondit
483 975 786 1030 Paltnatius
819 994 833 1029 :
867 975 1062 1029 Credo.
1110 972 1174 1027 Et
1211 972 1347 1026 dixit
1375 972 1422 1025 ei
1459 991 1471 1024 :
1518 971 1584 1024 Et
1630 970 1682 1023 in
1729 967 1818 1023 Je-

234 1079 356 1119 sum
390 1063 702 1128 Christum,
738 1064 932 1118 Filium
968 1063 1088 1133 ejus
1119 1064 1262 1134 (16)?
1283 1061 1557 1128 Etiterum
1590 1075 1813 1130 respon-

229 1157 314 1210 dit
361 1175 375 1210 :
429 1156 632 1211 Credo.
665 1157 730 1210 Et
761 1155 897 1210 dixit
919 1156 969 1211 ei
1007 1175 1020 1210 :
1052 1154 1118 1210 Et
1149 1156 1202 1209 in
1241 1155 1504 1224 Spiritum
1540 1162 1814 1219 sanctum,

230 1247 535 1304 Ecclesiam
595 1247 967 1312 Catholicam,
1017 1246 1392 1301 remissionem
1447 1256 1814 1314 peccatorum,

227 1341 417 1396 carnis
453 1340 959 1397 resurrectionem?
991 1338 1056 1393 Et
1086 1339 1416 1394 exclamavit
1450 1352 1582 1393 voce
1618 1353 1815 1408 magna

228 1447 354 1486 cum
409 1431 673 1501 lacrymis
725 1430 1022 1484 Palmatius
1057 1450 1071 1484 :
1114 1429 1311 1496 Credo,
1342 1429 1587 1482 Domine.
1613 1428 1812 1483 Eadem

229 1523 364 1576 hora
399 1523 571 1592 cmpit
599 1522 833 1577 clamare
873 1532 925 1577 et
951 1522 1135 1578 dicere
1165 1539 1178 1574 :
1210 1519 1349 1575 Vere
1379 1519 1489 1575 vidi
1525 1519 1810 1574 Dominum

223 1611 415 1668 Jesum
465 1612 745 1667 Christum
795 1627 982 1666 verum
1040 1612 1248 1673 lumen,
1289 1609 1384 1680 qui
1421 1624 1508 1662 me
1548 1607 1817 1662 illumina-

224 1707 303 1757 vit
335 1705 478 1774 (-17).
511 1704 812 1773 Baptizavit
842 1712 1024 1757 autem
1073 1712 1128 1757 et
1162 1717 1380 1757 omnem
1419 1701 1639 1756 domum
1683 1700 1811 1753 Pal-

221 1795 400 1860 matii,
435 1804 494 1849 et
523 1809 750 1849 uxorem
791 1803 846 1849 ct
892 1794 1053 1857 filios,
1083 1803 1136 1848 et
1168 1792 1466 1862 promiscui
1507 1806 1670 1846 sexus
1710 1807 1811 1844 nu-

1923 617 2048 656 cum
2083 599 2300 656 cuidam
2329 597 2610 669 Simplicio
2645 597 2906 662 senatori,
2939 597 3126 652 dicens
3156 613 3171 650 :
3199 592 3349 649 Habe
3371 607 3490 649 eum

1920 705 2086 760 penes
2111 700 2162 745 te
2187 690 2308 746 sine
2338 691 2523 760 aliquo
2573 689 2766 743 timore
2810 704 2830 742 :
2856 696 2909 742 et
2939 687 3196 742 mollibus
3223 683 3494 742 sermoni-

1921 783 2024 837 bus
2049 799 2240 839 revoca
2266 799 2390 838 eum
2429 783 2495 838 ad
2539 783 2810 837 culturam
2843 781 3102 842 deorum;
3142 779 3307 834 talem
3349 777 3495 833 enim

1920 873 2199 930 hominem
2237 874 2567 944 Respublica
2605 873 2975 930 necessarium
3024 871 3206 927 habet.
3258 871 3497 940 Accepto

1920 965 2222 1033 Palmatio,
2276 966 2592 1036 Simplicius
2645 974 2867 1021 senator
2915 964 3237 1020 vestimenta
3289 961 3496 1018 nobilia
3556 970 3561 975 ·

1919 1059 2079 1113 allata
2128 1059 2305 1113 induit
2351 1074 2500 1120 eum,
2540 1067 2595 1112 et
2633 1058 2788 1112 duxit
2831 1058 2885 1112 in
2917 1057 3140 1113 domum
3180 1070 3357 1110 suam.
3386 1053 3491 1119 Qui

1920 1151 2237 1221 Simplicius
2269 1149 2526 1221 praecepit
2555 1149 2707 1204 uxori
2735 1165 2868 1214 suae,
2890 1158 2944 1203 et
2975 1148 3273 1218 majoribus
3295 1145 3492 1200 domus

1917 1258 2050 1310 suae,
2088 1251 2147 1297 ut
2179 1259 2397 1298 omnem
2445 1241 2667 1297 domum
2713 1240 2975 1308 Simplicii
3008 1241 3060 1295 in
3089 1256 3188 1296 sua
3228 1247 3492 1310 potestate

1917 1337 2158 1391 haberet.
2195 1336 2349 1391 Tunc
2388 1335 2686 1390 Palmatius
2715 1333 2938 1404 jejuniis
2963 1343 3017 1388 et
3038 1334 3378 1389 orationibus
3417 1335 3492 1386 vi-

1916 1429 2166 1498 giliarum
2206 1445 2428 1494 vacans,
2455 1443 2564 1483 non
2592 1427 2839 1482 cessabat
2879 1441 3003 1482 cum
3032 1425 3284 1499 lacrymis
3321 1424 3488 1479 Deum

1914 1520 2130 1576 Patrem
2147 1521 2574 1589 omnipotentem
2604 1533 2783 1584 orare,
2807 1527 2863 1575 et
2885 1517 3070 1573 Jesum
3100 1516 3374 1572 Christum
3399 1516 3490 1572 Fi-

1914 1613 2042 1666 lium
2075 1611 2215 1679 ejus,
2241 1609 2689 1680 utpuenitentiam
2710 1617 2891 1681 ageret
2920 1610 2987 1664 de
3009 1622 3196 1663 errore
3224 1623 3345 1665 suo.

1982 1705 2035 1758 5.
2077 1701 2308 1756 Veniens
2337 1711 2516 1756 autem
2549 1701 2614 1755 ad
2639 1717 2763 1758 eum
2799 1701 3019 1772 quidam
3051 1700 3199 1754 Felix
3247 1699 3485 1761 nomine,

1913 1795 2070 1864 cujus
2100 1810 2236 1848 uxor
2270 1793 2468 1872 clinica
2493 1793 2712 1862 jacebat
2755 1793 2913 1847 annis
2957 1801 3193 1862 quatuor
3237 1791 3288 1843 iu
3326 1789 3485 1853 lecto,

219 1899 379 1938 mero
420 1884 789 1953 quadraginta
827 1884 986 1938 duos.
1017 1883 1100 1936 Ab
1135 1861 1324 1937 eadem
1363 1880 1452 1934 die
1491 1881 1656 1949 C(Bp'll
1687 1878 1812 1933 Ρεὶι⁸
1843 1861 1882 1915 Β
1913 1861 2062 1944 misit
2088 1902 2147 1942 se
2173 1886 2241 1940 ad
2274 1887 2439 1954 pedes
2464 1861 2742 1951 Pahnatii,
2765 1861 2989 1940 dicens;
3039 1881 3334 1937 Coufessor
3377 1879 3486 1937 Do-

219 1975 428 2030 matius
453 1990 680 2030 omnem
715 1973 1030 2029 facultatem
1061 1989 1216 2029 suam
1271 1971 1603 2042 pauperibus
1646 1970 1807 2025 Chri-

220 2066 422 2132 stianis
468 2081 716 2136 erogare,
749 2065 1068 2135 perquirens
1098 2064 1350 2134 regiones
1377 2070 1433 2118 et
1473 2071 1712 2133 cryptas,
1749 2072 1807 2116 ut

220 2159 543 2227 ubicunque
570 2159 837 2213 inveniret
870 2167 966 2212 aut
991 2157 1046 2210 in
1081 2156 1328 2212 custodia
1369 2166 1465 2209 aut
1509 2156 1807 2209 absconsos

217 2251 596 2315 Christianos,
648 2251 718 2306 de
763 2250 1118 2306 facultatibus
1154 2249 1272 2304 suis
1301 2248 1506 2305 victum
1533 2247 1617 2302 vel
1655 2257 1808 2318 tegu-

217 2352 468 2398 mentum
512 2343 871 2399 ministraret.

282 2437 340 2491 4.
375 2435 516 2490 Post
544 2436 663 2491 dies
689 2451 817 2490 vero
869 2437 1094 2506 triginta
1150 2437 1291 2489 duos
1334 2433 1468 2504 (18),
1511 2433 1806 2503 requiritur

215 2527 524 2582 Palmatius
553 2528 623 2581 ab
675 2527 1011 2590 Alexandro,
1043 2527 1131 2581 cui
1175 2528 1482 2580 nuntiatum
1531 2534 1635 2588 est,
1678 2527 1804 2594 quia

215 2618 573 2672 Christianus
632 2626 736 2684 est,
783 2627 835 2672 et
887 2618 1009 2672 aliis
1055 2617 1269 2672 suadet.
1305 2616 1458 2670 Tunc
1497 2615 1805 2671 Alexander

208 2708 378 2777 jussit
401 2724 532 2762 eum
568 2709 915 2777 praesentari.
970 2706 1074 2774 Qui
1122 2723 1245 2762 cum
1292 2715 1476 2762 tentus
1532 2705 1723 2761 luisset
1773 2722 1804 2761 a

215 2800 461 2867 quodam
494 2799 774 2870 Torquato
803 2801 1042 2864 tribuno,
1074 2808 1129 2854 et
1164 2799 1368 2853 missus
1409 2799 1462 2852 in
1493 2798 1800 2860 custodiam

213 2876 527 2942 Mamertini
554 2888 698 2960 (l9);
725 2897 848 2958 post
873 2889 1110 2944 triduum
1144 2888 1257 2959 (20)
1280 2887 1537 2943 indicavit
1565 2889 1802 2942 Alexan-

214 2975 312 3032 dro
344 2976 688 3047 Torquatus,
721 2979 1047 3035 Palmatium
1101 2981 1156 3034 in
1211 2979 1458 3035 custodia
1525 2980 1806 3050 mancipa-

215 3075 354 3123 tum.
393 3069 552 3124 Tunc
587 3071 892 3127 Alexander
914 3076 1156 3142 gaudens
1178 3072 1343 3142 jussit
1374 3086 1498 3126 eum
1531 3069 1636 3125 sibi
1666 3086 1806 3140 prte-

211 3160 444 3213 scntari.
475 3158 544 3213 Et
563 3161 778 3215 vinctus
801 3163 1008 3216 catenis
1038 3161 1338 3216 Palmatius
1360 3160 1662 3232 ingreditur
1677 3169 1803 3215 ante

211 3250 614 3305 Alexandrum.
640 3251 812 3318 Quem
837 3268 961 3307 cum
1004 3253 1250 3317 vidisset,
1283 3251 1450 3322 jussit
1479 3268 1603 3308 eum
1637 3252 1796 3318 solvi,

131 3349 134 3352 '
209 3350 260 3395 et
287 3342 435 3395 dixit
465 3343 517 3396 ei
552 3361 567 3397 :
619 3342 709 3396 Sic
740 3359 928 3398 amens
958 3343 1135 3399 factus
1168 3360 1250 3408 es,
1277 3358 1311 3399 0
1344 3343 1592 3406 Palmati,
1631 3353 1691 3400 ut
1717 3345 1805 3400 de-

211 3447 362 3488 seras
426 3435 581 3498 deos,
633 3445 686 3490 et
733 3451 947 3506 quaaras
997 3446 1051 3491 et
1115 3441 1266 3492 colas
1327 3438 1604 3493 hominem
1658 3453 1804 3492 mor-

209 3533 363 3578 tuum
403 3526 560 3597 (21)?
589 3525 890 3582 Palmatius
925 3528 1111 3583 tacuit.
1159 3528 1306 3584 Dixit
1351 3531 1398 3584 ei
1446 3530 1751 3584 Alexander
1785 3549 1798 3585 :

211 3613 466 3684 Loquere
495 3617 816 3671 fiducialiter
845 3639 856 3673 :
897 3637 964 3674 ne
1005 3622 1220 3674 timeas.
1252 3619 1554 3689 RcSpnmiit
1583 3620 1800 3675 Palma-

213 3706 319 3759 tius
349 3705 550 3762 dicens
575 3726 590 3761 :
619 3706 674 3762 Si
706 3710 849 3764 datis
873 3711 1168 3774 licentiam,
1197 3711 1472 3780 loquimur
1499 3712 1796 3766 veritatem.

216 3793 362 3850 Dixit
408 3797 459 3850 ei
514 3797 863 3856 Alexander:
915 3801 1152 3871 Excepta
1195 3803 1422 3858 deorum
1459 3802 1678 3872 injuria,
1714 3804 1799 3857 lo-

211 3901 406 3956 quere.
437 3888 586 3944 Dixit
611 3891 662 3945 ei
691 3891 991 3947 Palmatius
1021 3911 1035 3947 :
1066 3891 1281 3964 Optime
1305 3894 1575 3963 princeps,
1609 3895 1654 3948 si
1699 3894 1797 3948 ad-

205 3990 415 4047 vertas,
435 3996 546 4036 non
571 3991 702 4037 sunt
725 3983 822 4052 dii,
839 3985 933 4040 sed
960 3995 1089 4041 sunt
1109 3985 1320 4044 factura
1339 3987 1625 4044 hominum
1651 4003 1798 4042 mor-

206 4073 428 4128 talium.
455 4071 616 4127 Modo
639 4074 861 4145 quidem
886 4079 1182 4146 cognoscat
1207 4079 1567 4134 mansuetudo
1592 4089 1795 4145 vestra,

206 4165 295 4227 qui
321 4165 532 4220 debent
559 4166 665 4220 coli
698 4185 712 4220 :
739 4167 837 4236 qui
872 4176 1001 4222 sunt
1022 4178 1117 4224 aut
1147 4169 1491 4224 fabricantur
1518 4186 1548 4224 a
1591 4180 1797 4225 morta-

208 4253 372 4319 libus,
405 4256 589 4324 quales
622 4257 754 4322 sint,
785 4273 881 4314 vos
915 4259 1178 4330 judicate.
1214 4259 1322 4316 Sed
1351 4276 1545 4330 precor
1579 4277 1681 4332 ego
1710 4263 1795 4316 in-

207 4346 332 4400 felix
367 4346 679 4402 claritatem
708 4360 946 4404 vestram
981 4367 996 4405 :
1028 4351 1182 4406 dicas
1210 4351 1312 4407 deo
1354 4361 1448 4407 tuo
1491 4362 1550 4406 ut
1597 4353 1791 4422 loqua-

205 4443 310 4500 tur,
341 4444 404 4490 et
432 4451 558 4490 cum
588 4437 1014 4506 interrogavere,
1041 4443 1366 4511 respondeat
1398 4462 1412 4498 :
1443 4452 1496 4498 et
1525 4459 1648 4499 cum
1688 4445 1790 4500 hoc

1910 1980 2040 2032 mini
2077 1979 2250 2034 nostri
2282 1977 2411 2034 Jesu
2438 1979 2663 2042 Christi,
2683 1993 2845 2032 exora
2874 1991 2979 2046 pro
2997 1974 3190 2029 ancilla
3210 1983 3300 2028 tua
3317 1987 3487 2026 uxore

1911 2087 2029 2126 mea
2083 2071 2308 2138 Blanda,
2347 2079 2407 2125 ut
2460 2070 2720 2124 liberetur
2751 2069 2817 2123 de
2861 2068 3001 2122 lecto
3053 2066 3259 2120 doloris
3303 2073 3354 2119 et
3385 2079 3487 2133 ego

1911 2163 2200 2233 percipiam
2240 2164 2569 2232 baptismum
2611 2176 2736 2216 cum
2762 2175 2823 2215 ea
2847 2179 2860 2226 ;
2888 2160 3014 2229 quia
3042 2159 3135 2213 diu
3175 2168 3294 2224 est,
3337 2159 3487 2228 quod

1909 2254 2100 2309 morbo
2122 2253 2417 2324 paralytico
2447 2261 2662 2306 tenetur
2687 2259 2740 2305 et
2759 2250 2874 2319 jam
2904 2249 3134 2304 facultas
3173 2259 3359 2303 nostra
3387 2249 3482 2303 de-

1909 2343 2048 2398 fecit.
2085 2342 2239 2398 Tunc
2276 2342 2610 2405 Palmatius,
2656 2350 2923 2410 pnesentc
2967 2355 3138 2394 uxore
3177 2339 3478 2409 Simplicii,

1906 2433 2103 2490 cecidit
2125 2434 2176 2486 in
2202 2443 2423 2497 terram,
2455 2444 2508 2486 et
2537 2448 2660 2486 cum
2701 2431 2955 2501 lacrymis
2977 2446 3134 2485 orare
3163 2432 3328 2500 ccepit
3355 2447 3496 2486 cum»

1909 2523 2084 2578 Felice
2109 2524 2332 2578 dicens:
2362 2523 2587 2578 Domine
2618 2522 2778 2585 Deus,
2810 2523 2902 2591 qui
2924 2523 3241 2578 illuminasti
3263 2541 3490 2578 servum.

1908 2623 2084 2680 tuum,
2131 2615 2200 2671 da
2253 2615 2384 2669 mihi
2441 2615 2615 2669 lucem
2652 2624 2910 2669 aeternam
2947 2613 3130 2668 Jesum
3163 2614 3477 2681 Christum:

1906 2706 2053 2760 salva
2083 2706 2331 2761 ancillam
2366 2715 2512 2760 tuam
2532 2704 2816 2769 Blandam,
2841 2717 2892 2760 et
2916 2707 3084 2760 alleva
3109 2722 3230 2761 eam
3252 2707 3317 2763 de
3343 2707 3482 2762 lecto

1905 2796 2143 2851 doloris:
2178 2806 2238 2851 ut
2266 2805 2599 2867 cognoscant
2627 2812 2816 2852 omnes
2845 2837 2858 2862 ,
2909 2797 3038 2866 quia
3079 2806 3137 2852 tu
3175 2814 3236 2853 es
3267 2807 3484 2854 creator

1906 2889 2148 2943 omnium
2178 2905 2380 2944 rerum.
2413 2889 2610 2943 Eadem
2653 2889 2786 2942 hora
2826 2889 2973 2944 venit
3015 2889 3217 2945 Blanda
3251 2890 3493 2959 pedibus.-

1908 2981 2023 3035 sais
2053 2996 2280 3036 currens
2325 2981 2391 3035 ad
2435 2981 2657 3035 domum
2705 2978 2969 3049 Simplicii
3007 2982 3276 3036 senatoris
3319 2991 3371 3037 et
3396 2982 3480 3037 di-

1906 3071 2318 3141 ceuszbaptiza
2364 3087 2450 3128 me
2491 3073 2545 3125 in
2581 3071 2798 3125 nomine
2834 3070 3048 3126 Domini
3085 3070 3214 3126 Jesu
3252 3073 3476 3137 Christi,

1907 3165 1997 3232 qui
2029 3165 2202 3217 tenuit
2235 3179 2457 3216 manum
2488 3178 2662 3217 meam
2689 3168 2742 3215 et
2766 3162 2977 3216 sanavit
2998 3177 3103 3216 me.
3134 3163 3285 3218 Tunc
3329 3164 3496 3220 Felix.

1907 3255 2066 3324 cmpit
2089 3269 2282 3324 urgere
2315 3253 2376 3305 Β.
2406 3253 2729 3308 Palmatium
2764 3262 2824 3308 ut
2859 3253 3244 3322 baptizaretur.
3275 3252 3502 3308 Eadem-

1908 3347 2039 3400 hora
2069 3346 2132 3399 B.
2157 3344 2460 3400 Palmatius
2487 3345 2638 3400 misit
2664 3345 2732 3401 ad
2755 3345 2812 3401 S.
2838 3345 3106 3400 Calixtum
3133 3346 3498 3417 episcopum:-

1903 3448 1957 3492 et
1979 3438 2200 3493 veniens
2217 3436 2511 3507 baptizavit
2534 3437 2768 3492 Felicem
2793 3455 2918 3495 cum
2935 3453 3108 3496 uxore
3131 3453 3229 3494 sua
3249 3439 3472 3494 Blanda.

1908 3529 2108 3586 Videns
2146 3531 2249 3584 hoc
2269 3527 2606 3599 Simplicius,
2648 3532 2846 3587 cecidit
2870 3533 2938 3587 ad
2966 3533 3129 3603 pedes
3159 3531 3354 3588 Calixti
3393 3533 3477 3587 di-

1904 3640 2051 3685 ortis,
2085 3632 2145 3676 ut
2169 3637 2292 3676 cum
2328 3621 2476 3674 omni
2505 3622 2668 3674 domo
2695 3639 2794 3677 sua
2821 3624 3205 3694 baptizaretur.
3230 3623 3383 3678 Tunc
3410 3621 3474 3679 Β.

1901 3716 2148 3770 Calixtus
2177 3714 2467 3783 episcopus
2497 3713 2816 3770 [iducialiter
2834 3716 3002 3770 dixit:
3039 3715 3343 3786 Congreget
3368 3715 3476 3770 Do-

1902 3804 2084 3859 minus
2119 3803 2356 3858 triticum
2390 3802 2442 3856 in
2478 3803 2735 3858 horreum
2770 3821 2929 3860 suum
2959 3806 3095 3877 (22),
3141 3815 3194 3861 et
3229 3806 3474 3861 catechi-

1901 3895 2042 3949 zavit
2063 3910 2280 3950 omnem
2305 3894 2527 3950 domum
2559 3896 2850 3966 Simplicii,
2882 3906 2934 3952 et
2983 3913 3207 3953 uxorem
3237 3908 3292 3952 et
3331 3897 3495 3953 tilios.

1897 3996 1950 4040 et
1987 3985 2248 4040 familiam
2277 3986 2421 4056 ejus,
2467 3989 2682 4044 animas
2713 3989 3009 4058 promiscui
3041 4006 3204 4046 sexus
3241 3990 3354 4045 fere
3386 4005 3476 4047 se—

1899 4077 2116 4146 xaginta
2147 4086 2290 4133 octo.
2320 4076 2380 4131 Β.
2419 4078 2744 4148 Calepodius
2777 4081 3057 4152 presbyter
3079 4083 3275 4150 gaudio
3291 4083 3470 4152 reple-

1899 4176 2006 4231 tus,
2034 4167 2200 4236 coepit
2229 4167 2466 4222 clamare
2489 4167 2544 4220 in
2575 4167 2742 4224 domo
2766 4168 3054 4238 Simplicii,
3090 4171 3303 4225 dicens:
3339 4169 3470 4225 Glo-

1896 4259 1972 4311 ria
1989 4257 2112 4321 tibi,
2144 4257 2369 4312 Domine
2397 4257 2528 4314 Jesu
2550 4258 2788 4325 Christe,
2818 4261 2912 4331 qui
2932 4263 2998 4318 de
3015 4264 3254 4319 tenebris
3279 4265 3472 4334 digna-

1893 4349 1972 4402 ris
1993 4349 2058 4403 ad
2088 4349 2264 4404 lucem
2297 4350 2594 4418 perducere
2616 4349 2883 4406 facturam
2916 4362 3088 4416 tuam,
3120 4364 3174 4408 et
3202 4356 3267 4408 de
3283 4371 3470 4410 errore

1894 4448 2142 4504 liberare.
2189 4449 2303 4506 Hoc
2356 4451 2585 4508 audiens
2611 4452 2942 4514 Alexander,
3000 4451 3129 4520 quia
3179 4447 3469 4502 multitudo

205 4523 413 4580 factum
445 4525 631 4595 fuerit,
658 4545 764 4583 non
798 4531 989 4585 desero
1013 4532 1144 4586 deos
1182 4541 1325 4596 tuos,
1357 4549 1494 4603 quos
1533 4542 1585 4588 tu
1615 4535 1791 4591 dicis?
1822 4555 1866 4609 ι)
1896 4539 2177 4594 hominum
2228 4542 2559 4612 baptismum
2592 4545 2928 4614 percepisset
2954 4559 3051 4612 per
3095 4541 3154 4595 Β.
3193 4542 3481 4596 Calixtum.

207 4614 348 4672 Dixit
389 4617 440 4672 ei
486 4618 794 4674 Alexander
827 4639 840 4675 :
870 4621 937 4676 Et
971 4625 1248 4692 quomodo
1273 4641 1303 4679 a
1336 4626 1627 4681 cunabulis
1677 4627 1785 4682 tuis

208 4707 340 4763 istos
378 4709 646 4772 adorasti,
705 4720 759 4765 et
805 4713 968 4767 modo
1019 4715 1283 4785 relinquis
1324 4717 1454 4771 eos?
1490 4716 1786 4786 Respondit

207 4795 548 4853 Palmatius:
585 4798 709 4854 Feci
755 4802 915 4870 quasi
962 4802 1150 4858 infelix
1194 4823 1208 4859 :
1259 4807 1421 4861 modo
1468 4817 1650 4861 autem
1699 4823 1788 4863 co-

208 4891 366 4957 gnovi
399 4890 548 4960 quod
582 4906 772 4945 verum
802 4903 906 4959 est,
939 4894 1004 4948 de
1035 4910 1143 4962 qua
1173 4910 1232 4949 re
1266 4911 1460 4965 precor
1490 4898 1783 4952 Dominum

204 4979 387 5037 Iesum
412 4982 719 5047 Christum,
762 4994 824 5038 ut
857 4986 1101 5056 ignoscat
1143 4987 1298 5052 mihi,
1348 4990 1475 5058 quia
1523 4989 1790 5060 ignorans

282 5116 512 5190 (1_5)_lta
538 5116 933 5190 Constantinus
971 5119 1197 5190 Magnus
1238 5121 1380 5190 apud
1429 5120 1784 5178 Anastasium

213 5184 694 5260 Bibliothecarium
728 5189 783 5260 in
812 5187 934 5243 Vita
970 5187 1027 5244 S.
1061 5184 1317 5247 Silvesti‘i
1351 5191 1497 5245 dedit
1538 5209 1556 5242 ι
1587 5193 1784 5260 pelvim

212 5269 272 5332 ex
295 5259 618 5332 argentogd
641 5257 992 5332 baptismum,
1011 5271 1323 5332 pensantem
1344 5261 1511 5316 libras
1539 5257 1779 5332 viginti.»

208 5322 296 5378 Ita
329 5322 494 5397 idem.
525 5325 690 5397 Plura
712 5322 769 5380 'si
804 5329 980 5397 cupis,
1013 5322 1138 5386 vide
1165 5330 1451 5386 Morettum
1477 5331 1569 5386 cit.

270 5396 382 5466 (16)
408 5396 568 5465 Apud
593 5394 1180 5466 Morcttmnadduntur
1205 5403 1346 5455 haec:
1383 5419 1400 5450 ι
1437 5399 1501 5453 Ει
1532 5401 1667 5455 dixit
1700 5402 1780 5456 ei:

205 5459 302 5543 Qui
344 5459 508 5543 natus
527 5474 629 5543 _es_t
652 5467 720 5519 de
745 5465 963 5543 _Spirit_u
1001 5482 1193 5543 sancto
1225 5487 1289 5526 ex
1324 5469 1492 5524 Maria
1530 5469 1786 5543 Virgine?

207 5531 504 5603 Respondit
525 5531 829 5590 Palmatius
857 5553 870 5588 :
904 5539 1096 5594 Credo.
1135 5559 1152 5589 ι

204 5605 388 5726 li['(17)
421 5605 634 5660 Lumen
681 5607 788 5661 hoc
841 5607 1052 5662 videtur
1103 5609 1270 5665 fuisse
1300 5610 1522 5664 caeleste
1552 5621 1606 5664 et
1639 5612 1785 5666 inso-

265 5690 379 5726 um.

244 5684 379 5728 tum.

239 5745 384 5823 .(18)
428 5745 527 5823 ills.
585 5743 836 5823 Vlimerii
895 5767 914 5800 ι
951 5747 1140 5818 viginti
1197 5749 1365 5805 duos:
1408 5770 1425 5801 ι
1463 5750 1578 5805 Ado
1630 5769 1647 5802 ‹
1683 5752 1779 5806 tri-

205 5816 364 5883 ginta.
405 5837 422 5869 ι
452 5816 684 5871 flcusch.
717 5817 806 5870 cit.

1891 4629 2231 4700 episcopum,
2257 4633 2409 4688 misit
2439 4633 2744 4688 exercitum
2769 4634 3026 4696 militum,
3057 4648 3121 4686 ac
3155 4632 3328 4686 tenuit
3351 4646 3472 4685 om-

1891 4737 1986 4774 nes
2014 4721 2105 4790 qui
2136 4721 2463 4790 baptismum
2496 4732 2871 4792 perceperant,
2913 4738 3052 4793 quos
3079 4723 3334 4792 praecepit
3371 4736 3467 4775 ca-

1888 4811 2015 4881 pitis
2047 4813 2230 4866 subire
2256 4813 2600 4880 sententiam,
2625 4823 2679 4869 et
2715 4830 2812 4884 per
2834 4815 3082 4868 diversas
3104 4821 3290 4882 portas
3313 4811 3466 4865 urbis

1890 4901 2076 4957 Romae
2107 4904 2281 4973 capita
2310 4919 2502 4959 eorum
2530 4904 2808 4974 suspendi,
2843 4903 2910 4956 ad
2940 4902 3247 4970 exemplum
3305 4899 3469 4954 Clu-i-

1888 4993 2210 5047 stianorum.

1888 5133 1890 5148 ῖ
1961 5120 2072 5191 (l9)
2102 5122 2181 5174 Ad
2214 5123 2450 5177 radicem
2491 5123 2738 5191 Capitolii
2785 5131 2868 5176 est
2899 5123 3054 5177 locus
3080 5161 3097 5186 ,
3143 5117 3464 5191 nobilitatus

1887 5189 2123 5250 vinculis
2150 5191 2248 5244 SS.
2268 5191 2410 5248 Petri
2439 5203 2494 5261 et
2519 5189 2672 5246 Pauli
2695 5202 2749 5247 et
2773 5193 3005 5249 aliorum
3032 5199 3357 5261 martyrum,
3387 5189 3462 5242 uti

1889 5263 2087 5330 saepius
2128 5262 2386 5315 diximus.
2424 5260 2650 5315 Hensclt.
2676 5263 2767 5316 cit.

1958 5329 2072 5400 (20)
2108 5329 2241 5384 Vide
2269 5330 2408 5384 infra
2445 5341 2556 5385 not.
2596 5332 2688 5386 24.

1961 5398 2072 5470 (2|)
2108 5400 2270 5469 Atqui
2305 5400 2582 5455 Christum
2613 5402 2754 5457 inter
2794 5401 2926 5457 deos
2954 5400 3120 5456 coluit
3142 5398 3462 5454 Alexander

1889 5471 2041 5538 ipse:
2081 5484 2188 5523 non
2242 5470 2406 5540 igitur
2455 5473 2748 5526 amentiam
2787 5471 3053 5526 Paltnatio
3096 5470 3462 5540 exprobrarit,

1889 5556 1988 5593 nec
2016 5539 2086 5592 ita
2112 5539 2462 5608 couteinptim
2502 5541 2569 5596 de
2600 5541 2816 5596 Christo
2851 5543 3068 5596 locutus
3100 5539 3283 5594 fuerit.

1961 5610 2072 5678 (22)
2123 5607 2296 5663 Verba
2331 5607 2444 5664 iure
2467 5651 2480 5676 ,
2516 5612 2640 5665 licet
2690 5613 2744 5665 in
2787 5610 2846 5665 S.
2877 5611 3088 5667 Callisti
3122 5611 3298 5665 oflicio
3330 5610 3465 5664 olim

1889 5681 2137 5743 recitata,
2163 5680 2381 5750 ex_ejus
2419 5681 2566 5736 Actis
2603 5682 2743 5735 sumi
2792 5690 3048 5750 potuere;
3107 5697 3208 5736 nec
3243 5697 3307 5734 ex
3341 5683 3464 5749 ej'us

1890 5766 1984 5822 ore
2017 5749 2189 5822 magis
2229 5748 2461 5822 fortasse
2495 5748 2890 5822 processerint,
2944 5768 3108 5822 quam
3158 5767 3222 5806 ea
3251 5767 3330 5822 ex
3367 5748 3460 5806 Ore

1889 5819 2205 5887 Alexandri,
2230 5820 2295 5875 de
2324 5819 2523 5891 Quibus
2549 5821 2711 5893 paulo
2739 5832 2884 5876 ante.
