3966 6498
560 340 664 396 123

1823 335 1878 388 8.
1914 330 2249 386 CALLISTII
2281 328 2478 383 ΡΑΡᾸΞ

3713 324 3810 378 {Si

564 458 790 514 Factum
817 469 892 514 est
918 458 1127 514 verbum
1154 457 1366 511 Domini
1394 457 1461 509 ad
1488 471 1590 523 me,
1610 456 1786 509 dicens
1812 472 1829 509 :
1856 454 1985 509 Rrec
2005 454 2133 507 dicit
2166 456 2210 511 Α
2237 452 2366 521 quia
2417 449 2699 519 indignum
2741 455 2851 512 est,
2901 455 2959 500 ut
3006 446 3197 500 doctor
3272 446 3438 501 stulto
3460 444 3532 499 ἐι
3572 444 3807 503 indocto,

563 549 820 603 Dominus
843 551 1199 604 exercituum:
1220 547 1367 603 Sicut
1391 548 1638 617 cogitavi,
1658 555 1713 599 ut
1731 548 2009 617 afﬂigerem
2029 562 2136 609 vos,

561 657 683 693 cum
706 641 775 693 ad
798 642 1126 694 iracundiam
1166 647 1533 710 provocassent
1576 655 1655 692 me
1678 648 1854 706 patres
1884 637 2063 700 vestri,
2091 646 2140 689 ct

563 747 667 785 non
710 747 827 783 sum
868 732 1146 795 misertus;
1185 732 1262 784 sic
1288 745 1564 784 conversus
1611 729 1838 797 cogitavi
1878 728 1932 780 in
1959 727 2138 780 diebus

561 824 702 884 istis,
732 832 788 874 ut
819 821 1138 890 benefaciam
1159 820 1455 875 Jerusalem
1490 830 1539 874 et
1567 819 1929 873 domuiJuda.
1962 817 2141 871 Nolite

565 915 764 965 timere.
796 911 923 964 Ilmc
945 921 1065 965 sunt
1097 911 1248 965 verba
1266 928 1381 981 qua:
1410 910 1619 979 facietis
1645 926 1663 963 :
1692 908 1968 978 loquimini
1999 908 2138 960 veri-

563 1014 721 1056 tatem
739 1006 1097 1073 unusquisque
1122 1020 1241 1056 cum
1260 1004 1501 1072 proximo
1523 1016 1652 1063 suo;
1674 1001 1944 1055 veritatem
1975 1007 2021 1051 et
2049 998 2141 1065 ju-

560 1096 759 1148 dicium
783 1095 1180 1163 pacisjudicate
1212 1096 1265 1147 in
1286 1095 1452 1164 portis
1475 1093 1680 1158 vestris,
1712 1101 1761 1145 et
1788 1090 2139 1159 unusquisque

562 1186 759 1239 malum
795 1196 981 1239 contra
1007 1188 1236 1239 amicum
1266 1202 1420 1239 suum
1445 1202 1507 1239 ne
1540 1185 1777 1255 cogitetis
1811 1184 1865 1236 in
1894 1180 2137 1235 cordibus

559 1277 767 1339 vestris,
792 1285 839 1328 et
857 1275 1224 1344 juramentum
1281 1276 1507 1327 mendax
1550 1290 1611 1327 ne
1640 1274 1896 1343 diligatis.
1947 1271 2139 1324 Omnia

558 1368 700 1421 enim
730 1368 838 1419 lucc
863 1375 985 1418 sunt
1009 1382 1125 1434 qum
1155 1366 1318 1428 odivi,
1348 1366 1476 1417 dicit
1506 1364 1758 1417 Dominus
1792 1363 2135 1416 exercituum.

562 1458 632 1509 Et
682 1458 881 1525 factum
929 1468 1005 1510 est
1056 1453 1265 1509 verbum
1308 1456 1518 1509 Domini
1573 1455 1895 1508 exercituum
1926 1452 1994 1505 ad
2038 1469 2137 1511 me.

561 1550 734 1601 dicens
769 1562 785 1599 :
828 1546 955 1601 "(BC
989 1548 1120 1600 dicit
1154 1546 1410 1599 Dominus
1442 1546 1767 1599 exercituum
1803 1560 1820 1597 :
1864 1541 2137 1611 Jejunium

559 1640 759 1707 quarti,
806 1648 855 1692 et
887 1638 1151 1706 jejunium
1190 1637 1381 1707 quinti,
1420 1646 1469 1689 et
1498 1632 1768 1705 jejunium
1816 1634 2047 1702 septimi,
2091 1642 2137 1684 et

555 1730 819 1798 jejunium
859 1730 1048 1783 decimi
1091 1730 1189 1783 erit
1217 1729 1396 1781 domui
1423 1726 1569 1779 Juda
1607 1728 1661 1779 in
1695 1726 1969 1796 gaudium,
2001 1734 2050 1777 et
2086 1725 2138 1777 in

2242 553 2403 611 atque
2444 538 2946 610 reprehensibiliter
2999 538 3237 603 viventi,
3286 536 3607 605 respondeat
3657 536 3812 605 juxta

2241 632 2525 687 stultitiam
2556 645 2736 693 suam,
2765 629 2979 683 dicente
3006 626 3286 697 Scriptura
3314 645 3327 682 :
3355 626 3474 679 Non
3500 627 3814 695 respondeas

2241 723 2406 777 stulto
2424 722 2587 792 juxta
2615 720 2902 774 stultitiam
2934 736 3086 772 suam
3114 720 3177 772 ¹².
3216 716 3337 771 Non
3370 718 3503 772 bene
3531 718 3686 782 vivit,
3721 718 3815 787 qui

2242 828 2347 865 non
2392 821 2533 866 recte
2559 811 2601 842 ¹⁸
2625 810 2815 865 credit.
2850 807 2995 862 Nihil
3032 809 3160 862 mali
3190 808 3336 877 vult,
3367 809 3457 877 qui
3491 808 3663 864 ﬁdelis
3711 816 3814 862 est.

2243 902 2298 956 Si
2329 903 2451 971 quis
2479 901 2650 956 ﬁdelis
2682 909 2784 962 est,
2814 900 2991 953 videat
3028 916 3095 954 ne
3122 899 3255 955 falsa
3286 900 3669 970 loquatur,aut
3696 900 3820 953 cui—

2239 1010 2402 1063 quam
2435 992 2665 1047 insidias
2699 1000 2884 1062 ponat.
2915 992 3114 1047 Fidelis
3144 993 3310 1047 homo
3344 1007 3559 1061 semper
3584 992 3819 1046 ﬁdeliter

2242 1085 2370 1153 agit,
2422 1092 2475 1139 et
2524 1084 2755 1138 inﬁdelis
2802 1083 2996 1137 callide
3051 1084 3359 1150 insidiatur,
3408 1094 3569 1152 atque
3630 1082 3823 1139 ﬁdeles

2240 1182 2292 1226 et
2316 1173 2400 1241 pie
2431 1187 2496 1227 ac
2520 1172 2664 1241 juste
2691 1172 2929 1226 viventes
2959 1172 3183 1241 perdere
3210 1172 3419 1236 nititur,
3450 1172 3579 1241 quia
3618 1171 3822 1227 similis

2241 1262 2472 1316 similem
2505 1262 2607 1316 sibi
2645 1263 2856 1331 qumrit.
2914 1263 3151 1315 lulidelis
3177 1242 3345 1315 homo
3366 1271 3614 1315 mortuus
3647 1271 3733 1314 est
3767 1262 3819 1314 in

2240 1366 2467 1420 corpore
2501 1352 2733 1406 vivente.
2792 1353 2856 1406 Et
2884 1361 3072 1406 contra
3121 1367 3399 1407 sermones
3433 1352 3605 1405 fidelis
3642 1352 3822 1403 homi-

2242 1443 2327 1497 nis
2358 1444 2521 1497 vltam
2553 1444 2867 1497 custodiunt
2903 1443 3233 1497 auditorum.
3286 1441 3569 1495 Doctorem
3597 1443 3750 1496 enim
3780 1442 3821 1472 “

2242 1535 2591 1600 catholicum,
2623 1544 2675 1589 et
2705 1535 2975 1603 praecipue
3014 1534 3229 1587 Domini
3264 1534 3622 1598 sacerdotem,
3676 1534 3820 1587 sicut

2244 1626 2392 1679 nullo
2435 1640 2620 1680 errore
2668 1626 2971 1694 implicari,
3024 1626 3098 1679 ita
3149 1626 3294 1678 nulla
3342 1634 3554 1694 oportet
3605 1625 3813 1678 machi-

2244 1714 2464 1767 natione
2493 1722 2587 1768 aut
2613 1715 2907 1783 cupiditate
2940 1716 3151 1769 violari.
3190 1716 3405 1769 Dicente
3435 1718 3632 1785 quippe
3669 1716 3821 1771 Scri-

566 1822 836 1883 tmtitiam,
894 1828 942 1872 et
1001 1821 1053 1872 in
1102 1819 1454 1872 solemnitates
1509 1818 1832 1887 prceclaras;
1874 1818 2136 1869 veritatem

2245 1814 2399 1873 plura
2448 1812 2635 1859 sancta
2677 1824 2691 1858 :
2728 1804 2860 1858 Post
2901 1808 3348 1875 concupiscentias
3398 1818 3513 1860 tuas
3555 1824 3659 1859 non
3707 1824 3821 1869 eas,

563 1924 769 1965 tantum
800 1922 848 1965 et
874 1928 1050 1981 pacem
1070 1911 1294 1980 diligite,
1318 1910 1447 1962 dicit
1468 1909 1719 1962 Dominus
1751 1906 2137 1961 exercituum‘.

564 2009 620 2057 lu
654 2006 756 2058 hoc
785 2018 915 2072 ergo
956 2018 1148 2056 onmes
1199 2018 1297 2056 nos
1339 2003 1358 2033 ⁵
1404 2001 1692 2055 unanimes
1738 2007 1950 2067 oportet
1998 2013 2139 2063 esse,

563 2106 623 2148 ut
660 2095 959 2148 secundum
1006 2093 1361 2162 apostolicam
1394 2091 1721 2154 doctrinam,
1744 2090 1972 2159 idipsum
1997 2089 2142 2142 dica-

561 2203 675 2238 mus
717 2202 924 2247 omnes,
961 2194 1009 2237 et
1053 2200 1151 2237 non
1199 2186 1306 2238 sint
1341 2186 1395 2237 in
1427 2185 1575 2237 nobis
1617 2183 1925 2237 schismata.
1962 2180 2139 2234 Simus

559 2284 736 2327 autem
777 2274 991 2343 perfecti
1039 2273 1091 2326 in
1117 2274 1295 2327 eodem
1340 2290 1515 2335 sensu,
1541 2284 1589 2327 et
1630 2274 1681 2325 in
1723 2274 1903 2325 cadent
1937 2281 2141 2325 sentcn-

560 2366 635 2417 tia
659 2365 701 2431 ⁸,
729 2365 781 2418 in
811 2365 969 2434 cujus
998 2365 1179 2433 operis
1204 2364 1493 2418 devotione
1520 2365 1859 2432 gratulamur
1890 2362 2135 2417 dilectio-

559 2472 682 2510 nem
718 2465 865 2509 tuam
893 2471 1015 2510 esse
1049 2463 1378 2510 consortem.
1407 2454 1525 2509 Non
1556 2456 1709 2509 decet
1733 2456 1875 2509 enim
1911 2468 1941 2508 a
1965 2455 2140 2523 capite

559 2546 805 2599 membra
857 2545 1125 2600 dissidere
1150 2546 1191 2609 ⁷,
1247 2546 1373 2608 sed,
1425 2546 1578 2615 juxta
1629 2561 1798 2599 sacra:
1845 2544 2139 2613 Scriptura:

558 2635 955 2697 testimonium,
983 2636 1162 2686 omnia
1184 2639 1416 2688 membra
1440 2644 1595 2703 caput
1621 2645 1911 2704 sequantur
1927 2636 1967 2687 ⁸.
1993 2634 2137 2687 Nulli

557 2742 690 2780 vero
736 2727 961 2780 dubium
1014 2736 1097 2781 est
1147 2727 1260 2797 (58)
1290 2770 1303 2792 ,
1354 2728 1497 2797 quod
1548 2728 1846 2797 apostolica
1898 2728 2138 2782 Ecclesia

557 2825 735 2871 mater
764 2818 834 2872 sit
862 2817 1107 2870 omnium
1154 2817 1542 2885 Ecclesiarum,
1579 2835 1607 2872 a
1635 2819 1791 2886 cujus
1815 2836 1909 2873 vos
1938 2819 2139 2888 regulis

558 2908 870 2962 nullatenus
925 2911 1181 2964 convenit
1238 2909 1475 2963 deviare.
1528 2908 1592 2963 Et
1643 2910 1786 2964 sicut
1831 2909 1922 2963 Dei
1969 2909 2139 2965 Filius

560 3000 714 3052 venit
750 2998 931 3054 facere
965 3001 1296 3053 voluntatem
1332 2990 1508 3053 Patris
1535 3000 1577 3061 θ,
1617 3001 1696 3053 sic
1733 3008 1788 3053 et
1817 3015 1914 3053 vos
1942 3000 2137 3053 volun-

558 3100 721 3144 tatem
756 3102 945 3147 vestrae
981 3093 1250 3161 impleatis
1299 3094 1488 3146 matris
1519 3093 1582 3158 ιο,
1617 3108 1737 3161 qua:
1766 3101 1847 3146 est
1876 3092 2134 3156 Ecclesia,

2243 1901 2291 1945 et
2337 1910 2367 1945 a
2398 1894 2664 1947 voluntate
2695 1905 2786 1947 tua
2820 1906 3049 1947 avertere
3090 1896 3133 1927 "‘
3162 1910 3174 1947 :
3212 1897 3398 1949 multis
3433 1897 3594 1965 hujus
3627 1897 3822 1951 mundi

2243 1984 2541 2047 illecebris,
2587 1985 2772 2039 multis
2818 1987 3151 2041 vanitatibus
3198 1989 3559 2041 resistendum
3611 1997 3723 2052 est,
3766 2000 3823 2043 ut

2240 2089 2381 2127 verse
2405 2074 2749 2127 continentia:
2778 2074 3088 2128 obtineatur
3116 2075 3415 2143 integritas.
3441 2074 3610 2143 Cujus
3642 2077 3823 2145 prima

2240 2171 2323 2216 est
2364 2162 2513 2217 labes
2547 2163 2820 2231 superbia,
2854 2163 3069 2215 initium
3107 2164 3553 2231 transgressionis
3581 2172 3633 2215 et
3668 2163 3825 2231 origo

2242 2254 2479 2321 peccati:
2507 2253 2763 2321 quoniam
2799 2266 2953 2305 mens
2982 2259 3173 2320 sponte
3199 2251 3375 2313 avida,
3410 2266 3507 2303 nec
3542 2250 3825 2303 abstinere

2242 2345 2410 2406 novit,
2448 2361 2545 2399 nee.
2570 2344 2753 2413 pietati
2784 2343 3043 2398 adhibere
3071 2358 3393 2397 consensus.
3426 2341 3616 2396 Nullus
3647 2343 3824 2396 bono-

2240 2452 2362 2489 rum
2395 2436 2439 2466 ¹⁶
2471 2437 2750 2491 inimicum
2799 2438 2979 2502 habet,
3015 2437 3119 2491 nisi
3160 2436 3385 2502 malum,
3416 2436 3507 2505 qui
3544 2435 3668 2489 ideo
3700 2449 3825 2489 esse

2240 2528 2588 2596 permittitur,
2622 2538 2679 2583 ut
2709 2539 2801 2584 aut
2828 2530 3152 2599 corrigatur,
3185 2537 3279 2581 aut
3306 2542 3398 2595 per
3436 2527 3609 2595 ipsum
3637 2525 3824 2579 bonus

2240 2628 2576 2673 exerceatur.
2632 2619 2904 2689 Quidquid
2945 2634 3074 2690 ergo
3107 2620 3147 2649 "
3179 2615 3656 2686 irreprehensibile
3713 2626 3820 2675 est.

2241 2710 2503 2763 catholica
2541 2709 2780 2764 defendit
2812 2709 3073 2764 Ecclesia.
3126 2706 3270 2761 Nulli
3311 2705 3621 2774 imperatori
3650 2706 3702 2737 ¹⁸
3740 2706 3821 2759 vel

2241 2801 2477 2870 cuipiam
2513 2802 2766 2870 pietatem
2821 2800 3170 2862 custodienti,
3220 2799 3348 2853 licet
3384 2797 3584 2867 aliquid
3620 2806 3821 2851 contra

2242 2894 2495 2948 mandata
2554 2894 2735 2947 divina
2783 2906 3126 2962 prtesumere.
3183 2890 3448 2959 Injustum
3494 2904 3623 2957 ergo
3662 2889 3823 2957 judi-

2239 2986 2384 3038 cium
2419 2993 2473 3039 et
2500 2984 2748 3038 diliinitio
2774 2984 2997 3051 iujusta,
3034 2983 3182 3051 regio
3207 2991 3351 3035 metu
3382 2990 3474 3035 aut
3500 2981 3685 3050 jussu,
3722 2994 3821 3037 aut

2240 3076 2616 3144 cujuscunque
2657 3076 2895 3144 episc0pi
2926 3084 3019 3127 aut
3050 3075 3304 3143 potentis,
3352 3090 3380 3127 a
3406 3074 3685 3142 judicibus
3724 3088 3821 3127 or-

557 3182 716 3250 cuius
764 3193 948 3252 caput.
1000 3152 1075 3236 ιη’
1102 3183 1423 3252 ρτωάίειιηη
1474 3152 1579 3247 est;
1630 3152 1874 3237 ίιοιηθηε
1925 3152 2135 3239 exsism
2166 3152 2206 3208 C
2239 3166 2422 3218 diuata
2446 3166 2530 3218 vel
2560 3176 2703 3228 acta,
2732 3182 2838 3219 non
2867 3165 3058 3218 valeat.
3094 3164 3308 3219 Homini
3341 3166 3594 3233 religioso
3621 3180 3825 3233 parum

557 3272 821 3328 Ecclesia.
864 3275 1137 3344 Quidquid
1179 3291 1311 3345 ergo
1339 3276 1379 3305 ¹¹
1407 3277 1525 3329 sine
1556 3276 1885 3330 discretione
1910 3276 2138 3344 justitiaz

557 3374 751 3420 contra
785 3367 947 3435 hujus
978 3368 1322 3438 disciplinam
1375 3380 1555 3424 actum
1596 3369 1788 3435 fuerit,
1820 3381 1998 3427 ratum
2036 3372 2135 3424 ha-

557 3456 671 3509 beri
704 3460 845 3511 ratio
880 3459 1026 3512 nulla
1056 3461 1340 3529 permittit.

1327 3574 1392 3627 11.

912 3684 989 3738 De
1022 3686 1486 3739 criminationibus
1512 3688 1811 3741 doctorum.

627 3796 1048 3853 Criminationes
1074 3813 1203 3853 vero
1238 3806 1426 3853 contra
1458 3796 1735 3853 doctorem
1772 3814 1934 3854 nemo
1964 3802 2139 3856 susci-

558 3888 691 3959 piat,
726 3886 853 3957 quia
897 3903 1004 3941 non
1040 3894 1255 3957 oportet
1293 3887 1435 3942 ﬁlios
1486 3888 1881 3956 reprehendere
1932 3903 2135 3959 patres,

559 3992 660 4033 nec
687 3993 875 4033 servos
905 3978 1158 4034 dominos
1181 3978 1440 4033 lacerare.
1478 3976 1602 4031 Filii
1631 3992 1763 4047 ergo
1790 3990 1917 4034 sunt
1943 3980 2133 4034 docto-

560 4084 704 4135 rum,
750 4080 942 4123 omnes
985 4083 1122 4138 quos
1170 4068 1471 4123 instruunt.
1524 4066 1591 4122 Et
1632 4069 1775 4123 sicut
1814 4069 1909 4123 ﬁlii
1955 4079 2138 4140 patres

558 4160 827 4223 carnales,
857 4159 937 4214 sic
966 4169 1019 4213 et
1049 4160 1103 4212 hi
1130 4169 1310 4228 patres
1331 4158 1530 4213 debent
1550 4158 1776 4229 diligere
1801 4160 2133 4230 spirituales.

558 4250 678 4305 Non
724 4253 871 4307 enim
920 4251 1057 4305 bene
1100 4250 1254 4317 vivit,
1305 4252 1401 4320 qui
1453 4268 1563 4306 non
1616 4262 1761 4307 recte
1805 4254 1999 4318 credit,
2044 4263 2139 4308 aut

560 4351 742 4412 patres
803 4342 1170 4412 reprehendit,
1228 4343 1312 4397 vel
1368 4343 1603 4397 detrahit
1660 4360 1813 4398 suos.
1878 4343 2138 4399 Doctores

557 4451 710 4506 ergo,
743 4435 836 4505 qui
867 4444 920 4489 et
961 4443 1141 4503 patres
1169 4444 1453 4497 vocantur,
1489 4434 1663 4504 magis
1687 4435 1935 4504 portandi
1968 4450 2130 4504 quam

560 4527 990 4596 reprehendendi
1026 4535 1183 4589 sunt,
1226 4526 1329 4579 nisi
1369 4526 1423 4579 iu
1463 4536 1609 4580 recta
1656 4526 1760 4581 ﬁde
1803 4528 2129 4580 erraverint.

558 4616 750 4671 Nullus
776 4634 903 4688 ergo
926 4618 1205 4671 doctorem
1250 4634 1338 4685 per
1383 4617 1586 4686 scripta
1618 4627 1857 4681 accuset,
1897 4633 1997 4672 nec
2032 4617 2135 4672 nisi

558 4710 702 4765 ﬁdeli
726 4719 780 4763 et
808 4710 1070 4778 legitimo,
1096 4711 1188 4779 qui
1221 4712 1382 4765 etiam
1416 4711 1943 4779 irreprehensibilem
1967 4711 2133 4765 vitam

556 4818 623 4857 ac
651 4802 1120 4856 conversationem
1175 4802 1360 4866 ducat,
1414 4802 1718 4856 accusatori
1774 4802 2133 4871 respondeat:

626 4948 648 4978 ⁸
671 4947 836 5003 Zach.
860 4964 980 5015 vm,
1004 4947 1152 5003 1-19.

553 5019 577 5049 ’
600 5017 754 5071 Joau.
780 5034 855 5082 γι,
885 5018 975 5073 38.

558 5090 600 5119 "
627 5087 784 5141 Prov.
816 5106 964 5152 XXVI,
994 5088 1048 5143 4.

557 5168 699 5229 sent.
730 5158 857 5221 202,
891 5175 956 5213 ex
985 5158 1123 5229 Aug.
1164 5160 1215 5211 iu
1260 5175 1341 5227 ps.
1378 5174 1485 5229 Liv.

1225 4949 1245 4979 ⁵
1273 4947 1329 5001 S.
1353 4946 1462 5001 Leo
1490 4962 1577 5015 ep.
1595 4949 1664 5002 53
1686 4958 1737 5001 et
1760 4948 1848 5001 84.

557 5295 708 5350 xcut.
786 5299 829 5328 ²¹
861 5298 1127 5363 8.ῒΑηιι›ι·.
1162 5298 1371 5366 ep.|21.
1449 5300 1493 5330 ¹²
1519 5296 1575 5351 8.
1602 5295 1711 5351 Leo
1738 5312 1822 5365 ep.
1853 5297 1942 5350 52.

555 5366 815 5422 detractis
859 5368 1129 5422 additisve
1154 5368 1482 5436 quibusdam
1529 5368 1878 5437 interpolata.

626 5478 743 5545 (38)
800 5479 953 5533 Nulli
1000 5498 1115 5535 vero
1163 5481 1401 5535 dubium.
1474 5482 1773 5537 Romanam
1832 5481 2128 5537 Ecclesium

557 5557 786 5602 matrem
834 5560 886 5603 et
917 5561 1081 5619 caput
1122 5566 1245 5606 esse
1282 5554 1525 5606 omnium
1587 5555 1818 5607 aliarum
1862 5552 2132 5606 Ecclesia—

557 5633 702 5691 rum,
734 5618 956 5691 evidens
984 5618 1365 5675 testimonium
1405 5632 1590 5677 notatu
1628 5624 2009 5691 dignissimum
2046 5622 2133 5677 hic

557 5687 831 5764 traditur:
865 5690 1020 5764 plura
1070 5692 1381 5764 testimonia
1416 5694 1533 5749 vide
1574 5687 1714 5764 apud
1751 5693 2007 5747 Bellarm.
2057 5692 2132 5746 De

555 5756 709 5811 llam.
744 5767 888 5828 pout.
920 5758 1046 5814 Ssv.
1082 5760 1283 5816 BINIUS.

1925 4950 1944 4979 ϐ

1096 4947 1152 5003 9.
1225 4949 1245 4979 ⁵
1273 4947 1329 5001 8.
1353 4947 1462 5001 Leo
1490 4962 1577 5015 ep.
1595 4949 1664 5002 53
1686 4958 1737 5001 et
1760 4948 1848 5001 84.
1925 4947 1983 4999 ϐ1
2014 4948 2159 5001 Petr.
2188 4965 2269 5002 Ill.
2352 4947 2603 5003 "’distin.
2631 4947 2733 4999 12:
2765 4947 2880 4999 Non
2916 4947 2975 4999 de

1088 5018 1129 5049 ¹⁰
1157 5018 1296 5071 idem
1332 5018 1561 5071 habetur
1592 5017 1731 5071 infra
1762 5019 1812 5070 in
1844 5017 1990 5071 decr.
2018 5019 2053 5070 2
2085 5018 2343 5086 Stephani
2396 5016 2412 5069 1
2464 5028 2515 5069 et
2546 5017 2679 5069 Sixti
2714 5032 2863 5083 papa)
2892 5014 2975 5086 Ill.

1130 5089 1171 5121 ’³
1198 5088 1334 5142 Sixti
1384 5090 1661 5141 Sententia:
1707 5088 1759 5151 li,
1797 5086 1915 5150 167,
1948 5088 2071 5151 189,
2105 5088 2231 5142 205.

1567 5158 1605 5187 ⁸⁷
1632 5173 1829 5211 canon.
1862 5158 1894 5210 9
1924 5154 2079 5212 conc.
2106 5157 2327 5211 Nicarni.

555 5228 610 5288 3,
638 5226 902 5297 lnjustum
922 5222 1324 5295 judicium,et'c.'
1344 5230 1384 5260 ¹⁹
1410 5226 1465 5280 8.
1492 5226 1744 5296 Prosperi
1778 5236 1917 5281 sent.
1947 5228 2067 5290 179,
2098 5246 2160 5280 ex
2198 5227 2409 5295 S.Aug.
2429 5242 2483 5279 ix
2502 5222 2812 5278 Coul'ess.c.
2843 5225 2894 5277 9.
2976 5228 3017 5255 ²⁰
3040 5222 3280 5292 ejusdem
3312 5239 3377 5276 ex
3404 5222 3607 5277 eadem
3635 5224 3691 5275 in

557 5312 708 5350 xcut.
786 5299 829 5328 “
861 5298 1127 5351 SJAmbr.
1162 5298 1371 5351 conﬂi.
1449 5300 1493 5330 ¹²
1519 5296 1575 5351 8.
1602 5295 1711 5351 Leo
1738 5312 1822 5351 en.
1853 5297 1942 5350 δὲ.
2019 5299 2063 5330 ³³
2090 5298 2144 5351 8.
2176 5296 2283 5351 Leo
2314 5313 2399 5351 eo.
2444 5297 2532 5351 51.
2589 5298 2747 5351 cuius
2784 5294 2942 5348 verba
2986 5305 3042 5347 ut
3071 5294 3486 5351 prtecedentium
3517 5302 3714 5347 auctor

2132 5338 2144 5349 .
2176 5310 2283 5354 L60
2314 5313 2399 5365 Cp.
2444 5310 2532 5359 δι,
2589 5310 2747 5363 (2111118
2784 5310 2942 5348 νει-νει
2986 5310 3042 5347 ιιι
3070 5310 3486 5362 prteceuenuum
3517 5310 3819 5347 aucwrum

2239 3272 2358 3311 esse
2384 3257 2544 3311 debet
2574 3258 2616 3288 ¹⁹
2648 3256 2963 3310 inimicitias
2994 3256 3226 3309 aliorum
3276 3272 3382 3309 non
3420 3270 3701 3318 exercere,
3740 3258 3827 3310 vel

2238 3361 2437 3415 augere
2473 3345 2613 3400 male
2653 3345 2948 3415 loquendo,
2980 3345 3085 3399 nisi
3130 3348 3292 3399 etiam
3334 3361 3427 3401 eas
3467 3346 3826 3415 exstinguere

2238 3437 2373 3491 bene
2392 3435 2664 3506 loquendo
2689 3435 2977 3492 studuerit.
3004 3436 3192 3490 Melior
3220 3445 3301 3491 est
3324 3438 3369 3467 ²⁰
3392 3437 3446 3491 in
3471 3436 3631 3490 malis
3656 3436 3826 3492 factis

2242 3523 2795 3589 humiliseonl‘cssio,
2820 3541 2984 3595 quam
3011 3525 3063 3578 in
3096 3525 3251 3579 bonis
3279 3525 3509 3594 superba
3541 3525 3827 3595 gloriatio.

2237 3614 2440 3670 Omnes
2481 3630 2609 3670 vero
2658 3616 2753 3685 qui
2804 3626 2990 3670 amant
3016 3617 3059 3647 ¹¹
3093 3616 3259 3670 vitam
3312 3616 3549 3681 beatam,
3603 3619 3821 3672 malum

2237 3722 2356 3760 eam
2398 3707 2809 3777 tranquillitatis
2858 3723 2971 3761 suae
3008 3717 3061 3761 ct
3100 3707 3323 3776 justitiae
3368 3716 3511 3763 statu
3565 3724 3821 3775 currere,

2237 3814 2400 3867 quam
2447 3808 2759 3852 nostrorum
2804 3809 3156 3868 peccatorum
3191 3799 3370 3868 pinnis
3411 3800 3700 3856 ultricibus
3734 3803 3823 3857 in-

2240 3888 2517 3955 terpolari.
2565 3885 2772 3942 Memor
2808 3889 2953 3942 enim
3004 3904 3123 3942 sum
3155 3891 3224 3953 ²²,
3269 3904 3357 3943 me
3399 3889 3501 3944 sub
3530 3890 3680 3945 illius
3718 3906 3831 3947 no—

2241 3978 2386 4031 mine
2416 3979 2673 4033 Ecclesiae
2723 3979 3010 4047 prasidere
3035 3978 3168 4048 (39),
3202 3980 3359 4047 cujus
3396 3995 3425 4033 a
3454 3978 3689 4033 Domino
3721 3995 3826 4035 no-

2237 4079 2354 4123 stro
2376 4067 2503 4123 Jesu
2536 4069 2755 4125 Christo
2790 4079 2874 4124 est
2910 4070 3206 4141 gloriﬁcata
3251 4069 3544 4136 confessio,
3573 4080 3628 4124 et
3657 4072 3824 4141 cujus

2239 4161 2372 4215 ﬁdes
2420 4174 2614 4216 omnes
2658 4176 2872 4231 semper
2909 4162 3145 4217 destruit
3190 4176 3426 4217 errores.
3475 4159 3543 4214 Et
3572 4162 3831 4234 intelligo

2238 4250 2396 4304 aliter
2445 4251 2582 4305 mihi
2637 4266 2748 4305 non
2801 4251 2988 4318 licere,
3032 4266 3197 4322 quam
3249 4261 3311 4305 ut
3351 4265 3542 4306 omnes
3580 4264 3827 4308 conatus

2240 4356 2392 4397 meos
2436 4344 2485 4397 ei
2522 4359 2737 4410 causae,
2778 4343 2832 4397 in
2866 4359 2975 4413 qua
3010 4342 3337 4397 universalis
3369 4342 3629 4397 Ecclesia:
3665 4344 3823 4399 salus

2240 4433 2549 4501 infestatur,
2600 4433 2933 4502 impendam.
2988 4433 3158 4503 Spero
3196 4445 3376 4487 autem
3428 4433 3747 4489 adfuturam
3776 4436 3823 4469 ⁸³

2239 4524 2666 4580 misericordiam
2694 4525 2974 4593 [Μεμψιοά
3000 4535 3329 4593 cooperante
3352 4524 3471 4594 ejus
3496 4526 3822 4589 clementia,

2239 4617 2417 4671 omnis
2461 4616 2682 4685 pestifer
2734 4616 2989 4679 morbus,
3034 4615 3152 4683 ipso
3194 4615 3442 4684 pellente,
3493 4614 3820 4671 auferatur.

2239 4719 2291 4764 et
2314 4708 2577 4779 quidquid
2613 4708 2731 4775 ipso
2771 4708 3067 4775 inspirante
3098 4717 3260 4775 atque
3287 4707 3586 4761 auxiliante
3611 4710 3827 4778 poterit

2241 4800 2531 4856 salubriter
2576 4799 2715 4865 ﬁeri,
2759 4813 2885 4855 cum
2923 4809 3029 4852 tua:
3055 4797 3177 4852 ﬁdei
3207 4808 3262 4853 et
3299 4799 3604 4854 devotionis
3651 4800 3825 4857 laudo

2352 4946 2603 5003 "’distin.
2631 4946 2733 4999 12:
2765 4944 2880 4999 Non
2916 4945 3069 4999 decet
3102 4960 3131 4998 a
3159 4945 3353 5013 capite.
3462 4945 3483 4975 ⁸
3514 4944 3686 5000 lCor.
3712 4963 3820 5000 xu.

3081 5017 3117 5045 “
3150 5017 3373 5068 Adrian.
3401 5016 3528 5069 coll.
3568 5016 3600 5067 5
3638 5027 3692 5069 et
3721 5018 3820 5071 67.

2311 5088 2354 5118 ”
2380 5086 2435 5141 8.
2466 5087 2574 5139 Leo
2608 5104 2692 5154 ep.
2728 5087 2815 5138 35.
2895 5086 2934 5114 ¹⁸
2964 5084 3114 5154 Eccl.
3139 5100 3291 5146 xvtu,
3318 5086 3406 5140 50.
3488 5085 3528 5115 ¹⁶
3554 5084 3822 5153 Prosperi

2426 5158 2471 5187 ¹⁸
2499 5152 2652 5210 conc;
2676 5156 2831 5207 llum.
2864 5170 2935 5220 vt,
2968 5158 3069 5207 sub
3094 5152 3421 5223 Symmacho
3453 5170 3613 5225 papa,
3640 5152 3726 5220 lli,
3757 5174 3820 5224 ιι.

2429 5222 2812 5279 thuul'ess.c.
2843 5225 2894 5277 9.
2976 5228 3017 5255 ²⁰
3040 5224 3280 5292 ejusdem
3312 5239 3377 5276 ex
3404 5224 3591 5277 eodem
3635 5224 3691 5275 in
3726 5241 3819 5293 ps.

2311 5480 2423 5550 (59)
2453 5481 2654 5534 Memor
2673 5478 2813 5550 enim
2834 5494 2971 5540 sum,
2997 5494 3077 5529 me
3104 5477 3206 5550 sub
3225 5476 3377 5550 illius
3403 5476 3608 5527 nomine
3634 5474 3823 5528 Eccle-

2238 5546 2333 5605 εἰῶ
2372 5550 2671 5618 prcesidere.
2705 5548 3009 5601 Romanum
3060 5546 3368 5618 pontiﬁcem
3429 5560 3817 5618 successorem

2238 5615 2381 5675 Petri
2435 5635 2585 5679 esse,
2637 5618 2723 5671 hic
2776 5615 3077 5672 iudicaturi
3124 5615 3285 5669 Plura
3343 5615 3651 5669 testimonia
3683 5616 3817 5669 vide

2240 5691 2378 5758 apud
2411 5688 2718 5741 Bellarmin.
2768 5687 2839 5739 De
2880 5686 3104 5758 Roman.
3149 5697 3291 5753 ροηι.
3344 5686 3438 5740 lib.
3470 5700 3527 5751 ll,
3563 5700 3684 5755 cap.
3723 5687 3819 5750 li,

2240 5757 2290 5815 et
2326 5760 2507 5813 multis
2538 5758 2657 5811 aliis
2685 5758 3052 5827 sequentibus.
3095 5757 3167 5810 lu.
