3966 6512
182 387 270 442 ΙΞ5
1635 383 2011 439 EPISTOLAZ.

3292 389 3392 447 {9.6

174 512 445 575 peragatur.
479 500 745 567 Quoniam
779 517 865 558 res
896 519 1085 559 omnes
1114 504 1269 559 aliter
1300 512 1424 557 tutae
1454 517 1572 558 esse
1606 518 1713 557 non
1745 510 1787 565 Α
1821 498 2122 570 recipiendi
2154 497 2220 565 ³¹,
2272 513 2372 553 nec
2412 499 2616 554 'eorum
2671 500 2755 554 vel
2806 502 3391 561 anathematizatorum

174 604 390 668 possunt,
436 594 562 654 nisi,
603 609 724 663 quae
772 594 838 648 ad
881 595 1052 649 divini
1102 595 1345 651 muneris
1385 595 1704 649 famulatum

175 686 450 755 pertinent,
500 682 853 738 sacerdotalis
906 683 1158 738 defendat
1204 684 1526 738 auctoritas.
1580 681 1709 736 Data

176 774 425 830 undecimo
462 771 729 827 Kalendas
778 772 1123 835 Decembris,
1176 773 1453 827 Antonino
1497 780 1551 827 et
1586 772 1711 825 Ale—

175 866 351 920 xandro
380 864 509 918 viris
542 864 863 919 clarissimis
892 865 1210 919 consulibus
1232 864 1298 919 ³⁸.

695 996 1036 1051 EPISTOLA
1074 996 1140 1050 Il.

443 1107 510 1142 Αἰ)
552 1104 723 1143 ΟΜΝΕΒ
763 1104 1067 1144 ολιιιληυὶι
1108 1104 1407 1144 EPISCOPOS.

173 1201 235 1255 De
273 1198 736 1267 conspirationibus
786 1208 835 1250 et
879 1198 1092 1266 reliquis
1148 1199 1360 1251 illicitis
1409 1201 1603 1265 causis,
1648 1216 1710 1253 ne

225 1272 360 1338 ﬁant,
391 1279 438 1321 et
460 1270 525 1321 de
562 1269 892 1333 reparatione
920 1268 1056 1335 lapsi
1095 1282 1209 1337 post
1244 1270 1633 1337 paenitentiam.

231 1360 586 1415 D'lectissimis
615 1358 876 1412 fratribus
904 1374 997 1426 per
1014 1357 1217 1413 Gallias
1240 1360 1571 1425 constitutis,
1593 1360 1716 1414 uni-

173 1451 316 1505 versis
352 1448 640 1517 episcopis,
674 1446 1000 1501 CALLISTUS.

244 1538 596 1592 Plurimorum
652 1537 820 1590 relatu
872 1537 1241 1604 comperimus
1280 1538 1325 1569 "
1374 1535 1714 1592 dilectionem

170 1640 369 1683 \t‘Sll‘am
413 1628 629 1682 fervore
656 1626 893 1697 Spiritus
922 1628 1094 1681 sancti
1132 1626 1205 1680 ita
1238 1625 1492 1683 Ecclesia:
1515 1627 1711 1697 guber-

172 1721 330 1774 uacula
362 1719 590 1772 tirmiter
615 1726 805 1773 contra
841 1718 1075 1786 impetus
1112 1727 1295 1773 tenere
1323 1726 1377 1771 et
1410 1734 1617 1788 regere,
1648 1727 1708 1773 ut

172 1812 413 1882 naufragia
432 1821 527 1865 aut
553 1809 961 1879 naufragiorum
980 1810 1325 1876 detrimenta,
1347 1810 1456 1866 Deo
1473 1821 1693 1865 auctore

172 1922 255 1957 non
303 1904 515 1958 sentiat.
595 1901 820 1956 Talibus
887 1902 1053 1972 igitur
1118 1902 1415 1971 gloriantes
1474 1902 1709 1966 indiciis,

172 2011 438 2065 rogamus,
521 2008 596 2047 ne
656 1993 709 2047 in
778 1993 885 2047 illis
942 1993 1192 2062 partibus
1258 2002 1447 2048 contra
1513 2003 1713 2049 statuta

170 2085 432 2153 apostolica
485 2083 789 2152 quidquam
840 2081 955 2136 fieri
993 2081 1207 2145 sinatis,
1242 2082 1336 2136 sed
1371 2089 1560 2136 nostra
1596 2080 1713 2135 fulti

172 2175 472 2241 auctoritate,
502 2175 698 2229 nociva
730 2172 1278 2243 compescite,illicita
1305 2172 1606 2243 prohibete.

908 2309 951 2362 l.

172 2400 231 2454 De
260 2402 318 2455 iis
350 2403 437 2472 qui
476 2401 788 2470 conspirant
828 2401 1078 2481 adversus
1104 2399 1391 2469 episcopos,
1418 2397 1496 2452 vel
1518 2399 1607 2469 qui
1638 2398 1715 2453 eis

775 2479 1125 2524 consentiunt.

222 2564 689 2633 Conspirationum
722 2576 853 2617 vero
884 2562 1116 2617 crimina
1146 2561 1342 2617 vestris
1375 2562 1428 2615 in
1464 2562 1713 2631 partibus

173 2656 320 2722 vigere
353 2656 671 2709 audivimus
690 2695 706 2720 ,
738 2665 792 2707 et
822 2653 1007 2723 plebes
1039 2662 1232 2708 contra
1263 2653 1552 2722 episcopos
1582 2668 1715 2707 suos

173 2748 448 2815 conspirare
502 2747 670 2801 nobis
718 2744 1131 2799 manifestatum
1169 2747 1213 2777 "
1246 2755 1347 2799 est.
1389 2744 1562 2811 Cujus
1602 2744 1711 2798 cri-

175 2838 304 2891 minis
327 2838 523 2893 astutia
558 2853 665 2892 non
697 2839 874 2891 solum
910 2838 1051 2892 inter
1106 2837 1452 2891 Christianos
1506 2836 1718 2889 abomi-

176 2928 337 2981 izabilis
364 2939 483 2983 est:
518 2928 617 2982 sed
649 2927 812 2981 etiam
847 2928 990 2982 inter
1015 2928 1296 2992 ethnicos,
1324 2936 1378 2980 et
1410 2927 1480 2980 ah
1511 2926 1716 2981 exteris

174 3018 351 3088 legibus
396 3018 695 3087 prohibita.
753 3017 820 3072 Et
857 3018 1064 3073 idcirco
1101 3018 1265 3087 hujus
1305 3018 1556 3072 criminis
1596 3032 1718 3071 reos

177 3123 263 3162 non
300 3110 467 3165 solum
508 3110 938 3176 ecclesiasticae,
981 3109 1076 3164 sed
1113 3110 1277 3163 etiam
1322 3110 1517 3163 smculi
1566 3108 1718 3162 dam»

1699 1853 1714 1877 ’
1747 1852 1789 1906 Β

1810 606 1948 657 vox,
1987 591 2157 646 ullum
2193 605 2392 646 nocere
2428 590 2520 646 vel
2549 604 2811 647 accusare
2840 601 3039 660 potest.

2580 703 2645 757 ΙΙ.

1814 802 1892 857 De
1931 802 1998 856 iis
2036 804 2125 872 qui
2163 800 2635 922 excommunizafiz
2695 803 3123 867 communicant,
3168 805 3245 858 uel
3279 805 3375 875 inﬁ

2534 888 2559 922 ε
2587 888 2599 921 ι
2641 886 2721 922 ns.

2534 886 2721 924 errans.

1888 961 2408 1016 Excommunicatos
2444 977 2661 1031 quoque
2697 977 2725 1015 a
2761 963 3137 1019 sacerdotibus
3173 967 3240 1033 ³³,
3269 968 3393 1021 nul-

1812 1054 1903 1109 lus
1933 1054 2163 1123 recipiat
2191 1061 2318 1108 ante
2348 1054 2635 1123 utriusque
2665 1054 2835 1123 partis
2861 1055 3066 1124 justam
3100 1057 3387 1113 examina-

1817 1148 2016 1201 tionem
2046 1162 2147 1201 nec
2174 1161 2297 1199 cum
2325 1145 2407 1199 eis
2435 1144 2487 1197 in
2514 1144 2787 1212 oratione,
2817 1155 2908 1201 aut
2938 1147 3080 1210 cibo,
3110 1156 3204 1203 aut
3233 1159 3397 1219 potu,

1816 1247 1911 1292 aut
1951 1236 2141 1291 osculo
2180 1235 2588 1299 communicet,
2632 1252 2734 1291 nec
2775 1252 2874 1291 ave
2912 1238 2992 1292 eis
3030 1238 3175 1293 dicat
3216 1258 3229 1293 :
3266 1242 3396 1310 quia

1814 1329 2137 1399 quicunque
2172 1328 2227 1381 in
2269 1326 2356 1380 his
2388 1327 2471 1380 vel
2509 1325 2632 1381 aliis
2671 1328 2996 1396 prohibitis,
3029 1330 3264 1385 scienter
3300 1348 3397 1386 ex-

1815 1419 2240 1474 communicatis
2274 1417 2800 1483 communicaverit,
2828 1420 2986 1489 juxta
3019 1423 3395 1489 apostolorum

1817 1511 2218 1565 institutionem
2250 1508 2394 1578 (40),
2426 1520 2479 1564 et
2500 1510 2615 1578 ipse
2640 1509 2804 1564 simili
2831 1512 3399 1568 cxcommunicatione

1820 1602 2128 1673 subjacebit
2153 1603 2216 1656 ³⁸.
2250 1603 2332 1657 Ab
2365 1603 2451 1657 his
2481 1619 2611 1674 ergo
2648 1603 2830 1657 clerici
2868 1613 2920 1657 et
2960 1603 3083 1658 laici
3126 1619 3183 1659 se
3222 1603 3397 1658 absti-

1816 1703 2021 1760 neant,
2064 1694 2156 1764 qui
2196 1694 2385 1748 eadem
2427 1695 2541 1765 pati
2573 1695 2869 1749 noluerint.
2904 1694 3223 1751 lnlidelibus
3257 1712 3398 1765 quo-

1818 1802 1925 1855 que
1958 1786 2129 1840 nolite
2161 1785 2456 1856 conjungi,
2494 1801 2594 1841 nec
2627 1802 2751 1842 cum
2784 1788 2865 1841 eis
2898 1787 3063 1840 ullam
3102 1786 3398 1856 participa-

1819 1872 2022 1926 tionem
2071 1872 2292 1926 hahere.
2348 1870 2500 1927 Talia
2542 1888 2673 1928 vero
2723 1884 2983 1945 agentes,
3032 1890 3137 1929 non
3172 1876 3394 1937 fideles,

1816 1964 1911 2018 sed
1943 1964 2191 2020 infideles
2217 1966 2562 2034 judicantur.
2604 1965 2759 2021 Unde
2793 1968 2867 2021 ait
2895 1968 3186 2037 Apostolus
3214 1987 3226 2021 :
3268 1970 3401 2032 ()th

1816 2071 1943 2124 pars
1980 2055 2128 2124 ﬁdeli
2162 2073 2280 2109 cum
2312 2057 2517 2125 inﬁdeli
2544 2059 2569 2113 3’
2602 2067 2694 2112 aut
2721 2075 2837 2129 qua:
2864 2060 3202 2129 participatio
3226 2059 3399 2128 justi--

1819 2150 1910 2201 tiae
1942 2164 2059 2201 cum
2095 2149 2375 2217 iniquitate
2412 2148 2502 2201 ’5?

1822 2391 1889 2447 Ut
1915 2392 2092 2446 nullus
2121 2395 2393 2462 episcopus
2420 2391 2483 2445 de
2512 2391 2730 2462 alterius
2752 2391 3004 2458 parochia
3030 2392 3235 2461 aliquid
3264 2409 3399 2462 pra-

1994 2476 2202 2527 sumat,
2234 2475 2281 2517 et
2320 2464 2382 2515 de
2418 2461 2801 2515 mutationibus
2837 2463 3219 2530 episcoporum.

1889 2573 2060 2630 Nemo
2099 2589 2318 2643 quoque
2353 2574 2579 2627 alterius
2622 2573 2883 2628 terminos
2922 2581 3150 2643 usurpet
3183 2573 3249 2635 ",
3292 2588 3395 2627 nec

1818 2668 2043 2722 alterius
2075 2667 2466 2736 parochianum
2494 2666 2741 2732 judicare
2772 2674 2867 2718 aut
2917 2666 3399 2719 excommunicare

1821 2764 2117 2828 praesumat
2147 2774 2160 2820 ;
2190 2755 2318 2825 quia
2344 2755 2467 2808 talis
2495 2753 2759 2822 judicatio
2790 2756 2873 2806 vel
2900 2753 3177 2807 ordinatio
3206 2754 3274 2819 ³⁷,
3306 2763 3401 2807 aut

1820 2842 2353 2907 excommunicatio,
2385 2841 2469 2895 vel
2500 2840 2809 2906 damnatio,
2844 2856 2943 2895 nec
2974 2850 3089 2895 rata
3120 2841 3256 2905 erit,
3294 2857 3398 2896 nec

1820 2933 1965 2987 vires
1997 2932 2135 2988 ullas
2163 2932 2417 2997 habebit;
2448 2933 2709 3002 quoniam
2757 2933 2939 2988 nullus
2988 2934 3215 2987 alterius
3252 2932 3401 3002 judi-

1819 3024 1921 3088 cis,
1953 3023 2061 3078 nisi
2085 3023 2205 3088 sui,
2228 3027 2497 3081 sententia
2528 3022 2823 3087 tenebitur,
2847 3032 2941 3076 aut
2963 3022 3312 3076 damnabitur
3331 3022 3396 3075 ⁸⁸.

1825 3114 1981 3169 Unde
2008 3123 2063 3169 et
2090 3114 2355 3168 Dominus
2386 3114 2630 3183 loquitur
2659 3114 2846 3168 dicens
2874 3133 2886 3166 :
2928 3112 3007 3166 Ne
3040 3114 3401 3182 transgrediu-

176 3209 283 3251 nant
314 3200 494 3270 leges:
522 3210 585 3255 0|.
614 3217 721 3255 non
758 3201 935 3256 solum
969 3202 1384 3269 conspirantes,
1431 3200 1522 3254 sed
1554 3204 1717 3252 etiam
1747 3196 1787 3251 ί]
1822 3208 1897 3259 ris
1937 3207 2191 3260 terminos
2224 3206 2467 3274 antiquos
2488 3243 2504 3269 ,
2534 3221 2664 3274 quos
2693 3214 2976 3274 posuerunt
3011 3215 3187 3273 patres
3221 3205 3301 3257 ιιιί
3328 3205 3396 3258 ⁸⁸,

176 3291 514 3345 consentientes
562 3291 639 3344 eis
672 3291 738 3343 ³⁷.
778 3292 1171 3346 Antecessores
1210 3306 1341 3345 vero
1377 3291 1545 3346 nostri
1591 3307 1715 3346 cum

174 3379 369 3443 plurima
391 3382 551 3435 turba
583 3380 1320 3451 episcoporum,quicuuque
1350 3382 1611 3436 eorumin
1631 3396 1720 3435 sa-

178 3469 399 3526 cerdotali
440 3473 657 3526 honore
684 3481 813 3527 sunt
838 3473 1034 3542 positi,
1070 3482 1167 3527 aut
1192 3474 1464 3529 exsistunt
1501 3474 1716 3541 clerici,

178 3559 376 3627 honore,
412 3578 523 3632 quo
569 3570 820 3630 utuntur,
857 3562 1053 3617 cadere
1080 3564 1127 3595 ⁸⁸
1157 3573 1533 3632 praeceperunt
1562 3582 1575 3616 :
1611 3578 1714 3618 caa-

177 3659 293 3705 ιρι-ος
322 3667 443 3707 vero
476 3653 869 3709 communione
902 3654 1140 3724 privari,
1172 3665 1226 3710 et
1258 3655 1327 3709 ah
1357 3654 1595 3710 Ecclesia
1625 3670 1720 3709 ex—

176 3749 319 3796 turres
368 3745 483 3797 fieri
514 3746 844 3813 jusserunt;
877 3760 1178 3814 omnesque
1223 3746 1387 3801 simul
1431 3747 1719 3816 utriusque

177 3832 349 3887 ordinis
384 3834 534 3892 viros
574 3835 807 3891 infames
844 3851 968 3891 esse
1001 3846 1334 3891 censuerunt
1362 3854 1376 3903 ;
1410 3848 1464 3890 et
1499 3853 1600 3889 non
1633 3854 1719 3889 so-

176 3924 263 3976 lum
297 3928 540 3994 facientes
565 3970 581 3994 ,
623 3932 713 3984 sed
752 3941 802 3985 et
832 3934 907 3985 eis
948 3934 1345 3986 consentientes.
1386 3931 1603 3987 Juslum
1637 3942 1720 3987 est

177 4016 291 4068 enim
325 4021 385 4085 ⁸³,
417 4031 473 4075 ut
527 4024 625 4091 qui
674 4024 857 4078 divina
902 4032 1262 4087 contemnunt
1310 4026 1562 4077 mandata
1590 4064 1605 4087 ,
1658 4032 1713 4079 et

178 4103 513 4168 iuobedientes
535 4123 754 4182 patrum
782 4116 1054 4170 exsistunt
1071 4114 1415 4183 jussionihus
1436 4154 1450 4179 ,
1479 4115 1722 4170 severio-

178 4199 299 4255 rihns
332 4206 682 4275 corrigatur
723 4207 1012 4272 vindiciis,
1056 4217 1325 4277 quatenus
1364 4209 1543 4263 caeteri
1590 4208 1719 4263 talia

179 4296 482 4351 committere
514 4299 778 4363 timeant,
804 4308 859 4353 et
881 4314 1074 4354 omnes
1106 4301 1378 4369 gaudeant
1404 4300 1447 4331 ³ο
1480 4299 1721 4355 fraterna

178 4387 429 4441 concordia
451 4430 465 4450 ,
497 4398 557 4443 et
593 4390 777 4444 cuncti
812 4399 1035 4445 sumant
1074 4391 1382 4446 severitatis
1419 4401 1583 4461 atque
1624 4393 1720 4446 ho-

178 4476 331 4531 nitatis
352 4479 827 4549 exemplum.Nam
850 4482 917 4546 si,
934 4482 1080 4551 quod
1105 4478 1266 4544 absit,
1289 4484 1720 4539 ecclesiasticam

179 4563 567 4622 sollicitudinem
597 4568 638 4599 ³⁸
668 4568 1023 4639 vigoremque
1050 4570 1397 4640 negligimus,
1425 4572 1599 4640 perdit
1628 4572 1723 4627 de-

178 4654 287 4708 sidia
320 4657 702 4727 disciplinam,
749 4668 804 4715 et
850 4661 1140 4717 animabus
1185 4662 1425 4716 ﬁdelium
1481 4663 1721 4732 profecto

183 4746 452 4803 nocebitur.
495 4748 563 4803 Hi
605 4765 731 4805 vero
772 4752 828 4804 in
876 4751 1084 4807 nullius
1132 4754 1540 4808 accusationem
1589 4765 1720 4810 sunt

222 4860 263 4891 “
287 4876 404 4916 ann.
433 4866 562 4919 222.
619 4868 714 4939 λ’
740 4865 1063 4939 §implicius
1096 4883 1182 4939 ep.
1208 4871 1257 4923 l.

177 5000 393 5064 gaudeat.
468 5006 512 5036 ³¹
551 5004 607 5058 S.
642 5006 801 5077 Grcg.
861 5024 948 5077 ep.
1002 5000 1061 5061 ll
1093 5048 1108 5072 ,
1156 5000 1278 5064 -lih.'
1309 5000 1405 5065 ιιῖ.

177 5080 303 5163 fatos
348 5090 564 5144 quoque
615 5092 667 5129 a.
793 5077 839 5108 “
898 5077 1091 5145 Apost.
1148 5095 1271 5134 can.
1310 5082 1395 5145 ll,
1430 5081 1517 5134 12.

202 5140 353 5195 'Adr.
410 5146 515 5199 col.
574 5145 661 5199 16.
761 5148 805 5178 ³⁸
830 5146 1081 5200 Atrianus
1139 5159 1315 5200 const.
1372 5152 1442 5200 2-

179 5152 209 5163 "
235 5152 353 5195 Adr.
410 5152 515 5199 col.
574 5152 661 5199 16.
761 5152 805 5178 ³³
830 5152 1081 5202 Atrianus
1139 5159 1315 5203 const.
1372 5152 1442 5216 2,

178 5204 234 5261 2:
258 5207 440 5268 Nullus
466 5215 672 5284 primas
695 5258 709 5283 ,
746 5217 861 5272 nul.
938 5217 980 5249 ⁸⁸
1006 5219 1139 5273 Adr.
1173 5221 1281 5274 col.
1312 5220 1402 5275 45.

238 5346 533 5423 (lolium
591 5355 947 5423 apostolorum
1010 5357 1419 5411 institutionem.
1476 5358 1726 5415 Canones

181 5420 545 5497 iapftstolorunt‘
578 5420 637 5497 il
684 5431 738 5479 et
784 5426 851 5497 12
910 5426 1189 5497 intelligit,
1231 5428 1283 5480 in
1309 5443 1545 5496 quorum
1581 5430 1727 5485 notis

181 5484 279 5605 Eg:
314 5505 441 5613 ﬁlia:
495 5494 738 5550 diximus
787 5496 855 5551 de
920 5484 1418 5553 excorfirnhnicétis
1467 5484 1724 5555 vitandis.

211 5624 515 5711 2iul-Quod
539 5632 603 5685 ab
638 5634 915 5711 apostolis.
954 5634 1187 5711 ‘Canone
1211 5636 1281 5691 55
1313 5645 1366 5690 et
1399 5636 1501 5711 ὅθι
1524 5637 1725 5705 quibus

186 5699 381 5776 ﬁtngulis
429 5699 703 5772 episcopis
760 5706 1057 5776 apostolica
1116 5707 1231 5776 lege
1287 5699 1623 5775 praecipitur,
1660 5724 1725 5763 ne

187 5759 477 5850 illiticeseos'
508 5759 637 5850 suae:
674 5759 937 5829 terminos
1000 5759 1719 5850 transgretl'iantnr,verum

188 5842 339 5897 politis
367 5842 564 5911 singuli
626 5844 767 5898 intra
830 5863 960 5901 suos
1013 5842 1316 5903 lines-sese
1378 5849 1717 5903 contineant.

1372 4872 1417 4943 ’ἐ
1444 4872 1758 4927 mandatum
1854 4876 1898 4905 ²⁷
1932 4874 2092 4933 Rom.
2126 4894 2171 4943 ι,
2208 4879 2299 4933 5‘2.

176 4925 251 4980 Gr.
279 4938 430 5012 textu
471 4936 692 5012 concilii
726 4925 982 4993 Chalced.
1009 4925 1145 5012 _,_c.‘
1169 4940 1282 5012 ‘28,
1311 4940 1503 5012 legitur
1533 4925 1716 4995 ἐκπιέτ

1827 4962 1967 5001 ›σαν.

1509 5012 1554 5043 ³³
1583 5012 1647 5079 2,
1679 5029 1734 5081 q.
1768 5013 1801 5066 4
1828 5034 1839 5068 :
1874 5012 2288 5087 Conspiratores
2323 5012 2372 5073 i'n
2403 5022 2516 5074 nul.

1509 5120 1517 5134 .
1656 5084 1701 5115 ³⁸
1731 5083 1771 5135 ll
1800 5081 1929 5139 Cor.
1965 5104 2012 5139 vi
2036 5128 2050 5139 .
2090 5089 2175 5139 M.
2273 5089 2318 5119 ³⁸
2352 5090 2403 5139 9-
2431 5106 2483 5139 α.

1656 5089 1701 5115 ³⁵
1731 5089 1771 5135 ll
1800 5089 1929 5140 Cor.
1965 5104 2012 5141 vr
2036 5128 2050 5153 ,
2090 5089 2175 5142 M.
2273 5089 2318 5119 ³⁸
2352 5090 2399 5155 9,

1550 5152 1634 5207 tit.
1668 5152 1764 5221 16,
1794 5154 1887 5210 lib.
1919 5173 1994 5225 iv,
2024 5160 2159 5214 Cod.
2192 5157 2399 5215 Theod.

1820 3300 2017 3355 Nullus
2050 3307 2232 3353 autem
2266 3298 2471 3367 primas
2500 3297 2585 3351 vel
2617 3298 3071 3366 metropolitanus
3101 3296 3399 3352 ditecesani

1818 3389 2106 3445 ecclesiam
2129 3390 2212 3443 vel
2264 3388 2582 3458 parochiam
2627 3388 2693 3453 ⁵ο,
2739 3397 2832 3441 aut
2871 3388 3107 3457 aliquem
3156 3388 3224 3442 de
3277 3388 3400 3457 ejus

1819 3480 2078 3550 parochia
2113 3488 2407 3549 praesumat
2448 3479 2927 3533 excommunicare
2972 3478 3056 3533 vel
3108 3478 3395 3547 judicare,

1822 3571 1907 3625 vel
1948 3570 2155 3640 aliquid
2188 3585 2349 3640 agere
2380 3569 2587 3638 absque
2620 3569 2741 3637 ejus
2776 3569 3010 3623 consilio
3042 3570 3125 3622 vel
3152 3568 3399 3637 judicio:

1822 3658 1917 3712 sed
1951 3658 2055 3713 hoc
2086 3658 2375 3721 observet,
2414 3656 2562 3727 quod
2594 3658 2662 3711 ab
2693 3658 2957 3728 apostolis
2988 3658 3101 3729 (41)
3132 3674 3195 3712 ac
3226 3658 3402 3727 patri-

1820 3747 1925 3802 bus
1959 3755 2013 3801 et
2050 3746 2548 3815 praedecessorihus
2587 3749 2796 3802 nostris
2832 3757 2915 3802 est
2953 3756 3258 3813 statutum,
3290 3757 3346 3803 et
3372 3762 3403 3801 a

1824 3839 1986 3894 nobis
2019 3839 2402 3895 confirmatum
2432 3858 2446 3894 :
2484 3838 2537 3893 id
2574 3847 2660 3893 est
2684 3840 2753 3907 εί,
2789 3840 2834 3895 si
2867 3841 2993 3909 quis
3028 3840 3407 3908 metr0po|ita-

1825 3945 1929 3985 nus
1985 3930 2318 4000 episcopus,
2367 3930 2476 3985 nisi
2531 3931 2678 3999 quod
2731 3931 2797 3985 ad
2852 3946 3009 3985 suam
3054 3931 3403 3985 solummodo

1823 4022 2103 4091 propriam
2138 4022 2375 4089 pertinet
2405 4022 2721 4090 parochiam
2744 4063 2758 4089 ,
2796 4023 2915 4078 sine
2949 4023 3182 4078 consilio
3209 4036 3273 4075 ac
3305 4037 3402 4074 vo-

1825 4113 2034 4168 luntate
2081 4114 2327 4167 omnium
2380 4115 2929 4184 comprovincialium
2978 4116 3404 4185 episcoporum,

1822 4215 1981 4259 extra
2012 4203 2217 4272 aliquid
2253 4220 2413 4273 agere
2447 4206 2775 4270 tentaverit,
2812 4207 3012 4277 gradus
3041 4207 3124 4260 sui
3160 4206 3405 4275 periculo

1824 4294 2133 4363 snhjaccbit
2157 4313 2172 4352 :
2197 4306 2252 4351 et
2277 4298 2419 4365 quod
2454 4299 2663 4367 egerit,
2693 4297 2909 4351 irritum
2942 4298 3209 4352 habeatur
3236 4306 3291 4350 et
3321 4312 3407 4350 va-

1825 4404 1987 4443 cuum
2026 4408 2039 4443 :
2089 4390 2185 4443 sed
2239 4390 2505 4460 quidquid
2548 4392 2615 4445 de
2661 4393 3083 4461 provincialium
3121 4393 3407 4461 coepisco-

1829 4495 2024 4550 porum
2072 4481 2288 4547 causis,
2341 4497 2645 4552 eorumque
2689 4485 3049 4539 ecclesiarum
3082 4495 3135 4538 et
3177 4484 3404 4537 clerico-

1831 4589 1953 4627 rum
2010 4583 2172 4644 atque
2218 4575 2566 4632 saecularium
2624 4579 3051 4633 necessitatibus
3101 4592 3261 4647 agerc
3314 4585 3408 4631 aut

1831 4666 2122 4734 disponere
2161 4682 2387 4723 necesse
2427 4668 2634 4736 fuerit,
2678 4674 2783 4726 hoc
2823 4687 2947 4726 cum
2989 4671 3234 4725 omnium
3277 4685 3407 4723 con-

1831 4772 1997 4812 sensu
2038 4763 2587 4831 comprovincialium
2635 4771 2830 4833 agatur
2875 4763 3192 4832 pontificum
3249 4760 3404 4829 (42);

2400 4880 2445 4911 "
2473 4896 2698 4936 Carere:
2735 4882 2807 4934 ita
2838 4889 2893 4934 et
2940 4895 3043 4933 ms.
3079 4876 3218 4931 Just.
3251 4886 3305 4928 at
3352 4874 3406 4927 in

2105 4950 2149 4980 ²⁹
2182 4949 2284 5015 55,
2314 4965 2369 5018 q.
2398 4952 2431 5004 5
2457 4968 2469 5003 :
2497 4950 2711 5006 Justum
2740 4962 2823 5003 est
2845 4990 2860 5013 ,
2896 4948 3090 5015 utqui.
3191 4946 3234 4976 ³ο
3266 4944 3407 5018 Deus

2618 5021 2662 5051 ³³
2692 5020 2752 5072 ει
2777 5059 2792 5081 ,
2828 5036 2882 5087 q.
2914 5019 2946 5071 ’5
2976 5037 2988 5071 :
3022 5015 3410 5087 Excommuni-

2431 5106 2483 5159 q.
2519 5090 2591 5159 27:
2627 5088 2821 5142 Nullus
2850 5086 3091 5159 alterius
3119 5086 3404 5159 terminus.

2476 5160 2518 5190 ³⁸
2550 5158 2710 5213 Prov.
2742 5174 2882 5223 xxii,
2912 5158 3005 5211 28.
3135 5156 3180 5187 ’⁸ο
3234 5156 3287 5222 9,
3350 5170 3405 5224 q.

2273 5089 2318 5119 ιο
2352 5090 2404 5155 9’

1836 5354 2155 5477 Videlquaa
2208 5354 2449 5409 diximus
2496 5354 2551 5408 in
2606 5353 2753 5409 notis
2798 5354 2867 5409 ad
2923 5352 3185 5422 allegatos
3240 5363 3409 5404 cano-

1836 5442 1954 5477 nes.
2014 5443 2068 5477 Ι).

1835 5442 1954 5482 nes.
1992 5442 2068 5479 ID.

1907 5496 2020 5564 (42)
2062 5493 2597 5562 Comprovincialium
2648 5504 2841 5564 agatur
2872 5489 3410 5564 ponti/iouinilaocus

1835 5560 2132 5630 notabilis,
2185 5560 2330 5619 unde
2387 5560 2702 5634 perspicue:
2740 5560 2963 5634 constat
3011 5560 3328 5634 pontificis
3356 5570 3409 5613 et

1832 5637 2074 5707 episcopi
2102 5650 2298 5707 nomen
2334 5630 2626 5707 commune
2681 5632 3131 5707 fuisse_omniht_ts
3154 5630 3408 5707 _ornnino

1830 5702 2101 5775 episcopis
2129 5705 2379 5759 Romano
2412 5705 2674 5775 dignitate
2703 5712 2757 5758 et
2801 5702 2977 5775 officio
3007 5702 3399 5775 inferioribus;

1830 5771 2076 5843 adeoque
2108 5777 2309 5828 nemini
2368 5771 2569 5828 mirum
2602 5774 2768 5826 videri
2826 5773 3038 5836 debeat,
3097 5771 3404 5843 Romanum

1830 5840 2137 5915 potitilicem
2170 5857 2221 5901 ct
2254 5846 2591 5915 episcopum,
2628 5846 2714 5900 cui
2749 5846 2986 5899 maxima
3028 5860 3158 5899 cura
3218 5840 3405 5895 Eccle—
