3966 6504
557 358 658 412 127

1859 342 1915 396 S.
1951 334 2270 395 CALLISTI
2310 334 2330 385 l
2370 329 2571 385 ΡΛΡίΕ
2643 368 2650 374 .

3701 315 3801 371 ηδ

557 489 660 531 nec
708 473 894 544 aliquo
940 468 1331 527 dominationis
1384 467 1558 531 fastu,
1602 463 1699 519 sed
1733 462 2040 517 humillima
2080 466 2134 512 et
2160 461 2207 516 Α
2240 451 2508 507 Domino:
2545 448 2601 504 Si
2635 447 2892 517 persecuti
2930 461 3015 499 vos
3062 443 3258 544 [ueri-nt
3300 442 3351 544 in
3400 456 3506 492 una
3554 436 3800 544 civitate,

558 566 818 622 concordi
850 561 1317 618 administratione
1338 603 1351 625 ,
1388 559 1532 613 sicut
1562 557 1825 609 Dominus
1851 553 1929 607 ait
1954 570 1967 606 :
2008 549 2129 604 Non

551 656 674 711 peni
706 653 1033 715 ministrari,
1063 651 1152 704 sed
1176 650 1477 701 ministrare
1503 648 1566 701 δ’.
1594 645 1656 698 Et
1686 645 1810 698 alibi
1844 662 1857 698 :
1888 642 1989 706 Qui
2019 658 2130 694 ma-

548 762 644 813 ]or
676 753 753 797 est
786 752 1043 805 vestrum,
1079 740 1180 793 erit
1210 739 1452 791 minister
1485 745 1651 790 vester
1684 734 1749 799 ",
1786 742 1842 787 et
1895 733 2125 801 reliqua.

559 833 825 888 Similiter
863 841 914 886 et
955 831 1056 900 ipsi
1099 828 1589 897 eomproviuciales
1641 825 1883 896 episcopi
1933 832 2130 878 cuncta

564 940 690 977 cum
728 923 850 992 ejus
891 922 1151 985 consilio,
1187 921 1292 974 nisi
1336 927 1600 989 quanttun
1633 919 1697 972 ad
1728 916 1975 987 proprias
2004 930 2127 984 pcr-

558 1015 695 1069 tinet
725 1014 1042 1084 parochias,
1072 1020 1265 1082 agant,
1295 1012 1454 1080 juxta
1490 1018 1801 1064 sanctorum
1836 1007 2130 1061 constituta

557 1117 769 1177 patrum
822 1106 953 1175 (qui
1010 1106 1262 1174 quamvis
1291 1104 1474 1172 aliquo
1508 1112 1813 1171 temporum
1846 1098 2132 1152 intervallo

558 1212 660 1251 nos
684 1196 1101 1257 antecesserint,
1125 1195 1193 1247 ab
1224 1208 1331 1247 uno
1362 1203 1540 1245 tamen
1560 1192 1861 1259 eodemque
1878 1188 2130 1257 puritatis

557 1286 740 1351 fonte,
776 1287 1019 1339 veritatis
1044 1294 1098 1338 et
1128 1284 1249 1337 fidei
1284 1285 1463 1336 lumen
1494 1284 1829 1344 hauserunt,
1857 1278 2126 1333 ctcodem

560 1380 895 1433 illustratore
922 1385 975 1429 et
1004 1378 1273 1429 directore
1302 1375 1516 1443 spiritu,
1546 1372 1801 1427 Ecclesia:
1831 1370 1924 1423 Dei
1956 1368 2126 1423 stabi-

556 1469 846 1523 limentum
872 1509 887 1533 ,
928 1477 982 1520 et
1022 1468 1265 1519 omnium
1300 1465 1740 1520 Christianorum
1784 1476 2130 1515 communem

556 1560 927 1629 quzesiverunt
966 1558 1253 1613 utilitatem
1291 1557 1335 1587 “
1360 1558 1407 1621 ),
1451 1566 1510 1608 ut
1539 1570 1649 1609 uno
1688 1554 1871 1607 animo
1911 1554 1976 1619 ⁸⁸,
2022 1568 2132 1606 uno

557 1667 651 1704 ore
682 1650 1025 1704 concorditer
1058 1659 1245 1703 saneta
1278 1647 1613 1719 glorificetur
1648 1643 1894 1700 Trinitas
1930 1645 1982 1698 in
2023 1661 2127 1699 sa:-

556 1742 701 1796 cula.
734 1740 925 1795 Nullus
966 1744 1206 1810 primas,
1250 1740 1432 1794 nullus
1471 1737 1963 1806 metropolitanus,
2010 1736 2132 1789 nul-

2233 548 2398 617 fugite
2426 546 2480 599 in
2508 543 2764 597 aliam“.
2804 540 2859 593 Si
2907 546 3087 592 autem
3138 535 3384 589 utilitatis
3429 545 3596 585 causa
3641 528 3804 581 fuerit

2233 637 2528 692 mutandus
2559 634 2626 699 ⁸ο,
2673 647 2781 686 non
2834 646 2927 700 per
2957 643 3015 683 se
3057 627 3163 680 hoc
3204 632 3363 694 agat,
3404 621 3496 679 sed
3540 619 3804 674 fratribus

2240 726 2630 786 invitantibus,
2668 732 2720 776 ct
2752 718 3075 775 auctoritate
3107 715 3271 785 hujus
3311 722 3513 767 sancta:
3545 711 3690 766 sedis
3716 708 3802 763 fa-

2231 821 2367 883 ciat,
2397 832 2505 872 non
2536 815 2772 870 ambitus
2799 826 2964 867 causa
2985 851 2999 875 ,
3035 808 3128 864 sed
3158 806 3426 862 utilitatis.

2974 941 3065 996 ιν.

2232 1042 2307 1097 De
2343 1038 2794 1109 conjunctiouibus
2830 1033 3385 1109 consanguineorumgl
3414 1034 3463 1082 et
3500 1027 3565 1079 de
3594 1025 3690 1109 iis,
3722 1025 3810 1092 qui

2299 1129 2363 1167 ea:
2395 1096 2467 1165 eis
2505 1118 2815 1173 nascuntur,
2854 1116 2903 1159 et
2937 1106 3001 1158 de
3029 1096 3463 1155 accusationibus
3495 1112 3629 1165 quas
3672 1096 3808 1164 leges

2302 1184 2572 1251 rejiciunt.

2303 1272 2735 1341 Conjunctioues
2762 1275 2939 1321 autem
2969 1260 3498 1331 consanguineorum
3534 1257 3651 1312 ﬁeri
3682 1270 3808 1325 pro-

2234 1365 2490 1419 hibentur
2520 1365 2588 1428 δι,
2619 1361 2839 1431 quando
2875 1358 2973 1411 has
3001 1365 3055 1409 et
3086 1354 3284 1409 divina:
3308 1361 3361 1407 et
3392 1350 3575 1405 saeculi
3610 1347 3806 1418 probi-

2229 1459 2359 1512 beut
2392 1457 2558 1528 leges.
2597 1454 2765 1523 Leges
2799 1465 2927 1521 ergo
2959 1448 3154 1503 divina:
3178 1447 3283 1500 hoc
3314 1450 3536 1513 agentes
3561 1483 3576 1507 ,
3609 1450 3666 1495 et
3712 1454 3807 1493 eos

2230 1549 2320 1619 qui
2363 1564 2426 1601 ex
2468 1545 2549 1601 eis
2588 1546 2898 1614 prodeunt,
2937 1555 3044 1593 non
3086 1539 3261 1593 solum
3311 1536 3533 1606 ejiciunt
3560 1575 3573 1599 ,
3615 1532 3716 1588 sed
3756 1542 3809 1586 et

2232 1636 2550 1690 maledictos
2588 1632 2879 1702 appellant.
2922 1628 3091 1697 Leges
3128 1640 3259 1695 ergo
3300 1624 3522 1687 saeculi,
3566 1621 3808 1675 infames

2236 1726 2373 1779 tales
2402 1732 2633 1786 vocant,
2671 1729 2724 1773 et
2754 1720 2821 1773 ab
2851 1717 3164 1772 haereditate
3196 1713 3487 1784 repellunt.
3530 1711 3643 1766 Nos
3676 1724 3808 1765 vero

555 1834 755 1902 Iusque
785 1833 1123 1901 reliquorum
1157 1832 1575 1902 episcoporum,
1605 1828 1831 1883 alterius
1862 1828 2019 1882 adeat
2050 1828 2128 1881 ci-
2163 1806 2201 1859 Β
2231 1822 2518 1883 sequentes
2556 1820 2736 1880 Patres
2767 1818 3012 1871 ηοδιτυεν
3047 1816 3102 1862 ει
3129 1803 3591 1902 εονιξῐιι-νθειίὸίίε
3620 1801 3804 1856 inm"

555 1925 777 1978 vitatem
800 1968 813 1989 ,
843 1932 934 1977 aut
960 1924 1024 1978 ad
1052 1924 1453 1993 possessionem
1481 1921 1701 1976 accedat
1722 1961 1735 1984 ,
1759 1935 1878 1989 quae
1906 1919 1973 1973 ad
2000 1934 2125 1974 eum

555 2031 664 2069 non
693 2016 955 2086 pertinet,
985 2025 1037 2069 et
1066 2014 1292 2069 alterius
1317 2013 1556 2083 episcopi
1586 2020 1671 2066 est
1698 2010 2004 2081 parochias,
2033 2026 2127 2064 su-

554 2122 652 2176 per
697 2106 1020 2175 cujusquam
1067 2105 1461 2174 dispositione,
1512 2103 1617 2159 nisi
1664 2112 1891 2157 vocatus
1924 2102 1992 2155 ab
2021 2117 2123 2165 eo,

555 2196 717 2263 cujus
740 2194 883 2262 juris
915 2210 1037 2249 esse
1065 2195 1407 2264 dignoscitur
1435 2212 1448 2259 ;
1486 2202 1579 2248 aut
1609 2194 1906 2263 quidquam
1938 2189 2132 2248 ibidis-

556 2292 742 2356 ponat,
824 2285 908 2339 vel
942 2284 1175 2349 ordinet,
1214 2294 1307 2337 aut
1340 2283 1582 2352 judicet,
1614 2285 1659 2339 si
1688 2285 1771 2338 sui
1800 2282 2002 2353 gradus
2030 2282 2127 2335 ho-

554 2390 688 2428 nore
719 2374 881 2443 potiri
912 2374 1164 2428 voluerit.
1203 2374 1298 2428 Sin
1326 2375 1482 2428 aliter
1508 2375 1935 2444 praesumpserit,
1979 2374 2127 2429 dant-

553 2466 777 2519 nabitur
803 2484 817 2531 ;
845 2476 896 2519 et
930 2482 1036 2519 non
1067 2466 1245 2519 solum
1277 2466 1386 2531 ille,
1412 2466 1506 2520 sed
1531 2476 1940 2535 cooperatores,
1967 2466 2126 2534 eique

556 2557 967 2610 consentientes
997 2574 1009 2608 :
1052 2556 1181 2625 quia
1215 2555 1358 2610 sicut
1389 2556 1663 2610 ordinatio
1685 2598 1699 2621 ,
1737 2556 1811 2610 ita
1842 2557 1923 2611 eis
1953 2564 2006 2609 et
2034 2556 2123 2624 ju-

554 2647 758 2700 dicatio
789 2648 854 2710 ‘5,
895 2657 950 2701 ct
977 2647 1212 2701 aliarum
1244 2663 1427 2702 rerum
1460 2647 1748 2717 dispositio
1782 2648 2121 2717 prohibetur.

553 2735 689 2789 Nam
728 2737 821 2806 qui
864 2737 1118 2791 ordinare
1149 2752 1255 2791 non
1286 2737 1514 2807 poterit,
1542 2738 1777 2806 qualiter
1811 2737 2125 2808 iudicabit?

552 2826 882 2883 Nullatenus
931 2830 1122 2897 procul
1172 2828 1340 2883 dubio
1384 2829 1687 2897 judicabit,
1743 2838 1837 2883 aut
1879 2830 2126 2899 judicare

553 2919 792 2988 poterit;
828 2919 1087 2988 quoniam
1127 2919 1271 2973 sicut
1308 2919 1532 2974 alterius
1572 2934 1710 2973 uxor
1742 2919 1808 2984 ",
1844 2936 1945 2975 nec
1971 2921 2125 2975 adul-

554 3010 727 3064 terari
763 3011 831 3064 ab
869 3010 1082 3079 aliquo,
1124 3011 1208 3063 vel
1242 3010 1479 3079 judicari
1517 3019 1611 3064 aut
1649 3010 1906 3080 disponi,
1946 3012 2055 3067 nisi
2094 3029 2123 3065 a

551 3101 775 3169 proprio
809 3101 950 3163 viro,
982 3116 1047 3154 eo
1078 3101 1310 3165 vivente,
1347 3099 1678 3168 permittitur
1704 3118 1717 3154 :
1754 3102 1833 3155 sic
1863 3116 1962 3155 nec
1989 3117 2126 3155 uxor
2154 3137 2191 3192 C

551 3192 791 3260 episcopi
821 3192 952 3261 (45),
985 3208 1106 3261 qua:
1136 3192 1255 3260 ejus
1292 3190 1533 3245 Ecclesia
1564 3192 1647 3245 vel
1678 3191 1934 3260 parochia
1966 3191 2124 3245 indu-

551 3284 791 3339 bitanter
816 3285 1156 3355 intelligitur,
1185 3299 1249 3338 eo
1273 3284 1515 3349 vivente,
1541 3283 1747 3353 absque
1774 3284 1893 3353 ejus
1916 3284 2123 3353 judicio

552 3387 607 3432 et
646 3378 955 3442 voluntate,
1000 3377 1153 3430 alteri
1188 3377 1424 3445 judicari
1459 3376 1544 3429 vel
1579 3376 1830 3444 disponi,
1874 3384 1969 3429 aut
1996 3376 2126 3444 ejus

552 3468 845 3521 concubitu
878 3467 1015 3532 frui,
1049 3467 1097 3520 id
1129 3475 1246 3531 est,
1282 3466 1625 3521 ordinatione
1649 3505 1666 3531 ,
1696 3465 1965 3520 ullatenus
1994 3481 2123 3520 con-

552 3559 782 3613 ceditur.
810 3556 963 3613 Unde
986 3558 1062 3611 ait
1083 3557 1374 3625 Apostolus
1403 3574 1415 3609 :
1448 3556 1687 3625 Alligata
1721 3564 1799 3609 est
1822 3571 1960 3609 uxor
1982 3555 2084 3624 legi
2106 3596 2120 3619 ,

551 3650 787 3719 quandiu
813 3650 892 3702 vir
915 3649 1029 3717 ejus
1058 3648 1179 3700 uit-it
1202 3663 1221 3711 ;
1249 3664 1307 3700 eo
1333 3662 1450 3700 vero
1475 3647 1741 3714 defuncto,
1773 3647 1949 3699 soluta
1977 3656 2053 3698 est
2091 3664 2123 3699 a

553 3740 662 3809 tege
686 3740 783 3793 viri
801 3740 866 3793 ⁸⁸.
894 3738 1157 3792 Similiter
1184 3745 1237 3790 et
1264 3750 1464 3806 sponsa
1486 3735 1728 3805 episcOpi
1755 3736 1904 3805 (quia
1925 3750 2122 3804 sponsa

556 3848 800 3899 uxorque
825 3832 944 3901 ejus
972 3832 1166 3885 dicitur
1206 3831 1469 3902 Ecclesia)
1495 3830 1588 3883 illo
1619 3828 1832 3881 vivente
1856 3829 1906 3880 ei
1934 3835 2017 3881 est
2046 3828 2125 3879 al-

554 3925 753 3994 ligata;
781 3938 847 3979 eo
875 3939 1004 3978 vero
1029 3922 1307 3985 defuncto,
1336 3922 1510 3976 soluta
1538 3928 1638 3983 est,
1666 3927 1720 3973 et
1746 3917 1832 3972 cui
1858 3916 2089 3972 voluerit
2107 3957 2121 3976 ,

552 4016 752 4080 nubat,
795 4024 1002 4069 tantum
1044 4014 1098 4068 in
1139 4012 1399 4078 Domino,
1442 4012 1495 4066 id
1529 4019 1643 4077 est,
1672 4009 2015 4079 regulariter.
2066 4007 2123 4061 Si

550 4107 728 4173 enim,
754 4122 820 4160 eo
842 4107 1089 4171 vivente,
1119 4106 1270 4160 alteri
1298 4105 1564 4174 nupserit,
1614 4101 1859 4156 adultera
1907 4099 2123 4169 judica~

557 4192 723 4245 bitur.
769 4192 1032 4247 Similiter
1059 4201 1114 4247 ct
1152 4194 1240 4247 ille
1262 4232 1276 4255 ,
1321 4193 1367 4246 si
1398 4192 1621 4246 alteram
1654 4198 1847 4259 sponte
1875 4188 2119 4251 duxerit,

551 4283 762 4337 adulter
790 4284 1171 4346 aastimabitur,
1204 4293 1256 4338 et
1284 4283 1672 4337 communione
1700 4281 2029 4350 privabitur.
2066 4279 2123 4333 Si

553 4386 733 4429 autem
765 4386 1083 4444 persecutus
1116 4376 1277 4430 fuerit
1302 4376 1354 4429 iu
1384 4391 1483 4429 sua
1510 4374 1775 4439 Ecclesia,
1806 4372 2121 4441 fugiendum

2228 1914 2409 1959 rentes
2432 1947 2445 1970 ,
2480 1902 2707 1956 infamia
2732 1915 2827 1954 eos
2856 1910 3109 1953 notamus
3128 1937 3142 1962 ,
3170 1906 3223 1951 et
3253 1895 3487 1950 infames
3514 1908 3641 1948 esse
3669 1908 3805 1947 cen-

2228 2010 2443 2060 semus,
2476 1993 2603 2063 quia
2633 1990 2869 2046 infamiae
2897 1988 3124 2042 maculis
3150 1995 3280 2041 sunt
3307 1985 3535 2056 aspersi.
3566 1982 3682 2039 Nec
3710 1998 3805 2037 eos

2226 2086 2402 2159 viros,
2441 2098 2539 2138 nec
2577 2082 2953 2138 accusationes
2986 2094 3204 2139 eorum,
3244 2092 3385 2146 quos
3422 2076 3568 2145 leges
3607 2073 3809 2128 sazculi

2228 2175 2515 2244 rejiciunt,
2548 2172 2823 2241 suscipere
2858 2171 3138 2225 debemus.
3174 2166 3353 2239 (Quis
3381 2167 3525 2220 enim
3556 2165 3809 2227 dubitat,

2228 2267 2372 2335 leges
2406 2266 2707 2330 humanas,
2740 2263 2936 2317 rationi
2968 2271 3020 2317 et
3050 2260 3319 2315 honestati
3349 2274 3456 2312 non
3489 2273 3809 2328 repugnan-

2229 2366 2306 2409 tes
2326 2396 2342 2420 ,
2377 2371 2497 2409 esse
2527 2353 2929 2423 amplectendas
2951 2392 2966 2415 ,
2999 2351 3299 2422 praesertim
3332 2351 3421 2405 ubi
3456 2349 3540 2403 vel
3571 2349 3811 2419 publica:

2231 2446 2526 2500 consulunt
2566 2445 2787 2498 utilitati
2830 2444 2910 2497 vel
2950 2443 3336 2497 ecclesiastica:
3373 2440 3660 2511 dignitatis
3702 2455 3806 2493 au-

2226 2536 2533 2592 ctoritatem
2596 2534 2929 2601 defendunt,
2982 2550 3047 2590 ac
3107 2549 3206 2603 pro
3258 2533 3590 2589 adminiculo
3644 2540 3810 2586 tuen-

2228 2639 2317 2683 tur
2351 2630 2485 2696 In?)
2549 2626 2654 2683 Eos
2718 2637 2898 2681 autem
2960 2626 3398 2695 consanguineos
3450 2625 3694 2678 dicimus
3725 2624 3807 2685 ⁸³,

2226 2736 2365 2788 quos
2431 2719 2632 2773 divina:
2686 2729 2740 2773 et
2796 2719 3222 2786 imperatorum,
3288 2732 3352 2769 ac
3422 2714 3807 2769 Romanorum

2227 2822 2391 2880 atque
2424 2810 2736 2866 ercorum
2773 2810 2819 2841 “
2851 2811 2993 2878 leges
3026 2807 3461 2878 consanguineos
3493 2806 3809 2875 appellant,

2229 2910 2281 2955 et
2334 2904 2388 2954 in
2431 2900 2799 2954 luereditatem
2840 2899 3180 2969 suscipiunt,
3222 2914 3322 2953 nec
3359 2896 3619 2967 repellere
3677 2912 3812 2966 pos-

2228 3000 2379 3046 sunt.
2432 2991 2643 3045 Talium
2704 2991 2848 3045 enim
2909 2990 3325 3056 conjunctiones
3380 3004 3481 3043 nec
3542 2988 3811 3057 legitima:

2230 3092 2389 3146 sunt,
2430 3098 2531 3137 nec
2582 3098 2804 3137 manere
2845 3089 3105 3151 possunt,
3150 3082 3243 3136 sed
3283 3089 3411 3135 sunt
3450 3080 3807 3149 repellendae.

2230 3169 2335 3237 (Et
2364 3170 2411 3223 si
2449 3186 2569 3238 qua:
2598 3185 2735 3224 ausu
2778 3171 3071 3224 temerario
3112 3178 3333 3224 tentata:
3370 3170 3511 3235 sint,
3553 3168 3808 3223 auctori-

2230 3269 2341 3317 tate
2374 3263 2671 3331 apostolica
2705 3264 3075 3317 rescindenda:
3105 3262 3335 3317 veniunt
3360 3263 3475 3331 ⁵⁵.)

2984 3396 3047 3453 V.

2230 3508 2334 3574 Qui
2377 3526 2479 3562 non
2522 3507 2741 3562 debeant
2794 3508 3005 3562 admitti
3052 3509 3120 3560 ad
3163 3507 3572 3571 accusationem,
3616 3510 3701 3561 uel
3739 3509 3810 3560 ad

2299 3580 2656 3632 testimonium
2685 3595 2702 3631 :
2729 3595 2819 3631 nec
2858 3579 2960 3630 nisi
2980 3579 3041 3630 de
3064 3578 3129 3631 iis
3152 3595 3269 3649 qua:
3296 3580 3348 3631 in
3370 3578 3655 3645 prwsentia
3682 3591 3809 3631 acta

2296 3660 2441 3713 sunt,
2470 3650 2823 3702 testimonium
2848 3649 3102 3701 dandum.

2298 3738 2560 3806 Quisquis
2589 3753 2717 3809 ergo
2745 3753 2852 3792 non
2880 3748 2963 3793 est
2992 3738 3230 3807 legitime
3256 3738 3585 3808 conjunctus
3612 3738 3684 3805 '°,
3718 3740 3813 3793 vel

2227 3823 2432 3892 absque
2462 3824 2627 3878 dotali
2665 3825 2820 3881 titulo
2846 3839 2908 3879 ac
2935 3826 3314 3881 benedictione
3340 3827 3643 3883 sacerdotis
3669 3843 3812 3882 con-

2229 3923 2338 3969 stat
2368 3917 2682 3985 copulatus,
2717 3916 3028 3971 sacerdotes
3058 3916 3143 3971 vel
3190 3917 3427 3988 legitime
3470 3918 3811 3988 conjunctos

2230 4005 2543 4073 criminari,
2592 4006 2674 4061 vel
2732 4008 2783 4060 in
2830 4021 2925 4061 eos
2982 4008 3259 4062 testificari
3308 4010 3534 4063 minime
3580 4020 3805 4079 potest,

2239 4099 2501 4167 quoniam
2534 4100 2713 4153 omnis
2747 4099 2941 4154 incesti
2991 4100 3206 4154 macula
3252 4100 3492 4170 pollutus
3540 4100 3808 4167 infamis,

2226 4200 2310 4244 est
2330 4232 2347 4256 ,
2376 4198 2428 4244 et
2460 4205 2720 4245 accusare
2748 4191 3090 4259 supradictos
3120 4206 3229 4245 non
3262 4192 3617 4261 permittitur.
3678 4190 3811 4247 Non

2230 4282 2405 4335 solum
2437 4296 2568 4351 ergo
2615 4282 2667 4334 hi
2702 4281 2981 4350 rejiciendi
3022 4290 3149 4337 sunt
3188 4290 3241 4337 et
3279 4282 3509 4337 infames
3547 4282 3812 4339 efﬁciun-

2230 4384 2339 4441 tur,
2374 4375 2467 4430 sed
2501 4376 2664 4429 etiam
2700 4391 2891 4429 omnes
2926 4376 3005 4430 cis
3045 4376 3469 4431 consentientes.
3526 4375 3807 4431 Similiter

553 4467 630 4520 illi
660 4475 741 4521 est
782 4467 850 4521 ad
879 4469 1102 4523 alteram
1127 4508 1143 4533 ,
1189 4468 1347 4538 eique
1376 4477 1459 4522 est
1497 4466 1885 4532 aSSOciandus,
1911 4466 2122 4520 dicente
2156 4470 2197 4522 ι)
2227 4468 2293 4522 de
2324 4468 2641 4538 raptoribus
2664 4509 2676 4531 .
2706 4469 2791 4521 vel
2821 4469 2900 4522 eis
2934 4469 3026 4539 qui
3060 4469 3304 4524 seniores
3332 4470 3599 4539 impetunt
3621 4511 3636 4535 ,
3683 4470 3813 4525 fieri

621 4601 665 4632 “
685 4599 873 4653 Matth.
904 4616 996 4664 xx,
1024 4599 1114 4653 9.8.
1190 4599 1235 4631 ⁸³
1262 4597 1427 4654 Marc.
1452 4613 1487 4653 ι
1509 4640 1523 4666 ,
1555 4598 1644 4655 45.

550 4740 595 4771 ⁸⁷
630 4740 680 4803 7,
711 4756 765 4809 q.
806 4742 826 4792 l
865 4758 878 4793 :
912 4740 1064 4809 Sicut
1093 4739 1316 4793 alterius
1339 4755 1492 4793 uxor.
1598 4739 1642 4770 ’⁵⁸
1694 4738 1852 4791 Rom.
1908 4754 2018 4804 vn,
2058 4738 2111 4792 8.

549 4826 605 4880 q.
637 4810 705 4873 2,
734 4808 795 4863 ⁷5
844 4828 857 4863 :
914 4808 1339 4880 Conjunctiones
1377 4809 1946 4880 consanguineorum.

548 4950 598 4983 ”
629 4950 683 5004 in
736 4950 946 5005 Decret.
998 4951 1150 5003 lvon.
1207 4949 1298 5003 lib.
1339 4965 1413 5003 tv.

548 5124 643 5179 site
669 5122 961 5179 commissa
995 5134 1097 5183 est,
1121 5120 1211 5189 qui
1251 5136 1356 5173 non
1387 5129 1595 5172 tantum
1632 5118 1897 5173 universae
1925 5120 2117 5186 plebis,

549 5194 643 5249 sed
668 5195 828 5247 etiam
891 5193 1056 5244 totius
1111 5192 1273 5252 cleri,
1347 5192 1589 5243 omnium
1660 5190 2003 5242 sacerdotum
2067 5202 2121 5244 et

549 5263 930 5332 episcoporum
957 5261 1280 5332 pastoralem
1303 5276 1489 5314 curam
1511 5259 1708 5332 habere
1732 5260 1907 5325 debet,
1929 5261 2122 5332 discri-

548 5330 717 5386 minis
742 5330 915 5385 'causa
944 5341 1108 5399 atque
1141 5330 1319 5383 ollicio
1354 5346 1453 5382 suo
1486 5330 1870 5383 convenienter
1897 5330 2119 5397 pontifi-

549 5416 666 5453 cem
698 5402 994 5454 maximum
1023 5410 1073 5452 et
1099 5399 1410 5468 episcopum
1432 5400 1810 5468 episcoporum
1836 5399 2118 5468 appellari.

550 5468 686 5524 Vide
715 5486 838 5538 qua:
871 5470 1111 5523 diximus
1138 5485 1297 5538 supra
1336 5470 1386 5521 in
1438 5471 1584 5521 notis
1615 5470 1681 5521 ad
1713 5470 1877 5521 vitam
1910 5468 2118 5537 Zephy-

548 5540 752 5597 rini.et
776 5541 839 5593 ad
876 5540 1157 5607 epistolam
1193 5538 1351 5592 Sixti.
1383 5539 1507 5593 Sev.
1540 5538 1656 5591 BIN.

622 5609 736 5677 (45)
785 5609 932 5662 Uxor
980 5610 1226 5679 episcopi.
1286 5608 1438 5663 Sicut
1490 5609 1727 5677 virgines
1782 5624 1877 5677 per
1932 5616 2115 5661 votum

548 5679 835 5745 emissum,
869 5680 1122 5733 dicuntur
1149 5680 1363 5734 Christo
1395 5680 1600 5732 nubere
1629 5679 1856 5747 ejusque
1883 5693 2118 5746 sponsas,

549 5756 663 5801 tota
686 5765 850 5803 causa
874 5749 963 5815 27,
1001 5760 1192 5818 quaest.
1220 5750 1270 5811 l,
1310 5751 1381 5803 ita
1440 5750 1635 5802 merito
1664 5746 1925 5801 Ecclesia
1973 5746 2113 5815 ejus,

550 5834 636 5872 cur
663 5824 785 5890 quis
816 5836 910 5890 per
943 5822 1340 5875 ordinationem
1389 5819 1660 5888 ascriptus
1688 5827 1787 5886 est,
1824 5834 1963 5874 uxor
1994 5833 2115 5873 esse

2190 4741 2233 4772 ‘9
2264 4740 2452 4795 Matth.
2485 4758 2549 4804 ι,
2578 4742 2668 4795 ‘25.
2744 4744 2789 4773 5°
2819 4742 2875 4795 ln
2908 4743 3114 4797 Decret.
3148 4746 3296 4799 lvon.
3329 4744 3364 4798 l.
3400 4761 3480 4799 Ill.

2025 4810 2071 4839 “
2104 4810 2300 4865 absunt
2329 4828 2357 4865 a
2399 4827 2501 4868 ms.
2548 4812 2684 4866 Just.
2729 4820 2782 4865 et
2816 4829 2844 4866 a
2881 4812 3014 4867 Luc.

550 4878 777 4952 deorum
832 4879 1266 4952 conjunctioues.
1301 4879 1346 4909 ⁵⁸
1374 4879 1564 4933 inscite
1589 4880 1716 4933 hinc
1748 4878 1991 4948 arguitur
2019 4878 2296 4935 distinctio
2326 4883 2493 4952 impp.
2524 4882 2577 4936 iu
2605 4883 2882 4937 Romanos
2908 4891 2961 4937 et
2987 4878 3222 4940 Graecos;

1722 4596 1769 4628 ’⁸⁵
1791 4613 1913 4672 qum
1945 4600 2155 4672 ansulis
2185 4602 2373 4672 Vclausa
2408 4611 2567 4668 sunt,
2602 4618 2707 4655 non
2742 4602 2995 4672 leguntur
3021 4604 3073 4657 in
3120 4622 3167 4658 c.
3209 4603 3350 4660 Just.
3377 4604 3453 4658 Ita
3484 4613 3538 4657 et
3577 4604 3631 4657 in
3665 4604 3809 4661 Luc.

550 4670 597 4701 ⁸⁸
628 4670 758 4723 Adr.
791 4670 915 4723 coll.
944 4670 1044 4733 45,
1070 4686 1161 4738 qq.
1194 4669 1490 4738 interjectis
1544 4684 1575 4721 a
1623 4668 1997 4739 superioribus
2050 4671 2226 4739 verbis
2255 4673 2522 4739 sejuncta.
2560 4675 2612 4726 In
2650 4668 2854 4726 Decret.
2886 4672 3032 4727 lvon.
3070 4674 3104 4727 Ι.
3144 4692 3210 4727 tv.

3293 4674 3337 4705 ’⁵⁸
3385 4675 3518 4729 Ailr.
3550 4675 3680 4729 coll.
3722 4680 3809 4730 lli.

3615 4746 3659 4776 “
3696 4746 3810 4807 55,

3092 4814 3137 4844 ⁸³
3166 4815 3221 4884 5,
3256 4831 3311 4884 q.
3342 4816 3416 4870 ,ιτ
3456 4814 3816 4885 Consangui-

3092 4898 3222 4940 acos.
3325 4884 3370 4916 ⁵⁵
3403 4885 3602 4939 absunt
3635 4900 3667 4938 a
3697 4903 3809 4941 ms.

2226 5123 2445 5177 dicitur.
2488 5122 2639 5177 Unde
2691 5132 2833 5177 recte
2885 5122 3181 5190 apostolica
3232 5121 3643 5192 constitutione,
3679 5139 3815 5192 qua:

2226 5202 2404 5247 exstat
2431 5193 2734 5247 canonibus
2763 5194 3133 5260 apostolorum
3171 5192 3258 5254 Li,
3302 5191 3368 5243 15
3395 5201 3449 5245 et
3482 5192 3568 5251 16,
3595 5191 3815 5247 οοηίδιίο

2227 5272 2400 5316 tutum
2431 5274 2535 5324 est,
2564 5278 2632 5316 ne
2657 5263 2898 5331 episcopi
2925 5263 3083 5315 aliive
3112 5268 3298 5315 curata
3328 5261 3587 5315 beneficia
3616 5264 3814 5329 possi-

2226 5332 2413 5387 dentes
2436 5332 2699 5386 direceses
2725 5348 2788 5387 ac
2813 5332 3101 5400 parochias
3128 5346 3258 5385 suas
3287 5332 3405 5384 sine
3439 5333 3592 5400 gravi
3624 5346 3807 5386 causa

2227 5403 2452 5471 majoris
2482 5403 2750 5463 utilitatis,
2798 5417 2896 5456 sua
2950 5409 3143 5471 sponte
3175 5408 3382 5453 mutent
3411 5417 3424 5463 ;
3476 5401 3616 5454 sicut
3646 5412 3701 5454 et
3741 5404 3815 5455 il-

2224 5470 2339 5536 lud,
2364 5474 2509 5542 quod
2531 5472 2623 5541 qui
2654 5480 2775 5540 post
2806 5486 2994 5525 sacros
3024 5470 3253 5542 ordines
3274 5479 3583 5542 susceptos,
3619 5486 3812 5542 quan-

2226 5538 2426 5597 tumvis
2472 5538 2724 5604 invalide,
2782 5541 3193 5595 matrimonium
3245 5540 3298 5592 in
3356 5538 3495 5594 faeie
3541 5538 3815 5596 Ecclesia:

2226 5613 2551 5666 contrahere
2582 5612 3049 5681 prtesumpserint,
3102 5611 3588 5678 interpretativam,
3632 5620 3811 5679 quam

2224 5692 2421 5734 vocant
2451 5682 2761 5747 bigamiam,
2796 5680 3039 5748 adeoque
3063 5681 3516 5749 irregularitates,
3548 5680 3812 5748 aliasque

2226 5766 2414 5821 pwnas
2446 5752 2745 5819 incurrant,
2764 5767 2880 5807 can.
2905 5750 3203 5819 Quotquot,
3226 5750 3314 5815 27,
3339 5760 3532 5819 quiest.
3565 5752 3612 5804 l.
3651 5749 3728 5803 In.
