3966 6504
139 415 219 471 m
1573 405 1957 461 EPISTOLAE.
3236 416 3339 469 tso

137 544 397 585 censemus.
432 527 539 584 llos
565 542 694 599 ergo
740 528 923 584 smculi
971 528 1115 599 leges
1157 526 1524 593 interficiunt,
1560 529 1651 581 sed
1686 530 1728 586 A
1757 527 1901 582 enim
1934 528 1978 558 "
2012 536 2255 597 tempore
2299 528 2640 599 indigemus,
2689 537 2747 583 ut
2796 530 3001 601 aliquid
3052 534 3329 589 maturius

137 636 245 680 nos.
276 616 633 673 misericordia
670 627 981 689 praeeunte,
1016 619 1117 675 sub
1152 618 1391 674 infamiae
1422 628 1551 673 nota
1585 620 1650 672 ad
1758 634 2001 686 agamus.
2062 616 2172 672 Nec
2207 620 2616 689 prtecipitemus
2652 621 2880 675 consilia
2916 632 2969 675 ct
3005 639 3167 692 opera
3204 640 3336 676 nos-

138 711 465 781 paanitentiam
500 709 811 780 recipimus.
847 710 1023 780 ipsam
1059 726 1279 780 quoque
1330 710 1612 764 infamiam
1636 749 1651 773 ,
1760 718 1872 775 tra,
1921 726 2097 780 neque
2138 712 2383 765 ordinem
2423 729 2861 782 corrumpamus.
2916 714 3019 768 Sed
3056 715 3101 769 si
3134 716 3338 784 aliquis

137 817 219 872 qua
244 810 356 857 sunt
381 803 624 871 aspersi,
656 802 837 857 delere
872 817 981 855 non
1025 816 1321 871 possumus
1346 846 1361 868 ,
1401 801 1492 855 sed
1534 803 1656 853 ani-
1757 800 1948 870 lapsus
1981 816 2312 869 quocunque
2373 805 2538 858 modo
2602 804 2766 857 fuerit
2796 845 2810 869 ,
2875 820 2982 857 non
3039 805 3337 873 perdamus

136 910 229 947 mas
255 908 427 947 eorum
459 908 554 962 per
582 894 959 964 paenitentiam
989 894 1263 963 publicam
1307 902 1360 947 et
1402 892 1657 947 Ecclesia:
1762 905 1887 944 eum
1921 892 1987 956 ⁷ο,
2032 892 2123 945 sed
2164 878 2403 946 fraterno
2434 896 2795 963 corripiamus
2822 894 3015 948 affectu
3038 932 3053 955 ,
3091 895 3233 949 sicut
3264 894 3339 947 ait

136 982 517 1038 satisfactionem
573 999 770 1039 sanare
821 985 1071 1054 cupimus
1106 1025 1120 1049 ,
1183 984 1312 1054 quia
1369 984 1652 1038 manifesta
1761 982 1952 1037 beatus
1980 984 2311 1051 Apostolus:
2353 984 2412 1039 Si
2440 996 2839 1055 prmoccupatus
2882 987 3044 1054 fuerit
3087 986 3240 1039 homo
3285 986 3337 1036 in

133 1084 315 1142 peccata
344 1090 447 1129 non
484 1084 613 1130 sunt
642 1076 856 1131 occulta
885 1077 1229 1131 correctione
1261 1077 1540 1145 purganda
1586 1077 1652 1129 ⁸⁷.
1762 1074 1943 1143 aliquo
1995 1074 2220 1139 delicto,
2268 1093 2356 1128 vos
2398 1078 2486 1145 qui
2536 1078 2841 1146 spirituales
2887 1078 3044 1140 estis,
3091 1078 3335 1129 iustruite

134 1168 299 1221 Omnes
324 1182 447 1236 ergo
478 1167 570 1236 qui
606 1167 658 1221 in
690 1177 837 1221 recta
872 1166 975 1221 ﬁde
1006 1170 1245 1236 suspecti
1278 1177 1442 1233 sunt,
1474 1168 1527 1221 in
1563 1183 1657 1222 ac-
1760 1166 2068 1228 huiusmodi
2093 1167 2145 1218 in
2177 1169 2368 1234 spiritu
2398 1170 2635 1222 lenitatis
2658 1208 2671 1229 ,
2702 1172 3042 1221 considerans
3071 1170 3293 1236 teipsum
3319 1208 3335 1232 ,

136 1258 374 1311 cusatione
401 1256 743 1311 sacerdotum
773 1265 1040 1311 eteorum
1064 1299 1077 1321 ,
1109 1274 1269 1327 super
1295 1274 1528 1328 quorum
1558 1259 1659 1312 fide
1762 1274 1823 1310 ne
1871 1268 1919 1311 et
1955 1268 2010 1311 tu
2042 1259 2277 1312 tenteris.
2312 1259 2461 1312 Alter
2516 1259 2736 1312 alterius
2794 1275 2955 1311 onera
3011 1269 3252 1327 portate,
3286 1268 3335 1310 et

138 1362 220 1400 non
243 1348 524 1409 hmsitatur,
553 1348 781 1402 minime
804 1349 1161 1417 recipiantur,
1188 1358 1240 1403 et
1264 1350 1316 1402 in
1349 1350 1659 1405 testimonio
1761 1352 1835 1405 sic
1866 1350 2222 1419 adimplebitis
2259 1352 2419 1419 legem
2452 1352 2653 1406 Christi
2689 1352 2752 1402 ⁷¹.
2780 1350 2949 1405 Porro
2982 1350 3039 1405 S.
3072 1350 3239 1404 David
3272 1352 3338 1405 de

139 1439 335 1491 humano
371 1438 518 1491 dubii
554 1438 879 1492 habeantur.
945 1438 1214 1492 lnfirmari
1266 1455 1394 1508 ergo
1446 1449 1661 1509 oportet
1764 1441 2089 1495 criminibus
2117 1441 2415 1495 mortiferis
2441 1442 2549 1507 egit
2579 1441 2954 1510 pmnitentiam
2985 1442 3052 1503 τ’,
3078 1451 3131 1494 et
3157 1449 3337 1493 tamen

138 1542 290 1581 corum
319 1543 496 1582 vocem
520 1571 535 1593 ,
565 1529 632 1583 de
659 1544 895 1598 quorum
922 1530 1027 1583 fide
1053 1530 1353 1597 dubitatur,
1387 1547 1485 1585 nec
1512 1532 1590 1585 eis
1614 1531 1661 1562 ⁸⁸
1764 1529 1817 1582 in
1858 1529 2063 1581 honore
2094 1530 2415 1597 permansit.
2450 1529 2647 1583 Beatus
2690 1544 2908 1598 quoque
2948 1528 3141 1583 Petrus
3183 1544 3336 1581 ama-

137 1620 317 1673 omnino
331 1635 443 1675 esse
469 1620 822 1685 credendum,
848 1623 939 1691 qui
972 1630 1172 1676 rectam
1200 1623 1356 1677 fidem
1386 1624 1657 1693 ignorant.
1764 1619 2012 1673 rissimas
2042 1618 2315 1690 lacrymas
2341 1618 2480 1673 fudit
2507 1660 2521 1685 ,
2550 1621 2771 1690 quando
2799 1619 3087 1672 Dominum
3114 1634 3339 1688 negasse

136 1706 443 1771 Quaerendum
478 1716 559 1762 est
598 1724 728 1778 ergo
754 1709 1032 1779 injudicio
1058 1711 1124 1741 ⁵³⁸
1152 1712 1307 1779 cujus
1334 1712 1404 1766 sit
1430 1728 1662 1768 conver-
1763 1709 2051 1777 ptenituit,
2099 1709 2191 1761 sed
2242 1719 2420 1762 tamen
2466 1710 2745 1778 apostolus
2788 1709 3108 1778 permansit.
3142 1708 3207 1761 Et
3234 1708 3341 1760 Do-

138 1800 322 1853 sationis
364 1808 415 1853 et
455 1799 578 1853 ﬁdei
605 1841 618 1863 ,
650 1800 694 1853 is
725 1801 817 1870 qui
852 1810 1109 1866 accusat,
1143 1812 1195 1857 et
1228 1804 1274 1858 is
1304 1804 1396 1872 qui
1432 1819 1662 1858 accusa.
1766 1799 1949 1852 minus
1990 1815 2087 1868 per
2127 1799 2449 1868 prophetam
2496 1800 2849 1869 peccantibus
2899 1800 3203 1868 pollicetur,
3252 1798 3335 1851 di—

140 1894 481 1960 tur,quoniam
516 1893 571 1947 hi
605 1894 697 1963 qui
733 1909 841 1948 non
878 1903 1007 1949 sunt
1038 1906 1200 1949 recta:
1232 1896 1661 1949 conversationis
1694 1891 1735 1943 Β
1765 1908 1934 1947 cens:
1979 1892 2235 1946 Peccator
2270 1894 2323 1945 in
2362 1909 2671 1962 quacunque
2729 1892 2813 1945 die
2872 1908 3147 1945 conversus
3188 1892 3336 1961 inge-

139 2000 181 2037 ac
207 1984 347 2046 ﬁdei,
381 1994 432 2039 et
461 2002 697 2055 quorum
733 1987 842 2040 vita
875 1995 959 2041 est
989 1986 1344 2055 accusabilis,
1389 2002 1497 2040 non
1537 2002 1661 2055 per-
1762 1984 1990 2049 muerit,
2027 1985 2265 2036 omnium
2304 1985 2653 2053 iuiquitatum
2694 1983 2841 2036 illius
2881 2000 2985 2036 non
3022 1981 3342 2038 recordabar

140 2078 374 2129 mittuntur
395 2077 632 2146 majores
658 2086 785 2131 natu
812 2092 1090 2143 accusare,
1119 2093 1218 2131 nec
1240 2093 1478 2146 quorum
1504 2078 1657 2141 lldes,
1763 2075 1997 2144 amplius
2027 2074 2099 2128 ⁷⁸.

140 2170 216 2220 vita
254 2176 300 2221 et
337 2167 556 2222 libertas
604 2170 870 2223 nescitur.
917 2166 1102 2237 Neque
1131 2168 1263 2223 viles
1308 2182 1555 2237 persona:
1605 2168 1658 2220 in
2508 2163 2594 2218 VI.

138 2274 285 2312 eorum
318 2261 651 2329 recipiantur
684 2261 1089 2315 accusationem
1121 2262 1187 2314 ⁸³.
1224 2259 1505 2314 Rimanda:
1536 2274 1661 2313 vero
1907 2259 1964 2313 Si
1991 2260 2156 2329 possit
2187 2259 2433 2311 sacerdos
2455 2268 2570 2327 post
2598 2258 2803 2325 lapsum
2838 2259 3165 2312 ministrare.

140 2359 235 2403 sunt
274 2351 589 2405 enucleatim
639 2366 886 2419 persona:
929 2359 1347 2415 accusatorum,
1379 2366 1499 2418 quae
1545 2349 1663 2404 sine

1837 2371 2032 2425 Errant
2079 2372 2223 2425 enim
2252 2372 2318 2435 ⁷⁸,
2376 2372 2469 2441 qui
2527 2381 2718 2440 putant
2769 2371 2980 2426 Domini
3032 2371 3345 2426 sacerdotes

141 2443 298 2509 scripto
326 2442 567 2509 dillicile,
603 2459 703 2513 per
735 2444 995 2511 scriptum
1027 2452 1207 2497 autem
1244 2456 1526 2511 nunquam
1574 2456 1665 2496 re-

1764 2470 1888 2529 post
1922 2461 2170 2530 lapsum,
2221 2464 2264 2516 si
2308 2464 2629 2533 condignam
2672 2462 2882 2532 egerint
2925 2462 3341 2531 pmnitentiam,

142 2533 360 2601 cipiantur
386 2552 399 2588 :
428 2534 558 2603 quia
591 2549 688 2602 per
714 2535 1037 2603 scripturam
1071 2532 1254 2586 nullus
1289 2547 1549 2586 accusare
1580 2531 1663 2586 vel
1767 2552 1999 2607 Domino
2048 2554 2363 2609 ministrare
2412 2531 2520 2607 ησή
2556 2531 2749 2623 posse"
2800 2562 2855 2608 et
2895 2554 3011 2608 suis
3039 2554 3340 2607 honoribus

142 2626 332 2679 accusari
374 2636 555 2696 potest
587 2628 633 2656 ⁸ο
656 2668 669 2691 ,
705 2626 797 2679 sed
841 2625 1061 2694 propria
1106 2639 1272 2690 voce,
1307 2634 1360 2678 et
1401 2632 1664 2694 praesente

1800 2644 1873 2697 rui
1895 2684 1911 2707 ,
1955 2646 2001 2699 si
2052 2645 2252 2699 bonam
2296 2645 2551 2714 deinceps
2578 2644 2744 2699 vitam
2779 2643 3067 2709 duxerint,
3096 2652 3149 2697 et
3184 2659 3343 2697 suum

140 2729 207 2779 eo,
242 2733 382 2786 quem
426 2733 695 2773 accusare
738 2718 1008 2782 voluerit,
1058 2732 1214 2771 suam
1259 2718 1498 2785 quisque
1541 2724 1664 2785 agat

1800 2734 2138 2788 accrdotium
2172 2735 2442 2803 condigne
2470 2735 2849 2790 custodierint.
2888 2733 2951 2787 Et
2982 2734 3080 2802 ipsi
3112 2734 3205 2803 qui
3242 2734 3347 2787 hoc

144 2808 491 2862 accusationem
525 2810 597 2860 ".
628 2806 737 2861 Nec:
761 2809 984 2861 absente
1014 2823 1079 2861 c0
1108 2808 1173 2872 θ’,
1205 2823 1366 2876 quem
1402 2823 1664 2862 accusare
1766 2832 1961 2892 putant
1989 2863 2003 2888 ,
2029 2838 2135 2877 non
2169 2824 2343 2877 solum
2372 2834 2558 2877 errant
2578 2865 2592 2889 ,
2622 2824 2715 2876 sed
2756 2822 2918 2876 etiam
2952 2830 3140 2874 contra
3168 2820 3343 2873 tradi-

141 2898 348 2967 voluerit,
379 2902 692 2971 cuicunque
726 2904 1029 2956 accusatori
1074 2904 1348 2957 credatur.
1403 2902 1666 2957 Similiter
1768 2923 1851 2967 ms
1876 2913 2131 2969 Eoi-[estw
2155 2916 2334 2970 claves
2358 2916 2638 2984 disputant
2661 2914 2705 2945 τι
2726 2921 2783 2967 et
2807 2927 2967 2982 agerc
2990 2911 3258 2972 videntur,
3282 2910 3350 2964 de

144 2997 266 3045 testes
284 3009 771 3063 perquamcunque
802 2996 1125 3063 scripturam
1152 2996 1520 3050 testimonium
1555 3011 1662 3050 non

1809 3007 1967 3060 tribus
2010 3006 2215 3060 dictum
2253 3016 2374 3059 est:
2420 3006 2755 3073 Quwcunque
2780 3000 3042 3055 solveritis
3079 2999 3133 3051 in
3170 3009 3307 3051 terra
3330 3036 3345 3059 ,

144 3082 400 3151 proferant,
435 3086 528 3139 sed
570 3096 897 3153 praesentes,
934 3087 998 3140 de
1046 3088 1128 3141 his
1158 3102 1279 3157 qua:
1321 3087 1572 3141 viderunt
1613 3097 1664 3142 et

1802 3110 1921 3151 runt
1965 3098 2141 3151 soluta
2181 3105 2227 3147 et
2269 3097 2323 3148 in
2363 3096 2563 3151 uelo".
2598 3093 2856 3162 Alioquin
2896 3092 3009 3144 haec
3042 3088 3345 3149 sententia,

144 3183 387 3236 noverunt,
434 3174 709 3228 veraciter
763 3175 1137 3229 testimonium
1188 3177 1392 3231 dicant.
1445 3176 1555 3232 Nec
1600 3178 1667 3232 de
1699 3235 1736 3251 Α
1771 3200 1861 3244 aut
1892 3189 2102 3242 Domini
2134 3202 2239 3240 non
2269 3194 2355 3239 est
2379 3227 2392 3251 ,
2422 3193 2515 3239 aut
2545 3199 2672 3238 vera
2703 3194 2805 3237 est.
2833 3179 2945 3235 Nos
2975 3194 3106 3234 γοιιο
3135 3178 3350 3233 indum-

145 3262 233 3315 aliis
270 3265 436 3319 causis
483 3266 575 3318 vel
623 3266 853 3336 negotiis
895 3266 1082 3321 dicant
1114 3267 1521 3335 testimonium,
1562 3269 1668 3324 nisi
1696 3235 1737 3291 Ο
1774 3290 1976 3346 iam”,
2006 3291 2113 3333 iam
2144 3278 2355 3334 Domini
2405 3276 2714 3331 sacerdotes
2744 3289 2909 3344 quam
2942 3272 3183 3341 reliquos
3214 3270 3348 3324 lide-

145 3353 191 3407 de
216 3355 284 3409 liis
310 3374 421 3425 qua:
454 3360 565 3413 sub
593 3360 882 3428 prmsentia
913 3374 1102 3412 eorum
1138 3368 1256 3413 acta
1290 3375 1411 3415 esse
1436 3376 1673 3416 noscun-
1775 3368 1852 3422 lcs
1874 3408 1888 3428 .
1918 3380 2043 3437 post
2067 3367 2286 3437 dignam
2318 3364 2747 3420 satisfactionem
2778 3377 2938 3432 posse
2961 3361 3140 3415 redire
3161 3360 3229 3414 ad
3257 3361 3352 3413 ho-

148 3452 227 3496 tur.
272 3446 621 3505 Accusatores
680 3465 808 3504 vero
860 3449 1251 3515 consanguinei
1290 3450 1356 3514 ⁸³,
1410 3452 1673 3506 adversus
1775 3471 1935 3509 nores
1961 3454 2241 3509 credimus
2262 3455 2330 3519 ⁷⁷,
2354 3462 2587 3508 testante
2611 3450 2842 3505 Domino
2868 3465 2963 3521 per
2987 3448 3303 3518 prophetam
3332 3464 3345 3499 :

146 3546 381 3595 extraneos
414 3541 793 3600 testimonium
828 3556 932 3594 non
965 3540 1182 3606 dicant,
1235 3556 1334 3596 nec
1377 3540 1672 3597 familiares
1778 3546 2030 3616 Nunquid
2062 3548 2151 3617 qui
2181 3548 2325 3600 cadit
2350 3584 2366 3609 ,
2397 3562 2499 3598 non
2532 3543 2745 3610 adiiciet
2778 3551 2835 3595 ut
2865 3542 3219 3613 resurgat?et
3251 3542 3343 3609 qui

146 3629 207 3683 vel
231 3632 284 3685 de
308 3634 462 3688 domo
492 3636 827 3705 prodeuntes
858 3653 872 3689 :
902 3635 995 3689 sed
1030 3634 1076 3689 si
1110 3635 1419 3699 voluerint,
1451 3645 1504 3689 et
1535 3634 1673 3688 ittvi-
1775 3652 1989 3687 aversus
2032 3644 2140 3701 est,
2181 3652 2280 3687 non
2318 3641 2599 3687 revertetur
2621 3632 2667 3663 ’⁸
2691 3633 2716 3684 ?
2744 3630 2811 3685 Et
2841 3631 2973 3684 alibi
3008 3647 3021 3683 :
3052 3629 3193 3682 Nolo
3214 3671 3227 3693 ,
3276 3631 3353 3681 in-

149 3737 235 3775 ccta
282 3728 655 3782 consenserint
721 3729 863 3781 inter
897 3742 954 3780 se
974 3765 989 3790 ,
1024 3736 1273 3795 parentes
1296 3726 1673 3781 tantummodo
1776 3724 1895 3794 quit
1922 3722 2207 3790 Dominus,
2231 3733 2451 3776 mortem
2474 3722 2787 3790 peccatoris,
2811 3721 2901 3773 sed
2926 3730 2981 3773 ut
3008 3727 3354 3772 convertatur

150 3815 471 3881 testiﬁcentur,
506 3827 562 3871 ct
592 3834 701 3871 non
740 3819 793 3872 in
840 3818 998 3873 alios.
1043 3816 1153 3871 Nec
1199 3826 1546 3872 accusatores
1592 3818 1674 3874 vel
1775 3825 1825 3869 et
1853 3816 2081 3870 vivat".
2116 3815 2179 3869 Et
2208 3815 2468 3885 propheta
2516 3812 2685 3868 David
2751 3811 3128 3881 pmnitentiam
3163 3825 3351 3879 agens,

150 3913 274 3960 testes
301 3910 524 3978 suspecti
556 3911 895 3978 recipiantur
928 3930 940 3964 :
968 3909 1097 3979 quia
1132 3910 1589 3979 propinquitatis,
1620 3920 1675 3965 et
1775 3909 1911 3962 dixit
1938 3927 1950 3962 :
1985 3907 2157 3963 Redde
2186 3909 2312 3961 mihi
2343 3908 2588 3962 lwtitiam
2631 3904 2886 3961 salutaris
2908 3904 3023 3969 tui,
3060 3913 3109 3957 et
3160 3903 3353 3971 spiritu

151 3992 513 4065 familiaritatis,
560 4016 627 4054 ac
676 4000 1065 4055 dominationis
1095 4001 1316 4055 affectio
1338 4040 1353 4065 ,
1390 4001 1672 4055 veritatem
1776 3999 2061 4069 principali
2116 4000 2372 4067 conﬁrma
2431 4014 2509 4051 me
2542 3998 2614 4051 ⁸ο.
2666 3996 2786 4065 Ipse
2816 4010 3053 4063 namque
3088 4001 3213 4063 post
3237 4007 3355 4061 pm-

149 4082 356 4153 impedire
380 4091 513 4144 solet
543 4092 611 4142 σι.
642 4091 814 4144 Αιιιοι·
836 4092 1076 4145 carnalis
1095 4132 1109 4157 ,
1138 4099 1193 4145 et
1223 4093 1385 4145 timor
1413 4093 1482 4157 ⁸⁸,
1511 4102 1675 4161 atque
1778 4094 2061 4147 nitentiam
2093 4100 2146 4145 et
2174 4092 2310 4145 alios
2343 4089 2551 4151 docuit,
2597 4096 2652 4143 et
2686 4085 3015 4141 sacrificium
3054 4082 3164 4138 Deo
3193 4084 3355 4137 obtu-

151 4178 355 4243 avaritia,
398 4182 721 4249 plerumque
764 4197 960 4235 sensus
1009 4182 1267 4235 hebetant
1308 4182 1575 4237 humanos
1622 4191 1676 4234 et
1778 4183 1863 4244 lit,
1897 4184 2037 4237 dans
2070 4182 2377 4252 exetnplum
2408 4179 2725 4258 doctoribus
2771 4187 2973 4232 sancta:
3000 4174 3276 4237 Ecclesiae,
3308 4173 3355 4228 si

150 4280 409 4333 pervertunt
442 4274 776 4341 Opiniones;
837 4282 895 4327 ut
949 4283 1220 4343 quaestum
1274 4274 1526 4342 pietatem
1575 4289 1675 4341 pu-
1778 4274 1914 4343 lapsi
1947 4273 2172 4339 fuerint,
2206 4282 2260 4327 et
2313 4273 2638 4341 condignam
2675 4269 3051 4338 paenitentiam
3094 4267 3207 4322 Deo
3230 4282 3356 4336 ges-

152 4368 261 4423 tent,
290 4372 338 4416 et
368 4370 654 4433 pecuniam
688 4366 850 4433 quasi
888 4365 1194 4419 mercedem
1232 4365 1675 4434 prudentiie.Ne-
1779 4364 1969 4428 scrint,
2001 4372 2294 4431 utrumque
2324 4362 2501 4416 facere
2532 4375 2712 4430 posse.
2744 4358 2935 4413 Docuit
2967 4359 3113 4413 enim
3133 4356 3356 4427 quando

150 4466 213 4503 mo
248 4455 367 4507 enim
408 4459 458 4509 in
480 4457 606 4509 dolo
650 4456 903 4525 loquatur
948 4458 1015 4510 ad
1066 4457 1366 4526 proximum
1398 4473 1553 4509 suum
1603 4458 1671 4508 ⁸⁸.
1778 4455 1953 4509 dixit:
1985 4452 2189 4506 Docebo
2220 4453 2426 4521 iniquos
2455 4452 2565 4504 vias
2598 4460 2737 4513 tuas,
2772 4460 2817 4502 et
2866 4450 3015 4519 impii
3041 4449 3110 4502 ad
3146 4458 3191 4501 te
3220 4465 3350 4501 con-

154 4538 288 4596 Fovea
327 4546 435 4600 alta
464 4559 541 4601 est
577 4564 635 4601 os
671 4548 915 4601 malevoli
947 4550 1013 4601 ⁸⁷.
1046 4547 1311 4603 lnnocens
1339 4548 1468 4601 dum
1506 4549 1676 4602 credit
1709 4588 1751 4642 υ
1780 4556 2048 4600 vertentur
2096 4545 2162 4597 ⁸⁸.
2217 4543 2283 4597 Ει
2328 4542 2656 4599 sacrificium
2710 4538 2820 4594 Deo
2873 4556 2970 4609 pro
3025 4557 3083 4595 se
3137 4540 3356 4605 obtulit,

152 4630 298 4700 facile,
323 4636 427 4692 cito
452 4640 678 4694 labitur.
716 4639 821 4694 Sed
858 4642 960 4695 iste
985 4642 1204 4709 lapsus,
1235 4642 1410 4709 surgit
1438 4657 1452 4705 ;
1487 4652 1539 4693 et
1566 4648 1673 4693 tcr-
1709 4630 1747 4642 ”
1781 4638 1911 4690 dum
1936 4635 2180 4690 diccbat:
2210 4632 2546 4702 Sacriﬁcium
2574 4632 2678 4685 Deo
2702 4632 2923 4701 spiritus
2947 4631 3357 4684 contribulatus.

152 4723 400 4789 git'ersator
425 4732 541 4787 suis
564 4732 776 4786 artibus
804 4732 1192 4801 przccipitatur,
1223 4732 1367 4786 unde
1394 4748 1672 4800 nunquam
1785 4727 1990 4783 Videas
2041 4727 2187 4782 enim
2249 4726 2518 4795 Propheta
2566 4726 2772 4781 scelera
2818 4739 2917 4779 sua
2974 4723 3233 4777 mundata
3266 4737 3362 4791 per

152 4815 321 4871 exsiliat
346 4829 502 4891 atque
546 4822 761 4875 evadat.
806 4821 1078 4876 Ponderct
1121 4837 1250 4892 ergo
1296 4821 1674 4890 unusquisque
1780 4820 2182 4892 pmnitentiam,
2216 4833 2324 4873 non
2355 4818 2641 4883 dubitavit,
2673 4815 3020 4886 praedicando
3043 4823 3096 4868 et
3128 4813 3360 4866 Domino

152 4922 383 4965 sermones
410 4926 577 4977 suos,
608 4922 661 4965 et
694 4913 839 4981 quod
878 4912 984 4967 sibi
1017 4914 1163 4982 loqui
1196 4928 1302 4967 non
1339 4914 1486 4976 vult,
1516 4913 1674 4967 alteri
1784 4912 2023 4975 libando,
2050 4924 2245 4965 curare
2299 4908 2498 4964 aliena.
2554 4907 2943 4978 Lacrymarum
2977 4919 3106 4973 ergo
3166 4901 3362 4955 eﬂusio

153 5010 234 5048 non
281 4998 549 5069 loquatur.
605 4999 763 5055 Unde
817 5001 952 5055 bene
1012 5016 1164 5056 sacra
1218 5001 1296 5055 ait
1347 5000 1674 5069 Scriptura:
1785 5010 1967 5054 movet
2000 5000 2168 5054 animi
2215 4998 2546 5068 passionem.
2613 4994 3001 5051 Satisfactionc
3037 5001 3217 5045 autem
3253 4990 3362 5043 im-

155 5087 272 5149 Quod
320 5092 406 5145 tibi
448 5112 556 5148 non
604 5095 681 5148 vis
731 5094 881 5160 ﬁeri,
928 5093 1084 5148 alteri
1131 5110 1193 5147 ne
1236 5094 1405 5161 facias
1454 5093 1520 5146 ⁸⁸.
1567 5090 1678 5147 Nos
1789 5092 1954 5160 pleta,
1982 5089 2246 5145 avertitur
2272 5089 2490 5143 animus
2520 5086 2588 5140 ab
2619 5086 2721 5139 ira.
2751 5082 2855 5148 Qui
2903 5082 3048 5136 enim
3082 5094 3187 5133 non
3212 5078 3365 5149 igno-

205 5310 238 5339 ⁸⁷
278 5312 327 5367 S.
368 5312 496 5369 Isid.
544 5330 629 5376 ιιι,
658 5312 808 5369 Sent.
839 5315 930 5368 46.
1006 5315 1051 5345 ⁸⁸
1093 5313 1222 5367 Adr.
1274 5313 1380 5368 col.
1426 5311 1478 5365 4.
1558 5313 1623 5342 ³⁸⁸
1648 5308 1713 5373 2,
1750 5308 2005 5380 quaest.)
2031 5304 2440 5380 iQuzcrcpdutn
2467 5308 2569 5354 est.
2598 5298 2664 5353 Et
2693 5298 2747 5352 in
2797 5296 3252 5380 Carthagupquc-A
3293 5310 3366 5380 ιχ.

155 5390 244 5452 ξιιμ
292 5365 817 5439 Βϐξᾟείιζιπέτῖιῖὲι
844 5365 1007 5439 cits.
1095 5365 1241 5447 3972',
1268 5365 1326 5452 τί.
1358 5365 1429 5436 8:
1459 5382 1664 5436 Accusa

1808 5395 1879 5432 m.
1958 5378 2003 5409 ⁶⁰
2030 5365 2122 5440 ’5,”
2147 5393 2199 5445 q.
2325 5391 2336 5425 :
2374 5372 2652 5452 Absenten
2672 5384 2737 5423 eo
2794 5365 3023 5452 quem:
3053 5365 3093 5395 θ’
3127 5365 3160 5417 5
3181 5402 3195 5427 ,
3230 5378 3285 5445 q.
3314 5366 3366 5443 9;

156 5435 605 5524 Testesper‘q—uas:
657 5435 1005 5510 g’va’idehcot'l;
1037 5435 1245 5509 Theoil:
1278 5435 1329 5507 éi
1360 5435 1628 5524 Anianutn
1660 5450 1909 5518 aliosque
1953 5435 2445 5524 juriscoiisttltos.m
2508 5440 2595 5524 __”
2619 5439 2678 5521 Ξε
2705 5454 2761 5508 (1.
2890 5456 2919 5524 εᾼ
2964 5435 3368 5524 Ορηῇξιξιβλιξὲηῗί

159 5508 531 5591 β-ςςιιςείοιθδῖη
566 5508 573 5521 2
679 5526 723 5555 ⁸⁸
780 5508 955 5579 Atiian
991 5542 1003 5573 τ
1053 5508 1309 5579 veritatis
1384 5508 2331 5591 professionem].propinquitatis;
2368 5510 2582 5565 affectio
2668 5508 2929 5591 impedire
2949 5508 3366 5591 vgognq-scri'tnlr.

158 5585 190 5615 ιι
220 5572 494 5664 sgittis;
524 5610 615 5664 ορ.
648 5595 743 5659 ii,
777 5572 955 5664 £1355?
977 5572 1640 5664 minus;minume
1663 5572 1806 5642 psai:
1836 5572 2012 5664 aui,
2047 5572 2128 5664 ιχ,
2208 5586 2249 5615 ιτ
2296 5582 2493 5664 pri..."
2716 5572 2873 5664 ιίικετι
2905 5572 3121 5664 axx;
3149 5574 3195 5664 ιε
3234 5572 3369 5664 T9};-

160 5640 1260 5732 ιν,ί16.“”’ίῖ’ὲ.”¹ιῖηἷιὶἐ.’ἑῷἷέὶὶιιέἶῗσζςῑ.”“ἶδ
1288 5640 1835 5732 strategum
1862 5640 1933 5711 tr.
1967 5640 2017 5713 c'.
2051 5655 2264 5732 quecui.
2370 5653 2412 5732 ζξ
2456 5640 2770 5732 petauri,
2809 5648 2887 5732 ﬁt.
2919 5646 2991 5732 «Ill
3071 5640 3372 5732 :5.qu-

161 5712 363 5801 ιιιίςιίέρ.
404 5712 1022 5790 δοἯὲ
1220 5712 1559 5787 Ρυῖιίόξωέί
1588 5712 1971 5784 Εῑεοίιίχνιιι
1996 5766 2011 5791 ,
2062 5726 2125 5779 2|
2148 5768 2161 5793 ,
2193 5724 2285 5780 22.
2373 5712 2709 5797 QvittﬂDccr.
2740 5712 3151 5837 uenalium}?
3233 5712 3277 5741 ⁷⁵
3311 5712 3367 5763 5ο

161 5794 318 5837 Διιειικο
372 5804 476 5837 :t.:.t
578 5805 623 5835 το
658 5805 822 5837 uani.
878 5821 1004 5837 ...ειη
1075 5806 1137 5837 49
1263 5804 1305 5834 71
1345 5803 1382 5837 ς
1431 5801 1570 5837 ama
1625 5815 1690 5837 nn
1742 5796 1808 5837 Et
1841 5798 1960 5837 Iitn-i
1998 5812 2093 5837 mi
2217 5796 2261 5826 ⁷⁸
2299 5792 2497 5837 .lm-nm.
2559 5805 2693 5837 vttt.
2734 5786 2786 5837 4.
2864 5786 2908 5818 ⁷⁹
2950 5778 3089 5837 Ezec
3136 5821 3150 5836 .
3209 5795 3367 5837 XVIII.

159 5778 1188 5877 ,ViS‘.“
1220 5778 1241 5785 ρ
1431 5778 1808 5877 βιρεῗέβῖέὶξί
2150 5778 2161 5793 ’
2217 5778 2657 5848 τίειρνῖῑῇἶῖἰιι
2679 5829 2693 5855 ,
2734 5786 2786 5839 4.
2864 5786 2908 5818 ⁷⁹
2922 5778 3150 5839 ἜΪίὸὸῊ.
3209 5795 3373 5843 xvnt,

161 5868 237 5937 δί,
288 5884 335 5927 et
362 5889 571 5944 xxxiii,
606 5876 690 5930 il.
769 5877 811 5908 ⁸ο
848 5874 991 5931 Psal.
1022 5868 1071 5939 ι,
1100 5876 1181 5929 Μ.
1260 5874 1302 5905 ⁸¹
1336 5873 1466 5927 Ibid.
1508 5868 1588 5924 l5.

3340 5946 3351 5953 Ι
3510 5956 3511 5963 t

3284 5962 3327 6009 κς

3156 6034 3177 6049 Γ
3204 6010 3281 6039 Ρ⁶ψ
3331 6020 3349 6031 ’Δ
