3966 6510
557 367 651 421 151

1863 366 1918 420 s.
1960 324 2283 422 vnculis
2319 365 2338 419 ι
2375 366 2547 420 rsrs

3719 369 3821 423 131

556 489 659 542 scit
687 487 863 546 alteri.
902 487 1175 558 quomodo
1230 486 1332 541 sibi
1361 494 1513 556 putat
1550 476 1861 540 subveniri?
1892 486 2129 555 Supera-
2162 503 2203 556 Λ
2236 499 2479 548 mortem.
2512 490 2619 543 sive
2645 488 2961 541 obeditionis
3010 488 3077 540 ad
3118 487 3436 555 justitiam?
3472 486 3685 541 Gratias
3716 506 3819 540 au-

557 581 801 634 bundant
832 596 960 650 ergo
994 589 1233 649 peccata,
1288 578 1699 648 superabuntlet
1727 588 1780 631 et
1811 580 2131 633 misericor-

555 673 663 726 dia.
696 672 961 736 Quoniam
1014 672 1155 741 apud
1205 670 1495 723 Dominum
1551 671 1934 731 misericordia,
1971 681 2017 723 et
2051 685 2134 722 co.

553 764 704 831 piosa
731 763 872 830 apud
900 778 1018 814 eum
1074 760 1361 828 redemptio
1384 760 1449 812 ⁸².
1488 759 1662 813 Penes
1700 759 1983 813 Dominum
2016 774 2132 812 om-

554 853 707 907 nium
742 852 1076 906 abundantia
1132 860 1234 913 est,
1265 851 1393 919 quia
1432 850 1683 903 Dominus
1740 851 1996 902 virtutum
2024 851 2133 918 ipse

551 951 629 996 est
659 951 707 993 et
744 957 835 994 rex
895 940 1081 1010 gloria:
1108 940 1175 994 ⁸³.
1229 940 1319 992 Ait
1362 940 1506 993 enim
1570 939 1899 1009 Apostolus:
1942 938 2132 994 Omnes

550 1044 916 1101 peccaverunt,
967 1043 1014 1084 et
1063 1043 1211 1103 egent
1247 1032 1419 1101 gloria
1456 1031 1586 1095 Dei;
1626 1032 1915 1101 justiﬁcati
1964 1033 2133 1102 gratis

549 1139 642 1191 per
671 1123 903 1191 gratiam
948 1123 1136 1191 ipsius,
1183 1138 1275 1191 per
1331 1122 1739 1189 redemptionem
1794 1137 1911 1191 qua:
1971 1130 2047 1174 est
2076 1121 2136 1173 in

548 1210 761 1266 Christo
792 1212 944 1278 Jesu,
980 1229 1132 1281 quem
1181 1212 1453 1281 proposuit
1512 1196 1647 1263 Deus
1706 1212 2128 1278 propitiatorem,

546 1318 638 1369 per
664 1305 822 1372 [idem
852 1307 905 1356 in
933 1303 1191 1373 sanguine
1220 1304 1410 1372 ipsius,
1436 1304 1504 1355 ad
1529 1303 1876 1355 ostensionem
1900 1302 2132 1370 justitia:

548 1410 683 1458 suaz,
710 1408 931 1465 propter
960 1396 1321 1448 remissionem
1349 1394 1755 1463 prtecedentium
1793 1394 2129 1459 delictorum,

548 1487 603 1538 in
631 1488 1014 1540 sustentatione
1048 1486 1162 1546 Dei,
1195 1486 1265 1539 ad
1302 1486 1650 1539 ostensionem
1672 1486 1903 1554 justitiaa
1929 1485 2042 1553 ejus
2075 1485 2128 1537 in

551 1577 648 1628 hoc
678 1587 940 1645 tempore;
976 1587 1029 1630 ut
1062 1577 1130 1629 sit
1182 1577 1292 1645 ipse
1314 1575 1497 1644 justus
1535 1586 1581 1627 et
1627 1575 1935 1643 justiﬁcans
1988 1590 2127 1640 eum,

548 1672 637 1737 qui
655 1685 723 1722 ex
738 1668 1076 1737 ﬁdeestlesn
1104 1669 1304 1724 Christi
1326 1670 1392 1721 ⁸⁵.
1415 1668 1578 1722 David
1609 1669 1753 1722 cnim
1781 1667 1943 1722 dicit:
1980 1667 2131 1720 Beati

548 1776 773 1827 quorum
808 1762 1042 1814 remissa:
1091 1770 1211 1813 sunt
1240 1760 1571 1829 iniquitates,
1625 1767 1674 1811 et
1721 1773 1944 1827 quorum
1994 1767 2129 1811 tecta

548 1861 673 1905 sunt
702 1863 920 1922 peccata
950 1853 1021 1906 ⁸⁸.
1055 1852 1346 1906 Muntlatur
1377 1868 1507 1922 ergo
1540 1853 1706 1907 homo
1734 1867 1764 1905 a
1797 1859 2039 1920 peccato,
2076 1860 2127 1903 et

548 1945 785 2015 resurgit
816 1947 993 2016 gratia
1038 1944 1132 1999 Dei
1182 1946 1367 2015 lapsus
1392 1945 1465 2009 ⁸⁸,
1500 1953 1554 1999 et
1609 1946 1660 1998 in
1690 1944 1921 2014 pristino
1950 1951 2132 1996 manet

547 2036 754 2101 cilicio,
809 2036 967 2105 juxta
1026 2036 1313 2105 przcdictas
1371 2036 1751 2091 auctoritates.
1816 2033 2012 2089 Videat
2062 2048 2129 2088 ne

548 2124 784 2192 amplius
838 2134 1069 2194 peccet,
1133 2134 1193 2179 ut
1251 2125 1519 2179 sententia
1573 2124 1852 2193 Evangelii
1910 2131 2130 2177 maneat

550 2217 602 2269 in
635 2232 739 2270 eo:
790 2216 952 2283 Vade,
989 2228 1036 2272 et
1086 2217 1313 2287 amplius
1343 2218 1451 2271 noli
1497 2232 1708 2286 peccare
1759 2216 1829 2271 ⁸⁷.
1871 2214 2026 2270 Unde
2055 2216 2131 2269 ait

545 2307 843 2377 Apostolus
870 2328 882 2363 :
915 2309 1037 2363 Non
1060 2327 1180 2379 ergo
1215 2319 1389 2379 regnet
1409 2320 1679 2378 peccatum
1713 2312 1767 2361 in
1796 2317 1964 2362 vestro
1990 2323 2130 2360 mor-

546 2401 647 2454 tali
675 2419 910 2470 corpore,
940 2413 997 2455 ut
1049 2404 1310 2456 obediatis
1358 2403 1797 2470 concupiscentiis
1845 2402 1979 2471 ejus.
2024 2399 2127 2455 Sed

545 2508 707 2562 neque
758 2494 1048 2547 exhibeatis
1099 2495 1333 2547 membra
1386 2503 1556 2547 vestra
1616 2510 1768 2546 arma
1827 2493 2127 2562 iniquitatis

545 2594 785 2652 peccato,
819 2586 908 2636 sed
932 2585 1170 2638 exhibete
1220 2600 1306 2637 vos
1336 2583 1465 2650 Deo,
1522 2595 1774 2653 tanquam
1798 2599 1861 2637 ex
1905 2584 2127 2636 mortuis

546 2674 794 2741 viventes,
820 2685 867 2728 et
896 2676 1123 2728 membra
1152 2686 1323 2729 vestra
1376 2692 1527 2729 arma
1548 2676 1783 2744 justitia:
1826 2676 1954 2729 Deo.
1993 2675 2126 2729 Pec-

544 2778 725 2821 catum
751 2768 889 2820 enim
942 2767 1081 2820 vobis
1135 2784 1237 2820 non
1272 2768 1668 2833 dominabitur;
1699 2785 1799 2822 non
1849 2768 1989 2821 enim
2034 2768 2127 2822 sub

555 2858 667 2927 lege
699 2860 847 2923 estis,
880 2859 969 2911 sed
998 2859 1091 2911 sub
1138 2860 1333 2929 gratia.
1368 2858 1507 2923 Quid
1533 2877 1655 2930 ergo
1684 2861 1707 2913 ?
1760 2860 2126 2923 Peccabimus,

544 2949 794 3017 quoniam
826 2965 926 3001 non
960 2965 1142 3001 sumus
1171 2948 1266 3002 sub
1312 2948 1441 3018 lege,
1474 2949 1562 3002 sed
1588 2950 1679 3002 sub
1706 2950 1927 3019 gratia?
1950 2948 2123 3004 Absit.

544 3042 627 3093 An
653 3042 888 3103 nescitis,
919 3042 1168 3110 quoniam
1201 3043 1287 3095 cui
1310 3042 1561 3096 ea'ltibetis
1590 3059 1675 3094 vos
1706 3059 1878 3095 servos
1910 3044 1978 3094 ad
2009 3044 2125 3094 obe-

543 3134 817 3198 diendum,
843 3134 978 3188 servi
1004 3136 1130 3188 estis
1159 3134 1295 3203 ejus,
1328 3136 1414 3189 cui
1435 3135 1679 3198 obeditis,
1707 3136 1811 3189 sive
1832 3136 2033 3203 peccati
2058 3135 2125 3186 ad

604 3297 652 3327 δ’
680 3293 826 3350 Psal.
854 3312 1038 3359 οχχιχ,
1075 3296 1128 3351 7.
1162 3298 1210 3329 ⁸³
1234 3296 1377 3351 Psal.
1401 3313 1556 3355 χχιιι,
1592 3296 1677 3351 10.
1754 3299 1797 3330 ⁸⁸
1823 3297 1979 3351 Rom.
2011 3315 2092 3359 ιιι,
2125 3296 2316 3351 25-96.

2242 592 2340 633 tem
2375 580 2501 637 Deo.
2533 580 2670 649 quod
2713 580 2891 649 fuistis
2916 580 3048 634 servi
3087 582 3306 647 peccati,
3361 580 3611 635 obedistis
3642 590 3821 632 autem

2238 688 2301 725 ea:
2331 672 2484 724 corde
2508 672 2563 724 in
2618 688 2734 725 eam
2779 671 3007 740 formam
3055 671 3333 736 doctrinm,
3361 672 3415 723 in
3446 687 3602 737 quam
3634 670 3821 723 traditi

2238 765 2363 816 estis
2438 762 2674 815 Liberali
2734 772 2909 815 autem
2961 780 2992 816 α
3044 772 3289 827 peccato,
3338 762 3473 815 servi
3510 762 3640 831 facti
3691 762 3821 815 estis

2232 856 2480 924 justitttc.
2512 852 2818 905 Humanum
2853 853 2972 907 dico
3034 853 3112 905 ⁸⁸.
3144 853 3321 922 Majus
3354 854 3498 908 enim
3534 864 3820 923 peccatum

2239 956 2321 1001 est
2342 944 2639 1014 judicantis
2675 945 2743 1007 ⁸³,
2775 959 2939 1014 quam
2985 944 3106 1013 ejus
3136 944 3231 1013 qui
3278 944 3579 1013 judicatur.
3617 942 3825 997 Emisti-

2242 1053 2375 1097 mas,
2411 1034 2588 1104 inquit
2643 1034 2958 1102 Apostolus,
2991 1051 3020 1086 ο
3066 1034 3221 1087 Ιιοηιο
3256 1034 3425 1086 omnis
3477 1035 3568 1102 qui
3598 1034 3823 1102 judicas

2238 1144 2323 1180 eos
2352 1128 2440 1194 qui
2464 1125 2596 1178 talia
2614 1118 2802 1194 agunt,
2832 1136 2882 1177 et
2941 1126 3076 1194 facis
3100 1142 3183 1184 ea.
3208 1126 3332 1194 quia
3360 1135 3416 1178 tu
3438 1126 3655 1193 e/fugies
3672 1126 3824 1194 judi-

2240 1220 2377 1271 cium
2408 1217 2547 1269 Dei?
2586 1218 2664 1270 An
2698 1215 2911 1268 divitias
2955 1216 3201 1268 bonitatis
3234 1216 3347 1282 ejus
3380 1225 3429 1269 et
3475 1218 3753 1285 patientia:
3772 1227 3820 1269 et

2239 1303 2660 1372 longanimitatis
2710 1304 3046 1357 contemnis?
3090 1302 3313 1373 Ignoras
3366 1306 3615 1373 quoniam
3676 1305 3825 1358 beni-

2239 1395 2413 1463 gnitas
2463 1392 2561 1446 Dei
2617 1393 2685 1446 ad
2720 1394 3074 1461 paenitentiam
3132 1404 3180 1446 te
3217 1395 3475 1448 adducit?
3518 1393 3825 1448 Secundum

2240 1487 2499 1540 duritiam
2536 1496 2712 1540 autem
2764 1495 2913 1539 tuam
2952 1494 2999 1539 et
3033 1487 3362 1555 impasnitens
3402 1503 3513 1549 cor,
3548 1488 3823 1541 thesauri-

2242 1593 2332 1630 zas
2365 1578 2461 1631 tibi
2488 1579 2625 1632 iram
2653 1578 2708 1630 in
2748 1576 2833 1630 die
2872 1578 2988 1640 ira',
3024 1587 3072 1632 et
3108 1577 3824 1647 reuelationisjustijudicii

2239 1664 2357 1730 Dei,
2388 1666 2480 1735 qui
2504 1665 2681 1719 reddet
2736 1666 3014 1735 unicuique
3044 1666 3327 1719 secundum
3367 1682 3523 1734 opera
3550 1666 3667 1735 ejus
3696 1682 3715 1719 :
3743 1667 3824 1720 his

2238 1756 2469 1827 quidem,
2492 1758 2582 1826 qui
2626 1757 2913 1810 secundum
2965 1758 3278 1824 patientiam
3313 1757 3433 1811 boni
3471 1760 3671 1827 operis,
3718 1758 3828 1829 glo-

2162 1868 2201 1919 B
2230 1856 2365 1908 riam
2404 1864 2453 1909 et
2507 1854 2754 1908 honorem
2781 1866 2825 1908 et
2855 1856 3324 1924 incorruptionem,
3380 1856 3744 1926 querentibus
3777 1858 3826 1889 ”

2236 1947 2397 2000 vitam
2435 1955 2687 2001 aternam
2709 1962 2727 2010 ,'
2781 1947 2862 2000 Itis
2896 1956 3095 2011 autem,
3145 1949 3235 2017 qui
3286 1963 3352 2000 ea:
3385 1949 3747 2010 contentione.
3776 1958 3825 2002 et

2234 2038 2325 2107 qui
2351 2053 2451 2090 non
2484 2038 2816 2107 acquiescant
2856 2038 3088 2102 veritati,
3136 2038 3358 2093 credunt
3413 2049 3587 2093 autem
3619 2040 3828 2110 iniqui-

2237 2130 2355 2192 tati,
2383 2128 2469 2180 ira
2511 2137 2558 2181 et
2584 2128 2901 2197 indignatio,
2947 2128 3223 2183 tribulatio
3253 2138 3302 2183 et
3332 2132 3580 2200 angustia
3611 2131 3671 2184 in
3709 2147 3821 2184 om-

2236 2236 2351 2272 nem
2380 2220 2616 2273 animam
2645 2219 2871 2274 hominis
2920 2222 3187 2289 aperantis
3233 2221 3455 2286 malum,
3498 2220 3685 2275 Iudici
3712 2226 3822 2293 pri-

2236 2327 2377 2364 mum
2404 2320 2452 2363 et
2480 2310 2671 2366 Caeci.
2705 2312 2891 2365 Gloria
2923 2321 3120 2379 autem,
3157 2323 3206 2367 et
3237 2313 3423 2375 honor,
3458 2323 3507 2367 et
3545 2329 3650 2382 pax
3676 2316 3827 2367 omni

2235 2403 2473 2471 aperanti
2509 2404 2699 2456 bonum
2724 2403 2792 2457 ".
2830 2403 3191 2469 Senlentiam,
3227 2404 3444 2468 fratres,
3500 2420 3621 2473 qua:
3655 2408 3823 2460 misc-

2234 2492 2526 2547 ricordiam
2552 2503 2695 2547 vetat
2724 2494 2791 2558 θ’,
2826 2510 2933 2548 non
2971 2494 3149 2549 solum
3177 2503 3380 2560 tenere,
3418 2496 3512 2549 sed
3537 2505 3591 2550 et
3617 2496 3819 2550 audire

2237 2581 2485 2653 refugite,
2518 2584 2644 2653 quia
2678 2584 2859 2653 potior
2904 2594 2986 2638 est
3006 2584 3393 2663 misericordia
3423 2586 3687 2640 omnibus
3725 2588 3821 2639 Ιιο·

2233 2673 2691 2730 locautomatibus
2741 2684 2793 2730 et
2840 2675 3124 2731 sacriﬁciis
3179 2675 3247 2732 ’³.
3291 2676 3568 2731 Consultis
3616 2680 3823 2734 vestris

2238 2767 2471 2821 breviter
2520 2768 2931 2837 respondimus,
2991 2768 3120 2836 quia
3167 2784 3457 2838 oppressos
3511 2769 3708 2835 nimis,
3769 2782 3825 2826 et

2232 2868 2643 2929 prteoccupatos
2700 2859 2823 2915 aliis
2871 2858 3118 2928 judiciis,
3175 2859 3367 2914 litterm
3407 2874 3506 2913 nos
3548 2860 3821 2915 invenere

2232 2960 2447 3005 νεειιιε.
2475 2948 2608 3004 Data
2632 2965 2731 3004 vni
2752 2949 2877 3005 ldus
2898 2949 3171 3017 Octobris,
3200 2950 3477 3005 Antonino
3500 2959 3554 3005 et
3577 2950 3822 3005 Alexan-

2232 3043 2332 3095 dro
2357 3043 2490 3097 viris
2516 3042 2841 3098 clarissimis
2880 3043 3199 3097 consulibus
3229 3042 3294 3095 “.

2396 3298 2440 3331 "
2468 3295 2611 3352 Psal.
2634 3312 2785 3362 χχχι,
2824 3296 2875 3348 1.
2954 3296 3000 3327 ⁸⁸
3029 3312 3056 3348 a
3084 3296 3240 3363 lapsu
3314 3294 3358 3325 ⁸⁷
3384 3292 3541 3347 Juan.
3565 3308 3687 3352 vm.
3730 3294 3815 3345 11.

578 3369 802 3439 “Rom.
839 3387 912 3430 vr,
948 3372 1132 3427 12-19.
1209 3372 1254 3402 ⁸⁸
1279 3372 1409 3425 Sixti
1441 3382 1580 3425 sent.
1618 3375 1731 3426 171.
1807 3375 1853 3404 ⁹⁰
1887 3373 2116 3425 Roman.
2142 3373 2381 3424 Correct.
2416 3372 2711 3439 praeferunt
2746 3372 2971 3423 verbum
3002 3379 3240 3439 qutrrunt
3272 3368 3552 3438 participio
3579 3382 3831 3439 quaeren-

581 3438 735 3493 tibus.
802 3440 846 3471 ⁹¹
874 3440 1029 3494 Rom.
1062 3459 1119 3505 ιι,
1149 3443 1202 3505 5,
1236 3442 1319 3495 10.
1382 3444 1427 3472 ⁹¹
1451 3442 1580 3495 Sixti
1613 3452 1754 3497 sent.
1782 3444 1905 3507 528,
1939 3458 2005 3496 ex
2035 3456 2154 3495 vers

2243 3457 2281 3495 te
2310 3440 2488 3494 Ruﬁni
2512 3440 2601 3509 qui
2628 3440 2759 3493 obiit
2784 3456 2872 3493 an.
2902 3438 3022 3493 411.
3088 3440 3134 3471 ⁸⁸
3159 3439 3319 3493 Marc.
3352 3455 3445 3492 xu.
3505 3438 3551 3469 “
3578 3438 3672 3491 an.
3699 3439 3828 3493 9.29..

1864 3798 2035 3841 ANNO
2085 3794 2318 3840 DOMINI
2360 3794 2616 3840 CCXXXI.

1435 3979 1607 4159 S.
1745 3970 2749 4155 UBBANUS
2897 3977 2975 4146 Ι

1775 4273 2187 4335 PONTIFEX
2243 4269 2632 4332 ROMANUS

1216 4592 1556 4657 NOTITIA
1614 4592 1726 4652 ΕΧ
1775 4590 2011 4652 LIBRO
2062 4586 2580 4650 PONTIFICALI
2623 4584 2927 4646 DAMAS]
2971 4581 3195 4643 ΡΑΡᾹΞ

568 4760 765 4824 (ὶῐικει,
792 4756 995 4818 Concil.,
1020 4758 1061 4819 l,
1083 4756 1195 4815 747,
1216 4755 1390 4807 Varias
1408 4756 1658 4805 lectiones
1681 4754 1897 4824 adimus
1926 4755 2087 4824 locum
2109 4748 2698 4824 Libripqptiﬁcalisvide
2732 4742 3033 4811 Patrologia:
3076 4741 3258 4793 Latina:
3305 4750 3421 4791 tom.
3451 4738 3690 4801 CXXVII,
3744 4748 3823 4789 (τοι

1697 4816 1836 4873 1358,
1863 4817 1914 4863 in
1936 4813 2200 4865 Anastasio
2222 4811 2659 4870 Bibliothecario.)

645 5034 896 5093 Urbanus
922 5036 998 5109 (l)
1029 5038 1249 5092 natione
1292 5036 1595 5104 Romanus,
1631 5054 1697 5093 ex
1732 5048 1885 5109 patre
1924 5038 2216 5107 Pontiano,
2244 5038 2383 5093 sedit
2429 5050 2606 5090 annos
2649 5040 2919 5102 quatuor,
2956 5044 3172 5085 menses
3209 5029 3305 5091 10,
3354 5027 3471 5082 dies
3505 5027 3569 5079 12
3600 5026 3705 5096 (2).
3749 5027 3850 5083 [lic

639 5193 715 5265 (1)
760 5192 1025 5248 Urbanus.
1060 5194 1195 5248 Cum
1231 5196 1698 5265 postAmartyrium
1723 5195 1957 5260 Callisti,
1990 5195 2144 5250 sedes

566 5280 659 5318 sex
690 5264 883 5319 diebus
915 5274 1185 5324 vacasset.
1226 5263 1291 5320 21
1338 5263 1611 5329 Octobris,
1638 5280 1783 5319 anno
1803 5266 2007 5320 Christi
2034 5266 2145 5319 nati

563 5333 813 5405 226,,qui
840 5344 927 5390 est
950 5334 1244 5390 Alexandri
1273 5336 1616 5405 imperatoris
1648 5338 1863 5401 tertius,
1890 5333 2147 5389 Urbanus

564 5404 734 5472 patria
787 5404 1068 5459 Romanus
1117 5406 1166 5459 ei
1217 5404 1586 5460 substituitur.
1640 5405 1840 5460 Baron.
1888 5406 2144 5474 praedicto

564 5489 744 5545 anno,
790 5476 1099 5545 numuult.
1156 5474 1269 5530 Sub
1305 5476 1467 5544 hujus
1500 5476 1813 5543 pontiﬁcatu
1855 5474 2144 5545 Origenem

564 5544 944 5615 Alexandrina:
968 5543 1224 5599 Ecclesia:
1248 5543 1552 5609 subditum,
1584 5555 1941 5615 spontaneum
1958 5543 2146 5600 eunu-

561 5616 729 5695 chum
758 5614 827 5695 ab
856 5615 1165 5695 ﬁlexandro
1194 5614 1697 5695 Hierosolymorum
1725 5617 1979 5695 episeopo
2006 5629 2141 5695 con-

566 5693 644 5737 tra
675 5684 1044 5753 apostolorum
1078 5700 1317 5741 canones
1345 5684 1653 5739 ordinatum
1688 5684 1809 5741 esse
1838 5685 2145 5741 Demetrius

562 5754 943 5808 Alexandrinae
981 5753 1240 5825 Ecclesiae
1296 5756 1585 5825 episcopus
1646 5757 1770 5825 jure
1837 5756 2141 5824 meritoque

562 5825 937 5895 conqueritur,
977 5823 1263 5897 ipsumque
1294 5823 1581 5897 Oirigetiem
1612 5823 1666 5880 in
1697 5826 1963 5882 laicornm
1995 5823 2144 5881 ordi-

2255 5209 2379 5247 nem
2409 5189 2781 5262 redigendum,
2806 5197 2860 5242 et
2884 5188 2954 5262 ab
2975 5185 3235 5262 exercitio
3263 5182 3581 5262 presbyterii
3607 5197 3851 5253 suspen-

2254 5264 2494 5319 dendum
2527 5252 2685 5325 Esse,
2736 5252 2883 5313 recte
2925 5256 3166 5312 decrevit
3212 5265 3266 5308 et
3319 5252 3604 5325 admonet;
3651 5252 3847 5324 pnstea

2254 5335 2471 5389 tandem
2499 5323 2957 5402 excommunicat,
2982 5326 3126 5397 quod
3150 5325 3351 5402 scripta
3387 5323 3636 5402 quaedam
3655 5323 3847 5402 ;dein-

2253 5418 2382 5472 ceps
2434 5404 2503 5456 ab
2550 5416 2616 5455 eo
2667 5401 2752 5454 vel
2796 5391 3043 5472 evulgata
3066 5438 3082 5462 ,
3116 5395 3217 5472 fel
3238 5391 3278 5461 ,⁷
3304 5403 3364 5448 ιιι
3398 5391 3547 5472 :ipse_
3573 5391 3847 5472 Origenes

2256 5464 2590 5534 excusabat,
2652 5486 2753 5526 suo
2798 5464 3020 5523 nomine
3068 5467 3247 5531 edita,
3302 5465 3486 5520 multis
3534 5464 3847 5519 lneresibus

2257 5552 2550 5599 scaterent.
2587 5540 2721 5595 Vide
2752 5539 2950 5594 Baron.
2991 5538 3251 5608 praedicto
3291 5550 3435 5590 anno
3468 5542 3522 5590 et
3551 5536 3846 5602 sequenti-

2250 5614 2375 5669 bus.
2419 5614 2545 5666 Ssv.
2580 5611 2696 5665 Bm.

2321 5684 2400 5755 (2)
2439 5681 2587 5755 Sedit
2612 5696 2777 5734 annos
2809 5680 2862 5746 4,
2896 5695 3092 5732 menses
3129 5676 3214 5755 li),
3239 5676 3348 5731 dies
3383 5674 3468 5755 12.
3498 5671 3578 5726 Εχ
3610 5670 3845 5727 Vatica-

2251 5747 2341 5810 nis
2369 5747 2639 5807 indicibus
2663 5759 2878 5805 constat
2909 5764 3035 5803 eum
3076 5749 3282 5803 sedisse
3328 5747 3486 5799 annis
3512 5758 3631 5806 sex,
3659 5758 3842 5795 mens.

2253 5824 2317 5893 7,
2362 5822 2505 5879 dieb.
2540 5822 2595 5877 4.
2627 5819 2825 5875 Euseb.
2876 5820 2930 5872 in
2963 5818 3159 5873 Chron.
3192 5818 3430 5875 graviter
3476 5821 3627 5866 errat
3654 5851 3671 5881 ,
3705 5813 3841 5868 dum
