3966 6502
141 402 222 457 €33
1621 398 1922 458 NO'I'lTlA.
3256 406 3358 458 {Si

139 519 242 571 fecit
271 516 551 588 ministeria
582 524 800 571 saerata
827 518 1007 570 omnia
1038 522 1288 581 argentea
1322 518 1434 588 t5),
1456 524 1511 572 et
1543 526 1767 586 patenas
1801 528 2086 588 argenteas
2126 517 2197 588 25
2240 517 2510 586 apposuit.
2552 517 2651 571 llic
2686 533 2782 571 sua
2824 518 3114 571 traditione
3156 521 3357 577 multos

137 587 361 660 converti!
398 588 837 660 adubaptismutn
871 597 924 640 et
953 588 1358 660 credulitatem;
1394 587 1703 660 Tiburtiutn
1737 586 1899 643 etiam
1927 597 1985 660 et
2016 586 2359 660 Valerianum
2393 588 2805 660 nobilissimum
2844 589 3052 660 virum,
3094 605 3357 660 sponsum

137 667 303 711 sancta:
328 656 566 719 Caeciliae,
595 673 735 724 quos
766 657 929 711 etiam
959 672 1133 728 usque
1173 659 1237 710 ad
1274 658 1517 728 martyrii
1550 659 1783 726 palmam
1812 658 2083 727 perduxit.
2123 656 2189 711 Et
2232 672 2326 726 per
2354 658 2475 728 ejus
2504 660 2708 711 monita
2753 666 2808 711 ct
2846 656 3172 723 doctrinam,
3202 661 3356 715 multi

139 728 356 797 martyrio
394 728 636 798 coronati
665 737 793 782 sunt
826 727 924 798 (4).
969 725 1066 781 Hic
1095 727 1223 780 fecit
1263 725 1633 782 ordinationes
1668 725 1910 798 quinque
1948 743 2042 797 per
2068 725 2309 781 mensem
2353 726 2724 798 Decembrem,
2758 728 3103 798 presbyteros
3138 745 3357 792 novem,

137 798 355 869 diaconos
382 797 639 869 quinque,
669 796 958 866 episcopos
990 813 1086 869 per
1112 798 1327 869 diversa
1361 799 1479 851 loca
1496 797 1793 869 foetotQui
1817 796 1871 853 et
1897 796 2141 867 sepultus
2166 806 2250 852 est
2278 797 2332 851 in
2353 797 2666 853 cmmeterio
2689 796 3018 867 Praetextati,
3042 799 3128 853 via
3162 799 3358 869 Appia,

137 883 207 920 nn
238 865 486 921 Kalendas
515 865 729 933 lunias,
756 877 809 921 et
840 865 1074 922 Cessavit
1103 868 1449 937 episcopatus
1477 868 1595 923 dics
1622 866 1712 923 50.

1191 1219 1710 1314 ΝΟΤΙΤΙΑ
1786 1221 2288 1311 ALTERA.

1132 1411 1227 1474 (D.
1256 1412 1519 1469 Cousnsr,
1554 1410 1783 1476 Epistolw
1816 1413 1948 1460 Rom.
1978 1419 2089 1474 pom
2144 1415 2179 1473 Ι,
2209 1413 2254 1461 ll
2276 1414 2339 1475 ι.)

184 1718 555 1788 Hunepapam,
579 1706 886 1771 Alexandro
912 1715 1262 1786 imperatore,
1285 1713 1512 1770 Callisto
1541 1729 1662 1769 suc—
1691 1728 1734 1775 Α
1764 1720 2058 1768 censentur
2107 1711 2452 1768 consulatus.
2496 1709 2566 1764 At
2609 1710 2664 1765 in
2714 1709 3063 1768 Bucheriano
3096 1712 3357 1785 Catalogo

132 1811 317 1865 cessisse
342 1808 611 1863 Eusebius
642 1808 697 1861 in
720 1805 979 1862 Chronico
1011 1805 1195 1860 tradit.
1233 1803 1373 1859 Eum
1406 1803 1663 1859 Ecclesiae

133 1904 341 1956 Romanae
370 1900 687 1971 pontiﬁcatu
718 1900 958 1953 octennio
983 1898 1329 1969 perfunctum
1358 1913 1481 1955 esse
1515 1898 1657 1953 idem

132 1996 318 2064 scriptor
352 1992 495 2047 Hist.
540 1993 635 2047 lib.
682 2009 755 2057 vr,
787 2008 838 2047 c.
865 1993 957 2059 23,
981 1992 1159 2047 docet.
1194 1990 1260 2044 Et
1284 2006 1410 2045 eum
1440 1990 1659 2061 quidem

132 2103 155 2137 ι
186 2085 432 2139 consulatu
484 2084 720 2139 Maximi
761 2094 812 2137 et
849 2084 1062 2138 Afliam'
1105 2100 1270 2153 usque
1314 2082 1565 2152 Agricola
1613 2092 1663 2135 et

128 2177 419 2241 Clementino,
448 2177 558 2231 hoc
582 2186 663 2231 est
695 2177 765 2230 ab
793 2191 937 2230 anno
966 2174 1172 2231 Christi
1194 2175 1300 2228 225
1329 2175 1395 2229 ad
1421 2174 1526 2228 230
1558 2173 1663 2229 Ec-

128 2269 302 2323 clcsiam
336 2268 547 2323 rexisse
585 2283 652 2322 ex
695 2267 1039 2322 Bucheriano
1078 2266 1327 2335 catalogo
1374 2266 1659 2321 discimus.

128 2359 221 2414 Slaii
249 2362 311 2415 25
336 2362 444 2429 die,
465 2376 584 2431 quo
616 2369 669 2414 et
700 2360 1021 2413 memoriam
1049 2359 1171 2429 ejus
1197 2360 1439 2414 celebrat
1468 2358 1661 2414 Eccle-

130 2454 203 2519 sia,
231 2454 415 2508 obiisse
459 2453 729 2508 creditur.
764 2450 890 2506 Haec
938 2459 1119 2506 autem
1173 2451 1357 2506 omnia
1405 2450 1547 2505 inter
1580 2467 1660 2517 se,

130 2561 291 2599 necnon
317 2562 435 2601 cum
467 2546 563 2611 iis,
598 2560 720 2616 quae
744 2544 811 2599 de
840 2544 1067 2599 Callisto
1096 2543 1485 2613 praemisimus,
1517 2559 1665 2598 com-

128 2637 221 2703 poni
241 2638 508 2691 commode
552 2645 815 2706 possunt,
850 2637 897 2692 si
941 2638 1254 2691 octennium
1288 2635 1661 2691 Eusebianum

127 2739 218 2783 octo
241 2729 472 2785 diversos
498 2731 833 2784 consulatus
858 2729 1248 2798 intelligamus.
1275 2727 1410 2783 Nam
1436 2730 1504 2782 ab
1531 2728 1661 2782 anni

128 2822 204 2875 99.5
238 2839 407 2879 mense
441 2822 693 2889 Octobri,
745 2823 889 2878 circa
934 2823 1094 2891 cujus
1143 2823 1349 2876 exitum
1399 2821 1661 2877 Callistus

126 2912 316 2981 pontifex
357 2923 584 2969 creatus
613 2923 863 2983 putatur,
898 2914 965 2968 ad
1009 2914 1080 2968 25
1122 2914 1265 2967 diem
1304 2914 1508 2969 mensis
1534 2914 1660 2968 Maii

128 3004 221 3059 anni
246 3003 358 3071 230,
395 3022 507 3076 quo
552 3004 761 3060 Urbani
805 3021 956 3060 mors
1001 3006 1380 3075 consignatur,
1422 3015 1548 3061 octo
1577 3020 1661 3061 re-

1766 1820 1876 1859 non
1915 1805 2095 1859 solum
2138 1819 2314 1859 annos
2367 1802 2423 1867 8,
2472 1802 2563 1858 sed
2597 1811 2649 1857 et
2693 1813 2956 1873 praeterea
3007 1820 3226 1862 menses
3264 1808 3353 1873 Η,

1767 1894 1885 1951 dies
1911 1893 2000 1961 12,
2032 1893 2088 1947 in
2118 1908 2221 1948 ms.
2250 1905 2433 1947 autem
2460 1892 2664 1963 reginae
2705 1890 2868 1948 Suec.
2905 1908 3081 1949 annos
3111 1894 3166 1958 8,
3198 1909 3355 1949 men—

1767 2003 1857 2044 ses
1888 1987 1978 2051 i0,
2007 1987 2125 2043 dies
2156 1987 2243 2052 1‘2,
2296 1987 2351 2041 in
2381 1985 2702 2043 Corheiensi
2750 2002 2923 2043 annos
2948 1988 3003 2054 9,
3047 2003 3265 2043 menses
3300 1988 3355 2051 1.

1765 2082 1883 2137 dies
1912 2080 1973 2134 il
2012 2079 2227 2135 sedisse
2275 2079 2591 2135 adnotatur.
2634 2077 2740 2134 Sed
2783 2081 2911 2149 quia
2953 2081 3007 2134 in
3043 2081 3358 2136 numericas

1765 2183 1926 2229 notas
1958 2188 2114 2227 error
2150 2170 2312 2227 facile
2336 2172 2547 2239 irrepit,
2595 2172 2730 2226 adeo
2778 2180 2839 2226 ut
2869 2188 2967 2241 pro
2990 2184 3114 2228 octo
3148 2172 3356 2228 Urbani

1764 2264 2041 2335 pontiﬁcis
2082 2263 2241 2319 annis
2284 2262 2339 2317 in
2388 2277 2498 2318 uno
2543 2262 2857 2317 Colbertino
2896 2263 2963 2316 1V
2997 2266 3126 2319 etin
3156 2263 3356 2320 Fossa-

1767 2357 1908 2413 tensi
1942 2355 2009 2409 Ill
2068 2364 2281 2410 tantum
2317 2355 2590 2425 legantur.
2634 2353 2945 2409 haerendum
2992 2358 3174 2425 potius
3204 2358 3355 2413 vidc-

1766 2458 1856 2503 tur
1891 2448 2169 2505 consulari
2198 2456 2361 2511 notae,
2393 2462 2500 2515 qua
2534 2444 2741 2501 Urbani
2777 2448 3133 2518 pontiﬁcatus
3169 2464 3201 2502 a
3233 2447 3352 2503 Ma-

1766 2543 1901 2597 ximi
1935 2554 1989 2598 et
2023 2540 2228 2596 Eliani
2272 2541 2561 2595 consulatu
2599 2539 2666 2595 ad
2708 2540 3054 2595 consulatum
3084 2540 3358 2612 Agricolae

1764 2645 1818 2691 et
1846 2635 2173 2691 Clementini
2200 2634 2254 2687 in
2286 2633 2629 2688 Buclteriano
2651 2633 2904 2703 catalogo
2932 2633 3212 2687 delinitur.

1838 2725 2044 2781 Urbani
2075 2726 2286 2779 nullum
2331 2724 2397 2779 ad
2450 2740 2551 2781 nos
2599 2726 2845 2796 pervenit
2889 2725 3189 2795 genuinum
3222 2724 3360 2779 scri-

1765 2830 1940 2890 ptum.
1974 2818 2051 2873 Ea
2084 2820 2283 2889 quippe
2308 2812 2580 2888 epistola,
2618 2835 2743 2889 qua:
2784 2818 3005 2873 nomine
3055 2818 3203 2873 illius
3248 2818 3359 2873 cir-

1765 2912 2089 2977 cumfertur,
2129 2912 2398 2967 lsidorum
2448 2911 2805 2966 Mercatorcm
2852 2909 3104 2980 opiﬁcem
3151 2910 3354 2965 habet:

1767 3007 2015 3075 adeoque
2045 3004 2114 3059 ab
2140 3004 2261 3074 ejus
2287 3004 2609 3059 collectione
2638 3019 2748 3057 non
2789 3010 2873 3058 est
2907 3002 3283 3056 distrahenda.

126 3161 178 3213 illi
213 3178 363 3217 annos
394 3178 599 3219 novem
647 3161 890 3217 ascribit.
926 3160 1125 3216 Baron.
1164 3175 1311 3216 anno
1347 3160 1474 3227 255,
1506 3176 1659 3215 num.
1700 3167 1740 3222 Β
1768 3169 1901 3215 ηιιιιι
1950 3174 2015 3215 ac
2058 3158 2291 3214 consilio
2342 3158 2540 3214 accidit
2594 3167 2653 3213 ut
2701 3155 3011 3211 Alexander
3056 3156 3359 3225 imperator

126 3230 161 3281 l.
183 3230 285 3286 Ser.
323 3232 433 3287 BIN.

177 3303 235 3370 (3)
271 3303 363 3357 llic
393 3304 517 3373 fecit
571 3302 867 3355 ministeria
908 3312 1122 3355 sacrata
1163 3300 1342 3373 omnia
1388 3310 1659 3373 argentea.

126 3369 193 3425 His
231 3369 552 3441 temporibus
584 3372 881 3427 Ecclesiam
922 3387 1031 3425 non
1080 3373 1246 3427 modo
1296 3369 1517 3435 vitreis,
1567 3371 1663 3425 sed

126 3444 246 3495 etiam
276 3446 540 3514 argenteis
577 3443 859 3507 calicibus,
942 3442 1102 3497 uibus
1136 3441 1468 3506 abundabat,
1502 3456 1660 3495 usam

126 3510 277 3565 fuisse.
317 3526 686 3565 nraateruuam
728 3514 873 3565 auod
902 3458 1008 3565 (inc
1053 3512 1201 3565 aliud
1237 3521 1517 3565 asseratur
1542 3550 1557 3565 .
1594 3526 1659 3564 ex

124 3510 277 3583 fuisse,
317 3510 686 3583 praeterquam
728 3514 873 3582 quod
920 3510 1008 3567 hic
1053 3512 1201 3583 aliud
1237 3521 1557 3583 asseratur,
1594 3526 1659 3564 ex

124 3581 686 3649 Gregorii'Turonensis
713 3581 1183 3647 cummentariolo,
1211 3597 1370 3651 quem
1404 3582 1475 3635 De
1490 3581 1662 3649 gloria

126 3664 363 3722 martyrum
416 3655 686 3723 scripsit,
740 3668 1071 3722 cognoscere
1123 3650 1281 3718 licet,
1335 3651 1429 3707 ubi
1482 3650 1658 3723 dicit:

124 3720 250 3799 inulta
274 3741 419 3778 sacra
446 3720 837 3799 miitisterialia
866 3738 996 3799 vasa
1025 3738 1089 3799 ex
1122 3730 1352 3799 argento
1377 3720 1625 3799 confecta
1643 3762 1658 3787 ,

125 3792 292 3847 inventa
322 3811 460 3859 esse,
488 3796 628 3850 dum
670 3802 856 3864 crypta
899 3793 1022 3864 illa,
1048 3793 1098 3846 in
1130 3791 1239 3862 qua
1269 3791 1469 3864 ﬁdeles
1504 3806 1660 3846 sacra

126 3872 296 3930 agentes
333 3866 537 3919 occlusi
583 3861 829 3929 fuerant,
874 3861 1235 3934 re‘foderetur.
1269 3861 1525 3934 lmoﬂnon
1568 3878 1659 3915 ar-

125 3935 286 3996 genteis
325 3944 577 3998 tantum,
624 3935 716 3989 sed
761 3943 817 3988 et
855 3931 1037 3988 aureis
1080 3932 1341 3988 calicibus
1382 3931 1661 3985 Romanos

126 4004 354 4066 pontiﬁces
395 4007 545 4060 circa
593 4005 707 4059 haec
744 4012 987 4073 tempora
1029 4004 1377 4073 incruentum
1415 4003 1662 4072 corporis

123 4085 169 4147 ac
212 4077 474 4147 sanguinis
536 4075 755 4147 Domini
802 4072 1133 4147 sacrificium
1186 4072 1380 4147 offerre
1424 4088 1662 4147 c_on_sue-

124 4141 247 4216 tisse,
275 4141 601 4199 Prudentius
630 4146 685 4197 in
720 4146 924 4216 hymno
951 4145 1017 4199 de
1041 4144 1209 4199 rebus
1239 4142 1404 4212 gestis
1526 4141 1662 4216 bau-

125 4213 245 4285 rentii
266 4216 476 4281 indicat,
499 4210 781 4281 versibus,
809 4215 1010 4283 quibus
1035 4210 1416 4285 persecutores
1441 4210 1499 4269 S.
1525 4211 1663 4267 Lau-

119 4283 304 4338 rentium
331 4286 776 4356 interpellarunt,
812 4285 991 4340 hisce:

391 4400 551 4453 Hunc
578 4416 690 4453 esse
722 4399 906 4452 vestris
940 4399 1099 4469 orgiis

388 4470 721 4539 Martemque,
749 4479 797 4521 et
831 4478 1019 4531 artem,
1043 4469 1311 4537 proditum
1340 4475 1454 4529 est;

386 4539 548 4594 Hanc
581 4539 922 4607 disciplinam
949 4540 1159 4604 foederis

386 4610 580 4665 Libent
609 4620 665 4663 ut
692 4626 823 4662 auro
854 4611 1135 4671 antistites,

390 4681 665 4750 Argenleis
698 4680 907 4749 scyphis
936 4680 1133 4747 ferunt,

384 4750 628 4803 Fumare
655 4765 867 4804 sacrum
891 4750 1197 4817 sanguinem
1212 4765 1230 4801 :

384 4822 638 4889 Auroque
660 4822 930 4873 nocturnis
956 4820 1123 4873 sacris

387 4892 585 4945 Astare
607 4891 745 4959 ﬁctos
772 4907 965 4946 cereos.

171 4998 284 5075 Cum
331 5004 497 5075 igitur
548 5006 651 5060 hac
705 5020 772 5059 ex
819 5012 973 5074 parte
1023 5002 1367 5075 Christiantg
1399 5000 1654 5075 Ecclesia:

123 5068 605 5146 ngriacrEsceret,
648 5068 833 5146 regale
863 5074 1254 5146 sacerdotium
1311 5071 1511 5146 Christi
1561 5070 1654 5146 his

124 5136 376 5209 fulgoribus
408 5155 460 5199 et
488 5136 830 5200 ornamentis
859 5144 1244 5210 illustraretur,
1277 5157 1384 5197 non
1412 5142 1528 5196 sine
1558 5138 1652 5193 Dei

1770 3230 1986 3298 templis
2031 3229 2258 3283 deorum
2322 3228 2649 3298 gentilium,
2704 3242 2901 3298 aurum
2959 3235 3010 3280 et
3067 3234 3355 3298 argentum

1765 3294 2005 3355 conferri
2030 3314 2172 3370 aegre
2198 3294 2401 3362 tulerit,
2437 3298 2678 3370 illudque
2704 3295 2899 3362 Persii,
2925 3307 2985 3350 ut
3009 3294 3175 3351 refert
3202 3294 3358 3349 Laut-

1766 3370 1999 3440 pridius,
2032 3368 2347 3439 frequenter
2378 3368 2714 3424 susurrarit:

2126 3479 2193 3534 In
2226 3481 2415 3549 templo
2446 3480 2573 3551 quid
2607 3480 2737 3549 facit
2774 3480 3006 3533 aurum?

1763 3593 1830 3649 Et
1856 3595 2073 3650 demum
2108 3593 2401 3664 singularis
2433 3592 2634 3648 divinm
2667 3592 3198 3664 providentiaeopus
3230 3608 3353 3649 esse

1763 3666 2000 3729 videtur,
2029 3667 2174 3735 quod
2202 3663 2398 3718 aurum
2433 3671 2487 3718 et
2512 3674 2821 3735 argentum,
2859 3663 3088 3735 templis
3105 3664 3357 3735 ethnico-

1761 3752 1884 3791 rum
1920 3732 2062 3807 jam.‘
2071 3745 2197 3790 ante
2236 3732 2645 3807 collatum._per
2674 3732 3033 3807 Maximinum
3062 3732 3358 3788 Alexandri

1763 3802 2137 3862 successorem
2172 3806 2311 3859 istuc
2342 3802 2570 3867 auferri,
2595 3812 2805 3857 statuas
2832 3802 3082 3866 deorum,
3110 3818 3358 3857 omnem-

1762 3892 1869 3947 que
1903 3877 2187 3931 materiam
2224 3874 2803 3947 numiniscondendis
2831 3871 3099 3947 idoneam_
3126 3872 3356 3927 conflari

1763 3941 2100 4025 permiserit:
2130 3943 2634 4025 adeoqueyolue‘rit
2661 3944 2801 4006 ﬁeri,
2830 3943 2975 4025 quod
3007 3941 3027 3994 Ι
3064 3941 3205 4025 ‘Reg;
3228 3960 3353 4012 Cap.

1764 4012 1793 4070 ir
1819 4018 2097 4080 scribitur,
2128 4032 2253 4070 arca
2284 4012 2494 4071 scilicet
2524 4013 2618 4068 Dei
2642 4012 3137 4083 appropinquante,
3166 4012 3353 4082 Dagon

1762 4087 2206 4142 Philistltteorum
2242 4085 2405 4140 deum
2440 4082 2746 4154 confringi;
2776 4082 2933 4154 illam
2954 4082 3167 4145 extolli,
3205 4083 3356 4138 hunc

1763 4158 1953 4227 dejic‘i;
2002 4157 2148 4210 illam
2193 4156 2361 4227 gloria
2399 4164 2453 4209 et
2489 4152 2697 4227 honore
2730 4152 2890 4218 afﬁci,
2922 4152 3068 4227 hunc
3097 4167 3228 4227 vero
3260 4154 3358 4227 de-

1759 4223 1964 4297 jectum
1993 4223 2252 4281 universo
2282 4240 2479 4279 ornatu
2518 4233 2571 4278 et
2610 4225 2810 4278 decore
2847 4224 2974 4277 exui
3007 4232 3059 4278 et
3088 4223 3309 4297 spoliari
3336 4242 3352 4290 ;

1762 4294 2088 4352 Christiana:
2125 4296 2401 4365 religionis
2450 4296 2687 4366 gloriam
2725 4308 2973 4366 crescere
2997 4335 3011 4359 ,
3074 4294 3357 4366 gentilitias

1763 4364 2473 4437 superstitionishonorem
2522 4365 2692 4437 minui
2721 4373 2776 4418 et
2791 4364 3019 4437 penitus
3043 4365 3351 4437 obscurari.

1764 4432 1967 4493 Ba—ron.
1995 4452 2141 4491 anno
2167 4435 2374 4490 Christi
2403 4436 2530 4494 255,
2558 4452 2613 4488 n.
2650 4434 2684 4487 Ξ
2710 4444 2762 4488 et
2789 4432 2843 4488 3.
2890 4432 3024 4488 Vide
3062 4449 3183 4503 quae
3210 4435 3356 4489 dixi-

1689 4517 1731 4573 C
1763 4523 1887 4562 mus
1919 4523 2084 4576 supra
2119 4507 2172 4560 in
2208 4507 2349 4561 notis
2373 4506 2438 4560 ad
2470 4504 2651 4558 Vitam
2676 4503 3099 4576 Zepltyrini.rln.

1839 4579 1916 4648 (4)
1958 4575 2063 4631 Per
2099 4577 2446 4648 ejusmonjta
2485 4575 3057 4648 etidoctrinam‘nmlti
3092 4575 3351 4648 martyrio

1769 4641 2008 4701 coronati
2035 4641 2179 4701 sunt.
2207 4646 2310 4713 Qui
2341 4646 2670 4709 Tiburtium,
2710 4642 3058 4699 Valerianum
3092 4653 3146 4696 et
3174 4641 3352 4713 Maxi-

1768 4733 1919 4772 mum
1949 4733 2073 4773 cum
2103 4711 2290 4772 sancta
2317 4715 2533 4771 Caecilia
2563 4716 2616 4769 in
2648 4714 2751 4769 ﬁde
2781 4714 3134 4778 instruxerat,
3173 4711 3350 4780 bapti-

1767 4799 2008 4851 zaverat,
2038 4796 2091 4842 ct
2112 4787 2376 4842 adversus
2405 4786 2571 4842 ictum
2604 4785 2765 4855 gladii
2800 4784 3014 4838 hortatu
3046 4798 3148 4837 suo
3162 4781 3349 4855 _obl_ir-

1768 4848 2031 4922 maverat,
2062 4856 2281 4912 tandem
2312 4857 2430 4926 ipse
2463 4848 2682 4925 quoque
2709 4855 2878 4926 multa
2918 4863 3136 4926 prepter
3160 4848 3350 4906 Eccle-

1766 4928 1904 4982 siam
1931 4944 2147 4997 passus,
2178 4924 2793 4997 cervicibus:altScissis,
2825 4924 3086 4997 martyrio
3116 4936 3350 4997 corona-

1761 5006 1849 5052 tus
1890 4993 2007 5066 est,
2046 5014 2192 5053 anno
2224 4997 2427 5053 Christi
2473 4993 2953 5066 255,7Alexaudri
3003 4993 3348 5066 imperatorLs

1764 5067 1867 5190 |10,
1917 5061 2181 5191 γέεεὶωο
2236 5068 2428 5139 quinto
2481 5066 2567 5120 die
2624 5064 2770 5119 Maii.
2829 5062 3030 5116 Baron.
3088 5061 3346 5134 praedicto

1780 5153 1899 5191 oco.
1956 5155 2011 5191 ε.

1760 5139 1899 5193 loco.
1932 5139 2011 5195 le.
