3966 6504
602 364 704 419 135

1880 365 1939 421 S.
1983 360 2243 423 URBAM
2284 363 2304 420 l
2339 365 2543 420 ΡΑΡῶ

3776 356 3877 416 154

615 541 3837 567 -———-—————-————-————————————————_

1309 721 1471 876 S.
1603 716 2149 878 ΗΒΕΑ]

2255 721 2314 868 Ι
2419 720 2486 868 Ι
2599 715 3143 872 ΡΑΡᾸΕ

835 991 920 1075 (⁵)
1006 1013 1700 1128 EPISTOLA
1813 1015 1995 1124 AD
2104 1011 2586 1127 OMNES
2687 1016 3657 1131 CHRISTIANOS

1713 1233 1914 1296 (una,
1943 1232 2127 1285 Concil.
2159 1234 2376 1292 Cotlect.,
2402 1241 2435 1284 t.
2470 1236 2506 1296 ῐ,
2535 1250 2581 1297 p.
2610 1236 2742 1293 7-l8.)

592 1536 668 1588 De
702 1551 764 1588 eo
790 1538 920 1599 quod
947 1537 1169 1599 Ecclesia
1192 1535 1335 1583 modo

1427 1536 1704 1583 ssessiones
1729 1534 1953 1595 ﬁdelium
1982 1532 2180 1592 recipit,
2210 1538 2261 1580 et
2286 1545 2383 1579 non
2410 1534 2626 1593 pretium
2651 1532 2937 1580 earumdem
2968 1545 3131 1580 rerum
3157 1538 3289 1581 sicut
3330 1532 3634 1595 temporibus
3674 1540 3870 1595 aposto-

656 1592 841 1657 lorum;
868 1606 921 1649 et
954 1612 1043 1647 cur
1063 1598 1212 1645 sedes
1231 1592 1448 1644 excelsae
1471 1599 1520 1643 in
1549 1596 1777 1645 ecclesiis
1799 1592 2155 1657 episcoporum,
2174 1592 2545 1657 prmparentur;
2575 1601 2629 1643 et
2654 1602 2707 1643 ut
2731 1596 2964 1655 eis,quos
2988 1592 3673 1657 episcOpiexcomniunicant,
3703 1592 3869 1645 bullus

656 1656 1015 1720 communicet;
1041 1667 1095 1709 et
1117 1672 1245 1720 quos
1270 1659 1366 1720 ipsi
1390 1671 1592 1719 quoquo
1618 1657 1764 1705 modo
1787 1657 2052 1717 eiecerint,
2078 1656 2247 1703 nullus
2268 1658 2493 1716 recipiat.

664 1797 703 1849 I.
748 1794 824 1847 De
854 1795 964 1848 vita
992 1791 1281 1854 communi,
1305 1799 1353 1842 et
1383 1805 1542 1859 quam
1573 1788 1635 1841 ob
1665 1804 1882 1841 causam
1922 1785 2161 1859 Ecclesia
2192 1789 2540 1855 possessiones
2563 1786 2749 1859 habere
2774 1788 3002 1855 coeperit.

661 1866 723 1921 11.
763 1864 803 1917 Α
829 1864 1015 1932 quibus
1043 1861 1118 1915 vel
1137 1863 1198 1932 in
1229 1876 1355 1929 quos
1387 1858 1513 1932 usus
1539 1876 1635 1932 res
1655 1859 2027 1932 ecclesiastica:
2049 1858 2440 1926 dispensentur,
2463 1866 2512 1910 et
2537 1858 2600 1909 de
2624 1859 2951 1911 invasoribus
2974 1873 3177 1910 eurum.

661 1936 747 1989 111.
793 1928 852 1988 Si
878 1935 995 2002 quis
1024 1933 1087 1986 ab
1123 1928 1359 1984 Ecclesia
1376 1929 1801 2002 juspossidendi
1829 1928 2049 1981 avellere
2084 1932 2380 1980 tentaverit.

660 2006 747 2060 IV.
796 2004 868 2058 De
894 2000 1158 2057 cathedris
1184 2000 1587 2069 episcopalibus.

662 2076 729 2131 V.
777 2074 846 2128 Ut
879 2073 1056 2126 nullus
1084 2066 1428 2126 communicet
1452 2070 1538 2132 iis,
1573 2070 1762 2138 quibus
1791 2069 2065 2137 episcopus
2089 2084 2189 2122 non
2214 2069 2589 2139 communicat.
2620 2066 2697 2122 vel
2731 2068 2947 2135 recipiat
2978 2083 3105 2137 quos
3133 2067 3222 2121 ille
3251 2068 3520 2139 abjecerit.

665 2146 752 2199 Vl.
796 2145 873 2199 De
900 2144 1177 2210 sponsione
1203 2143 1257 2193 in
1283 2141 1543 2209 baptismo
1575 2142 1741 2207 facta,
1782 2149 1830 2193 et
1866 2140 1929 2193 de
1961 2140 2027 2192 iis
2053 2139 2145 2209 qui
2175 2154 2503 2193 communem
2523 2138 2683 2191 vitam
2708 2147 3065 2207 susceperunt.

655 2217 769 2273 Vll.
816 2216 889 2269 De
924 2213 1257 2284 impesitione
1291 2227 1478 2265 manus
1511 2210 1848 2279 episcopalis.

661 2339 913 2394 Uaesnus
946 2338 1235 2407 episcopus
1270 2334 1528 2389 omnibus
1562 2333 1913 2395 Christianis,
1948 2333 2001 2387 in
2039 2347 2166 2388 san-
2195 2335 2239 2393 Α
2269 2331 2507 2386 dentium
2529 2341 2645 2387 erat
2673 2349 2765 2386 cor
2802 2348 2965 2386 unum
3009 2341 3058 2387 et
3084 2333 3265 2386 anima
3294 2348 3422 2397 una,
3451 2350 3544 2387 nec
3587 2334 3866 2405 quisquam

583 2432 965 2487 ctilicationem
980 2427 1238 2495 Spiritus,
1260 2427 1322 2481 in
1344 2424 1706 2480 obedientiam
1730 2435 1785 2480 et
1803 2424 2176 2493 aspersionem

583 2524 868 2595 sanguinis
901 2520 1112 2576 Domini
1136 2520 1308 2575 nostri
1337 2517 1466 2573 Jesu
1486 2517 1711 2581 Christi,
1740 2518 1994 2573 salutem.

656 2615 820 2669 Decet
873 2626 1066 2666 omnes
1106 2608 1483 2671 Christianos,
1543 2606 1897 2669 charissimi,
1946 2615 2008 2660 ut
2049 2621 2174 2660 cum

583 2706 886 2768 imitentur,
942 2703 1100 2771 cujus
1147 2716 1344 2755 nomen
1381 2698 1561 2755 sortiti
1588 2708 1737 2754 sunt.
1770 2696 1912 2762 Quid
1936 2697 2170 2767 prodest,

580 2798 777 2867 fratres
806 2797 930 2863 mei,
959 2793 1196 2849 Jacobus
1251 2791 1533 2862 apostolus
1576 2790 1675 2856 ait,
1720 2790 1767 2844 si
1822 2788 1980 2858 ﬁdem
2051 2788 2171 2858 quis

578 2888 726 2941 dicat
755 2903 809 2941 se
832 2884 1042 2950 habere,
1073 2899 1231 2952 opera
1290 2891 1466 2935 autem
1531 2896 1634 2933 non
1703 2878 1937 2932 habeat?
1986 2877 2172 2931 Nolite

576 2978 754 3048 plures
809 2975 1051 3045 magistri
1100 2974 1247 3042 ﬁeri,
1304 2972 1496 3038 fratres
1552 2968 1697 3033 mei,
1754 2970 1976 3022 scientes
2040 2983 2171 3037 quo-

576 3072 723 3125 niam
774 3068 948 3138 majus
989 3065 1257 3136 judicium
1299 3064 1533 3117 sumitis.
1578 3060 1643 3114 In
1683 3060 1867 3113 multis
1911 3059 2049 3113 enim
2087 3059 2171 3127 of-

576 3160 837 3232 fendimus
868 3173 1065 3212 omnes.
1093 3155 1198 3223 Qui
1230 3155 1439 3224 sapiens
1460 3162 1509 3209 et
1532 3152 1905 3223 disciplinatus
1930 3160 2006 3206 est
2032 3151 2171 3205 inter

570 3264 685 3311 vos,
710 3246 953 3302 ostendat
975 3262 1039 3299 ex
1066 3244 1200 3299 bona
1224 3244 1614 3299 conversatione
1637 3242 1992 3311 operationem
2014 3256 2167 3295 suam

572 3342 628 3396 in
656 3340 1058 3395 mansuetudine
1088 3339 1363 3405 sapientia:
1392 3338 1429 3392 ί.

643 3540 861 3597 Scimus
884 3544 903 3573 '
939 3557 1036 3597 vos
1066 3557 1172 3595 non
1193 3541 1448 3608 ignorare
1472 3542 1572 3612 (6),
1597 3540 1728 3610 quia
1757 3539 2024 3593 hactenus
2048 3538 2161 3593 vita

568 3633 882 3689 communis
912 3634 1052 3688 inter
1084 3634 1258 3691 honos
1283 3632 1303 3663 ⁸
1334 3632 1679 3687 Christianos
1702 3630 1891 3701 viguit,
1909 3638 1962 3683 et
1984 3628 2163 3684 adhuc

2279 2441 2459 2477 eorum
2485 2441 2602 2494 qua:
2626 2424 2947 2493 possidebat,
2976 2425 3179 2495 aliquid
3201 2442 3356 2479 suum
3380 2442 3491 2479 esse
3517 2426 3750 2492 dicebat,
3778 2427 3864 2479 sed

2278 2526 2427 2570 erant
2452 2515 2562 2571 illis
2590 2516 2767 2569 omnia
2792 2518 3113 2571 communia.
3146 2516 3215 2570 Et
3264 2518 3454 2571 virtute
3508 2534 3706 2591 magna
3748 2519 3861 2571 red-

2275 2608 2468 2662 debant
2526 2608 2754 2678 apostoli
2829 2611 3191 2664 testimonium
3264 2614 3664 2665 resurrectionis
3735 2609 3861 2665 Jesu

2275 2700 2499 2755 Christi.
2535 2700 2603 2755 Et
2627 2702 2805 2771 gratia
2834 2718 3026 2771 magna
3048 2711 3162 2755 erat
3186 2702 3243 2755 in
3262 2704 3503 2757 omnibus
3520 2702 3650 2756 il.is.
3685 2701 3866 2774 Neque

2272 2793 2412 2845 enim
2463 2792 2741 2861 quisquam
2768 2808 2920 2861 egens
2947 2802 3059 2846 erat
3090 2794 3225 2848 inter
3250 2794 3391 2849 illos.
3426 2793 3696 2864 Quotquot
3726 2797 3865 2850 enim

2273 2892 2596 2953 possessores
2627 2898 2905 2951 agrorum,
2929 2892 3020 2936 aut
3065 2884 3342 2937 domorum
3365 2895 3536 2951 erant,
3566 2887 3862 2950 vendentes,

2273 2976 2564 3046 aﬂ'erebant
2599 2976 2770 3045 pretia
2794 2991 2976 3029 eorum
3000 2992 3118 3045 qua:
3146 2976 3456 3043 vendebant,
3506 2986 3555 3031 et
3600 2977 3864 3046 ponebant

2272 3079 2393 3122 ante
2419 3068 2573 3137 pedes
2601 3068 2982 3137 apostolorum.
3013 3068 3362 3121 Dividebatur
3386 3077 3561 3122 autem
3610 3069 3860 3139 singulis,

2270 3172 2424 3231 prout
2458 3160 2646 3230 cuique
2677 3176 2807 3229 opus
2837 3170 2975 3214 erat.
3006 3158 3201 3228 Ioseph
3232 3170 3429 3227 autem,
3461 3162 3549 3230 qui
3592 3163 3864 3231 cognomi-

2271 3261 2425 3305 natus
2456 3261 2532 3306 est
2558 3249 2837 3305 Barnabas
2866 3250 2930 3304 ab
2962 3252 3240 3320 apostolis,
3272 3253 3410 3322 quod
3440 3262 3514 3305 est
3543 3252 3865 3322 interpreta-

2269 3344 2569 3413 tum,ﬁlius
2602 3343 3001 3408 consolationis,
3036 3343 3237 3399 Levites
3285 3355 3333 3397 et
3375 3342 3601 3414 Cyprius
3651 3363 3859 3416 genere,

2268 3454 2384 3491 cum
2414 3436 2621 3491 haberet
2651 3436 3109 3506 agrum,vendidit
3138 3435 3312 3499 illum,
3337 3443 3385 3488 et
3413 3436 3597 3488 attulit
3623 3437 3858 3505 pretium

2267 3542 2389 3583 ante
2416 3530 2569 3600 pedes
2601 3528 2962 3597 apostolorum
2988 3528 3031 3592 ⁵,
3057 3539 3111 3583 et
3142 3529 3374 3598 reliqua.
3413 3528 3674 3583 \‘identes
3728 3544 3858 3599 ergo

2268 3623 2578 3678 sacerdotes
2607 3618 2807 3677 summi
2833 3626 2886 3672 et
2914 3618 3006 3674 alii
3030 3621 3072 3683 ⁵,
3098 3628 3260 3689 atque
3291 3618 3512 3685 Levitaa,
3559 3629 3612 3672 et
3655 3621 3856 3691 teliqui

569 3726 746 3796 gratia
775 3723 868 3779 Dei
904 3725 1071 3795 viget,
1094 3733 1147 3777 et
1180 3724 1417 3777 maxime
1456 3724 1597 3777 inter
1619 3737 1715 3777 eos
1742 3699 1836 3791 qui
1867 3721 1921 3775 in
1951 3729 2157 3776 sortem
2197 3699 2235 3753 Β
2267 3715 2473 3783 ﬁdeles,
2505 3718 2628 3787 plus
2654 3713 2907 3772 utilitatis
2937 3726 3099 3783 posse
3120 3712 3337 3776 aﬂ‘erre,
3358 3713 3404 3766 si
3432 3710 3785 3767 ltazreditates
3807 3722 3857 3766 et

567 3815 788 3872 Domini
819 3824 947 3872 sunt
977 3815 1136 3871 electi
1167 3816 1208 3878 ’⁵,
1241 3815 1293 3869 id
1317 3823 1422 3879 est,
1447 3815 1700 3881 clericos,
1733 3815 1877 3869 sicut
1912 3813 1965 3867 in
2008 3813 2158 3868 Acti-

566 3908 670 3965 bus
698 3910 896 3981 legitur
944 3910 1321 3981 apostolorum
1357 3928 1369 3963 :
1405 3907 1770 3963 Multitudinis
1819 3915 1995 3961 autem
2040 3922 2153 3961 cre-

644 4020 659 4050 ‘
691 4018 881 4075 Jacob.
920 4036 982 4086 ll,
1020 4020 1106 4075 14.
1196 4023 1216 4052 ¹
1240 4020 1445 4087 Quzest.
1474 4038 1487 4073 :
1515 4018 1736 4074 Scimus
1771 4033 1869 4074 vos
1901 4034 2014 4075 non
2051 4020 2166 4091 ign.

564 4090 658 4145 5?.
733 4092 753 4122 °
779 4091 981 4158 Quaest.
1012 4091 1038 4145 l
1071 4109 1085 4145 :
1122 4092 1400 4161 V'identes.
1421 4100 1610 4146 autem
1652 4091 1987 4146 sacerdotes.

661 4213 713 4282 5)
735 4212 886 4267 Ficta
910 4221 961 4267 ct
993 4212 1277 4282 supposita
1304 4212 1446 4282 apud
1480 4212 1629 4265 viros
1665 4211 1856 4266 doctos
1900 4211 2152 4269 habetur.

656 4282 709 4352 6)
743 4282 951 4336 Scimus
976 4299 1063 4335 vos
1096 4300 1199 4335 non
1237 4285 1499 4352 ignorare.
1519 4282 1681 4336 Docet
1706 4282 1808 4335 hoc
1833 4282 1954 4335 loco
1977 4282 2035 4337 S.
2058 4282 2159 4338 Ur-

562 4352 742 4409 banus
771 4353 1039 4421 pontifex,
1078 4354 1235 4407 initio
1270 4352 1546 4415 Ecclesiae,
1584 4353 1742 4421 juxta
1777 4353 2152 4409 testimonium

563 4424 726 4477 Luca:
756 4422 902 4489 Act.,
936 4438 1056 4492 cap.
1089 4440 1162 4488 iv,
1200 4425 1556 4478 consuevisse
1590 4423 1710 4492 pios
1745 4422 1995 4477 homines
2026 4440 2155 4493 pos-

558 4494 840 4549 sessiones
868 4508 1046 4548 rerum
1076 4509 1301 4548 suarum
1332 4494 1656 4553 distrahere,
1691 4507 1994 4562 earumque
2028 4509 2154 4562 pre-

559 4565 697 4619 tium
735 4562 993 4618 Ecclesiis
1028 4563 1232 4619 donare
1269 4581 1282 4617 :
1317 4564 1411 4619 sed
1445 4563 1574 4632 quia
1607 4565 1867 4632 eoimodo
1910 4578 2153 4632 prtesen-

557 4635 709 4689 tibus
740 4634 1025 4695 duntaxat,
1064 4650 1171 4689 non
1221 4643 1403 4688 autem
1439 4631 1640 4687 futuris
1684 4631 1941 4687 Ecclesiae
1984 4634 2150 4687 mini-

556 4706 690 4759 stris
713 4704 1120 4774 pr0videbatur,
1150 4704 1393 4759 decernit
1424 4704 1595 4774 magis
1625 4718 1656 4757 e
1689 4717 1748 4756 re
1770 4712 1825 4757 et
1858 4705 2147 4759 commodo

559 4774 819 4829 Ecciesia:
884 4774 1166 4838 futurum,
1231 4774 1277 4829 si
1332 4775 1464 4843 ipsa:
1520 4789 1703 4829 rerum
1761 4774 2142 4843 possessiones

559 4845 817 4895 Ecclesia:
878 4844 1171 4895 donentur.
1230 4843 1298 4895 Et
1350 4845 1546 4895 merito
1594 4862 1607 4895 :
1659 4844 1706 4895 si
1774 4843 1919 4895 enim
1975 4842 2140 4895 Levi-

1659 4859 1706 4898 Sl
1774 4858 1919 4899 enim
1975 4858 2140 4898 Lew-

557 4845 817 4898 Ecclesiae
878 4844 1171 4900 donentur.
1230 4843 1298 4897 Et
1350 4845 1546 4899 merito
1594 4862 1607 4897 :

556 4918 627 4969 tis
662 4914 860 4969 veteris
913 4889 1222 4969 {cstamenti
1274 4914 1461 4969 divino
1510 4915 1635 4983 jure
1674 4929 1997 4969 concessum
2030 4923 2135 4978 est,
2169 4889 2211 4948 ο

556 4996 617 5039 ut
673 4986 837 5039 urbes
884 4984 952 5039 ad
1001 4984 1381 5049 habitandum,
1431 4986 1745 5040 suburbana
1790 4985 1856 5038 ad
1882 4984 2136 5039 alendum

555 5071 755 5124 pecora
803 5054 1139 5123 possideant,
1169 5070 1331 5125 agros
1363 5064 1416 5109 et
1444 5057 1629 5110 vineas
1667 5070 1738 5125 es
1763 5053 2133 5109 oblationibus

555 5126 743 5194 populi
766 5126 910 5181 licite
939 5133 1145 5190 emant,
1182 5124 1328 5180 licite
1362 5126 1528 5179 etiam
1552 5124 1859 5194 distrahant
1907 5138 1971 5178 ac
2012 5140 2137 5178 vcn-

554 5188 708 5265 daiit,
759 5195 909 5256 quod
966 5188 1142 5249 Levit.
1184 5210 1305 5265 cap.
1347 5211 1476 5260 xxv,
1526 5204 1582 5249 ct
1625 5188 1697 5265 ⁷111
1742 5191 1874 5261 Reg.
1915 5208 2038 5265 cap.
2067 5209 2129 5257 ιι,

554 5259 665 5319 Jer.
697 5259 820 5339 cap.
855 5286 1007 5327 xxxii
1041 5303 1058 5329 ,
1094 5265 1213 5318 Act.
1246 5259 1372 5339 cap.
1417 5259 1488 5332 iv,
1520 5264 1669 5339 satis
1700 5259 1884 5339 aperte
1915 5259 2135 5339 indica-

556 5341 672 5399 tur;
725 5333 835 5403 qiio
875 5349 1020 5403 jure,
1055 5347 1231 5402 quave
1272 5335 1485 5389 ratione
1518 5334 1625 5388 hoc
1658 5333 2036 5403 sacerdotibus
2067 5350 2131 5389 ac

554 5401 770 5458 clericis
817 5401 941 5458 nevi
978 5401 1289 5459 testamenti
1324 5404 1671 5459 interdictum
1703 5402 1845 5457 erit?
1887 5401 2129 5457 Patriar-

553 5473 673 5526 clue
705 5472 873 5528 Jacob
911 5474 1081 5529 tilium
1116 5472 1247 5528 Levi
1278 5474 1674 5529 exlneredantis
1705 5473 2031 5527 sententiam
2065 5489 2129 5528 ac

553 5544 890 5597 voluntatem
936 5545 1075 5598 Deus
1125 5543 1347 5612 quidem
1401 5545 1741 5612 approbavit,
1772 5545 2001 5612 ejusque
2032 5560 2128 5612 po-

554 5613 740 5673 steris,
773 5615 974 5685 nullam
1010 5624 1217 5685 partem
1250 5622 1427 5685 terras,
1456 5614 1510 5666 in
1540 5614 1607 5667 19.
1632 5615 1896 5685 duntaxat
1921 5623 2123 5683 partes,

552 5697 655 5754 pro
685 5698 912 5754 numero
942 5684 1025 5736 l2
1049 5685 1289 5738 tribuum
1326 5684 1513 5737 divisa:
1536 5684 1805 5754 assignari
1840 5684 2120 5753 permisit;

552 5753 649 5807 sed
674 5760 852 5807 tamen
880 5753 1147 5807 decimam
1176 5762 1385 5823 partem
1412 5753 1668 5807 omnium
1686 5753 1985 5817 fructuum,
2016 5754 2121 5806 sibi

552 5832 813 5894 tanquam
846 5823 1411 5900 propriodudaeorum
1444 5825 1577 5896 regi,
1605 5825 1724 5881 loco
1749 5823 2121 5895 tributidebis

2266 3824 2430 3880 agros
2451 3823 2590 3877 quos
2609 3808 2935 3873 vendebant,
2954 3805 3235 3870 Ecclesiis,
3260 3805 3462 3875 quibus
3488 3807 3856 3876 praesidebant

2263 3900 2527 3971 episcopi,
2579 3900 2878 3965 traderent,
2902 3912 2967 3952 eo
2998 3896 3147 3965 quod
3187 3911 3253 3951 ex
3286 3898 3594 3967 sumptibus
3632 3912 3850 3963 eorum,

2243 4017 2264 4049 ⁸
2287 4013 2511 4070 Omnes.
2613 4012 2635 4045 ⁸
2661 4010 2789 4067 lsid.
2823 4026 2861 4065 ιι
2929 4009 3005 4065 De
3037 4008 3153 4073 011.,
3186 4008 3295 4065 c.l.
3372 4010 3392 4041 ⁸
3423 4010 3608 4064 Actor.
3639 4026 3719 4075 IV,
3752 4011 3849 4067 52-

2258 4227 2368 4273 tam
2405 4232 2514 4271 una
2552 4230 2678 4270 cum
2707 4215 2777 4269 48
2831 4214 3165 4276 civitatibus,
3190 4220 3243 4266 et
3286 4210 3621 4266 suburbanis
3649 4227 3846 4269 earum

2257 4288 2498 4357 praediis,
2526 4286 2661 4357 illis,
2681 4295 2939 4357 tanquam
2966 4285 3082 4339 suis
3106 4283 3434 4357 hagredibus.
3465 4282 3718 4338 donavit.
3756 4284 3847 4357 lli-

2254 4353 2435 4413 dicula
2467 4373 2601 4413 sane
2644 4353 2808 4419 foret,
2832 4356 3125 4410 vehemens
3160 4353 3247 4405 illa
3280 4353 3578 4405 multorum
3614 4356 3844 4422 pontili-

2250 4444 2376 4483 cum
2423 4437 2476 4483 et
2516 4427 2878 4483 conciliorum
2915 4422 3170 4486 decretis,
3215 4437 3399 4476 rerum
3436 4422 3847 4478 ecclesiastica-

2254 4516 2373 4552 rum
2416 4498 2703 4552 interdicta
2749 4495 3028 4555 alienatio,
3076 4494 3119 4548 si
3158 4491 3399 4546 Ecclesia
3460 4493 3663 4545 nullam
3730 4512 3841 4549 rem

2250 4570 2397 4624 licite
2428 4569 2694 4637 hactenus
2729 4565 3049 4637 possederit.
3082 4562 3262 4630 Quare
3292 4562 3439 4637 quod
3474 4562 3651 4637 inquit
3682 4564 3846 4618 Chri-

2249 4647 2369 4694 stus
2423 4636 2559 4694 Luc.
2614 4634 2745 4696 xw,’
2779 4652 2888 4690 non
2932 4648 3247 4705 posseesse
3277 4634 3839 4705 «liscipuluinsuum,

2255 4709 2486 4789 pisi__qui
2526 4703 2944 4789 renuntiaverit
2974 4704 3247 4789 omnibus.
3287 4718 3407 4772 quae
3442 4703 3723 4789 possidet,
3770 4707 3841 4785 ita

2253 4773 2662 4848 intelligendum
2694 4786 2796 4838 est,
2829 4775 3061 4848 sicutizi
3104 4773 3250 4843 quod
3300 4773 3548 4840 sequitur
3581 4791 3594 4825 :
3626 4773 3691 4826 Si
3722 4779 3840 4845 quis

2248 4851 2383 4903 venit
2429 4846 2498 4902 ad
2534 4865 2632 4915 me,
2672 4857 2720 4902 et
2765 4863 2866 4900 non
2914 4846 3025 4898 odit
3056 4854 3260 4913 patrem
3289 4853 3340 4896 et
3373 4852 3594 4894 matrem
3631 4852 3686 4895 et
3711 4862 3841 4898 uxo-

2246 4936 2376 4985 rem,
2411 4919 2581 4973 adhuc.
2615 4928 2792 4971 autem
2831 4926 2879 4970 et
2910 4917 3143 4968 animam
3191 4929 3366 4975 suam,
3392 4927 3492 4985 non
3515 4922 3689 4985 potest
3724 4933 3839 4969 esse

2243 4981 2386 5043 meus
2424 4989 2737 5058 discipulus.
2796 4987 3017 5042 Certum
3071 4993 3175 5049 est,
3208 4998 3317 5058 non
3355 4982 3423 5036 ad
3474 4981 3694 5058 odium,
3716 4988 3835 5043 'scd

2242 5062 2425 5127 potius
2479 5053 2569 5113 ad'
2603 5072 2844 5112 amorem
2900 5063 3211 5127 parentum,
3241 5053 3837 5127 tiliorum,_uxoris,ct

2239 5122 2364 5183 vitae
2389 5130 2621 5199 propriae
2675 5122 2973 5199 quemlibet
3002 5124 3282 5199 hominem
3307 5123 3489 5176 divina
3522 5122 3642 5192 lege
3683 5124 3832 5179 obli-

2239 5193 2439 5268 ειη-ἰ,ὲί
2470 5193 2664 5254 horum
2683 5193 2835 5250 timor
2858 5196 2950 5268 Dei
2975 5193 3248 5268 charitati,
3264 5207 3425 5268 quem
3444 5207 3607 5268 super
3634 5199 3829 5268 omnia

2240 5263 2466 5340 diligere
2496 5271 2777 5340 debemus,
2803 5267 2939 5340 nihil
2968 5267 3265 5340 obsietﬁapt
3289 5263 3636 5340 prtejudicet;
3671 5267 3758 5319 sic
3784 5269 3828 5340 si

2238 5332 2423 5393 rerum
2469 5339 2742 5407 possessio
2785 5338 3028 5407 animum
3062 5348 3089 5386 a
3131 5332 3225 5407 Dei
3248 5332 3396 5407 cultu
3426 5342 3641 5407 avocet,
3674 5338 3828 5407 mala

2235 5420 2336 5475 est,
2370 5402 2544 5479 eoque
2581 5425 2713 5463 casu
2748 5408 2921 5479 ‘plane
2947 5406 3279 5479 deserenda;
3312 5402 3357 5479 si
3384 5416 3516 5455 vero
3546 5403 3829 5459 ministris

2236 5472 2490 5534 alimenta
2512 5472 2822 5549 prmbendo,
2847 5476 3096 5549 eumdem
3122 5474 3211 5526 Dei
3246 5472 3450 5549 cultum
3472 5486 3825 5549 promoveat,

2236 5541 2525 5605 utilissime
2583 5564 2713 5602 sane
2771 5546 3011 5599 Ecclesia
3089 5542 3469 5610 temporalium
3535 5541 3823 5598 bonorum

2233 5620 2538 5673 dominium
2574 5635 2637 5672 ac
2677 5617 3080 5686 possessionem
3108 5615 3219 5686 sibi
3252 5615 3530 5686 retinet_ct
3560 5626 3823 5686 usurpat.

2239 5688 2368 5744 Vide
2396 5706 2518 5758 qua:
2552 5681 2794 5741 diximus
2821 5700 2986 5758 supra
3009 5683 3255 5758 _iu_n_otis
3286 5682 3352 5735 ad
3382 5682 3553 5758 epist.
3588 5682 3627 5733 2
3662 5681 3743 5758 Ρὶι
3781 5683 3823 5736 1.

2230 5750 2590 5813 Bellarininus
2635 5758 2726 5811 lib.
2782 5773 2796 5810 ι
2853 5750 2929 5809 Ue
2971 5753 3199 5817 clericis,
3242 5767 3364 5822 cap.
3397 5751 3487 5805 26.
3522 5752 3655 5807 Scr.
3690 5750 3817 5807 Bm.
