3966 6498
229 379 323 434 I37

1288 384 1627 442 EPISTOIA
1665 387 1756 441 AD
1788 386 2021 443 OMNES
2059 388 2542 449 CHRISTIANOS.

3383 404 3483 458 I38

224 509 329 555 tam
360 502 731 570 presentibus
753 520 917 575 quam
950 506 1152 563 futuris
1175 510 1537 578 temporibus,
1571 511 1807 580 plurima
1836 520 1882 576 Α
1912 523 2090 567 autem
2121 514 2190 566 ad
2216 530 2331 568 eam
2356 530 2376 569 :
2402 514 2544 580 Quid
2594 516 2773 587 utique
2825 520 3060 573 convenit
3110 522 3252 575 vobis
3284 531 3483 578 tentare

219 604 274 650 et
294 595 632 664 elegantiora
663 608 888 667 possent
929 601 1243 656 ministrare
1275 603 1523 657 ﬁdelibus
1548 619 1803 658 contmn-

219 703 337 744 nem
362 689 527 743 ﬁdem
551 691 903 756 ducentibus,
927 709 1092 764 quam
1118 710 1183 749 ex
1211 697 1385 765 pretio
1415 712 1639 759 eorum;
1689 711 1802 751 cm-

215 790 404 851 perunt
431 784 639 851 praedia
666 793 720 837 et
755 800 937 854 agros,
970 799 1111 855 quos
1132 787 1363 841 vendere
1394 788 1661 853 solebant,
1680 804 1801 841 ma-

214 871 437 927 tricibus
460 873 725 930 Ecclesiis
755 876 1027 942 tradere",
1062 885 1117 932 ct
1165 893 1234 931 ex
1276 880 1582 949 sumptibus
1608 895 1795 934 eorum

212 963 412 1019 vivere.

272 1165 407 1237 Ipsa:
438 1186 571 1224 vero
597 1188 686 1227 res
710 1172 765 1227 in
796 1174 1003 1228 ditione
1030 1174 1789 1244 singularum‘parochiarnm,

202 1262 613 1331 episcoporum,
645 1266 739 1335 qui
769 1265 947 1320 locum
983 1275 1166 1319 tenent
1196 1268 1587 1335 apostolorum,
1613 1277 1789 1333 erant,

201 1363 252 1407 et
280 1363 411 1408 sunt
465 1372 642 1425 usque
671 1357 873 1424 adhuc,
899 1367 953 1412 et
983 1356 1182 1411 futuris
1212 1374 1423 1427 semper
1445 1359 1641 1413 debent
1670 1375 1790 1415 esse

201 1444 565 1512 temporibus.
597 1445 637 1499 Ε
665 1448 867 1516 quibus
891 1448 1133 1518 episc0pi
1165 1458 1217 1502 et
1240 1450 1425 1503 lideles
1443 1449 1789 1519 dispensato-

198 1547 520 1597 reseorum,
559 1538 814 1591 omnibus
844 1553 1193 1593 communem
1247 1540 1415 1593 vitam
1468 1540 1663 1610 degere
1691 1556 1787 1595 vo-

195 1622 455 1689 lentibus,
482 1628 795 1683 ministrare
827 1638 1025 1685 cuncta
1051 1633 1357 1686 necessaria
1382 1634 1600 1697 debent,
1625 1644 1787 1704 prout

194 1719 389 1774 melius
414 1722 718 1790 potuerint,
751 1731 811 1777 ut
846 1739 1009 1777 nemo
1034 1724 1086 1778 in
1134 1726 1214 1780 eis
1256 1741 1420 1795 egens
1450 1727 1778 1784 inveniatur.

200 1806 332 1879 Ipsa:
385 1813 536 1865 enim
569 1828 651 1867 res
674 1814 911 1869 ﬁdelium
934 1816 1236 1869 oblationes
1258 1817 1619 1885 appellantur,
1651 1818 1778 1887 quia

1909 603 2173 673 Spiritum
2205 606 2460 661 Domini?
2492 606 2627 661 Ecce
2653 611 2807 678 pedes
2827 625 3007 663 eorum
3038 612 3129 681 qui
3164 614 3479 682 sepelierunt

1904 699 2076 751 uirum
2104 708 2270 763 tuum,
2302 701 2371 753 ad
2402 701 2619 763 ostium,
2649 710 2699 755 et
2720 701 2935 770 elferent
2966 716 3035 757 te.
3070 703 3362 775 Confestim
3396 726 3482 763 ce-

1902 790 2034 842 cidit
2060 790 2129 842 ad
2150 791 2303 858 pedes
2328 791 2465 859 ejus,
2487 803 2537 846 et
2556 795 2859 862 exspiravit.
2891 793 3162 850 Intrantcs
3186 808 3361 853 autem
3378 801 3477 869 ju-

1899 899 2068 947 venes,
2099 884 2403 937 invenerunt
2430 886 2582 938 illam
2618 898 2906 952 mortuam,
2958 897 3007 942 et
3056 890 3378 956 extulerunt,
3426 904 3477 947 et

1899 976 2217 1043 sepelierunt
2244 978 2312 1029 ad
2342 977 2513 1031 virum
2537 995 2712 1032 suum.
2744 978 2813 1034 Et
2842 980 3012 1049 factus
3040 993 3116 1036 est
3151 983 3313 1037 timor
3358 1001 3476 1039 ma-

1901 1080 2032 1133 gnus
2051 1065 2104 1116 in
2123 1065 2416 1119 universam
2433 1066 2808 1134 Ecclesium,et
2824 1070 2877 1123 in
2902 1086 3077 1125 omnes
3088 1072 3177 1141 qui
3190 1073 3472 1128 audierunt

1895 1156 2005 1208 lucc
2021 1156 2061 1208 ’.
2085 1154 2231 1220 H.130,
2252 1156 2471 1220 fratres,
2505 1158 2661 1212 valde
2687 1159 2921 1213 cavenda
2950 1170 3078 1215 sunt
3101 1171 3152 1215 et
3179 1162 3421 1216 timenda
3451 1180 3468 1217 :

1895 1247 2023 1315 quia
2079 1263 2167 1302 res
2215 1246 2493 1311 Ecclesiae,
2526 1264 2634 1303 non
2667 1252 2824 1319 quasi
2857 1253 3093 1321 proprie
3135 1254 3199 1317 ‘°,
3254 1253 3349 1309 sed
3409 1264 3470 1309 ut

1890 1353 2211 1395 communes
2238 1349 2293 1394 et
2335 1339 2566 1395 Domino
2609 1342 2806 1395 oblata:
2835 1344 2901 1406 “,
2962 1360 3084 1399 cum
3134 1361 3350 1401 summo
3400 1348 3469 1402 ti-

1890 1446 2042 1486 more
2070 1449 2177 1488 non
2208 1433 2260 1487 in
2286 1434 2420 1489 alios
2447 1451 2611 1505 quam
2640 1436 2693 1489 in
2722 1436 2976 1506 prmfatos
3005 1455 3138 1493 usus
3184 1449 3313 1495 sunt
3335 1442 3467 1496 ﬁde-

1890 1523 2012 1579 liter
2040 1524 2437 1594 diSpensandze,
2494 1546 2561 1583 ne
2610 1531 2874 1599 sacrilegii
2918 1541 3127 1585 reatum
3160 1532 3463 1598 incurrant,

1886 1618 1978 1687 qui
1997 1633 2090 1671 eas
2116 1618 2239 1672 inde
2268 1619 2613 1685 abstrahunt,
2635 1622 2724 1674 ubi
2747 1623 2956 1676 tradita:
2980 1631 3224 1688 sunt,'ne
3244 1640 3461 1695 paruam

1885 1720 1937 1765 et
1961 1722 2191 1766 mortem
2238 1713 2465 1768 Ananiaa
2510 1724 2564 1768 et
2614 1713 2858 1784 Sapliirre
2886 1716 3184 1783 incurrant,
3213 1728 3265 1772 et
3294 1720 3463 1789 (quod

1884 1803 2037 1872 pejus
2072 1805 2176 1875 est)
2230 1807 2519 1861 anathema
2555 1808 2875 1862 maranatlia
2907 1810 3040 1862 ﬁant
3072 1810 3135 1873 ¹²,
3178 1818 3231 1864 et
3272 1810 3319 1865 si
3351 1826 3462 1865 non

190 1899 425 1957 Domino
456 1904 784 1960 oﬂ'eruntur.
809 1905 925 1960 Non
951 1922 1081 1975 ergo
1106 1908 1303 1961 debent
1329 1910 1381 1962 in
1410 1909 1531 1963 aliis
1560 1910 1762 1975 usibus,

1878 1911 2125 1965 corpore,
2156 1905 2215 1950 ut
2250 1898 2493 1953 Ananias
2522 1909 2576 1952 et
2612 1899 2864 1969 Sapliira,
2906 1902 3107 1955 mortui
3139 1900 3457 1966 ceciderint,

190 2009 349 2063 quam
390 1996 812 2059 ecclesiasticis,
846 2008 900 2051 et
933 1999 1315 2068 praedictorum
1341 1999 1778 2054 Christianorum

186 2083 416 2139 fratrum
435 2088 522 2140 vel
545 2088 900 2156 indigentium
935 2091 1177 2145 converti
1201 2110 1213 2144 :
1237 2092 1365 2160 quia
1400 2100 1520 2145 vola
1554 2100 1683 2145 sunt
1715 2091 1779 2145 ﬁ-

185 2178 386 2232 delium
410 2179 454 2241 ‘,
479 2189 531 2233 et
553 2180 721 2247 pretia
736 2191 1078 2250 peccatorum
1096 2181 1195 2251 (7),
1214 2197 1277 2236 ac
1293 2183 1618 2251 patrimonia
1640 2200 1777 2252 pau-

183 2283 397 2337 perum,
429 2279 595 2337 atque
625 2272 691 2323 ad
729 2272 1048 2339 praedictum
1085 2287 1225 2343 Opus
1274 2274 1623 2342 explendum,
1658 2274 1773 2327 Do-

183 2360 329 2413 mino
388 2361 624 2417 traditae.
680 2359 737 2415 Si
789 2364 915 2431 quis
968 2373 1148 2418 autem
1190 2366 1354 2434 (quod
1401 2365 1564 2433 absit)
1618 2380 1775 2419 secus

180 2452 371 2520 egerit,
402 2453 587 2507 videat
621 2469 688 2508 ne
719 2455 1131 2510 damnationem
1188 2456 1415 2510 Ananiae
1446 2465 1500 2510 et
1526 2455 1775 2525 Sapliirae

179 2543 468 2613 percipiat,
499 2555 553 2598 et
581 2560 710 2599 reus
739 2546 1473 2617 sacrilegiieﬁiciatur,sicut
1492 2547 1568 2602 illi
1596 2548 1771 2604 ell‘ccti

181 2645 327 2700 sunt,
367 2639 466 2707 qui
500 2640 677 2708 pretia
712 2641 1091 2709 praedictarum
1124 2656 1305 2695 rerum
1357 2640 1767 2706 fraudaverunt,

176 2728 239 2783 de
254 2732 467 2799 quibus
492 2732 689 2802 legitur
711 2733 765 2787 in
800 2734 1074 2803 praedictis
1099 2733 1475 2803 apostolorum
1498 2733 1724 2787 Actibus
1750 2753 1763 2788 :

184 2819 273 2876 Vir
300 2834 491 2877 autem
543 2825 763 2894 quidam
806 2826 1015 2878 nomine
1057 2824 1318 2891 Ananias,
1370 2841 1489 2878 cum
1535 2823 1767 2894 Sophim

176 2928 338 2967 uxore
361 2931 497 2979 sua,
525 2916 757 2969 vendidit
784 2934 969 2987 agrum
992 2927 1039 2970 et
1058 2916 1327 2985 fraudavit
1348 2914 1411 2969 de
1430 2917 1601 2985 pretio
1624 2917 1764 2986 agri,

175 3009 388 3061 conscia
423 3023 590 3062 uxore
613 3026 711 3062 sua
740 3029 761 3063 :
784 3019 832 3063 et
874 3010 1098 3079 aﬂ'erens
1130 3018 1332 3079 partem
1357 3009 1661 3079 quamdam,
1694 3011 1763 3063 ad

174 3103 317 3169 pedes
351 3101 718 3170 apostolorum
746 3104 941 3171 posuit.
994 3102 1139 3157 Dixit
1190 3113 1366 3157 autem
1401 3102 1589 3157 Petrus
1616 3103 1761 3155 Ana-

173 3196 268 3248 nia:
302 3209 323 3247 :
365 3193 480 3248 Cur
510 3191 727 3248 tentdvit
758 3194 988 3250 Satanas
1026 3214 1115 3251 cor
1141 3209 1312 3263 tuum,
1341 3199 1549 3250 mentiri
1569 3206 1616 3250 te
1638 3194 1760 3266 Spi—

173 3287 291 3340 ritui
319 3296 534 3351 sancto,
549 3296 598 3340 et
619 3288 870 3356 fraudare
884 3289 948 3343 de
964 3292 1130 3359 pretio
1148 3290 1306 3360 agri?
1335 3289 1522 3345 Nonne
1545 3308 1758 3344 manens

172 3377 258 3429 tibi
293 3378 573 3443 manebat,
608 3388 655 3431 et
681 3380 1050 3433 venumdatam
1080 3392 1194 3433 erat
1226 3381 1279 3433 in
1326 3392 1418 3434 tua
1466 3383 1762 3448 potestate?

172 3470 342 3532 Quare
375 3470 607 3539 posuisti
638 3472 691 3524 in
712 3472 867 3524 corde
889 3482 977 3524 tuo
1008 3474 1141 3525 hanc
1164 3473 1310 3526 rem?
1351 3471 1472 3526 Non
1514 3489 1565 3526 es
1591 3472 1760 3525 Itomi-

170 3561 311 3612 mbus
351 3562 630 3622 mentitus.
656 3562 747 3615 sed
781 3562 1023 3615 Domino.
1051 3563 1285 3615 Audiens
1313 3572 1489 3615 autem
1514 3563 1756 3617 Ananias

170 3651 273 3706 hac
301 3653 491 3717 verba,
511 3654 723 3719 cecidit,
750 3663 798 3706 et
825 3654 1135 3721 exspiravit.
1177 3652 1246 3706 Et
1276 3655 1451 3723 factus
1488 3665 1565 3709 est
1597 3656 1756 3707 timor

170 3760 390 3813 magnus
411 3746 466 3797 in
492 3761 668 3797 omnes
700 3747 789 3814 qui
819 3746 1131 3801 audierunt.
1162 3745 1443 3816 Surgentes
1466 3756 1637 3799 autem
1660 3746 1756 3815 ju-

167 3850 328 3900 venes,
357 3846 840 3899 amoverunteum;
865 3847 913 3890 et
943 3838 1245 3905 e/I'erentcs,
1270 3836 1602 3905 sepelierunt.
1642 3836 1755 3891 Fa-

165 3938 299 3978 ctum
322 3937 410 3980 est
432 3938 610 3980 autem
635 3929 788 3996 quasi
809 3928 1063 3982 horarum
1092 3931 1253 3981 trium
1276 3930 1528 3997 spatium,
1551 3939 1597 3983 et
1616 3945 1751 3981 uxor

166 4016 349 4084 ipsius,
395 4020 630 4072 nesciens
660 4019 799 4087 quod
851 4019 1052 4088 factum
1106 4020 1302 4088 fuerat,
1346 4020 1601 4073 introirit.
1647 4018 1749 4072 Re-

164 4112 425 4176 spondens
452 4120 634 4162 autem
658 4112 707 4163 ei
744 4110 961 4175 Petrus,
1013 4111 1144 4163 dixit
1176 4125 1194 4163 :
1225 4111 1325 4163 Dic
1350 4112 1497 4173 mihi,
1535 4111 1581 4163 si
1610 4111 1749 4164 tanti

164 4214 346 4267 agrum
368 4199 724 4252 vendidistis.’
748 4202 819 4252 At
839 4199 932 4252 illa
959 4201 1096 4253 dixit
1113 4214 1132 4253 :
1161 4198 1341 4253 Etiam
1371 4200 1526 4253 tanti.
1552 4198 1742 4251 Petrus

1882 1990 2063 2043 anima
2100 1999 2300 2055 tamen,
2329 2006 2449 2059 qua!
2492 1993 2670 2061 potior
2718 2006 2800 2047 est
2848 2008 3095 2063 corpore,
3144 2000 3359 2047 mortua
3405 2004 3461 2048 et

1881 2082 2115 2136 alienata
2144 2099 2171 2137 a
2204 2085 2482 2138 consortio
2508 2085 2744 2138 ﬁdelium
2765 2086 2943 2151 cadat,
2964 2093 3014 2139 et
3045 2086 3098 2139 in
3123 2085 3456 2155 profundum

1880 2171 2124 2228 barathri
2156 2175 2390 2230 labatur.
2426 2175 2579 2231 Unde
2601 2177 2987 2231 attendendum
3011 2187 3093 2231 est
3113 2177 3368 2232 omnibus
3390 2179 3453 2240 ⁸³.

1877 2274 1932 2321 et
1957 2267 2188 2323 ﬁdeliter
2209 2269 2646 2335 custodiendum,
2675 2279 2727 2324 et
2762 2270 2907 2324 illius
2927 2270 3297 2339 usurpationis
3319 2283 3454 2324 con-

1876 2358 2101 2414 tumelia
2128 2361 2464 2429 depellenda,
2485 2377 2551 2416 nc
2583 2362 2779 2431 praedia
2807 2362 2997 2417 usibus
3037 2372 3375 2417 secretorum
3411 2364 3455 2395 ”

1876 2450 2176 2505 cmlestiuut
2200 2451 2471 2516 dedicata,
2489 2469 2517 2507 a
2536 2454 2861 2523 quibusdam
2890 2452 3224 2509 irruentibus
3248 2470 3451 2510 vexen-r

1877 2550 1985 2596 tur.
2009 2541 2163 2608 Quod
2188 2544 2233 2598 si
2264 2544 2388 2614 quis
2422 2545 2610 2600 fecerit
2632 2547 2695 2611 ¹⁸,
2711 2557 2831 2615 post
2857 2547 3051 2601 debila:
3070 2548 3290 2602 ultionis
3305 2547 3451 2601 acri-

1874 2636 2138 2702 moniam,
2186 2653 2309 2706 quia
2360 2652 2487 2707 erga
2540 2639 2838 2709 sacrilegos
2867 2639 2991 2707 jure
3023 2639 3319 2708 promenda
3345 2649 3448 2703 est,

1874 2734 2139 2795 perpetua
2161 2726 2457 2781 damnetur
2487 2728 2733 2794 infamia,
2764 2740 2817 2781 et
2839 2728 3044 2783 carceri
3070 2729 3337 2794 tradatur,
3355 2739 3451 2782 aut

1870 2819 2063 2874 exsilio
2092 2830 2368 2889 perpetua:
2414 2821 2814 2890 deportationis
2846 2831 3030 2875 utatur
3057 2823 3120 2875 η.
3152 2820 3445 2886 Quoniam,

1863 2910 2018 2980 juxta
2052 2910 2374 2981 Apostolum
2406 2914 2473 2979 ¹⁷,
2508 2912 2724 2967 tradere
2769 2922 2979 2982 oportet
3001 2912 3312 2982 bujusmodi
3344 2912 3447 2965 lio-

1866 3004 2069 3059 minem
2120 3006 2356 3072 Satanaz,
2399 3015 2461 3059 ut
2514 3002 2741 3075 spiritus
2773 3006 2958 3060 salvus
3011 3006 3083 3059 sit
3136 3007 3192 3060 in
3223 3006 3311 3059 die
3338 3004 3447 3058 Do-

1866 3096 2021 3152 mini.

1937 3279 2254 3337 Memoratis
2280 3297 2411 3353 ergo
2435 3282 2975 3352 augmentatiouibus
2999 3297 3063 3337 ac
3091 3284 3351 3346 cultibus,
3386 3284 3440 3337 in

1865 3383 2075 3428 tantum
2110 3374 2367 3430 Ecclesiae
2392 3377 2455 3442 ",
2482 3376 2685 3445 quibus
2710 3375 2953 3445 episcopi
2987 3376 3295 3445 praesident,
3330 3376 3437 3430 Do-

1864 3468 2013 3521 mino
2041 3468 2484 3535 adminiculante,
2520 3478 2830 3534 creverunt,
2880 3479 2934 3524 et
2990 3470 3155 3523 tantis
3201 3470 3439 3522 maxima

1819 3566 1826 3574 '
1861 3572 1989 3627 pars
2018 3574 2205 3613 earum
2239 3559 2519 3613 abundant
2549 3558 2733 3625 rebus,
2784 3568 2844 3613 ut
2871 3558 3055 3612 nullus
3112 3559 3183 3613 sit
3233 3558 3286 3612 in
3334 3560 3436 3622 eis,

1860 3665 2210 3705 communem
2243 3652 2450 3722 eligens
2476 3652 2518 3683 "
2546 3652 2738 3717 vitam,
2792 3652 3072 3721 indigens;
3106 3650 3200 3705 sed
3253 3652 3438 3705 omnia

1859 3743 2167 3797 necessaria
2216 3744 2285 3795 ab
2315 3743 2574 3812 episcOpo
2629 3742 2854 3812 suisque
2889 3743 3155 3798 ministris
3184 3743 3435 3812 percipit.

1862 3836 1991 3889 ldeo
2020 3835 2063 3889 si
2091 3836 2289 3905 aliquis
2310 3837 2581 3890 exstiterit
2611 3835 2889 3891 modernis
2938 3845 3034 3890 aut
3067 3836 3264 3889 futuris
3296 3844 3436 3889 tem-

1857 3927 2105 3996 poribus,
2133 3928 2228 3997 qui
2261 3928 2374 3983 lure
2406 3928 2640 3982 avellere
2687 3928 2914 3993 nitatur,
2957 3928 3072 3997 jam
3108 3927 3254 3982 dicta
3281 3927 3437 3980 dam-

1854 4018 2075 4072 natione
2101 4017 2347 4074 feriatur.

2604 4110 2693 4164 IV.

1924 4200 2082 4267 Quod
2115 4209 2296 4256 autem
2323 4202 2479 4256 sedes
2507 4201 2561 4255 in
2610 4203 2991 4271 cpisc0porum
3037 4200 3285 4255 ecclesiis
3338 4215 3434 4253 ex-

234 4366 255 4397 "
276 4364 499 4436 Concil.
530 4361 711 4417 Milev.
736 4363 827 4436 25.
903 4364 924 4396 ⁸
944 4363 1193 4418 Julianus
1217 4362 1648 4436 Pomeriusilib.’
1671 4379 1709 4436 ιι
1738 4362 1822 4436 De
1859 4366 1972 4436 vita
2009 4367 2325 4436 contempl.,
2348 4382 2397 4422 c.
2448 4367 2549 4421 9et
2578 4366 2668 4421 16.
2715 4330 2848 4420 Vide
2873 4363 3089 4419 Hincm.
3145 4381 3268 4436 epp.
3310 4364 3345 4419 Ξ)
3377 4376 3433 4420 et

160 4435 211 4501 8,
248 4438 385 4489 edit.
435 4432 761 4503 Moguntina:
783 4434 977 4489 Brisaei.
1053 4436 1261 4487 ’Actor.
1310 4450 1362 4497 v,
1400 4435 1553 4488 l-H.

160 4575 241 4629 ‘32.
323 4576 371 4606 ⁸³
402 4574 487 4626 l7.
522 4573 726 4638 Quaest.
755 4580 788 4629 4
820 4594 833 4629 :
870 4576 1266 4629 Attendendum
1295 4583 1399 4637 est,
1447 4590 1512 4627 ne

159 4645 241 4711 40,
269 4661 443 4715 quam
470 4644 733 4713 expende.
836 4646 879 4676 ¹⁶
908 4657 1114 4700 uratur.
1211 4643 1291 4697 “l
1329 4646 1453 4699 Cor.
1496 4659 1549 4709 γ,
1582 4645 1637 4699 5.

160 4732 376 4784 gerens.

1648 4435 1690 4465 ¹⁰
1729 4434 1815 4489 l2.
1843 4434 2048 4501 Quzest.
2078 4438 2100 4490 l
2135 4457 2147 4491 :
2183 4434 2289 4491 lies
2318 4438 2562 4491 ecclesia:
2600 4453 2706 4490 non
2733 4438 2913 4503 quasi.

163 4512 271 4586 [ius
293 4504 622 4586 quisuplra,
650 4506 702 4586 in
735 4520 897 4586 Opere
925 4505 1073 4586 quod
1134 4504 1271 4586 l'also
1345 4520 1375 4586 a
1430 4505 1715 4586 plerisque.
1762 4506 2021 4586 tributum
2068 4509 2169 4561 fuit
2226 4506 2851 4586 Pro_s|‘)ero_{\qnilano.

1554 4576 1773 4642 praedia.
1851 4576 1894 4606 “
1922 4593 2223 4632 sacrorum.
2304 4580 2345 4608 ¹⁵
2372 4578 2482 4631 Cod
2512 4577 2718 4631 Theod.
2749 4578 2838 4629 lib.
2862 4593 2915 4629 κγ

1582 4645 1637 4699 5.
1740 4645 1783 4676 ⁸⁸
1812 4642 2014 4711 ρυωει.
2047 4649 2071 4700 l
2104 4668 2119 4703 :
2151 4647 2407 4702 Videntes
2439 4658 2618 4703 autem
2646 4648 2915 4702 sacerdot.

2992 4438 3032 4468 ¹¹
3057 4436 3201 4489 Idem
3235 4435 3431 4490 Pome-

2972 4507 3014 4538 ¹¹
3062 4505 3080 4558 l
3132 4505 3260 4559 Cor.
3314 4522 3428 4565 xvi,

2304 4580 2345 4608 ¹⁵
2372 4578 2482 4631 Cod
2512 4577 2718 4631 Theod.
2749 4578 2838 4629 lib.
2862 4593 2972 4643 xw,
3001 4577 3083 4630 tit.
3116 4576 3186 4641 2,
3249 4587 3427 4630 const.

2304 4658 2407 4702 ites
2439 4658 2618 4703 autem
2646 4648 2915 4702 sacerdot.
3012 4648 3054 4678 ³⁸
3086 4646 3296 4717 Degens
3340 4647 3427 4701 vel

3131 4663 3296 4700 exeris
3340 4663 3369 4699 Ὺ

1851 4576 1894 4606 ’⁸
1922 4593 2223 4632 sacrorum.

224 4871 299 4941 (7)
327 4870 517 4923 Pretio
540 4880 891 4939 peccatorum.
918 4869 1313 4939 Receptissima
1341 4878 1426 4923 est
1444 4868 1740 4941 expositio,
1774 4873 1822 4933 ι)
1848 4869 2075 4941 pertiunt
2110 4868 2255 4941 nobis
2282 4867 2599 4941 corporalia,
2623 4867 2809 4936 quibus
2856 4881 2949 4916 nos
2996 4862 3425 4941 spiritualiaim-

158 4949 213 4992 ut
245 4943 445 4995 hostia:
480 4950 535 4993 et
564 4941 923 5010 t-leemosytue
967 4956 1065 5009 pro
1105 4941 1339 5010 peccatis
1367 4940 1584 5003 oblatae,
1612 4954 1769 5008 pec-.

155 5020 271 5065 cata
344 5013 709 5079 appellentur.
765 5010 903 5064 Osee
962 5026 1081 5079 cap.
1148 5027 1201 5064 IV
1252 5010 1317 5064 de
1362 5010 1740 5064 sacerdotibus

155 5081 356 5150 dicitur
388 5099 400 5133 :
435 5080 667 5150 Peccata
690 5081 872 5150 populi
902 5082 1002 5150 mei
1039 5080 1323 5133 comedent.
1353 5079 1525 5145 Quem
1558 5080 1739 5133 locum

157 5147 416 5220 Cyrillus.
448 5142 909 5220 Τιιροριιςνιίίριιιε,
935 5142 1314 5205 Tlieodoretus
1346 5142 1399 5203 et
1425 5150 1517 5203 alii
1550 5165 1738 5203 recen-

157 5220 319 5275 tiores
374 5232 522 5275 recte
579 5222 646 5275 de
693 5223 883 5275 hostiis
918 5220 1362 5289 interpretantur.
1396 5220 1531 5272 Nam
1588 5220 1736 5273 Scri-

159 5300 308 5356 ptura
343 5292 415 5345 ita
453 5289 767 5359 frequenter
811 5292 958 5359 loqui
1004 5293 1158 5353 solet,
1198 5300 1255 5344 ut
1296 5291 1349 5344 in
1384 5291 1574 5357 primis
1620 5289 1736 5359 evi-

155 5360 473 5430 dentissime
523 5358 671 5430 patet
717 5377 784 5416 ex
839 5358 989 5415 hisce
1033 5362 1212 5415 verbis
1261 5360 1412 5413 Pauli
1461 5369 1639 5428 apost.
1690 5358 1734 5413 ll

154 5428 302 5495 Con,
337 5448 463 5501 cap.
509 5428 542 5485 ἦν
575 5450 587 5485 :
621 5429 756 5483 Eum
793 5432 883 5501 qui
921 5443 1187 5500 peccatum
1218 5447 1319 5482 non
1348 5440 1599 5501 noverat,
1638 5446 1733 5498 pro

154 5503 300 5571 nobis
328 5498 605 5571 peccatum
636 5502 779 5570 fecit,
804 5498 859 5553 ut
893 5498 984 5555 nos
1002 5502 1313 5571 efﬁcerentur
1327 5500 1541 5569 justitia
1566 5498 1662 5571 Dei
1681 5501 1736 5571 in

153 5570 171 5620 i
204 5588 281 5626 so.
321 5570 463 5638 Quia
496 5574 663 5641 igitur
710 5575 853 5625 bona
892 5582 998 5626 teni
1042 5572 1214 5626 oralia
1236 5570 1347 5624 Deo
1374 5572 1427 5623 in
1461 5570 1729 5626 ministris

154 5587 410 5693 Ecclesiae
436 5643 640 5693 oblata.
672 5652 891 5693 neccata
920 5588 1287 5693 retﬁmuntmt
1318 5648 1628 5693 peccantem
1658 5640 1725 5693 ad

182 5588 281 5626 980.
321 5588 463 5638 υωει
496 5588 663 5641 ιειιυτ
710 5588 853 5625 nona
892 5588 998 5626 lem
1042 5588 1214 5626 orana
1236 5588 1347 5624 υθο
1374 5588 1427 5623 ιη
1461 5588 1725 5626 ιιὶιηιδιιίε

182 5639 410 5697 lcclesiae
436 5643 640 5707 oblata,
672 5652 891 5711 peccata
920 5588 1287 5707 redimuntmt
1318 5648 1628 5710 peccantem
1658 5640 1725 5694 ad

153 5711 355 5765 donum
418 5710 752 5783 pcnnitentiaa
798 5713 1159 5783 obtinendum
1208 5710 1522 5783 disponunt,
1578 5719 1725 5765 recte

1847 4932 2123 5007 pertimus.
2181 4938 2293 4993 Hoc
2350 4932 2489 4991 idem
2547 4932 2736 4990 beatus
2796 4945 3129 5007 martyrac
3179 4932 3425 5007 pontifex

1841 5002 2148 5063 Alexander
2175 5011 2217 5073 l,
2258 5009 2419 5077 epist.
2452 5008 2502 5073 l,
2546 5008 2598 5060 in
2647 5002 3142 5077 principio,‘_liisce
3170 5002 3376 5077 “verbis
3408 5022 3421 5057 :

1847 5079 1960 5149 Ipsi
1988 5081 2198 5154 uenim,
2260 5072 2456 5148 inquit,
2492 5072 2608 5154 pro
2648 5072 2663 5076 ”
2700 5075 2891 5154 populo
2960 5072 3317 5154 interpellant,
3376 5082 3427 5125 et

1839 5145 2017 5220 populi
2072 5160 2284 5218 peccata
2338 5145 2636 5220 comedunt,
2687 5148 2810 5216 quia
2883 5145 3119 5214 precibus
3196 5145 3307 5220 suis
3376 5154 3427 5220 et

1839 5212 2187 5275 oblationibus
2252 5237 2314 5273 ea
2386 5218 2553 5270 delent
2575 5212 2730 5285 atque
2797 5212 3127 5268 consumunt.
3196 5212 3425 5267 Comedi

1838 5292 1982 5346 enim
2068 5293 2325 5344 dicuntur
2405 5289 2457 5341 in
2533 5286 2834 5356 Scriptura,
2880 5285 3245 5356 psaltLVllt,
3300 5298 3426 5356 qua:

1845 5373 2263 5418 consumuntur.
2328 5357 2615 5413 Discamus
2656 5353 2831 5425 _ergo
2881 5353 3049 5425 quod
3124 5355 3220 5423 qui
3280 5355 3425 5410 elec-

1844 5435 2089 5506 mosynis
2144 5440 2198 5485 et
2266 5428 2955 5506 oblationibus_ﬁdelium
3012 5425 3267 5506 iri-timur,
3312 5439 3421 5506 oeas

1834 5495 2094 5571 precibus
2152 5503 2378 5575 nostris,
2427 5499 2568 5554 sicut
2611 5495 3420 5575 _obligamur,_diligentissime

1832 5566 2272 5644 compensemus;
2304 5570 2549 5625 futurum
2576 5566 2838 5644 alioquin,
2862 5576 2923 5619 ut
2942 5566 3011 5620 de
3032 5567 3196 5644 rebus
3214 5566 3419 5644 injuste

1828 5635 2086 5713 acceptis,
2117 5635 2313 5713 coram,
2359 5642 2641 5713 tremendo
2684 5635 2884 5713 judice
2920 5636 3131 5703 saeculi,
3181 5635 3419 5713 graviter

1824 5702 2215 5786 periclitemur.
2277 5712 2407 5769 Vide
2441 5702 2713 5786 .lliberam
2749 5709 2802 5763 in
2849 5706 3045 5764 Oscam
3073 5702 3124 5763 c.
3156 5702 3233 5775 ιῐι,
3268 5721 3325 5761 n.
3357 5702 3413 5758 4.

156 5792 321 5846 pretia
368 5780 717 5851 pacatorum
752 5780 1207 5852 appellantur.De
1239 5782 1715 5852 bocpeceatorum
1824 5780 1951 5843 ng.
2006 5784 2125 5839 Bm.

152 5854 322 5917 pretio
358 5849 767 5924 intelligendum
788 5849 887 5907 'e'st
936 5852 1069 5909 illud
1099 5852 1327 5923 apostoli
1359 5849 1511 5907 Pauli
1549 5869 1563 5905 :
1602 5849 1714 5905 Im-

430 5948 703 6009 Ρηιιοι.
736 5949 853 6011 Gn.
884 5948 967 6008 Χ.

3095 5932 3137 5994 5
