  <div class='ocr_page' id='page_1' title='image "/cluster/home/n/w/nwhite01/storage/ocr_20150623/10/hvd.32044019207620/077.png"; bbox 0 0 3966 6502; ppageno 0'>
   <div class='ocr_carea' id='block_1_1' title="bbox 512 383 616 437">
    <p class='ocr_par' dir='ltr' id='par_1_1' title="bbox 512 383 616 437">
     <span class='ocr_line' id='line_1_1' title="bbox 512 383 616 437; baseline -0.019 0"><span class='ocrx_word' id='word_1_1' title='bbox 512 383 616 437; x_wconf 75' lang='grc' dir='ltr'>1ιό</span> 
     </span>
    </p>
   </div>
   <div class='ocr_carea' id='block_1_2' title="bbox 1884 374 3765 441">
    <p class='ocr_par' dir='ltr' id='par_1_2' title="bbox 1884 374 3765 441">
     <span class='ocr_line' id='line_1_2' title="bbox 1884 374 3765 441; baseline 0.007 -14"><span class='ocrx_word' id='word_1_2' title='bbox 1884 374 2160 430; x_wconf 75' lang='lat' dir='ltr'><strong>ASTERII</strong></span> <span class='ocrx_word' id='word_1_3' title='bbox 2204 375 2459 431; x_wconf 72' lang='lat' dir='ltr'><strong>URBANI</strong></span> <span class='ocrx_word' id='word_1_4' title='bbox 3669 386 3765 441; x_wconf 71' lang='lat' dir='ltr'><strong>Hi.</strong></span> 
     </span>
    </p>
   </div>
   <div class='ocr_carea' id='block_1_3' title="bbox 510 498 3769 571">
    <p class='ocr_par' dir='ltr' id='par_1_3' title="bbox 510 498 3769 571">
     <span class='ocr_line' id='line_1_3' title="bbox 510 498 3769 571; baseline 0 -10"><span class='ocrx_word' id='word_1_5' title='bbox 510 507 787 561; x_wconf 87' lang='lat' dir='ltr'><strong>centiores</strong></span> <span class='ocrx_word' id='word_1_6' title='bbox 842 510 1171 559; x_wconf 86' lang='lat' dir='ltr'><strong>statuerunt.</strong></span> <span class='ocrx_word' id='word_1_7' title='bbox 1215 500 1387 554; x_wconf 80' lang='lat' dir='ltr'><strong>Porro</strong></span> <span class='ocrx_word' id='word_1_8' title='bbox 1438 498 1722 555; x_wconf 78' lang='lat' dir='ltr'><strong>Valesiana</strong></span> <span class='ocrx_word' id='word_1_9' title='bbox 1779 500 2094 568; x_wconf 66' lang='lat' dir='ltr'><strong>coniectura</strong></span> <span class='ocrx_word' id='word_1_10' title='bbox 2125 504 2171 559; x_wconf 77' lang='grc' dir='ltr'><strong>Α</strong></span> <span class='ocrx_word' id='word_1_11' title='bbox 2196 500 2453 570; x_wconf 83' lang='lat' dir='ltr'><strong>episcopo</strong></span> <span class='ocrx_word' id='word_1_12' title='bbox 2478 502 2618 557; x_wconf 89' lang='lat' dir='ltr'><strong>duas</strong></span> <span class='ocrx_word' id='word_1_13' title='bbox 2636 501 2909 558; x_wconf 83' lang='lat' dir='ltr'><strong>Ecclesias</strong></span> <span class='ocrx_word' id='word_1_14' title='bbox 2932 501 3092 571; x_wconf 79' lang='lat' dir='ltr'><strong>longe</strong></span> <span class='ocrx_word' id='word_1_15' title='bbox 3118 501 3258 556; x_wconf 84' lang='lat' dir='ltr'><strong>inter</strong></span> <span class='ocrx_word' id='word_1_16' title='bbox 3284 518 3344 557; x_wconf 87' lang='lat' dir='ltr'><strong>se</strong></span> <span class='ocrx_word' id='word_1_17' title='bbox 3362 503 3583 560; x_wconf 83' lang='lat' dir='ltr'><strong>dissitas</strong></span> <span class='ocrx_word' id='word_1_18' title='bbox 3604 504 3769 562; x_wconf 89' lang='lat' dir='ltr'><strong>fuisse</strong></span> 
     </span>
    </p>
   </div>
   <div class='ocr_carea' id='block_1_4' title="bbox 513 590 2091 667">
    <p class='ocr_par' dir='ltr' id='par_1_4' title="bbox 513 590 2091 667">
     <span class='ocr_line' id='line_1_4' title="bbox 513 590 2091 667; baseline -0.005 -15"><span class='ocrx_word' id='word_1_19' title='bbox 513 596 865 653; x_wconf 84' lang='lat' dir='ltr'><strong>Tillemontio</strong></span> <span class='ocrx_word' id='word_1_20' title='bbox 896 595 1010 667; x_wconf 84' lang='grc'>(12)</span> <span class='ocrx_word' id='word_1_21' title='bbox 1049 610 1161 664; x_wconf 76' lang='lat' dir='ltr'><strong>pra:</strong></span> <span class='ocrx_word' id='word_1_22' title='bbox 1206 592 1417 648; x_wconf 79' lang='lat' dir='ltr'><strong>eteteris</strong></span> <span class='ocrx_word' id='word_1_23' title='bbox 1447 600 1610 663; x_wconf 90' lang='lat' dir='ltr'><strong>atque</strong></span> <span class='ocrx_word' id='word_1_24' title='bbox 1642 590 1939 647; x_wconf 86' lang='lat' dir='ltr'><strong>Pearsonio</strong></span> <span class='ocrx_word' id='word_1_25' title='bbox 1978 591 2091 663; x_wconf 82' lang='lat'><strong>(15)</strong></span> 
     </span>
    </p>
   </div>
   <div class='ocr_carea' id='block_1_5' title="bbox 512 687 1135 758">
    <p class='ocr_par' dir='ltr' id='par_1_5' title="bbox 512 687 1135 758">
     <span class='ocr_line' id='line_1_5' title="bbox 512 687 1135 758; baseline -0.01 -13"><span class='ocrx_word' id='word_1_26' title='bbox 512 689 769 745; x_wconf 81' lang='lat' dir='ltr'><strong>arrisisse</strong></span> <span class='ocrx_word' id='word_1_27' title='bbox 797 687 1135 758; x_wconf 71' lang='lat' dir='ltr'><strong>perhibetur.</strong></span> 
     </span>
    </p>
   </div>
   <div class='ocr_carea' id='block_1_6' title="bbox 584 772 2090 845">
    <p class='ocr_par' dir='ltr' id='par_1_6' title="bbox 584 772 2090 845">
     <span class='ocr_line' id='line_1_6' title="bbox 584 772 2090 845; baseline -0.005 -11"><span class='ocrx_word' id='word_1_28' title='bbox 584 780 649 834; x_wconf 89' lang='lat' dir='ltr'><strong>Il.</strong></span> <span class='ocrx_word' id='word_1_29' title='bbox 689 778 822 845; x_wconf 89' lang='lat' dir='ltr'><strong>Quis</strong></span> <span class='ocrx_word' id='word_1_30' title='bbox 874 787 1053 831; x_wconf 80' lang='lat' dir='ltr'><strong>autem</strong></span> <span class='ocrx_word' id='word_1_31' title='bbox 1102 775 1347 845; x_wconf 77' lang='lat' dir='ltr'><strong>qualisve</strong></span> <span class='ocrx_word' id='word_1_32' title='bbox 1394 774 1555 829; x_wconf 87' lang='lat' dir='ltr'><strong>fuerit</strong></span> <span class='ocrx_word' id='word_1_33' title='bbox 1600 782 1787 829; x_wconf 78' lang='lat' dir='ltr'><strong>noster</strong></span> <span class='ocrx_word' id='word_1_34' title='bbox 1822 772 2090 839; x_wconf 87' lang='lat' dir='ltr'><strong>Asterius,</strong></span> 
     </span>
    </p>
   </div>
   <div class='ocr_carea' id='block_1_7' title="bbox 514 864 2092 939">
    <p class='ocr_par' dir='ltr' id='par_1_7' title="bbox 514 864 2092 939">
     <span class='ocr_line' id='line_1_7' title="bbox 514 864 2092 939; baseline -0.004 -14"><span class='ocrx_word' id='word_1_35' title='bbox 514 887 624 925; x_wconf 91' lang='lat' dir='ltr'><strong>non</strong></span> <span class='ocrx_word' id='word_1_36' title='bbox 663 872 852 939; x_wconf 84' lang='lat' dir='ltr'><strong>liquet.</strong></span> <span class='ocrx_word' id='word_1_37' title='bbox 890 868 1218 937; x_wconf 75' lang='lat' dir='ltr'><strong>EpiseOpum</strong></span> <span class='ocrx_word' id='word_1_38' title='bbox 1257 883 1385 921; x_wconf 90' lang='lat' dir='ltr'><strong>vero</strong></span> <span class='ocrx_word' id='word_1_39' title='bbox 1414 867 1591 936; x_wconf 88' lang='lat' dir='ltr'><strong>ipsum</strong></span> <span class='ocrx_word' id='word_1_40' title='bbox 1620 864 1811 929; x_wconf 84' lang='lat' dir='ltr'><strong>fuisse,</strong></span> <span class='ocrx_word' id='word_1_41' title='bbox 1842 866 1932 919; x_wconf 88' lang='lat' dir='ltr'><strong>illa</strong></span> <span class='ocrx_word' id='word_1_42' title='bbox 1964 880 2092 919; x_wconf 83' lang='lat' dir='ltr'><strong>sua—</strong></span> 
     </span>
    </p>
   </div>
   <div class='ocr_carea' id='block_1_8' title="bbox 513 958 2090 1029">
    <p class='ocr_par' dir='ltr' id='par_1_8' title="bbox 513 958 2090 1029">
     <span class='ocr_line' id='line_1_8' title="bbox 513 958 2090 1029; baseline -0.004 -12"><span class='ocrx_word' id='word_1_43' title='bbox 513 963 642 1018; x_wconf 84' lang='lat' dir='ltr'><strong>dere</strong></span> <span class='ocrx_word' id='word_1_44' title='bbox 673 963 808 1017; x_wconf 85' lang='lat' dir='ltr'><strong>satis</strong></span> <span class='ocrx_word' id='word_1_45' title='bbox 837 961 1092 1015; x_wconf 87' lang='lat' dir='ltr'><strong>videntur</strong></span> <span class='ocrx_word' id='word_1_46' title='bbox 1137 975 1260 1029; x_wconf 68' lang='lat' dir='ltr'><strong>qua:</strong></span> <span class='ocrx_word' id='word_1_47' title='bbox 1309 959 1378 1013; x_wconf 89' lang='lat' dir='ltr'><strong>ab</strong></span> <span class='ocrx_word' id='word_1_48' title='bbox 1411 973 1476 1013; x_wconf 90' lang='lat' dir='ltr'><strong>eo</strong></span> <span class='ocrx_word' id='word_1_49' title='bbox 1526 959 1755 1028; x_wconf 64' lang='lat' dir='ltr'><strong>Ancyrae</strong></span> <span class='ocrx_word' id='word_1_50' title='bbox 1796 959 1850 1012; x_wconf 90' lang='lat' dir='ltr'><strong>in</strong></span> <span class='ocrx_word' id='word_1_51' title='bbox 1880 958 2090 1013; x_wconf 84' lang='lat' dir='ltr'><strong>Galatia</strong></span> 
     </span>
    </p>
   </div>
   <div class='ocr_carea' id='block_1_9' title="bbox 516 1045 2093 1124">
    <p class='ocr_par' dir='ltr' id='par_1_9' title="bbox 516 1045 2093 1124">
     <span class='ocr_line' id='line_1_9' title="bbox 516 1045 2093 1124; baseline -0.005 -16"><span class='ocrx_word' id='word_1_52' title='bbox 516 1064 730 1124; x_wconf 89' lang='lat' dir='ltr'><strong>peracta</strong></span> <span class='ocrx_word' id='word_1_53' title='bbox 780 1061 1105 1106; x_wconf 90' lang='lat' dir='ltr'><strong>noscuntur.</strong></span> <span class='ocrx_word' id='word_1_54' title='bbox 1154 1050 1291 1104; x_wconf 87' lang='lat' dir='ltr'><strong>Cum</strong></span> <span class='ocrx_word' id='word_1_55' title='bbox 1346 1049 1492 1104; x_wconf 90' lang='lat' dir='ltr'><strong>enim</strong></span> <span class='ocrx_word' id='word_1_56' title='bbox 1546 1049 1692 1103; x_wconf 86' lang='lat' dir='ltr'><strong>illius</strong></span> <span class='ocrx_word' id='word_1_57' title='bbox 1726 1048 1877 1103; x_wconf 88' lang='lat' dir='ltr'><strong>urbis</strong></span> <span class='ocrx_word' id='word_1_58' title='bbox 1908 1045 2093 1102; x_wconf 88' lang='lat' dir='ltr'><strong>Eccle-</strong></span> 
     </span>
    </p>
   </div>
   <div class='ocr_carea' id='block_1_10' title="bbox 516 1137 2081 1212">
    <p class='ocr_par' dir='ltr' id='par_1_10' title="bbox 516 1137 2081 1212">
     <span class='ocr_line' id='line_1_10' title="bbox 516 1137 2081 1212; baseline -0.006 -12"><span class='ocrx_word' id='word_1_59' title='bbox 516 1147 651 1201; x_wconf 83' lang='lat' dir='ltr'><strong>siatn</strong></span> <span class='ocrx_word' id='word_1_60' title='bbox 679 1142 919 1197; x_wconf 84' lang='lat' dir='ltr'><strong>Montani</strong></span> <span class='ocrx_word' id='word_1_61' title='bbox 953 1147 1180 1212; x_wconf 76' lang='lat' dir='ltr'><strong>ejusque</strong></span> <span class='ocrx_word' id='word_1_62' title='bbox 1216 1139 1542 1193; x_wconf 80' lang='lat' dir='ltr'><strong>feminarum</strong></span> <span class='ocrx_word' id='word_1_63' title='bbox 1566 1137 2081 1208; x_wconf 85' lang='lat' dir='ltr'><strong>pseudoprophetiis</strong></span> 
     </span>
    </p>
   </div>
   <div class='ocr_carea' id='block_1_11' title="bbox 516 1230 2092 1303">
    <p class='ocr_par' dir='ltr' id='par_1_11' title="bbox 516 1230 2092 1303">
     <span class='ocr_line' id='line_1_11' title="bbox 516 1230 2092 1303; baseline -0.006 -11"><span class='ocrx_word' id='word_1_64' title='bbox 516 1238 785 1292; x_wconf 79' lang='lat' dir='ltr'><strong>turbatam</strong></span> <span class='ocrx_word' id='word_1_65' title='bbox 823 1234 1203 1303; x_wconf 82' lang='lat' dir='ltr'><strong>comperisset,</strong></span> <span class='ocrx_word' id='word_1_66' title='bbox 1234 1232 1463 1286; x_wconf 89' lang='lat' dir='ltr'><strong>collecto</strong></span> <span class='ocrx_word' id='word_1_67' title='bbox 1502 1230 1740 1285; x_wconf 90' lang='lat' dir='ltr'><strong>ﬁdelium</strong></span> <span class='ocrx_word' id='word_1_68' title='bbox 1786 1238 1927 1284; x_wconf 74' lang='lat' dir='ltr'><strong>cmtu</strong></span> <span class='ocrx_word' id='word_1_69' title='bbox 1972 1230 2092 1299; x_wconf 93' lang='lat' dir='ltr'><strong>plu-</strong></span> 
     </span>
    </p>
   </div>
   <div class='ocr_carea' id='block_1_12' title="bbox 515 1322 2091 1394">
    <p class='ocr_par' dir='ltr' id='par_1_12' title="bbox 515 1322 2091 1394">
     <span class='ocr_line' id='line_1_12' title="bbox 515 1322 2091 1394; baseline -0.005 -10"><span class='ocrx_word' id='word_1_70' title='bbox 515 1333 668 1385; x_wconf 86' lang='lat' dir='ltr'><strong>ribus</strong></span> <span class='ocrx_word' id='word_1_71' title='bbox 696 1330 887 1384; x_wconf 90' lang='lat' dir='ltr'><strong>diebus</strong></span> <span class='ocrx_word' id='word_1_72' title='bbox 912 1326 1195 1391; x_wconf 84' lang='lat' dir='ltr'><strong>disseruit,</strong></span> <span class='ocrx_word' id='word_1_73' title='bbox 1226 1340 1431 1394; x_wconf 77' lang='lat' dir='ltr'><strong>eosque</strong></span> <span class='ocrx_word' id='word_1_74' title='bbox 1476 1323 1528 1378; x_wconf 90' lang='lat' dir='ltr'><strong>in</strong></span> <span class='ocrx_word' id='word_1_75' title='bbox 1558 1323 1783 1379; x_wconf 81' lang='lat' dir='ltr'><strong>veritate</strong></span> <span class='ocrx_word' id='word_1_76' title='bbox 1810 1322 1933 1377; x_wconf 82' lang='lat' dir='ltr'><strong>ﬁdei</strong></span> <span class='ocrx_word' id='word_1_77' title='bbox 1971 1337 2091 1376; x_wconf 85' lang='lat' dir='ltr'><strong>ma-</strong></span> 
     </span>
    </p>
   </div>
   <div class='ocr_carea' id='block_1_13' title="bbox 515 1415 2093 1495">
    <p class='ocr_par' dir='ltr' id='par_1_13' title="bbox 515 1415 2093 1495">
     <span class='ocr_line' id='line_1_13' title="bbox 515 1415 2093 1495; baseline -0.005 -19"><span class='ocrx_word' id='word_1_78' title='bbox 515 1437 754 1495; x_wconf 86' lang='lat' dir='ltr'><strong>gnopere</strong></span> <span class='ocrx_word' id='word_1_79' title='bbox 791 1420 1157 1482; x_wconf 89' lang='lat' dir='ltr'><strong>conlirmavit,</strong></span> <span class='ocrx_word' id='word_1_80' title='bbox 1208 1418 1549 1473; x_wconf 87' lang='lat' dir='ltr'><strong>adversarios</strong></span> <span class='ocrx_word' id='word_1_81' title='bbox 1590 1433 1718 1472; x_wconf 87' lang='lat' dir='ltr'><strong>vero</strong></span> <span class='ocrx_word' id='word_1_82' title='bbox 1752 1417 1954 1486; x_wconf 87' lang='lat' dir='ltr'><strong>Deique</strong></span> <span class='ocrx_word' id='word_1_83' title='bbox 1988 1415 2093 1469; x_wconf 87' lang='lat' dir='ltr'><strong>bo-</strong></span> 
     </span>
    </p>
   </div>
   <div class='ocr_carea' id='block_1_14' title="bbox 516 1509 2093 1584">
    <p class='ocr_par' dir='ltr' id='par_1_14' title="bbox 516 1509 2093 1584">
     <span class='ocr_line' id='line_1_14' title="bbox 516 1509 2093 1584; baseline -0.006 -13"><span class='ocrx_word' id='word_1_84' title='bbox 516 1527 631 1571; x_wconf 87' lang='lat' dir='ltr'><strong>stes</strong></span> <span class='ocrx_word' id='word_1_85' title='bbox 659 1516 711 1570; x_wconf 92' lang='lat' dir='ltr'><strong>in</strong></span> <span class='ocrx_word' id='word_1_86' title='bbox 752 1514 935 1584; x_wconf 80' lang='lat' dir='ltr'><strong>fugam</strong></span> <span class='ocrx_word' id='word_1_87' title='bbox 969 1513 1237 1567; x_wconf 78' lang='lat' dir='ltr'><strong>convertit</strong></span> <span class='ocrx_word' id='word_1_88' title='bbox 1266 1511 1377 1581; x_wconf 68' lang='lat'><strong>(14)</strong></span> <span class='ocrx_word' id='word_1_89' title='bbox 1412 1528 1425 1564; x_wconf 91' lang='lat'><strong>:</strong></span> <span class='ocrx_word' id='word_1_90' title='bbox 1464 1525 1572 1580; x_wconf 91' lang='lat' dir='ltr'><strong>quo</strong></span> <span class='ocrx_word' id='word_1_91' title='bbox 1613 1509 1832 1579; x_wconf 88' lang='lat' dir='ltr'><strong>quidem</strong></span> <span class='ocrx_word' id='word_1_92' title='bbox 1868 1522 2093 1562; x_wconf 89' lang='lat' dir='ltr'><strong>munere</strong></span> 
     </span>
    </p>
   </div>
   <div class='ocr_carea' id='block_1_15' title="bbox 515 1600 2090 1676">
    <p class='ocr_par' dir='ltr' id='par_1_15' title="bbox 515 1600 2090 1676">
     <span class='ocr_line' id='line_1_15' title="bbox 515 1600 2090 1676; baseline -0.006 -15"><span class='ocrx_word' id='word_1_93' title='bbox 515 1606 691 1676; x_wconf 77' lang='lat' dir='ltr'><strong>fungi,</strong></span> <span class='ocrx_word' id='word_1_94' title='bbox 718 1606 895 1659; x_wconf 84' lang='lat' dir='ltr'><strong>virum</strong></span> <span class='ocrx_word' id='word_1_95' title='bbox 928 1604 981 1657; x_wconf 92' lang='lat' dir='ltr'><strong>in</strong></span> <span class='ocrx_word' id='word_1_96' title='bbox 1011 1604 1203 1673; x_wconf 85' lang='lat' dir='ltr'><strong>primis</strong></span> <span class='ocrx_word' id='word_1_97' title='bbox 1223 1603 1518 1672; x_wconf 87' lang='lat' dir='ltr'><strong>episcopali</strong></span> <span class='ocrx_word' id='word_1_98' title='bbox 1544 1602 1751 1655; x_wconf 86' lang='lat' dir='ltr'><strong>honore</strong></span> <span class='ocrx_word' id='word_1_99' title='bbox 1771 1600 2090 1670; x_wconf 82' lang='lat' dir='ltr'><strong>insignitum</strong></span> 
     </span>
    </p>
   </div>
   <div class='ocr_carea' id='block_1_16' title="bbox 516 1696 764 1751">
    <p class='ocr_par' dir='ltr' id='par_1_16' title="bbox 516 1696 764 1751">
     <span class='ocr_line' id='line_1_16' title="bbox 516 1696 764 1751; baseline -0.008 0"><span class='ocrx_word' id='word_1_100' title='bbox 516 1696 764 1751; x_wconf 86' lang='lat' dir='ltr'><strong>decebat.</strong></span> 
     </span>
    </p>
   </div>
   <div class='ocr_carea' id='block_1_17' title="bbox 578 1776 2090 1852">
    <p class='ocr_par' dir='ltr' id='par_1_17' title="bbox 578 1776 2090 1852">
     <span class='ocr_line' id='line_1_17' title="bbox 578 1776 2090 1852; baseline -0.007 -12"><span class='ocrx_word' id='word_1_101' title='bbox 578 1788 858 1842; x_wconf 68' lang='lat' dir='ltr'><strong>Praeterea</strong></span> <span class='ocrx_word' id='word_1_102' title='bbox 893 1791 1121 1839; x_wconf 89' lang='lat' dir='ltr'><strong>testatur</strong></span> <span class='ocrx_word' id='word_1_103' title='bbox 1154 1790 1345 1836; x_wconf 75' lang='lat' dir='ltr'><strong>aut-tor</strong></span> <span class='ocrx_word' id='word_1_104' title='bbox 1379 1780 1489 1852; x_wconf 77' lang='grc'>(15)</span> <span class='ocrx_word' id='word_1_105' title='bbox 1529 1789 1657 1835; x_wconf 91' lang='lat' dir='ltr'><strong>tunc</strong></span> <span class='ocrx_word' id='word_1_106' title='bbox 1688 1778 1929 1834; x_wconf 81' lang='lat' dir='ltr'><strong>adfuisse</strong></span> <span class='ocrx_word' id='word_1_107' title='bbox 1961 1776 2090 1830; x_wconf 92' lang='lat' dir='ltr'><strong>dum</strong></span> 
     </span>
    </p>
   </div>
   <div class='ocr_carea' id='block_1_18' title="bbox 506 1850 2167 1951">
    <p class='ocr_par' dir='ltr' id='par_1_18' title="bbox 506 1850 2167 1951">
     <span class='ocr_line' id='line_1_18' title="bbox 506 1850 2167 1951; baseline -0.008 -15"><span class='ocrx_word' id='word_1_108' title='bbox 506 1883 864 1951; x_wconf 64' lang='lat' dir='ltr'><strong>loqueretur,</strong></span> <span class='ocrx_word' id='word_1_109' title='bbox 897 1879 1145 1932; x_wconf 86' lang='lat' dir='ltr'><strong>Zoticum</strong></span> <span class='ocrx_word' id='word_1_110' title='bbox 1197 1875 1456 1930; x_wconf 86' lang='lat' dir='ltr'><strong>Otrenum</strong></span> <span class='ocrx_word' id='word_1_111' title='bbox 1512 1888 1674 1943; x_wconf 88' lang='lat' dir='ltr'><strong>quem</strong></span> <span class='ocrx_word' id='word_1_112' title='bbox 1721 1880 1881 1926; x_wconf 79' lang='lat' dir='ltr'><strong>vocat.</strong></span> <span class='ocrx_word' id='word_1_113' title='bbox 1932 1886 2091 1924; x_wconf 92' lang='lat' dir='ltr'><strong>suum</strong></span> <span class='ocrx_word' id='word_1_114' title='bbox 2126 1850 2167 1904; x_wconf 78' lang='grc' dir='ltr'>Β</span> 
     </span>
    </p>
   </div>
   <div class='ocr_carea' id='block_1_19' title="bbox 518 1965 2096 2044">
    <p class='ocr_par' dir='ltr' id='par_1_19' title="bbox 518 1965 2096 2044">
     <span class='ocr_line' id='line_1_19' title="bbox 518 1965 2096 2044; baseline -0.008 -17"><span class='ocrx_word' id='word_1_115' title='bbox 518 1972 1021 2044; x_wconf 77' lang='grc' dir='ltr'>συμπρεσῦύτερον,</span> <span class='ocrx_word' id='word_1_116' title='bbox 1064 1969 1194 2039; x_wconf 90' lang='lat' dir='ltr'><strong>quin</strong></span> <span class='ocrx_word' id='word_1_117' title='bbox 1239 1978 1292 2021; x_wconf 89' lang='lat' dir='ltr'><strong>et</strong></span> <span class='ocrx_word' id='word_1_118' title='bbox 1324 1966 1567 2021; x_wconf 84' lang='lat' dir='ltr'><strong>Zoticum</strong></span> <span class='ocrx_word' id='word_1_119' title='bbox 1605 1965 2001 2018; x_wconf 78' lang='lat' dir='ltr'><strong>Comanenscm</strong></span> <span class='ocrx_word' id='word_1_120' title='bbox 2041 1970 2096 2015; x_wconf 87' lang='lat' dir='ltr'><strong>et</strong></span> 
     </span>
    </p>
   </div>
   <div class='ocr_carea' id='block_1_20' title="bbox 518 2054 2097 2134">
    <p class='ocr_par' dir='ltr' id='par_1_20' title="bbox 518 2054 2097 2134">
     <span class='ocr_line' id='line_1_20' title="bbox 518 2054 2097 2134; baseline -0.009 -14"><span class='ocrx_word' id='word_1_121' title='bbox 518 2064 795 2120; x_wconf 86' lang='lat' dir='ltr'><strong>Julianum</strong></span> <span class='ocrx_word' id='word_1_122' title='bbox 835 2065 1197 2134; x_wconf 87' lang='lat' dir='ltr'><strong>Apamenurn,</strong></span> <span class='ocrx_word' id='word_1_123' title='bbox 1234 2061 1434 2133; x_wconf 78' lang='grc' dir='ltr'>ἄνδρας</span> <span class='ocrx_word' id='word_1_124' title='bbox 1472 2058 1727 2129; x_wconf 78' lang='grc' dir='ltr'><strong>δοκίμους</strong></span> <span class='ocrx_word' id='word_1_125' title='bbox 1754 2057 1845 2110; x_wconf 76' lang='grc' dir='ltr'><strong>καὶ</strong></span> <span class='ocrx_word' id='word_1_126' title='bbox 1876 2054 2097 2108; x_wconf 80' lang='grc' dir='ltr'><strong>ἐπισκό-</strong></span> 
     </span>
    </p>
   </div>
   <div class='ocr_carea' id='block_1_21' title="bbox 517 2149 2094 2225">
    <p class='ocr_par' dir='ltr' id='par_1_21' title="bbox 517 2149 2094 2225">
     <span class='ocr_line' id='line_1_21' title="bbox 517 2149 2094 2225; baseline -0.01 -14"><span class='ocrx_word' id='word_1_127' title='bbox 517 2175 675 2221; x_wconf 83' lang='grc' dir='ltr'>πους,</span> <span class='ocrx_word' id='word_1_128' title='bbox 711 2158 847 2210; x_wconf 83' lang='lat' dir='ltr'><strong>viros</strong></span> <span class='ocrx_word' id='word_1_129' title='bbox 881 2154 1073 2225; x_wconf 88' lang='lat' dir='ltr'><strong>probos</strong></span> <span class='ocrx_word' id='word_1_130' title='bbox 1114 2164 1165 2207; x_wconf 92' lang='lat' dir='ltr'><strong>et</strong></span> <span class='ocrx_word' id='word_1_131' title='bbox 1210 2150 1494 2222; x_wconf 81' lang='lat' dir='ltr'><strong>episcopali</strong></span> <span class='ocrx_word' id='word_1_132' title='bbox 1529 2149 1785 2219; x_wconf 86' lang='lat' dir='ltr'><strong>dignitate</strong></span> <span class='ocrx_word' id='word_1_133' title='bbox 1829 2155 2043 2199; x_wconf 86' lang='lat' dir='ltr'><strong>ornatos</strong></span> <span class='ocrx_word' id='word_1_134' title='bbox 2076 2154 2094 2196; x_wconf 82' lang='lat'><strong>.‘</strong></span> 
     </span>
    </p>
   </div>
   <div class='ocr_carea' id='block_1_22' title="bbox 518 2237 2094 2318">
    <p class='ocr_par' dir='ltr' id='par_1_22' title="bbox 518 2237 2094 2318">
     <span class='ocr_line' id='line_1_22' title="bbox 518 2237 2094 2318; baseline -0.01 -15"><span class='ocrx_word' id='word_1_135' title='bbox 518 2260 578 2304; x_wconf 90' lang='lat' dir='ltr'><strong>ut</strong></span> <span class='ocrx_word' id='word_1_136' title='bbox 608 2257 891 2318; x_wconf 86' lang='lat' dir='ltr'><strong>propterea</strong></span> <span class='ocrx_word' id='word_1_137' title='bbox 926 2261 1033 2300; x_wconf 92' lang='lat' dir='ltr'><strong>non</strong></span> <span class='ocrx_word' id='word_1_138' title='bbox 1060 2245 1232 2300; x_wconf 89' lang='lat' dir='ltr'><strong>solum</strong></span> <span class='ocrx_word' id='word_1_139' title='bbox 1265 2244 1317 2297; x_wconf 91' lang='lat' dir='ltr'><strong>in</strong></span> <span class='ocrx_word' id='word_1_140' title='bbox 1346 2243 1782 2312; x_wconf 84' lang='lat' dir='ltr'><strong>presbyterorum</strong></span> <span class='ocrx_word' id='word_1_141' title='bbox 1807 2237 2094 2308; x_wconf 80' lang='lat' dir='ltr'><strong>collegium</strong></span> 
     </span>
    </p>
   </div>
   <div class='ocr_carea' id='block_1_23' title="bbox 517 2331 2097 2410">
    <p class='ocr_par' dir='ltr' id='par_1_23' title="bbox 517 2331 2097 2410">
     <span class='ocr_line' id='line_1_23' title="bbox 517 2331 2097 2410; baseline -0.008 -15"><span class='ocrx_word' id='word_1_142' title='bbox 517 2350 807 2410; x_wconf 86' lang='lat' dir='ltr'><strong>cooptatus</strong></span> <span class='ocrx_word' id='word_1_143' title='bbox 838 2337 1009 2393; x_wconf 87' lang='lat' dir='ltr'><strong>fuisse</strong></span> <span class='ocrx_word' id='word_1_144' title='bbox 1042 2337 1293 2391; x_wconf 86' lang='lat' dir='ltr'><strong>videatur</strong></span> <span class='ocrx_word' id='word_1_145' title='bbox 1321 2335 1604 2397; x_wconf 86' lang='lat' dir='ltr'><strong>Asterius,</strong></span> <span class='ocrx_word' id='word_1_146' title='bbox 1638 2331 1732 2387; x_wconf 89' lang='lat' dir='ltr'><strong>sed</strong></span> <span class='ocrx_word' id='word_1_147' title='bbox 1782 2340 1835 2385; x_wconf 88' lang='lat' dir='ltr'><strong>et</strong></span> <span class='ocrx_word' id='word_1_148' title='bbox 1869 2331 2097 2399; x_wconf 89' lang='lat' dir='ltr'><strong>ipsemet</strong></span> 
     </span>
    </p>
   </div>
   <div class='ocr_carea' id='block_1_24' title="bbox 515 2424 2094 2503">
    <p class='ocr_par' dir='ltr' id='par_1_24' title="bbox 515 2424 2094 2503">
     <span class='ocr_line' id='line_1_24' title="bbox 515 2424 2094 2503; baseline -0.009 -13"><span class='ocrx_word' id='word_1_149' title='bbox 515 2436 808 2503; x_wconf 84' lang='lat' dir='ltr'><strong>episcOpus</strong></span> <span class='ocrx_word' id='word_1_150' title='bbox 866 2431 1049 2496; x_wconf 81' lang='lat' dir='ltr'><strong>fuerit,</strong></span> <span class='ocrx_word' id='word_1_151' title='bbox 1089 2431 1183 2502; x_wconf 91' lang='lat' dir='ltr'><strong>qui</strong></span> <span class='ocrx_word' id='word_1_152' title='bbox 1228 2429 1487 2484; x_wconf 88' lang='lat' dir='ltr'><strong>nimirum</strong></span> <span class='ocrx_word' id='word_1_153' title='bbox 1532 2427 1710 2481; x_wconf 89' lang='lat' dir='ltr'><strong>tribus</strong></span> <span class='ocrx_word' id='word_1_154' title='bbox 1741 2424 1863 2481; x_wconf 89' lang='lat' dir='ltr'><strong>aliis</strong></span> <span class='ocrx_word' id='word_1_155' title='bbox 1914 2432 2094 2477; x_wconf 86' lang='lat' dir='ltr'><strong>astan-</strong></span> 
     </span>
    </p>
   </div>
   <div class='ocr_carea' id='block_1_25' title="bbox 517 2514 2097 2594">
    <p class='ocr_par' dir='ltr' id='par_1_25' title="bbox 517 2514 2097 2594">
     <span class='ocr_line' id='line_1_25' title="bbox 517 2514 2097 2594; baseline -0.008 -15"><span class='ocrx_word' id='word_1_156' title='bbox 517 2526 665 2580; x_wconf 88' lang='lat' dir='ltr'><strong>tibus</strong></span> <span class='ocrx_word' id='word_1_157' title='bbox 692 2524 962 2594; x_wconf 83' lang='lat' dir='ltr'><strong>episcopis</strong></span> <span class='ocrx_word' id='word_1_158' title='bbox 988 2522 1054 2577; x_wconf 89' lang='lat' dir='ltr'><strong>ad</strong></span> <span class='ocrx_word' id='word_1_159' title='bbox 1088 2522 1347 2592; x_wconf 89' lang='lat' dir='ltr'><strong>populum</strong></span> <span class='ocrx_word' id='word_1_160' title='bbox 1385 2520 1439 2573; x_wconf 90' lang='lat' dir='ltr'><strong>in</strong></span> <span class='ocrx_word' id='word_1_161' title='bbox 1479 2518 1713 2573; x_wconf 88' lang='lat' dir='ltr'><strong>ecclesia</strong></span> <span class='ocrx_word' id='word_1_162' title='bbox 1746 2522 1913 2570; x_wconf 81' lang='lat' dir='ltr'><strong>verba</strong></span> <span class='ocrx_word' id='word_1_163' title='bbox 1954 2514 2097 2568; x_wconf 88' lang='lat' dir='ltr'><strong>fece-</strong></span> 
     </span>
    </p>
   </div>
   <div class='ocr_carea' id='block_1_26' title="bbox 517 2607 2095 2685">
    <p class='ocr_par' dir='ltr' id='par_1_26' title="bbox 517 2607 2095 2685">
     <span class='ocr_line' id='line_1_26' title="bbox 517 2607 2095 2685; baseline -0.008 -15"><span class='ocrx_word' id='word_1_164' title='bbox 517 2617 606 2670; x_wconf 90' lang='lat' dir='ltr'><strong>rit.</strong></span> <span class='ocrx_word' id='word_1_165' title='bbox 639 2614 825 2685; x_wconf 82' lang='lat' dir='ltr'><strong>Neque</strong></span> <span class='ocrx_word' id='word_1_166' title='bbox 856 2628 987 2669; x_wconf 82' lang='lat' dir='ltr'><strong>vero</strong></span> <span class='ocrx_word' id='word_1_167' title='bbox 1012 2614 1135 2683; x_wconf 86' lang='lat' dir='ltr'><strong>quis</strong></span> <span class='ocrx_word' id='word_1_168' title='bbox 1157 2612 1282 2681; x_wconf 86' lang='lat' dir='ltr'><strong>jure</strong></span> <span class='ocrx_word' id='word_1_169' title='bbox 1306 2609 1610 2680; x_wconf 82' lang='lat' dir='ltr'><strong>collegerit,</strong></span> <span class='ocrx_word' id='word_1_170' title='bbox 1648 2617 1901 2662; x_wconf 86' lang='lat' dir='ltr'><strong>nostrum</strong></span> <span class='ocrx_word' id='word_1_171' title='bbox 1935 2607 2095 2659; x_wconf 90' lang='lat' dir='ltr'><strong>Aste-</strong></span> 
     </span>
    </p>
   </div>
   <div class='ocr_carea' id='block_1_27' title="bbox 516 2696 2095 2776">
    <p class='ocr_par' dir='ltr' id='par_1_27' title="bbox 516 2696 2095 2776">
     <span class='ocr_line' id='line_1_27' title="bbox 516 2696 2095 2776; baseline -0.006 -15"><span class='ocrx_word' id='word_1_172' title='bbox 516 2708 660 2762; x_wconf 87' lang='lat' dir='ltr'><strong>rium</strong></span> <span class='ocrx_word' id='word_1_173' title='bbox 709 2706 954 2776; x_wconf 88' lang='lat' dir='ltr'><strong>adeoque</strong></span> <span class='ocrx_word' id='word_1_174' title='bbox 1008 2704 1256 2759; x_wconf 83' lang='lat' dir='ltr'><strong>Zoticum</strong></span> <span class='ocrx_word' id='word_1_175' title='bbox 1318 2702 1579 2757; x_wconf 89' lang='lat' dir='ltr'><strong>Otrenum</strong></span> <span class='ocrx_word' id='word_1_176' title='bbox 1647 2699 1702 2754; x_wconf 90' lang='lat' dir='ltr'><strong>in</strong></span> <span class='ocrx_word' id='word_1_177' title='bbox 1770 2696 2095 2768; x_wconf 81' lang='lat' dir='ltr'><strong>presbyterii</strong></span> 
     </span>
    </p>
   </div>
   <div class='ocr_carea' id='block_1_28' title="bbox 518 2790 2094 2871">
    <p class='ocr_par' dir='ltr' id='par_1_28' title="bbox 518 2790 2094 2871">
     <span class='ocr_line' id='line_1_28' title="bbox 518 2790 2094 2871; baseline -0.005 -18"><span class='ocrx_word' id='word_1_178' title='bbox 518 2800 687 2871; x_wconf 85' lang='lat' dir='ltr'><strong>gradu</strong></span> <span class='ocrx_word' id='word_1_179' title='bbox 720 2798 889 2853; x_wconf 87' lang='lat' dir='ltr'><strong>fuisse</strong></span> <span class='ocrx_word' id='word_1_180' title='bbox 917 2796 1292 2852; x_wconf 85' lang='lat' dir='ltr'><strong>tantummodo</strong></span> <span class='ocrx_word' id='word_1_181' title='bbox 1317 2794 1635 2857; x_wconf 83' lang='lat' dir='ltr'><strong>collocatos,</strong></span> <span class='ocrx_word' id='word_1_182' title='bbox 1674 2792 1818 2862; x_wconf 91' lang='lat' dir='ltr'><strong>quod</strong></span> <span class='ocrx_word' id='word_1_183' title='bbox 1850 2790 2094 2845; x_wconf 83' lang='lat' dir='ltr'><strong>Zoticum</strong></span> 
     </span>
    </p>
   </div>
   <div class='ocr_carea' id='block_1_29' title="bbox 519 2883 2094 2963">
    <p class='ocr_par' dir='ltr' id='par_1_29' title="bbox 519 2883 2094 2963">
     <span class='ocr_line' id='line_1_29' title="bbox 519 2883 2094 2963; baseline -0.006 -16"><span class='ocrx_word' id='word_1_184' title='bbox 519 2892 697 2963; x_wconf 89' lang='lat' dir='ltr'><strong>ipsum</strong></span> <span class='ocrx_word' id='word_1_185' title='bbox 740 2890 1215 2959; x_wconf 83' lang='lat' dir='ltr'><strong>compresbytcrum</strong></span> <span class='ocrx_word' id='word_1_186' title='bbox 1261 2902 1421 2942; x_wconf 86' lang='lat' dir='ltr'><strong>suum</strong></span> <span class='ocrx_word' id='word_1_187' title='bbox 1459 2885 1733 2955; x_wconf 88' lang='lat' dir='ltr'><strong>appellet:</strong></span> <span class='ocrx_word' id='word_1_188' title='bbox 1776 2883 1919 2938; x_wconf 86' lang='lat' dir='ltr'><strong>haud</strong></span> <span class='ocrx_word' id='word_1_189' title='bbox 1948 2883 2094 2939; x_wconf 89' lang='lat' dir='ltr'><strong>enim</strong></span> 
     </span>
    </p>
   </div>
   <div class='ocr_carea' id='block_1_30' title="bbox 521 2976 2093 3048">
    <p class='ocr_par' dir='ltr' id='par_1_30' title="bbox 521 2976 2093 3048">
     <span class='ocr_line' id='line_1_30' title="bbox 521 2976 2093 3048; baseline -0.005 -9"><span class='ocrx_word' id='word_1_190' title='bbox 521 2985 764 3039; x_wconf 86' lang='lat' dir='ltr'><strong>insolens</strong></span> <span class='ocrx_word' id='word_1_191' title='bbox 808 2983 862 3038; x_wconf 91' lang='lat' dir='ltr'><strong>in</strong></span> <span class='ocrx_word' id='word_1_192' title='bbox 907 2981 1295 3037; x_wconf 67' lang='lat' dir='ltr'><strong>ecclesiastica:</strong></span> <span class='ocrx_word' id='word_1_193' title='bbox 1333 2979 1672 3048; x_wconf 89' lang='lat' dir='ltr'><strong>antiquitatis</strong></span> <span class='ocrx_word' id='word_1_194' title='bbox 1702 2976 2093 3042; x_wconf 88' lang='lat' dir='ltr'><strong>monumentis,</strong></span> 
     </span>
    </p>
   </div>
   <div class='ocr_carea' id='block_1_31' title="bbox 518 3067 2096 3147">
    <p class='ocr_par' dir='ltr' id='par_1_31' title="bbox 518 3067 2096 3147">
     <span class='ocr_line' id='line_1_31' title="bbox 518 3067 2096 3147; baseline -0.006 -16"><span class='ocrx_word' id='word_1_195' title='bbox 518 3078 807 3147; x_wconf 87' lang='lat' dir='ltr'><strong>episcopos</strong></span> <span class='ocrx_word' id='word_1_196' title='bbox 857 3074 1041 3130; x_wconf 89' lang='lat' dir='ltr'><strong>vocari</strong></span> <span class='ocrx_word' id='word_1_197' title='bbox 1084 3072 1437 3128; x_wconf 87' lang='lat' dir='ltr'><strong>consuevisse</strong></span> <span class='ocrx_word' id='word_1_198' title='bbox 1489 3070 1853 3141; x_wconf 79' lang='lat' dir='ltr'><strong>presbyteros.</strong></span> <span class='ocrx_word' id='word_1_199' title='bbox 1916 3067 2096 3123; x_wconf 90' lang='lat' dir='ltr'><strong>Unum</strong></span> 
     </span>
    </p>
   </div>
   <div class='ocr_carea' id='block_1_32' title="bbox 2197 592 3769 665">
    <p class='ocr_par' dir='ltr' id='par_1_32' title="bbox 2197 592 3769 665">
     <span class='ocr_line' id='line_1_32' title="bbox 2197 592 3769 665; baseline 0.003 -21"><span class='ocrx_word' id='word_1_200' title='bbox 2197 592 2541 649; x_wconf 87' lang='lat' dir='ltr'><strong>commissas.</strong></span> <span class='ocrx_word' id='word_1_201' title='bbox 2574 592 2737 664; x_wconf 83' lang='lat' dir='ltr'><strong>Otrys</strong></span> <span class='ocrx_word' id='word_1_202' title='bbox 2771 593 2917 648; x_wconf 90' lang='lat' dir='ltr'><strong>enim</strong></span> <span class='ocrx_word' id='word_1_203' title='bbox 2965 593 3021 647; x_wconf 82' lang='lat' dir='ltr'><strong>in</strong></span> <span class='ocrx_word' id='word_1_204' title='bbox 3070 593 3337 665; x_wconf 69' lang='lat' dir='ltr'><strong>Bithynia:</strong></span> <span class='ocrx_word' id='word_1_205' title='bbox 3376 595 3577 651; x_wconf 89' lang='lat' dir='ltr'><strong>ﬁnibus</strong></span> <span class='ocrx_word' id='word_1_206' title='bbox 3602 598 3769 652; x_wconf 57' lang='lat' dir='ltr'><strong>col-lo.</strong></span> 
     </span>
    </p>
   </div>
   <div class='ocr_carea' id='block_1_33' title="bbox 2194 686 3773 760">
    <p class='ocr_par' dir='ltr' id='par_1_33' title="bbox 2194 686 3773 760">
     <span class='ocr_line' id='line_1_33' title="bbox 2194 686 3773 760; baseline 0.004 -21"><span class='ocrx_word' id='word_1_207' title='bbox 2194 695 2354 739; x_wconf 89' lang='lat' dir='ltr'><strong>catur</strong></span> <span class='ocrx_word' id='word_1_208' title='bbox 2390 702 2419 740; x_wconf 89' lang='lat' dir='ltr'><strong>a</strong></span> <span class='ocrx_word' id='word_1_209' title='bbox 2460 687 2766 753; x_wconf 84' lang='lat' dir='ltr'><strong>Strabone;</strong></span> <span class='ocrx_word' id='word_1_210' title='bbox 2801 686 3171 742; x_wconf 91' lang='lat' dir='ltr'><strong>Comanorum</strong></span> <span class='ocrx_word' id='word_1_211' title='bbox 3203 702 3333 741; x_wconf 83' lang='lat' dir='ltr'><strong>vero</strong></span> <span class='ocrx_word' id='word_1_212' title='bbox 3376 689 3508 745; x_wconf 92' lang='lat' dir='ltr'><strong>urbs</strong></span> <span class='ocrx_word' id='word_1_213' title='bbox 3557 690 3639 760; x_wconf 91' lang='lat' dir='ltr'><strong>(ut</strong></span> <span class='ocrx_word' id='word_1_214' title='bbox 3680 691 3773 747; x_wconf 78' lang='lat' dir='ltr'><strong>hic</strong></span> 
     </span>
    </p>
   </div>
   <div class='ocr_carea' id='block_1_34' title="bbox 2194 775 3772 848">
    <p class='ocr_par' dir='ltr' id='par_1_34' title="bbox 2194 775 3772 848">
     <span class='ocr_line' id='line_1_34' title="bbox 2194 775 3772 848; baseline 0.004 -19"><span class='ocrx_word' id='word_1_215' title='bbox 2194 775 2262 830; x_wconf 89' lang='lat' dir='ltr'><strong>de</strong></span> <span class='ocrx_word' id='word_1_216' title='bbox 2311 776 2570 831; x_wconf 82' lang='lat' dir='ltr'><strong>Comanis</strong></span> <span class='ocrx_word' id='word_1_217' title='bbox 2618 777 2861 832; x_wconf 85' lang='lat' dir='ltr'><strong>Ponticis</strong></span> <span class='ocrx_word' id='word_1_218' title='bbox 2906 780 3140 846; x_wconf 81' lang='lat' dir='ltr'><strong>taceam)</strong></span> <span class='ocrx_word' id='word_1_219' title='bbox 3186 777 3565 848; x_wconf 69' lang='lat' dir='ltr'><strong>Cappadociae,</strong></span> <span class='ocrx_word' id='word_1_220' title='bbox 3592 780 3772 836; x_wconf 86' lang='lat' dir='ltr'><strong>Ptole-</strong></span> 
     </span>
    </p>
   </div>
   <div class='ocr_carea' id='block_1_35' title="bbox 2195 869 3771 941">
    <p class='ocr_par' dir='ltr' id='par_1_35' title="bbox 2195 869 3771 941">
     <span class='ocr_line' id='line_1_35' title="bbox 2195 869 3771 941; baseline 0.002 -20"><span class='ocrx_word' id='word_1_221' title='bbox 2195 882 2333 921; x_wconf 60' lang='lat' dir='ltr'><strong>maeo</strong></span> <span class='ocrx_word' id='word_1_222' title='bbox 2378 877 2536 933; x_wconf 89' lang='lat' dir='ltr'><strong>teste,</strong></span> <span class='ocrx_word' id='word_1_223' title='bbox 2586 870 2922 923; x_wconf 85' lang='lat' dir='ltr'><strong>attribuitur.</strong></span> <span class='ocrx_word' id='word_1_224' title='bbox 2963 872 3023 923; x_wconf 86' lang='lat' dir='ltr'><strong>In</strong></span> <span class='ocrx_word' id='word_1_225' title='bbox 3075 869 3289 924; x_wconf 86' lang='lat' dir='ltr'><strong>notitiis</strong></span> <span class='ocrx_word' id='word_1_226' title='bbox 3336 872 3771 941; x_wconf 83' lang='lat' dir='ltr'><strong>episcOpatuum,</strong></span> 
     </span>
    </p>
   </div>
   <div class='ocr_carea' id='block_1_36' title="bbox 2194 960 3771 1031">
    <p class='ocr_par' dir='ltr' id='par_1_36' title="bbox 2194 960 3771 1031">
     <span class='ocr_line' id='line_1_36' title="bbox 2194 960 3771 1031; baseline 0.004 -18"><span class='ocrx_word' id='word_1_227' title='bbox 2194 960 2348 1029; x_wconf 90' lang='lat' dir='ltr'><strong>prior</strong></span> <span class='ocrx_word' id='word_1_228' title='bbox 2394 961 2696 1017; x_wconf 75' lang='lat' dir='ltr'><strong>dimceseos</strong></span> <span class='ocrx_word' id='word_1_229' title='bbox 2740 961 2960 1017; x_wconf 59' lang='lat' dir='ltr'><strong>Asiana:</strong></span> <span class='ocrx_word' id='word_1_230' title='bbox 3006 970 3250 1031; x_wconf 84' lang='lat' dir='ltr'><strong>putatur,</strong></span> <span class='ocrx_word' id='word_1_231' title='bbox 3298 961 3539 1019; x_wconf 63' lang='lat' dir='ltr'><strong>Ponticas</strong></span> <span class='ocrx_word' id='word_1_232' title='bbox 3590 974 3771 1019; x_wconf 91' lang='lat' dir='ltr'><strong>autem</strong></span> 
     </span>
    </p>
   </div>
   <div class='ocr_carea' id='block_1_37' title="bbox 2194 1051 2488 1121">
    <p class='ocr_par' dir='ltr' id='par_1_37' title="bbox 2194 1051 2488 1121">
     <span class='ocr_line' id='line_1_37' title="bbox 2194 1051 2488 1121; baseline 0.007 -17"><span class='ocrx_word' id='word_1_233' title='bbox 2194 1051 2488 1121; x_wconf 87' lang='lat' dir='ltr'><strong>posterior.</strong></span> 
     </span>
    </p>
   </div>
   <div class='ocr_carea' id='block_1_38' title="bbox 2266 1142 3773 1215">
    <p class='ocr_par' dir='ltr' id='par_1_38' title="bbox 2266 1142 3773 1215">
     <span class='ocr_line' id='line_1_38' title="bbox 2266 1142 3773 1215; baseline 0 -19"><span class='ocrx_word' id='word_1_234' title='bbox 2266 1142 2356 1197; x_wconf 88' lang='lat' dir='ltr'><strong>lll.</strong></span> <span class='ocrx_word' id='word_1_235' title='bbox 2386 1142 2505 1198; x_wconf 87' lang='lat' dir='ltr'><strong>Jam</strong></span> <span class='ocrx_word' id='word_1_236' title='bbox 2530 1158 2658 1199; x_wconf 86' lang='lat' dir='ltr'><strong>vero</strong></span> <span class='ocrx_word' id='word_1_237' title='bbox 2688 1159 2809 1215; x_wconf 82' lang='lat' dir='ltr'><strong>quae</strong></span> <span class='ocrx_word' id='word_1_238' title='bbox 2841 1152 3101 1215; x_wconf 85' lang='lat' dir='ltr'><strong>superant</strong></span> <span class='ocrx_word' id='word_1_239' title='bbox 3126 1160 3193 1200; x_wconf 76' lang='lat' dir='ltr'><strong>ex</strong></span> <span class='ocrx_word' id='word_1_240' title='bbox 3219 1144 3395 1200; x_wconf 90' lang='lat' dir='ltr'><strong>tribus</strong></span> <span class='ocrx_word' id='word_1_241' title='bbox 3422 1144 3582 1199; x_wconf 89' lang='lat' dir='ltr'><strong>libris</strong></span> <span class='ocrx_word' id='word_1_242' title='bbox 3612 1145 3773 1197; x_wconf 87' lang='lat' dir='ltr'><strong>Aste-</strong></span> 
     </span>
    </p>
   </div>
   <div class='ocr_carea' id='block_1_39' title="bbox 2194 1235 3774 1308">
    <p class='ocr_par' dir='ltr' id='par_1_39' title="bbox 2194 1235 3774 1308">
     <span class='ocr_line' id='line_1_39' title="bbox 2194 1235 3774 1308; baseline 0.001 -18"><span class='ocrx_word' id='word_1_243' title='bbox 2194 1236 2260 1290; x_wconf 92' lang='lat' dir='ltr'><strong>rii</strong></span> <span class='ocrx_word' id='word_1_244' title='bbox 2285 1277 2299 1301; x_wconf 93' lang='lat'><strong>,</strong></span> <span class='ocrx_word' id='word_1_245' title='bbox 2328 1246 2539 1291; x_wconf 63' lang='lat' dir='ltr'><strong>aetatem</strong></span> <span class='ocrx_word' id='word_1_246' title='bbox 2573 1237 2707 1293; x_wconf 85' lang='lat' dir='ltr'><strong>satis</strong></span> <span class='ocrx_word' id='word_1_247' title='bbox 2753 1238 3036 1294; x_wconf 84' lang='lat' dir='ltr'><strong>declarant</strong></span> <span class='ocrx_word' id='word_1_248' title='bbox 3063 1254 3173 1308; x_wconf 88' lang='lat' dir='ltr'><strong>qua</strong></span> <span class='ocrx_word' id='word_1_249' title='bbox 3218 1238 3307 1292; x_wconf 75' lang='lat' dir='ltr'><strong>ille</strong></span> <span class='ocrx_word' id='word_1_250' title='bbox 3355 1238 3648 1293; x_wconf 83' lang='lat' dir='ltr'><strong>scribebat.</strong></span> <span class='ocrx_word' id='word_1_251' title='bbox 3686 1235 3774 1291; x_wconf 88' lang='lat' dir='ltr'><strong>Sic</strong></span> 
     </span>
    </p>
   </div>
   <div class='ocr_carea' id='block_1_40' title="bbox 2195 1326 3773 1399">
    <p class='ocr_par' dir='ltr' id='par_1_40' title="bbox 2195 1326 3773 1399">
     <span class='ocr_line' id='line_1_40' title="bbox 2195 1326 3773 1399; baseline -0.001 -16"><span class='ocrx_word' id='word_1_252' title='bbox 2195 1329 2342 1384; x_wconf 90' lang='lat' dir='ltr'><strong>enim</strong></span> <span class='ocrx_word' id='word_1_253' title='bbox 2384 1328 2461 1382; x_wconf 87' lang='lat' dir='ltr'><strong>ait</strong></span> <span class='ocrx_word' id='word_1_254' title='bbox 2500 1326 2611 1399; x_wconf 86' lang='lat'><strong>(19)</strong></span> <span class='ocrx_word' id='word_1_255' title='bbox 2647 1345 2661 1382; x_wconf 90' lang='lat'><strong>:</strong></span> <span class='ocrx_word' id='word_1_256' title='bbox 2694 1327 2772 1382; x_wconf 82' lang='lat' dir='ltr'><strong>Ab</strong></span> <span class='ocrx_word' id='word_1_257' title='bbox 2815 1328 2962 1381; x_wconf 86' lang='lat' dir='ltr'><strong>obitu</strong></span> <span class='ocrx_word' id='word_1_258' title='bbox 3004 1327 3323 1382; x_wconf 71' lang='lat' dir='ltr'><strong>Maximilla:</strong></span> <span class='ocrx_word' id='word_1_259' title='bbox 3350 1344 3512 1398; x_wconf 85' lang='lat' dir='ltr'><strong>usque</strong></span> <span class='ocrx_word' id='word_1_260' title='bbox 3544 1334 3597 1380; x_wconf 83' lang='lat' dir='ltr'><strong>in</strong></span> <span class='ocrx_word' id='word_1_261' title='bbox 3635 1326 3773 1381; x_wconf 80' lang='lat' dir='ltr'><strong>hanc</strong></span> 
     </span>
    </p>
   </div>
   <div class='ocr_carea' id='block_1_41' title="bbox 2195 1419 3774 1489">
    <p class='ocr_par' dir='ltr' id='par_1_41' title="bbox 2195 1419 3774 1489">
     <span class='ocr_line' id='line_1_41' title="bbox 2195 1419 3774 1489; baseline -0.001 -16"><span class='ocrx_word' id='word_1_262' title='bbox 2195 1421 2371 1485; x_wconf 86' lang='lat' dir='ltr'><strong>diem,</strong></span> <span class='ocrx_word' id='word_1_263' title='bbox 2398 1421 2518 1489; x_wconf 88' lang='lat' dir='ltr'><strong>plus</strong></span> <span class='ocrx_word' id='word_1_264' title='bbox 2548 1436 2707 1489; x_wconf 87' lang='lat' dir='ltr'><strong>quam</strong></span> <span class='ocrx_word' id='word_1_265' title='bbox 2756 1419 3006 1472; x_wconf 83' lang='lat' dir='ltr'><strong>tredecim</strong></span> <span class='ocrx_word' id='word_1_266' title='bbox 3057 1422 3183 1473; x_wconf 87' lang='lat' dir='ltr'><strong>anni</strong></span> <span class='ocrx_word' id='word_1_267' title='bbox 3215 1420 3334 1489; x_wconf 84' lang='lat' dir='ltr'><strong>jam</strong></span> <span class='ocrx_word' id='word_1_268' title='bbox 3383 1420 3551 1489; x_wconf 80' lang='lat' dir='ltr'><strong>elapsi</strong></span> <span class='ocrx_word' id='word_1_269' title='bbox 3599 1428 3774 1473; x_wconf 84' lang='lat' dir='ltr'><strong>sunt:</strong></span> 
     </span>
    </p>
   </div>
   <div class='ocr_carea' id='block_1_42' title="bbox 2196 1511 3775 1580">
    <p class='ocr_par' dir='ltr' id='par_1_42' title="bbox 2196 1511 3775 1580">
     <span class='ocr_line' id='line_1_42' title="bbox 2196 1511 3775 1580; baseline -0.003 -14"><span class='ocrx_word' id='word_1_270' title='bbox 2196 1529 2288 1566; x_wconf 83' lang='lat' dir='ltr'><strong>nec</strong></span> <span class='ocrx_word' id='word_1_271' title='bbox 2322 1522 2496 1566; x_wconf 86' lang='lat' dir='ltr'><strong>tamen</strong></span> <span class='ocrx_word' id='word_1_272' title='bbox 2541 1511 2709 1564; x_wconf 90' lang='lat' dir='ltr'><strong>ullum</strong></span> <span class='ocrx_word' id='word_1_273' title='bbox 2761 1520 2853 1563; x_wconf 89' lang='lat' dir='ltr'><strong>aut</strong></span> <span class='ocrx_word' id='word_1_274' title='bbox 2884 1511 3211 1580; x_wconf 87' lang='lat' dir='ltr'><strong>particulare</strong></span> <span class='ocrx_word' id='word_1_275' title='bbox 3242 1512 3466 1579; x_wconf 88' lang='lat' dir='ltr'><strong>bellum,</strong></span> <span class='ocrx_word' id='word_1_276' title='bbox 3511 1522 3605 1565; x_wconf 88' lang='lat' dir='ltr'><strong>aut</strong></span> <span class='ocrx_word' id='word_1_277' title='bbox 3654 1513 3775 1565; x_wconf 82' lang='lat' dir='ltr'><strong>uni-</strong></span> 
     </span>
    </p>
   </div>
   <div class='ocr_carea' id='block_1_43' title="bbox 2194 1601 3776 1674">
    <p class='ocr_par' dir='ltr' id='par_1_43' title="bbox 2194 1601 3776 1674">
     <span class='ocr_line' id='line_1_43' title="bbox 2194 1601 3776 1674; baseline -0.002 -16"><span class='ocrx_word' id='word_1_278' title='bbox 2194 1604 2396 1658; x_wconf 79' lang='lat' dir='ltr'><strong>versale</strong></span> <span class='ocrx_word' id='word_1_279' title='bbox 2439 1605 2493 1657; x_wconf 89' lang='lat' dir='ltr'><strong>in</strong></span> <span class='ocrx_word' id='word_1_280' title='bbox 2550 1604 2704 1657; x_wconf 85' lang='lat' dir='ltr'><strong>terris</strong></span> <span class='ocrx_word' id='word_1_281' title='bbox 2757 1603 2881 1671; x_wconf 81' lang='lat' dir='ltr'><strong>fuit.</strong></span> <span class='ocrx_word' id='word_1_282' title='bbox 2930 1601 3049 1656; x_wconf 88' lang='lat' dir='ltr'><strong>Ima</strong></span> <span class='ocrx_word' id='word_1_283' title='bbox 3095 1604 3455 1669; x_wconf 76' lang='lat' dir='ltr'><strong>Christianis,</strong></span> <span class='ocrx_word' id='word_1_284' title='bbox 3503 1605 3776 1674; x_wconf 72' lang='lat' dir='ltr'><strong>pracipua</strong></span> 
     </span>
    </p>
   </div>
   <div class='ocr_carea' id='block_1_44' title="bbox 2195 1692 3777 1767">
    <p class='ocr_par' dir='ltr' id='par_1_44' title="bbox 2195 1692 3777 1767">
     <span class='ocr_line' id='line_1_44' title="bbox 2195 1692 3777 1767; baseline -0.001 -19"><span class='ocrx_word' id='word_1_285' title='bbox 2195 1696 2425 1767; x_wconf 87' lang='lat' dir='ltr'><strong>quadam</strong></span> <span class='ocrx_word' id='word_1_286' title='bbox 2456 1695 2552 1749; x_wconf 86' lang='lat' dir='ltr'><strong>Dei</strong></span> <span class='ocrx_word' id='word_1_287' title='bbox 2584 1692 2980 1758; x_wconf 79' lang='lat' dir='ltr'><strong>misericordia,</strong></span> <span class='ocrx_word' id='word_1_288' title='bbox 3015 1710 3121 1763; x_wconf 83' lang='lat' dir='ltr'><strong>paa:</strong></span> <span class='ocrx_word' id='word_1_289' title='bbox 3151 1694 3359 1749; x_wconf 83' lang='lat' dir='ltr'><strong>stabilis</strong></span> <span class='ocrx_word' id='word_1_290' title='bbox 3388 1704 3437 1748; x_wconf 90' lang='lat' dir='ltr'><strong>et</strong></span> <span class='ocrx_word' id='word_1_291' title='bbox 3468 1696 3625 1761; x_wconf 80' lang='lat' dir='ltr'><strong>[irata</strong></span> <span class='ocrx_word' id='word_1_292' title='bbox 3657 1709 3777 1764; x_wconf 86' lang='lat' dir='ltr'><strong>per-</strong></span> 
     </span>
    </p>
   </div>
   <div class='ocr_carea' id='block_1_45' title="bbox 2197 1784 3777 1857">
    <p class='ocr_par' dir='ltr' id='par_1_45' title="bbox 2197 1784 3777 1857">
     <span class='ocr_line' id='line_1_45' title="bbox 2197 1784 3777 1857; baseline -0.003 -16"><span class='ocrx_word' id='word_1_293' title='bbox 2197 1787 2413 1841; x_wconf 83' lang='lat' dir='ltr'><strong>mansit.</strong></span> <span class='ocrx_word' id='word_1_294' title='bbox 2447 1786 2511 1841; x_wconf 85' lang='lat' dir='ltr'><strong>Et</strong></span> <span class='ocrx_word' id='word_1_295' title='bbox 2533 1787 2727 1841; x_wconf 90' lang='lat' dir='ltr'><strong>iterum</strong></span> <span class='ocrx_word' id='word_1_296' title='bbox 2757 1786 2868 1857; x_wconf 81' lang='grc'>(20)</span> <span class='ocrx_word' id='word_1_297' title='bbox 2905 1802 2917 1838; x_wconf 91' lang='lat'>:</span> <span class='ocrx_word' id='word_1_298' title='bbox 2951 1785 3245 1841; x_wconf 83' lang='lat' dir='ltr'><strong>Ostendant</strong></span> <span class='ocrx_word' id='word_1_299' title='bbox 3275 1786 3421 1839; x_wconf 86' lang='lat' dir='ltr'><strong>nobis</strong></span> <span class='ocrx_word' id='word_1_300' title='bbox 3455 1784 3777 1854; x_wconf 81' lang='lat' dir='ltr'><strong>(Cataphry-</strong></span> 
     </span>
    </p>
   </div>
   <div class='ocr_carea' id='block_1_46' title="bbox 2199 1874 3773 1951">
    <p class='ocr_par' dir='ltr' id='par_1_46' title="bbox 2199 1874 3773 1951">
     <span class='ocr_line' id='line_1_46' title="bbox 2199 1874 3773 1951; baseline -0.006 -16"><span class='ocrx_word' id='word_1_301' title='bbox 2199 1884 2312 1950; x_wconf 92' lang='lat' dir='ltr'><strong>ges)</strong></span> <span class='ocrx_word' id='word_1_302' title='bbox 2342 1881 2558 1951; x_wconf 86' lang='lat' dir='ltr'><strong>quinam</strong></span> <span class='ocrx_word' id='word_1_303' title='bbox 2584 1881 2722 1933; x_wconf 88' lang='lat' dir='ltr'><strong>inter</strong></span> <span class='ocrx_word' id='word_1_304' title='bbox 2753 1880 2892 1947; x_wconf 83' lang='lat' dir='ltr'><strong>ipsos</strong></span> <span class='ocrx_word' id='word_1_305' title='bbox 2925 1877 3177 1931; x_wconf 82' lang='lat' dir='ltr'><strong>Montano</strong></span> <span class='ocrx_word' id='word_1_306' title='bbox 3195 1886 3245 1932; x_wconf 90' lang='lat' dir='ltr'><strong>et</strong></span> <span class='ocrx_word' id='word_1_307' title='bbox 3281 1874 3607 1930; x_wconf 83' lang='lat' dir='ltr'><strong>mulierculis</strong></span> <span class='ocrx_word' id='word_1_308' title='bbox 3647 1890 3773 1927; x_wconf 82' lang='lat' dir='ltr'><strong>suc—</strong></span> 
     </span>
    </p>
   </div>
   <div class='ocr_carea' id='block_1_47' title="bbox 2198 1965 3778 2039">
    <p class='ocr_par' dir='ltr' id='par_1_47' title="bbox 2198 1965 3778 2039">
     <span class='ocr_line' id='line_1_47' title="bbox 2198 1965 3778 2039; baseline -0.004 -14"><span class='ocrx_word' id='word_1_309' title='bbox 2198 1973 2446 2025; x_wconf 78' lang='lat' dir='ltr'><strong>cesserint</strong></span> <span class='ocrx_word' id='word_1_310' title='bbox 2480 1987 2498 2024; x_wconf 88' lang='lat'><strong><em>:</em></strong></span> <span class='ocrx_word' id='word_1_311' title='bbox 2526 1972 2716 2025; x_wconf 86' lang='lat' dir='ltr'><strong>etenim</strong></span> <span class='ocrx_word' id='word_1_312' title='bbox 2747 1971 3028 2039; x_wconf 73' lang='lat' dir='ltr'><strong>prophetia:</strong></span> <span class='ocrx_word' id='word_1_313' title='bbox 3056 1970 3250 2023; x_wconf 90' lang='lat' dir='ltr'><strong>donum</strong></span> <span class='ocrx_word' id='word_1_314' title='bbox 3273 1970 3329 2021; x_wconf 89' lang='lat' dir='ltr'><strong>in</strong></span> <span class='ocrx_word' id='word_1_315' title='bbox 3363 1967 3503 2021; x_wconf 88' lang='lat' dir='ltr'><strong>omni</strong></span> <span class='ocrx_word' id='word_1_316' title='bbox 3534 1965 3778 2019; x_wconf 82' lang='lat' dir='ltr'><strong>Ecclesia</strong></span> 
     </span>
    </p>
   </div>
   <div class='ocr_carea' id='block_1_48' title="bbox 2198 2057 3775 2132">
    <p class='ocr_par' dir='ltr' id='par_1_48' title="bbox 2198 2057 3775 2132">
     <span class='ocr_line' id='line_1_48' title="bbox 2198 2057 3775 2132; baseline -0.004 -16"><span class='ocrx_word' id='word_1_317' title='bbox 2198 2062 2267 2116; x_wconf 88' lang='lat' dir='ltr'><strong>ad</strong></span> <span class='ocrx_word' id='word_1_318' title='bbox 2300 2062 2545 2117; x_wconf 86' lang='lat' dir='ltr'><strong>ultimum</strong></span> <span class='ocrx_word' id='word_1_319' title='bbox 2579 2078 2740 2132; x_wconf 82' lang='lat' dir='ltr'><strong>usque</strong></span> <span class='ocrx_word' id='word_1_320' title='bbox 2782 2061 2997 2114; x_wconf 84' lang='lat' dir='ltr'><strong>Domini</strong></span> <span class='ocrx_word' id='word_1_321' title='bbox 3026 2062 3306 2115; x_wconf 84' lang='lat' dir='ltr'><strong>adventum</strong></span> <span class='ocrx_word' id='word_1_322' title='bbox 3350 2072 3653 2128; x_wconf 86' lang='lat' dir='ltr'><strong>permanere</strong></span> <span class='ocrx_word' id='word_1_323' title='bbox 3680 2057 3775 2109; x_wconf 86' lang='lat' dir='ltr'><strong>de-</strong></span> 
     </span>
    </p>
   </div>
   <div class='ocr_carea' id='block_1_49' title="bbox 2198 2146 3779 2220">
    <p class='ocr_par' dir='ltr' id='par_1_49' title="bbox 2198 2146 3779 2220">
     <span class='ocr_line' id='line_1_49' title="bbox 2198 2146 3779 2220; baseline -0.003 -15"><span class='ocrx_word' id='word_1_324' title='bbox 2198 2152 2333 2212; x_wconf 86' lang='lat' dir='ltr'><strong>bere,</strong></span> <span class='ocrx_word' id='word_1_325' title='bbox 2381 2163 2566 2205; x_wconf 89' lang='lat' dir='ltr'><strong>auctor</strong></span> <span class='ocrx_word' id='word_1_326' title='bbox 2605 2162 2680 2205; x_wconf 88' lang='lat' dir='ltr'><strong>est</strong></span> <span class='ocrx_word' id='word_1_327' title='bbox 2713 2149 3015 2220; x_wconf 80' lang='lat' dir='ltr'><strong>Apostolus.</strong></span> <span class='ocrx_word' id='word_1_328' title='bbox 3052 2146 3154 2204; x_wconf 76' lang='lat' dir='ltr'><strong>Sail</strong></span> <span class='ocrx_word' id='word_1_329' title='bbox 3185 2150 3391 2203; x_wconf 88' lang='lat' dir='ltr'><strong>nullum</strong></span> <span class='ocrx_word' id='word_1_330' title='bbox 3431 2164 3650 2217; x_wconf 86' lang='lat' dir='ltr'><strong>prorsus</strong></span> <span class='ocrx_word' id='word_1_331' title='bbox 3680 2163 3779 2217; x_wconf 61' lang='lat' dir='ltr'><strong>poc</strong></span> 
     </span>
    </p>
   </div>
   <div class='ocr_carea' id='block_1_50' title="bbox 2198 2240 3777 2313">
    <p class='ocr_par' dir='ltr' id='par_1_50' title="bbox 2198 2240 3777 2313">
     <span class='ocr_line' id='line_1_50' title="bbox 2198 2240 3777 2313; baseline -0.004 -15"><span class='ocrx_word' id='word_1_332' title='bbox 2198 2255 2373 2299; x_wconf 87' lang='lat' dir='ltr'><strong>terunt</strong></span> <span class='ocrx_word' id='word_1_333' title='bbox 2425 2244 2727 2310; x_wconf 81' lang='lat' dir='ltr'><strong>ostendere,</strong></span> <span class='ocrx_word' id='word_1_334' title='bbox 2766 2244 2977 2297; x_wconf 87' lang='lat' dir='ltr'><strong>tametsi</strong></span> <span class='ocrx_word' id='word_1_335' title='bbox 3016 2242 3132 2312; x_wconf 88' lang='lat' dir='ltr'><strong>jam</strong></span> <span class='ocrx_word' id='word_1_336' title='bbox 3176 2251 3396 2313; x_wconf 86' lang='lat' dir='ltr'><strong>quartus</strong></span> <span class='ocrx_word' id='word_1_337' title='bbox 3428 2242 3658 2294; x_wconf 78' lang='lat' dir='ltr'><strong>decimus</strong></span> <span class='ocrx_word' id='word_1_338' title='bbox 3692 2240 3777 2292; x_wconf 80' lang='lat' dir='ltr'><strong>hic</strong></span> 
     </span>
    </p>
   </div>
   <div class='ocr_carea' id='block_1_51' title="bbox 2198 2333 3780 2409">
    <p class='ocr_par' dir='ltr' id='par_1_51' title="bbox 2198 2333 3780 2409">
     <span class='ocr_line' id='line_1_51' title="bbox 2198 2333 3780 2409; baseline -0.003 -18"><span class='ocrx_word' id='word_1_339' title='bbox 2198 2348 2391 2409; x_wconf 88' lang='lat' dir='ltr'><strong>agatur</strong></span> <span class='ocrx_word' id='word_1_340' title='bbox 2430 2354 2599 2392; x_wconf 83' lang='lat' dir='ltr'><strong>annus</strong></span> <span class='ocrx_word' id='word_1_341' title='bbox 2642 2336 2707 2390; x_wconf 88' lang='lat' dir='ltr'><strong>ab</strong></span> <span class='ocrx_word' id='word_1_342' title='bbox 2749 2336 2893 2390; x_wconf 90' lang='lat' dir='ltr'><strong>obitu</strong></span> <span class='ocrx_word' id='word_1_343' title='bbox 2927 2334 3263 2390; x_wconf 74' lang='lat' dir='ltr'><strong>Maximillw.</strong></span> <span class='ocrx_word' id='word_1_344' title='bbox 3293 2333 3369 2387; x_wconf 81' lang='lat' dir='ltr'><strong>Ex</strong></span> <span class='ocrx_word' id='word_1_345' title='bbox 3411 2334 3610 2402; x_wconf 89' lang='lat' dir='ltr'><strong>quibus</strong></span> <span class='ocrx_word' id='word_1_346' title='bbox 3642 2347 3780 2387; x_wconf 86' lang='lat' dir='ltr'><strong>sane</strong></span> 
     </span>
    </p>
   </div>
   <div class='ocr_carea' id='block_1_52' title="bbox 2196 2423 3779 2497">
    <p class='ocr_par' dir='ltr' id='par_1_52' title="bbox 2196 2423 3779 2497">
     <span class='ocr_line' id='line_1_52' title="bbox 2196 2423 3779 2497; baseline -0.004 -14"><span class='ocrx_word' id='word_1_347' title='bbox 2196 2430 2413 2496; x_wconf 81' lang='lat' dir='ltr'><strong>verbis,</strong></span> <span class='ocrx_word' id='word_1_348' title='bbox 2470 2429 2754 2484; x_wconf 85' lang='lat' dir='ltr'><strong>subductis</strong></span> <span class='ocrx_word' id='word_1_349' title='bbox 2828 2427 3168 2494; x_wconf 85' lang='lat' dir='ltr'><strong>rationibus,</strong></span> <span class='ocrx_word' id='word_1_350' title='bbox 3223 2426 3425 2497; x_wconf 78' lang='lat' dir='ltr'><strong>colligit</strong></span> <span class='ocrx_word' id='word_1_351' title='bbox 3476 2423 3779 2478; x_wconf 83' lang='lat' dir='ltr'><strong>Tillemon-</strong></span> 
     </span>
    </p>
   </div>
   <div class='ocr_carea' id='block_1_53' title="bbox 2197 2516 3777 2593">
    <p class='ocr_par' dir='ltr' id='par_1_53' title="bbox 2197 2516 3777 2593">
     <span class='ocr_line' id='line_1_53' title="bbox 2197 2516 3777 2593; baseline -0.004 -17"><span class='ocrx_word' id='word_1_352' title='bbox 2197 2522 2306 2576; x_wconf 91' lang='lat' dir='ltr'><strong>tius</strong></span> <span class='ocrx_word' id='word_1_353' title='bbox 2334 2521 2446 2593; x_wconf 91' lang='grc'>(21)</span> <span class='ocrx_word' id='word_1_354' title='bbox 2474 2522 2579 2576; x_wconf 87' lang='lat' dir='ltr'><strong>ista</strong></span> <span class='ocrx_word' id='word_1_355' title='bbox 2606 2520 2893 2591; x_wconf 90' lang='lat' dir='ltr'><strong>scripsisse</strong></span> <span class='ocrx_word' id='word_1_356' title='bbox 2916 2519 3193 2575; x_wconf 78' lang='lat' dir='ltr'><strong>Asterium</strong></span> <span class='ocrx_word' id='word_1_357' title='bbox 3234 2517 3379 2573; x_wconf 91' lang='lat' dir='ltr'><strong>circa</strong></span> <span class='ocrx_word' id='word_1_358' title='bbox 3424 2516 3639 2571; x_wconf 88' lang='lat' dir='ltr'><strong>Domini</strong></span> <span class='ocrx_word' id='word_1_359' title='bbox 3675 2532 3777 2570; x_wconf 81' lang='lat' dir='ltr'><strong>an-</strong></span> 
     </span>
    </p>
   </div>
   <div class='ocr_carea' id='block_1_54' title="bbox 2197 2606 3783 2683">
    <p class='ocr_par' dir='ltr' id='par_1_54' title="bbox 2197 2606 3783 2683">
     <span class='ocr_line' id='line_1_54' title="bbox 2197 2606 3783 2683; baseline -0.005 -16"><span class='ocrx_word' id='word_1_360' title='bbox 2197 2629 2328 2667; x_wconf 90' lang='lat' dir='ltr'><strong>num</strong></span> <span class='ocrx_word' id='word_1_361' title='bbox 2360 2613 2489 2679; x_wconf 74' lang='grc'><strong>231,</strong></span> <span class='ocrx_word' id='word_1_362' title='bbox 2534 2613 2746 2683; x_wconf 86' lang='lat' dir='ltr'><strong>imperii</strong></span> <span class='ocrx_word' id='word_1_363' title='bbox 2792 2626 2920 2666; x_wconf 85' lang='lat' dir='ltr'><strong>vero</strong></span> <span class='ocrx_word' id='word_1_364' title='bbox 2966 2609 3257 2665; x_wconf 80' lang='lat' dir='ltr'><strong>Alexandri</strong></span> <span class='ocrx_word' id='word_1_365' title='bbox 3290 2625 3367 2663; x_wconf 66' lang='grc' dir='ltr'>ιι.</span> <span class='ocrx_word' id='word_1_366' title='bbox 3405 2607 3471 2662; x_wconf 84' lang='lat' dir='ltr'><strong>Et</strong></span> <span class='ocrx_word' id='word_1_367' title='bbox 3493 2607 3617 2677; x_wconf 86' lang='lat' dir='ltr'><strong>jure</strong></span> <span class='ocrx_word' id='word_1_368' title='bbox 3654 2606 3783 2677; x_wconf 83' lang='lat' dir='ltr'><strong>qui-</strong></span> 
     </span>
    </p>
   </div>
   <div class='ocr_carea' id='block_1_55' title="bbox 2196 2699 3783 2769">
    <p class='ocr_par' dir='ltr' id='par_1_55' title="bbox 2196 2699 3783 2769">
     <span class='ocr_line' id='line_1_55' title="bbox 2196 2699 3783 2769; baseline -0.007 -7"><span class='ocrx_word' id='word_1_369' title='bbox 2196 2707 2364 2762; x_wconf 84' lang='lat' dir='ltr'><strong>dem:</strong></span> <span class='ocrx_word' id='word_1_370' title='bbox 2399 2722 2523 2761; x_wconf 90' lang='lat' dir='ltr'><strong>nam</strong></span> <span class='ocrx_word' id='word_1_371' title='bbox 2573 2704 2909 2767; x_wconf 78' lang='lat' dir='ltr'><strong>Alexander,</strong></span> <span class='ocrx_word' id='word_1_372' title='bbox 2959 2701 3269 2758; x_wconf 81' lang='lat' dir='ltr'><strong>Herodiano</strong></span> <span class='ocrx_word' id='word_1_373' title='bbox 3318 2710 3450 2756; x_wconf 90' lang='lat' dir='ltr'><strong>teste</strong></span> <span class='ocrx_word' id='word_1_374' title='bbox 3496 2699 3644 2769; x_wconf 88' lang='grc'>(22),</span> <span class='ocrx_word' id='word_1_375' title='bbox 3699 2701 3783 2762; x_wconf 84' lang='grc' dir='ltr'>εἰς</span> 
     </span>
    </p>
   </div>
   <div class='ocr_carea' id='block_1_56' title="bbox 2195 2791 3784 2870">
    <p class='ocr_par' dir='ltr' id='par_1_56' title="bbox 2195 2791 3784 2870">
     <span class='ocr_line' id='line_1_56' title="bbox 2195 2791 3784 2870; baseline -0.006 -18"><span class='ocrx_word' id='word_1_376' title='bbox 2195 2797 2784 2870; x_wconf 77' lang='grc' dir='ltr'><strong>τεσσαρεσκαιδέκατον</strong></span> <span class='ocrx_word' id='word_1_377' title='bbox 2809 2795 3006 2859; x_wconf 67' lang='grc' dir='ltr'>ἐλάσας</span> <span class='ocrx_word' id='word_1_378' title='bbox 3030 2796 3128 2867; x_wconf 85' lang='grc' dir='ltr'><strong>τῆς</strong></span> <span class='ocrx_word' id='word_1_379' title='bbox 3158 2793 3432 2865; x_wconf 80' lang='grc' dir='ltr'><strong>βασιλείας</strong></span> <span class='ocrx_word' id='word_1_380' title='bbox 3452 2792 3588 2859; x_wconf 82' lang='grc' dir='ltr'>ἔτος,</span> <span class='ocrx_word' id='word_1_381' title='bbox 3618 2791 3784 2844; x_wconf 81' lang='grc' dir='ltr'>ἀναι-</span> 
     </span>
    </p>
   </div>
   <div class='ocr_carea' id='block_1_57' title="bbox 2199 2884 3779 2964">
    <p class='ocr_par' dir='ltr' id='par_1_57' title="bbox 2199 2884 3779 2964">
     <span class='ocr_line' id='line_1_57' title="bbox 2199 2884 3779 2964; baseline -0.008 -18"><span class='ocrx_word' id='word_1_382' title='bbox 2199 2892 2340 2963; x_wconf 79' lang='grc' dir='ltr'><strong>μωτὶ</strong></span> <span class='ocrx_word' id='word_1_383' title='bbox 2382 2888 2580 2964; x_wconf 77' lang='grc' dir='ltr'>ἦρξεν,</span> <span class='ocrx_word' id='word_1_384' title='bbox 2625 2892 2779 2945; x_wconf 88' lang='lat' dir='ltr'><strong>annis</strong></span> <span class='ocrx_word' id='word_1_385' title='bbox 2836 2888 3235 2961; x_wconf 85' lang='lat' dir='ltr'><strong>quatuordecim</strong></span> <span class='ocrx_word' id='word_1_386' title='bbox 3278 2886 3413 2939; x_wconf 85' lang='lat' dir='ltr'><strong>citra</strong></span> <span class='ocrx_word' id='word_1_387' title='bbox 3464 2884 3779 2953; x_wconf 80' lang='lat' dir='ltr'><strong>sanguinem</strong></span> 
     </span>
    </p>
   </div>
   <div class='ocr_carea' id='block_1_58' title="bbox 2198 2972 3775 3053">
    <p class='ocr_par' dir='ltr' id='par_1_58' title="bbox 2198 2972 3775 3053">
     <span class='ocr_line' id='line_1_58' title="bbox 2198 2972 3775 3053; baseline -0.007 -17"><span class='ocrx_word' id='word_1_388' title='bbox 2198 2984 2357 3053; x_wconf 85' lang='lat' dir='ltr'><strong>gessit</strong></span> <span class='ocrx_word' id='word_1_389' title='bbox 2393 2982 2675 3051; x_wconf 88' lang='lat' dir='ltr'><strong>imperium</strong></span> <span class='ocrx_word' id='word_1_390' title='bbox 2704 2994 2723 3035; x_wconf 90' lang='lat'><strong><em>:</em></strong></span> <span class='ocrx_word' id='word_1_391' title='bbox 2754 2988 2814 3035; x_wconf 90' lang='lat' dir='ltr'><strong>ut</strong></span> <span class='ocrx_word' id='word_1_392' title='bbox 2843 2978 3069 3049; x_wconf 89' lang='lat' dir='ltr'><strong>proinde</strong></span> <span class='ocrx_word' id='word_1_393' title='bbox 3095 2977 3279 3046; x_wconf 88' lang='lat' dir='ltr'><strong>quiete</strong></span> <span class='ocrx_word' id='word_1_394' title='bbox 3327 2988 3485 3044; x_wconf 84' lang='lat' dir='ltr'><strong>agere</strong></span> <span class='ocrx_word' id='word_1_395' title='bbox 3516 2972 3775 3042; x_wconf 84' lang='lat' dir='ltr'><strong>permissi</strong></span> 
     </span>
    </p>
   </div>
   <div class='ocr_carea' id='block_1_59' title="bbox 2198 3064 3776 3140">
    <p class='ocr_par' dir='ltr' id='par_1_59' title="bbox 2198 3064 3776 3140">
     <span class='ocr_line' id='line_1_59' title="bbox 2198 3064 3776 3140; baseline -0.008 -11"><span class='ocrx_word' id='word_1_396' title='bbox 2198 3072 2402 3129; x_wconf 91' lang='lat' dir='ltr'><strong>fuerint</strong></span> <span class='ocrx_word' id='word_1_397' title='bbox 2435 3071 2734 3128; x_wconf 78' lang='lat' dir='ltr'><strong>Christiani</strong></span> <span class='ocrx_word' id='word_1_398' title='bbox 2776 3086 2842 3126; x_wconf 92' lang='lat' dir='ltr'><strong>eo</strong></span> <span class='ocrx_word' id='word_1_399' title='bbox 2872 3072 3201 3140; x_wconf 89' lang='lat' dir='ltr'><strong>imperante;</strong></span> <span class='ocrx_word' id='word_1_400' title='bbox 3243 3067 3486 3136; x_wconf 84' lang='lat' dir='ltr'><strong>adeoque</strong></span> <span class='ocrx_word' id='word_1_401' title='bbox 3517 3079 3623 3132; x_wconf 72' lang='lat' dir='ltr'><strong>pax</strong></span> <span class='ocrx_word' id='word_1_402' title='bbox 3657 3064 3776 3129; x_wconf 87' lang='lat' dir='ltr'><strong>illa,</strong></span> 
     </span>
    </p>
   </div>
   <div class='ocr_carea' id='block_1_60' title="bbox 517 3152 3779 3246">
    <p class='ocr_par' dir='ltr' id='par_1_60' title="bbox 517 3152 3779 3246">
     <span class='ocr_line' id='line_1_60' title="bbox 517 3152 3779 3246; baseline -0.004 -22"><span class='ocrx_word' id='word_1_403' title='bbox 517 3170 742 3225; x_wconf 82' lang='lat' dir='ltr'><strong>aﬁeram</strong></span> <span class='ocrx_word' id='word_1_404' title='bbox 777 3166 1108 3237; x_wconf 71' lang='lat' dir='ltr'><strong>exemplum.</strong></span> <span class='ocrx_word' id='word_1_405' title='bbox 1136 3174 1188 3219; x_wconf 71' lang='lat' dir='ltr'><strong>et</strong></span> <span class='ocrx_word' id='word_1_406' title='bbox 1231 3152 1451 3234; x_wconf 75' lang='lat' dir='ltr'><strong>quidem</strong></span> <span class='ocrx_word' id='word_1_407' title='bbox 1500 3171 1583 3217; x_wconf 74' lang='lat' dir='ltr'><strong>ler</strong></span> <span class='ocrx_word' id='word_1_408' title='bbox 1628 3161 1982 3225; x_wconf 72' lang='grc' dir='ltr'><strong>ίηουιοειιυιη,</strong></span> <span class='ocrx_word' id='word_1_409' title='bbox 2028 3176 2093 3215; x_wconf 77' lang='lat' dir='ltr'><strong>ex</strong></span> <span class='ocrx_word' id='word_1_410' title='bbox 2122 3187 2165 3246; x_wconf 69' lang='grc' dir='ltr'>ο</span> <span class='ocrx_word' id='word_1_411' title='bbox 2199 3183 2306 3237; x_wconf 88' lang='lat' dir='ltr'><strong>qua</strong></span> <span class='ocrx_word' id='word_1_412' title='bbox 2333 3165 2434 3220; x_wconf 87' lang='lat' dir='ltr'><strong>sub</strong></span> <span class='ocrx_word' id='word_1_413' title='bbox 2464 3165 2741 3219; x_wconf 84' lang='lat' dir='ltr'><strong>Antonino</strong></span> <span class='ocrx_word' id='word_1_414' title='bbox 2767 3162 3045 3217; x_wconf 90' lang='lat' dir='ltr'><strong>Caraealla</strong></span> <span class='ocrx_word' id='word_1_415' title='bbox 3064 3203 3078 3227; x_wconf 95' lang='lat'><strong>,</strong></span> <span class='ocrx_word' id='word_1_416' title='bbox 3111 3160 3215 3216; x_wconf 90' lang='lat' dir='ltr'><strong>sub</strong></span> <span class='ocrx_word' id='word_1_417' title='bbox 3241 3158 3501 3223; x_wconf 83' lang='lat' dir='ltr'><strong>Macrino,</strong></span> <span class='ocrx_word' id='word_1_418' title='bbox 3531 3172 3631 3211; x_wconf 90' lang='lat' dir='ltr'><strong>nec</strong></span> <span class='ocrx_word' id='word_1_419' title='bbox 3660 3172 3779 3210; x_wconf 83' lang='lat' dir='ltr'><strong>non</strong></span> 
     </span>
    </p>
   </div>
   <div class='ocr_carea' id='block_1_61' title="bbox 518 3251 2097 3332">
    <p class='ocr_par' dir='ltr' id='par_1_61' title="bbox 518 3251 2097 3332">
     <span class='ocr_line' id='line_1_61' title="bbox 518 3251 2097 3332; baseline -0.007 -15"><span class='ocrx_word' id='word_1_420' title='bbox 518 3262 745 3332; x_wconf 85' lang='lat' dir='ltr'><strong>epistola</strong></span> <span class='ocrx_word' id='word_1_421' title='bbox 778 3260 965 3315; x_wconf 67' lang='lat' dir='ltr'><strong>lrenaei</strong></span> <span class='ocrx_word' id='word_1_422' title='bbox 1006 3259 1074 3313; x_wconf 85' lang='lat' dir='ltr'><strong>ad</strong></span> <span class='ocrx_word' id='word_1_423' title='bbox 1108 3256 1382 3313; x_wconf 82' lang='lat' dir='ltr'><strong>Victorem</strong></span> <span class='ocrx_word' id='word_1_424' title='bbox 1413 3255 1523 3326; x_wconf 87' lang='lat'><strong>(16)</strong></span> <span class='ocrx_word' id='word_1_425' title='bbox 1559 3270 1571 3306; x_wconf 90' lang='lat'><strong>:</strong></span> <span class='ocrx_word' id='word_1_426' title='bbox 1604 3274 1623 3306; x_wconf 71' lang='grc' dir='ltr'><strong>ε</strong></span> <span class='ocrx_word' id='word_1_427' title='bbox 1662 3251 1766 3309; x_wconf 89' lang='lat' dir='ltr'><strong>Sed</strong></span> <span class='ocrx_word' id='word_1_428' title='bbox 1794 3264 1848 3309; x_wconf 89' lang='lat' dir='ltr'><strong>et</strong></span> <span class='ocrx_word' id='word_1_429' title='bbox 1873 3253 2097 3324; x_wconf 87' lang='lat' dir='ltr'><strong>presby-</strong></span> 
     </span>
    </p>
   </div>
   <div class='ocr_carea' id='block_1_62' title="bbox 520 3346 2093 3423">
    <p class='ocr_par' dir='ltr' id='par_1_62' title="bbox 520 3346 2093 3423">
     <span class='ocr_line' id='line_1_62' title="bbox 520 3346 2093 3423; baseline -0.005 -14"><span class='ocrx_word' id='word_1_430' title='bbox 520 3356 618 3409; x_wconf 75' lang='lat' dir='ltr'><strong>teri</strong></span> <span class='ocrx_word' id='word_1_431' title='bbox 650 3356 746 3418; x_wconf 91' lang='lat' dir='ltr'><strong>illi,</strong></span> <span class='ocrx_word' id='word_1_432' title='bbox 777 3353 973 3423; x_wconf 89' lang='lat' dir='ltr'><strong>inquit,</strong></span> <span class='ocrx_word' id='word_1_433' title='bbox 1003 3351 1096 3422; x_wconf 91' lang='lat' dir='ltr'><strong>qui</strong></span> <span class='ocrx_word' id='word_1_434' title='bbox 1130 3361 1254 3405; x_wconf 87' lang='lat' dir='ltr'><strong>ante</strong></span> <span class='ocrx_word' id='word_1_435' title='bbox 1300 3348 1545 3405; x_wconf 87' lang='lat' dir='ltr'><strong>Solerem</strong></span> <span class='ocrx_word' id='word_1_436' title='bbox 1577 3348 1835 3403; x_wconf 68' lang='lat' dir='ltr'><strong>Ecclesia:</strong></span> <span class='ocrx_word' id='word_1_437' title='bbox 1860 3346 2093 3417; x_wconf 70' lang='lat' dir='ltr'><strong>praefue-</strong></span> 
     </span>
    </p>
   </div>
   <div class='ocr_carea' id='block_1_63' title="bbox 520 3435 2095 3512">
    <p class='ocr_par' dir='ltr' id='par_1_63' title="bbox 520 3435 2095 3512">
     <span class='ocr_line' id='line_1_63' title="bbox 520 3435 2095 3512; baseline -0.006 -11"><span class='ocrx_word' id='word_1_438' title='bbox 520 3454 683 3509; x_wconf 90' lang='lat' dir='ltr'><strong>runt,</strong></span> <span class='ocrx_word' id='word_1_439' title='bbox 729 3458 893 3512; x_wconf 90' lang='lat' dir='ltr'><strong>quam</strong></span> <span class='ocrx_word' id='word_1_440' title='bbox 938 3456 1084 3496; x_wconf 91' lang='lat' dir='ltr'><strong>nunc</strong></span> <span class='ocrx_word' id='word_1_441' title='bbox 1134 3441 1426 3509; x_wconf 79' lang='lat' dir='ltr'><strong>gubernas.</strong></span> <span class='ocrx_word' id='word_1_442' title='bbox 1462 3457 1481 3490; x_wconf 74' lang='grc' dir='ltr'><strong>ι</strong></span> <span class='ocrx_word' id='word_1_443' title='bbox 1511 3437 1577 3493; x_wconf 82' lang='grc' dir='ltr'><strong>Ει</strong></span> <span class='ocrx_word' id='word_1_444' title='bbox 1616 3453 1741 3491; x_wconf 84' lang='lat' dir='ltr'><strong>mox</strong></span> <span class='ocrx_word' id='word_1_445' title='bbox 1783 3453 1795 3489; x_wconf 94' lang='lat'><strong>:</strong></span> <span class='ocrx_word' id='word_1_446' title='bbox 1841 3456 1860 3489; x_wconf 73' lang='grc' dir='ltr'><strong>ι</strong></span> <span class='ocrx_word' id='word_1_447' title='bbox 1894 3435 2095 3491; x_wconf 80' lang='lat' dir='ltr'><strong>Verum</strong></span> 
     </span>
    </p>
   </div>
   <div class='ocr_carea' id='block_1_64' title="bbox 519 3522 2098 3607">
    <p class='ocr_par' dir='ltr' id='par_1_64' title="bbox 519 3522 2098 3607">
     <span class='ocr_line' id='line_1_64' title="bbox 519 3522 2098 3607; baseline -0.004 -18"><span class='ocrx_word' id='word_1_448' title='bbox 519 3536 614 3607; x_wconf 89' lang='lat' dir='ltr'><strong>qui</strong></span> <span class='ocrx_word' id='word_1_449' title='bbox 651 3544 702 3589; x_wconf 88' lang='lat' dir='ltr'><strong>te</strong></span> <span class='ocrx_word' id='word_1_450' title='bbox 743 3522 1139 3603; x_wconf 67' lang='lat' dir='ltr'><strong>praecesserunt</strong></span> <span class='ocrx_word' id='word_1_451' title='bbox 1180 3531 1500 3602; x_wconf 89' lang='lat' dir='ltr'><strong>presbyteri.</strong></span> <span class='ocrx_word' id='word_1_452' title='bbox 1546 3549 1564 3582; x_wconf 75' lang='grc' dir='ltr'><strong>ι</strong></span> <span class='ocrx_word' id='word_1_453' title='bbox 1597 3528 1901 3599; x_wconf 90' lang='lat' dir='ltr'><strong>Paucisque</strong></span> <span class='ocrx_word' id='word_1_454' title='bbox 1930 3530 2098 3582; x_wconf 80' lang='lat' dir='ltr'><strong>inter—</strong></span> 
     </span>
    </p>
   </div>
   <div class='ocr_carea' id='block_1_65' title="bbox 514 3620 2095 3699">
    <p class='ocr_par' dir='ltr' id='par_1_65' title="bbox 514 3620 2095 3699">
     <span class='ocr_line' id='line_1_65' title="bbox 514 3620 2095 3699; baseline -0.007 -16"><span class='ocrx_word' id='word_1_455' title='bbox 514 3628 695 3699; x_wconf 81' lang='lat' dir='ltr'><strong>jcctis,</strong></span> <span class='ocrx_word' id='word_1_456' title='bbox 726 3627 793 3681; x_wconf 92' lang='lat' dir='ltr'><strong>de</strong></span> <span class='ocrx_word' id='word_1_457' title='bbox 820 3626 1048 3679; x_wconf 88' lang='lat' dir='ltr'><strong>Aniceto</strong></span> <span class='ocrx_word' id='word_1_458' title='bbox 1096 3626 1261 3678; x_wconf 89' lang='lat' dir='ltr'><strong>verba</strong></span> <span class='ocrx_word' id='word_1_459' title='bbox 1310 3622 1516 3677; x_wconf 88' lang='lat' dir='ltr'><strong>faciens</strong></span> <span class='ocrx_word' id='word_1_460' title='bbox 1558 3638 1572 3674; x_wconf 88' lang='lat'><strong>:</strong></span> <span class='ocrx_word' id='word_1_461' title='bbox 1620 3640 1637 3673; x_wconf 77' lang='grc' dir='ltr'><strong>ι</strong></span> <span class='ocrx_word' id='word_1_462' title='bbox 1670 3620 1806 3675; x_wconf 83' lang='lat' dir='ltr'><strong>Cum</strong></span> <span class='ocrx_word' id='word_1_463' title='bbox 1852 3620 1961 3682; x_wconf 88' lang='lat' dir='ltr'><strong>hic,</strong></span> <span class='ocrx_word' id='word_1_464' title='bbox 1999 3620 2095 3686; x_wconf 90' lang='lat' dir='ltr'><strong>ait,</strong></span> 
     </span>
    </p>
   </div>
   <div class='ocr_carea' id='block_1_66' title="bbox 520 3715 2096 3793">
    <p class='ocr_par' dir='ltr' id='par_1_66' title="bbox 520 3715 2096 3793">
     <span class='ocr_line' id='line_1_66' title="bbox 520 3715 2096 3793; baseline -0.006 -16"><span class='ocrx_word' id='word_1_465' title='bbox 520 3724 960 3793; x_wconf 88' lang='lat' dir='ltr'><strong>presbyterorum</strong></span> <span class='ocrx_word' id='word_1_466' title='bbox 992 3719 1086 3790; x_wconf 90' lang='lat' dir='ltr'><strong>qui</strong></span> <span class='ocrx_word' id='word_1_467' title='bbox 1125 3728 1249 3773; x_wconf 87' lang='lat' dir='ltr'><strong>ante</strong></span> <span class='ocrx_word' id='word_1_468' title='bbox 1285 3734 1343 3773; x_wconf 89' lang='lat' dir='ltr'><strong>se</strong></span> <span class='ocrx_word' id='word_1_469' title='bbox 1380 3716 1614 3777; x_wconf 87' lang='lat' dir='ltr'><strong>fuerant,</strong></span> <span class='ocrx_word' id='word_1_470' title='bbox 1645 3715 2096 3771; x_wconf 88' lang='lat' dir='ltr'><strong>consuetudinem</strong></span> 
     </span>
    </p>
   </div>
   <div class='ocr_carea' id='block_1_67' title="bbox 519 3806 2099 3879">
    <p class='ocr_par' dir='ltr' id='par_1_67' title="bbox 519 3806 2099 3879">
     <span class='ocr_line' id='line_1_67' title="bbox 519 3806 2099 3879; baseline -0.008 -9"><span class='ocrx_word' id='word_1_471' title='bbox 519 3813 861 3870; x_wconf 81' lang='lat' dir='ltr'><strong>retinendam</strong></span> <span class='ocrx_word' id='word_1_472' title='bbox 891 3826 1013 3867; x_wconf 91' lang='lat' dir='ltr'><strong>esse</strong></span> <span class='ocrx_word' id='word_1_473' title='bbox 1038 3810 1270 3875; x_wconf 86' lang='lat' dir='ltr'><strong>diceret,</strong></span> <span class='ocrx_word' id='word_1_474' title='bbox 1308 3828 1326 3861; x_wconf 72' lang='grc' dir='ltr'><strong>ι</strong></span> <span class='ocrx_word' id='word_1_475' title='bbox 1352 3820 1456 3863; x_wconf 89' lang='lat' dir='ltr'><strong>etc.</strong></span> <span class='ocrx_word' id='word_1_476' title='bbox 1485 3810 1594 3862; x_wconf 71' lang='grc' dir='ltr'><strong>Καὶ</strong></span> <span class='ocrx_word' id='word_1_477' title='bbox 1621 3810 1670 3861; x_wconf 80' lang='grc' dir='ltr'>οἱ</span> <span class='ocrx_word' id='word_1_478' title='bbox 1707 3806 1814 3879; x_wconf 83' lang='grc' dir='ltr'><strong>πρὸ</strong></span> <span class='ocrx_word' id='word_1_479' title='bbox 1845 3808 2099 3878; x_wconf 72' lang='grc' dir='ltr'>Σωτῆρος</span> 
     </span>
    </p>
   </div>
   <div class='ocr_carea' id='block_1_68' title="bbox 522 3896 2100 3979">
    <p class='ocr_par' dir='ltr' id='par_1_68' title="bbox 522 3896 2100 3979">
     <span class='ocr_line' id='line_1_68' title="bbox 522 3896 2100 3979; baseline -0.004 -20"><span class='ocrx_word' id='word_1_480' title='bbox 522 3905 914 3979; x_wconf 75' lang='grc' dir='ltr'>πρεσϐύτεροι,</span> <span class='ocrx_word' id='word_1_481' title='bbox 965 3904 1015 3956; x_wconf 88' lang='grc' dir='ltr'>οἰ</span> <span class='ocrx_word' id='word_1_482' title='bbox 1078 3902 1411 3975; x_wconf 83' lang='grc' dir='ltr'>προστάντες</span> <span class='ocrx_word' id='word_1_483' title='bbox 1474 3901 1573 3971; x_wconf 79' lang='grc' dir='ltr'><strong>τῆς</strong></span> <span class='ocrx_word' id='word_1_484' title='bbox 1649 3900 1972 3971; x_wconf 85' lang='grc' dir='ltr'>Ἐκκλησίας</span> <span class='ocrx_word' id='word_1_485' title='bbox 2031 3896 2100 3971; x_wconf 82' lang='grc' dir='ltr'>ἦς</span> 
     </span>
    </p>
   </div>
   <div class='ocr_carea' id='block_1_69' title="bbox 496 3989 2094 4069">
    <p class='ocr_par' dir='ltr' id='par_1_69' title="bbox 496 3989 2094 4069">
     <span class='ocr_line' id='line_1_69' title="bbox 496 3989 2094 4069; baseline -0.008 -16"><span class='ocrx_word' id='word_1_486' title='bbox 496 4000 706 4069; x_wconf 43' lang='grc' dir='ltr'><strong>ηάφηγῇ</strong></span> <span class='ocrx_word' id='word_1_487' title='bbox 749 4038 761 4050; x_wconf 92' lang='grc'><strong>.</strong></span> <span class='ocrx_word' id='word_1_488' title='bbox 808 4035 822 4049; x_wconf 88' lang='grc'><strong>.</strong></span> <span class='ocrx_word' id='word_1_489' title='bbox 868 4036 881 4048; x_wconf 96' lang='grc'><strong>.</strong></span> <span class='ocrx_word' id='word_1_490' title='bbox 929 4035 942 4047; x_wconf 93' lang='grc'><strong>.</strong></span> <span class='ocrx_word' id='word_1_491' title='bbox 984 3993 1099 4049; x_wconf 79' lang='grc' dir='ltr'><strong>ἀλλ’</strong></span> <span class='ocrx_word' id='word_1_492' title='bbox 1132 3994 1183 4046; x_wconf 78' lang='grc' dir='ltr'>οἱ</span> <span class='ocrx_word' id='word_1_493' title='bbox 1234 3992 1339 4064; x_wconf 74' lang='grc' dir='ltr'>πρὸ</span> <span class='ocrx_word' id='word_1_494' title='bbox 1374 3990 1467 4045; x_wconf 80' lang='grc' dir='ltr'><strong>σοῦ</strong></span> <span class='ocrx_word' id='word_1_495' title='bbox 1504 3989 1866 4061; x_wconf 76' lang='grc' dir='ltr'>πρεσϐύτεροι</span> <span class='ocrx_word' id='word_1_496' title='bbox 1905 4029 1919 4043; x_wconf 94' lang='grc'><strong>.</strong></span> <span class='ocrx_word' id='word_1_497' title='bbox 1962 4030 1978 4046; x_wconf 93' lang='grc'><strong>.</strong></span> <span class='ocrx_word' id='word_1_498' title='bbox 2022 4030 2034 4043; x_wconf 91' lang='grc'><strong>.</strong></span> <span class='ocrx_word' id='word_1_499' title='bbox 2080 4028 2094 4041; x_wconf 94' lang='grc'><strong>.</strong></span> 
     </span>
    </p>
   </div>
   <div class='ocr_carea' id='block_1_70' title="bbox 518 4079 2100 4158">
    <p class='ocr_par' dir='ltr' id='par_1_70' title="bbox 518 4079 2100 4158">
     <span class='ocr_line' id='line_1_70' title="bbox 518 4079 2100 4158; baseline -0.008 -15"><span class='ocrx_word' id='word_1_500' title='bbox 518 4090 746 4158; x_wconf 78' lang='grc' dir='ltr'>λέγοντα</span> <span class='ocrx_word' id='word_1_501' title='bbox 772 4087 884 4157; x_wconf 82' lang='grc' dir='ltr'><strong>(τὸν</strong></span> <span class='ocrx_word' id='word_1_502' title='bbox 928 4084 1228 4155; x_wconf 80' lang='grc' dir='ltr'>Ἀνίκητον)</span> <span class='ocrx_word' id='word_1_503' title='bbox 1272 4084 1370 4155; x_wconf 82' lang='grc' dir='ltr'><strong>τὴν</strong></span> <span class='ocrx_word' id='word_1_504' title='bbox 1404 4082 1689 4154; x_wconf 76' lang='grc' dir='ltr'>συνήθειαν</span> <span class='ocrx_word' id='word_1_505' title='bbox 1715 4082 1821 4134; x_wconf 83' lang='grc' dir='ltr'><strong>τῶν</strong></span> <span class='ocrx_word' id='word_1_506' title='bbox 1856 4080 1962 4150; x_wconf 77' lang='grc' dir='ltr'>πρὸ</span> <span class='ocrx_word' id='word_1_507' title='bbox 1999 4079 2100 4132; x_wconf 80' lang='grc' dir='ltr'><strong>αὑ-</strong></span> 
     </span>
    </p>
   </div>
   <div class='ocr_carea' id='block_1_71' title="bbox 520 4172 2101 4252">
    <p class='ocr_par' dir='ltr' id='par_1_71' title="bbox 520 4172 2101 4252">
     <span class='ocr_line' id='line_1_71' title="bbox 520 4172 2101 4252; baseline -0.006 -18"><span class='ocrx_word' id='word_1_508' title='bbox 520 4181 616 4234; x_wconf 79' lang='grc' dir='ltr'>τοῦ</span> <span class='ocrx_word' id='word_1_509' title='bbox 652 4178 1037 4252; x_wconf 77' lang='grc' dir='ltr'>πρεσϐυτέρων</span> <span class='ocrx_word' id='word_1_510' title='bbox 1067 4174 1307 4244; x_wconf 83' lang='grc' dir='ltr'>ὀφείλειν</span> <span class='ocrx_word' id='word_1_511' title='bbox 1350 4174 1622 4245; x_wconf 82' lang='grc' dir='ltr'>κατέχειν.</span> <span class='ocrx_word' id='word_1_512' title='bbox 1656 4172 1818 4228; x_wconf 85' lang='lat' dir='ltr'><strong>Plura</strong></span> <span class='ocrx_word' id='word_1_513' title='bbox 1847 4172 2101 4241; x_wconf 83' lang='lat' dir='ltr'><strong>suppedi—</strong></span> 
     </span>
    </p>
   </div>
   <div class='ocr_carea' id='block_1_72' title="bbox 521 4261 2093 4337">
    <p class='ocr_par' dir='ltr' id='par_1_72' title="bbox 521 4261 2093 4337">
     <span class='ocr_line' id='line_1_72' title="bbox 521 4261 2093 4337; baseline -0.006 -12"><span class='ocrx_word' id='word_1_514' title='bbox 521 4272 659 4325; x_wconf 86' lang='lat' dir='ltr'><strong>tabit</strong></span> <span class='ocrx_word' id='word_1_515' title='bbox 695 4269 948 4324; x_wconf 85' lang='lat' dir='ltr'><strong>Svicerus</strong></span> <span class='ocrx_word' id='word_1_516' title='bbox 979 4267 1114 4337; x_wconf 83' lang='lat'><strong>(17),</strong></span> <span class='ocrx_word' id='word_1_517' title='bbox 1150 4281 1312 4336; x_wconf 89' lang='lat' dir='ltr'><strong>quem</strong></span> <span class='ocrx_word' id='word_1_518' title='bbox 1339 4264 1584 4334; x_wconf 84' lang='lat' dir='ltr'><strong>profecto</strong></span> <span class='ocrx_word' id='word_1_519' title='bbox 1618 4264 1807 4320; x_wconf 86' lang='lat' dir='ltr'><strong>mirari</strong></span> <span class='ocrx_word' id='word_1_520' title='bbox 1846 4262 1993 4319; x_wconf 88' lang='lat' dir='ltr'><strong>subit</strong></span> <span class='ocrx_word' id='word_1_521' title='bbox 2026 4261 2093 4316; x_wconf 89' lang='lat' dir='ltr'><strong>il-</strong></span> 
     </span>
    </p>
   </div>
   <div class='ocr_carea' id='block_1_73' title="bbox 523 4357 1499 4426">
    <p class='ocr_par' dir='ltr' id='par_1_73' title="bbox 523 4357 1499 4426">
     <span class='ocr_line' id='line_1_73' title="bbox 523 4357 1499 4426; baseline -0.007 -9"><span class='ocrx_word' id='word_1_522' title='bbox 523 4360 753 4418; x_wconf 85' lang='lat' dir='ltr'><strong>lustrem</strong></span> <span class='ocrx_word' id='word_1_523' title='bbox 780 4361 925 4414; x_wconf 89' lang='lat' dir='ltr'><strong>hunc</strong></span> <span class='ocrx_word' id='word_1_524' title='bbox 946 4359 1125 4413; x_wconf 88' lang='lat' dir='ltr'><strong>locum</strong></span> <span class='ocrx_word' id='word_1_525' title='bbox 1152 4357 1499 4426; x_wconf 69' lang='lat' dir='ltr'><strong>praeteriisse.</strong></span> 
     </span>
    </p>
   </div>
   <div class='ocr_carea' id='block_1_74' title="bbox 597 4440 2098 4515">
    <p class='ocr_par' dir='ltr' id='par_1_74' title="bbox 597 4440 2098 4515">
     <span class='ocr_line' id='line_1_74' title="bbox 597 4440 2098 4515; baseline -0.007 -9"><span class='ocrx_word' id='word_1_526' title='bbox 597 4452 866 4507; x_wconf 68' lang='lat' dir='ltr'><strong>Caeterum</strong></span> <span class='ocrx_word' id='word_1_527' title='bbox 904 4449 1044 4503; x_wconf 88' lang='lat' dir='ltr'><strong>haud</strong></span> <span class='ocrx_word' id='word_1_528' title='bbox 1082 4446 1510 4502; x_wconf 73' lang='lat' dir='ltr'><strong>exiStimaver-im</strong></span> <span class='ocrx_word' id='word_1_529' title='bbox 1547 4443 1799 4515; x_wconf 88' lang='lat' dir='ltr'><strong>equidem</strong></span> <span class='ocrx_word' id='word_1_530' title='bbox 1833 4457 1954 4498; x_wconf 88' lang='lat' dir='ltr'><strong>cum</strong></span> <span class='ocrx_word' id='word_1_531' title='bbox 1992 4440 2098 4496; x_wconf 81' lang='lat' dir='ltr'><strong>Le-</strong></span> 
     </span>
    </p>
   </div>
   <div class='ocr_carea' id='block_1_75' title="bbox 2199 3248 3777 3328">
    <p class='ocr_par' dir='ltr' id='par_1_75' title="bbox 2199 3248 3777 3328">
     <span class='ocr_line' id='line_1_75' title="bbox 2199 3248 3777 3328; baseline -0.008 -14"><span class='ocrx_word' id='word_1_532' title='bbox 2199 3259 2303 3314; x_wconf 77' lang='lat' dir='ltr'><strong>sub</strong></span> <span class='ocrx_word' id='word_1_533' title='bbox 2352 3257 2644 3328; x_wconf 85' lang='lat' dir='ltr'><strong>Elagabalo</strong></span> <span class='ocrx_word' id='word_1_534' title='bbox 2692 3256 2971 3310; x_wconf 84' lang='lat' dir='ltr'><strong>fruebatur</strong></span> <span class='ocrx_word' id='word_1_535' title='bbox 3014 3251 3287 3315; x_wconf 83' lang='lat' dir='ltr'><strong>Ecclesia,</strong></span> <span class='ocrx_word' id='word_1_536' title='bbox 3332 3249 3436 3305; x_wconf 87' lang='lat' dir='ltr'><strong>sub</strong></span> <span class='ocrx_word' id='word_1_537' title='bbox 3476 3248 3777 3303; x_wconf 79' lang='lat' dir='ltr'><strong>Alexandri</strong></span> 
     </span>
    </p>
   </div>
   <div class='ocr_carea' id='block_1_76' title="bbox 2198 3339 3781 3419">
    <p class='ocr_par' dir='ltr' id='par_1_76' title="bbox 2198 3339 3781 3419">
     <span class='ocr_line' id='line_1_76' title="bbox 2198 3339 3781 3419; baseline -0.006 -15"><span class='ocrx_word' id='word_1_538' title='bbox 2198 3364 2415 3419; x_wconf 92' lang='lat' dir='ltr'><strong>quoque</strong></span> <span class='ocrx_word' id='word_1_539' title='bbox 2444 3346 2674 3417; x_wconf 83' lang='lat' dir='ltr'><strong>imperio</strong></span> <span class='ocrx_word' id='word_1_540' title='bbox 2700 3345 2909 3400; x_wconf 79' lang='lat' dir='ltr'><strong>stabilis</strong></span> <span class='ocrx_word' id='word_1_541' title='bbox 2936 3355 2986 3399; x_wconf 88' lang='lat' dir='ltr'><strong>et</strong></span> <span class='ocrx_word' id='word_1_542' title='bbox 3016 3344 3173 3415; x_wconf 82' lang='lat' dir='ltr'><strong>ﬁrma</strong></span> <span class='ocrx_word' id='word_1_543' title='bbox 3213 3339 3527 3413; x_wconf 77' lang='lat' dir='ltr'><strong>permansit,</strong></span> <span class='ocrx_word' id='word_1_544' title='bbox 3556 3347 3616 3393; x_wconf 88' lang='lat' dir='ltr'><strong>ut</strong></span> <span class='ocrx_word' id='word_1_545' title='bbox 3636 3340 3781 3395; x_wconf 87' lang='lat' dir='ltr'><strong>scri-</strong></span> 
     </span>
    </p>
   </div>
   <div class='ocr_carea' id='block_1_77' title="bbox 2200 3443 2838 3503">
    <p class='ocr_par' dir='ltr' id='par_1_77' title="bbox 2200 3443 2838 3503">
     <span class='ocr_line' id='line_1_77' title="bbox 2200 3443 2838 3503; baseline -0.011 -6"><span class='ocrx_word' id='word_1_546' title='bbox 2200 3443 2278 3497; x_wconf 91' lang='lat' dir='ltr'><strong>bit</strong></span> <span class='ocrx_word' id='word_1_547' title='bbox 2303 3450 2488 3496; x_wconf 88' lang='lat' dir='ltr'><strong>noster</strong></span> <span class='ocrx_word' id='word_1_548' title='bbox 2519 3447 2731 3493; x_wconf 90' lang='lat' dir='ltr'><strong>auctor.</strong></span> <span class='ocrx_word' id='word_1_549' title='bbox 2828 3493 2838 3503; x_wconf 59' lang='grc'><em>,</em></span> 
     </span>
    </p>
   </div>
   <div class='ocr_carea' id='block_1_78' title="bbox 2272 3523 3781 3600">
    <p class='ocr_par' dir='ltr' id='par_1_78' title="bbox 2272 3523 3781 3600">
     <span class='ocr_line' id='line_1_78' title="bbox 2272 3523 3781 3600; baseline -0.004 -14"><span class='ocrx_word' id='word_1_550' title='bbox 2272 3531 2351 3586; x_wconf 82' lang='lat' dir='ltr'><strong>Ex</strong></span> <span class='ocrx_word' id='word_1_551' title='bbox 2389 3531 2456 3586; x_wconf 92' lang='lat' dir='ltr'><strong>iis</strong></span> <span class='ocrx_word' id='word_1_552' title='bbox 2496 3545 2664 3600; x_wconf 90' lang='lat' dir='ltr'><strong>porro</strong></span> <span class='ocrx_word' id='word_1_553' title='bbox 2692 3543 2814 3599; x_wconf 66' lang='lat' dir='ltr'><strong>quae</strong></span> <span class='ocrx_word' id='word_1_554' title='bbox 2850 3528 2961 3582; x_wconf 87' lang='lat' dir='ltr'><strong>huc</strong></span> <span class='ocrx_word' id='word_1_555' title='bbox 2998 3541 3172 3597; x_wconf 89' lang='lat' dir='ltr'><strong>usque</strong></span> <span class='ocrx_word' id='word_1_556' title='bbox 3201 3525 3269 3581; x_wconf 89' lang='lat' dir='ltr'><strong>de</strong></span> <span class='ocrx_word' id='word_1_557' title='bbox 3299 3524 3515 3581; x_wconf 85' lang='lat' dir='ltr'><strong>Asterie</strong></span> <span class='ocrx_word' id='word_1_558' title='bbox 3551 3523 3781 3580; x_wconf 86' lang='lat' dir='ltr'><strong>Urbano</strong></span> 
     </span>
    </p>
   </div>
   <div class='ocr_carea' id='block_1_79' title="bbox 2199 3617 3780 3690">
    <p class='ocr_par' dir='ltr' id='par_1_79' title="bbox 2199 3617 3780 3690">
     <span class='ocr_line' id='line_1_79' title="bbox 2199 3617 3780 3690; baseline -0.006 -10"><span class='ocrx_word' id='word_1_559' title='bbox 2199 3624 2614 3689; x_wconf 90' lang='lat' dir='ltr'><strong>edisseruimus,</strong></span> <span class='ocrx_word' id='word_1_560' title='bbox 2661 3622 2714 3675; x_wconf 90' lang='lat' dir='ltr'><strong>in</strong></span> <span class='ocrx_word' id='word_1_561' title='bbox 2747 3620 2940 3690; x_wconf 91' lang='lat' dir='ltr'><strong>primis</strong></span> <span class='ocrx_word' id='word_1_562' title='bbox 2985 3634 3114 3673; x_wconf 88' lang='lat' dir='ltr'><strong>vero</strong></span> <span class='ocrx_word' id='word_1_563' title='bbox 3149 3619 3216 3673; x_wconf 89' lang='lat' dir='ltr'><strong>de</strong></span> <span class='ocrx_word' id='word_1_564' title='bbox 3265 3618 3412 3673; x_wconf 91' lang='lat' dir='ltr'><strong>illius</strong></span> <span class='ocrx_word' id='word_1_565' title='bbox 3442 3617 3553 3672; x_wconf 87' lang='lat' dir='ltr'><strong>aeri</strong></span> <span class='ocrx_word' id='word_1_566' title='bbox 3587 3618 3780 3671; x_wconf 89' lang='lat' dir='ltr'><strong>studio</strong></span> 
     </span>
    </p>
   </div>
   <div class='ocr_carea' id='block_1_80' title="bbox 2200 3710 3783 3783">
    <p class='ocr_par' dir='ltr' id='par_1_80' title="bbox 2200 3710 3783 3783">
     <span class='ocr_line' id='line_1_80' title="bbox 2200 3710 3783 3783; baseline -0.004 -12"><span class='ocrx_word' id='word_1_567' title='bbox 2200 3717 2253 3771; x_wconf 89' lang='lat' dir='ltr'><strong>in</strong></span> <span class='ocrx_word' id='word_1_568' title='bbox 2281 3716 2591 3771; x_wconf 81' lang='lat' dir='ltr'><strong>Christiana</strong></span> <span class='ocrx_word' id='word_1_569' title='bbox 2638 3713 2898 3783; x_wconf 80' lang='lat' dir='ltr'><strong>religione</strong></span> <span class='ocrx_word' id='word_1_570' title='bbox 2946 3712 3015 3766; x_wconf 91' lang='lat' dir='ltr'><strong>ab</strong></span> <span class='ocrx_word' id='word_1_571' title='bbox 3064 3710 3440 3765; x_wconf 63' lang='lat' dir='ltr'><strong>haereticorum</strong></span> <span class='ocrx_word' id='word_1_572' title='bbox 3486 3710 3783 3765; x_wconf 88' lang='lat' dir='ltr'><strong>fraudibus</strong></span> 
     </span>
    </p>
   </div>
   <div class='ocr_carea' id='block_1_81' title="bbox 2200 3800 3782 3876">
    <p class='ocr_par' dir='ltr' id='par_1_81' title="bbox 2200 3800 3782 3876">
     <span class='ocr_line' id='line_1_81' title="bbox 2200 3800 3782 3876; baseline -0.005 -12"><span class='ocrx_word' id='word_1_573' title='bbox 2200 3808 2568 3873; x_wconf 84' lang='lat' dir='ltr'><strong>vindicanda;</strong></span> <span class='ocrx_word' id='word_1_574' title='bbox 2593 3806 2717 3876; x_wconf 91' lang='lat' dir='ltr'><strong>quis</strong></span> <span class='ocrx_word' id='word_1_575' title='bbox 2757 3805 2977 3859; x_wconf 90' lang='lat' dir='ltr'><strong>demum</strong></span> <span class='ocrx_word' id='word_1_576' title='bbox 3007 3818 3165 3873; x_wconf 67' lang='lat' dir='ltr'><strong>aequo</strong></span> <span class='ocrx_word' id='word_1_577' title='bbox 3197 3803 3383 3856; x_wconf 90' lang='lat' dir='ltr'><strong>animo</strong></span> <span class='ocrx_word' id='word_1_578' title='bbox 3412 3800 3550 3856; x_wconf 88' lang='lat' dir='ltr'><strong>ferat</strong></span> <span class='ocrx_word' id='word_1_579' title='bbox 3575 3815 3641 3856; x_wconf 86' lang='lat' dir='ltr'><strong>eo</strong></span> <span class='ocrx_word' id='word_1_580' title='bbox 3681 3817 3782 3856; x_wconf 84' lang='lat' dir='ltr'><strong>us-</strong></span> 
     </span>
    </p>
   </div>
   <div class='ocr_carea' id='block_1_82' title="bbox 2201 3894 3779 3974">
    <p class='ocr_par' dir='ltr' id='par_1_82' title="bbox 2201 3894 3779 3974">
     <span class='ocr_line' id='line_1_82' title="bbox 2201 3894 3779 3974; baseline -0.006 -18"><span class='ocrx_word' id='word_1_581' title='bbox 2201 3918 2306 3974; x_wconf 91' lang='lat' dir='ltr'><strong>que</strong></span> <span class='ocrx_word' id='word_1_582' title='bbox 2349 3900 2682 3971; x_wconf 88' lang='lat' dir='ltr'><strong>processisse</strong></span> <span class='ocrx_word' id='word_1_583' title='bbox 2722 3898 2901 3952; x_wconf 87' lang='lat' dir='ltr'><strong>virum</strong></span> <span class='ocrx_word' id='word_1_584' title='bbox 2952 3896 3228 3959; x_wconf 85' lang='lat' dir='ltr'><strong>criticum,</strong></span> <span class='ocrx_word' id='word_1_585' title='bbox 3269 3904 3327 3949; x_wconf 92' lang='lat' dir='ltr'><strong>ut</strong></span> <span class='ocrx_word' id='word_1_586' title='bbox 3372 3894 3613 3950; x_wconf 89' lang='lat' dir='ltr'><strong>scribere</strong></span> <span class='ocrx_word' id='word_1_587' title='bbox 3660 3909 3779 3948; x_wconf 89' lang='lat' dir='ltr'><strong>non</strong></span> 
     </span>
    </p>
   </div>
   <div class='ocr_carea' id='block_1_83' title="bbox 2200 3985 3783 4063">
    <p class='ocr_par' dir='ltr' id='par_1_83' title="bbox 2200 3985 3783 4063">
     <span class='ocr_line' id='line_1_83' title="bbox 2200 3985 3783 4063; baseline -0.006 -13"><span class='ocrx_word' id='word_1_588' title='bbox 2200 3993 2463 4050; x_wconf 86' lang='lat' dir='ltr'><strong>dubitarit</strong></span> <span class='ocrx_word' id='word_1_589' title='bbox 2498 3992 2635 4063; x_wconf 75' lang='lat'><strong>(23),</strong></span> <span class='ocrx_word' id='word_1_590' title='bbox 2664 4006 2781 4061; x_wconf 79' lang='lat' dir='ltr'><strong>qua:</strong></span> <span class='ocrx_word' id='word_1_591' title='bbox 2814 3990 2882 4044; x_wconf 91' lang='lat' dir='ltr'><strong>ab</strong></span> <span class='ocrx_word' id='word_1_592' title='bbox 2922 3988 3232 4059; x_wconf 89' lang='lat' dir='ltr'><strong>Apollonio,</strong></span> <span class='ocrx_word' id='word_1_593' title='bbox 3262 3987 3496 4053; x_wconf 81' lang='lat' dir='ltr'><strong>Asterie,</strong></span> <span class='ocrx_word' id='word_1_594' title='bbox 3534 3985 3783 4041; x_wconf 78' lang='lat' dir='ltr'><strong>Miltiade</strong></span> 
     </span>
    </p>
   </div>
   <div class='ocr_carea' id='block_1_84' title="bbox 2202 4077 3784 4155">
    <p class='ocr_par' dir='ltr' id='par_1_84' title="bbox 2202 4077 3784 4155">
     <span class='ocr_line' id='line_1_84' title="bbox 2202 4077 3784 4155; baseline -0.006 -14"><span class='ocrx_word' id='word_1_595' title='bbox 2202 4086 2433 4155; x_wconf 88' lang='lat' dir='ltr'><strong>aliisque</strong></span> <span class='ocrx_word' id='word_1_596' title='bbox 2468 4084 2614 4139; x_wconf 88' lang='lat' dir='ltr'><strong>illius</strong></span> <span class='ocrx_word' id='word_1_597' title='bbox 2647 4082 2747 4138; x_wconf 75' lang='lat' dir='ltr'><strong>tevi</strong></span> <span class='ocrx_word' id='word_1_598' title='bbox 2792 4080 3245 4137; x_wconf 79' lang='lat' dir='ltr'><strong>Montanistarum</strong></span> <span class='ocrx_word' id='word_1_599' title='bbox 3285 4077 3784 4148; x_wconf 80' lang='lat' dir='ltr'><strong>oppugnatoribus.</strong></span> 
     </span>
    </p>
   </div>
   <div class='ocr_carea' id='block_1_85' title="bbox 2203 4170 3785 4243">
    <p class='ocr_par' dir='ltr' id='par_1_85' title="bbox 2203 4170 3785 4243">
     <span class='ocr_line' id='line_1_85' title="bbox 2203 4170 3785 4243; baseline -0.006 -10"><span class='ocrx_word' id='word_1_600' title='bbox 2203 4179 2380 4233; x_wconf 87' lang='lat' dir='ltr'><strong>retulit</strong></span> <span class='ocrx_word' id='word_1_601' title='bbox 2406 4177 2703 4240; x_wconf 87' lang='lat' dir='ltr'><strong>Eusebius,</strong></span> <span class='ocrx_word' id='word_1_602' title='bbox 2735 4174 2866 4229; x_wconf 84' lang='lat' dir='ltr'><strong>adeo</strong></span> <span class='ocrx_word' id='word_1_603' title='bbox 2908 4190 3019 4228; x_wconf 85' lang='lat' dir='ltr'><strong>esse</strong></span> <span class='ocrx_word' id='word_1_604' title='bbox 3056 4172 3211 4243; x_wconf 87' lang='lat' dir='ltr'><strong>plena</strong></span> <span class='ocrx_word' id='word_1_605' title='bbox 3255 4170 3652 4225; x_wconf 76' lang='lat' dir='ltr'><strong>declamatoriie</strong></span> <span class='ocrx_word' id='word_1_606' title='bbox 3688 4187 3785 4224; x_wconf 74' lang='lat' dir='ltr'><strong>va-</strong></span> 
     </span>
    </p>
   </div>
   <div class='ocr_carea' id='block_1_86' title="bbox 2204 4263 3784 4337">
    <p class='ocr_par' dir='ltr' id='par_1_86' title="bbox 2204 4263 3784 4337">
     <span class='ocr_line' id='line_1_86' title="bbox 2204 4263 3784 4337; baseline -0.006 -14"><span class='ocrx_word' id='word_1_607' title='bbox 2204 4269 2410 4327; x_wconf 84' lang='lat' dir='ltr'><strong>nitatis.</strong></span> <span class='ocrx_word' id='word_1_608' title='bbox 2440 4278 2498 4321; x_wconf 87' lang='lat' dir='ltr'><strong>ut</strong></span> <span class='ocrx_word' id='word_1_609' title='bbox 2529 4283 2588 4322; x_wconf 83' lang='lat' dir='ltr'><strong>eo</strong></span> <span class='ocrx_word' id='word_1_610' title='bbox 2621 4268 2824 4337; x_wconf 79' lang='lat' dir='ltr'><strong>faciant</strong></span> <span class='ocrx_word' id='word_1_611' title='bbox 2872 4266 2996 4336; x_wconf 83' lang='lat' dir='ltr'><strong>ﬁdei</strong></span> <span class='ocrx_word' id='word_1_612' title='bbox 3046 4266 3221 4318; x_wconf 81' lang='lat' dir='ltr'><strong>minus</strong></span> <span class='ocrx_word' id='word_1_613' title='bbox 3241 4305 3256 4329; x_wconf 90' lang='lat'><strong>,</strong></span> <span class='ocrx_word' id='word_1_614' title='bbox 3287 4280 3388 4333; x_wconf 88' lang='lat' dir='ltr'><strong>quo</strong></span> <span class='ocrx_word' id='word_1_615' title='bbox 3432 4264 3599 4333; x_wconf 88' lang='lat' dir='ltr'><strong>magis</strong></span> <span class='ocrx_word' id='word_1_616' title='bbox 3631 4263 3784 4332; x_wconf 67' lang='lat' dir='ltr'><strong>aﬂir-</strong></span> 
     </span>
    </p>
   </div>
   <div class='ocr_carea' id='block_1_87' title="bbox 2205 4357 3787 4429">
    <p class='ocr_par' dir='ltr' id='par_1_87' title="bbox 2205 4357 3787 4429">
     <span class='ocr_line' id='line_1_87' title="bbox 2205 4357 3787 4429; baseline -0.005 -14"><span class='ocrx_word' id='word_1_617' title='bbox 2205 4363 2392 4421; x_wconf 74' lang='lat' dir='ltr'><strong>merit?</strong></span> <span class='ocrx_word' id='word_1_618' title='bbox 2425 4364 2573 4415; x_wconf 83' lang='lat' dir='ltr'><strong>Itane</strong></span> <span class='ocrx_word' id='word_1_619' title='bbox 2605 4359 2773 4414; x_wconf 76' lang='lat' dir='ltr'><strong>vero?</strong></span> <span class='ocrx_word' id='word_1_620' title='bbox 2798 4358 2873 4413; x_wconf 86' lang='lat' dir='ltr'><strong>Ita</strong></span> <span class='ocrx_word' id='word_1_621' title='bbox 2900 4358 3121 4429; x_wconf 85' lang='lat' dir='ltr'><strong>quidem</strong></span> <span class='ocrx_word' id='word_1_622' title='bbox 3151 4358 3251 4411; x_wconf 85' lang='lat' dir='ltr'><strong>vir&#39;</strong></span> <span class='ocrx_word' id='word_1_623' title='bbox 3278 4357 3368 4410; x_wconf 90' lang='lat' dir='ltr'><strong>ille</strong></span> <span class='ocrx_word' id='word_1_624' title='bbox 3402 4365 3626 4420; x_wconf 85' lang='lat' dir='ltr'><strong>censet;</strong></span> <span class='ocrx_word' id='word_1_625' title='bbox 3667 4369 3787 4423; x_wconf 91' lang='lat' dir='ltr'><strong>quo</strong></span> 
     </span>
    </p>
   </div>
   <div class='ocr_carea' id='block_1_88' title="bbox 2208 4447 3789 4519">
    <p class='ocr_par' dir='ltr' id='par_1_88' title="bbox 2208 4447 3789 4519">
     <span class='ocr_line' id='line_1_88' title="bbox 2208 4447 3789 4519; baseline -0.006 -10"><span class='ocrx_word' id='word_1_626' title='bbox 2208 4454 2467 4509; x_wconf 86' lang='lat' dir='ltr'><strong>nimirum</strong></span> <span class='ocrx_word' id='word_1_627' title='bbox 2501 4451 2820 4505; x_wconf 80' lang='lat' dir='ltr'><strong>Montanum</strong></span> <span class='ocrx_word' id='word_1_628' title='bbox 2852 4450 2966 4504; x_wconf 81' lang='lat' dir='ltr'><strong>sive</strong></span> <span class='ocrx_word' id='word_1_629' title='bbox 2994 4458 3189 4519; x_wconf 80' lang='lat' dir='ltr'><strong>purget</strong></span> <span class='ocrx_word' id='word_1_630' title='bbox 3214 4449 3329 4503; x_wconf 81' lang='lat' dir='ltr'><strong>sive</strong></span> <span class='ocrx_word' id='word_1_631' title='bbox 3358 4447 3556 4511; x_wconf 87' lang='lat' dir='ltr'><strong>laudet,</strong></span> <span class='ocrx_word' id='word_1_632' title='bbox 3587 4462 3789 4503; x_wconf 87' lang='lat' dir='ltr'><strong>suum-</strong></span> 
     </span>
    </p>
   </div>
   <div class='ocr_carea' id='block_1_89' title="bbox 522 4528 2094 4617">
    <p class='ocr_par' dir='ltr' id='par_1_89' title="bbox 522 4532 2094 4617">
     <span class='ocr_line' id='line_1_89' title="bbox 522 4532 2094 4617; baseline -0.008 -18"><span class='ocrx_word' id='word_1_633' title='bbox 522 4544 745 4617; x_wconf 90' lang='lat' dir='ltr'><strong>quienio</strong></span> <span class='ocrx_word' id='word_1_634' title='bbox 774 4542 885 4612; x_wconf 87' lang='lat'><strong>(18)</strong></span> <span class='ocrx_word' id='word_1_635' title='bbox 914 4540 979 4594; x_wconf 82' lang='lat' dir='ltr'><strong>V.</strong></span> <span class='ocrx_word' id='word_1_636' title='bbox 1012 4540 1076 4596; x_wconf 91' lang='lat' dir='ltr'><strong>C.</strong></span> <span class='ocrx_word' id='word_1_637' title='bbox 1118 4555 1286 4595; x_wconf 93' lang='lat' dir='ltr'><strong>unum</strong></span> <span class='ocrx_word' id='word_1_638' title='bbox 1318 4537 1683 4606; x_wconf 89' lang='lat' dir='ltr'><strong>eumdemque</strong></span> <span class='ocrx_word' id='word_1_639' title='bbox 1735 4534 1905 4589; x_wconf 87' lang='lat' dir='ltr'><strong>fuisse</strong></span> <span class='ocrx_word' id='word_1_640' title='bbox 1945 4532 2094 4587; x_wconf 80' lang='lat' dir='ltr'><strong>Zeti—</strong></span> 
     </span>
    </p>
   </div>
   <div class='ocr_carea' id='block_1_90' title="bbox 2201 4528 3781 4617">
    <p class='ocr_par' dir='ltr' id='par_1_90' title="bbox 2202 4538 3781 4617">
     <span class='ocr_line' id='line_1_90' title="bbox 2202 4538 3781 4617; baseline -0.004 -18"><span class='ocrx_word' id='word_1_641' title='bbox 2202 4561 2308 4617; x_wconf 86' lang='lat' dir='ltr'><strong>que</strong></span> <span class='ocrx_word' id='word_1_642' title='bbox 2350 4545 2579 4615; x_wconf 88' lang='lat' dir='ltr'><strong>proinde</strong></span> <span class='ocrx_word' id='word_1_643' title='bbox 2615 4542 3010 4599; x_wconf 88' lang='lat' dir='ltr'><strong>Tertullianum</strong></span> <span class='ocrx_word' id='word_1_644' title='bbox 3057 4542 3126 4595; x_wconf 89' lang='lat' dir='ltr'><strong>ab</strong></span> <span class='ocrx_word' id='word_1_645' title='bbox 3168 4539 3421 4595; x_wconf 75' lang='lat' dir='ltr'><strong>Ecclesia:</strong></span> <span class='ocrx_word' id='word_1_646' title='bbox 3451 4538 3659 4594; x_wconf 82' lang='lat' dir='ltr'><strong>unitate</strong></span> <span class='ocrx_word' id='word_1_647' title='bbox 3689 4553 3781 4593; x_wconf 76' lang='lat' dir='ltr'><strong>se-</strong></span> 
     </span>
    </p>
   </div>
   <div class='ocr_carea' id='block_1_91' title="bbox 522 4627 3236 4706">
    <p class='ocr_par' dir='ltr' id='par_1_91' title="bbox 522 4627 3236 4706">
     <span class='ocr_line' id='line_1_91' title="bbox 522 4627 3236 4706; baseline -0.007 -13"><span class='ocrx_word' id='word_1_648' title='bbox 522 4654 648 4694; x_wconf 90' lang='lat' dir='ltr'><strong>cum</strong></span> <span class='ocrx_word' id='word_1_649' title='bbox 700 4635 961 4691; x_wconf 86' lang='lat' dir='ltr'><strong>Otrenum</strong></span> <span class='ocrx_word' id='word_1_650' title='bbox 1009 4646 1063 4689; x_wconf 89' lang='lat' dir='ltr'><strong>et</strong></span> <span class='ocrx_word' id='word_1_651' title='bbox 1110 4632 1548 4697; x_wconf 89' lang='lat' dir='ltr'><strong>Comanenscm,</strong></span> <span class='ocrx_word' id='word_1_652' title='bbox 1595 4644 1835 4700; x_wconf 83' lang='lat' dir='ltr'><strong>quorum</strong></span> <span class='ocrx_word' id='word_1_653' title='bbox 1883 4627 2098 4682; x_wconf 87' lang='lat' dir='ltr'><strong>divisim</strong></span> <span class='ocrx_word' id='word_1_654' title='bbox 2195 4638 2451 4706; x_wconf 48' lang='lat' dir='ltr'><strong>junctum</strong></span> <span class='ocrx_word' id='word_1_655' title='bbox 2480 4650 2543 4690; x_wconf 73' lang='lat' dir='ltr'><strong>ac</strong></span> <span class='ocrx_word' id='word_1_656' title='bbox 2565 4633 2910 4689; x_wconf 64' lang='grc' dir='ltr'><strong>Μοηιεηίειίε</strong></span> <span class='ocrx_word' id='word_1_657' title='bbox 2936 4630 3236 4686; x_wconf 52' lang='lat' dir='ltr'><strong>addictum,</strong></span> 
     </span>
    </p>
   </div>
   <div class='ocr_carea' id='block_1_92' title="bbox 522 4718 2100 4785">
    <p class='ocr_par' dir='ltr' id='par_1_92' title="bbox 522 4718 2100 4785">
     <span class='ocr_line' id='line_1_92' title="bbox 522 4718 2100 4785; baseline -0.008 0"><span class='ocrx_word' id='word_1_658' title='bbox 522 4729 775 4785; x_wconf 86' lang='lat' dir='ltr'><strong>meminit</strong></span> <span class='ocrx_word' id='word_1_659' title='bbox 816 4737 1007 4782; x_wconf 88' lang='lat' dir='ltr'><strong>auctor</strong></span> <span class='ocrx_word' id='word_1_660' title='bbox 1044 4741 1060 4783; x_wconf 83' lang='lat'><strong>;</strong></span> <span class='ocrx_word' id='word_1_661' title='bbox 1092 4740 1219 4779; x_wconf 90' lang='lat' dir='ltr'><strong>cum</strong></span> <span class='ocrx_word' id='word_1_662' title='bbox 1268 4723 1634 4778; x_wconf 90' lang='lat' dir='ltr'><strong>inconsonum</strong></span> <span class='ocrx_word' id='word_1_663' title='bbox 1686 4722 1953 4785; x_wconf 78' lang='lat' dir='ltr'><strong>videatur,</strong></span> <span class='ocrx_word' id='word_1_664' title='bbox 2007 4718 2100 4772; x_wconf 86' lang='lat' dir='ltr'><strong>uni</strong></span> 
     </span>
    </p>
   </div>
   <div class='ocr_carea' id='block_1_93' title="bbox 601 4875 1459 4951">
    <p class='ocr_par' dir='ltr' id='par_1_93' title="bbox 601 4875 1459 4951">
     <span class='ocr_line' id='line_1_93' title="bbox 601 4875 1459 4951; baseline -0.007 -16"><span class='ocrx_word' id='word_1_665' title='bbox 601 4881 715 4951; x_wconf 86' lang='grc'>(12)</span> <span class='ocrx_word' id='word_1_666' title='bbox 743 4881 983 4944; x_wconf 89' lang='lat' dir='ltr'><strong>Tillem.,</strong></span> <span class='ocrx_word' id='word_1_667' title='bbox 1012 4879 1052 4951; x_wconf 80' lang='lat' dir='ltr'><strong>l.</strong></span> <span class='ocrx_word' id='word_1_668' title='bbox 1081 4893 1155 4951; x_wconf 74' lang='lat' dir='ltr'><strong>c.,</strong></span> <span class='ocrx_word' id='word_1_669' title='bbox 1178 4893 1303 4951; x_wconf 73' lang='lat' dir='ltr'><strong>pag.</strong></span> <span class='ocrx_word' id='word_1_670' title='bbox 1334 4875 1459 4931; x_wconf 85' lang='grc'>671.</span> 
     </span>
    </p>
   </div>
   <div class='ocr_carea' id='block_1_94' title="bbox 595 4942 2005 5021">
    <p class='ocr_par' dir='ltr' id='par_1_94' title="bbox 595 4942 2005 5021">
     <span class='ocr_line' id='line_1_94' title="bbox 595 4942 2005 5021; baseline -0.007 -15"><span class='ocrx_word' id='word_1_671' title='bbox 595 4942 708 5021; x_wconf 72' lang='grc'>(15)</span> <span class='ocrx_word' id='word_1_672' title='bbox 736 4942 1195 5021; x_wconf 39' lang='grc' dir='ltr'><strong>Ροιιιέης-τίηάὶεζ</strong></span> <span class='ocrx_word' id='word_1_673' title='bbox 1229 4942 1436 5021; x_wconf 52' lang='grc' dir='ltr'><strong>Ιξιηαιε,</strong></span> <span class='ocrx_word' id='word_1_674' title='bbox 1468 4954 1842 5021; x_wconf 60' lang='lat' dir='ltr'><strong>pa_rt._n,pag.</strong></span> <span class='ocrx_word' id='word_1_675' title='bbox 1881 4942 2005 4996; x_wconf 73' lang='grc'>164.</span> 
     </span>
    </p>
   </div>
   <div class='ocr_carea' id='block_1_95' title="bbox 595 5015 1731 5089">
    <p class='ocr_par' dir='ltr' id='par_1_95' title="bbox 595 5015 1731 5089">
     <span class='ocr_line' id='line_1_95' title="bbox 595 5015 1731 5089; baseline -0.005 -15"><span class='ocrx_word' id='word_1_676' title='bbox 595 5015 710 5089; x_wconf 66' lang='grc'>(11)</span> <span class='ocrx_word' id='word_1_677' title='bbox 744 5023 921 5076; x_wconf 88' lang='lat' dir='ltr'><strong>Aster.</strong></span> <span class='ocrx_word' id='word_1_678' title='bbox 949 5015 1439 5089; x_wconf 15' lang='lat' dir='ltr'><strong>Urb.,#Frag&#39;m.i1,</strong></span> <span class='ocrx_word' id='word_1_679' title='bbox 1465 5015 1731 5089; x_wconf 27' lang='lat' dir='ltr'><strong>colatis.</strong></span> 
     </span>
    </p>
   </div>
   <div class='ocr_carea' id='block_1_96' title="bbox 593 5086 1704 5163">
    <p class='ocr_par' dir='ltr' id='par_1_96' title="bbox 593 5086 1704 5163">
     <span class='ocr_line' id='line_1_96' title="bbox 593 5086 1704 5163; baseline -0.005 -19"><span class='ocrx_word' id='word_1_680' title='bbox 593 5086 708 5163; x_wconf 63' lang='grc' dir='ltr'>(ιδ)</span> <span class='ocrx_word' id='word_1_681' title='bbox 738 5092 819 5163; x_wconf 75' lang='lat' dir='ltr'><strong>td.</strong></span> <span class='ocrx_word' id='word_1_682' title='bbox 848 5091 1007 5155; x_wconf 87' lang='lat' dir='ltr'><strong>ibid.,</strong></span> <span class='ocrx_word' id='word_1_683' title='bbox 1030 5100 1083 5163; x_wconf 79' lang='lat' dir='ltr'><strong>et</strong></span> <span class='ocrx_word' id='word_1_684' title='bbox 1108 5086 1327 5163; x_wconf 60' lang='grc' dir='ltr'>ξηιεξη.</span> <span class='ocrx_word' id='word_1_685' title='bbox 1350 5088 1414 5163; x_wconf 24' lang='grc' dir='ltr'><strong>Α..</strong></span> <span class='ocrx_word' id='word_1_686' title='bbox 1443 5086 1548 5141; x_wconf 92' lang='lat' dir='ltr'><strong>col.</strong></span> <span class='ocrx_word' id='word_1_687' title='bbox 1581 5086 1704 5163; x_wconf 64' lang='lat' dir='ltr'><strong>tsi.</strong></span> 
     </span>
    </p>
   </div>
   <div class='ocr_carea' id='block_1_97' title="bbox 622 5154 2094 5232">
    <p class='ocr_par' dir='ltr' id='par_1_97' title="bbox 622 5154 2094 5232">
     <span class='ocr_line' id='line_1_97' title="bbox 622 5154 2094 5232; baseline -0.005 -16"><span class='ocrx_word' id='word_1_688' title='bbox 622 5154 712 5232; x_wconf 85' lang='lat'><strong>16)</strong></span> <span class='ocrx_word' id='word_1_689' title='bbox 742 5161 909 5226; x_wconf 92' lang='lat' dir='ltr'><strong>lren.,</strong></span> <span class='ocrx_word' id='word_1_690' title='bbox 941 5161 1085 5232; x_wconf 70' lang='lat' dir='ltr'><strong>apud</strong></span> <span class='ocrx_word' id='word_1_691' title='bbox 1112 5154 1314 5232; x_wconf 70' lang='lat' dir='ltr'><strong>Euseb.</strong></span> <span class='ocrx_word' id='word_1_692' title='bbox 1340 5156 1485 5232; x_wconf 52' lang='lat' dir='ltr'><strong>Hist.</strong></span> <span class='ocrx_word' id='word_1_693' title='bbox 1504 5156 1654 5232; x_wconf 68' lang='lat' dir='ltr'><strong>eccl.,</strong></span> <span class='ocrx_word' id='word_1_694' title='bbox 1675 5155 1769 5209; x_wconf 92' lang='lat' dir='ltr'><strong>lib.</strong></span> <span class='ocrx_word' id='word_1_695' title='bbox 1788 5171 1840 5222; x_wconf 82' lang='grc' dir='ltr'>ν,</span> <span class='ocrx_word' id='word_1_696' title='bbox 1858 5169 1977 5226; x_wconf 88' lang='lat' dir='ltr'><strong>cap.</strong></span> 
     </span>
    </p>
   </div>
   <div class='ocr_carea' id='block_1_98' title="bbox 595 5165 2097 5358">
    <p class='ocr_par' dir='ltr' id='par_1_98' title="bbox 595 5165 2097 5358">
     <span class='ocr_line' id='line_1_98' title="bbox 622 5165 2094 5232; baseline -0.006 -16"><span class='ocrx_word' id='word_1_697' title='bbox 622 5165 712 5232; x_wconf 87' lang='lat'><strong>16)</strong></span> <span class='ocrx_word' id='word_1_698' title='bbox 742 5165 909 5226; x_wconf 92' lang='lat' dir='ltr'><strong>lren.,</strong></span> <span class='ocrx_word' id='word_1_699' title='bbox 941 5165 1085 5230; x_wconf 89' lang='lat' dir='ltr'><strong>apud</strong></span> <span class='ocrx_word' id='word_1_700' title='bbox 1112 5165 1314 5213; x_wconf 71' lang='lat' dir='ltr'><strong>Euseb.</strong></span> <span class='ocrx_word' id='word_1_701' title='bbox 1340 5165 1485 5212; x_wconf 76' lang='lat' dir='ltr'><strong>Hist.</strong></span> <span class='ocrx_word' id='word_1_702' title='bbox 1504 5165 1654 5219; x_wconf 89' lang='lat' dir='ltr'><strong>eccl.,</strong></span> <span class='ocrx_word' id='word_1_703' title='bbox 1675 5165 1769 5209; x_wconf 70' lang='grc' dir='ltr'>ιιι).</span> <span class='ocrx_word' id='word_1_704' title='bbox 1788 5171 1840 5222; x_wconf 82' lang='grc' dir='ltr'>ν,</span> <span class='ocrx_word' id='word_1_705' title='bbox 1858 5169 1977 5226; x_wconf 87' lang='lat' dir='ltr'><strong>cap.</strong></span> <span class='ocrx_word' id='word_1_706' title='bbox 2003 5165 2094 5209; x_wconf 64' lang='lat' dir='ltr'><strong>2s.</strong></span> 
     </span>
     <span class='ocr_line' id='line_1_99' title="bbox 595 5165 2097 5358; baseline -0.004 -73"><span class='ocrx_word' id='word_1_707' title='bbox 595 5165 969 5358; x_wconf 45' lang='lat' dir='ltr'><strong>il&#39;igggvicer&quot;</strong></span> <span class='ocrx_word' id='word_1_708' title='bbox 1006 5228 1157 5285; x_wconf 79' lang='lat' dir='ltr'><strong>Thes.</strong></span> <span class='ocrx_word' id='word_1_709' title='bbox 1186 5227 1339 5298; x_wconf 83' lang='lat' dir='ltr'><strong>eccl.,</strong></span> <span class='ocrx_word' id='word_1_710' title='bbox 1364 5244 1416 5283; x_wconf 79' lang='grc' dir='ltr'><strong>ν.</strong></span> <span class='ocrx_word' id='word_1_711' title='bbox 1435 5226 1832 5300; x_wconf 77' lang='grc' dir='ltr'>Πρεσϐύτερος,</span> <span class='ocrx_word' id='word_1_712' title='bbox 1862 5235 1993 5282; x_wconf 87' lang='lat' dir='ltr'><strong>tom.</strong></span> <span class='ocrx_word' id='word_1_713' title='bbox 2028 5224 2097 5290; x_wconf 89' lang='lat' dir='ltr'><strong>Il,</strong></span> 
     </span>
    </p>
   </div>
   <div class='ocr_carea' id='block_1_99' title="bbox 521 5303 796 5373">
    <p class='ocr_par' dir='ltr' id='par_1_99' title="bbox 521 5303 796 5373">
     <span class='ocr_line' id='line_1_100' title="bbox 521 5303 796 5373; baseline 0.004 -16"><span class='ocrx_word' id='word_1_714' title='bbox 521 5316 647 5373; x_wconf 81' lang='lat' dir='ltr'><strong>pag.</strong></span> <span class='ocrx_word' id='word_1_715' title='bbox 671 5303 796 5358; x_wconf 68' lang='grc'>826.</span> 
     </span>
    </p>
   </div>
   <div class='ocr_carea' id='block_1_100' title="bbox 2198 4868 3795 5001">
    <p class='ocr_par' dir='ltr' id='par_1_100' title="bbox 2198 4868 3795 5001">
     <span class='ocr_line' id='line_1_101' title="bbox 2198 4868 3795 5001; baseline -0.002 -73"><span class='ocrx_word' id='word_1_716' title='bbox 2198 4874 2383 5001; x_wconf 58' lang='grc' dir='ltr'><strong>ει(118)</strong></span> <span class='ocrx_word' id='word_1_717' title='bbox 2416 4874 2700 4944; x_wconf 84' lang='lat' dir='ltr'><strong>Lequien.,</strong></span> <span class='ocrx_word' id='word_1_718' title='bbox 2733 4874 2919 4929; x_wconf 89' lang='lat' dir='ltr'><strong>Oriens</strong></span> <span class='ocrx_word' id='word_1_719' title='bbox 2944 4873 3173 4936; x_wconf 85' lang='lat' dir='ltr'><strong>Christ.,</strong></span> <span class='ocrx_word' id='word_1_720' title='bbox 3202 4879 3334 4925; x_wconf 88' lang='lat' dir='ltr'><strong>tom.</strong></span> <span class='ocrx_word' id='word_1_721' title='bbox 3361 4868 3425 4935; x_wconf 87' lang='lat' dir='ltr'><strong>ll,</strong></span> <span class='ocrx_word' id='word_1_722' title='bbox 3460 4885 3622 4942; x_wconf 86' lang='lat' dir='ltr'><strong>pagg.</strong></span> <span class='ocrx_word' id='word_1_723' title='bbox 3650 4868 3795 4938; x_wconf 68' lang='grc'><strong>647,</strong></span> 
     </span>
    </p>
   </div>
   <div class='ocr_carea' id='block_1_101' title="bbox 2278 5010 3423 5083">
    <p class='ocr_par' dir='ltr' id='par_1_101' title="bbox 2278 5010 3423 5083">
     <span class='ocr_line' id='line_1_102' title="bbox 2278 5010 3423 5083; baseline -0.002 -15"><span class='ocrx_word' id='word_1_724' title='bbox 2278 5016 2390 5083; x_wconf 86' lang='grc'>(19)</span> <span class='ocrx_word' id='word_1_725' title='bbox 2418 5014 2622 5077; x_wconf 87' lang='lat' dir='ltr'><strong>Aster.,</strong></span> <span class='ocrx_word' id='word_1_726' title='bbox 2648 5012 2868 5083; x_wconf 82' lang='lat' dir='ltr'><strong>Fragm.</strong></span> <span class='ocrx_word' id='word_1_727' title='bbox 2896 5012 2949 5077; x_wconf 83' lang='lat'><strong>5,</strong></span> <span class='ocrx_word' id='word_1_728' title='bbox 2983 5010 3135 5083; x_wconf 88' lang='lat' dir='ltr'><strong>infr.,</strong></span> <span class='ocrx_word' id='word_1_729' title='bbox 3164 5011 3320 5083; x_wconf 23' lang='lat' dir='ltr'><strong>c0131</strong></span> <span class='ocrx_word' id='word_1_730' title='bbox 3336 5011 3423 5066; x_wconf 83' lang='lat'><strong>51.</strong></span> 
     </span>
    </p>
   </div>
   <div class='ocr_carea' id='block_1_102' title="bbox 2281 5082 3374 5155">
    <p class='ocr_par' dir='ltr' id='par_1_102' title="bbox 2281 5082 3374 5155">
     <span class='ocr_line' id='line_1_103' title="bbox 2281 5082 3374 5155; baseline -0.003 -18"><span class='ocrx_word' id='word_1_731' title='bbox 2281 5082 2393 5155; x_wconf 76' lang='lat' dir='ltr'><strong>(se)</strong></span> <span class='ocrx_word' id='word_1_732' title='bbox 2420 5086 2535 5155; x_wconf 53' lang='lat' dir='ltr'><strong>te,</strong></span> <span class='ocrx_word' id='word_1_733' title='bbox 2557 5082 2773 5155; x_wconf 78' lang='lat' dir='ltr'><strong>Fragm.</strong></span> <span class='ocrx_word' id='word_1_734' title='bbox 2801 5085 2890 5149; x_wconf 87' lang='lat'><strong>10,</strong></span> <span class='ocrx_word' id='word_1_735' title='bbox 2923 5082 3085 5155; x_wconf 84' lang='lat' dir='ltr'><strong>infr.,_</strong></span> <span class='ocrx_word' id='word_1_736' title='bbox 3098 5083 3213 5155; x_wconf 77' lang='lat' dir='ltr'><strong>col.</strong></span> <span class='ocrx_word' id='word_1_737' title='bbox 3250 5082 3374 5155; x_wconf 65' lang='lat'><strong>155.</strong></span> 
     </span>
    </p>
   </div>
   <div class='ocr_carea' id='block_1_103' title="bbox 2277 5151 3446 5225">
    <p class='ocr_par' dir='ltr' id='par_1_103' title="bbox 2277 5151 3446 5225">
     <span class='ocr_line' id='line_1_104' title="bbox 2277 5151 3446 5225; baseline -0.003 -17"><span class='ocrx_word' id='word_1_738' title='bbox 2277 5151 2387 5225; x_wconf 83' lang='grc'>(21)</span> <span class='ocrx_word' id='word_1_739' title='bbox 2416 5151 2876 5225; x_wconf 46' lang='lat' dir='ltr'><strong>Tillem.,—Mem”</strong></span> <span class='ocrx_word' id='word_1_740' title='bbox 2912 5164 3042 5225; x_wconf 77' lang='lat' dir='ltr'><strong>tom.</strong></span> <span class='ocrx_word' id='word_1_741' title='bbox 3071 5152 3137 5218; x_wconf 89' lang='lat' dir='ltr'><strong>ll,</strong></span> <span class='ocrx_word' id='word_1_742' title='bbox 3174 5168 3299 5225; x_wconf 63' lang='lat' dir='ltr'><strong>pag.</strong></span> <span class='ocrx_word' id='word_1_743' title='bbox 3322 5151 3446 5225; x_wconf 76' lang='grc'>441.</span> 
     </span>
    </p>
   </div>
   <div class='ocr_carea' id='block_1_104' title="bbox 2278 5221 3467 5297">
    <p class='ocr_par' dir='ltr' id='par_1_104' title="bbox 2278 5221 3467 5297">
     <span class='ocr_line' id='line_1_105' title="bbox 2278 5221 3467 5297; baseline 0.001 -19"><span class='ocrx_word' id='word_1_744' title='bbox 2278 5221 2389 5297; x_wconf 80' lang='grc'>(22)</span> <span class='ocrx_word' id='word_1_745' title='bbox 2420 5224 2735 5297; x_wconf 71' lang='lat' dir='ltr'><strong>llerodian.,</strong></span> <span class='ocrx_word' id='word_1_746' title='bbox 2760 5222 3083 5297; x_wconf 76' lang='lat' dir='ltr'><strong>Histor._li_b.</strong></span> <span class='ocrx_word' id='word_1_747' title='bbox 3120 5221 3323 5297; x_wconf 80' lang='lat' dir='ltr'><strong>vr,__sub</strong></span> <span class='ocrx_word' id='word_1_748' title='bbox 3347 5221 3467 5279; x_wconf 69' lang='lat' dir='ltr'><strong>luit.</strong></span> 
     </span>
    </p>
   </div>
   <div class='ocr_carea' id='block_1_105' title="bbox 2282 5291 3250 5367">
    <p class='ocr_par' dir='ltr' id='par_1_105' title="bbox 2282 5291 3250 5367">
     <span class='ocr_line' id='line_1_106' title="bbox 2282 5291 3250 5367; baseline -0.004 -18"><span class='ocrx_word' id='word_1_749' title='bbox 2282 5291 2395 5367; x_wconf 74' lang='grc'>(25)</span> <span class='ocrx_word' id='word_1_750' title='bbox 2432 5295 2655 5367; x_wconf 73' lang='lat' dir='ltr'><strong>lligalt.,</strong></span> <span class='ocrx_word' id='word_1_751' title='bbox 2688 5293 2898 5366; x_wconf 66' lang='lat' dir='ltr'><strong>praefat.</strong></span> <span class='ocrx_word' id='word_1_752' title='bbox 2927 5294 2996 5349; x_wconf 89' lang='lat' dir='ltr'><strong>ad</strong></span> <span class='ocrx_word' id='word_1_753' title='bbox 3021 5291 3250 5348; x_wconf 88' lang='lat' dir='ltr'><strong>Tertull.</strong></span> 
     </span>
    </p>
   </div>
  </div>
