3966 6504
398 5596 427 5611 η
491 5546 680 5617 Mysia:
721 5546 987 5601 civitatem
1025 5563 1044 5601 :

483 329 580 385 N7

1862 334 2141 391 ASTERll
2182 333 2443 390 URBANI

3647 330 3747 384 143

478 456 561 510 cri
607 455 795 512 dolore
846 458 1085 529 perculsi
1142 456 1365 513 fuerint.
1405 456 1541 512 Cum
1601 472 1728 511 vero
1780 457 1900 528 ejus
1954 458 2060 512 loci

2174 473 2293 517 τους
2319 454 2428 525 (51)
2446 454 2772 525 λυπηθῆναι.
2818 452 3134 518 Ἀξιούντων
3167 447 3261 505 οὖν
3288 450 3395 505 τῶν
3417 449 3561 504 κατὰ
3590 450 3751 504 τόπον

477 548 784 621 presbyteri
814 552 1179 621 postularem,
1219 558 1278 604 ut
1323 565 1514 605 eorum
1548 560 1891 620 quze'contra
1932 551 2069 604 veri-

476 642 607 696 tatis
627 643 971 699 adversarios
1001 644 1143 699 dicta
1174 643 1410 708 fuerant,
1441 644 1899 698 commentarium
1929 644 2066 714 ipsis

476 734 746 806 scriptum
776 738 1142 806 relinquerem
1176 756 1189 791 :
1251 748 1466 793 astante
1512 737 1675 792 etiam
1709 737 2064 808 compresby-

476 836 597 883 tero
624 838 811 884 nostro
865 827 1056 883 Zotico
1120 827 1365 893 Otreno,
1436 830 1490 885 id
1559 831 1781 900 quidem
1840 828 2067 883 minime

477 919 746 987 praestiti;
784 919 877 974 sed
906 920 1072 974 simul
1124 929 1289 989 atque
1323 919 1432 974 huc
1487 918 1796 982 rediissem,
1823 917 2064 987 scriptu-

476 1026 597 1064 rum
627 1026 714 1064 me
748 1011 957 1074 omnia,
999 1019 1054 1066 et
1105 1014 1172 1066 ad
1221 1012 1373 1082 ipsos
1404 1011 1829 1083 quamprimum.
1856 1009 2060 1064 missu-

476 1118 621 1168 rum,
646 1101 758 1158 Deo
790 1101 1027 1167 favente,
1063 1103 1315 1173 promisi.

2174 547 2583 618 πρεσϐυτέρων,
2618 548 2766 611 ὅπως
2795 545 2903 600 τῶν
2954 544 3251 615 λεχθέντων
3288 543 3430 598 κατά
3459 542 3567 595 τῶν
3602 543 3752 596 ἀντι-

2172 639 2563 711 διατιθεμένων
2624 638 2704 711 τῷ
2753 639 2853 711 τῆς
2883 637 3138 709 ἀληθείας
3179 636 3323 707 λόγῳ
3377 637 3675 707 ὑπόμνημά
3702 655 3755 692 τι

2171 732 2594 801 καταλίπωμενο
2651 730 2915 803 παρόντος
2974 731 3068 782 καὶ
3120 728 3214 781 τοῦ
3270 727 3754 800 συμπρεσὸυτέρου

2167 825 2326 896 ἡμῶν
2371 823 2611 877 Ζωτικοῦ
2659 822 2756 876 τοῦ
2798 823 3058 893 Ὀτρηνοῧ
3107 821 3243 892 (59.),
3300 820 3460 874 τοῦτο
3504 821 3601 892 μὲν
3654 820 3755 875 οὐκ

2170 915 2525 987 ἐπράξαμενσ
2583 912 3036 984 ἐπηγγειλάμεθα
3091 914 3147 966 δὲ
3182 911 3369 965 ἐνθάδε
3412 911 3752 983 γράψαντες,

2168 1005 2263 1058 τοῦ
2325 1005 2530 1078 Κυρίου
2580 1005 2845 1071 διδόντος,
2912 1003 3002 1058 διά
3069 1004 3303 1073 σπουδῆς
3364 1004 3604 1074 πέμπειν
3652 1006 3753 1059 αὐ-

2168 1115 2281 1163 τοις

1866 1218 1932 1274 Il.
1961 1217 2045 1272 Ea:
2072 1217 2207 1270 libro
2249 1233 2289 1271 ι.

544 1335 714 1406 Igitur
738 1335 1015 1391 obstinata
1047 1337 1264 1392 illorum
1296 1336 1462 1392 coitio
1483 1336 1749 1392 adversus
1768 1334 2070 1391 Ecclesiam

470 1438 531 1483 et
558 1444 700 1483 nova
725 1430 1022 1499 perniciosi
1060 1432 1375 1488 schismatis
1410 1431 1660 1497 hmresis,
1706 1430 1851 1484 hanc
1880 1428 2072 1483 habuit

474 1521 770 1592 originem.
803 1521 973 1579 Vicus
995 1524 1220 1594 quidam
1257 1540 1379 1580 esse
1402 1524 1606 1578 dicitur
1656 1522 1711 1577 in
1742 1520 1916 1593 Mysia
1942 1535 2073 1575 con-

475 1617 710 1671 termina
742 1615 1014 1689 Phrygire,
1064 1618 1291 1673 nomine
1323 1616 1543 1672 Ardaba
1570 1635 1591 1670 :7
1620 1616 1676 1669 in
1697 1630 1829 1684 quo,
1890 1614 2067 1676 aiunt,

475 1707 799 1764 Montanum
847 1711 1144 1779 quemdam
1179 1726 1246 1765 ex
1296 1710 1363 1765 iis
1393 1710 1488 1780 qui
1538 1709 1779 1764 ﬁdelium
1836 1723 2067 1762 numero

2251 1332 2314 1385 Ἡ
2342 1332 2520 1385 τοίνυν
2572 1332 2826 1397 ἔνστασις
2855 1332 3036 1387 αὐτῶν
3090 1334 3186 1387 καὶ
3234 1334 3267 1404 ἡ
3311 1334 3623 1405 πρόσφατος
3662 1329 3759 1385 τοῦ

2169 1426 2582 1496 ἀποσχίσματος
2628 1426 2840 1497 αἵρεσις
2896 1425 3033 1497 πρὸς
3083 1426 3182 1496 τὴν
3247 1424 3594 1497 Ἐκκλησίαν,
3658 1424 3759 1495 τὴν

2168 1493 2349 1575 αἰτίαν
2402 1493 2528 1590 ἔσχε
2575 1493 2851 1588 τοιαύτην.
2905 1493 3082 1590 Κώμη
3110 1493 3195 1583 τις
3251 1514 3390 1572 εἶναι
3429 1493 3648 1588 λέγεται
3702 1493 3759 1573 έν

2166 1616 2231 1685 τῇ
2261 1612 2404 1666 κατά
2447 1613 2549 1685 τὴν
2596 1612 2839 1683 Φρυγίαν
2882 1611 3073 1684 Μυσία
3116 1612 3251 1683 (55),
3283 1612 3590 1684 καλουμένη
3635 1614 3763 1685 Ἀρ-

2167 1704 2336 1759 δαϐαῦ
2393 1705 2667 1775 τούνομα’
2737 1704 2866 1757 ἔνθα
2920 1707 3056 1775 φασὶ
3119 1703 3242 1757 τινὰ
3294 1704 3404 1757 τῶν
3459 1704 3763 1758 νεοπίστων

477 1817 670 1857 recens
710 1803 938 1872 ascripti
970 1802 1212 1867 fuerant,
1238 1803 1539 1857 immodica.
1568 1801 1736 1871 primi
1767 1800 1872 1855 loci
1914 1799 2066 1868 eupi~

2174 1796 2427 1871 πρώτως,
2484 1798 2764 1851 Μοντανὸν
2815 1796 3053 1868 τοῦνομα
3111 1796 3255 1851 κατά
3303 1796 3508 1868 Γρᾶτον
3573 1796 3764 1860 Ἀσίας

476 1894 645 1949 ditate
673 1905 917 1967 captum,
950 1896 1187 1965 primum
1215 1896 1317 1951 sub
1348 1894 1516 1951 Grato
1541 1893 1687 1949 Asiae
1731 1892 2063 1963 proconsule

446 1976 684 2041 \aditum
742 1987 797 2041 in
851 2003 910 2043 se
965 1987 1285 2044 adversario
1336 1987 1553 2057 spiritui
1610 1986 1959 2057 prrebuisse:
2009 1992 2066 2039 et

474 2077 727 2135 daemone
750 2080 1045 2149 repletum,
1080 2079 1265 2135 subito
1293 2079 1531 2149 quodam
1568 2077 1754 2133 furore
1776 2093 1841 2132 ac
1863 2076 2064 2131 mentis

475 2185 707 2225 excessu
750 2173 968 2226 concuti
1011 2172 1280 2241 empisse,
1318 2181 1371 2226 et
1428 2187 1569 2226 nova
1596 2169 1845 2241 quaedam
1900 2180 2065 2239 atque

474 2264 725 2318 inaudita
779 2266 1074 2335 proloqui;
1137 2265 1500 2319 hariolantem
1561 2279 1627 2319 ac
1678 2263 2062 2333 praedicentem

472 2354 683 2421 futura,
722 2367 918 2429 printer
949 2374 1159 2413 morem
1194 2368 1359 2428 atque
1392 2358 1707 2413 institutum
1736 2356 1995 2411 Ecclesiae
2033 2370 2063 2408 a

475 2452 785 2521 majoribus
817 2450 1100 2514 traditum,
1142 2460 1196 2506 et
1245 2451 1507 2507 continua
1554 2450 1811 2519 deinceps
1844 2463 2065 2503 succes-

475 2545 632 2599 sione
664 2555 1049 2614 propagatum.
1078 2542 1252 2599 Porro
1281 2560 1347 2599 ex
1383 2543 1470 2598 his
1509 2542 1603 2612 qui
1641 2551 1771 2596 tunc
1801 2541 2066 2610 temporis

476 2636 819 2691 adulterinos
849 2637 1093 2691 hominis
1128 2651 1415 2693 sermones
1462 2635 1770 2697 audierant,
1816 2634 1908 2687 alii
1937 2633 2065 2702 qui-

476 2731 601 2784 dem
635 2738 695 2783 ut
722 2729 1072 2798 abreptitium
1097 2738 1153 2784 et
1186 2728 1592 2784 dzemouiacum
1653 2742 1718 2781 ac
1749 2727 1943 2796 spiritu
1972 2741 2064 2780 er-

474 2822 620 2876 roris
660 2831 873 2887 aetum,
905 2822 1209 2892 turbasque
1259 2823 1315 2874 in
1368 2821 1572 2891 populo
1610 2820 1940 2875 excitantem
1979 2818 2062 2872 in-

476 2914 818 2984 dignabundi
850 2914 1240 2984 objurgabaut,
1266 2922 1321 2969 et
1354 2912 1504 2982 loqui
1549 2912 1778 2967 ulterius
1802 2912 2065 2982 prohibev-

477 3008 647 3062 bant:
681 3008 881 3079 quippe
910 3008 1011 3077 qui
1048 3008 1105 3061 in
1158 3016 1346 3061 mente
1405 3006 1674 3061 haberent
1704 3006 2000 3062 discrimen
2033 3021 2065 3061 a

476 3100 712 3155 Domino
768 3109 1158 3169 prmuotatum,
1214 3099 1506 3169 minasque
1559 3098 1761 3168 quibus
1805 3099 2065 3169 jubemur

2168 1888 2502 1957 ἀνθύπατον,
2556 1891 2614 1943 ἐν
2659 1890 2927 1962 ἐπιθυμίᾳ
2975 1890 3152 1961 ψυχῆς
3212 1889 3436 1960 ἀμέτρῳ
3484 1887 3763 1959 φιλοπρω-

2167 1981 2320 2045 τείας
2376 1981 2536 2034 δόντα
2576 1981 2809 2053 πάροδον
2865 1984 2945 2046 εἰς
2994 1982 3185 2036 ἑαυτὸν
3232 1982 3311 2052 τῷ
3367 1980 3761 2052 ἀντικειμένῳ,

2168 2072 2760 2146 πνευματοφορηθῆναί
2838 2092 2899 2127 τε
2953 2075 3049 2128 καὶ
3096 2074 3379 2144 αἰφνιδίως
3436 2075 3496 2127 ὲν
3547 2074 3762 2142 κατοχῇ

2166 2183 2272 2219 τινι
2304 2166 2400 2219 καὶ
2436 2166 2811 2237 παρεκστάσει
2848 2168 3136 2239 γενόμενον
3159 2167 3460 2236 ὲνθουσιᾷψ
3490 2163 3765 2237 ἄρξασθαί

2167 2275 2225 2310 τε
2250 2258 2430 2311 λαλεῖν
2474 2260 2570 2313 καὶ
2594 2259 2934 2330 ξενοφωνεῖν,
2991 2259 3145 2332 παρὰ
3188 2258 3249 2311 τὸ
3282 2256 3424 2311 κατὰ
3460 2257 3767 2327 παράδοσιν

2168 2351 2427 2404 καὶκατὰ
2469 2351 2721 2423 διαδοχὴν
2763 2352 2969 2406 ἄνωθεν
3011 2351 3109 2422 τῆς
3154 2349 3483 2421 Ἐκκλησίας
3510 2348 3634 2412 ἔθος
3661 2349 3762 2421 δῆο

2168 2442 2259 2495 θεν
2290 2442 2723 2515 προφητεύοντα.
2775 2442 2896 2496 Τῶν
2927 2443 2985 2497 δὲ
3031 2443 3152 2496 κατ’
3175 2442 3353 2495 ἐκεῖνο
3379 2440 3575 2512 καιροῦ
3605 2441 3666 2493 ὲν
3690 2443 3763 2513 τῇ

2165 2534 2276 2588 τῶν
2319 2536 2489 2589 νόθων
2550 2537 2965 2607 ἐκφωνημάτων
3019 2534 3284 2607 ἀκροάσει
3317 2534 3652 2604 γενομένων,
3711 2535 3764 2586 at

2172 2627 2268 2697 μὲν
2296 2626 2371 2691 ὼς
2411 2628 2504 2679 ἐπὶ
2537 2624 2915 2698 ἐνεργουμὲνῳ
2951 2624 3044 2678 καὶ
3075 2622 3403 2695 δαιμονῶντι
3426 2623 3521 2676 καὶ
3549 2623 3607 2674 ὲν
3629 2621 3767 2676 πλά·

2166 2733 2264 2786 νης
2285 2715 2557 2787 πνεύματι
2597 2714 2919 2787 ὑπάρχοντι,
2959 2714 3054 2768 καὶ
3082 2714 3208 2776 τοὺς
3226 2713 3417 2783 ὄχλους
3435 2712 3764 2784 ταράττοντι

2167 2805 2459 2876 ἀχθόμενοι
2489 2805 2785 2876 ἐπετίμων,
2819 2802 2915 2858 καὶ
2965 2802 3145 2857 λαλεῖν
3175 2802 3432 2857 ἐκώλυον·
3473 2802 3765 2875 μεμνημέ-

2167 2914 2247 2950 νοι
2273 2898 2372 2968 τῆς
2415 2897 2510 2950 τοῦ
2556 2896 2761 2968 Κυρίου
2792 2895 3080 2966 διαστολῆς
3112 2912 3172 2947 τε
3220 2895 3315 2947 καὶ
3338 2893 3587 2963 ἀπειλῆς,
3618 2894 3763 2963 πρὸς

2167 2992 2227 3045 τὸ
2256 2988 2622 3061 φυλάττεσθαι
2671 2988 2771 3060 τὴν
2810 2988 2920 3041 τῶν
2953 2986 3413 3061 ψευδοπροφητῶν
3449 2988 3761 3058 ἐγρηγορό-

2168 3101 2277 3148 τως
2305 3083 2630 3154 παρουσίαν.
2670 3082 2734 3134 Οἱ
2767 3080 2821 3133 δὲ
2848 3080 2924 3144 ὼς
2953 3079 3091 3151 ἁγίῳ
3114 3079 3393 3150 Πνεύματι
3418 3080 3512 3133 καὶ
3546 3096 3766 3151 προφη-

475 3194 773 3250 advcntum
807 3193 1074 3249 falsorum
1098 3194 1491 3264 prophetarum
1545 3193 1833 3264 vigilanter
1860 3209 1924 3248 ac
1950 3194 2065 3248 sol-

2174 3175 2304 3247 τικῷ
2348 3176 2647 3247 χαρίσματι
2695 3173 3087 3245 ἐπαιρόμενοι,
3115 3175 3210 3227 καὶ
3256 3174 3354 3243 οὐχ
3381 3174 3585 3242 ἥκιστα
3618 3192 3764 3244 χαυ-

476 3288 627 3344 licite
660 3289 977 3343 observare.
1009 3288 1121 3343 Alii
1172 3301 1305 3341 vero
1328 3286 1486 3341 .velut
1514 3295 1709 3342 sancto
1766 3284 1975 3356 Spiritu
2014 3294 2069 3340 et.

476 3381 782 3451 prophetiae
810 3380 983 3450 gratia
1011 3379 1137 3433 elati
1168 3378 1453 3449 inﬁatique
1485 3378 1684 3432 mirum
1717 3380 1771 3431 in
1818 3378 2064 3444 modum,

477 3484 531 3528 et
580 3474 955 3529 diStinetionis
1013 3488 1053 3527 a.
1078 3472 1313 3526 Domino
1368 3480 1802 3541 praemonstratie
1849 3472 2068 3541 penitus

478 3566 655 3628 obliti,
712 3566 865 3620 illum
916 3565 1282 3619 inﬁatuantem
1337 3574 1393 3619 et
1435 3564 1778 3619 adulatorem
1808 3565 2069 3634 vulgique

480 3653 829 3708 seductorem
861 3654 1114 3722 spiritum
1148 3654 1294 3708 ultro
1328 3653 1397 3709 ad
1431 3653 1767 3723 loquendum
1810 3668 2069 3723 provoca-

478 3746 635 3810 hant,
672 3746 815 3815 capti
842 3748 963 3815 ejus
1003 3746 1278 3801 illecebris
1329 3755 1385 3801 et
1434 3745 1490 3798 in
1557 3745 1803 3800 fraudem
1838 3744 2064 3799 inducti.

480 3839 597 3895 liae
630 3841 799 3910 igitur
820 3850 936 3895 arte
979 3856 1075 3895 seu
1117 3840 1304 3910 potius
1334 3839 1526 3895 fraude
1576 3856 1641 3893 ac
1673 3840 1912 3895 versutia
1952 3840 2070 3893 dia-

478 3932 641 3987 bolus
669 3933 935 3988 adversus
960 3949 1057 3988 eos
1084 3933 1179 4003 qui
1213 3933 1363 3987 dicto
1388 3931 1603 3985 Domini
1633 3931 1918 3985 audientes
1959 3948 2065 3985 non

480 4034 660 4088 erant,
693 4025 921 4080 exitium
964 4026 1337 4088 machinatus,
1388 4040 1513 4080 eum
1548 4024 1619 4078 ab
1644 4024 1748 4077 illis
1788 4023 2075 4078 immerito

563 4204 673 4276 ί51)
729 4207 837 4260 Kal
894 4207 1037 4273 τοῦς
1088 4207 1451 4272 ἀντιθέτους.
1511 4205 1691 4258 Malim
1753 4205 2077 4271 ἀντιθέους,

482 4284 546 4331 ιιι
578 4276 776 4346 legitur
803 4277 871 4330 ad
905 4278 1207 4343 marginem
1242 4278 1500 4332 editionis
1537 4276 1891 4331 Genevensis.
1926 4276 2067 4331 Cum

480 4347 629 4401 enim
682 4347 795 4413 jam
873 4349 1075 4402 dixerit
1120 4350 1248 4411 τοὺς
1320 4346 1632 4411 ἐξεναντίας
1685 4347 2068 4417 ἀποκρουσθῆ-

482 4435 608 4479 ναι,
671 4417 1011 4487 ineptissima
1076 4429 1222 4473 esset
1283 4419 1571 4487 repetitio,
1637 4418 1683 4472 si
1736 4418 1865 4481 τοὺς
1918 4418 2069 4471 ἀντι-

483 4435 608 4479 ναι,
671 4435 1011 4487 mepusstma
1076 4435 1222 4473 esset
1283 4435 1571 4539 repletum,
1637 4435 1683 4472 sx
1736 4435 1865 4481 τους
1918 4435 2067 4471 αντι-

483 4488 675 4551 θὲτους
729 4489 924 4543 iterum
964 4490 1293 4542 nominaret.
1395 4505 1548 4543 erum
1585 4488 1886 4554 ἀντιθέους,
1924 4490 2067 4557 quod

482 4559 646 4626 longe
676 4561 898 4628 gravius
935 4568 1038 4623 est,
1067 4559 1301 4627 appellat
1352 4558 1737 4621 Moutanistas,
1768 4560 1820 4612 id
1853 4568 1937 4612 est
1974 4559 2068 4613 Dei

481 4631 853 4690 adversarios,
913 4645 979 4683 eo
1014 4631 1160 4699 quod
1195 4645 1397 4699 novum
1436 4628 1779 4684 Paraeletum
1842 4630 2069 4684 induce-

480 4709 626 4754 rent.
663 4699 839 4768 Atque
866 4701 938 4754 ita
975 4698 1041 4753 ιη
1068 4700 1255 4754 codice
1299 4698 1435 4753 Fuk.
1479 4712 1531 4754 et
1580 4698 1750 4753 Savil.
1802 4701 2066 4768 scriptum

483 4771 735 4825 habetur.
773 4769 828 4823 Si
861 4772 985 4840 quis
1028 4786 1159 4825 vero
1183 4769 1494 4833 ἀντιθέτους
1521 4776 1753 4824 retinere
1791 4771 2066 4826 maluerit.

482 4856 595 4895 non
655 4842 990 4911 repugnabo.
1027 4841 1168 4911 Infra
1220 4842 1380 4911 enim
1414 4841 2070 4895 (Ιίειιιιιιιιὶὰντιδιατιῆἐ-

483 4929 660 5036 ἕενοι,
704 4909 763 4995 ut
793 4909 848 4965 et
886 4914 1029 4980 apud
1075 4909 1302 4992 (ἐι-θεον.
1336 4909 1644 4991 Nyssenum
1690 4911 1785 4964 lib.
1825 4928 1839 4964 t
1876 4919 2071 4966 contra

534 4998 840 5036 uuomium.
866 4993 921 5036 et
937 4983 1168 5036 Paulum
1208 5000 1262 5036 ιιι
1294 4981 1336 5034 ΙΙ
1371 4982 1438 5036 ad
1466 4980 1707 5034 Timoth.

508 4982 840 5043 Suuomium,
866 4993 921 5037 et
937 4983 1168 5037 Paulum
1194 4980 1262 5036 in
1294 4981 1336 5034 ll
1371 4982 1438 5036 ad
1466 4980 1707 5034 Timoth.

558 5054 674 5124 (52)
708 5052 821 5107 Τοῦ
860 5054 1156 5122 Ὀτρηνοῦ.
1218 5052 1357 5107 Male
1400 5053 1544 5121 apud
1586 5050 1954 5124 Nicephorum
1984 5052 2067 5124 le-

483 5121 986 5197 εἰιιιι”οστρηνοῦ.
1021 5124 1450 5197 Distinguendus
1492 5132 1674 5197 autem
1735 5121 1951 5197 videtur
1980 5122 2069 5175 hie

487 5192 709 5249 Zoticus
739 5192 975 5250 Ot'renus
1000 5210 1030 5248 a
1061 5192 1248 5249 Zotico
1295 5194 1626 5249 Comaneusi
1663 5192 1939 5261 episcopo,
1967 5208 2067 5245 cu-

474 5266 576 5332 jus
606 5264 746 5318 infra
773 5266 1025 5319 meminit
1075 5265 1165 5319 hic
1204 5274 1415 5319 auctor.
1458 5263 1594 5318 Nam
1626 5273 1679 5318 et
1709 5264 2068 5317 (lomaneusis

488 5336 578 5390 ille
600 5336 878 5404 antiquior
924 5336 1044 5388 fuit.

560 5404 671 5475 (55)
718 5402 813 5458 Ἐν
844 5405 918 5474 τῇ
946 5404 1097 5459 κατὰ
1126 5402 1241 5472 τὴν
1290 5404 1551 5472 Φρυγίαν
1580 5404 1811 5475 Μυονίαἑ
1836 5402 2067 5475 Ruﬁnus

486 5473 692 5547 vertit:
759 5473 915 5530 Vicus
949 5477 1168 5547 quidam
1220 5490 1333 5547 esse
1370 5476 1571 5547 dicitur
1606 5474 1747 5547 apud
1774 5473 2068 5547 Phrygiam

1086 5545 1445 5614 ineptissime.
1478 5543 1588 5599 Nec
1628 5545 1821 5599 melius
1851 5544 2068 5597 Museu-

484 5615 573 5671 lus
589 5618 1190 5685 etChristophorsonus
1211 5617 1655 5685 interpretantur,
1678 5616 1817 5684 apud
1837 5615 2066 5684 Mysiam

486 5686 762 5759 Plirygim.
789 5686 929 5754 Quid
969 5689 1141 5759 enim,
1162 5686 1515 5759 aiuaho,psibi
1550 5686 1664 5759 vult
1694 5686 1863 5759 Mysia
1889 5686 2063 5759 Phry-

485 5730 868 5829 giazgybupl‘eit
929 5730 1078 5813 olim.
1121 5730 1222 5813 iuit
1268 5730 1460 5827 Mysia,
1526 5757 1669 5811 sicut
1703 5730 1769 5812 et:
1807 5730 2063 5829 Phrygia,

486 5827 622 5887 teste
645 5827 913 5886 Strabone
950 5829 1000 5885 in
1028 5829 1167 5885 libro
1192 5845 1288 5885 λιι.
1318 5828 1438 5883 Alia
1460 5829 1658 5899 major,
1681 5844 1844 5899 quam
1878 5827 2061 5898 Olym-

2100 4526 2147 4584 Ι)

2169 3268 2439 3338 νούμενοι,
2471 3267 2566 3319 καὶ
2592 3267 2691 3337 τῆς
2719 3266 3003 3335 διαστολῆς
3035 3264 3130 3319 τοῦ
3173 3264 3379 3339 Κυρίου
3410 3265 3767 3320 ἐπιλανθανό-

2172 3376 2346 3429 μενοι,
2381 3358 2442 3411 τὸ
2478 3357 2779 3430 βλαψίφρον
2808 3360 2904 3411 καὶ
2936 3356 3354 3430 ὑποκοριστικδν
3396 3357 3490 3411 καὶ
3518 3356 3763 3412 λαοπλά-

2169 3467 2259 3504 νον
2283 3450 2499 3520 πνεῦμα
2557 3448 2998 3521 προύκαλοῦντοο
3033 3448 3350 3519 θελγόμενοι
3405 3449 3499 3501 καὶ
3544 3447 3769 3502 πλανώ-

2173 3560 2323 3613 μενοι
2368 3544 2459 3595 ὑπ’
2482 3542 2670 3608 αὑτοῦ,
2715 3544 2795 3607 εἰς
2829 3543 2890 3595 τὸ
2948 3542 3146 3612 μηκέτι
3172 3540 3476 3595 κωλύεσθαι
3506 3544 3760 3613 σιωπᾷν·

2168 3635 2338 3708 τέχνῃ
2382 3635 2438 3688 δέ
2478 3652 2606 3697 τινι,
2671 3633 2871 3704 μᾶλλον
2912 3632 2970 3686 δὲ
2995 3631 3218 3703 τοιαύτῃ
3275 3631 3484 3703 μεθόδῳ
3531 3648 3769 3685 κακοτε-

2170 3728 2324 3799 χνίας
2358 3729 2386 3780 ό
2414 3725 2660 3789 διάϐολος
2701 3724 2801 3796 τὴν
2835 3723 2975 3778 κατὰ
2993 3723 3103 3777 τῶν
3137 3722 3432 3795 παρηκόων
3462 3721 3571 3792 (54)
3603 3721 3764 3775 ἀπώ-

2169 3820 2319 3875 λειαν
2358 3818 2832 3891 μηχανησάμενος,
2857 3817 2951 3870 καὶ
2979 3818 3110 3888 παρ’
3142 3815 3300 3881 ἀξίαν
3347 3816 3438 3868 ὑπ’
3471 3814 3650 3869 αὐτῶν
3681 3833 3765 3868 τι-

2174 3910 2446 3983 μώμενος,
2502 3909 2832 3981 ὑπεξήγειμέ
2863 3927 2923 3962 τε
2958 3910 3052 3962 καὶ
3092 3906 3530 3979 προσεξέκαυσεν
3577 3909 3765 3963 αὐτῶν

2170 4004 2270 4075 τὴν
2296 4003 2816 4074 ἁποκεκοιμημένην
2850 4002 2962 4073 (55)
3018 4002 3131 4056 ἀπὸ
3163 4002 3263 4073 τῆς
3316 4003 3456 4055 κατά
3499 4001 3766 4073 ἀλήθειαν

2170 4222 2367 4276 penem
2391 4215 2551 4261 vocat
2579 4203 2811 4269 Strabo;
2848 4204 2953 4258 alia
2982 4203 3197 4276 _r_ninor,
3235 4218 3398 4272 quam
3432 4200 3765 4276 Hellespon-

2172 4271 2304 4332 tiam
2368 4285 2531 4331 vocat
2573 4275 2922 4330 Ptolemreus.
2982 4271 3445 4341 Utraque'porro
3499 4271 3759 4341 Phrygiae

2171 4348 2514 4403 contermina
2571 4346 2692 4400 fuit.
2753 4345 2908 4399 Unde
2963 4355 3152 4398 natum
3211 4343 3560 4412 proverbium
3614 4344 3766 4410 apud

2172 4419 2414 4484 Grmcos,
2434 4418 2618 4488 Χωρὶς
2642 4416 2714 4469 τὰ
2737 4416 2959 4488 Μυσῶν.
2998 4415 3123 4469 Fuit
3168 4424 3222 4469 et
3276 4414 3447 4488 altera
3471 4412 3663 4488 Mysia
3706 4414 3763 4466 in

2175 4480 2418 4558 Europa,
2444 4480 2695 4543 Thraciae
2723 4486 3059 4558 contributa,
3116 4500 3280 4554 quam
3306 4480 3484 4558 Latini
3533 4480 3763 4558 quidem

2175 4554 2423 4614 Mmsiam
2466 4567 2702 4622 vocant,
2742 4556 2914 4612 Graeci
2967 4572 3097 4610 vero
3154 4570 3371 4624 semper
3409 4554 3644 4607 Μυσίαν.
3678 4554 3764 4606 Ad

2173 4631 2340 4698 hujus
2387 4644 2517 4699 ergo
2558 4630 3006 4699 distinctionem,
3060 4629 3094 4697 ἡ
3127 4626 3289 4699 κατά
3342 4626 3586 4699 Φρυγίαν
3641 4625 3765 4677 Μυ-

2174 4696 2264 4753 σία
2318 4701 2405 4754 hic
2454 4696 2662 4754 dicitur
2709 4699 2881 4769 Mysia
2941 4696 3190 4767 Phrygiae
3244 4696 3610 4769 contermina,
3652 4710 3763 4769 seu

2172 4772 2435 4825 Asiatica.
2470 4770 2645 4824 Porro
2690 4764 2846 4824 vicus
2893 4770 2997 4823 iste
3044 4764 3114 4821 in
3158 4768 3349 4822 codice
3377 4764 3515 4819 Maz.
3557 4766 3766 4819 dicitur

2186 4842 2473 4913 Ἀρδα6ἀ6.
2519 4910 2527 4913 _
2604 4852 2616 4913 '_

2245 4905 2357 4982 (54)
2382 4910 2542 4965 Κατὰ
2564 4910 2682 4965 τῶν
2714 4911 3050 4980 παρηκόων.
3074 4908 3305 4962 Ruﬁnus
3328 4905 3764 4982 indiscipiinatos

2170 4976 2354 5044 vertit,
2419 4982 2699 5037 Musculus
2752 4976 3135 5049 immorigeros,
3187 4994 3296 5049 non
3332 4978 3494 5049 male.
3556 4976 3761 5029 Intelli-

2172 5063 2372 5124 guntur
2397 5055 2542 5107 enim
2600 5054 2633 5106 ii
2679 5053 2772 5121 qui
2831 5048 3172 5124 pragceptuni
3195 5048 3433 5124 Domini,
3468 5064 3579 5115 quo
3622 5063 3765 5116 pra:-

2172 5120 2365 5179 fnoniti
2398 5125 2618 5178 fuerant
2648 5120 2766 5176 uta
2810 5123 2965 5176 falsis
3023 5120 3303 5189 prophetis
3334 5127 3619 5189 caverent,
3655 5134 3757 5172 ne-

2171 5195 2478 5265 gligebant;
2527 5194 2627 5265 τῆς
2668 5192 2951 5262 διαστολῆς
2992 5187 3097 5265 Δτοιξ
3126 5187 3350 5265 Κυρίου
3406 5187 3766 5265 ἐπιλανθανόα

2218 5260 2360 5329 ενοι,
2392 5275 2448 5318 ιιι
2483 5260 2646 5332 supra
2675 5260 2917 5332 loquitur
2951 5262 3039 5316 hic
3084 5261 3461 5316 iuuominatus
3490 5260 3755 5329 scriptor.

2218 5284 2360 5329 ενοι,
2392 5284 2448 5318 ιιι
2483 5284 2646 5332 supra
2675 5284 2914 5332 ιυιιιιιιιιΓ
2951 5284 2982 5316 ll

2170 5284 2411 5391 ﬁessime
2431 5335 2982 5404 Clu-istophorsonus.

2246 5365 2411 5389 δδιιιιυ
2431 5365 2530 5388 υιιι
2545 5365 2779 5404 ιδιυμιιυι
2793 5365 2982 5388 δυιιιιδο

2244 5406 2354 5477 (55)
2394 5406 2512 5473 Τὴν
2546 5403 3120 5477 ἀποκεκοιμημένην.
3143 5365 3460 5477 Μεῇᾘιοτςι
3484 5408 3567 5453 eSt
3589 5414 3745 5477 a_mu.

2171 5470 2421 5539 lieribus.
2443 5470 2564 5546 qtue
2594 5478 2787 5530 relicto
2815 5470 2997 5546 mariti
3020 5484 3141 5527 toro
3172 5473 3356 5546 furtim
3383 5472 3449 5525 ad
3480 5470 3753 5546 iungentur

2170 5541 2475 5602 transeunt:
2510 5546 2644 5601 Nam
2676 5545 3004 5616 κοιμᾶσθαι,
3044 5560 3138 5599 seu
3171 5543 3428 5616 dormire,
3464 5541 3531 5616 de
3567 5541 3735 5607 hujus

2170 5621 2316 5672 modi
2345 5619 2626 5672 adulteriis
2656 5612 2951 5679 dici'solet,
2994 5625 3051 5669 ut
3081 5617 3133 5667 in
3181 5613 3333 5667 libris
3369 5612 3543 5667 sacris
3566 5626 3743 5664 occur.

2170 5690 2241 5742 rit
2270 5706 2376 5742 non
2402 5690 2588 5743 semel.
2638 5687 2792 5752 Quod
2843 5702 2967 5742 eum
3015 5702 3119 5739 non
3154 5682 3750 5752 iutelligeretCliristo-

2170 5761 2499 5830 pliorsonus,
2556 5760 2749 5813 erroris
2786 5773 2968 5825 δοιηιιο
3001 5756 3324 5826 consopitum
3357 5753 3538 5809 vertit.
