3966 6560
243 386 337 444 M9

1236 378 1657 439 FRAGMENTA
1699 374 1980 433 CONTRA
2020 370 2531 428 MONTANISTAS.

3411 362 3514 417 150

238 510 470 572 πίστεως
497 508 766 565 διάνοιαν·
807 509 881 572 ὡς
919 509 1011 561 καί
1041 503 1234 578 ἐτέρας
1262 504 1413 567 τινὰς
1447 503 1539 556 δύο
1561 504 1793 571 γυναῖκα

1927 497 2220 559 coleretur,
2273 492 2487 548 mentes
2535 505 2725 547 eorum
2780 504 2982 543 avera
3029 487 3147 543 ﬁde
3188 484 3537 566 accubantes.

237 603 547 673 ἐπεγεῖραι,
584 600 796 656 καὶτοῦ
823 600 978 654 νόθου
1024 598 1334 669 πνεύματος
1383 596 1691 667 πληρῶσαι·
1751 593 1827 656 ὡς

237 696 325 749 καὶ
352 695 542 747 λαλεῖν
574 694 851 765 ἐκφρόνως
882 693 979 747 καὶ
1022 693 1266 764 ἀκαίρως
1308 692 1402 744 καὶ
1450 687 1826 760 ἀλλοτριοτρό-

238 806 348 851 πως
372 788 589 858 ὁμοίως
615 787 691 859 τῷ
743 786 1130 860 προειρημένῳ
1148 804 1162 817 °
1210 787 1306 838 καὶ
1339 785 1465 847 τοὺς
1491 784 1589 854 μὲν
1614 782 1827 853 χαίρον-

234 899 324 945 τας
370 881 486 952 (56)
540 882 637 935 καὶ
685 879 1074 951 καυχωμένους
1107 879 1193 932 ἐπ’
1216 876 1388 947 αὐτῷ,
1428 876 1824 948 μακαρίζοντος

231 974 319 1028 τοῦ
370 973 723 1045 πνεύματος,
770 973 865 1026 καὶ¹
917 972 1003 1027 διὰ
1051 970 1146 1025 τοῦ
1206 971 1470 1043 μεγέθους
1500 969 1610 1023 τῶν
1650 971 1823 1036 ἐπαγ-ο

228 1068 514 1139 τελμάτων
546 1065 957 1135 ὲκφυσιοῦντοςα
985 1064 1097 1117 ἔσθ’
1119 1065 1229 1136 ὅπη
1255 1064 1311 1117 δὲ
1341 1064 1436 1117 καὶ
1468 1062 1821 1134 κατακρίνον-

226 1177 312 1224 τος
358 1159 746 1230 στοχαπικῶς
794 1160 887 1212 καλ⁸
929 1157 1258 1224 ἀξιοπίστως
1301 1156 1499 1219 αὐτοὺς
1538 1156 1816 1227 ἄντικρυς,

226 1252 306 1307 τνα
330 1253 426 1306 καὶ
453 1250 779 1320 ἐλεγκτικὸν
814 1251 925 1322 (57)
984 1246 1123 1303 εἶναι
1174 1249 1325 1319 δοκῇ·
1380 1248 1551 1316 ὀλίγοι
1596 1246 1641 1300 δ’
1678 1242 1819 1316 ἦσαν

223 1336 359 1398 οὗτοι
407 1341 526 1395 τῶν
568 1340 800 1413 Φρυγῶν
849 1338 1280 1412 ἐξηπατημένου
1336 1336 1435 1408 τὴν
1483 1336 1541 1389 δὲ
1584 1334 1814 1388 καθόλου

224 1436 309 1488 καὶ
333 1436 519 1487 πᾶσαν
552 1434 657 1503 τὴν
684 1432 788 1485 ὑπὸ
815 1433 906 1485 τὸν
934 1432 1165 1503 οὐρανὸν
1222 1429 1549 1501 Ἐκκλησίαν
1579 1426 1818 1497 βλασφη-

223 1529 332 1597 μεῖν
367 1524 729 1589 διδάσκοντος
764 1522 877 1590 ⁸’τοῦ
920 1524 1402 1595 ἀπηυθαδισμένου
1471 1521 1809 1592 πνεύματος,

218 1620 290 1671 ὅτι
321 1619 459 1689 μήτε
529 1617 706 1687 τιμὴν
757 1617 896 1687 μήτε
959 1615 1192 1687 πάροδον
1219 1616 1300 1677 εἰς
1330 1612 1499 1684 αὐτὴν
1535 1612 1596 1665 τὸ
1621 1610 1815 1681 ψευδο-

216 1709 556 1782 προφητικὸν
615 1709 889 1781 ἐλάμϐανε
919 1709 1156 1779 πνεῦμα.
1211 1708 1333 1761 Τῶν
1377 1707 1487 1779 γάρ
1525 1707 1664 1761 κατά
1713 1706 1814 1777 τὴν

226 1800 397 1853 Ἀσίαν
456 1800 680 1853 πιστῶν
724 1798 985 1862 πολλάκις
1037 1799 1132 1852 καὶ
1184 1798 1423 1869 πολλαχῆ
1471 1798 1573 1867 τῆς
1629 1798 1813 1861 Ἀσίας

1932 604 2238 658 somnoque
2288 601 2582 658 Oppressas
2628 583 2889 640 excitavit.
2934 582 3307 652 paulatim-rae
3348 578 3516 633 velte-

1929 682 2171 737 mentius
2203 679 2586 735 inﬂammavit.
2635 676 2848 747 Quippe
2874 675 3014 730 duas
3043 674 3179 731 alias
3211 672 3513 727 muliercu-

1928 775 2011 830 las
2034 772 2346 836 suscitavit,
2377 783 2434 827 et
2483 768 2795 825 adulterino
2850 767 3049 838 spiritu
3073 766 3334 836 replevit;
3374 762 3513 817 adeo

1927 880 1986 923 ut
2014 869 2145 939 ipsae
2167 881 2406 937 quoque,
2450 866 2677 935 perinde
2718 880 2783 919 ac
2814 877 2981 933 supra
3021 869 3364 916 memoratus
3394 858 3508 923 ille,

1926 963 2118 1016 insana
2149 960 2400 1030 quaedam
2455 967 2509 1014 et
2548 958 2869 1028 importuna
2897 966 3063 1027 atque
3093 954 3271 1008 aliena
3313 952 3506 1022 loque-

1924 1066 2133 1111 rentur.
2165 1052 2231 1108 Et
2258 1069 2353 1107 e05
2376 1051 2599 1121 quidem
2625 1051 2719 1118 qui
2766 1065 2831 1106 ea
2870 1064 2929 1104 re
2979 1048 3391 1103 delectabantur
3421 1054 3500 1100 at-

1922 1163 2028 1219 que
2056 1148 2516 1211 intumescebant,
2542 1144 2770 1215 spiritus
2806 1144 2895 1199 ille
2933 1144 3124 1198 beatos
3148 1140 3495 1211 praedicabat

1919 1250 1977 1297 et
2024 1240 2428 1311 promissorum
2485 1237 2862 1308 magnitudine
2901 1252 3068 1305 supra
3094 1233 3317 1288 modum
3348 1230 3513 1292 inﬂa.

1920 1332 2032 1388 bat.
2083 1332 2361 1387 Interdum
2389 1341 2572 1385 tamen
2602 1327 2935 1398 conjecmn's
2965 1336 3020 1382 et
3071 1326 3176 1381 fide
3205 1324 3387 1403 dignis
3415 1338 3512 1375 πε

1918 1427 2192 1497 gumentis
2224 1435 2408 1491 utens,
2435 1424 2615 1495 palam
2649 1437 2745 1477 eos
2775 1418 3195 1481 condemnabat,
3226 1432 3336 1486 quo
3358 1414 3505 1470 scili-

1916 1529 2003 1577 cet
2057 1520 2226 1575 etiam
2295 1516 2705 1589 obiurgatorias
2762 1514 3055 1567 videretur.
3112 1508 3178 1563 Hi
3233 1507 3499 1580 perpauci

1914 1622 2073 1670 erant
2096 1612 2361 1684 Phryges,
2392 1609 2709 1680 hujusmodi
2750 1606 2946 1661 fraude
2994 1603 3229 1674 decepti.
3272 1599 3504 1657 Univer-

1916 1723 2031 1765 sam
2057 1721 2188 1763 vero
2218 1720 2342 1775 quae
2364 1720 2463 1775 per
2491 1704 2681 1760 orbem
2706 1712 2976 1763 terrarum
3031 1714 3224 1769 sparsa
3263 1703 3368 1763 est,
3399 1688 3504 1751 Ec-

1914 1799 2164 1864 clesiam,
2214 1798 2360 1853 idem
2405 1797 2497 1852 ille
2546 1794 3040 1866 arrogantissimus
3082 1791 3309 1861 spiritus
3333 1788 3503 1842 male-

214 1892 283 1953 εἱς
326 1889 491 1943 τοῦτο
528 1889 906 1943 συνελθόντων
943 1888 1086 1960 (58),
1150 1890 1247 1941 καὶ
1293 1891 1420 1952 τοὺς
1461 1888 1793 1959 προσφάτους

1916 1891 2082 1947 dictis
2110 1899 2370 1960 appetere
2395 1905 2495 1944 eos
2535 1888 2789 1951 docebat,
2819 1902 2885 1942 eo
2914 1884 3062 1955 quod
3108 1899 3211 1939 nec
3231 1884 3499 1938 honorem

213 1984 391 2051 λόγους
430 1984 822 2051 ἐξετασάντων
867 1983 961 2037 καὶ
1004 1982 1260 2055 βεϐήλους
1282 1983 1683 2054 ἀποφηνάντων
1715 1982 1808 2035 καὶ

212 2074 739 2145 ἀποῶκιμασάντων
764 2075 863 2147 τὴν
909 2075 1140 2147 αἵρεσιν,
1167 2073 1310 2127 οὕτω
1356 2073 1422 2145 δὴ
1450 2075 1551 2144 τῆς
1581 2092 1640 2128 τε
1680 2075 1804 2128 Ἑκ-

213 2165 424 2237 κλησίας
450 2167 836 2237 ἐξεώσθησαν,
869 2169 964 2221 καὶ
1000 2167 1099 2239 τῆς
1125 2166 1412 2230 κοινωνίας
1444 2164 1763 2238 εἴρχθησαν.

1915 2000 2019 2039 nec
2069 1984 2277 2039 aditum
2325 1983 2499 2038 ullum
2555 1982 2625 2037 ad
2696 1981 2874 2051 ipsam
2928 1977 3497 2050 pseudoprophetieus

1912 2077 2141 2147 spiritus
2192 2076 2476 2146 reperiret.
2533 2075 2670 2130 Nam
2715 2090 2839 2131 cum
2889 2074 3078 2129 ﬁdeles
3125 2072 3220 2143 qui
3273 2071 3329 2124 in
3368 2069 3497 2160 Asia

1909 2180 2088 2235 erant,
2122 2170 2323 2240 saepius
2371 2178 2425 2224 et
2473 2170 2527 2223 in
2584 2167 2835 2238 plurimis
2882 2166 3027 2223 Asiae
3076 2165 3214 2220 locis
3257 2162 3382 2234 ejus
3414 2164 3497 2216 rei

210 2273 364 2317 eausa
430 2264 875 2330 convenissent,
938 2278 1250 2332 novamque
1308 2262 1811 2319 illam'dortrinam
1868 2267 2281 2321 examinassent
2323 2274 2379 2321 et
2432 2264 2717 2336 profanam
2772 2274 2936 2336 atque
2985 2264 3209 2335 impiam
3248 2262 3495 2333 judicas—

212 2362 335 2417 seut,
358 2354 633 2409 damnata
665 2356 879 2423 haeresi,
932 2354 1022 2409 isti
1054 2354 1124 2409 ab
1168 2352 1411 2413 Ecclesia
1458 2364 1511 2410 et
1541 2355 1781 2410 [idelium
1814 2360 2203 2416 communione
2226 2360 2439 2431 expulsi
2476 2367 2625 2415 sunt.

1612 2474 1699 2529 111.
1734 2475 1819 2532 Ex
1839 2478 1976 2533 libro
2012 2495 2074 2535 ιι.
2144 2505 2149 2509 ⁴

279 2585 530 2640 Ἐπειδὰν
575 2586 761 2641 τοίνυν
797 2587 894 2641 καὶ
926 2588 1375 2661 προφητοφόντας
1407 2591 1553 2661 ἡμᾶς
1594 2588 1806 2644 ἀπεκά-

211 2678 339 2740 λουν,
370 2679 455 2731 ὅτι
496 2678 581 2750 μὴ
614 2679 741 2742 τοὺς
780 2663 1201 2751 ἀμετροιρώνους
1228 2680 1336 2752 (⁸59)
1372 2680 1551 2734 αὐτῶν
1591 2684 1804 2753 προφή-

210 2786 293 2833 τας
316 2769 628 2841 ἐδεξάμεθα
648 2787 661 2802 ·
681 2772 901 2837 τούτους
920 2772 1031 2843 γὰρ
1060 2768 1381 2843 εἶναίφασιν
1403 2774 1611 2847 οὕσπερ
1629 2777 1803 2846 ὲπηγ-

210 2863 404 2929 γείλατο
432 2861 513 2934 τῷ
548 2862 675 2933 λαῷ
704 2862 942 2933 πέμψειν
972 2866 1000 2917 ὁ
1027 2863 1231 2936 Κύριος
1250 2883 1262 2896 ·
1309 2867 1800 2939 ἀποκρινάσθωσαν

210 2957 344 3026 ἡμῖν,
379 2957 517 3029 πρὸς
546 2955 713 3010 Θεοῦο
748 2956 864 3010 ἔστι
915 2957 1021 3021 τὶς,
1053 2952 1099 3011 ὧ
1131 2958 1417 3029 βέλτιστοι,
1448 2963 1652 3015 τούτων
1690 2960 1801 3014 τῶν

211 3048 304 3101 ἀπὸ
354 3049 650 3104 Μοντανοῦ
679 3049 775 3104 καὶ
812 3050 1091 3118 γυναικῶν
1121 3050 1300 3105 λαλεῖν
1319 3054 1664 3126 ἀρξαμένων,
1696 3053 1790 3106 ὅσ·-

212 3157 281 3203 τις
321 3142 421 3196 ὑπὸ
480 3143 765 3198 Ἰουδαίων
803 3146 1056 3217 ἐδιώχθη,
1088 3148 1120 3217 ἢ
1150 3146 1258 3199 ὑπὸ
1290 3147 1628 3217 παρανόμων
1655 3147 1789 3199 ἀπε-

211 3233 423 3304 κτάνθης
449 3235 669 3299 Οὐδείς.
700 3237 836 3291 Οὐδέ
865 3255 929 3307 γε
961 3229 1048 3303 τίς
1079 3240 1262 3293 αὐτῶν
1306 3239 1604 3311 κρατηθεὶς
1647 3240 1788 3311 ὑπὲρ

1975 2593 2208 2661 Quando
2232 2593 2399 2664 igitur
2428 2591 2819 2663 prophetarum
2855 2604 2955 2643 nos
2987 2587 3369 2643 interfectores
3395 2600 3493 2637 vo-

1904 2698 2123 2753 carunt,
2153 2696 2441 2758 propterea
2468 2686 2613 2756 quod
2642 2685 2897 2755 loquaces
2926 2682 3170 2754 ipsorum
3196 2679 3492 2751 prophetas

1898 2794 2008 2834 non
2062 2780 2385 2834 admisimus
2432 2778 2553 2849 (bos
2600 2778 2747 2832 enim
2802 2792 2927 2831 esse
2993 2774 3298 2837 allirmant,
3348 2787 3488 2841 quos

1896 2870 2164 2927 Dominus
2214 2871 2415 2942 populo
2464 2886 2524 2926 se
2579 2872 2878 2925 missurum
2941 2883 3066 2923 esse
3126 2864 3484 2937 promiserit),

1897 2963 2269 3030 respondeant
2292 2961 2472 3025 nobis,
2510 2976 2718 3031 quaeso,
2744 2976 2839 3031 per
2866 2959 3057 3024 Deum,
3092 2967 3247 3014 estne
3283 2957 3485 3027 aliquis

1896 3067 2112 3119 eorum,
2132 3053 2225 3123 qui
2253 3052 2367 3122 jam
2400 3053 2526 3107 inde
2558 3067 2587 3106 a
2620 3052 2881 3106 Montano
2908 3060 2964 3105 et
2996 3049 3331 3105 mulierculis
3361 3064 3488 3120 gar—

1900 3141 2009 3198 rire
2031 3143 2270 3212 primum
2300 3152 2610 3213 creperum.
2639 3143 2733 3212 qui
2768 3158 2795 3196 a
2825 3141 3029 3197 ludatis
3050 3141 3486 3211 persecutionem

1898 3252 2095 3306 passus
2140 3237 2230 3302 sit,
2256 3246 2350 3291 aut
2386 3237 2455 3292 ab
2502 3236 2687 3307 impiis
2726 3236 3067 3307 trucidatus?
3094 3233 3267 3289 Nemo
3305 3242 3481 3288 certe.

214 3322 290 3377 τοῦ
329 3326 603 3395 ὀνόματος
633 3326 745 3397 (40)
782 3330 1209 3402 ἀνεσταυρώθη;
1246 3331 1321 3383 Οὐ
1348 3307 1483 3401 γὰρ
1517 3326 1640 3384 οὖν’
1671 3307 1793 3386 οὐδὲ

1905 3328 2008 3384 Nec
2040 3345 2169 3384 vero
2204 3329 2348 3387 ullus
2376 3344 2567 3384 eorum
2604 3345 2701 3399 pro
2742 3328 2947 3384 Christi
2995 3326 3217 3381 nomine
3247 3325 3482 3395 prehen-

215 3417 304 3487 μὴν
326 3418 443 3473 οὐδὲ
478 3422 539 3473 ὲν
572 3426 923 3490 συναγωγαῖς
970 3424 1237 3477 Ἰουδαίων
1266 3425 1374 3478 τῶν
1408 3426 1681 3495 γυναικῶν
1707 3445 1791 3492 τις

214 3511 542 3585 ἐμαστιγώοη
568 3513 780 3586 ποτὲ,ἢ
813 3514 1163 3588 ὲλιθοϐολήθη
1181 3534 1194 3581 ;
1213 3512 1496 3588 Οὐδαμόσε
1518 3518 1788 3589 οὐδαμῶς.

217 3601 372 3672 Ἄλλῳ
414 3603 470 3656 δὲ
518 3602 749 3675 θανάτῳ
792 3604 1115 3677 τελευτῆσαι
1146 3607 1399 3675 λέγονται
1424 3608 1704 3673 Μοντανός
1731 3626 1791 3662 τε

215 3694 293 3746 καὶ
319 3694 657 3767 Μαξιμίλλα.
705 3696 943 3762 Τούτους
977 3698 1087 3771 γὰρ
1118 3699 1225 3752 ὑπὸ
1262 3698 1573 3770 πνεύματος
1603 3699 1792 3771 βλαψί-

215 3801 384 3854 φρονος
412 3789 715 3861 ἑκατέρους
764 3790 1218 3861 ὑποκινήσαντος,
1277 3790 1436 3861 λόγος
1488 3793 1791 3864 ἀναρτῆσαι

217 3877 414 3944 ἑαυτοὺς
432 3922 447 3947 ,
475 3882 596 3951 οὐχ’
624 3880 765 3952 ὁμοῦ
785 3921 799 3943 ,
836 3882 980 3936 κατά
1003 3883 1060 3937 δὲ
1089 3883 1182 3936 τὸν
1214 3885 1314 3955 τῆς
1343 3884 1573 3937 ἑκάστου
1603 3885 1791 3938 τελευ-

215 3967 511 4053 τῆςκαιρὸν
543 3971 619 4043 φή
630 3989 706 4043 μη
738 3970 943 4043 πολλή·
978 3973 1073 4025 καὶ
1096 3972 1239 4026 οὕτω
1258 3972 1317 4026 δὲ
1340 3971 1664 4043 τελευτῆσαι
1695 3973 1791 4026 καὶ

215 4058 424 4133 τδπίβίον
449 4064 862 4136 καταστρέψαι,
906 4065 1075 4119 Ἰούδα
1108 4066 1366 4138 προδότου
1393 4065 1568 4138 δίκην.
1599 4066 1789 4120 Καθά-

218 4168 306 4221 περ
328 4154 415 4205 καὶ
450 4154 546 4208 τὸν
575 4155 894 4225 θαυμαστὸν
922 4156 1128 4209 ἐκεῖνον
1162 4156 1254 4209 τὸν
1286 4156 1503 4228 πρῶτον
1535 4156 1637 4226 τῆς
1666 4157 1788 4209 κατ’

218 4242 389 4311 αὐτοὺς
434 4247 746 4320 λεγομένης
806 4249 1148 4321 προφητείας
1185 4244 1297 4303 οἷον
1336 4249 1634 4321 ἐπίτροπόν
1673 4249 1785 4322 (41)

284 4381 385 4452 (36)
421 4384 537 4455 Kal
585 4384 734 4451 τοὺς
785 4385 902 4454 μὲν
960 4387 1296 4455 χαίροντας.
1355 4384 1482 4440 Haec
1530 4386 1790 4455 periodus

230 4453 577 4527 mnnectenda
630 4466 717 4509 est
775 4453 899 4509 eum
924 4453 1014 4510 illa
1053 4453 1324 4527 sequenli,
1377 4457 1476 4527 τὴν
1522 4453 1580 4510 δὲ
1620 4457 1787 4512 καθό-

216 4518 317 4600 λου,
346 4534 443 4579 etc.
489 4524 585 4580 Sic
613 4527 764 4579 enim
783 4542 989 4600 sensus
1025 4518 1237 4597 integer
1267 4518 1595 4600 absolvitur,
1636 4529 1784 4597 quod

217 4596 510 4663 interpretes
561 4612 673 4650 non
705 4596 1236 4652 animadverterunt.
1306 4597 1512 4652 Tamen
1546 4596 1777 4655 acumen

1895 3438 2013 3485 sus,
2046 3423 2101 3477 in
2132 3438 2351 3477 erucem
2385 3432 2541 3477 actus
2564 3432 2676 3488 est;
2718 3424 2806 3475 sed
2844 3436 3021 3491 neque
3048 3420 3157 3475 ulla
3185 3420 3383 3474 mulier
3421 3420 3479 3474 in

1892 3512 2202 3567 Judmorum
2234 3515 2526 3585 synagogis
2560 3524 2654 3568 aut
2686 3513 2872 3584 ﬂagris
2900 3528 3061 3578 eiusa,
3088 3522 3182 3566 aut
3210 3511 3481 3582 lapidibus

1894 3605 2139 3676 impetita
2169 3614 2271 3661 est.
2314 3604 2594 3675 Nusquam
2631 3602 2897 3675 profecto,
2931 3620 3031 3659 nec
3065 3620 3327 3675 unquam.
3364 3602 3479 3656 lmo

1893 3699 2055 3770 longe
2097 3699 2205 3753 alio
2247 3698 2447 3753 mortis
2489 3714 2687 3768 genere
2721 3698 2998 3752 interiisse
3035 3697 3296 3752 dicuntur
3327 3694 3482 3750 Mon-

1892 3800 2057 3846 tanus
2105 3800 2159 3847 et
2192 3790 2515 3855 Maximilla.
2556 3792 2733 3845 Ambo
2783 3791 2951 3856 enim,
2988 3799 3051 3844 ut
3085 3788 3228 3843 fama
3275 3798 3378 3854 est,
3411 3787 3481 3841 ab

1894 3883 2088 3939 insano
2112 3882 2306 3953 spiritu
2339 3882 2569 3947 incitati,
2588 3882 2783 3952 laqueo
2809 3881 2910 3936 sibi
2938 3880 3120 3951 gulam
3164 3879 3477 3950 fregerunt;

1892 3990 2002 4030 non
2043 3975 2264 4045 quidem
2320 3975 2505 4039 simul,
2537 3974 2632 4029 sed
2689 3989 2804 4029 suae
2839 3976 3076 4043 quisque
3108 3972 3300 4027 mortis
3340 3980 3480 4026 tem-

1891 4082 2024 4137 pore
2060 4084 2073 4120 :
2101 4076 2265 4136 atque
2306 4066 2380 4119 ita
2414 4066 2590 4120 instar
2615 4066 2909 4135 proditoris
2938 4062 3093 4119 Juda:
3120 4062 3288 4117 vitam
3318 4062 3477 4116 ﬁnie-

1892 4168 2039 4214 runt.
2071 4157 2162 4213 Sic
2192 4159 2355 4213 etiam
2391 4158 2730 4213 admirabilis
2755 4157 2845 4211 ille
2874 4154 3211 4221 Theodotus,
3242 4155 3336 4224 qui
3364 4154 3478 4224 pri-

1890 4266 2016 4306 mus
2074 4250 2372 4320 prophetiae
2427 4249 2645 4304 illorum
2706 4252 2864 4321 quasi
2899 4258 3222 4319 procurator
3250 4247 3476 4319 quidam

1889 4390 2134 4460 quantam
2170 4388 2477 4460 spiritalia,
2529 4388 2775 4459 quadam
2839 4404 2960 4443 vero
3018 4388 3291 4453 carnalia,
3348 4388 3476 4455 quia

1889 4461 2061 4514 omnis
2091 4459 2240 4514 ανον
2255 4460 2403 4514 carui
2427 4459 2746 4529 deputatur;
2763 4468 2855 4511 aut
2880 4468 3017 4513 certe
3039 4468 3331 4513 commento
3350 4474 3475 4528 quo—

1888 4530 2011 4583 dam
2034 4533 2249 4585 astutia:
2276 4531 2411 4585 bona
2443 4531 2618 4599 ﬁngit,
2651 4541 2706 4582 ut
2761 4529 2842 4583 liis
2886 4531 3087 4583 inserat
3141 4530 3305 4594 mala,
3335 4531 3474 4582 sicut

1888 4617 2049 4669 supra
2108 4603 2393 4655 memoravi
2435 4615 2453 4653 :
2512 4602 2954 4670 quemadmodum
3003 4602 3059 4653 in
3104 4600 3360 4655 Montano
3419 4608 3474 4653 et

220 4660 504 4741 interpretis
532 4666 594 4741 _in
621 4668 727 4741 hoc
753 4668 1026 4741 praecipue
1065 4670 1263 4741 elucet,
1302 4679 1362 4722 ut
1386 4670 1678 4741 verborum
1713 4686 1779 4725 ac
1812 4665 1856 4719 D
1885 4660 2142 4725 Priscilla
2200 4682 2250 4726 et
2318 4660 2627 4725 Maximilla
2679 4672 2951 4739 prophetis
3006 4670 3472 4741 Cataphrygarum

226 4747 396 4810 sensus
429 4737 757 4810 ἀκολουθίαν
779 4737 1196 4810 diligentissime
1219 4748 1584 4810 consectetur.
1606 4738 1777 4795 Porro

218 4799 290 4873 hic
322 4805 465 4861 locus
498 4808 553 4861 in
586 4808 780 4862 codice
840 4799 1003 4873 Man,
1039 4809 1205 4872 Med.,
1247 4810 1383 4865 Fuk.
1419 4819 1474 4863 et
1501 4808 1667 4863 Savil.
1701 4812 1775 4866 ita

216 4871 440 4961 γέμῃ-,ς
476 4878 576 4961 καὶἷ
625 4880 752 4941 τοὺς
798 4878 897 4949 μὲν
930 4871 1226 4952 χαίροντας
1257 4882 1352 4935 καὶ
1376 4880 1777 4951 χαυνουμὲνους

215 4957 288 4993 υτ
311 4957 501 5010 αὑτων,
528 4958 635 5004 etc.

272 5014 371 5091 (δῖ)
436 5020 563 5073 Ἵνα
603 5020 705 5074 καί
760 5021 1130 5091 ἐλεγκτικόν.
1189 5019 1408 5076 Sciebat
1458 5020 1774 5087 Montanus,

216 5096 295 5167 gen
327 5088 531 5167 daemon
568 5092 661 5167 qui
692 5107 786 5161 per
814 5088 1166 5167 hlontanhos
1199 5092 1545 5167 loquebatur,
1582 5093 1778 5167 olima

218 5149 421 5232 Domino
448 5149 769 5227 preti-ictum
815 5162 1007 5225 fuisse,
1058 5162 1176 5216 fore
1211 5149 1286 5216 ut.
1317 5149 1557 5232 Spiritus
1590 5162 1682 5217 Dei
1721 5164 1774 5217 in

218 5223 565 5309 adventu-suo
593 5234 860 5288 mundum
919 5223 1170 5309 argueret
1201 5236 1269 5309 de
1304 5223 1544 5301 peccato.
1589 5237 1778 5309 itaque

217 5292 401 5375 daemon
436 5300 572 5375 ille,_
600 5312 659 5356 ut
711 5319 902 5357 verum
938 5292 1030 5357 υἱέι
1079 5292 1343 5372 Spiritum
1390 5319 1449 5358 se
1478 5319 1599 5358 esse
1626 5292 1779 5357 au'di-

219 5367 405 5445 .lm'ibtm
433 5372 809 5445 conﬁrmaret,
852 5389 947 5428 eos
983 5367 1257 5445 interdum
1301 5375 1564 5445 arguebat
1594 5384 1649 5428 et
1678 5375 1778 5428 ob-

213 5439 457 5505 iurgabat.
494 5440 624 5514 Vide
680 5445 1039 5499 Ambrosium
1102 5447 1155 5499 in
1193 5439 1475 5514 EpistFad
1508 5444 1764 5501 Thessal.

217 5516 315 5581 call-
345 5525 395 5573 ν,
427 5512 588 5580 cujus
610 5516 774 5569 verba
800 5516 889 5569 hic
915 5524 1197 5570 merentur
1233 5512 1468 5570 ascribi:
1506 5515 1648 5568 Hinc
1674 5525 1774 5581 est,

221 5578 339 5659 unde.
357 5591 402 5632 et
427 5578 656 5659 {canitis
684 5585 913 5655 apostoli
940 5585 1184 5659 Epistola
1216 5601 1234 5638 :
1284 5604 1304 5637 ι
1337 5585 1539 5651 Nolite,
1579 5578 1773 5659 inquit;

220 5654 339 5700 omni
366 5654 579 5720 spiritui
609 5654 841 5720 credere,
866 5657 956 5711 sed
990 5654 1209 5726 probate
1243 5659 1489 5726 spiritus,
1516 5659 1563 5711 si
1586 5654 1776 5711 ex'Deo

220 5726 426 5797 ειιιιιρ.»Δ
450 5727 578 5797 quia
608 5726 655 5779 si
689 5728 859 5780 multa
900 5728 1037 5780 bona
1074 5728 1242 5791 dicat,
1274 5734 1327 5781 ιη
1373 5728 1555 5797 aliqua
1598 5740 1777 5782 autem

220 5788 474 5868 (ξφα-βάιεὶ
505 5796 778 5868 adversum
817 5807 927 5863 est,
980 5788 1475 5867 promatpsciatur'
1512 5816 1615 5852 non
1663 5815 1778 5852 esse

225 5852 428 5919 δριτιὶω
452 5877 685 5919 sanctus.
722 5867 876 5920 Nihil
905 5852 1045 5922 enim
1068 5852 1263 5922 erroris
1306 5871 1358 5923 in
1408 5868 1613 5937 Spiritu
1650 5886 1771 5923 sau-

224 5936 290 5978 cto
309 5936 489 5996 poterit
543 5939 773 6009 reperiri.
815 5938 917 5994 Sed
951 5950 1045 5994 aut
1102 5957 1192 6009 per
1222 5936 1530 5996 exercitium
1579 5940 1775 6010 eloquii

1880 4743 2099 4811 spiritus
2141 4744 2325 4796 mundi
2379 4742 2735 4796 imitationem
2762 4743 2883 4796 boni
2907 4743 3233 4806 simulabat,
3290 4752 3344 4794 ut
3379 4755 3472 4807 per

1880 4813 2051 4865 multa
2073 4813 2407 4875 verisimilia,
2433 4828 2524 4866 nec
2555 4829 2658 4866 non
2688 4823 2737 4867 et
2764 4829 2905 4877 vera,
2939 4814 3252 4867 mentiretur
3277 4827 3330 4867 se
3357 4826 3469 4863 esse

1882 4881 2144 4951 Spiritum
2172 4894 2436 4937 sanctum.

1954 4952 2063 5023 (58)
2092 4957 2197 5020 Εἱς
2229 4954 2411 5008 τοῦτο
2451 4958 2894 5011 συνελθόντων.
2929 4953 3466 5022 Christophorsonus

1879 5023 2079 5094 legisse
2107 5026 2320 5080 videtur
2384 5029 2464 5089 είς
2494 5026 2679 5079 ταύτό.

1952 5094 2061 5165 (ὅθ)
2105 5095 2595 5165 Ἀμετροςσώνους.
2636 5093 2845 5149 Alludit
2871 5094 2935 5148 ad
2967 5093 3267 5165 epithetum
3308 5093 3465 5159 illud,

1879 5163 1995 5235 quo
2016 5163 2288 5221 Homerus
2323 5163 2377 5220 in
2415 5166 2589 5220 Iliade
2621 5164 2928 5219 Thersitem
2964 5164 3467 5237 ιιῌίεοίι,,ἀμετροε-

1879 5238 2008 5307 πής.
2041 5238 2187 5305 quod
2239 5238 2381 5292 idem
2411 5245 2496 5291 est
2525 5253 2590 5291 ac
2618 5237 2965 5305 falsiloquus.
3003 5235 3139 5290 Nam
3182 5237 3277 5305 qui
3311 5235 3469 5289 nien-

1881 5308 2113 5370 tiuntur,
2148 5307 2356 5361 nullum
2397 5309 2452 5361 in
2490 5308 2723 5363 dicendo
2754 5308 2974 5360 modum
3012 5322 3233 5361 servare
3262 5307 3464 5362 solent.

1953 5376 2065 5447 (40)
2118 5378 2296 5448 ξΥπὲρ
2320 5378 2429 5435 τοῦ
2462 5380 2772 5448 ὀνόματος.
2809 5380 2868 5431 In
2899 5376 3206 5446 Nicephoro
3241 5377 3464 5448 legitur,

1881 5446 2144 5528 ὑπὲρ-τοῦ
2173 5449 2365 5528 νόμου,
2390 5450 2534 5528 quod
2567 5446 2678 5505 non
2712 5450 2921 5528 probo;
2953 5448 3281 5528 subauditur
3302 5446 3467 5503 enim

1880 5518 1974 5591 τοῦ
2007 5518 2275 5591 Χριστοῦ,
2309 5530 2369 5573 ιιι
2410 5518 2642 5591 Ruﬁnus
2668 5518 2725 5576 et
2762 5519 3300 5591 Christophorsonus
3333 5534 3465 5588 sup-

1880 5587 2078 5661 plevit;
2103 5587 2195 5643 Sic
2227 5592 2371 5659 apud
2409 5590 2707 5647 Eusebium
2739 5591 2835 5646 lib.
2858 5606 2911 5653 ν,
2934 5607 3058 5659 cap.
3100 5590 3189 5656 18,
3220 5590 3465 5661 loquitur

1878 5659 2228 5729 Apollonius,
2264 5663 2355 5715 ubi
2391 5663 2458 5715 de
2488 5662 2822 5717 Alexandro.

1953 5731 2067 5799 (tl)
2112 5728 2254 5784 olor
2308 5732 2655 5800 ἐπίτροπον.
2696 5732 2927 5786 Rutilius
2975 5732 3090 5786 baac
3138 5733 3299 5785 verba
3357 5748 3463 5787 non

1880 5802 2149 5873 agrinscit.
2184 5802 2277 5857 Sic
2301 5805 2447 5858 enim
2490 5806 2671 5868 vertit,
2706 5803 2866 5857 veluti
2899 5803 3305 5873 primogenitum
3334 5819 3463 5871 pro~

1880 5871 2069 5942 plietia:
2100 5872 2356 5940 ipsorum,
2407 5872 2731 5928 Theodotum
2758 5875 2990 5928 nomine.
3036 5871 3240 5927 omnes
3281 5878 3471 5928 tamen.

1881 5944 2098 5998 codices
2129 5954 2182 5998 et
2203 5943 2545 6016 Nicephorus
2576 5946 2716 6000 hanc
2749 5960 2936 6000 vocem
2970 5953 3297 6013 agnoscunt.
3332 5942 3461 5997 Erat
