3966 6504
513 354 616 410 155
872 388 875 391 -
1638 358 2031 416 PONTIANUS
2071 360 2081 416 1

2198 362 2354 417 ’A.-—
2390 359 2688 416 ΝΟἸῚΤΙΑ.
3654 358 3755 411 156

504 474 626 530 dem
652 473 922 545 imperitia
948 474 1164 530 initium
1198 491 1443 543 sumens,
1469 477 1522 531 in
1552 480 1845 534 amentiam
1869 491 2074 547 autem,

2198 482 2299 533 rion
2347 480 2606 552 ἀμαθίας,
2642 477 3033 550 καταστρέφων
3067 478 3122 531 δὲ
3166 478 3245 541 εἰς
3280 476 3531 531 ἀκούσιον
3565 474 3755 545 μανίαν

503 574 566 621 ut
618 566 732 636 jam
769 566 903 633 dixi,
938 566 1369 623 involuntariam
1421 560 1700 626 desinens.
1748 571 2075 642 Hujusmodi

2198 572 2375 643 ρυχῆς,
2414 573 2489 637 ὡς
2524 572 2867 644 προείρηται.
2903 568 3103 623 Τοῦτον
3130 568 3188 621 δὲ
3224 568 3315 621 τὸν
3362 567 3583 639 τρόπον,
3634 563 3757 618 οὔτε

503 670 635 709 vero
669 656 867 724 spiritu
926 656 1136 710 nullum
1175 674 1417 727 unquam
1458 674 1557 714 nec
1582 659 1635 713 in
1670 660 1865 717 Vetere
1896 678 1996 717 nec
2024 663 2078 717 in

2198 664 2299 717 τινὰ
2320 665 2428 717 τῶν
2454 664 2595 718 κατὰ
2629 665 2727 735 τὴν
2749 663 3010 726 Παλαιὰν,
3036 660 3159 716 οὔτε
3183 661 3293 714 τῶν
3330 659 3471 714 κατὰ
3504 658 3605 731 τὴν
3623 661 3762 714 Και-

503 745 659 801 Novo
717 746 1073 804 Testamento
1122 750 1445 818 prophetam
1500 750 1741 805 atllatum
1828 760 2081 820 poterunt

2198 756 2278 825 μὴν
2309 756 2892 827 πνευματοφορηϐἑντα
2920 756 3212 827 προφήτην
3227 754 3395 817 δεῖξαι
3420 753 3758 823 δυνήσονται’

504 841 884 894 demonstrare
919 858 933 894 :
970 846 1079 894 n'on
1132 841 1406 912 Agabum,
1456 857 1567 896 non
1600 840 1819 907 Judam,
1854 858 1963 897 non
1999 843 2081 898 Si-

2198 842 2305 898 >5~ca
2335 844 2592 915 Ἀγαϐον,
2630 844 2753 898 οὔτε
2792 844 3012 907 Ἰούδαν,
3043 844 3166 897 οὔτε
3195 844 3377 905 Σίλαν,
3400 842 3523 896 οὔτε
3549 842 3647 904 τὰς
3668 844 3761 895 Φιί

504 930 636 995 lam,
668 946 767 984 nec
793 929 1024 1000 Philippi
1055 931 1333 997 ﬁlias,nec
1356 933 1627 987 Ammiam
1656 934 2079 1004 Philadelphen-

2198 938 2388 991 timzou
2443 938 2766 1010 θυγατέρας,
2809 936 2935 991 οὔτε
2974 937 3073 1008 τὴν
3121 938 3179 989 ὲν
3225 934 3575 1005 Φιλαδελφείᾳ
3633 934 3764 1002 Ἀμ-

505 1035 641 1083 sem,
675 1037 775 1075 nec
799 1021 1160 1089 Quadratum,
1188 1039 1288 1078 nec
1328 1025 1511 1094 plures
1540 1039 1760 1095 quoque
1812 1026 1952 1081 alios
1984 1025 2083 1095 qui

505 1111 641 1165 nihil
673 1112 740 1167 ad
776 1112 927 1183 ipsos
960 1113 1256 1184 pertinent,
1282 1116 1679 1186 praadieabu'nt.

571 1342 709 1397 Nam
743 1342 787 1398 si
816 1342 1058 1412 quidem,
1094 1352 1153 1397 ut
1182 1341 1498 1412 praedicant,
1523 1353 1645 1413 post
1669 1342 2004 1410 Quadratum
2028 1353 2082 1400 et

504 1438 780 1491 Aminiam
823 1435 1334 1505 Philadelphensem
1386 1438 1643 1493 mulieres
1682 1439 1787 1493 illae
1840 1437 2083 1494 Montani

506 1532 563 1585 in
603 1530 901 1600 prophetiae
932 1530 1160 1599 gratiam
1222 1540 1625 1597 successerunt,
1659 1533 1951 1587 ostendant
1983 1548 2085 1586 nn-

506 1624 594 1677 bis
641 1622 863 1691 quinam
920 1621 1062 1675 inter
1126 1621 1276 1691 ipsos
1325 1621 1584 1677 Montano
1620 1638 1684 1677 ac
1738 1624 2082 1679 mulierculis

507 1716 894 1771 successerint.
946 1714 1160 1770 Etenim
1218 1715 1517 1785 prophetia:
1569 1713 1773 1770 donum
1826 1715 1879 1771 in
1931 1716 2083 1771 omni

507 1808 751 1865 Ecclesia
784 1807 851 1862 ad
886 1808 1143 1862 ultimum
1172 1824 1347 1878 usque
1380 1807 1598 1862 Domini
1632 1808 1925 1863 adventum
1956 1824 2071 1878 per-

2191 1031 2343 1101 μίαν,
2394 1030 2517 1085 οὔτε
2556 1032 2849 1102 Κοδρᾶτον,
2900 1030 3023 1083 οὔτε
3066 1030 3165 1100 ἤδη
3211 1026 3364 1091 τινὰς
3411 1026 3602 1091 ἄλλους
3652 1026 3764 1096 (50)

2193 1123 2357 1193 μηδὲν
2387 1126 2569 1189 αὐτοῖς
2598 1124 2968 1196 προσήκοντας
2996 1123 3383 1192 καυχήσονται.

2256 1346 2320 1399 Εἰ
2356 1344 2464 1417 γὰρ
2521 1344 2658 1415 μετὰ
2703 1344 2980 1416 Κοδρᾶτον
3029 1345 3123 1398 καὶ
3166 1344 3264 1416 τὴν
3309 1345 3366 1397 ὲν
3409 1344 3767 1417 Φιλαδελφείᾳ

2204 1436 2460 1508 Ἀμμίαν,
2516 1435 2591 1499 ὦς
2636 1453 2817 1506 φασιν,
2862 1437 2917 1488 αἱ
2959 1438 3085 1506 περὶ
3136 1435 3413 1489 Μοντανὸν
3464 1436 3769 1502 διεδέξαντο

2191 1531 2449 1598 γυναῖκες
2484 1528 2545 1581 τὸ
2594 1527 2930 1599 προφητικὸν
2968 1529 3235 1599 χάρισμα,
3264 1530 3391 1593 τοὺς
3429 1528 3535 1582 ἀπὸ
3563 1531 3770 1583 Μοντα-

2192 1619 2284 1674 νοῦ
2315 1617 2542 1673 καὶτῶν
2580 1618 2857 1687 γυναικῶν
2891 1617 3036 1682 τίνες
3069 1620 3200 1690 παρ’
3240 1619 3423 1683 αὐτοῖς
3446 1619 3768 1684 διεδέξαντο,

2187 1709 2545 1775 δειξάτωσαν·
2579 1710 2687 1762 δεῖν
2728 1709 2837 1781 γὰρ
2886 1706 3023 1764 εἶναι
3065 1710 3125 1763 τὸ
3164 1712 3497 1783 προφητικὸν
3524 1714 3772 1784 χάρισμα

2187 1805 2243 1857 ὲν
2273 1804 2419 1873 πάσῃ
2440 1804 2505 1873 τῇ
2526 1801 2823 1873 Ἐκκλησία
2857 1803 3018 1874 μέχρι
3040 1802 3131 1856 τὸν
3159 1804 3371 1868 τελείας
3400 1806 3707 1877 παρουσίας
3744 1810 3772 1860 ὁ

507 1918 733 1956 manere
762 1902 982 1967 debere,
1017 1911 1210 1957 auctor
1256 1911 1340 1957 est
1390 1900 1708 1970 Apostolus.
1741 1898 1844 1955 Sed
1870 1901 2081 1955 nullum

2199 1896 2514 1959 Ἀπόστολος
2537 1896 2698 1963 ἀξιοῖ·
2718 1896 2830 1949 ἀλλ’
2857 1897 2954 1949 οὐκ
2980 1896 3045 1950 ἂν
3071 1896 3245 1967 ἔχοιεν
3269 1899 3437 1964 δεῖξαι
3466 1899 3612 1970 (50')
3643 1917 3771 1953 τεσ-

507 2010 734 2065 prorsus
749 2003 999 2063 poterunt
1025 1995 1334 2061 ostendere,
1362 1994 1577 2049 tametsi
1596 1994 1717 2063 jam
1744 2001 1976 2063 quartus
1995 1994 2088 2049 dc-

510 2085 691 2140 cirnus
730 2085 817 2141 hic
856 2094 1050 2155 agatur
1073 2101 1251 2141 annus
1273 2086 1342 2141 ab
1368 2086 1519 2141 obitu
1542 2084 1872 2140 Maximilla.

580 2199 692 2272 (50)
724 2202 871 2272 Οᾷτε
922 2200 1036 2268 ἥδη
1070 2200 1249 2272 τινὰς
1286 2200 1535 2267 ἄλλους.
1570 2199 1627 2254 In
1682 2201 1871 2256 codice
1895 2197 2083 2272 JMed.,

508 2268 648 2325 Μαι.
675 2268 742 2326 ἐι
773 2270 907 2325 Fuk.
938 2282 988 2325 et
1040 2274 1181 2341 apud
1210 2271 1575 2341 Nicephorum
1637 2272 1831 2341 legitur
1860 2268 1983 2323 οὔτε
2007 2286 2089 2321 τι-

508 2495 863 2508 -ι--η

2196 2007 2261 2043 σα
2268 2007 2325 2062 ρε
2334 1990 2681 2043 σκαιδέκατον
2696 1990 2796 2062 ἤδη
2823 2007 2925 2044 που
2938 1988 3096 2043 τοῦτο
3118 1991 3238 2055 ἔτος
3250 1991 3358 2045 ἀπὸ
3372 1993 3470 2064 τῆς
3486 1992 3773 2065 Μαξιμίλ-

2190 2079 2290 2150 λης
2315 2080 2592 2150 τελευτῆς.

2194 2201 2654 2341 νὼῖἑυῗολιίψιίἀ
2688 2267 2878 2323 deesse
2911 2267 3140 2324 videtur.
3175 2269 3274 2326 En.
3312 2270 3552 2327 PATROL.

1788 2654 1958 2698 ANNO
2005 2653 2235 2696 DOMINI
2294 2652 2564 2695 CCXXXIV

1172 2826 2081 3015 PONTIAI‘

2198 2829 2410 3012 JS
2501 2826 3090 3010 PAPA

1854 3304 2461 3419 NOTITIA

516 3528 711 3591 (Μικει,
743 3524 948 3588 Οοηεὶι.,
971 3525 1020 3588 Ι,
1045 3525 1156 3587 755,
1177 3538 1241 3591 ex
1266 3525 1416 3591 Libro
1439 3526 1707 3591 pontiﬁcali
1730 3524 1928 3591 Damasi
1957 3538 2112 3591 papae.
2139 3553 2201 3591 _—
2222 3525 2673 3591 Yarlaslectiones
2698 3528 2925 3591 adubunc
2948 3528 3110 3591 locum
3137 3526 3271 3579 Libri
3313 3526 3611 3581 pontiﬁcalis
3658 3530 3774 3580 vida

1191 3589 1244 3637 in
1277 3586 1535 3638 Anastasio
1564 3586 1969 3648 Bibliothecario,
1991 3586 2291 3652 Patrologia:
2314 3588 2495 3641 Latina:
2516 3596 2554 3639 t.
2578 3589 2807 3651 CXXVII,
2834 3592 2925 3639 col.
2954 3589 3117 3652 1557.)

587 3860 891 3936 Pontianus
920 3861 995 3933 (l)
1024 3861 1245 3917 natione
1272 3861 1672 3936 Romanus,iex
1701 3872 1854 3934 patre
1881 3865 2188 3932 Calfurnio,
2219 3867 2361 3924 sedit
2399 3881 2575 3921 annos
2604 3866 2658 3930 9,
2693 3880 2909 3921 menses
2942 3866 2995 3930 5,
3027 3864 3145 3936 dies
3171 3864 3206 3918 2
3239 3864 3338 3936 (2);
3380 3867 3643 3936 martxrio
3676 3882 3777 3921 co-

516 3943 759 4007 ronatur.
792 3932 1129 4007 Fuit'auteﬁm
1154 3936 1502 4007 temporibus
1533 3932 1854 4007 Alexandri,
1890 3951 1921 3989 a
1951 3941 2235 3993 consulatu
2270 3937 2585 4007 Pompeiani
2615 3946 2669 3991 et
2699 3936 2993 4005 Pelagiani.
3025 3935 3225 4007 Eodem
3263 3932 3777 4004 tempore'Pontia-

516 4020 621 4078 nus
648 4002 938 4078 episcopus
968 4013 1028 4078 et
1064 4002 1347 4078 Philippus
1405 4005 1689 4078 presbyter
1726 4006 1780 4059 in
1812 4006 2009 4078 exsilio
2041 4009 2111 4062 ab
2140 4002 2448 4063 Alexandro
2474 4008 2550 4078 ('5)
2588 4016 2715 4078 sunt
2751 4002 3017 4078 deportati
3053 4007 3105 4061 in
3140 4002 3482 4078 Sardiniam,
3514 4007 3776 4078 ininsu—

515 4075 622 4127 lam
653 4074 966 4135 Buccinam,
998 4073 1198 4127 Severo
1228 4085 1280 4129 et
1310 4073 1608 4141 Quintiano
1635 4076 1977 4132 consulibus.
2014 4078 2067 4133 In
2101 4080 2288 4133 eadem
2319 4073 2495 4133 insula
2529 4073 2780 4141 amictus,
2812 4073 3099 4132 defunctus
3134 4087 3219 4132 est
3258 4093 3353 4130 xm
3391 4076 3618 4131 Kalend.
3667 4077 3776 4132 De-

515 4144 769 4199 cembris.
801 4142 899 4219 Hie
928 4143 1065 4219 fecit
1081 4144 1456 4219 ordinationes
1483 4146 1620 4219 duas
1659 4162 1756 4215 per
1789 4163 2029 4219 m_ensem
2066 4147 2435 4212 Decembrem,
2460 4149 2807 4219 presbyteros
2833 4163 2948 4219 sex.
2971 4148 3241 4219 diaconos,
3258 4148 3520 4219 quinque,
3552 4147 3776 4216 episco-

516 4229 646 4288 pos
666 4230 764 4288 per
792 4215 1023 4288 diversa
1054 4215 1171 4288 loca
1217 4231 1333 4269 sex.
1365 4215 1538 4288 Quem
1584 4216 1777 4271 beatus
1818 4216 2095 4274 Fabianus
2136 4220 2365 4273 adduxit
2400 4215 2533 4288 cum,
2555 4215 2703 4272 clero
2732 4217 2970 4288 navigio,
3000 4226 3054 4271 et
3081 4215 3331 4286 sepelivit
3360 4218 3415 4272 in
3447 4215 3775 4274 cmmeterio

515 4282 722 4339 Callisti
753 4284 839 4338 via
867 4285 1058 4354 Appia.
1093 4284 1159 4339 Et
1187 4286 1425 4341 cessavit
1454 4287 1800 4357 episcopatus
1828 4302 1859 4341 a
1890 4288 1979 4343 die
2013 4289 2371 4359 depositionis
2402 4304 2456 4343 xl
2496 4287 2721 4343 Kalend.
2754 4282 3038 4343 Decembr.
3066 4282 3184 4342 dies
3216 4288 3305 4342 15.

695 4441 1019 4525 Pontianus.
1062 4443 1194 4499 Post
1210 4445 1577 4525 interregnum
1597 4447 1665 4525 {)9
1680 4446 2080 4525 dierum,_octa-
2107 4457 2149 4514 ο
2182 4448 2387 4525 mensis
2436 4445 2781 4525 Novembris,
2815 4460 2959 4501 anno
3004 4444 3206 4525 Chiisti
3252 4443 3363 4525 nati
3394 4442 3520 4525 23?.
3548 4442 3775 4525 Corpus

513 4528 585 4567 vo
614 4512 837 4586 Kalend.
863 4512 1015 4586 Julii,
1045 4512 1558 4586 anno_(1hristi'255,
1593 4517 1883 4571 Alexandri
1914 4519 2081 4586 impe-

514 4584 714 4656 ratoris
745 4583 840 4656 10,
862 4583 1161 4656 Pontianus
1192 4583 1413 4639 Urbano
1452 4587 1798 4656 subrogatur.
1829 4586 1943 4642 Sub
1981 4583 2081 4644 hoc

513 4654 770 4725 pontiﬁce
807 4653 1068 4725 Origenes
1099 4654 1363 4709 Cmsarea:
1406 4653 1809 4725 philosophiam
1858 4659 2079 4725 ducens,

514 4722 837 4805 Gregorium
876 4723 1176 4805 Magnum,‘
1191 4722 1552 4805 cognomento
1585 4722 2076 4805 Thaumaturgum,

512 4792 839 4866 discipulum
888 4792 1095 4848 habuit.
1135 4792 1248 4866 Hoc
1266 4792 1547 4864 'pontiliee
1589 4807 1740 4851 sexta
1775 4792 2080 4866 persecutio

511 4864 974 4927 Christianorum,
1005 4872 1059 4918 et
1107 4864 1343 4919 maxime
1385 4867 1675 4933 prmsulum
1725 4864 1999 4930 Ecclesize,
2051 4884 2084 4922 a

517 4935 817 4988 Maximino
871 4934 1473 5008 imperato_re__public0
1520 4936 1696 4991 edicto
1747 4938 2083 5008 promulgata

511 5015 635 5077 est,
672 5012 954 5075 propterea
1004 5006 1149 5075 quod
1202 5006 1277 5061 dii
1327 5007 1575 5075 gentiles,
1626 5017 1685 5061 ut
1738 5006 2082 5077 spargebant,

511 5076 952 5147 Christianorum
1008 5076 1255 5147 moribus
1313 5085 1367 5131 et
1426 5077 1689 5147 religione
1740 5076 2081 5147 contempti,

514 5146 743 5217 ideoque
794 5145 862 5198 ad
915 5146 1251 5217 iracundiam
1307 5161 1370 5201 ac
1424 5145 1722 5202 vindictam
1778 5145 2079 5217 provocati,

513 5215 825 5288 universam
896 5216 1215 5288 orientalem
1267 5218 1478 5287 plagam
1531 5215 1866 5288 gravissimis
1926 5229 2083 5273 terra:

514 5285 752 5357 motibus
783 5285 1134 5357 acerbissime
1163 5285 1557 5357 exagita'ssent.
1590 5288 1701 5343 Hac
1734 5289 1924 5342 eadem
1962 5304 2080 5357 per-

513 5356 793 5408 secutione
819 5354 1140 5421 Pontianus,
1165 5354 1320 5424 jussu
1355 5358 1647 5412 Alexandri
1688 5359 1741 5412 in
1775 5354 2081 5412 Sardiniam

514 5424 803 5505 relegatus,
833 5424 1113 5505 Maximini
1151 5426 1495 5505 imperatoris
1537 5430 1794 5482 mandato
1823 5428 2078 5505 fustibus

512 5495 849 5562 verberatus,
879 5496 1201 5570 martyrium
1230 5495 1432 5552 ibidem
1462 5498 1861 5555 consummavit
1889 5499 1955 5555 19
1988 5499 2077 5554 die

2188 4519 2332 4573 illius
2362 4527 2547 4586 postea
2585 4532 2613 4569 a
2640 4516 2883 4571 Fabiano
2912 4530 3049 4585 papa
3080 4514 3310 4586 Romam
3336 4514 3685 4586 translatum,
3715 4515 3775 4568 in

2187 4584 2501 4643 cmmeterio
2547 4586 2761 4641 Callisti
2813 4587 3085 4655 sepultum
3135 4594 3238 4640 est.
3268 4584 3468 4639 Baron.
3502 4584 3774 4653 praedicto

2189 4674 2355 4721 anno,
2393 4674 2447 4710 n.
2484 4658 2537 4721 5,
2565 4657 2598 4710 6
2626 4666 2680 4710 et
2713 4655 2795 4710 10.
2828 4655 2955 4710 Ssv.
2989 4656 3107 4709 BIN.

2259 4728 2336 4799 (Ξ)
2377 4727 2521 4783 Sedit
2544 4744 2707 4799 annos
2731 4727 2785 4799 9.
2802 4743 3000 4780 menses
3023 4725 3211 4799 5,_dies
3231 4724 3286 4779 2.
3326 4725 3514 4779 Annos
3535 4723 3589 4789 4,
3610 4738 3771 4799 luen-

2189 4793 2375 4919 sesl'r/i,
2409 4797 2644 4919 dieslﬁs,
2679 4798 2885 4853 sedisse
2936 4812 3003 4851 ex
3042 4797 3129 4851 die
3163 4796 3441 4866 ingressus
3485 4802 3541 4849 et
3584 4793 3775 4850 obitus

2189 4884 2255 4919 (ΞΟ
2302 4877 2481 4919 ιειιῑιιΓ.
2542 4884 2596 4919 1).

2189 4869 2481 4924 colligitur.
2519 4869 2596 4921 In.

2263 4886 2835 5007 (ἓῗιῖῖιὲἇεᾞίεηιροτε
2862 4936 3180 5001 Pontianus,
3215 4943 3343 5007 etc.,
3377 4933 3434 4986 in
3473 4933 3666 4987 exsilio
3702 4934 3772 4987 ab

2189 5005 2516 5062 Alexandro.
2558 5005 2718 5073 Quod
2758 5025 2865 5062 non
2915 5017 3024 5062 tam
3070 5005 3349 5074 religionis
3373 5019 3561 5066 causa,
3598 5021 3771 5073 quam

2190 5080 2370 5148 aliqua
2419 5079 2599 5147 potius
2646 5078 2918 5132 calumnia
2952 5092 2982 5130 a
3013 5077 3304 5148 gentilibus
3328 5075 3771 5148 circumventum

2180 5143 2507 5203 Pontianum
2544 5150 2847 5203 Alexander
2875 5148 3209 5216 relegaverit,
3238 5145 3411 5214 ipsius
3447 5159 3584 5216 erga
3605 5143 3775 5198 Chri-

2180 5221 2387 5273 stianos
2440 5218 2684 5281 affectus,
2711 5228 2765 5272 et
2814 5214 3019 5271 familia
3063 5216 3392 5271 Christianis
3444 5214 3770 5268 hominibus

2181 5289 2378 5343 referta
2401 5289 2619 5341 indicat.
2646 5288 2868 5351 Euseb.,
2898 5288 2993 5341 lib.
3022 5304 3075 5340 vi
3130 5285 3299 5348 Hist.,
3324 5300 3373 5339 c.
3396 5284 3485 5337 2i.
3505 5284 3589 5339 0b
3614 5284 3769 5353 quod

2180 5358 2415 5422 facinus,
2453 5358 2562 5433 Deo
2586 5359 2816 5424 vindice,
2846 5375 2876 5412 a
2904 5357 3168 5412 militibus
3196 5355 3773 5433 Alexandrumjmpe-

2179 5438 2412 5482 ratorem
2442 5432 2681 5483 occisum
2708 5444 2849 5491 esse,
2882 5444 2989 5481 non
3024 5444 3161 5481 vana
3194 5426 3510 5495 conjectura
3536 5425 3646 5481 dici
3668 5439 3773 5493 po-

2181 5500 2325 5555 terit.
2356 5498 2555 5554 Baron.
2596 5515 2740 5555 anno
2767 5498 2893 5564 257,
2930 5515 2985 5554 n.
3026 5499 3077 5553 l.
3116 5497 3191 5553 lo.
