3966 6498
189 383 276 441 i57
1565 384 1847 443 NOTITIA
1880 386 2109 443 ALTER
2119 388 2180 442 Α.

3316 387 3418 445 188

1260 731 1772 825 ΝΟΤΙΤΙΑ
1840 732 2302 824 ALTERA

958 935 1040 998 (D.
1066 933 1338 991 COUSTANT,
1366 924 1601 996 Epistola:
1623 932 1761 983 Rom.
1783 934 1936 993 pont.,
1965 936 2085 980 tom.
2116 929 2138 978 Ι
2170 933 2225 977 et
2256 927 2411 988 unic.,
2446 942 2495 992 p.
2520 927 2652 991 115.)

238 1214 280 1269 l.
328 1212 383 1269 in
425 1209 1082 1285 BucberianoCatalogo,
1121 1221 1179 1269 ut
1226 1222 1282 1269 et
1327 1214 1380 1268 in
1413 1212 1729 1269 Fossatensi
1758 1216 1809 1277 Α
1837 1208 2131 1279 episcopus
2176 1200 2493 1265 damnavit,
2544 1198 2708 1269 hujus
2760 1199 3045 1253 sententia:
3095 1196 3425 1267 subscripsit

174 1318 220 1363 et
248 1308 405 1363 altero
434 1307 640 1378 regina:
688 1306 1015 1371 Succorum,
1064 1307 1133 1361 de
1176 1306 1448 1362 Pontiano
1490 1306 1608 1361 bam
1638 1307 1735 1361 ba-

172 1400 345 1455 bentur
370 1418 384 1454 :
415 1398 718 1454 Pontianus
742 1400 896 1454 annis
929 1400 1179 1470 quinque,
1210 1399 1474 1453 mensibus
1503 1397 1730 1465 duobus,

173 1491 329 1544 diebus
351 1500 568 1561 septem.
617 1489 747 1544 Fuit
792 1491 1110 1560 temporibus
1148 1490 1441 1544 Alexandri
1474 1508 1507 1543 a
1542 1506 1725 1543 consu-

170 1581 266 1636 latu
289 1582 597 1653 Pompeiani
621 1592 670 1637 et
700 1582 1021 1653 Peligniani.
1043 1581 1123 1636 Eo
1151 1592 1379 1653 tempore
1400 1580 1733 1652 Nepotianus

170 1676 275 1747 (leg.
304 1675 626 1746 Pontianus)
654 1685 701 1731 et
732 1675 1053 1747 Hippolytus
1078 1676 1347 1747 presbyter
1378 1676 1584 1732 exsules
1608 1685 1731 1729 sunt

168 1769 402 1838 deportati
434 1769 492 1822 in
537 1768 773 1822 insulam
818 1769 1057 1823 nocivum
1091 1767 1402 1823 Sardiniam
1448 1767 1637 1823 Severo
1682 1777 1732 1823 et

168 1860 492 1926 Quintiniano
526 1860 854 1916 consulibus.
892 1859 960 1915 In
990 1861 1177 1915 eadem
1219 1860 1398 1915 insula
1439 1862 1731 1915 discinctus

166 1964 226 2008 est
249 1971 296 2009 tv
325 1953 603 2009 Kalendas
649 1954 915 2019 Octobris,
946 1963 995 2008 et
1032 1954 1147 2008 loco
1191 1954 1305 2025 ejus
1339 1955 1616 2009 ordinatus
1655 1962 1733 2008 est

165 2050 357 2103 Anteros
387 2065 441 2103 ιι
476 2046 758 2103 Kalendas
781 2047 1107 2115 Decembris,
1137 2048 1440 2103 consulibus
1473 2047 1601 2114 SS.,
1629 2048 1733 2104 hoc

166 2149 228 2195 est
252 2154 408 2211 supra
447 2139 700 2211 scriptis.

217 2274 265 2328 2.
291 2272 425 2341 Quid
458 2275 580 2330 illic
607 2273 900 2330 discinctus
923 2276 1027 2331 sibi
1052 2275 1200 2342 velit,
1245 2276 1348 2331 etsi
1377 2275 1521 2330 inter
1543 2276 1730 2331 erudi-

164 2377 234 2422 tos
276 2383 376 2423 non
428 2368 719 2432 convenit,
763 2369 841 2423 illi
892 2378 1074 2424 tamen
1123 2368 1230 2425 hoc
1271 2370 1438 2424 verbo
1478 2368 1730 2425 Pontiani

166 2469 362 2515 mortem
403 2461 691 2516 enuntiari
736 2478 844 2517 non
890 2462 1162 2518 dubitant.
1197 2462 1267 2518 Et
1296 2479 1425 2518 vero
1450 2464 1497 2519 si
1531 2464 1732 2517 discin-

1837 1301 2035 1356 Roma.
2079 1294 2395 1365 Hieronymi
2440 1308 2504 1347 ea
2535 1294 2601 1348 de
2648 1308 2705 1346 re
2744 1292 2909 1346 verba
2958 1291 3191 1346 Rufinus
3218 1290 3419 1347 Invect.

1834 1395 1931 1451 lib.
1969 1410 2005 1448 ιι
2057 1392 2139 1447 sic
2180 1386 2349 1443 refert
2380 1387 2396 1418 ί
2426 1402 2440 1439 :
2471 1384 2768 1439 Damnatur
2800 1402 2832 1437 a
2870 1384 3134 1439 Demetrio
3179 1385 3423 1454 episcopo

1835 1483 2218 1557 (Origenes)...
2260 1479 2329 1534 In
2373 1479 2772 1533 damnationem
2825 1478 2941 1547 ejus
2991 1478 3248 1531 consentit
3299 1477 3423 1530 urbs

1835 1559 2027 1634 Roma.
2060 1576 2189 1647 Ipsa
2218 1586 2402 1631 contra
2433 1574 2571 1628 hunc
2603 1573 2742 1643 cogit
2784 1579 3048 1635 senatum,
3079 1586 3181 1623 non
3210 1580 3427 1640 propter

1835 1671 2142 1739 dogmatum
2171 1669 2477 1731 novitatem,
2510 1681 2614 1719 non
2643 1672 2856 1734 propter
2887 1660 3150 1725 hwresim,
3184 1669 3243 1713 ut
3282 1674 3423 1713 nunc

1835 1762 2085 1816 adversus
2123 1776 2240 1816 eum
2274 1759 2450 1813 rabidi
2490 1774 2644 1812 canes
2693 1757 2985 1821 simulant;
3021 1755 3112 1810 sed
3150 1756 3276 1827 quia
3306 1754 3425 1825 glo-

1835 1855 1974 1908 riam
2004 1852 2317 1923 eloquentiaz
2359 1851 2475 1920 ejus
2518 1859 2567 1904 et
2603 1849 2838 1903 scientia:
2866 1848 3003 1918 ferre
3029 1863 3131 1902 non
3156 1854 3422 1916 poterant.

1836 1940 1964 1997 Haec
1994 1957 2158 2012 porro
2186 1940 2405 1995 invidia:
2435 1940 2585 1995 labes
2614 1938 3010 2001 Alexandrino,
3034 1951 3144 1991 non
3178 1935 3426 1989 Romano

1835 2034 2065 2089 antistiti
2111 2033 2181 2088 ab
2221 2031 2552 2103 Hieronymo
2602 2030 2863 2085 inuritur.
2905 2028 3016 2085 Nec
3047 2027 3323 2084 immerito
3356 2028 3426 2082 ad

1836 2124 2143 2180 Romanum
2178 2124 2487 2193 pontiﬁcem
2529 2123 2759 2192 ejusque
2800 2123 3008 2177 clerum
3044 2121 3128 2174 vir
3159 2118 3427 2190 religione

1832 2228 1887 2274 et
1916 2218 2225 2273 eruditione
2254 2216 2438 2271 clarus
2469 2216 2520 2271 id
2545 2214 2956 2280 accommodat,
2984 2212 3133 2283 quod
3161 2210 3427 2282 Augusti-

1834 2324 1939 2364 nus
1966 2308 1987 2338 ³
2023 2308 2091 2363 de
2133 2307 2325 2371 altera,
2372 2304 2467 2361 sed
2518 2304 2685 2360 simili
2715 2318 2881 2358 causa
2928 2301 3109 2355 dixit:
3147 2298 3426 2355 Creditum

1833 2412 1911 2457 est
1959 2402 2153 2456 litteris
2193 2399 2446 2464 concilii;
2496 2414 2659 2467 neque
2690 2398 2829 2450 enim
2876 2394 3035 2448 aliter
3076 2393 3421 2462 oportebat...

1836 2494 1998 2550 Salva
2027 2494 2167 2548 enim
2197 2491 2518 2545 conscientia
2550 2489 2743 2543 litteris
2789 2488 3004 2542 concilii
3034 2485 3367 2540 crediderant
3404 2501 3423 2539 :

164 2568 257 2621 σενι
287 2554 336 2608 id
361 2562 449 2609 est
478 2554 633 2624 apud
665 2555 1079 2625 grammaticos,
1110 2556 1257 2627 quod
1284 2556 1448 2626 oﬁieio
1475 2567 1520 2610 et
1551 2556 1727 2626 digni-

1835 2603 1999 2659 neque
2027 2586 2168 2640 enim
2196 2584 2262 2637 ab
2297 2583 2597 2637 hominibus
2627 2582 2690 2635 de
2730 2580 2854 2633 aliis
2885 2578 3184 2632 hominibus
3213 2576 3421 2647 aliquid

166 2654 250 2698 tate
288 2647 533 2715 privare,
590 2661 700 2701 non
756 2646 937 2717 inepte
975 2647 1511 2703 dicitur‘discinctus
1562 2663 1724 2719 papa,

164 2750 296 2805 quem
328 2753 473 2793 mors
503 2737 792 2807 pontiﬁcis
816 2737 1079 2806 dignitate
1110 2737 1363 2808 privavit.
1399 2737 1513 2793 Hoc
1542 2746 1725 2792 autem

164 2827 332 2892 posito,
382 2828 643 2899 sequitur
690 2836 751 2882 ut
796 2826 1101 2883 Pontianus
1142 2844 1289 2883 anno
1336 2829 1462 2895 250,
1496 2827 1626 2884 Julii
1655 2826 1728 2881 2‘2

166 2919 251 2983 die,
281 2918 405 2975 feria
444 2924 649 2992 quinta
686 2920 1011 2987 ordinatus,
1051 2937 1196 2975 anno
1220 2922 1347 2988 255,
1392 2920 1727 2992 Septembris

166 3008 220 3063 28
248 3010 325 3066 die
351 3028 457 3067 una
507 3028 643 3067 cum
685 3014 799 3067 vita
847 3024 1160 3083 susceptam
1197 3012 1446 3068 amiserit
1485 3012 1726 3083 dignita-

166 3110 268 3157 tem.
296 3102 399 3161 Nec
430 3106 628 3160 obstat
654 3107 800 3177 quod
827 3122 972 3161 anno
1003 3106 1110 3161 250
1135 3122 1243 3161 non
1270 3105 1636 3177 Pompeianus
1672 3114 1727 3161 et

166 3190 479 3265 Felignianus
499 3237 515 3261 ,
559 3198 654 3253 sed
694 3196 947 3267 Agricola
982 3210 1037 3253 et
1067 3198 1444 3254 Clementinus
1472 3199 1730 3255 consula-

168 3295 258 3339 tum
290 3289 584 3357 gesserint.
622 3288 717 3343 Sic
763 3290 909 3344 enim
957 3290 1242 3354 hactenus,
1271 3290 1347 3344 uti
1386 3290 1500 3360 jam
1532 3291 1587 3344 in
1623 3289 1729 3346 Te-

167 3375 386 3447 lesphoro
436 3381 771 3449 observavi,
821 3383 1159 3453 compositus
1210 3391 1295 3438 est
1349 3382 1729 3440 Buclierianus

165 3472 429 3545 catalogus,
484 3482 548 3530 et
602 3476 668 3530 ad
722 3476 844 3547 ejus
893 3476 1253 3532 imitationem
1298 3477 1503 3541 caeteri,
1546 3476 1728 3547 utqui

168 3560 291 3619 illum
322 3568 680 3637 conscripsit,
714 3569 971 3624 consules
994 3570 1196 3640 quibus
1222 3570 1455 3640 quisque
1484 3569 1727 3639 pontifex

166 3656 301 3712 Vitam
334 3660 568 3727 ﬁnierit,
601 3662 770 3715 semel
810 3672 1029 3717 notasse
1065 3670 1376 3729 contentus,
1404 3664 1626 3718 eosdem
1671 3664 1726 3719 in

167 3762 515 3807 successorum
553 3753 714 3808 initio
742 3753 1082 3824 designanda
1115 3763 1359 3824 repetere
1396 3755 1622 3811 caverit.
1651 3757 1730 3811 Ac

168 3840 269 3897 licet
294 3845 589 3917 plerosque
634 3846 827 3900 iisdem
859 3846 1211 3913 consulibus,
1240 3847 1443 3918 quibus
1473 3848 1730 3904 decesso-

1830 2679 2137 2735 incredibile
2180 2676 2490 2739 dicebatur,
2546 2685 2640 2727 aut
2695 2672 2771 2727 eis
2830 2683 3017 2726 contra
3074 2669 3425 2741 Evangelium

1829 2772 2205 2827 credebatur...
2243 2768 2388 2822 Sane
2418 2765 2711 2820 concordia
2745 2762 3117 2818 Ecclesiarum
3160 2760 3422 2830 postulat,

1829 2862 2291 2936 quemadmodum
2317 2859 2613 2914 concilium
2640 2855 2943 2921 Nicaenum,
2965 2868 3089 2909 can.
3110 2852 3163 2918 5,
3189 2852 3425 2909 subinde

1831 2958 2034 3023 sanxit,
2064 2964 2124 3011 ut
2154 2972 2183 3010 a
2208 2953 2428 3025 proprio
2452 2951 2713 3022 episcopo
2735 2949 2859 3019 quis
2885 2947 3422 3009 excommunicatus,

1830 3051 1901 3108 ab
1939 3049 2062 3105 aliis
2090 3063 2198 3102 non
2245 3046 2566 3115 recipiatur,
2608 3042 2716 3097 nisi
2763 3042 2985 3096 aliunde
3015 3048 3293 3109 comperta
3325 3038 3425 3093 ba-

1830 3142 2024 3198 beatur
2070 3138 2191 3209 ejus
2238 3136 2572 3201 innocentia,
2610 3133 2790 3203 quoad
2832 3132 3005 3202 ipsius
3034 3144 3201 3185 causa
3233 3128 3303 3183 de
3334 3128 3423 3182 in-

1830 3242 1984 3304 tcgro
2019 3230 2271 3286 discussa
2300 3229 2637 3282 absolvatur.
2671 3224 2807 3279 Hinc
2837 3234 3099 3293 praeterea
3125 3229 3422 3276 excusatur

1831 3322 2206 3378 Romanorum
2247 3336 2372 3375 cum
2428 3317 2705 3374 Demetrio
2745 3318 2799 3370 in
2829 3314 3083 3385 Origenis
3111 3311 3423 3368 damnatio.

1831 3432 1955 3471 nem
1980 3413 2296 3477 consensio,
2326 3412 2493 3484 quod,
2535 3419 2670 3466 teste
2704 3409 2901 3464 Rutilio
2935 3408 3090 3478 Apol.
3125 3424 3219 3477 pro
3242 3406 3420 3476 Θήῃ..

1832 3506 2062 3561 Romam
2094 3504 2256 3559 delati
2287 3502 2504 3558 fuerant
2534 3502 2659 3556 libri
2697 3498 2918 3571 Origeni
2957 3498 3250 3570 suppositi,
3284 3499 3421 3565 imo,

1832 3608 1892 3653 ut
1923 3596 2287 3668 Hieronymus
2328 3594 2487 3664 epist.
2516 3592 2587 3647 65
2621 3592 2688 3647 ad
2722 3591 3065 3659 Pammacb.,
3104 3607 3154 3645 c.
3193 3590 3259 3657 5,
3293 3605 3424 3643 nar-

1832 3701 1936 3754 rat,
1964 3689 2186 3759 quidam
2235 3689 2410 3757 ipsius
2456 3687 2662 3756 proprii
2715 3700 2824 3738 non
2868 3684 3004 3739 satis
3049 3682 3329 3754 castigati,
3364 3682 3422 3736 in

1831 3784 2034 3854 quibus
2063 3782 2326 3837 nonnulla
2359 3790 2516 3835 erant
2540 3777 3009 3850 reprehendenda,
3043 3792 3274 3847 quaeque
3297 3774 3424 3829 Ori-

1831 3891 2046 3945 genem,
2077 3886 2135 3929 ut
2175 3875 2405 3944 ipsemet
2440 3881 2631 3943 postea
2669 3872 2722 3925 in
2759 3870 2989 3940 cpistola
3015 3869 3082 3923 ad
3114 3868 3420 3923 Fabianum

166 3935 525 4035 res-obierunt,
566 3936 634 3992 iis
664 3937 999 3992 successisse
1025 3945 1258 4004 constet,
1295 3939 1493 3993 horum
1542 3948 1725 3994 tamen
1756 3976 1796 4034 Ο
1832 3935 2148 4033 fassus'est’
2189 3935 2473 4035 geripsissg
2500 3935 2819 4034 minuebat;
2845 3962 2979 4018 cum
3020 3970 3203 4015 autem
3232 3960 3423 4015 Deme_

166 4020 350 4082 initium
391 4045 505 4084 non
566 4029 636 4083 ab
676 4029 903 4096 iisdem,
934 4032 1029 4086 sed
1062 4046 1092 4083 a
1131 4032 1485 4101 sequentibus
1525 4047 1728 4087 consu-

166 4114 283 4173 libus
310 4120 646 4192 consignare
674 4124 980 4178 consuevit.
1009 4122 1277 4178 Praedieto
1305 4132 1485 4178 autem
1516 4124 1728 4179 calculo

169 4222 324 4265 secum
373 4214 710 4270 conciliatur
764 4215 1071 4282 Eusebius,
1120 4217 1214 4287 qui
1274 4215 1603 4271 Pontianum
1670 4218 1725 4271 in

167 4302 392 4362 Chronico
430 4310 663 4381 quidem
714 4312 868 4365 annis
899 4313 1153 4382 quinque,
1184 4313 1238 4366 in
1283 4311 1531 4366 Historia
1571 4314 1726 4367 annis

166 4410 241 4449 ses
276 4400 655 4472 episcopatum
704 4403 951 4459 tenuisse
1004 4406 1215 4459 scribit.
1268 4403 1403 4459 Nam
1456 4414 1511 4459 et
1568 4406 1727 4461 annis

163 4488 377 4561 quinque
425 4495 720 4566 completis
745 4534 759 4559 ,
795 4503 852 4551 et
894 4512 989 4551 sex
1038 4497 1383 4567 incompletis
1424 4497 1725 4553 Ecclesiam

164 4579 561 4641 administravit.
578 4586 640 4640 In
662 4596 982 4644 transcursu
999 4588 1088 4644 hic
1114 4605 1311 4644 moneo
1327 4590 1380 4643 in
1412 4588 1727 4645 Victoriano

165 4688 346 4731 canone
380 4680 526 4749 apud
577 4679 911 4735 Bucherium
936 4722 952 4746 ,
979 4698 1033 4753 p.
1066 4683 1167 4746 54,
1215 4681 1548 4753 Pompeiano
1597 4700 1727 4738 con-

168 4767 253 4821 suli
297 4786 398 4827 non
449 4772 877 4845 Pelignianum,
926 4778 1019 4831 sed
1067 4776 1403 4832 Felicianum
1463 4778 1724 4849 collegam

165 4860 377 4934 adiungi.
404 4864 615 4921 Verum
662 4867 766 4923 iste
802 4884 979 4925 canon
1025 4886 1132 4926 non
1167 4872 1329 4925 modo
1357 4887 1422 4926 ex
1449 4870 1725 4926 Romano-

163 4964 265 5007 rum
294 4960 615 5023 pontiﬁcum
651 4962 922 5033 catalogo,
966 4963 1060 5018 sed
1105 4973 1158 5017 et
1194 4980 1260 5017 ex
1288 4965 1516 5034 antiquo
1552 4964 1725 5019 fasto-

161 5058 262 5101 mm
296 5055 673 5109 consularium
702 5053 1006 5126 fragmento
1040 5057 1181 5126 apud
1209 5058 1461 5113 eumdem
1514 5057 1729 5113 Buche-

162 5138 280 5193 rium
304 5158 424 5215 pag.
451 5146 564 5199 247
586 5157 669 5202 est
698 5148 1073 5217 corrigendus.

191 5230 256 5285 De
284 5234 530 5307 Origenis
562 5241 928 5307 damnatione,
958 5254 1007 5296 et
1038 5244 1102 5296 de
1131 5241 1388 5297 Pontiani
1423 5244 1685 5314 epistolis.

222 5326 264 5378 1.
322 5327 624 5402 Postquam
673 5331 959 5405 Origenem
1020 5335 1329 5392 Demetrius
1377 5337 1721 5392 Alexandria:

228 5482 410 5558 ‘Apud
438 5489 698 5561 Hierom,
720 5509 847 5550 nov.
882 5496 1013 5554 edit.
1045 5507 1178 5554 tom.
1204 5496 1294 5567 IV,
1323 5514 1446 5570 pag.
1473 5500 1597 5556 450.

1831 4060 1919 4113 trii
1954 4074 2103 4113 mors
2132 4072 2276 4111 anno
2298 4056 2400 4110 251
2434 4056 2672 4119 labente,
2710 4053 2795 4107 vel
2839 4062 2898 4106 ut
2923 4052 3100 4107 serius
3131 4066 3276 4105 anno
3313 4052 3422 4105 252

1828 4150 2203 4221 consignetur,
2238 4148 2356 4202 haec
2378 4145 2630 4217 Origcnis
2661 4144 2944 4199 damnatio
2981 4142 3254 4198 Pontiano
3282 4158 3423 4212 pon-

1828 4243 1992 4307 titice,
2019 4250 2073 4296 et
2101 4240 2291 4311 primis
2324 4239 2543 4309 quidem
2585 4238 2730 4293 illius
2771 4238 2929 4292 annis
2952 4279 2967 4305 ,
3013 4236 3308 4306 contigisse
3334 4237 3422 4291 di-

1828 4330 1997 4385 cenda
2028 4338 2132 4384 est.
2160 4327 2274 4384 Hac
2302 4329 2371 4383 de
2404 4344 2463 4382 re
2495 4327 2797 4383 Pontianus
2833 4343 2941 4383 non
2969 4328 3145 4395 solus,
3172 4328 3265 4383 sed
3295 4343 3420 4382 cum

1829 4430 2062 4487 senatu,
2118 4422 2224 4476 hoc
2265 4429 2350 4476 est
2398 4436 2523 4475 cum
2565 4421 2733 4486 clero,
2782 4422 3179 4490 pronuntiavit.
3233 4419 3422 4491 Neque

1828 4515 1971 4569 male
1994 4524 2170 4570 coetus
2206 4514 2297 4568 ille
2317 4514 2473 4581 cleri,
2497 4530 2661 4584 quem
2688 4514 3073 4584 presbyterium
3104 4531 3301 4570 vocare
3328 4532 3423 4569 ve-

1828 4612 1972 4659 teres
2001 4604 2202 4667 solent,
2248 4613 2462 4657 senatus
2492 4604 2560 4657 ab
2599 4602 2933 4674 Hieronymo
2973 4604 3279 4673 appellatus
3311 4613 3417 4657 est.

1828 4696 2023 4751 Latine
2066 4696 2269 4766 quippe
2325 4704 2541 4751 senatus
2598 4694 2803 4749 Graecm
2853 4694 2974 4749 voci
3026 4693 3419 4765 πρεσϐυτέριον

1828 4780 1951 4858 apte
1982 4788 2298 4857 respondet.
2322 4786 2593 4841 Caeterum
2632 4795 2812 4842 coetus
2844 4786 2936 4842 ille
2972 4786 3352 4855 presbyterium
3386 4801 3418 4839 a

1827 4880 2065 4951 digniori
2099 4889 2255 4950 parte
2295 4889 2663 4948 nuncupatur,
2696 4879 2949 4948 quamvis
2981 4877 3145 4931 etiam
3195 4876 3419 4945 presby-

1828 4972 1965 5027 teris
2008 4970 2302 5027 inferiores
2348 4969 2535 5026 clerici
2577 4971 2870 5025 convenire
2914 4969 2969 5023 in
3021 4983 3147 5023 eum
3188 4982 3418 5022 consue-

1826 5065 2024 5119 verint.

1899 5157 2155 5213 Pontiani
2183 5159 2306 5213 duae
2331 5157 2561 5226 {exstant
2590 5156 2836 5228 epistolae
2877 5155 3084 5211 Isidoro
3116 5153 3415 5209 architecto

1829 5249 2193 5315 concinnam,
2226 5249 2472 5319 adeoque
2521 5248 2578 5302 in
2624 5264 2814 5303 earum
2866 5248 3133 5315 classem,
3164 5261 3301 5317 quas
3324 5246 3416 5301 ille

1828 5342 2034 5412 pariter
2064 5341 2341 5409 conﬂavit,
2366 5340 2746 5397 amandandaa.

1748 5500 1768 5530 ³
1795 5480 1916 5556 Lib.
1949 5497 2188 5574 Deruuit.
2218 5497 2391 5567 Eccl.,
2419 5513 2471 5557 c.
2494 5497 2589 5566 25,
2612 5514 2670 5555 ιι.
2698 5496 2786 5555 18.
