3966 6514
247 375 332 429 Ml

1694 379 2077 440 EPISTOLE.

3362 394 3465 447 162

243 495 433 549 minum
460 492 686 548 insidias
711 492 992 564 adjuvare,
1010 510 1309 569 eorumque
1328 514 1526 556 causas
1552 511 1791 572 portare,
1822 507 1868 562 Α
1895 503 2292 560 instantissime
2344 504 2620 573 laborate,
2653 506 3036 580 elecmosynis,
3080 524 3218 579 quas
3251 526 3466 580 semper

243 588 419 641 scitote
448 600 545 640 vos
567 586 619 640 in
647 600 714 641 eo
750 588 906 643 valde
940 588 1055 645 Deo
1081 590 1315 660 placere,
1343 593 1438 662 qui
1471 593 1571 649 sibi
1600 610 1695 650 eos
1723 596 1790 650 ad

242 674 565 729 serviendum
590 676 806 738 ascivit.
829 686 885 732 ct
910 676 1209 736 familiares
1239 680 1509 735 intantum
1541 684 1643 737 sibi
1669 699 1791 739 esse

240 765 411 831 voluit,
435 774 497 819 ut
523 766 683 820 etiam
720 769 953 822 aliorum
984 769 1190 825 hostias
1215 787 1314 841 per
1340 787 1436 827 eos
1462 784 1786 842 acceptaret,

238 867 383 926 atque
414 873 603 912 eorum
630 868 848 928 peccata
874 860 1121 928 donaret,
1144 863 1361 932 sibique
1391 865 1783 919 reconciliaret.

237 950 330 1020 ipsi
373 966 591 1020 quoque
620 954 841 1022 proprio
888 969 985 1009 ore
1023 971 1221 1025 corpus
1268 956 1481 1011 Domini
1511 956 1588 1028 (6)
1616 957 1786 1012 conli—

235 1043 415 1106 ciunt‘,
448 1054 501 1097 et
523 1045 739 1113 populis
770 1046 1010 1101 tradunt.
1030 1046 1104 1101 De
1128 1049 1236 1102 illis
1262 1050 1407 1102 enim
1431 1050 1636 1104 dictum
1661 1060 1782 1105 est:

236 1134 325 1197 Qui
354 1149 435 1186 vos
458 1136 923 1197 contristabit._me
944 1140 1315 1205 contristabit;
1335 1152 1383 1196 et
1404 1142 1494 1208 qui
1526 1141 1666 1194 vobis
1696 1143 1783 1209 [α-

232 1228 320 1279 ciet
340 1227 614 1296 injuriam,
635 1231 844 1297 recipiet
862 1229 915 1282 id
930 1232 1067 1301 quod
1087 1233 1261 1302 inique
1280 1235 1436 1303 gessit
1452 1234 1493 1288 '.
1529 1232 1594 1287 Et
1614 1235 1740 1289 alibi
1765 1252 1778 1289 :

235 1316 325 1383 Qui
352 1335 431 1371 vos
456 1322 629 1385 audit,
660 1338 739 1375 me
763 1323 947 1386 audit;
973 1333 1022 1377 et
1048 1325 1138 1393 qui
1162 1340 1247 1378 vos
1284 1327 1505 1395 spernit,
1535 1344 1614 1381 me
1640 1346 1773 1397 sper-

234 1410 433 1476 nit;qui
447 1417 628 1461 autem
652 1427 731 1463 me
751 1413 971 1479 spernit,
998 1416 1194 1482 spernit
1215 1432 1332 1469 eum
1358 1418 1448 1481 qui
1472 1434 1550 1471 me
1574 1420 1717 1472 misit
1737 1421 1776 1472 ⁸.

233 1499 287 1553 ili
313 1501 447 1553 enim
483 1517 594 1554 non
624 1512 752 1559 sunt
783 1504 1097 1572 infestandi,
1129 1507 1222 1561 sed
1260 1509 1585 1564 honorandi.
1613 1510 1667 1564 ln
1697 1513 1779 1566 his

226 1605 427 1659 quoque
464 1590 733 1648 Dominus
769 1595 1091 1660 honoratur,
1139 1598 1297 1668 cujus
1344 1599 1610 1670 legatione
1657 1602 1775 1655 fun-

226 1714 423 1773 guntur.
451 1702 517 1758 Hi
556 1722 707 1776 ergo,
740 1708 785 1761 si
814 1707 953 1763 forte
975 1710 1292 1778 ceciderint,
1318 1728 1348 1766 a
1381 1714 1629 1769 ﬁdelibus
1651 1724 1777 1769 sunt

226 1797 518 1851 sublevandi
558 1808 611 1852 et
644 1802 915 1869 portandi.
945 1802 1245 1858 Accusandi
1294 1818 1474 1860 autem
1512 1824 1617 1860 non
1649 1818 1777 1861 sunt

1890 592 2142 655 amastis,
2167 592 2281 662 jam
2315 608 2460 648 nunc
2504 595 2707 665 largius
2741 604 2902 666 atque
2930 599 3155 652 ulterius
3182 601 3305 655 date
3334 616 3459 671 0pc-

1888 697 2028 745 ram,
2054 693 2111 738 ut
2131 694 2284 738 tanto
2311 695 2433 754 post
2460 700 2671 743 crescat
2698 691 2853 745 vobis
2888 691 2941 744 in
2964 692 3321 747 retributione
3346 693 3464 748 fru-

1888 782 2009 828 ctus
2039 776 2300 840 muneris,
2331 787 2538 846 quanto
2596 780 2685 836 hic
2730 784 3031 837 excreverit
3088 785 3329 838 studium
3380 785 3460 839 la-

1886 865 2056 920 boris.

1956 956 2242 1023 Praeterea,
2279 960 2580 1017 salutantes
2605 972 2828 1031 paterna
2847 963 3133 1019 dulcedine
3161 965 3459 1022 bonitatem

1884 1057 2118 1102 vestram
2151 1051 2192 1116 ⁸,
2225 1054 2457 1120 petimus
2492 1063 2551 1107 ut
2596 1054 2649 1106 in
2694 1054 2871 1118 bonis,
2918 1071 3038 1123 quae
3088 1057 3351 1126 coepistis,
3394 1073 3462 1112 ne

1882 1141 2164 1197 deficiatis.
2214 1142 2396 1214 Neque
2428 1148 2572 1200 ullus
2607 1160 2704 1200 vos
2749 1148 2818 1200 ab
2863 1148 2943 1201 eis
2983 1158 3227 1203 avertere
3261 1151 3458 1219 possit,

1867 1234 1974 1287 sed
2008 1234 2060 1286 in
2103 1238 2314 1290 cunctis
2345 1237 2597 1291 allectum
2636 1250 2829 1291 vestrae
2867 1239 3169 1303 charitatis,
3197 1239 3379 1317 clerici
3406 1249 3461 1295 et

1882 1325 2023 1378 servi
2064 1324 2177 1387 Dei,
2214 1343 2279 1381 ac
2300 1327 2484 1381 cuncti
2516 1327 2836 1391 Christiani,
2862 1329 2954 1397 qui
2987 1329 3039 1382 in
3078 1330 3184 1383 illis
3215 1322 3458 1398 partibus

1879 1428 2310 1481 commorantur,
2357 1435 2543 1473 amore
2589 1418 2793 1473 Christi
2838 1429 2890 1471 et
2928 1419 2984 1472 S.
3039 1417 3182 1472 Petri
3233 1420 3460 1488 pleniter

1882 1506 2206 1573 inveniant,
2266 1517 2318 1562 et
2355 1508 2556 1562 favoris
2609 1508 2773 1561 vestri
2823 1507 3071 1571 solatiis,
3132 1524 3459 1578 quocunque

1880 1598 2043 1652 modo
2094 1614 2318 1653 necesse
2370 1598 2566 1662 fuerit,
2616 1600 2926 1667 potiantur;
2975 1609 3245 1668 quatenus
3278 1611 3457 1654 vestra

1878 1688 2056 1741 cuncti
2105 1703 2206 1757 0pc
2246 1688 2452 1743 defensi
2501 1697 2663 1757 atque
2690 1689 2881 1756 adjuti,
2926 1698 2979 1742 et
3014 1704 3113 1743 nos
3153 1688 3305 1743 vobis
3330 1706 3457 1757 gra—

1880 1777 2076 1830 tiarum
2108 1779 2382 1846 possimus
2408 1780 2670 1833 exsistere
2698 1779 2969 1833 debitores
3000 1779 3019 1810 ⁹
3040 1818 3055 1842 ,
3104 1790 3158 1833 et
3208 1779 3458 1835 Christus

222 1886 281 1940 ab
305 1886 620 1953 infamibus,
656 1900 749 1943 aut
790 1894 1090 1960 sceleratis,
1122 1896 1206 1949 vel
1240 1896 1495 1962 inimicis,
1525 1908 1618 1952 aut
1644 1899 1775 1952 alte-
1809 1852 1848 1905 Β
1876 1864 2033 1962 λεῲ
2059 1866 2316 1922 Dominus
2353 1880 2819 1962 “mimm'a’”
2863 1870 3086 1962 g'°.“““‘
3121 1880 3455 1939 compense"

224 1978 319 2031 rius
349 1988 505 2032 sectae
534 1979 620 2034 vel
648 1980 925 2049 religionis
954 1984 1284 2041 hominibus.
1325 1988 1382 2044 Si
1410 1993 1772 2058 peccaverint,

220 2084 247 2122 a
301 2070 523 2139 reliquis
588 2083 886 2144 arguantur
961 2078 1385 2145 sacerdotibus;
1461 2082 1555 2136 sed
1616 2092 1670 2137 et
1742 2100 1772 2138 a

222 2164 427 2218 summis
465 2166 829 2234 pontiﬁcibus
862 2170 1330 2239 constringuntur,
1375 2182 1429 2226 et
1474 2189 1582 2227 non
1613 2191 1641 2228 a
1670 2191 1773 2231 sa:-

218 2254 494 2320 cularibus,
522 2267 623 2311 aut
658 2259 815 2313 mala:
848 2259 972 2313 vitae
1024 2260 1340 2317 hominibus
1371 2274 1667 2334 arguantur
1690 2266 1773 2320 vel

216 2357 504 2401 arceantur.
533 2349 698 2415 Quod
733 2366 864 2421 ergo
888 2351 955 2405 de
980 2350 1165 2408 fratris
1213 2355 1377 2408 vestri
1413 2358 1646 2411 transitu
1675 2374 1772 2414 vos

220 2438 505 2492 contristari
537 2439 858 2496 audivimus
889 2442 932 2509 ⁷,
970 2458 1079 2497 non
1110 2446 1326 2500 modico
1367 2450 1634 2517 compulsi
1674 2466 1773 2504 su-

219 2541 324 2581 mus
347 2543 610 2584 maerore.
644 2527 799 2586 Unde
832 2533 1257 2603 omnipotentem
1286 2535 1453 2591 Deum
1492 2554 1770 2611 rogamus,

218 2625 269 2669 ut
292 2634 394 2673 sua:
415 2635 515 2675 vos
551 2622 746 2692 gratia:
770 2624 1104 2693 aspiratione
1133 2628 1466 2696 consoletur,
1494 2646 1699 2701 vosque
1720 2644 1773 2690 et

219 2721 244 2758 ιι
272 2708 509 2779 malignis
531 2710 845 2779 spiritibus,
868 2722 923 2766 et
950 2729 979 2767 a
1006 2717 1275 2782 perversis
1299 2718 1635 2788 hominibus,
1660 2739 1773 2779 cu:-

220 2797 320 2852 lesti
375 2801 723 2869 protectione
753 2806 1067 2869 lcustodiat.
1110 2805 1247 2861 Nam
1295 2818 1347 2864 et
1394 2811 1438 2865 si
1466 2828 1622 2883 |quos
1653 2826 1773 2884 post

221 2889 345 2945 illius
396 2893 614 2947 obitum
655 2897 924 2950 tumultus
961 2900 1324 2967 quorumdam
1360 2902 1769 2961 adversantium

221 2981 495 3044 sustinetis,
538 2983 715 3037 nolite
744 2985 966 3049 mirari,
1004 2986 1049 3039 si
1084 3001 1210 3052 vos,
1259 2988 1352 3057 qui
1383 2987 1490 3043 frui
1529 2990 1687 3045 bonis
1715 2992 1769 3046 in

220 3079 338 3126 terra
381 3082 592 3141 vestra,
626 3076 677 3130 id
706 3085 811 3141 est,
859 3078 913 3131 in
963 3088 1107 3134 terra
1139 3080 1435 3134 viventium
1477 3083 1719 3151 quaeritis
1742 3124 1759 3151 ,

1875 1968 1931 2015 et
1976 1960 2168 2015 beatus
2217 1961 2495 2029 apostolus
2526 1959 2718 2014 Petrus
2752 1961 3122 2027 apostolorum
3170 1962 3452 2032 princeps,

1877 2052 1929 2106 in
1969 2067 2203 2122 quorum
2243 2068 2337 2106 vos
2369 2054 2551 2107 causis
2581 2052 2915 2122 impenditis,
2952 2054 3123 2121 ipsius
3161 2054 3345 2123 gloriie
3366 2055 3453 2124 ja-

1876 2159 2037 2197 nuam
2069 2145 2293 2213 aperiat.
2326 2143 2456 2198 Data
2494 2161 2525 2197 x
2559 2144 2783 2199 Kalend.
2814 2144 2942 2198 Fel).
2976 2145 3177 2200 Severo
3204 2155 3257 2201 et
3285 2144 3455 2211 Quin-

1876 2237 2023 2291 tiano
2048 2237 2182 2291 viris
2204 2236 2526 2293 clarissimis
2553 2238 2871 2292 consulibus
2899 2238 2964 2289 '°.

2445 2368 2783 2426 EPISTOLA
2822 2373 2886 2426 ll.

2353 2477 2417 2514 AD
2458 2476 2627 2516 OMNES
2666 2478 2963 2518 EPISCOPOS.

2075 2549 2152 2604 De
2177 2550 2411 2620 fraterna
2433 2552 2711 2606 dilectione
2737 2562 2786 2607 et
2812 2556 3042 2609 vitandis
3078 2556 3254 2612 malis.

1944 2644 2251 2699 ΡοΝτιιΝυε
2296 2654 2497 2698 sanctae
2526 2654 2578 2698 et
2606 2646 2929 2702 universalis
2958 2647 3211 2703 Ecclesiae
3236 2651 3452 2718 episco-

1872 2752 1995 2806 pus,
2025 2736 2280 2790 omnibus
2306 2745 2451 2790 recte
2480 2734 2770 2790 Dominum
2799 2738 3104 2795 colentibus
3129 2750 3181 2795 et
3208 2742 3451 2796 divinum

1872 2826 2077 2881 cultum
2111 2816 2445 2889 amantibus,
2474 2826 2728 2883 salutem.

1945 2918 2127 2973 Gloria
2158 2920 2208 2971 in
2236 2917 2454 2971 excelsis
2491 2917 2616 2980 Deo,
2654 2928 2701 2971 et
2732 2918 2788 2970 in
2835 2926 2974 2971 terra
3006 2936 3114 2988 pax
3155 2921 3452 2977 hominibus

1873 3011 2020 3065 bona:
2050 3010 2333 3064 voluntatis
2373 3010 2434 3063 “.
2465 3007 2589 3063 "me
2631 3010 2816 3071 verba,
2848 3010 3179 3077 charissimi,
3217 3028 3322 3065 non
3354 3014 3455 3066 ho-

1872 3103 2080 3155 minum
2114 3109 2260 3165 sunt,
2295 3099 2386 3153 sed
2413 3100 2764 3168 angelorum;
2798 3108 2851 3152 et
2878 3114 2987 3152 non
3016 3100 3255 3154 humano
3287 3116 3452 3154 sensu

220 3166 338 3221 mala
376 3167 667 3221 hominum
699 3168 752 3222 in
786 3178 927 3224 terra
958 3172 1134 3225 aliena
1166 3174 1412 3241 portatis.
1450 3172 1770 3245 Peregrina-
1796 3188 1837 3245 ε
1873 3195 2194 3259 εκοοείιηιο,
2249 3192 2340 3245 sed
2385 3192 2454 3245 ah
2493 3166 2704 3260 ﬁngens
2750 3190 2804 3243 in
2852 3200 2975 3244 orm
3008 3190 3303 3245 salvatoris
3350 3207 3456 3244 an-

221 3257 284 3312 tio
304 3258 496 3329 quippe
521 3270 615 3314 est
638 3261 744 3314 vita
778 3278 1052 3331 praesens;
1086 3276 1139 3319 et
1174 3265 1266 3334 qui
1297 3266 1537 3335 suspirat
1574 3268 1639 3321 ad
1672 3283 1771 3337 pa-

219 3350 377 3417 triam,
424 3353 473 3406 ei
556 3361 890 3407 tormentum
947 3364 1031 3409 est
1080 3358 1538 3427 peregrinationis
1581 3360 1771 3424 locus,

220 3444 404 3500 etiamsi
434 3446 673 3501 blandus
698 3463 821 3502 esse
848 3448 1118 3502 videatur.
1152 3448 1318 3504 Vobis
1341 3460 1520 3505 autem
1552 3452 1645 3521 qui
1678 3468 1775 3521 pa-

220 3537 354 3591 triam
411 3539 668 3610 quaeritis
688 3579 702 3603 ,
731 3540 873 3593 inter
905 3541 1137 3610 suspiria
1165 3556 1286 3610 quze
1334 3541 1571 3605 habetis,
1609 3542 1769 3597 etiam

222 3640 425 3697 gemitus
470 3632 644 3687 audio
709 3632 965 3686 humanae
1022 3633 1396 3702 Oppressionis
1456 3650 1770 3704 exsurgere.

223 3720 355 3787 Quod
399 3727 539 3779 mira
591 3724 981 3794 omnipotentis
1037 3722 1133 3778 Dei
1178 3724 1538 3794 dispositione
1568 3729 1770 3797 agitur,

221 3823 269 3866 ut
302 3817 417 3871 dum
476 3818 685 3873 veritas
740 3832 836 3887 per
879 3831 1121 3871 amorem
1153 3828 1331 3882 vocat,
1361 3820 1600 3875 mundus
1636 3836 1773 3890 prae-

221 3922 327 3960 scus
356 3925 382 3963 a
413 3910 608 3980 seipso
653 3912 896 3965 animum
929 3920 1171 3966 vestrum
1206 3925 1302 3980 per
1355 3911 1767 3978 tribulationes,

219 4010 335 4065 quas
385 4001 629 4071 ingerit,
721 4002 979 4072 rejiciat;
1056 4012 1318 4073 tantoque
1414 4004 1628 4059 facilius
1704 4007 1772 4060 ab

218 4102 379 4147 amore
412 4093 587 4162 hujus
618 4092 802 4148 saeculi
840 4108 996 4149 mens
1024 4103 1203 4157 exeat,
1241 4102 1449 4164 quanto
1490 4106 1543 4149 et
1580 4095 1773 4164 impel-

221 4178 349 4245 litur,
400 4184 533 4238 dum
586 4194 835 4239 vocatur.
871 4185 1057 4253 itaque
1102 4185 1245 4255 quod
1287 4185 1557 4254 coepistis,
1591 4185 1777 4253 hospi-

1878 3286 2144 3338 nuntiata.
2183 3283 2393 3349 Quibus
2432 3282 2796 3335 indubitanter
2834 3282 2902 3336 ab
2932 3283 3186 3335 omnibus
3228 3283 3453 3353 intelligi

1874 3382 2082 3443 potest,
2114 3372 2258 3442 quod
2298 3387 2405 3425 non
2446 3373 2603 3425 mala:
2626 3372 2921 3426 voluntatis
2964 3373 3312 3437 hominibus,
3359 3377 3453 3430 sed

1874 3464 2050 3526 bonae,
2101 3478 2205 3532 pax
2244 3460 2314 3516 sit
2353 3478 2383 3515 a
2430 3460 2659 3515 Domino
2692 3462 2838 3515 data.
2876 3461 3029 3517 Unde
3066 3460 3328 3519 Dominus
3359 3479 3456 3534 per

1871 3554 2195 3624 Pr0phetam
2244 3552 2485 3622 loquitur
2542 3553 2767 3607 dicens:
2822 3552 2992 3618 Quam
3062 3554 3227 3609 bonus
3280 3554 3455 3636 Israel

1871 3645 2011 3699 Deus
2039 3645 2119 3698 his
2146 3644 2235 3715 qui
2264 3654 2401 3697 recto
2435 3653 2553 3696 sunt
2596 3643 2757 3697 corde
2774 3645 2795 3697 .'
2826 3643 2933 3698 Mei
2957 3655 3129 3697 autem
3164 3663 3289 3715 pene
3327 3643 3457 3701 ηιοι³

1870 3747 1991 3792 sunt
2025 3736 2197 3806 pedes,
2230 3751 2357 3805 pene
2386 3735 2539 3802 effusi
2582 3744 2702 3787 sunt
2737 3751 2944 3805 gressus
2975 3737 3098 3802 mei,
3135 3740 3259 3805 quia
3288 3754 3456 3791 azmn-

1867 3826 2008 3880 latus
2034 3842 2145 3879 sum
2178 3835 2363 3878 contra
2395 3825 2625 3895 iniquos,
2666 3841 2845 3893 pacem
2873 3826 3155 3893 impiorum
3180 3828 3358 3881 videns
3387 3828 3455 3879 ".

1867 3918 1944 3972 De
1970 3918 2127 3972 bouis
2160 3932 2289 3971 vero
2318 3917 2430 3985 ipsa
2467 3932 2562 3985 per
2589 3932 2646 3971 se
2674 3915 2885 3971 Veritas
2923 3918 3028 3971 ait:
3062 3917 3215 3971 Beati
3259 3924 3457 3972 mundo

1874 4008 2049 4072 corde,
2076 4007 2324 4076 quoniam
2364 4005 2465 4075 ipsi
2506 4005 2673 4058 Deum
2722 4005 3049 4061 videbunt".
3097 4004 3283 4059 Mundi
3309 4009 3457 4061 enim

1876 4113 1986 4153 non
2031 4105 2158 4151 sunt
2191 4096 2376 4160 cardo,
2410 4097 2503 4166 qui
2533 4097 2671 4149 mala
2699 4096 2959 4163 cogitant,
2989 4106 3083 4150 aut
3124 4098 3314 4151 nociva
3352 4099 3462 4152 ad-

1877 4205 2070 4245 versus
2095 4187 2290 4241 fratres
2320 4202 2487 4253 suos;
2515 4188 2643 4257 quia
2670 4187 2807 4241 nihil
2834 4188 2961 4241 mali
2992 4189 3122 4254 vult,
3155 4189 3246 4257 qui
3281 4187 3465 4242 fidelis

222 4276 425 4333 talitatis
477 4294 675 4334 curam
705 4278 998 4347 impendite
1018 4316 1033 4342 ,
1064 4276 1119 4331 in
1150 4278 1399 4333 oratione
1440 4286 1496 4331 et
1520 4277 1776 4349 lacrymis
1809 4294 1851 4348 ι)
1876 4289 1960 4338 est
1984 4283 2050 4337 “.
2096 4281 2299 4337 Fidelis
2337 4295 2469 4352 ergo
2500 4280 2665 4334 homo
2690 4279 2865 4349 magis
2904 4278 3081 4349 diligit
3108 4278 3297 4333 audire
3332 4293 3465 4349 quae

222 4447 405 4507 l“Iber.
439 4468 526 4522 ep.
566 4453 592 4505 l
630 4461 685 4505 et
712 4449 801 4505 85.
876 4450 898 4481 '
938 4449 1103 4503 Zach.
1134 4463 1197 4509 ιι,
1231 4449 1284 4503 8.
1361 4447 1383 4480 ⁸
1422 4445 1554 4502 Luc.
1581 4464 1637 4506 ιι.
1667 4445 1753 4503 lli.

223 4520 375 4572 dcaue
403 4525 597 4572 versis.
677 4522 699 4553 ⁸
728 4522 872 4572 Idem
901 4535 987 4572 ea.
1030 4520 1095 4572 2i
1151 4520 1245 4572 lib.
1277 4533 1373 4572 vn.
1472 4519 1493 4550 ’
1534 4519 1678 4572 idem
1725 4534 1753 4572 e

223 4520 699 4647 sane;
901 4535 987 4646 s—
1030 4520 1095 4620 ἓξ
1112 4520 1373 4643 erat":
1429 4520 1483 4644 .‘

312 4615 336 4647 δ
447 4633 461 4646 ο
688 4633 704 4656 ,
780 4632 795 4656 ν
859 4633 874 4658 ,
950 4630 965 4644 ο
1288 4627 1304 4643 ο
1380 4628 1395 4654 ,
1468 4628 1483 4643 ο

290 4759 349 4833 (6)
388 4759 617 4833 Propria
662 4774 766 4833 ore_
796 4771 981 4833 corpus
1043 4753 1281 4833 Dontini_
1306 4754 1616 4833 conficiunt.
1664 4753 1768 4820 Qui

224 4824 343 4886 hanc
366 4831 433 4885 ob
464 4824 693 4884 causam
737 4829 1061 4904 Pontianum
1090 4826 1238 4878 velut
1267 4824 1641 4904 blasphemum
1679 4840 1770 4877 ac-

224 4912 413 4965 cusant,
448 4902 614 4955 iidem
648 4908 898 4953 sanctum
930 4895 1338 4965 Hieronymum,
1377 4895 1766 4962 Augustinum,

224 4963 674 5041 Chrysostomum.
711 4970 957 5041 aliosque
996 4963 1178 5041 plures
1204 4963 1458 5041 Ecclesiae
1497 4964 1779 5041 catholica:

223 5034 389 5096 Patres
411 5042 747 5096 orthodoxos
776 5039 841 5091 de
870 5034 1095 5092 crimine
1119 5034 1409 5115 notantnin
1434 5050 1547 5115 quo
1567 5034 1775 5114 nullum

225 5124 336 5163 sane
362 5113 569 5165 crimen
600 5112 976 5185 demonstrare
1001 5114 1251 5185 possunt.
1280 5103 1500 5185 ﬂieron.
1536 5103 1773 5185 incpist.

224 5181 280 5234 ad
316 5179 700 5234 Heliodorum:
739 5173 913 5242 Absit,
950 5173 1159 5246 inquit,
1197 5184 1253 5227 ut
1288 5176 1352 5227 de
1381 5173 1461 5228 his
1491 5174 1776 5246 quidquam

223 5251 481 5304 sinistrum
516 5252 728 5319 loquar,
766 5248 857 5318 qui
890 5244 1175 5319 apostolico
1214 5246 1384 5314 gradu
1422 5244 1774 5308 succedentes,

225 5319 399 5390 Christi
442 5317 635 5390 corpus
664 5317 816 5372 sacro
860 5334 964 5390 ore
990 5317 1294 5390 conﬁciunt,
1333 5330 1424 5390 per
1453 5322 1782 5390 quos_et_nos

227 5388 499 5445 Christiani
535 5383 753 5451 'sumus,
792 5389 881 5457 qui
915 5383 1097 5441 claves
1119 5386 1264 5457 regni
1288 5385 1537 5457 gerulorum
1583 5383 1782 5457 haben-

229 5470 309 5535 tes,
336 5461 725 5535 quodammodo
750 5453 1084 5535 atiteiudicii
1110 5453 1247 5509 diem
1270 5454 1538 5535 judicant.
1569 5453 1782 5535 “Augu-

228 5522 384 5587 stinus
424 5535 589 5601 epist.
629 5530 753 5604 4122,
770 5530 836 5582 ad
876 5522 1285 5604 Victor-ianum,
1323 5525 1415 5604 ubi
1455 5524 1523 5577 de
1566 5522 1783 5604 feminis

225 5604 431 5669 captivis
456 5594 602 5657 inter
630 5602 923 5655 barbaros:
963 5598 1092 5659 Ora,
1127 5597 1340 5673 inquit,_
1363 5594 1522 5647 Deum
1550 5609 1655 5673 pro.
1683 5594 1778 5673 eis,

226 5681 266 5745 et
282 5661 426 5742 roga,
464 5684 523 5727 ut
554 5675 713 5725 etiam
742 5675 891 5745 ipsas;
910 5678 1095 5745 doceat
1123 5661 1255 5720 talia
1284 5667 1476 5745 dicere,
1510 5662 1692 5745 qualia

229 5733 432 5797 Asturici
468 5746 615 5797 inter
650 5733 841 5796 caetera
874 5741 931 5793 in
958 5739 1192 5816 oratione
1220 5748 1268 5790 et
1299 5733 1620 5816 caiifessione

230 5814 287 5865 ad
314 5812 514 5877 Deum;
557 5815 633 5865 sic
663 5814 802 5865 enim
845 5808 1124 5885 su_r_it_illte
1168 5808 1223 5859 in
1269 5816 1409 5885 terra
1458 5808 1782 5885 captiuitatis

235 5897 343 5947 sure,
372 5873 633 5955 quomodo
665 5891 817 5938 erant
852 5881 933 5936 illi
974 5881 1028 5935 in
1054 5892 1215 5946 terra,
1245 5876 1333 5931 ubi
1365 5891 1455 5932 nec
1484 5873 1785 5943 sacriﬁcare

1472 4519 1493 4550 ’
1534 4519 1685 4599 19.859.
1725 4534 1813 4599 ερο
1851 4517 1919 4573 ⁷³
1950 4517 2193 4599 classic“!
2232 4517 2300 4599 .li;

1563 4588 1606 4619 ιδ
1633 4587 1772 4644 Sixti
1800 4599 1941 4644 sent.
1976 4590 2114 4656 205,
2148 4596 2201 4643 et
2229 4587 2326 4642 ibi.

1889 4450 1911 4481 ⁷
1940 4446 1999 4503 S.
2031 4448 2191 4519 Greg.
2223 4462 2310 4519 ep.
2342 4445 2429 4515 70,
2464 4445 2679 4519 libatx,
2714 4443 2903 4519 paucis
2931 4459 3034 4519 pro
3052 4459 3210 4519 more
3252 4459 3466 4519 susque

2298 4488 2310 4500 .
2343 4462 2429 4515 ιυ,
2466 4462 2563 4501 ιιι).
2603 4462 2679 4511 rx,
2714 4462 2903 4513 paucis
2931 4462 3033 4515 pro
3059 4462 3210 4497 more
3252 4462 3459 4513 susque

2256 4462 2403 4575 libri.
2552 4515 2597 4546 "
2624 4531 2716 4570 an.
2747 4515 2873 4569 255.
3022 4516 3066 4545 ¹²
3092 4512 3225 4569 Luc.
3264 4531 3324 4579 ιι,
3366 4514 3459 4568 id.

1874 4768 2020 4806 more
2053 4765 2147 4803 suo
2185 4755 2429 4819 poterant
2481 4747 2738 4823 Domitio,
2780 4745 2928 4823 sicut
2955 4759 3047 4796 nec
3066 4742 3202 4823 ,ἔξω
3241 4749 3465 4823 possunt

1875 4823 1953 4877 vel
1998 4822 2136 4890 ferre
2165 4810 2482 4873 oblationem
2520 4817 2593 4890 ad
2621 4816 2800 4890 altare
2831 4815 2950 4890 Dei,
2999 4812 3077 4864 uel
3113 4812 3341 4890 inuenire
3381 4810 3461 4862 ibi

1876 4881 2218 4953 sacerdotem,
2233 4905 2323 4959 per
2342 4903 2491 4956 quem
2515 4886 2738 4953 offerant
2759 4884 2885 4936 Deo.
2905 4882 3140 4959 Sanctus
3167 4881 3457 4959 Chrysost.

1885 4964 1977 5017 lib.
1990 4977 2048 5015 ιιι
2068 4960 2142 5013 De
2158 4950 2472 5021 sacerdotio,
2488 4950 2817 5029 comparans
2829 4952 3192 5006 sacerdotium
3210 4964 3360 5029 none
3379 4950 3425 5003 le
3437 4978 3464 4990 —
3520 4962 3527 4969 '

1885 5034 1968 5101 gis
1998 5048 2120 5086 cum
2158 5020 2466 5101 sacerdotio
2488 5020 2698 5101 veteris
2717 5024 2880 5092 legis,
2912 5031 3201 5091 postquam
3231 5020 3462 5101 dixisset

1882 5090 2192 5159 intimorum
2217 5100 2656 5170 sacerdotesnon
2687 5090 2888 5170 lepram
2914 5090 3200 5170 purgasse,
3264 5090 3356 5142 sed
3392 5090 3465 5142 de

1884 5182 2111 5245 purgata
2143 5166 2731 5245 duntaxatjudicasse:
2777 5161 3013 5245 Nostris,
3055 5161 3460 5245 inquitnsaeer~

1884 5230 2115 5307 dotibus,
2150 5257 2251 5294 non
2280 5230 2509 5305 corporis
2541 5235 2758 5307 leprarn,
2801 5236 2889 5285 sed
2918 5231 3111 5284 anima:
3143 5230 3321 5282 sordes
3357 5245 3463 5281 non

1884 5315 2003 5368 dico
2037 5304 2289 5383 purgatas
2320 5304 2574 5383 probare,
2605 5304 2699 5383 sed
2736 5317 2961 5383 purgare
2983 5314 3463 5383 .prorsusfottces-

1886 5400 2004 5438 sum
2037 5370 2161 5435 est:
2188 5370 2341 5444 Quod
2398 5375 2562 5450 igitur
2604 5370 2911 5450 Pontianus
2943 5370 3043 5450 hic.
3078 5370 3307 5450 scribit,
3356 5383 3461 5450 per

1890 5439 2442 5516 sacerdotes'corpus'
2464 5445 2679 5520 Domini
2707 5443 2936 5520 .conlici,
2974 5439 3206 5520 aliorum
3248 5439 3464 5492 hostias

1890 5541 1921 5579 a
1953 5522 2065 5578 Deo
2097 5521 2286 5589 recnpi,
2322 5512 2539 5587 peccata
2573 5514 2855 5589 hominum
2884 5512 3109 5589 dimitti,
3139 5512 3299 5589 etiam
3332 5522 3463 5577 pro-

1890 5578 2160 5650 batissimi
2206 5578 2457 5643 auclores
2518 5584 2757 5656 praedicti
2802 5581 3194 5656 sc_ripserunt,_
3228 5578 3459 5656 ideoque

1891 5649 2033 5733 quod
2067 5649 2557 5733 Magdeburgenses
2606 5656 2659 5708 in
2709 5649 2973 5733 Pontiano
3019 5649 3458 5733 reprehendunt,

1892 5718 2028 5789 nihil
2066 5718 2329 5786 estvaliud
2363 5718 2525 5797 quam
2557 5739 2703 5778 mera
2723 5722 3033 5797 calumnia.
3070 5720 3323 5776 Bellartn.
3359 5718 3459 5770 lib.

1893 5822 1945 5861 vi
1972 5804 2047 5859 De
2073 5802 2297 5859 Roman.
2325 5791 2540 5871 βόωψ,
2565 5810 2685 5866 cap.
2717 5794 2768 5851 8.
2794 5792 2920 5849 διν.
2944 5791 3061 5846 But.
