3966 6528
544 336 642 391 161

1958 353 2213 411 ANTE!“
2246 354 2444 411 PAPA‘.‘

548 523 3734 579 Ἥ

1627 690 2137 784 ΝΟΤΙΤΙΑ
2219 695 2691 791 ALTERA

1576 872 1659 936 (ι).
1696 872 1959 935 Consum,
1982 874 2208 939 Epistola!
2230 880 2367 930 Rom.
2394 887 2548 944 pont.,
2574 883 2610 944 I,
2638 883 2778 948 118.)

598 1096 855 1165 Anterus,
891 1098 967 1153 uti
1009 1099 1122 1170 jam
1154 1115 1183 1153 e
1222 1098 1481 1169 catalogis
1528 1098 1864 1164 Fossatensi,
1900 1100 2111 1159 Buche-
2139 1109 2183 1163 Α
2212 1104 2352 1159 sicut
2383 1111 2437 1158 et
2482 1104 2675 1158 mortis
2709 1103 2903 1159 Anteri
2950 1104 3067 1160 dies
3102 1105 3469 1162 numerandos
3510 1122 3614 1161 non
3659 1124 3760 1163 esse

528 1190 682 1245 riano
716 1193 792 1261 (in
825 1209 935 1261 quo
963 1194 1188 1247 Anteros
1218 1194 1563 1263 appellatur),
1591 1203 1644 1247 et
1677 1194 1876 1263 reginae
1908 1194 2109 1250 Succo-

527 1300 648 1337 rum
700 1285 1032 1348 andivimus,
1066 1303 1119 1341 xi
1152 1284 1426 1339 Kalendas
1477 1285 1798 1349 Decembris,
1824 1284 2012 1342 Severo
2060 1297 2111 1343 et

528 1376 879 1441 Quintiniano
914 1380 1213 1432 consulibus
1236 1420 1250 1443 ,
1295 1380 1399 1434 hoc
1445 1385 1530 1433 est
1562 1394 1708 1433 anno
1734 1379 1868 1443 2'55,
1906 1382 2110 1435 mensis

524 1468 847 1525 Novembris
872 1471 935 1524 21
971 1470 1080 1534 die,
1108 1472 1385 1524 ordinatus
1410 1480 1507 1532 est,
1536 1480 1698 1540 alque
1732 1481 1787 1526 ut
1822 1472 1875 1525 in
1916 1472 2106 1527 iisdem

525 1559 788 1629 catalogis
817 1561 1031 1628 legitur,
1061 1577 1231 1614 mense
1260 1576 1363 1612 uno
1390 1576 1452 1613 ac
1482 1560 1662 1613 diebus
1691 1559 1865 1613 decem
1896 1560 1948 1613 in
1971 1576 2108 1629 pon-

525 1652 731 1706 tilicatu
769 1652 998 1719 exactis,
1043 1653 1258 1705 dormiit
1284 1668 1341 1706 Ill
1375 1650 1557 1706 Nonas
1586 1650 1839 1705 Januarii
1868 1651 2106 1706 Maximo

524 1743 659 1813 (leg.
705 1743 1033 1811 Maximino)
1074 1754 1123 1798 et
1168 1745 1423 1813 Africano
1473 1744 1813 1810 consulibus,
1867 1744 1973 1800 hoc
2023 1754 2106 1800 est

521 1850 668 1889 anno
692 1835 820 1900 εδδ,
850 1834 1095 1890 Januarii
1130 1837 1288 1890 tertio
1322 1836 1431 1899 die,
1477 1852 1588 1906 quo
1637 1835 1800 1888 etiam
1838 1838 2103 1891 memoria

522 1926 673 1980 illius
732 1928 784 1980 in
840 1926 1241 1999 Martyrologiis
1291 1928 1569 1982 recolitur.
1628 1926 1699 1981 Ut
1753 1936 1933 1981 autem
1999 1927 2103 1981 iste

521 2020 686 2074 unius
733 2021 940 2075 mensis
989 2036 1053 2074 ac
1100 2021 1288 2075 decem
1337 2022 1587 2087 dierum,
1620 2020 1710 2091 qui
1755 2020 1959 2074 Antero
1993 2020 2096 2073 tri-

518 2111 783 2175 buuntur,
813 2112 1056 2168 calculus
1106 2114 1263 2183 plane
1291 2114 1542 2183 quadret,
1577 2130 1629 2167 ix
1660 2109 1932 2166 Kalendas
1966 2111 2095 2164 Dec.

524 2216 625 2270 pro
674 2218 724 2254 xi
774 2200 1048 2256 Kalendas
1107 2203 1229 2257 Dec.
1278 2204 1587 2274 legendum,
1635 2212 1687 2258 et
1742 2200 2102 2257 ordinationis

2219 1195 2599 1250 Tillemontius
2632 1197 2902 1251 observat.
2932 1195 2988 1251 In
3011 1183 3567 1253 vetusto'Corbeiensi
3601 1201 3761 1255 codice

2216 1287 2422 1342 mensis
2460 1303 2603 1341 unus
2639 1302 2703 1342 ac
2728 1286 2843 1341 dies
2876 1289 3127 1343 undecim
3171 1290 3375 1344 Antero
3415 1291 3759 1345 ascribuntur.

2214 1375 2481 1432 Eusebius
2520 1377 2739 1447 quidem
2787 1394 2953 1433 unum
3003 1381 3268 1435 duntaxat
3303 1397 3541 1436 mensem
3579 1398 3759 1436 memo-

2214 1483 2339 1524 rat:
2372 1469 2465 1523 sed
2501 1469 2635 1523 nihil
2685 1468 2809 1525 inde
2856 1471 3120 1526 adversus
3170 1471 3293 1525 illos
3337 1472 3452 1526 dies
3477 1474 3759 1527 conﬁcitur.

2214 1560 2682 1626 Quemadmodum
2721 1562 2866 1615 enim
2896 1562 3190 1617 historicus
3220 1564 3308 1616 ille
3340 1564 3394 1617 in
3418 1564 3540 1619 aliis
3571 1565 3762 1634 pontili-

2218 1654 2373 1708 cibus
2424 1663 2553 1723 quot
2600 1654 2831 1723 quisque
2869 1669 3043 1710 annos
3093 1656 3446 1722 apostolicam
3486 1658 3663 1710 sedem
3691 1665 3761 1710 te-

2208 1746 2408 1811 nuerit,
2440 1762 2549 1800 non
2576 1746 2848 1816 adiunctis
2875 1747 3153 1801 mensibus
3179 1758 3272 1802 aut
3300 1748 3515 1814 diebus,
3544 1750 3762 1803 indicare

2208 1838 2344 1892 satis
2390 1837 2583 1904 habet,
2613 1838 2688 1891 ita
2737 1848 2789 1891 et
2825 1837 2911 1891 bic
2966 1838 3057 1891 ubi
3095 1838 3213 1892 dies
3251 1840 3491 1906 omittit,
3549 1842 3679 1894 nihil
3704 1842 3761 1895 ab

2207 1929 2313 1984 hoc
2344 1943 2497 1982 more
2523 1942 2624 1981 suo
2651 1927 2887 1981 alienum
2918 1926 3067 1981 facit.

2274 2018 2464 2074 Anteri
2499 2017 2879 2073 circumfertur
2907 2020 3066 2074 unica
3091 2021 3339 2091 epistola,
3364 2037 3484 2091 qua:
3508 2020 3761 2078 lsidorum

2204 2120 2489 2183 parentem
2523 2110 2733 2165 habuit.

1641 2512 2180 2627 ANTERI
2269 2508 2673 2622 ΡΑΡλἘ

1798 2735 2393 2829 EPISTOLA
2461 2718 2540 2790 (⁴)

1358 2914 1433 2970 De
1471 2924 1762 2969 mutatione
1805 2914 2163 2982 episcoporum
2205 2904 2448 2978 [aedium
2497 2902 2931 2975 episcopalium].

580 3053 930 3113 Charissimis
962 3053 1225 3108 fratribus
1251 3068 1347 3124 per
1400 3052 1667 3108 Baeticam
1724 3060 1887 3121 atque
1916 3050 1933 3080 ⁸
1987 3047 2095 3100 Τυ-
2125 3049 2167 3103 Β
2196 3043 2329 3101 dicit
2352 3056 2473 3097 esse
2507 3038 2803 3110 superﬂua,
2837 3054 2987 3108 spem
3012 3054 3117 3093 non
3144 3037 3351 3094 habens
3377 3038 3443 3094 de
3472 3038 3693 3107 futuris,
3719 3048 3764 3092 et

510 3148 743 3205 lctauam
775 3146 1086 3217 provincias
1124 3144 1395 3215 episc0pis
1422 3142 1736 3198 conStitutis
1756 3184 1770 3210 ,
1825 3140 2083 3194 ANTERUS

506 3242 796 3312 episc0pus
832 3239 885 3293 iu
924 3237 1156 3291 Domino
1195 3237 1450 3292 salutem.

579 3330 859 3400 Optat-em,
896 3328 1093 3383 fratres
1128 3326 1475 3390 cbarissimi,
1514 3328 1725 3395 semper
1776 3319 2084 3377 dilectionis

504 3432 562 3477 et
593 3423 742 3491 pacis
773 3432 965 3475 vestra:
1006 3418 1335 3473 sinceritatis
1379 3415 1577 3489 gaudia
1608 3415 1799 3470 audire
1823 3415 1867 3476 ',
1911 3414 1984 3466 ita
2026 3419 2087 3465 ut

506 3514 749 3567 vicissim
799 3509 1235 3565 discurrentibus
1281 3510 1477 3564 litteris
1542 3507 1822 3576 sospitatis
1875 3503 2082 3557 indicia

501 3603 848 3674 juvarentur,
885 3600 929 3653 si
959 3600 1171 3668 quietos
1201 3615 1303 3654 nos
1332 3600 1400 3653 ab
1428 3598 1741 3652 incursione
1762 3610 1854 3649 sua
1887 3607 2083 3647 vacare

506 3696 681 3749 hostis
713 3694 971 3761 antiquus
999 3692 1233 3746 sineret:
1266 3691 1358 3761 qui
1388 3692 1449 3744 ab
1478 3692 1632 3744 initio
1660 3696 1886 3743 mendas:
1914 3687 1956 3751 ³,
1984 3685 2085 3740 ini-

500 3786 683 3840 micus
711 3783 975 3845 veritatis,
1007 3783 1238 3837 :emulus
1272 3782 1529 3845 hominis,
1567 3796 1729 3850 quem
1776 3788 1836 3832 ut
1863 3778 2080 3845 decipe-

503 3883 607 3938 ret,
638 3888 697 3929 se
734 3882 859 3928 ante
888 3872 1117 3941 decepit,
1148 3872 1422 3941 pudicitia:
1448 3868 1814 3932 adversarius,
1845 3867 2077 3921 luxuria:

503 3967 795 4037 magister;
822 3963 1236 4018 crudelitatibus
1262 3963 1541 4032 pascitur,’
1560 3961 1883 4016 abstinentia
1915 3959 2078 4030 puni-

499 4068 585 4113 tur
608 4076 623 4124 ;
652 4057 766 4113 odit
785 4056 1017 4127 jejunia,
1045 4055 1312 4111 ministris
1338 4054 1454 4111 suis
1471 4054 1913 4125 praedicantibus,
1941 4052 2073 4107 dum

574 4216 593 4247 ¹
628 4230 735 4286 non
761 4215 975 4286 probat.
1008 4214 1133 4286 ᾼιιι.
1157 4215 1299 4286 Aug.
1332 4215 1387 4270 in
1416 4230 1539 4286 cap.
1564 4214 1634 4269 62
1666 4214 1790 4270 coll.
1820 4214 2044 4269 Adriani
2075 4228 2250 4284 papae.

497 4301 592 4352 xv,
625 4285 715 4339 32.
765 4283 808 4317 7'
841 4285 981 4339 idem
1010 4283 1257 4339 Siricius.

2186 3134 2433 3205 Apostoli
2461 3132 2733 3188 sententia
2762 3145 3138 3200 repercussus,
3164 3131 3432 3186 dicentis:
3465 3130 3751 3185 Manduce-

2184 3244 2300 3282 mus
2347 3235 2395 3279 et
2445 3224 2711 3286 bibamus,
2746 3238 2866 3275 crus
2909 3221 3049 3274 enim
3090 3222 3377 3275 moriemur
3416 3221 3459 3275 ⁸.
3495 3222 3543 3276 0
3582 3221 3760 3277 infelix

2186 3316 2438 3381 audacia,
2468 3329 2503 3368 ο
2523 3314 2821 3389 desperata:
2851 3312 3047 3365 mentis
3070 3312 3292 3365 astutia!
3325 3311 3441 3382 Ipse
3466 3314 3618 3367 enim
3645 3314 3763 3366 hor-

2186 3418 2333 3463 tatur
2364 3406 2514 3469 odia,
2556 3413 2609 3458 et
2640 3402 2792 3473 fugat
2824 3400 3197 3457 concordiam.
3239 3401 3308 3455 Et
3347 3403 3473 3473 quia
3509 3402 3674 3458 facile
3703 3402 3765 3456 al

2186 3500 2506 3556 deteriorem
2548 3504 2756 3566 partem
2800 3509 2954 3549 mens
3002 3495 3241 3548 humana
3285 3496 3669 3552 transducitur
3711 3497 3763 3557 ',

2186 3593 2377 3648 volens
2399 3604 2574 3658 magis
2606 3603 2702 3657 per
2733 3588 3032 3657 spatiosam
3084 3587 3227 3641 viam
3262 3587 3571 3652 ambulare,
3605 3604 3761 3659 quam

2184 3693 2351 3740 arcta:
2384 3684 2487 3737 via:
2519 3682 2621 3736 iter
2653 3696 2777 3737 cum
2808 3679 2993 3733 labore
3029 3678 3283 3732 transire.
3309 3676 3425 3743 Qua
3454 3678 3519 3733 de
3547 3696 3629 3746 re,
3656 3679 3762 3734 fra-

2183 3787 2292 3833 tres
2323 3776 2685 3841 dilectissimi,
2719 3772 3006 3829 sectamini
3038 3772 3287 3838 meliora,
3340 3781 3394 3826 et
3433 3788 3655 3844 semper
3686 3789 3765 3827 re—

2180 3869 2411 3939 linquite
2441 3868 2729 3923 deteriora.
2766 3865 2914 3919 Bona
2941 3863 3084 3934 agite
3106 3905 3121 3929 ,
3154 3863 3297 3917 mala
3329 3863 3518 3930 vitate,
3561 3872 3623 3918 ut
3648 3879 3765 3918 vere

2180 3959 2433 4031 discipuli
2465 3958 2680 4013 Domini
2704 3972 2827 4012 esse
2857 3954 3233 4009 inveniamini.

2251 4053 2328 4109 De
2354 4053 2658 4108 mutatione
2704 4063 2835 4118 ergo
2856 4046 3241 4117 episcoporum
3280 4044 3378 4115 (5),
3409 4045 3598 4101 undeh
3638 4061 3765 4101 san-

2926 4208 2947 4240 ³
2976 4205 3134 4263 Joan.
3171 4222 3292 4274 vnt,
3322 4206 3412 4261 Η.
3512 4208 3535 4241 ⁸
3572 4208 3595 4263 I
3625 4210 3753 4265 Cor.

2348 4214 2369 4245 ’
2400 4210 2631 4267 Siricius
2654 4225 2742 4280 ep.
2769 4208 2825 4262 2.

499 4399 691 4481 Exstat
721 4399 884 4454 etiam
924 4400 1145 4481 elegans
1175 4399 1509 4480 epigramma
1539 4395 1771 4481 ausonii
1793 4396 1873 4481 .ad
1917 4404 2075 4451 nota—
2102 4400 2145 4458 c
2180 4394 2350 4476 fectos
2383 4394 2641 4481 martyrio
2669 4393 2899 4448 allicitur
2932 4393 3019 4447 die
3043 4393 3077 4447 5
3104 4390 3372 4481 Januarii,
3406 4408 3560 4449 coss.
3592 4394 3767 4449 Maxi-

460 4496 463 4499 -
498 4472 642 4525 rium
678 4486 839 4525 suum
867 4466 1128 4525 velociter
1149 4466 1531 4540 excipientem,
1557 4468 1643 4522 bis
1665 4466 1914 4522 versibus
1943 4482 2077 4522 con-

500 4551 710 4597 lentum
733 4558 747 4595 :

780 4671 955 4737 Quam
981 4672 1224 4741 praepetis
1246 4671 1447 4724 dextra:
1476 4671 1602 4740 fuga

781 4744 862 4797 Tu
908 4760 987 4796 me
1009 4742 1301 4811 loquentem
1324 4744 1577 4810 prtevenis
1595 4741 1617 4792 .'

781 4813 933 4878 Quis.
960 4810 1157 4881 quwso,
1192 4813 1306 4881 quis
1336 4828 1415 4864 me
1446 4810 1724 4878 prodidit?

777 4883 910 4947 Quis
940 4884 1043 4936 ista
1075 4884 1191 4952 jam
1224 4882 1357 4934 dixit
1390 4882 1507 4945 tibi,

774 4954 909 5018 Qui:
947 4954 1243 5023 cogitabant
1274 4952 1444 5023 dicere
1465 4952 1490 5004 ?

779 5026 911 5087 Qui:
938 5024 1081 5091 furta
1115 5022 1268 5075 corde
1294 5023 1347 5073 in
1386 5022 1574 5074 intimo

778 5094 1001 5147 Exercet
1045 5093 1153 5146 ales
1179 5093 1393 5144 dextera
1412 5094 1437 5146 ἵ

778 5162 911 5227 Quis
940 5164 1067 5215 ordo
1094 5178 1266 5215 rerum
1296 5173 1402 5213 tam
1426 5177 1608 5227 novus,

791 5233 975 5287 Veniat
1009 5234 1063 5285 in
1095 5249 1249 5284 aures
1278 5244 1331 5283 nt
1363 5241 1483 5284 tuas

776 5304 930 5369 Quod
953 5304 1135 5372 lingua
1170 5302 1400 5354 nonduin
1432 5300 1751 5355 absolverit?

493 5440 627 5507 Quae
664 5439 829 5510 igitur
858 5439 991 5493 Acta
1037 5446 1361 5510 martyrum,
1403 5437 1559 5510 jussu
1603 5435 1922 5510 Clementis,
1966 5452 2065 5508 per

493 5507 741 5565 netarios
788 5509 1019 5563 ﬁdeliter
1067 5508 1377 5575 conscripta
1426 5507 1673 5570 fuerant,
1720 5523 1781 5561 ea
1827 5507 2063 5565 Antei-us

492 5580 737 5650 pontifex
763 5580 1048 5650 diligenter
1072 5578 1424 5646 conquisivit,
1454 5586 1603 5650 etne
1644 5578 1725 5650 vel
1752 5579 2059 5650 interirent,

492 5647 579 5704 vel
618 5651 688 5704 ab
715 5649 949 5703 ethnicis
985 5657 1487 5717 corrumperentur,
1522 5647 1574 5717 in
1598 5647 1828 5703 ecclesia
1861 5664 2058 5703 recon-

491 5720 650 5775 didit.
678 5720 1042 5785 Quamobrem
1066 5718 1134 5772 ad
1164 5716 1367 5771 Julium
1392 5716 1747 5788 Maximinum
1776 5719 2058 5788 imperato-

491 5805 630 5854 rem,
662 5790 756 5859 qui
790 5789 1168 5859 sacerdotibus
1199 5795 1484 5859 cruentum
1533 5785 1733 5859 bellum
1767 5785 2056 5853 indixerat,

491 5856 725 5929 delatus,
749 5875 845 5932 per
868 5858 1194 5915 Vitalianum
1221 5868 1316 5914 aut
1338 5856 1600 5914 Sabinum
1629 5856 1903 5915 Maximini
1928 5876 2061 5929 prce-

2180 4466 2333 4519 mino
2370 4471 2424 4516 et
2466 4462 2743 4525 Africano,
2786 4478 3023 4533 quorum
3063 4462 3383 4533 consulatus
3424 4478 3562 4533 cum
3616 4480 3763 4518 anno

2177 4534 2382 4589 Christi
2422 4533 2528 4587 9.38
2573 4542 2628 4587 ct
2672 4531 2818 4587 anno
2863 4534 2899 4587 2
2954 4532 3175 4602 imperii
3216 4531 3497 4586 Maximini
3550 4536 3768 4590 coinci—

2177 4606 2274 4660 dit.
2316 4604 2442 4657 Sav.
2478 4603 2593 4655 BIN.

2249 4674 2325 4741 (4)
2356 4672 2623 4742 Suspecta
2654 4673 2859 4740 pariter
2906 4670 3043 4726 viris
3088 4670 3263 4727 doctis
3317 4671 3403 4726 vel
3460 4686 3528 4726 ex
3593 4687 3763 4728 unius

2180 4742 2498 4810 Hieronymi
2526 4743 2843 4810 scgmentis.

2253 4814 2330 4883 (5)
2372 4809 2449 4865 De
2472 4809 2760 4883 mutatione
2795 4814 3179 4883 episcoporum.
3235 4809 3486 4866 Pontifex
3509 4812 3584 4866 de
3615 4811 3765 4865 sedi-

2171 4882 2277 4938 bus
2314 4882 2726 4951 episcopalibus
2773 4882 3162 4937 transferendis
3214 4892 3268 4937 et
3317 4884 3767 4951 transmutamlis

2173 4955 2476 5014 consultus,
2511 4950 2613 5005 hac
2633 4954 2860 5020 epistola
2887 4952 3065 5014 docet.
3096 4964 3150 5006 et
3173 4953 3419 5020 exemplo
3442 4950 3594 5006 Petri
3629 4967 3766 5021 apo-

2173 5024 2295 5077 stoli
2324 5024 2664 5091 aliorumque
2696 5022 2929 5090 plurium
2976 5022 3169 5091 probat
3216 5022 3636 5076 translationem
3676 5038 3764 5075 se-

2172 5093 2258 5146 dis
2291 5092 2612 5160 episcopalis
2655 5092 2857 5145 licitam
2905 5107 3047 5154 esse,
3097 5092 3143 5146 si
3172 5092 3405 5146 utilitate
3426 5100 3481 5145 et
3509 5092 3764 5145 neceSsi-

2174 5171 2283 5215 tate
2312 5163 2536 5216 alterius
2562 5160 2816 5216 Ecclesiae
2844 5163 3091 5230 exigente
3120 5162 3215 5215 fiat
3248 5178 3371 5215 cum
3398 5161 3762 5230 superiorum

2168 5234 2551 5302 episcoporum
2586 5233 2898 5302 cognitione
2924 5242 2978 5285 et
2997 5248 3302 5295 consensu;
3329 5233 3373 5283 si
3413 5247 3540 5284 vero
3569 5233 3658 5283 vel
3692 5247 3761 5284 ex

2168 5304 2419 5369 avaritia,
2472 5302 2552 5355 vel
2582 5302 2878 5355 ambitione
2903 5312 2997 5354 aut
3026 5303 3473 5370 pnesumptione,
3535 5317 3605 5355 ac
3642 5303 3761 5354 sola

2165 5373 2388 5443 propria
2416 5373 2696 5426 voluntate
2722 5372 3013 5441 episcOpus
3045 5373 3227 5426 sedem
3266 5380 3461 5436 mutet,
3492 5371 3760 5425 illicitum

2165 5442 2281 5508 est,
2316 5452 2369 5497 et
2404 5442 2877 5512 apostolica__lege,
2907 5457 3031 5511 qua:
3058 5451 3240 5495 exstat
3278 5456 3477 5512 canon.
3506 5444 3763 5509 apostot.

2168 5513 2257 5576 H,
2294 5510 2658 5567 interdictum.
2693 5510 2846 5565 Unde
2875 5510 2999 5565 cum
3037 5525 3279 5579 tempore
3323 5510 3525 5564 Nicaeni
3562 5514 3765 5564 conci-

2165 5581 2222 5634 lii
2261 5598 2324 5636 ex
2356 5583 2729 5645 Autiochenis,
2763 5583 2853 5635 alii
2882 5580 3181 5636 Eusebium
3209 5581 3640 5643 Ctesarieusem,
3662 5582 3757 5632 alii

2165 5650 2515 5706 Eustachium
2550 5650 2874 5705 Beroensem
2923 5653 3221 5707 antistitem
3276 5666 3385 5703 non
3432 5650 3550 5703 sine
3586 5652 3764 5704 turba

2162 5724 2330 5776 totius
2362 5723 2544 5792 populi
2567 5730 2899 5790 expeterent,
2956 5730 3307 5776 sacrosancta
3337 5720 3587 5792 synodus
3617 5737 3725 5773 san
3747 5748 3763 5759 -

2160 5790 2402 5847 ctissime
2433 5790 2507 5857 id,
2537 5792 2681 5861 quod
2711 5792 2778 5845 ab
2806 5793 3072 5859 apostolis
3101 5792 3457 5845 constitutum
3478 5790 3596 5861 jam
3620 5800 3762 5844 ante

2161 5863 2359 5931 fuerat,
2411 5860 2773 5928 conﬁrmavit,
2810 5878 2879 5917 ne
2914 5861 3178 5934 episcopi,
3228 5860 3531 5932 presbvteri
3577 5868 3767 5931 atque
