3966 6504
202 312 294 368 I69

1661 301 2032 361 EPISTOLIE

3326 294 3427 347 170

197 443 324 486 mm
341 429 518 484 sedem
552 430 900 499 apostolicam
946 427 1231 484 consulere
1260 426 1529 489 voluistis,
1557 424 1750 480 scitote
1780 430 1825 482 Α
1857 416 2292 488 legis,judicium,
2316 422 2367 465 et
2383 408 2859 465 misericordiamet
2878 404 3438 499 ﬁdemlecoportuit

195 538 303 577 eam
329 536 595 579 communi
624 520 856 575 utilitate
876 528 1039 590 atque
1064 518 1387 573 necessitate
1415 517 1529 571 fieri
1561 517 1746 579 licere,

199 616 281 672 sed
312 628 415 667 non
444 615 596 667 lihitu
629 613 953 683 cujusquam
985 625 1079 666 aut
1109 611 1501 665 dominatione.
1526 609 1746 672 Petrus,

200 716 402 763 sanctus
425 707 683 777 magister
710 715 897 761 noster
920 714 973 760 et
998 704 1246 774 princeps
1269 703 1661 772 apostolorum,
1687 703 1754 754 de

198 796 464 852 Antiochia
495 795 742 849 utilitatis
773 809 942 849 causa
974 792 1268 847 translatus
1299 800 1383 844 est
1410 790 1661 849 Romam,
1696 798 1756 841 ut

198 890 377 944 ibidem
436 890 615 958 potius
669 889 933 957 prolicere
980 895 1185 955 posset.
1234 882 1504 937 Eusebius
1534 884 1551 913 ⁷
1615 898 1753 951 quo—

196 996 289 1052 que
317 980 389 1049 (6)
418 980 487 1034 de
528 978 767 1048 quadam
808 992 973 1047 parva
1008 974 1226 1030 civitate
1252 1014 1265 1036 ,
1323 972 1623 1043 apostolica
1651 988 1752 1025 au-

197 1072 447 1135 ctoritate,
471 1080 712 1125 mutatus
733 1077 815 1124 est
847 1069 868 1099 ⁸
900 1068 1305 1122 Alexandriam.
1358 1065 1617 1119 Similiter
1648 1064 1753 1118 Fe-

200 1161 302 1216 lix’
339 1161 403 1215 de
454 1160 697 1225 civitate,
752 1174 859 1228 qua
915 1158 1201 1211 ordinatus
1235 1165 1351 1210 erat
1382 1157 1645 1210 electione
1679 1155 1757 1210 ci—

200 1254 349 1316 vium,
398 1259 620 1321 propter
663 1250 965 1304 doctrinam
1019 1258 1071 1303 et
1117 1249 1314 1301 bonam
1376 1248 1539 1301 vitam
1590 1261 1755 1316 quam

202 1342 435 1405 habebat,
469 1340 751 1395 communi
781 1340 1163 1409 episcoporum
1199 1348 1252 1391 et
1293 1338 1628 1407 reliquorum
1666 1352 1757 1389 sa-

201 1434 459 1485 cerdotum
512 1446 578 1484 ac
632 1429 957 1500 populorum
1000 1428 1253 1492 consilio,
1320 1430 1618 1484 translatus
1674 1436 1761 1481 est

202 1521 472 1591 Ephesum.
496 1520 617 1575 Non
635 1523 778 1576 enim
802 1520 996 1575 transit
1016 1521 1081 1574 de
1107 1521 1325 1574 civitate
1346 1519 1411 1573 ad
1436 1520 1711 1575 civitatem
1740 1560 1755 1584 ,

200 1616 278 1683 qui
301 1630 400 1668 non
423 1630 530 1669 suo
559 1615 712 1669 lihitu
744 1624 838 1668 aut
861 1614 1069 1668 ambitu
1096 1614 1199 1667 hoc
1216 1612 1363 1678 facit,
1396 1613 1490 1667 sed
1526 1614 1761 1668 utilitate

199 1708 408 1777 quadam
425 1716 526 1762 aut
548 1706 871 1762 necessitate
894 1706 1200 1771 aliorum“,
1222 1707 1437 1761 hortatu
1456 1715 1509 1761 et
1529 1708 1760 1761 consilio

1855 512 2048 581 facere,
2070 518 2117 561 et
2147 506 2243 561 illa
2267 522 2369 558 non
2394 500 2831 556 omittere.Duccs
2856 499 3001 553 ca'ci.
3026 497 3320 552 excolantes
3343 514 3438 550 cu-

1859 605 2035 667 licem,
2060 599 2315 653 camelum
2339 610 2513 650 autem
2542 590 3057 665 glutientes“.Quod
3079 590 3205 645 licet
3238 605 3347 644 non
3372 590 3441 643 li-

1855 704 1939 748 cet
1958 695 2000 724 ¹⁷
2024 701 2109 757 ;ct
2126 690 2270 761 quod
2302 705 2406 742 non
2428 688 2570 750 licet,
2592 684 2784 739 licet“.
2808 681 3277 749 Quemadmodum
3306 678 3438 734 Jan-

1858 803 1953 839 nes
1976 794 2030 838 et
2054 782 2327 836 Mambres
2346 780 2665 835 restiterunt
2686 776 2925 840 veritati,
2948 775 3029 828 sic
3055 773 3228 838 etilli,
3262 780 3443 830 mento

1854 876 2090 946 reprobi,
2105 882 2349 927 amantes
2370 872 2698 939 voluptatem
2720 869 2891 939 magis
2909 881 3069 937 quam
3092 864 3441 932 Deum,quod

1858 970 1979 1023 licet
2005 1011 2018 1033 ,
2051 968 2249 1021 docent
2279 981 2387 1018 non
2417 964 2578 1017 licere
2598 1004 2613 1029 ,
2646 962 2696 1016 id
2744 971 2827 1016 est
2848 1002 2863 1026 ,
2896 962 3179 1029 episcopos
3208 958 3445 1027 migrare

1858 1062 1924 1116 de
1948 1062 2165 1115 civitate
2189 1057 2256 1113 ad
2280 1056 2577 1120 civitatem,
2606 1063 2904 1124 prmlaxato
2935 1051 3129 1117 modo;
3160 1050 3306 1120 quod
3334 1065 3444 1104 non

1858 1154 2006 1219 licet,
2036 1154 2237 1207 docent
2258 1152 2443 1214 licere,
2477 1148 2527 1202 id
2552 1156 2653 1214 est,
2680 1145 3110 1201 miscricordiam
3142 1158 3248 1196 non
3284 1156 3446 1212 agere

1858 1246 2008 1302 circa
2043 1246 2309 1315 patientes
2344 1240 2725 1296 necessitatem
2756 1278 2772 1303 ,
2819 1238 2923 1291 hoc
2950 1246 3064 1300 est,
3097 1238 3177 1290 eis
3206 1235 3299 1305 qui
3331 1233 3447 1304 epi-

1860 1354 2087 1408 scopum
2116 1352 2223 1391 non
2250 1335 2471 1399 habent,
2499 1345 2553 1389 et
2572 1347 2729 1389 sacro
2762 1330 3055 1399 cpisc0pali
3082 1330 3323 1398 indigent
3345 1327 3447 1381 tni~

1861 1429 2109 1493 nisterio,
2152 1428 2468 1497 episc0pum
2502 1425 2570 1480 de
2595 1426 2701 1479 alia
2731 1424 2951 1477 civitate
2983 1436 3150 1475 causa
3198 1420 3447 1474 utilitatis

1861 1521 1948 1576 vel
1974 1518 2319 1575 necessitatis
2347 1518 2510 1572 tribui
2547 1535 2559 1570 :
2596 1527 2651 1571 et
2699 1514 2972 1586 episcopis
3012 1512 3447 1582 persecutionem

1862 1622 1957 1668 aut
1982 1612 2364 1667 necessitatem
2396 1610 2749 1681 patientibus,
2794 1607 2955 1661 aliam
2988 1605 3304 1660 cathedram
3331 1603 3449 1657 dari

1862 1714 2078 1775 negant.
2112 1702 2505 1758 (Iontradicunt
2532 1701 2694 1755 etiam
2727 1716 2896 1755 sacrae
2922 1698 3214 1767 Scriptura:
3238 1698 3301 1762 ³⁸,
3331 1709 3450 1764 quae

201 1802 447 1868 potiorum
481 1799 830 1854 transfertur.
864 1796 975 1853 Nec
1013 1797 1341 1854 transfertur
1370 1799 1435 1853 de
1453 1799 1651 1854 minori
1676 1801 1756 1854 ci-
1793 1820 1831 1877 Β
1864 1807 2090 1857 testatur
2116 1796 2273 1850 malle
2290 1796 2455 1849 Deum
2482 1796 2893 1849 misericordium
2918 1810 3073 1862 quam
3098 1789 3449 1861 judicium".

200 1894 342 1947 vitate
372 1893 436 1947 ad
468 1894 737 1963 majorem
766 1892 861 1962 qui
890 1892 990 1947 hoc
1019 1906 1126 1946 non
1149 1892 1356 1946 ambitu
1389 1907 1488 1946 nec
1540 1893 1758 1961 prepria

200 1987 451 2041 voluntate
481 1985 636 2051 facit,
666 1985 759 2041 sed
787 1997 881 2039 aut
908 1985 960 2038 vi
988 2000 1016 2037 a
1042 1986 1259 2054 propria
1289 1985 1416 2039 sedc
1440 1985 1649 2053 pulsus,
1668 1996 1763 2038 aut

115 2077 119 2081 ’
203 2078 501 2133 necessitate
536 2090 781 2141 coactus,
806 2085 901 2129 aut
927 2077 1157 2130 utilitate
1182 2076 1284 2129 loci
1305 2087 1399 2129 aut
1422 2075 1625 2145 populi,
1653 2091 1761 2129 non

201 2171 430 2240 superbe,
488 2169 589 2225 sed
622 2185 749 2223 cum
804 2168 1143 2232 humilitate,
1177 2168 1247 2221 ab
1297 2168 1422 2222 aliis
1470 2167 1765 2221 translatus

203 2270 249 2315 et
272 2262 669 2317 inthronizatus
696 2270 807 2326 est;
841 2260 969 2329 quia
994 2260 1157 2313 homo
1181 2259 1327 2314 videt
1354 2260 1406 2313 in
1442 2259 1599 2323 faeie,
1626 2258 1765 2313 Deus

202 2364 357 2408 autem
388 2354 441 2408 in
473 2354 665 2408 corde.
700 2352 767 2407 Et
797 2352 1063 2408 Dominus
1096 2367 1192 2421 per
1219 2350 1546 2424 Prophetam
1581 2353 1762 2421 loqui-

205 2458 276 2499 tur
309 2446 539 2501 diccns:
594 2444 852 2498 Dominus
911 2448 1009 2498 scit
1070 2444 1423 2513 cogitationes
1471 2444 1762 2509 hominum,

204 2537 426 2605 quoniam
456 2553 612 2590 vatur:
644 2545 766 2589 sunt
806 2537 869 2589 “.
903 2532 1022 2587 Non
1058 2548 1187 2601 ergo
1216 2543 1387 2611 mutat
1425 2533 1605 2587 sedem
1628 2574 1641 2592 .
1673 2534 1767 2602 qui

206 2643 295 2681 non
316 2639 489 2682 mutat
550 2638 807 2683 mentem.
840 2624 952 2681 Nec
993 2634 1168 2679 mutat
1194 2624 1490 2689 civitatem,
1521 2624 1614 2693 qui
1659 2640 1767 2677 non

208 2735 286 2773 sua
315 2729 530 2790 sponte,
562 2720 655 2774 sed
679 2719 913 2775 consilio
944 2726 998 2772 et
1026 2716 1291 2771 electione
1319 2715 1551 2770 aliorum
1585 2726 1767 2770 mutas

208 2821 279 2863 tur
308 2813 366 2864 ι’.
409 2809 529 2865 Non
593 2827 725 2881 ergo
772 2813 972 2881 migrat
1018 2808 1085 2864 de
1111 2809 1333 2865 civitate
1366 2808 1436 2862 ad
1469 2807 1765 2872 civitatem,

208 2903 285 2971 qui
318 2919 417 2958 non
442 2903 696 2957 avaritia:
742 2918 930 2966 causa,
961 2918 1062 2957 nec
1094 2912 1288 2973 sponte
1318 2900 1542 2955 dimittit
1572 2914 1764 2964 suam;

210 2996 284 3049 sed
326 2996 539 3066 (utjam
593 2997 797 3050 dictum
841 2998 945 3064 est)
974 3004 1068 3050 aut
1104 2997 1293 3065 pulsus
1326 3010 1357 3048 a
1382 2995 1509 3050 sede
1550 3009 1646 3048 sua
1677 3002 1772 3047 aut

211 3090 508 3145 necessitate
560 3096 818 3152 coactus,
850 3098 944 3141 aut
974 3088 1240 3143 electione
1289 3097 1341 3142 et
1394 3086 1772 3141 exhortatione

1922 1888 2096 1956 (Quae,
2129 1905 2344 1959 precor,
2380 1888 2555 1959 major
2588 1889 2847 1953 charitas,
2877 1898 2971 1940 aut
3005 1886 3150 1955 quod
3175 1883 3451 1938 eflicacius

1865 1984 2083 2052 pietatis
2136 1982 2501 2053 patrocinium
2542 1990 2721 2052 potest
2771 1997 2800 2034 a
2835 1995 3113 2050 quoquam
3151 1979 3314 2032 aficui
3349 1978 3453 2029 im-

1866 2076 2047 2145 pendi,
2089 2092 2253 2145 quam
2307 2076 2353 2129 si
2386 2074 2713 2145 ignorantia:
2761 2074 3017 2129 tenebras
3070 2083 3124 2126 et
3168 2072 3452 2141 imperitia:

1865 2167 2151 2237 caliginem
2183 2167 2251 2221 ab
2282 2185 2348 2221 eo
2376 2167 2622 2236 repellat,
2672 2180 2738 2221 ac
2767 2166 2985 2219 demum
3028 2180 3169 2218 vet-ce
3197 2164 3318 2218 fidei
3350 2165 3451 2217 do-

1868 2260 2059 2314 ctrina:
2088 2260 2311 2331 pabulo,
2360 2276 2467 2313 non
2512 2261 2578 2313 ad
2610 2267 2905 2328 quaestum,
2960 2274 3067 2311 non
3100 2256 3168 2311 ad
3199 2255 3452 2310 ambitio-

1868 2369 2013 2417 ncm,
2056 2352 2151 2408 sed
2186 2354 2252 2406 ad
2281 2352 2649 2407 eruditionem
2680 2359 2736 2405 et
2761 2350 3174 2405 aediﬁcationem
3206 2347 3452 2403 reﬁciat!

1868 2444 2155 2515 Tanquam
2187 2446 2333 2498 enim
2365 2444 2558 2498 niutilo
2591 2443 2648 2497 fit
2686 2458 2905 2506 manus,
2952 2441 3143 2494 claudo
3174 2456 3285 2509 pes,
3329 2456 3453 2492 ocu-

1870 2538 1954 2591 lus
1982 2554 2121 2591 εαεεο
2152 2538 2220 2604 ²¹,
2278 2538 2371 2607 qui
2422 2536 2742 2608 ignorantize
2781 2534 3018 2590 tenebris
3056 2534 3336 2597 obvoluto,
3366 2551 3454 2586 sa-

1869 2629 2086 2698 pientia:
2120 2638 2174 2682 et
2203 2629 2447 2682 scientiae
2480 2626 2797 2681 thesaurum
2827 2634 3055 2687 reserat,
3084 2633 3139 2678 et
3162 2623 3456 2679 candorem

1871 2719 2011 2773 lucis
2038 2720 2266 2789 viasque
2301 2718 2516 2773 Domini
2546 2720 2855 2790 benigniter
2882 2718 3059 2788 aperit
3086 2716 3178 2785 ³³.)

1947 2809 2204 2882 Utrisque
2250 2825 2455 2876 autem,
2497 2812 2551 2867 id
2612 2821 2774 2868 estet
2810 2811 3010 2865 famem
3043 2810 3193 2865 verbi
3242 2808 3335 2863 Dei
3363 2824 3457 2877 pa-

1872 2905 2157 2969 tientibus,
2205 2915 2259 2959 et
2308 2905 2579 2976 episcopis
2626 2906 3047 2966 necessitatem,
3101 2902 3324 2973 quando
3375 2904 3457 2955 in-

1875 2997 2255 3050 thronizantur
2294 3008 2511 3067 propter
2554 3013 2902 3052 communem
2933 2997 3221 3050 utilitatem
3252 2996 3305 3049 in
3333 2996 3456 3049 aliis

1874 3090 2207 3153 civitatibus,
2231 3109 2336 3144 non
2366 3092 2576 3146 modica
2605 3092 2893 3146 exhibetur
2922 3090 3315 3144 misericordia.
3346 3086 3455 3142 Ne-

212 3182 529 3234 saecrdotum
570 3188 626 3235 et
653 3180 1000 3250 populorum,
1054 3179 1349 3233 translatus
1404 3186 1489 3231 est
1529 3178 1596 3231 ad
1646 3177 1775 3231 :tllc-
1800 3182 1846 3243 C
1878 3192 2069 3253 gantes
2086 3195 2263 3238 autem
2296 3186 2428 3249 haec,
2451 3186 2575 3239 licet
2600 3186 2819 3253 speciem
2839 3184 3065 3238 habeant
3092 3186 3327 3255 pietatis,
3351 3188 3457 3238 vir-

216 3286 311 3325 um
338 3274 643 3328 civitatem.
677 3270 811 3326 Nam
842 3272 985 3326 sicut
1012 3271 1252 3342 episcopi
1286 3271 1487 3325 habent
1531 3276 1773 3339 potesta-

214 3374 303 3419 tem
344 3368 602 3421 ordinare
637 3365 962 3435 regulariter
1013 3365 1298 3433 episcopos
1327 3373 1380 3417 et
1410 3362 1649 3431 reliquos
1688 3378 1778 3417 sa-

217 3460 440 3512 cerdotes
466 3459 533 3524 ⁸³,
580 3460 667 3513 sic
712 3458 929 3527 quoties
961 3458 1168 3511 utilitas
1197 3466 1292 3510 aut
1325 3459 1627 3510 necessitas
1648 3470 1777 3508 coe-

216 3550 331 3617 gerit
355 3551 416 3613 ιδ,
449 3549 775 3620 supradicto
809 3550 974 3603 modo
1000 3560 1055 3603 et
1082 3558 1293 3603 mutare
1324 3558 1377 3602 et
1410 3547 1779 3601 inthronizare

219 3650 511 3709 potestatem
582 3642 807 3696 habent.
854 3641 979 3697 Haec
1023 3653 1082 3697 ut
1122 3641 1388 3711 petiistis,
1453 3640 1577 3695 licet
1624 3639 1777 3695 vobis

220 3730 514 3801 incognita“
542 3747 657 3787 non
688 3732 817 3795 sint,
857 3732 1085 3786 tenenda
1110 3731 1457 3795 mandamus,
1505 3746 1572 3783 ne
1616 3731 1774 3800 igno-

221 3826 371 3877 rantia
394 3824 805 3894 quorumdam,
836 3824 1060 3878 meliora
1092 3833 1144 3877 ct
1186 3823 1403 3877 utiliora
1439 3825 1695 3886 vitentur,
1722 3831 1778 3876 et

220 3916 468 3973 iuutiliora
503 3924 822 3979 sumantur,
856 3916 999 3971 sicut
1049 3917 1101 3969 in
1150 3925 1340 3970 sancto
1368 3914 1565 3985 legitur
1593 3913 1769 3967 Evan-

219 4008 336 4075 gelia
366 4028 378 4063 :
408 4009 495 4065 Va
525 4008 696 4073 vobis,
717 4008 1023 4078 hypocritce,
1047 4008 1171 4079 quia
1193 4007 1460 4061 decimatis
1488 4007 1770 4073 ment/mm,

219 4112 260 4150 et
272 4102 579 4167 anethum,et
594 4100 941 4163 cuminum,et
964 4100 1250 4169 reliquistis
1267 4115 1381 4168 quia
1392 4100 1633 4168 gratiora
1652 4108 1773 4151 sunt

280 4197 299 4226 ⁸
326 4196 373 4249 7.
400 4214 453 4267 q.
478 4196 540 4251 ιε
575 4196 905 4251 Mutationes
936 4195 1334 4267 episcoporum.
1364 4196 1426 4249 Et
1467 4195 1521 4247 iu
1565 4196 1711 4251 decr.
1760 4195 1907 4251 lvon.
1947 4199 2039 4251 lib.
2078 4214 2158 4252 Ill.

224 4262 431 4321 iisdemf
485 4269 529 4299 "
569 4267 801 4337 apostol.
840 4262 1083 4319 ωηξιι.
1123 4262 1202 4337 ἠ
1227 4264 1428 4337 Psalnt.
1456 4281 1643 4330 xcxm,
1674 4268 1751 4320 11.

222 4335 621 4435 ξριὲςοροι-ιιιηξ
689 4336 1126 4435 Δηςιιροεοὲνὶις
1168 4336 1321 4435 ita‘et
1352 4335 1484 4388 an.

331 4411 558 4435 ...η-ΛΞ..-
591 4408 645 4435 ε..
729 4424 793 4435 συ.
862 4422 959 4435 noon
1006 4407 1243 4435 ‘Irn\-I\n‘\
1268 4422 1317 4435 an
1344 4422 1476 4435 ...ι-ιη

228 4405 263 4435 ⁸⁸
290 4405 562 4464 Ennodius
591 4408 645 4461 in
679 4407 835 4476 Apol.
862 4422 961 4475 pro
988 4406 1318 4476 Symmacho
1344 4422 1500 4474 papa.

224 4478 389 4548 eodem
436 4496 543 4534 ms.
580 4480 780 4533 desunt
818 4476 1177 4548 quaeansulis
1202 4477 1409 4548 clausa.

224 4544 328 4601 loco
366 4564 529 4620 supra
573 4551 760 4604 citato.

1564 4337 1604 4367 ³³
1637 4340 1813 4403 ignota
1834 4378 1848 4401 ,
1876 4338 1962 4393 “ita
1989 4337 2058 4392 in
2088 4338 2221 4393 Luc.

1608 4408 1649 4437 ¹⁹
1678 4406 1815 4461 Osee
1870 4426 1963 4471 νιν
1989 4413 2042 4462 6.

1487 4478 1531 4507 ⁸³
1571 4476 1612 4529 ll
1644 4476 1782 4531 Tim.
1816 4495 1897 4543 ιιι,
1934 4480 1986 4534 5.

864 4547 909 4579 ³⁸
951 4546 1002 4602 7.
1031 4562 1086 4616 q.
1121 4548 1143 4600 1
1184 4566 1196 4601 :
1226 4546 1550 4602 Mutationes
1582 4548 1987 4618 episcOporum.

1882 3280 2044 3326 tutem
2077 3283 2248 3327 tamen
2296 3274 2410 3343 ejus
2460 3275 2721 3345 abuegant
2752 3276 2819 3330 ³³.
2875 3274 3010 3329 Nam
3041 3277 3093 3330 in
3120 3277 3211 3330 tali
3238 3277 3456 3347 negotio

1881 3364 2194 3435 prosapiam
2225 3365 2269 3396 “
2298 3381 2405 3419 non
2430 3381 2667 3436 agnosco
2694 3367 2773 3433 ²⁸;
2806 3368 2851 3422 si
2874 3368 3000 3437 quis
3026 3377 3205 3423 tamen
3232 3370 3457 3439 sapieuo

1881 3454 2041 3515 tium,
2071 3470 2210 3525 quos
2239 3455 2624 3524 insipientibus
2656 3459 2996 3526 tempestatis
3032 3457 3196 3527 hujus
3218 3461 3456 3527 procella

1884 3546 2007 3600 aliis
2038 3546 2267 3601 sociavit
2299 3548 2641 3610 auctoribus,
2692 3548 2995 3604 facinorum
3042 3549 3458 3619 participatione

1884 3639 2211 3705 maculatur,
2263 3641 2521 3710 Splendor
2561 3641 2843 3710 sapientis,
2886 3642 2988 3696 etsi
3014 3642 3457 3696 communionem

1882 3732 2173 3787 criminum
2204 3733 2456 3799 incurrit,
2498 3736 2671 3791 nescit
2701 3745 2881 3789 tamen
2907 3736 3100 3790 ducem
3132 3751 3191 3790 se
3218 3738 3459 3805 praebere

1882 3824 2256 3892 peccantibus.
2313 3825 2431 3879 Alia
2460 3841 2680 3895 quoque
2705 3835 2976 3881 estcausa
3006 3826 3254 3881 utilitatis
3281 3838 3332 3881 et
3364 3845 3458 3880 ne-

1878 3916 2171 3980 cessitatis,
2198 3928 2251 3971 et
2266 3918 2371 3972 alia
2395 3917 2635 3973 avaritiae
2658 3928 2713 3973 et
2742 3919 3459 3989 praesumptionis,autpro~

1881 4008 2013 4078 priae
2041 4010 2354 4064 voluntatis.
2390 4010 2649 4065 Avaritia:
2678 4028 2897 4081 quoque
2928 4028 3095 4066 causa
3112 4013 3178 4077 “,
3211 4012 3293 4066 vel
3320 4028 3460 4081 prte-

1881 4102 2231 4173 sumptionis,
2280 4112 2375 4157 aut
2418 4104 2653 4173 prepriaa
2683 4104 2999 4170 voluntatis,
3041 4119 3151 4158 non
3183 4115 3312 4159 sunt
3339 4106 3457 4171 epi-

1874 4216 1907 4251 l.
1947 4199 2039 4251 lib.
2078 4214 2158 4252 Ill.
2235 4202 2254 4231 "
2288 4200 2505 4269 ignotus
2536 4199 2671 4252 viris
2714 4198 2910 4252 doctis.
2986 4199 3007 4230 ⁸
3036 4197 3112 4252 in.
3188 4200 3210 4230 ο
3243 4197 3457 4267 ignotus

1870 4270 1911 4300 ¹²
1946 4269 2124 4321 κρίσει
2149 4267 2353 4321 πολλῶν
2386 4269 2719 4321 ἐπισκόπων.
2799 4268 2843 4300 ³⁸
2876 4267 2926 4321 7.
2951 4268 3053 4321 (1.1
3080 4288 3093 4321 :
3132 4267 3457 4321 Mutationes

1946 4286 2124 4323 κοισει
2149 4286 2353 4321 ποΑΑων
2386 4286 2719 4323 επισκοπων.
2800 4286 2843 4300 ⁸⁹
2884 4286 2926 4323 l.
2951 4286 3005 4323 (Ι.
3030 4286 3053 4321 1
3080 4288 3093 4323 ;
3132 4286 3146 4321 1

1986 4278 2124 4339 ρεσει
2149 4278 2353 4321 mum
2386 4278 2719 4323 ἐπισκόπων.
2799 4278 2843 4300 ³⁸
2877 4278 2926 4323 7.
2951 4284 3005 4339 q.
3030 4278 3053 4321 1
3080 4288 3093 4323 ;
3132 4278 3459 4325 Mntationes

2005 4342 2058 4392 in
2088 4338 2221 4393 Luc.
2301 4340 2344 4369 ³⁸
2373 4337 2563 4393 Matth.
2595 4356 2732 4403 χχιι,
2756 4340 2847 4404 25,
2871 4339 2960 4393 9-1.
3038 4340 3082 4372 ⁸⁷
3118 4338 3161 4393 ll
3187 4338 3328 4394 Tim.
3370 4357 3451 4393 ιιι.

2170 4410 2216 4440 ¹⁰
2242 4409 2597 4464 sacrificium.
2699 4412 2743 4441 “
2784 4409 2907 4464 Job.
2939 4426 3091 4475 χχιχ,
3125 4411 3211 4463 15.

2084 4479 2129 4511 ’⁸
2167 4480 2440 4550 propriam
2473 4479 2801 4550 prosapiem.

2906 4428 3091 4475 .xxnx,
3125 4428 3211 4463 ιε).
3317 4428 3359 4441 ’-
3401 4428 3454 4465 ιιι

2906 4480 2951 4512 ⁸³
2992 4481 3134 4535 idem
3174 4479 3457 4537 Ennodius

228 4664 418 4721 diaconi
465 4667 535 4722 de
570 4665 802 4720 ecclesia
855 4664 910 4719 in
944 4681 1053 4733 qua
1080 4665 1313 4719 ordinati
1348 4675 1493 4729 sunt,
1517 4666 1576 4736 in
1611 4665 1771 4718 aliam
1811 4674 1850 4727 ι)
1879 4664 2222 4723 Sardicensis
2250 4666 2625 4731 decreverunt,
2656 4677 2715 4720 ut
2744 4666 2879 4721 tales
2904 4665 3180 4736 deinceps,
3209 4681 3316 4722 non
3343 4676 3459 4721 tan-

228 4736 624 4798 transferantur,
664 4736 771 4790 nisi
810 4738 1109 4790 necessitas
1157 4737 1238 4789 vel
1267 4736 1488 4790 evidens
1516 4734 1775 4790 Ecclesiae

228 4807 407 4861 utilitas
475 4807 611 4861 illud
659 4806 918 4875 requirat.
974 4803 1108 4859 Nam
1137 4816 1197 4859 ut
1225 4806 1385 4859 alicui
1417 4805 1532 4859 sedi
1564 4807 1632 4859 ab
1661 4808 1774 4859 hae~

229 4879 385 4947 retieis
412 4877 795 4947 pessumdata),
832 4876 1064 4945 insignis
1107 4876 1305 4945 aliquis
1336 4875 1560 4931 alterius
1584 4875 1771 4930 Eccle-

227 4945 306 4997 sia:
330 4945 616 5017 cpiscopus
648 4949 990 5016 przeticiatur,
1029 4946 1081 5000 id
1118 4963 1223 5000 non
1258 4946 1419 4999 modo
1451 4961 1559 5017 non
1585 4955 1771 5017 sancta

228 5019 441 5084 synodus
465 5016 764 5087 prohibuit,
784 5017 877 5072 sed
903 5034 933 5070 e
956 5026 1143 5087 contra
1169 5017 1348 5085 potius
1370 5017 1428 5087 id
1459 5016 1766 5087 faciendum

227 5099 331 5157 esse
354 5084 602 5157 exeiizplo
627 5088 864 5152 edocuit,
915 5102 1039 5141 cum
1085 5084 1320 5141 Eusebio
1366 5084 1767 5157 Nicomediensi

228 5162 273 5227 et
296 5155 600 5227 Theognide
632 5158 857 5227 Nicmno
886 5159 1157 5227 episcopis
1189 5156 1408 5211 Arianis
1457 5157 1769 5222 insigniori-

229 5223 314 5281 bus
344 5223 623 5298 depositis,
672 5229 726 5282 in
772 5223 950 5298 sedem
1003 5223 1242 5298 ips—orum
1278 5226 1505 5298 aliarum
1559 5228 1767 5298 sedium

230 5296 475 5353 antistites
502 5298 852 5352 suﬂ‘ecerunt.
908 5296 969 5351 Et
998 5296 1123 5367 quia
1153 5297 1369 5351 Eusebii
1396 5296 1771 5351 Nicomedien-

230 5367 295 5419 sis
340 5368 573 5423 hominis
614 5368 835 5436 inquieti
880 5378 931 5421 et
973 5369 1245 5421 ambitiosi
1297 5368 1409 5436 (qui
1459 5376 1579 5435 post
1632 5368 1771 5421 duas

230 5437 363 5508 sedes
388 5448 625 5493 mutatas
650 5438 1179 5508 Constantinopolim
1208 5452 1268 5492 se
1285 5437 1577 5508 transferri
1608 5452 1769 5508 cura:

231 5505 311 5577 vit)
341 5510 607 5577 exemplo,
654 5507 964 5576 frequenter
1014 5505 1087 5561 ab
1112 5507 1328 5561 Ariauis
1362 5507 1546 5569 tiebat,
1590 5515 1651 5560 ut
1674 5507 1770 5576 qui

231 5573 456 5649 humanae
477 5573 665 5649 gloria:
688 5573 911 5633 libidine
949 5579 1179 5644 incitati,
1212 5576 1529 5649 muneribus
1562 5577 1628 5630 ad
1654 5573 1772 5649 nias

228 5645 352 5718 iores
392 5645 549 5704 sedés
602 5649 821 5718 provehi
876 5650 1205 5711 laborarent,
1259 5647 1326 5701 iis
1364 5648 1634 5716 cpiscOpis
1674 5647 1769 5716 qui

234 5717 507 5783 majoribus
535 5717 847 5789 civitatibus
890 5728 1175 5789 praeerant,
1222 5722 1498 5788 negotium
1543 5718 1773 5773 facesse-

234 5797 359 5854 rent;
418 5790 542 5845 ideo
564 5788 750 5844 Patres
792 5788 1127 5844 sacrosancti
1176 5788 1500 5844 meumenici
1551 5789 1771 5844 concilii

527 5908 801 5968 Pnaon.
846 5907 997 5989 Gn._
1024 5909 1107 5973 Χ..

1879 4745 1990 4790 tum
2048 4737 2189 4791 inter
2239 4738 2523 4807 episcopos
2571 4753 2677 4791 non
2723 4738 3338 4807 numerarentur,fsed
3387 4738 3456 4792 ab

1876 4807 2028 4861 omni
2057 4806 2285 4876 penitus
2310 4808 2518 4862 ordinis
2545 4808 2900 4862 ecclesiastici
2932 4807 3100 4876 gradu
3135 4806 3349 4876 dejecti,
3379 4808 3457 4859 in-

1880 4887 1960 4931 ter
2002 4877 2171 4933 laicos
2216 4888 2713 4943 commorarentur,
2764 4877 2875 4931 imo
2924 4892 2993 4930 ne
3045 4877 3179 4930 laica
3226 4876 3455 4945 quidem

1856 4948 2263 5002 communione
2286 4948 2341 5001 in
2367 4948 2471 5001 fine
2499 4950 2623 5003 vita:
2662 4948 3085 5016 impartirentur.
3118 4946 3294 5000 Baron
3320 4962 3450 5002 ann.

1879 5018 2084 5072 Christi
2110 5017 2240 5081 524,
2277 5034 2428 5072 num.
2464 5018 2603 5085 l55;
2638 5032 2781 5071 anno
2803 5016 2928 5085 325,
2959 5032 3112 5072 num.
3139 5016 3279 5083 l55;
3323 5017 3451 5073 item

1877 5102 2022 5142 anno
2050 5088 2175 5155 547,
2211 5104 2363 5143 num.
2393 5087 2483 5141 46.
2510 5087 2637 5141 Sev.
2668 5086 2783 5140 But.

1949 5158 2024 5228 (6)
2066 5157 2321 5213 Eusebius
2362 5174 2582 5228 quoque.
2637 5156 2735 5211 Hic
2768 5164 2851 5228 est
2879 5155 3002 5228 ille
3029 5154 3298 5227 Eusebius
3323 5156 3451 5211 Ale-

1879 5226 2178 5283 xandrinus
2201 5226 2510 5298 episcopus,
2557 5228 2649 5297 qui
2698 5226 2916 5295 scripsit
2944 5226 3011 5280 18
3041 5226 3321 5281 sermones
3352 5243 3454 5280 nu-

1878 5315 1973 5369 per
1998 5299 2051 5351 in
2082 5298 2457 5369 vetustissimo
2478 5298 2624 5369 libro
2656 5298 2995 5369 bibliothecae
3035 5298 3246 5367 Crypta:
3274 5298 3449 5351 ferra-

1880 5367 1966 5433 tae,
1989 5377 2049 5422 ut
2074 5376 2302 5423 testatur
2328 5367 2632 5423 Turrianus
2658 5384 2776 5438 cap.
2808 5367 2896 5432 12,
2922 5367 3149 5438 libro_n,
3180 5377 3449 5436 .nventos,

1878 5440 1933 5493 in
1956 5453 2190 5508 quorum
2231 5454 2341 5493 uno
2379 5453 2541 5508 quem
2585 5440 2652 5494 de
2683 5436 3017 5492 Ascensione
3065 5436 3281 5491 Domini
3315 5438 3453 5493 scri-

1876 5510 2006 5579 psit,
2036 5524 2170 5563 usus
2195 5518 2277 5562 est
2305 5512 2474 5563 verbo
2506 5508 2807 5574 Homousii,
2848 5509 2997 5579 quod
3027 5518 3250 5564 sanctus
3280 5509 3451 5563 Atha-

1877 5578 2067 5633 nasius
2101 5580 2153 5631 in
2184 5580 2343 5648 epist.
2373 5580 2438 5634 ad
2476 5580 2759 5634 Africanos
2809 5578 2886 5631 ait
2915 5594 3022 5632 non
3054 5580 3222 5633 fuisse
3254 5579 3306 5632 in
3324 5594 3454 5648 syn-

1878 5652 1984 5704 odo
2051 5648 2268 5716 Nicwua
2303 5652 2605 5715 inventum,
2660 5650 2754 5705 sed
2796 5651 2948 5717 prius
2990 5648 3160 5704 fuisse
3188 5650 3350 5702 etiam
3382 5651 3453 5701 ab

1876 5720 2148 5789 episcOpis
2197 5719 2542 5776 Alexandriae
2590 5728 2934 5788 usurpatum,
2987 5721 3055 5773 ad
3104 5719 3451 5774 asserendam

1878 5800 2067 5850 contra
2100 5790 2387 5849 haereticos
2416 5790 3039 5848 consubstantialitatem
3073 5789 3195 5844 Filii
3228 5789 3347 5845 Dei.

3056 5946 3059 5949 ι
3100 5907 3140 5968 ὃ
