3966 6522
500 293 593 347 171

1880 293 2136 352 ANTE!“
2171 295 2378 353 i’M’A!

3640 300 3737 357 ΗΞ

493 414 644 483 scopi
672 413 913 467 mutandi
947 414 1013 468 de
1043 412 1261 467 civitate
1292 414 1357 469 ad
1390 415 1688 477 civitatem,
1740 415 1833 470 sed
1861 417 2060 471 utilita—
2090 425 2134 479 Α
2164 428 2246 472 tus
2278 418 2321 449 ⁸³
2361 428 2438 471 est
2499 419 2552 471 in
2581 418 2797 470 naribus
2838 418 3058 481 nostris,
3100 428 3160 472 et
3202 435 3371 472 sermo
3410 418 3640 473 scintilla
3672 423 3739 475 ad

494 507 563 561 tis
609 516 663 560 et
694 507 1052 563 necessitatis.
1102 486 1268 572 \Quod
1318 522 1478 560 nemo
1525 517 1701 576 negat,
1752 508 1857 562 nisi
1904 509 1959 562 hi
1996 509 2064 564 de

490 598 693 667 quibus
720 597 924 652 dictum
954 607 1038 652 est
1068 616 1081 651 :
1119 596 1444 650 Erraverunt
1479 598 1530 649 in
1559 597 1829 662 ebrietate,
1868 599 2064 653 nescie-

491 698 617 744 runt
660 690 935 753 videntem,
984 690 1357 759 ignoraverunt
1412 689 1677 756 judicium
1704 690 1768 742 ³⁷.
1824 689 1958 743 Nam
2016 691 2064 744 si

486 785 803 838 enarrando
829 799 1053 852 cogerer
1088 784 1294 852 aperire
1322 792 1597 838 transacta
1624 784 1688 846 ’⁸,
1722 786 2062 840 ostenderem

490 876 645 930 vobis
674 876 881 929 nullum
919 875 1138 930 evenire
1165 875 1418 929 solatium
1448 875 1515 930 de
1546 876 1954 944 comparatione
1982 874 2062 929 fa-

490 977 721 1021 ctorum.
754 967 1017 1021 Caeterum
1044 976 1198 1030 state,
1220 967 1551 1030 cbarissimi,
1582 984 1737 1035 super
1765 969 1898 1031 vias,
1920 970 2063 1037 aspi-

486 1060 677 1113 cientes
706 1068 753 1113 et
781 1060 1243 1130 interrogantesde
1269 1062 1469 1113 semitis
1501 1060 1712 1113 Domini
1732 1063 1961 1131 antiquis
1991 1063 2058 1127 ὀ,

484 1162 534 1205 et
570 1152 731 1206 videte
761 1170 878 1222 qua:
922 1162 999 1206 est
1048 1154 1131 1205 cia
1166 1152 1302 1205 bona
1339 1161 1389 1206 et
1420 1161 1581 1218 recta,
1623 1162 1671 1206 et
1703 1154 1973 1207 ambulate
2004 1155 2059 1208 in

483 1260 566 1310 ea,
599 1252 647 1297 et
674 1245 946 1298 invenietis
977 1244 1205 1313 requiem
1248 1244 1527 1297 animabus
1562 1246 1749 1298 vestris
1781 1246 1847 1298 ³⁸.
1910 1244 1973 1299 Ει
1999 1254 2060 1299 ut

478 1332 636 1401 juxta
664 1332 956 1403 Sapientiae
988 1349 1173 1388 vocem
1202 1333 1451 1388 dicamus
1482 1351 1495 1388 :
1532 1334 1747 1405 Ditigite
1762 1335 2055 1404 justitiam,

480 1428 573 1498 qiti
590 1427 847 1498 judicatis
881 1436 1097 1481 terram.
1148 1424 1344 1480 Sentite
1378 1425 1441 1480 de
1466 1426 1691 1480 Domino
1723 1427 1778 1480 in
1807 1427 2057 1495 bonitate,

480 1529 531 1573 et
562 1521 618 1572 in
650 1519 991 1588 simplicitate
1021 1519 1194 1571 cordis
1233 1520 1449 1588 quwrite
1478 1518 1669 1580 illum;
1701 1520 1950 1589 quoniam
1978 1521 2058 1572 in-

482 1613 685 1667 venitur
724 1611 787 1664 ab
820 1612 899 1664 his
929 1612 1017 1681 qui
1048 1627 1149 1663 non
1188 1620 1388 1665 tentant
1419 1611 1610 1675 illum;
1642 1623 1854 1680 apparet
1883 1622 2057 1665 autem

478 1706 551 1758 eis
581 1705 671 1774 qui
704 1702 858 1771 ﬁdem
883 1703 1069 1757 habent
1118 1703 1170 1755 in
1212 1703 1385 1756 illum.
1447 1702 1713 1758 Perverste
1746 1705 1883 1757 enim
1915 1706 2057 1775 cogi-

2169 508 2593 561 commovendum
2615 524 2705 561 cor
2736 518 3006 572 nostrum;
3035 525 3137 577 qua
3162 511 3444 576 exstincta,
3486 511 3616 563 cinis
3642 512 3736 564 erit

2168 617 2354 669 corpus
2383 609 2645 663 nostrum,
2679 609 2728 653 et
2749 601 2968 668 spiritus
2994 598 3309 668 e/fundetur.
3338 611 3589 671 tanquam
3612 604 3738 655 mol-

2165 690 2234 745 lis
2270 707 2381 743 aer.
2439 688 2508 742 Et
2546 690 2795 741 transibit
2821 691 2924 743 vita
2956 700 3138 743 nostra
3171 699 3422 761 tanquam
3468 694 3736 762 vestigium

2166 782 2341 846 nubis,
2386 791 2433 835 et
2470 782 2607 835 sicut
2655 781 2842 834 nebula
2872 782 3206 848 dissolvetur,
3237 801 3355 854 qua:
3393 786 3575 855 fugata
3601 796 3677 839 est
3706 804 3739 845 α

2165 876 2333 928 radiis
2362 875 2511 935 solis,
2559 883 2607 927 et
2638 892 2670 927 a
2700 874 2874 927 calore
2907 874 3055 928 illius
3091 886 3401 946 aggravata.
3459 877 3527 931 Et
3556 895 3737 931 nomen

2164 976 2406 1019 nostrum
2460 966 2771 1018 oblivionem
2821 966 3039 1034 accipiet
3092 981 3183 1033 per
3227 976 3447 1037 tempus,
3497 980 3547 1022 et
3593 986 3735 1023 nemo

2163 1058 2472 1111 memoriam
2501 1057 2703 1110 habebit
2744 1074 2953 1125 operum
2996 1066 3315 1113 nostrorum.
3358 1060 3569 1115 Umbrte
3599 1078 3735 1115 enim

2165 1152 2426 1204 transitus
2462 1159 2540 1205 est
2574 1160 2771 1217 tempus
2817 1158 3076 1216 nostrum,
3121 1160 3170 1204 et
3200 1163 3397 1205 nonest
3430 1153 3652 1206 reversio
3681 1153 3737 1221 fi-

2163 1245 2244 1297 nis
2270 1244 2461 1307 nostri,
2506 1244 2753 1314 quoniam
2799 1243 3110 1313 con-signata
3137 1253 3235 1308 est,
3263 1254 3311 1296 et
3340 1260 3490 1298 nemo
3517 1256 3734 1298 reverte-

2165 1345 2251 1388 tur
2282 1335 2347 1389 ”.
2400 1334 2688 1405 Propterea
2744 1335 3037 1403 unicuique
3082 1336 3482 1405 przevidendum
3520 1346 3624 1402 est,
3679 1348 3737 1391 ut

2164 1443 2513 1497 summopere
2554 1442 2613 1481 se
2660 1426 2947 1493 custodiat,
2997 1437 3050 1481 et
3098 1428 3301 1481 utiliter
3339 1444 3396 1482 se
3425 1431 3732 1497 prmvideat,

2165 1530 2223 1573 ut
2253 1536 2374 1575 cum
2407 1520 2523 1574 dies
2553 1529 2795 1574 extrema
2832 1519 3064 1588 finisque
3114 1521 3237 1574 vita:
3277 1521 3574 1586 advenerit,
3625 1540 3733 1577 non

2165 1621 2408 1667 transeat
2433 1613 2497 1666 ad
2526 1622 2838 1682 perpetuam
2879 1621 3131 1677 mortem,
3171 1616 3262 1668 sed
3294 1614 3358 1667 ad
3389 1616 3552 1669 vitam
3579 1626 3737 1671 aeter-

2165 1723 2311 1760 nam.
2341 1704 2508 1761 Facta
2538 1708 2681 1760 enim
2717 1706 3055 1762 subditorum
3083 1707 3397 1778 judicantur
3425 1726 3451 1761 a
3478 1712 3643 1765 nobis
3667 1713 3735 1777 ³⁸,

479 1797 706 1849 tationes
758 1804 1003 1864 separant
1041 1812 1071 1847 a
1109 1794 1235 1857 Deo,
1286 1794 1508 1863 probata
1531 1805 1704 1849 autem
1742 1797 1906 1849 virtus
1937 1813 2054 1849 cor-
2086 1787 2125 1839 Β
2158 1808 2344 1852 nostra
2395 1812 2524 1852 vero
2563 1796 2777 1866 judicat
2820 1797 2982 1852 Deus.
3040 1797 3115 1852 Ex
3150 1800 3344 1853 merito
3394 1816 3522 1855 vero
3559 1803 3736 1871 plebis

477 1889 603 1957 ripit
630 1889 955 1958 insipientes.
989 1888 1251 1952 Quoniam
1280 1891 1336 1939 in
1360 1887 1669 1942 mulevolam
1694 1890 1925 1942 animam
1950 1906 2053 1943 non

476 1983 717 2036 introibit
767 1982 1050 2050 sapientia,
1101 1996 1191 2032 nec
1223 1979 1481 2032 habitabit
1509 1980 1560 2032 in
1597 1996 1812 2047 corpore
1841 1980 2053 2034 subdito

474 2075 725 2145 peccatis.
785 2072 1017 2141 Spiritus
1066 2072 1205 2125 enim
1246 2081 1461 2123 sanctus
1510 2070 1805 2140 disciplina:
1842 2072 2053 2142 effugiet

476 2168 680 2237 ﬁctum,
729 2176 777 2219 et
809 2166 1009 2234 auferet
1042 2181 1095 2217 se
1123 2182 1153 2216 a
1184 2162 1591 2233 cogitationibus
1640 2176 1914 2233 quaesunt
1941 2167 2052 2220 sine

475 2260 765 2321 intellectu,
817 2267 865 2312 et
904 2258 1226 2326 corripietur
1272 2274 1302 2309 a
1331 2257 1715 2323 superveniente
1750 2256 2047 2324 iniquitate.

446 2351 740 2422 -Benignus
779 2360 854 2403 est
883 2351 1020 2403 enim
1051 2350 1272 2417 spiritus
1301 2348 1595 2415 sapientiw,
1653 2357 1700 2400 et
1727 2364 1828 2400 non
1860 2348 2051 2400 libera-

472 2443 548 2496 bit
579 2442 919 2497 maledictum
945 2442 986 2472 ³¹
1022 2458 1053 2494 a
1076 2441 1235 2493 labiis
1284 2442 1424 2504 suis;
1471 2441 1719 2509 quoniam
1770 2458 1949 2494 renum
1977 2443 2046 2495 il-

473 2536 575 2588 lius
621 2536 768 2587 testis
817 2543 892 2587 est
936 2533 1100 2598 Deus,
1147 2533 1395 2586 etcordis
1422 2532 1534 2600 ejus
1574 2542 1838 2586 scrutator
1858 2544 1935 2587 est
1965 2552 2049 2589 ve-

473 2642 588 2689 rus,
622 2634 670 2678 et
701 2625 894 2695 lingua:
926 2625 1071 2679 illius
1102 2624 1337 2679 auditor.
1371 2623 1642 2688 Quoniam
1676 2624 1906 2694 Spiritus
1939 2627 2046 2679 Do-

469 2718 598 2770 mini
624 2716 837 2785 replevit
886 2715 1061 2769 orbem
1093 2726 1377 2778 terrarum,
1422 2727 1471 2769 et
1504 2719 1618 2774 hoc.
1654 2715 1791 2787 quod
1816 2718 2047 2770 continet

470 2808 669 2870 omnia,
724 2808 1002 2862 scientiam
1032 2808 1185 2859 habet
1215 2808 1374 2861 vocis.
1432 2807 1655 2875 Propter
1683 2808 1797 2873 hoc,
1842 2810 1931 2878 qui
1963 2809 2044 2861 lo-

467 2898 649 2966 quitur
679 2897 879 2966 iniqua,
935 2912 1034 2949 non
1060 2908 1225 2966 potest
1253 2897 1439 2962 latere,
1481 2914 1573 2950 nec
1604 2899 1867 2966 prseteriet
1891 2898 2042 2951 illum

465 2989 753 3058 corripiens
788 2988 1075 3057 judicium.
1141 2987 1207 3041 In
1254 2989 1658 3058 cogitationibus
1709 2991 1846 3043 enim
1894 2991 2044 3059 impii

466 3082 811 3151 interrogatio
839 3082 962 3137 erit.
1014 3080 1326 3136 Sermonum
1356 3096 1531 3135 autem
1566 3083 1710 3137 illius
1737 3084 1939 3136 auditio
1974 3082 2042 3135 ad

464 3172 752 3227 Dominum
790 3175 974 3239 veniet,
1016 3184 1065 3227 et
1098 3173 1166 3227 ad
1191 3175 1569 3242 correptionem
1596 3175 1939 3243 iniquitatum
1969 3176 2042 3227 il-

463 3262 600 3330 lius;
653 3267 908 3336 quoniam
940 3268 1085 3319 auris
1118 3267 1215 3319 zeli
1261 3266 1410 3319 audit
1454 3266 1652 3329 omnia,
1703 3279 1751 3321 et
1781 3267 2041 3322 tumultus

464 3359 943 3411 murmurationum
962 3375 1063 3410 non
1085 3357 1444 3411 abscondetur.
1461 3355 1732 3411 Custodite
1760 3376 1880 3428 ergo
1904 3376 1988 3411 vos
2007 3376 2040 3411 α

464 3458 902 3512 murmuratione,
954 3464 1071 3517 qua:
1115 3448 1245 3500 nihil
1277 3448 1523 3516 prodest;
1572 3458 1620 3500 et
1651 3465 1681 3500 a
1718 3448 2039 3504 detractione

460 3541 660 3608 parcite
690 3540 916 3609 linguae;
964 3541 1211 3610 quoniam
1257 3557 1425 3593 sermo
1456 3546 1705 3594 obscurus
1726 3543 1792 3594 ‘in
1816 3558 2038 3596 vacuum

462 3647 567 3685 non
595 3631 710 3684 ibit.
769 3631 840 3684 Os
870 3632 1007 3700 quod
1039 3632 1307 3694 mentitur,
1337 3633 1528 3685 occidit
1561 3633 1816 3685 animam.
1878 3631 2037 3687 Noli-

450 3734 509 3777 ςιε
538 3723 709 3776 zelare
739 3733 959 3776 mortem
988 3724 1040 3775 in
1065 3740 1239 3777 errore
1264 3726 1383 3778 vita:
1416 3733 1617 3789 vestrae,
1666 3741 1825 3794 neque
1853 3727 2035 3796 acqui-

461 3817 595 3869 rutis
642 3816 987 3885 perditionem
1029 3816 1086 3868 in
1128 3815 1369 3885 operibus
1417 3833 1668 3869 manuum
1701 3828 2027 3881 vestrarum;

458 3906 709 3976 quoniam
746 3906 884 3961 Deus
914 3919 1132 3961 mortem
1159 3924 1260 3960 non
1288 3907 1433 3975 fecit,
1482 3924 1572 3960 nec
1596 3907 1811 3961 laztntur
1836 3910 1889 3963 in
1914 3926 2031 3979 per-

457 3999 939 4053 ditione-vivorum.
997 3997 1205 4053 Creavit
1233 4000 1392 4064 enim,
1422 4010 1479 4052 ut
1509 4009 1700 4064 essent,
1752 4002 1951 4065 omnia,
1980 4011 2029 4055 et

456 4090 720 4144 sanabiles
767 4107 879 4144 esse
925 4090 1089 4144 voluit
1118 4093 1357 4145 nationes
1388 4090 1529 4143 orbis
1557 4101 1841 4146 terrarum.
1904 4092 2027 4146 Non

454 4194 531 4238 est
566 4184 622 4237 in
653 4183 761 4238 illis
790 4183 1225 4237 medicamentum
1256 4184 1579 4249 exterminii,
1616 4200 1706 4236 nec
1738 4183 2026 4252 inferorum

454 4280 754 4350 regnumin
782 4288 923 4332 terra
968 4280 1269 4333 viventium.
1329 4278 1551 4331 Iustitia
1595 4288 1843 4347 perpetua
1872 4292 1945 4333 est
1972 4288 2051 4345 et,

451 4372 803 4435 immortalis;
852 4372 1119 4440 injustitia
1167 4381 1342 4425 autem
1387 4371 1569 4425 mortis
1612 4379 1688 4423 est
1717 4373 2016 4443 acquisitio.

2158 1906 2549 1959 nonnunquam
2576 1890 2815 1959 episcopi
2840 1891 3286 1960 depravantur",
3313 1901 3579 1959 quatenus
3607 1910 3735 1963 pro-

2156 1983 2348 2037 clivius
2377 1982 2575 2035 cadant
2600 1982 2691 2051 qui
2720 1995 3045 2050 sequuntur.
3085 1984 3277 2053 Capite
3321 1985 3731 2054 languescente,

2155 2084 2347 2128 caetera
2399 2075 2643 2143 corporis
2707 2076 2953 2129 membra
3011 2076 3351 2132 inticiuutur.
3423 2077 3734 2133 Dcteriores

2154 2176 2301 2231 sunt,
2351 2167 2443 2237 qui
2490 2170 2655 2221 vitam
2708 2182 2999 2236 moresque
3045 2168 3312 2223 bonorum
3349 2182 3729 2240 corrumpunt,

2154 2258 2239 2311 his
2285 2259 2377 2327 qui
2433 2259 2787 2313 substantias.
2820 2260 3047 2313 aliorum
3096 2261 3402 2331 praediaque
3443 2263 3729 2332 diripiunt.

2152 2346 2352 2401 Caveat
2388 2350 2763 2417 unusquisque
2800 2366 2866 2402 ne
2896 2359 2990 2403 aut
3019 2351 3281 2421 linguam,
3313 2359 3407 2405 aut
3434 2368 3594 2407 aures
3626 2354 3727 2407 ba-

2154 2437 2279 2491 beat
2325 2438 2629 2505 prurientes
2656 2438 2722 2503 ⁸⁷,
2767 2439 2818 2491 id
2858 2447 2942 2493 est
2989 2454 3057 2494 ne
3101 2451 3194 2494 aut
3232 2440 3345 2510 ipse
3373 2441 3494 2494 aliis
3542 2442 3730 2496 detra-

2152 2528 2264 2593 hat,
2318 2538 2411 2582 aut
2458 2530 2593 2584 alios
2634 2531 2819 2584 audiat
2848 2531 3216 2586 detrahentes.
3269 2531 3485 2596 Sedens,
3521 2536 3724 2604 inquit,

2149 2620 2397 2675 adversus
2450 2621 2669 2689 fratrem
2703 2631 2846 2675 tuum
2892 2623 3221 2691 loquebaris,
3270 2626 3623 2694 detrahendo,
3678 2637 3727 2679 et

2149 2714 2395 2767 adversus
2445 2715 2618 2783 [ilium
2662 2716 2850 2767 matris
2904 2726 3008 2769 tua:
3044 2717 3270 2784 ponebas
3309 2719 3623 2773 scandalum
3658 2721 3722 2784 ³⁸,

2147 2814 2251 2861 etc.
2296 2804 2531 2860 Parcant
2560 2806 2756 2876 singuli
2791 2807 3109 2862 detractioni
3136 2810 3353 2877 linguae,
3380 2813 3723 2867 custodiant-

2147 2912 2253 2967 que
2282 2913 2566 2953 sermones
2605 2912 2770 2964 suos;
2809 2909 2863 2951 et
2892 2900 3087 2965 sciant,
3123 2900 3248 2968 quia
3275 2911 3469 2955 cuncta
3498 2917 3625 2971 quae
3656 2903 3723 2957 de

2146 2992 2268 3047 aliis
2299 2993 2615 3061 loquuntur,
2648 3007 2745 3046 sua
2777 2993 3047 3046 sententia
3071 2993 3479 3061 judicabuntur.
3542 2992 3722 3049 Nemo

2147 3082 2319 3137 invito
2364 3081 2599 3136 auditori
2650 3082 2879 3136 libenter
2911 3082 3099 3137 refert.
3158 3082 3327 3138 Oliicii
3372 3085 3720 3155 singulorum

2146 3175 2239 3237 sit,
2274 3174 2636 3238 dilectissimi,
2694 3191 2800 3229 non
2829 3175 3003 3229 solum
3040 3175 3229 3231 oculos
3261 3185 3440 3231 castos
3472 3193 3717 3242 servare.

2145 3266 2238 3322 sed
2265 3275 2319 3322 et
2345 3267 2609 3337 linguam.
2653 3265 2761 3322 Nec
2793 3268 2922 3336 quid
2958 3267 3011 3319 in
3045 3268 3367 3337 cujusquam
3395 3269 3557 3324 domo
3585 3285 3720 3342 aga-

2145 3370 2254 3425 tur,
2305 3361 2409 3415 alia
2439 3361 2636 3416 domus
2662 3377 2754 3430 per
2786 3376 2883 3415 vos
2912 3376 3151 3430 unquam
3182 3363 3408 3416 noverit.
3466 3361 3720 3418 Habeant

2142 3466 2333 3505 omnes
2384 3450 2786 3518 simplicitatem
2816 3448 3085 3503 columbae
3111 3448 3176 3515 ’9,
3215 3464 3282 3503 ne
3311 3449 3565 3519 cuiquam
3592 3465 3718 3503 ma-

2139 3543 2429 3596 cliinentur
2456 3540 2611 3595 dolos
2643 3558 2659 3608 ;
2685 3549 2738 3594 et
2768 3541 3033 3611 serpentis
3061 3541 3341 3603 astutiam,
3377 3541 3714 3596 nc'aliorum

2139 3634 2553 3702 supplantentur
2604 3632 2836 3687 insidiis.
2889 3630 3003 3686 Non
3051 3642 3132 3687 est
3184 3632 3504 3687 humilitatis
3551 3649 3712 3699 mese,

2137 3740 2311 3794 neque
2360 3740 2647 3790 mensurae,
2694 3725 2945 3793 judicare
2991 3726 3056 3778 de
3093 3725 3322 3787 caneris,
3367 3733 3421 3779 et
3448 3725 3513 3780 de
3544 3727 3715 3780 mini~

2135 3818 2263 3872 stris
2286 3816 2647 3872 Ecclesiarum
2680 3817 2961 3871 sinistrum
2991 3815 3269 3885 quidpiam
3297 3815 3496 3870 dicere.
3526 3814 3709 3880 Absit,

2134 3919 2192 3962 ut
2218 3910 2514 3977 quidquam
2561 3908 2843 3963 sinistrum
2893 3908 2958 3962 de
2984 3909 3069 3961 his
3100 3907 3296 3977 loquar
3334 3906 3399 3973 ⁸ο,
3447 3908 3542 3976 qui
3568 3922 3709 3978 apo-

2131 4001 2325 4056 stolico
2349 4002 2539 4071 gradui
2562 4001 2932 4067 succedentes,
2959 4000 3160 4056 Christi
3190 4016 3388 4070 corpus
3420 4016 3578 4056 sacro
3606 4017 3712 4057 ore

2129 4092 2444 4159 conficiunt,
2494 4108 2588 4162 per
2625 4108 2762 4162 quos
2807 4108 2908 4148 nos
2953 4092 3117 4147 etiam
3150 4092 3443 4149 Christiani
3476 4109 3698 4159 sumus,

2127 4184 2221 4252 qui
2268 4184 2447 4237 claves
2493 4183 2644 4253 regni
2687 4183 2949 4238 caelorum
2998 4184 3280 4245 habentes.
3317 4193 3442 4239 ante
3492 4184 3693 4252 judieii

2124 4275 2266 4330 diem
2288 4276 2556 4343 judicant.
2614 4273 2793 4329 Veteri
2821 4276 3039 4344 quidem
3068 4276 3185 4347 lege
3216 4277 3446 4331 habetur
3474 4276 3541 4342 “,
3576 4278 3707 4346 qui-

2124 4383 2339 4437 cunque
2368 4366 2740 4421 sacerdotibus
2784 4381 2894 4420 non
2924 4368 3366 4437 obtemperasset,
3418 4376 3513 4421 aut
3541 4377 3703 4422 extra

452 4466 611 4534 [mpii
646 4474 819 4519 autem
866 4466 1104 4517 manibus
1135 4473 1190 4519 .et
1225 4465 1389 4518 verbis
1431 4466 1785 4518 accersierunt
1830 4465 2017 4531 illam;
2050 4470 2095 4528 D
2126 4472 2300 4516 castra
2358 4461 2568 4530 positus
2638 4460 2978 4529 lapidabatur
3029 4475 3065 4514 a
3114 4461 3330 4530 populo,
3381 4471 3477 4516 aut
3513 4464 3704 4533 gladio

446 4566 496 4608 et
527 4556 845 4609 testimantes
875 4570 990 4607 eam
1019 4555 1262 4619 amicam,
1302 4556 1656 4624 defluxerunt,
1691 4566 1739 4611 et
1774 4561 2015 4627 sponsio-

445 4664 535 4701 nes
563 4656 846 4716 posuerunt
889 4646 1173 4708 adillam;
1202 4648 1450 4716 quoniam
1494 4659 1656 4702 morte
1688 4649 1835 4719 digni
1869 4662 2012 4714 sunt,

443 4740 534 4809 qui
567 4749 687 4793 sunt
715 4755 780 4792 ea:
807 4750 957 4808 parte
980 4738 1126 4791 illius
1166 4739 1231 4791 ³³.
1294 4738 1551 4795 Dixerunt
1577 4743 1735 4805 enim,
1792 4743 1931 4808 apud
1960 4760 2015 4797 se

442 4831 731 4900 cogitantes
788 4846 889 4883 non
929 4839 1099 4883 recte:
1127 4827 1389 4899 Exiguum
1431 4842 1528 4894 est,
1578 4844 1625 4887 et
1674 4851 1791 4887 cum
1829 4834 2008 4896 ta’dio,

444 4932 645 4989 tempus
693 4921 811 4976 vita:
856 4930 1069 4985 nostrae,
1117 4931 1166 4974 et
1202 4938 1303 4975 non
1348 4932 1423 4975 est
1462 4923 1795 4993 refrigerium
1824 4926 1878 4979 in
1908 4926 2010 4993 ﬁne

442 5013 690 5078 hominis,
738 5022 787 5067 et
815 5029 917 5067 non
942 5024 1018 5067 est
1045 5014 1134 5083 qui
1179 5015 1390 5082 agnitus
1421 5016 1489 5068 sit
1518 5032 1747 5069 reversus
1779 5016 1841 5067 ab
1873 5016 2008 5082 infe-

441 5106 537 5160 ris.
591 5105 856 5170 Quoniam
897 5121 961 5159 ea:
991 5106 1152 5158 nihilo
1176 5108 1286 5158 nati
1321 5124 1523 5163 sumus.
1565 5117 1614 5160 et
1643 5117 1755 5177 post
1780 5107 1875 5163 hoc
1904 5108 2010 5159 eri-

438 5213 555 5251 mus
582 5206 831 5268 tanquam
869 5213 972 5251 non
1000 5198 1273 5266 fuerimus.
1332 5196 1807 5268 Quoniomfumus
1847 5198 2008 5267 affla-

509 5426 553 5460 ‘7
579 5426 681 5481 lsa.
711 5442 905 5491 χχι-ιιι,
943 5426 994 5479 7.
1050 5426 1095 5457 ’⁸
1135 5426 1273 5479 idem
1320 5425 1598 5482 Ennodius
1640 5426 2072 5481 morelaudatus.

509 5513 639 5567 :um.
735 5498 776 5528 ³³
819 5496 1020 5567 Saptr.
1105 5495 1149 5528 ³³
1188 5514 1253 5551 ac
1293 5496 1526 5567 ﬂatus.”
1588 5497 1631 5529 “
1673 5497 1800 5565 Sap.
1848 5498 1916 5567 it],
1955 5496 2066 5567 1-5ζ

1714 5514 1800 5565 ap.
1848 5514 1916 5567 ιιι,
1955 5514 2060 5551 ι-ῡ.

1714 5583 1861 5621 num.
1958 5568 2003 5598 ³⁸
2044 5566 2060 5619 1

2150 5514 2195 5527 ““’
2230 5514 2283 5549 υ.
2324 5514 2382 5562 1|.
2412 5514 2463 5548 ί)-
2510 5514 2673 5547 fama
2715 5514 3081 5547 SUUUIIUI‘UI".
3186 5514 3230 5521 "'
3272 5514 3394 5544 ISIH.
3426 5514 3510 5553 Ill,
3531 5514 3679 5547 SC"!-

2152 5566 2243 5619 lm.
2278 5580 2456 5631 ,xux,
2518 5561 2607 5616 20.
2680 5561 2721 5594 ³³
2764 5563 2903 5615 idem
2929 5561 3075 5616 llicr.
3105 5577 3190 5628 ep.
3224 5561 3322 5624 t5,
3351 5570 3461 5614 tum
3497 5577 3581 5628 ep.
3619 5562 3679 5627 ι,

438 5651 692 5712 invertunt
749 5640 814 5690 ad
855 5631 1248 5712 ‘Heliodoruin.
1290 5634 1443 5692 Unde
1471 5631 1715 5712 arguitur
1746 5636 2463 5712 Mercatoris.mangouimn.
2489 5631 2917 5712 putidissimum.

1481 5703 1839 5765 “"Hac'tenus
1877 5708 2022 5762 Hier.
2067 5703 2271 5762 Antero
2311 5704 2497 5760 multis
2541 5703 2697 5759 annis
2723 5703 3006 5771 posterior.

735 5498 776 5528 ³³
819 5496 1020 5567 Saptr.
1105 5495 1149 5528 ³³
1188 5514 1253 5551 ac
1293 5496 1473 5567 ﬂatus.

765 5567 809 5597 ³⁷
854 5565 911 5621 S.
968 5566 1114 5621 Hier.
1148 5582 1232 5635 ep.
1293 5566 1428 5636 2nd
1486 5565 1861 5636 Nepotianum.

434 5497 639 5553 dicum.

437 5568 509 5620 38
527 5608 542 5630 ,
562 5566 660 5620 42.

418 5707 756 5775 quicquam.
851 5709 895 5737 δι
930 5706 1144 5761 Deuter.
1188 5722 1318 5761 xvii.

424 5775 790 5847 “tantum,
826 5777 878 5835 5.
990 5778 1035 5809 "
1077 5777 1201 5852 $ap.
1244 5777 1389 5844 111,1

2125 4555 2335 4608 cervice
2418 4553 2697 4623 subjecta,
2745 4560 3112 4621 contemptum
3160 4554 3410 4622 expiabat
3472 4571 3700 4612 cruore.

2124 4644 2278 4699 Nunc
2334 4660 2461 4698 vero
2522 4643 2840 4698 inobediens
2890 4643 3161 4713 spirituali
3223 4644 3703 4704 animadversione

2123 4748 2426 4805 truncatur,
2474 4746 2528 4791 et
2578 4736 2782 4805 ejectus
2833 4736 2902 4790 ab
2928 4734 3199 4800 Ecclesia,
3247 4736 3436 4790 rabido
3488 4737 3700 4793 damiu-

2120 4845 2249 4883 num
2317 4844 2409 4883 ore
2463 4827 2788 4895 discerpitur
2842 4827 2911 4879 “.
2984 4825 3205 4894 Oportet
3260 4828 3402 4881 enim
3471 4837 3530 4883 ut
3595 4830 3697 4900 qui

2120 4920 2287 4975 Deum
2338 4919 2647 4973 haereditate
2693 4917 2973 4987 possident
3021 4918 3102 4983 ⁸³,
3156 4919 3362 4987 absque
3414 4920 3525 4974 ullo
3586 4921 3696 4976 im-

2117 5010 2426 5080 pedimento
2457 5009 2636 5063 saeculi
2669 5007 2779 5062 Deo
2807 5008 3067 5071 serviant,
3115 5017 3173 5060 ut
3201 5008 3379 5062 dicere
3420 5010 3637 5078 possint
3672 5032 3689 5067 :

2116 5102 2370 5158 Dominus
2396 5117 2519 5169 pars
2550 5100 2875 5154 [Hereditatis
2900 5115 3027 5152 mea:
3058 5099 3124 5151 “.
3175 5099 3218 5154 0
3256 5116 3411 5169 quam
3439 5100 3605 5155 bonus
3634 5115 3691 5158 et
3716 5106 3721 5107 7

2112 5198 2285 5253 suavis
2313 5207 2387 5250 est
2413 5194 2645 5265 Spiritus
2682 5204 2823 5261 tuus,
2859 5192 3095 5258 Domine,
3128 5192 3178 5245 in
3212 5190 3526 5247 omnibus“!
3548 5193 3690 5251 Par-

2922 5422 2964 5453 ³ο
3006 5420 3115 5476 Jer.
3157 5436 3234 5483 vi,
3281 5420 3367 5474 16.
3433 5421 3476 5451 ³⁸
3517 5422 3689 5476 maie-

2150 5425 2193 5456 "
2236 5422 2490 5495 synodica
2523 5421 2741 5476 Martini
2781 5419 2823 5475 ι.
2922 5422 2964 5453 ³ο
3006 5420 3115 5476 Jer.
3157 5436 3234 5483 vi,
3281 5420 3367 5474 16.
3433 5421 3476 5451 ³⁸
3517 5422 3653 5476 male

2150 5494 2195 5527 ³⁸
2230 5494 2283 5546 9.
2324 5511 2382 5546 u.
2412 5495 2463 5546 5.
2510 5492 2673 5546 Facta
2715 5490 3081 5546 subditorum.
3186 5491 3230 5521 ³⁸
3272 5490 3394 5544 Isid.
3426 5504 3653 5546 tu.sent

2150 5494 2195 5527 ³⁸
2230 5490 2283 5549 9ῖ
2324 5511 2382 5562 q.
2412 5495 2463 5548 5.
2510 5492 2691 5562 Facta
2715 5490 3081 5562 subditorum.

3036 5634 3081 5662 ⁸ο
3123 5634 3208 5685 ii.
3236 5649 3301 5701 qq.
3340 5632 3392 5685 5.
3425 5632 3582 5685 Absit
3616 5644 3683 5687 ut

3148 5702 3193 5732 “
3232 5700 3356 5759 Isid.
3404 5717 3439 5756 tt
3476 5700 3578 5756 ΟΠ.
3617 5704 3678 5756 1-
