3966 6512
216 349 297 405 173

1588 345 1973 401 EPISTOLE.

3312 355 3412 407 175

204 484 270 524 cus
305 476 470 521 autem
509 467 785 533 omnibus,
837 468 1096 538 quoniam
1150 466 1241 523 tlta
1294 476 1441 534 sunt,
1489 467 1735 533 Domine,
1767 471 1813 527 Α
1843 467 1996 537 quasi
2028 467 2351 536 insipientes,
2406 448 2495 521 sed
2526 477 2585 520 ut
2609 469 2899 537 sapientes;
2945 470 3251 524 redimentes
3281 483 3413 526 tem-

206 564 281 631 qui
300 561 491 615 animas
522 575 689 616 amas.
748 560 976 632 Ideoque
1003 562 1118 625 hos,
1154 563 1242 631 qui
1272 570 1515 615 exerrant
1570 562 1734 630 parti-

205 655 299 718 bus,
344 654 589 723 corripis;
606 654 699 724 ,de
727 655 913 723 quibus
956 664 1193 724 peccant,
1249 653 1497 707 admones
1525 664 1571 706 et
1598 652 1733 706 allo-

203 747 369 819 quieris,
407 753 462 798 ut
489 745 673 799 relicta
704 746 940 811 malitia,
994 746 1211 799 credant
1237 747 1291 798 in
1329 755 1396 810 te,
1425 744 1643 798 Domine
1665 745 1731 798 “.

205 835 267 891 Tu
292 844 469 901 autem,
522 833 662 887 Deus
709 845 904 901 noster,
954 836 1129 889 suavis
1152 844 1200 888 et
1231 852 1379 889 verus
1403 852 1475 898 es,
1508 835 1732 904 patiens,

201 928 303 982 etin
328 926 683 979 misericordia
720 926 1000 995 disponens
1025 928 1221 979 omnia.
1281 924 1509 985 Etenim,
1540 927 1587 979 si
1618 942 1735 994 pec-

198 1019 470 1081 caverimus,
516 1017 594 1069 tui
622 1034 825 1080 sumus,
861 1017 1079 1069 scientes
1106 1017 1518 1086 magnitudinem
1565 1026 1729 1067 tuam.

202 1109 256 1163 Et
279 1111 318 1162 si
336 1126 429 1161 non
452 1109 859 1177 peccaverimus,
906 1110 1102 1162 scimus
1128 1110 1375 1179 quoniam
1406 1108 1545 1176 apud
1576 1122 1622 1161 te
1646 1123 1735 1160 su-

198 1220 291 1257 mus
310 1203 587 1271 computati
616 1202 679 1254 ‘7.
709 1201 940 1271 Spiritus
967 1203 1261 1255 timentium
1297 1201 1575 1254 Dominum
1594 1216 1737 1270 quae-

198 1306 316 1349 retur
334 1295 391 1348 ab
412 1313 490 1359 eo,
510 1305 558 1348 et
584 1298 635 1349 in
668 1306 899 1365 respectu
924 1294 1070 1347 illius
1103 1293 1470 1347 benedicentur
1494 1292 1560 1346 ⁸⁸.
1593 1291 1737 1356 Qua-

197 1397 391 1456 propter,
446 1387 638 1455 fratres
674 1387 998 1449 charissimi,
1047 1386 1217 1439 omnis
1267 1401 1436 1439 sermo
1474 1385 1644 1437 malus
1674 1399 1738 1437 ea:

196 1496 267 1531 ore
292 1488 441 1531 vestro
463 1494 566 1531 non
592 1478 877 1547 procedat;
899 1477 989 1531 sed
1013 1478 1058 1531 si
1084 1477 1202 1547 quis
1226 1476 1388 1530 bonus
1414 1485 1492 1530 est
1520 1475 1588 1528 ad
1610 1476 1738 1529 aedi-

197 1571 457 1638 ﬁcationem
508 1570 940 1638 opportunitatis,
993 1579 1049 1621 ut
1082 1570 1168 1623 det
1199 1569 1431 1638 gratiam
1473 1568 1740 1621 audienti-

195 1660 289 1726 bus,
333 1669 379 1713 et
412 1658 575 1712 nolite
606 1661 921 1712 contristare
948 1657 1208 1727 Spiritum
1248 1668 1489 1712 sanctum
1516 1658 1634 1720 Dei,
1681 1658 1737 1711 in

194 1768 276 1820 quo
310 1754 496 1822 signati
522 1754 645 1805 estis
668 1753 721 1805 in
742 1753 879 1806 diem
910 1752 1304 1821 redemptionis.
1358 1751 1539 1807 Omnis
1582 1768 1735 1805 ama-

194 1847 360 1910 ritudo,
389 1854 436 1897 et
459 1847 566 1909 ira,
592 1855 640 1898 et
668 1844 985 1914 indignatio,
1010 1853 1059 1896 et
1081 1844 1303 1909 clamor,
1337 1853 1383 1896 et
1412 1843 1736 1912 blasphemia

196 1936 380 1989 tollatur
405 1951 435 1987 a
468 1934 614 1987 vobis
647 1951 766 1987 cum
818 1934 959 1986 omni
986 1932 1193 1985 malitia
1219 1932 1285 1987 ".
1336 1931 1521 1987 Estote
1560 1943 1735 1986 autem

193 2028 378 2080 invicem
406 2026 639 2093 benigni,
670 2025 1055 2092 misericordes,
1082 2024 1335 2078 donantes
1353 2026 1591 2092 invicem,
1624 2027 1738 2079 sic-

194 2128 240 2171 ut
278 2128 322 2172 et
362 2118 496 2172 Deus
546 2121 605 2172 in
651 2117 860 2173 Christo
906 2118 1120 2172 donavit
1162 2117 1325 2173 vobis.
1374 2116 1555 2171 Estote
1618 2134 1738 2188 ergo

195 2208 449 2261 imitatores
482 2207 608 2273 Dei,
637 2208 774 2261 sicut
800 2208 907 2277 filii
929 2208 1260 2272 charissimi;
1307 2216 1355 2261 et
1388 2208 1655 2264 ambulate
1684 2209 1738 2261 in

196 2300 455 2365 dilectione,
505 2302 646 2354 sicut
691 2311 739 2354 et
767 2300 1013 2355 Christus
1045 2301 1231 2354 dilexit
1256 2318 1371 2365 nos,
1411 2310 1461 2355 et
1516 2301 1741 2355 tradidit

195 2393 487 2459 semetipsum
519 2406 620 2460 pro
662 2391 806 2445 nobis
840 2390 1159 2445 oblationem
1189 2401 1237 2445 et
1277 2391 1507 2446 hostiam
1548 2391 1657 2445 Deo
1687 2393 1741 2445 in

196 2480 372 2533 odorem
409 2484 718 2537 suavitatis.
773 2481 1084 2537 Fornicatio
1118 2493 1294 2537 autem
1335 2492 1382 2536 et
1427 2484 1594 2537 omnis
1637 2484 1741 2537 im-

194 2574 422 2627 munditia
453 2583 555 2628 aut
582 2574 809 2629 avaritia
838 2592 941 2628 non
965 2576 1264 2629 nominetur
1300 2578 1355 2628 in
1393 2575 1556 2641 vobis,
1606 2576 1741 2629 sicut

194 2674 231 2717 et
252 2667 377 2720 decet
418 2678 658 2733 sanctos,
715 2678 806 2721 aut
852 2669 1147 2737 turpitudo,
1195 2678 1289 2721 aut
1330 2668 1740 2740 stultiloquium,

194 2765 267 2810 aut
289 2758 611 2823 scurrilitas,
658 2776 773 2828 qua:
814 2759 881 2811 ad
910 2775 1019 2811 rem
1051 2775 1153 2812 non
1190 2760 1470 2828 pertinent,
1516 2761 1604 2812 sed
1631 2776 1743 2811 ma-

194 2849 255 2915 gis
278 2853 568 2919 gratiarum
619 2852 780 2904 actio.
830 2848 945 2903 Hoc
972 2851 1111 2903 enim
1158 2851 1363 2914 scitote,
1397 2851 1741 2922 intelligentes

194 2941 306 3008 quod
342 2944 505 2996 omnis
560 2943 875 3010 fornicator,
916 2952 1008 2995 aut
1034 2943 1358 3009 immundus,
1404 2952 1495 2996 aut
1527 2961 1740 3009 avarus,

194 3036 305 3104 quod
339 3046 412 3091 est
451 3037 724 3092 idolorum
765 3038 1006 3098 servitus,
1050 3053 1151 3090 non
1198 3037 1348 3091 habet
1378 3038 1743 3093 haereditatem

1833 575 1954 628 pus,
1991 559 2239 628 quoniam
2282 561 2392 612 dies
2431 559 2559 612 mali
2586 570 2731 613 sunt.
2778 559 3064 631 Pr0pterea
3095 563 3257 616 nolite
3295 566 3414 633 ﬁeri

1835 647 2213 715 imprudentes,
2264 649 2355 701 sed
2393 648 2739 719 intelligentes
2783 666 2901 720 qute
2925 652 2994 704 sit
3029 652 3269 707 voluntas
3295 642 3439 709 Dei.’

1835 735 1908 791 Et
1940 738 2104 792 nolite
2136 739 2390 792 inebriari
2422 742 2559 806 vino,
2594 742 2648 795 in
2674 757 2774 811 quo
2799 753 2874 795 est
2906 741 3119 796 luxuria
3148 762 3164 806 ;
3193 744 3282 798 sed
3308 746 3413 798 im-

1836 828 2090 896 pleamini
2140 828 2344 898 Spiritu
2387 841 2586 895 sancto,
2641 832 2905 901 loquentes
2953 832 3329 904 vobismetipsis
3357 836 3413 889 in

1836 920 2083 989 psalmis,
2113 922 2319 990 hymnis
2351 930 2400 975 et
2441 923 2663 977 canticis
2694 923 3084 992 spiritualibus,
3140 935 3412 980 cantantes

1837 1023 1885 1068 et
1933 1012 2214 1082 psallentes
2264 1016 2320 1066 in
2366 1014 2611 1067 cordibus
2655 1015 2839 1069 vestris
2881 1014 3142 1080 Domino,
3211 1019 3411 1087 gratias

1837 1117 2045 1173 agentes
2077 1122 2277 1175 semper
2301 1122 2395 1175 pro
2424 1106 2661 1161 omnibus
2686 1108 2741 1161 in
2767 1109 2971 1162 nomine
3003 1109 3218 1165 Domini
3242 1113 3412 1164 nostri

1834 1198 1965 1252 Iesu
1996 1197 2196 1253 Christi
2233 1198 2341 1251 Deo
2364 1211 2409 1252 et
2448 1197 2624 1265 Patri,
2658 1198 2877 1268 subjecti
2900 1201 3113 1254 invicem
3144 1203 3195 1256 in
3228 1201 3415 1256 timore

1839 1290 2039 1346 Christi
2070 1292 2137 1346 ‘°.
2196 1288 2344 1346 State
2378 1292 2578 1361 itaque,
2628 1292 2845 1362 fratres,
2893 1304 2942 1347 et
2972 1303 3135 1347 tenete
3163 1296 3414 1349 traditio-

1839 1398 1927 1436 nes
1974 1383 2345 1453 apostolorum
2392 1394 2446 1437 et
2490 1384 2804 1453 apostolica:
2853 1386 3020 1453 sedis,
3067 1398 3124 1440 ut
3154 1387 3412 1442 Dominus

1839 1485 2017 1528 noster
2054 1473 2211 1528 Jesus
2267 1473 2533 1541 Christus,
2580 1484 2631 1528 et
2675 1475 2839 1530 Pater
2866 1487 3062 1543 noster,
3107 1479 3198 1548 qui
3227 1479 3414 1531 dilexit

1839 1583 1953 1633 nos,
1980 1576 2027 1620 et
2048 1567 2192 1621 dedit
2221 1566 2633 1621 consolationem
2669 1579 2940 1636 aeternam,
2972 1582 3020 1623 et
3056 1587 3198 1640 spem
3226 1570 3413 1625 bonam

1839 1662 1895 1713 in
1927 1660 2122 1729 gratia,
2174 1660 2477 1713 exhortetur
2521 1658 2683 1713 corda
2723 1670 2917 1727 vestra,
2965 1671 3014 1715 et
3060 1662 3329 1731 confirmet
3360 1663 3414 1717 in

1840 1752 1983 1805 omni
2009 1768 2162 1821 opere
2202 1761 2249 1805 et
2295 1752 2348 1804 in
2374 1768 2608 1806 sermone
2634 1750 2765 1805 bono
2798 1754 2866 1807 “.
2924 1752 3002 1807 De
3041 1763 3247 1821 caetero,
3302 1756 3416 1823 fra-

1840 1852 1963 1905 tres,
2001 1851 2147 1896 orate
2169 1858 2263 1911 pro
2291 1842 2462 1907 nobis,
2496 1851 2553 1895 ut
2584 1859 2752 1896 sermo
2784 1842 2997 1896 Domini
3020 1853 3198 1896 currat
3230 1854 3278 1897 et
3304 1843 3415 1897 cla—

1841 1936 2095 2003 riﬁcetur,
2138 1935 2273 1987 sicut
2308 1942 2358 1987 et
2384 1936 2524 2002 apud
2563 1951 2673 1997 vos,
2711 1944 2761 1987 et
2800 1944 2857 1986 ut
2903 1934 3185 1989 liberemur
3217 1935 3281 1989 ab
3310 1937 3413 1989 im-

1839 2028 2076 2097 portunis
2107 2036 2154 2079 et
2181 2027 2337 2080 malis
2386 2028 2723 2091 hominibus;
2776 2043 2877 2079 non
2918 2030 3056 2080 enim
3080 2030 3311 2082 amnium
3337 2036 3416 2082 est

1840 2121 1992 2188 fides.
2048 2118 2251 2173 Fidelis
2302 2128 2477 2171 autem
2520 2119 2659 2172 Deus
2685 2129 2783 2185 est,
2831 2120 3271 2189 quiconﬁrmabit
3302 2136 3413 2188 vos,

1840 2222 1888 2266 et
1906 2212 2163 2266 custodiet
2193 2228 2225 2264 a
2254 2210 2394 2263 malo
2414 2212 2480 2264 ³³.
2510 2210 2840 2281 Quapropter
2854 2212 2901 2244 ⁵³
2929 2212 3102 2281 ponite
3118 2214 3417 2267 indesinen.

1844 2316 1921 2360 ter
1959 2306 2121 2359 corda
2169 2315 2339 2358 vestra
2380 2305 2434 2357 in
2472 2306 2665 2357 virtute
2709 2303 2824 2371 Dei,
2867 2313 2916 2358 et
2962 2304 3189 2359 resistite
3214 2322 3414 2374 semper

1843 2397 2015 2462 melis,
2075 2407 2124 2450 et
2173 2406 2415 2450 enarrata
2452 2396 2580 2461 hac,
2610 2395 2754 2462 iuxta
2798 2410 2986 2450 vocem
3026 2395 3325 2467 Prophetas,
3360 2398 3416 2449 in

1839 2490 2109 2558 progenies
2135 2488 2355 2551 alteras,
2375 2489 2625 2558 quoniam
2649 2488 2730 2541 hic
2748 2496 2823 2541 est
2843 2486 2979 2541 Deus
2997 2486 3137 2540 Deus
3160 2496 3336 2540 noster
3360 2488 3415 2539 in

1843 2586 2118 2639 aeternum,
2162 2586 2210 2629 et
2252 2578 2361 2635 ipse
2404 2586 2541 2647 reget
2582 2594 2674 2631 nos
2698 2577 2753 2630 in
2779 2575 2975 2630 saecula
2996 2576 3062 2631 ⁸⁵.
3114 2574 3266 2630 Unde
3294 2591 3411 2639 vos,

1842 2670 1936 2740 qui
1987 2670 2040 2723 in
2086 2670 2305 2739 specula
2350 2685 2380 2723 a
2424 2668 2658 2723 Domino
2684 2670 2817 2724 estis
2839 2669 3139 2735 constituti,
3179 2669 3415 2737 compri-

1844 2779 1993 2818 mere
2018 2772 2071 2817 et
2105 2764 2364 2833 repellere
2393 2778 2490 2818 eos
2519 2778 2865 2832 summopere
2907 2762 3137 2827 debetis,
3185 2762 3278 2831 qui
3307 2760 3417 2814 fra-

1843 2854 2017 2910 tribus
2070 2855 2297 2910 insidias
2340 2864 2665 2925 praeparant,
2721 2851 2820 2909 aut'
2837 2854 2892 2910 in
2920 2869 3015 2907 eos
3038 2853 3336 2908 seditiones
3363 2860 3417 2906 et

1843 2946 2100 3001 scandala
2124 2948 2384 3002 excitant.
2440 2946 2621 3002 Facile
2660 2955 2742 3001 est
2766 2945 2911 3001 enim
2947 2944 3221 3000 hominem
3250 2944 3414 2997 verbo

1845 3038 2137 3106 fallere",
2192 3040 2287 3095 sed
2335 3055 2440 3094 non
2486 3038 2797 3094 Dominum.
2850 3037 3099 3093 ldcohos
3126 3036 3417 3106 reprehen-

194 3127 237 3179 in
266 3145 405 3199 regno
435 3129 646 3184 Christi
685 3140 733 3183 et
767 3128 885 3183 Dei.
941 3128 1109 3182 Nemo
1137 3146 1222 3184 vos
1251 3130 1466 3183 seducat
1497 3130 1740 3184 inanibus
1770 3152 1811 3209 ο
1844 3134 1991 3199 dere,
2024 3143 2076 3189 et
2102 3134 2170 3188 ab
2199 3133 2287 3187 liis
2307 3148 2405 3186 vos
2431 3140 2672 3186 avertere
2695 3138 2927 3200 oportet,
2987 3137 3278 3198 quatenus,
3314 3143 3412 3181 ex-

195 3219 348 3274 serbis.
398 3222 629 3291 Propter
663 3220 770 3275 hazc
791 3221 931 3274 enim
968 3221 1105 3274 venit
1144 3221 1228 3274 ira
1251 3220 1345 3275 Dei
1380 3222 1435 3275 in
1461 3223 1602 3293 filios
1633 3223 1770 3293 dif:

194 3311 410 3378 ﬁdentia}.
463 3314 656 3368 Nolite
685 3330 807 3383 ergo
849 3315 975 3383 efﬁci
1000 3315 1282 3383 participes
1306 3332 1504 3369 eorum.
1558 3315 1740 3370 Eratis

196 3405 303 3457 enim
345 3407 637 3476 aliquando
679 3406 920 3467 tenebras,
971 3424 1106 3460 nunc
1137 3418 1312 3461 autem
1360 3407 1452 3460 tua:
1476 3408 1528 3461 in
1552 3407 1740 3461 Domi-

194 3510 263 3547 no.
328 3493 390 3549 Ut
429 3498 533 3566 ﬁlii
613 3496 746 3550 lucis
804 3497 1071 3551 ambulate
1128 3498 1354 3567 (fructus
1413 3498 1550 3551 enim
1607 3498 1739 3553 lucis

194 3595 253 3637 est
276 3587 321 3639 in
351 3586 780 3654 omni_bonitate,
811 3596 860 3640 et
886 3587 1125 3656 justitia,
1148 3595 1197 3640 et
1221 3587 1481 3658 veritate),
1513 3588 1742 3656 proban-

197 3685 253 3729 tes
286 3679 399 3746 quid
428 3680 496 3732 sit
528 3677 919 3747 beneplacitum
959 3676 1086 3731 Deo.
1139 3677 1208 3731 Et
1247 3678 1407 3733 nolite
1446 3680 1739 3732 communi-

194 3784 289 3822 care
312 3771 542 3837 operibus
598 3770 941 3839 infructuosis
985 3770 1334 3838 tenebrarum,
1368 3773 1535 3841 magis
1562 3781 1739 3825 autem

196 3859 474 3929 redarguite.
523 3860 668 3925 Quae
691 3863 829 3915 enim
851 3862 907 3914 in
938 3862 1140 3915 occulto
1185 3863 1318 3931 ﬁunt
1351 3864 1415 3917 ab
1452 3864 1601 3933 ipsis,
1629 3873 1742 3918 tur-

194 3961 322 4016 peest
343 3962 389 4006 et
417 3954 623 4007 dicere.
676 3952 870 4008 Omnia
895 3962 1069 4008 autem
1100 3971 1218 4026 qua
1255 3964 1571 4027 arguuntur,
1600 3973 1633 4010 a
1659 3957 1742 4010 lu-

196 4042 306 4096 mine
333 4046 553 4115 manifes
566 4055 767 4100 tantur.
809 4045 973 4101 Omne
1000 4049 1140 4101 enim
1169 4050 1304 4119 quod
1344 4050 1739 4119 manifestatur,

195 4133 338 4189 lumen
373 4151 469 4196 est.
520 4138 758 4208 Propter
788 4142 925 4210 quod
969 4140 1098 4193 dicit
1130 4159 1148 4193 :
1182 4139 1348 4210 Surge
1394 4141 1482 4211 qui
1520 4140 1741 4208 dormis,

196 4236 234 4278 et
252 4244 452 4302 exsurge
490 4250 523 4286 a
549 4233 803 4298 mortuis,
846 4241 896 4286 et
923 4232 1248 4286 illuminabit
1279 4243 1327 4288 te
1349 4233 1609 4288 Christus.
1653 4234 1744 4288 Vi-

195 4322 289 4377 dete
315 4327 506 4397 itaque,
562 4327 782 4397 fratres,
826 4327 1085 4397 quomodo
1132 4338 1280 4381 caute
1315 4328 1610 4393 ambuletis,
1644 4345 1745 4382 non

245 4535 437 4613 ul'Sap.
457 4547 634 4613 xnﬁ.
678 4546 721 4576 ⁸⁷
764 4546 892 4616 Sap.
918 4563 1011 4616 xv,
1043 4546 1096 4616 1,
1122 4544 1176 4599 2.

196 4608 358 4669 Thess.
386 4608 565 4678 11,14,
603 4616 798 4678 15.16.
839 4608 856 4616 ’
911 4618 955 4647 ⁸³
994 4615 1039 4669 ll
1060 4615 1250 4670 Thess.
1289 4630 1371 4681 ιιι,
1398 4614 1586 4681 1,ξ)..5.

219 4749 353 4825 Greg.
385 4772 471 4826 ep.
502 4749 596 4821 εἰ,
628 4756 722 4811 lib.
756 4771 829 4810 ix.

1272 4544 1317 4577 ⁸⁸
1352 4544 1517 4600 Eccli.
1571 4560 1757 4605 xxxiv,
1803 4543 1888 4597 14.
1956 4541 2216 4611 “iEphes.
2246 4537 2536 4604 iv,29-31.

1289 4630 1344 4646 ...
1398 4616 1417 4646 ι
1460 4614 1494 4646 6)
1534 4616 1567 4646 ’χ
1665 4613 1712 4646 ss
1750 4612 1994 4646 Ποιοιεῖηρ
2027 4628 2092 4646 οη
2139 4612 2171 4646 0
2268 4610 2317 4642 ιδ
2360 4608 2477 4646 chl

196 4612 358 4669 Thess.
388 4612 565 4678 in“,
603 4616 798 4678 15.16.
839 4612 856 4616 ⁷
911 4618 955 4647 ⁸³
994 4615 1039 4669 ll
1060 4615 1250 4670 Thess.
1289 4630 1371 4681 ιιι,
1398 4614 1586 4681 1,ξ)..5.
1665 4613 1712 4646 ⁸⁸

196 4681 294 4764 116.
348 4686 393 4717 “
431 4684 1019 4764 Steph.___Doreusis__in
1065 4686 1246 4764 libello
1268 4687 1447 4764 oblato
1479 4701 1569 4740 an.
1602 4683 1739 4764 649,

1841 4614 1997 4668 .asius
2026 4628 2111 4681 ep.
2139 4612 2192 4665 9.
2268 4612 2317 4642 ’δ
2356 4612 2500 4663 Psal.

1841 4683 2045 4764 _synod.
2076 4681 2234 4764 ﬁom.
2265 4695 2421 4764 cons;
2450 4677 2508 4764 Ξῖ

908 4757 953 4789 ⁵³
992 4756 1225 4812 servitis.
1302 4757 1345 4787 “
1382 4754 1545 4824 Greg.
1577 4770 1662 4824 ep.
1696 4753 1897 4815 50,1ib.
1929 4769 2003 4809 Iv.

1848 3226 2040 3280 stincta
2082 3223 2327 3278 funditus
2357 3221 2665 3290 hujusmodi
2710 3220 2938 3291 caligine
2969 3220 3036 3285 ⁵⁸,
3089 3217 3303 3273 Lucifer
3332 3217 3413 3271 eis

1847 3314 2211 3383 resplendeat,
2255 3323 2310 3368 et
2360 3313 2545 3368 laetitia
2586 3313 2795 3367 oriatur
2833 3313 2886 3366 in
2915 3311 3168 3366 cordibus
3199 3324 3411 3364 eorum.

1848 3406 2174 3473 Con/idimus
2202 3413 2376 3458 autem
2406 3406 2469 3459 de
2497 3406 2655 3470 vobis,
2688 3404 2905 3468 fratres,
2932 3405 2993 3457 in
3020 3403 3266 3469 Domino,
3285 3419 3415 3473 quo-

1848 3498 1991 3551 niam
2020 3514 2136 3567 qua:
2157 3497 2519 3566 prtecepimus,
2536 3505 2585 3550 et
2609 3496 2808 3565 facitis,
2835 3504 2884 3548 et
2904 3495 3112 3563 facietis
3131 3494 3198 3547 ³⁷.
3232 3492 3415 3560 Quan-

1845 3598 1902 3643 to
1933 3589 2077 3643 cnim
2112 3588 2371 3643 beneﬁcia
2392 3597 2572 3643 vestra
2598 3588 2680 3643 his
2709 3586 2943 3657 amplius
2974 3586 3259 3644 exhibetis.
3291 3594 3413 3640 tan-

1846 3684 1901 3732 to
1929 3677 2189 3747 majorem
2241 3672 2668 3731 vicissitudinem
2714 3676 2783 3731 ab
2821 3676 3174 3746 omnipotenti
3201 3674 3309 3729 Deo
3341 3675 3412 3742 ⁵⁸,

1846 3769 1935 3823 cui
1972 3768 2215 3824 serviunt
2243 3770 2286 3801 ⁸³
2308 3809 2324 3835 ,
2355 3767 2699 3837 exspectatis.
2749 3766 3102 3838 Omnipotens
3148 3766 3289 3820 Deus
3314 3781 3413 3820 sua

1844 3877 1943 3917 vos
1992 3862 2329 3933 protectione
2380 3863 2651 3917 custodiat
2675 3862 2742 3927 ³ο,
2795 3861 3166 3930 honoremque
3198 3867 3250 3913 et
3272 3873 3411 3929 prae-

1846 3960 2063 4022 ceptum
2115 3966 2335 4007 servare
2385 3950 2676 4015 concedat,
2720 3957 2774 4003 et
2794 3947 2964 4017 gloria
2993 3946 3274 4015 honorque
3300 3942 3413 3997 Deo

1845 4043 1995 4099 Patri
2023 4042 2406 4113 omnipotenti,
2424 4041 2653 4111 ejusque
2675 4039 2953 4109 unigenito
2979 4036 3116 4090 Filio
3143 4032 3413 4089 Salvatori

1847 4146 2057 4199 nostro,
2111 4149 2236 4190 cum
2289 4132 2494 4203 Spiritu
2547 4138 2736 4187 sancto
2769 4130 2839 4184 sit
2876 4128 2930 4181 in
2959 4126 3153 4182 saecula
3182 4124 3413 4179 saeculo-

1847 4244 1990 4283 rum.
2038 4227 2233 4281 Amen.
2286 4225 2420 4280 Data
2458 4223 2501 4256 ⁶¹
2551 4239 2629 4278 xu
2686 4221 2805 4275 Kal.
2855 4218 3054 4290 Aprilis
3084 4216 3412 4271 Maximiano

1845 4329 1900 4375 et
1931 4318 2191 4374 Africano
2223 4318 2356 4373 viris
2383 4314 2705 4373 clarissimis
2736 4310 3074 4368 consulibus.

2643 4536 2689 4567 '°
2728 4533 2926 4602 Ephes.
2962 4546 3015 4593 ν,
3045 4528 3231 4602 1121s
3285 4528 3329 4558 ⁵¹
3367 4521 3414 4579 ll

2268 4598 2319 4642 ’ί
2356 4608 2500 4663 Psal.
2536 4622 2701 4665 XLVII.
2727 4598 2815 4665 14,
2852 4604 2940 4658 15.
3014 4600 3061 4632 ⁸⁸
3096 4598 3234 4652 Sim
3267 4604 3408 4665 se“!-

2591 4648 2983 4730 ἱῗῖιἻῚῖὲέε.
3019 4648 3234 4733 ιιιξὶῗ
3263 4648 3410 4723 “VS.

2079 4752 2124 4785 “
2164 4765 2231 4806 ex
2262 4766 2366 4806 ms.
2394 4746 2629 4804 Justelli.
