3966 6496
156 375 247 427 1ῖ7

1190 376 1248 433 S.
1291 376 1634 435 FABlANUS
1671 379 1873 434 PAPA.
1915 410 1983 423 —-
2020 378 2320 437 NOTITIA.

3278 393 3383 450 L78

164 492 896 574 Horatian-mundeEcclesia.
917 504 977 574 ft
1013 495 2008 574 quosdamcpnfessores,‘pos_tquam
2039 500 2214 574 Moses
2245 502 2294 554 in
2327 517 2560 574 carcere
2593 503 2880 559 defunctus
2913 514 3015 567 est,
3048 503 3143 574 qui
3179 505 3278 560 fuit
3304 506 3378 562 ibi

161 578 362 616 menses
399 563 585 643 lal_(9).
614 562 678 617 Et
711 568 789 643 sic
808 564 975 643 multi
1007 565 1305 643 Christiani
1344 566 1593 635 fugerunt
1624 562 1758 643 (illi.
1786 562 1884 624 Hic
1909 568 2037 625 fecit
2070 572 2443 626 ordinationes
2472 572 2715 643 quinque
2743 590 2839 643 per
2876 562 3117 629 mensem
3152 574 3377 631 Decem-

160 635 685 717 tirem,‘prcslryt'e_ros'
712 636 902 717 viginti
935 636 1375 717 duos,diagonos
1394 647 1623 717 septem,
1655 641 1944 717 episcopos
1983 657 2076 709 per
2109 643 2322 717 diversa
2361 643 2476 697 loca
2491 635 2898 717 "uttdecini.Qui
2932 646 3179 717 sepultus
3210 655 3297 704 est
3321 647 3379 703 in

161 705 454 758 cce-neterio
480 704 713 769 Callisti,
744 706 829 759 via
850 704 1043 775 Appia,
1070 723 1167 761 xui
1204 704 1473 763 Kalendas
1500 706 1540 761 1Τ
1544 704 1804 764 ebruarii.
1836 704 1903 765 Et
1930 704 2166 766 cessavit
2196 714 2543 783 episcopatus
2570 715 2686 770 dies
2713 704 2975 787 θεῖαι).

160 902 3372 940 ..Μ-Ψ

1246 1066 1762 1161 ΝΟΤΙΤΙΑ
1835 1073 2293 1162 ALTERA

796 1262 883 1334 (Ι).
910 1263 1223 1331 Consum,
1248 1262 1503 1336 Ερὶιιοιω
1532 1263 1682 1321 Rom.
1710 1269 1927 1338 pontiﬁ,
1964 1278 2098 1325 tom.
2127 1268 2148 1323 1
2180 1279 2233 1325 et
2268 1270 2440 1338 unic.,
2474 1287 2527 1342 p.
2554 1270 2707 1337 118.)

219 1539 262 1592 1.
289 1538 424 1594 Cum
462 1538 659 1595 fratres
685 1555 876 1597 omnes
910 1544 962 1597 in
996 1544 1228 1600 ecclesia
1269 1556 1454 1602 essent
1483 1564 1710 1619 congre-
1741 1558 1788 1615 Α
1886 1553 1939 1609 5.
1980 1551 2053 1608 De
2096 1553 2253 1609 beato
2302 1552 2527 1608 Fabiani
2568 1555 2718 1610 exitu
2764 1554 3069 1627 Cyprianus
3112 1556 3241 1612 cleri
3283 1556 3388 1613 Ro-

158 1633 269 1701 gati,
302 1641 361 1686 ut
400 1648 531 1686 eum
582 1634 675 1701 qui
724 1636 925 1689 Antero
960 1650 1318 1694 successurus
1346 1650 1464 1695 erat
1495 1642 1717 1698 ordina-

158 1734 276 1787 rent,
319 1724 507 1779 subito
548 1725 740 1794 illapsu
784 1726 1080 1791 columbae,
1112 1744 1235 1798 quae
1272 1728 1500 1786 Fabiani
1529 1734 1717 1790 vertici

158 1816 355 1881 insedit,
381 1825 669 1884 permotus
696 1818 930 1885 p0pulus
956 1817 1257 1874 Fabianum
1285 1822 1600 1892 episcopatu
1634 1822 1717 1876 di-

158 1921 303 1975 gnum
336 1920 461 1959 esse
504 1906 897 1970 conclamavit,
932 1909 1229 1979 statimque
1261 1914 1716 1982 comprehensum

158 1997 454 2052 sacerdotali
496 1999 771 2053 cathedrae
810 2000 1092 2069 imposuit.
1161 2001 1572 2059 Ordinationem
1599 2006 1718 2077 ejus

160 2086 400 2143 Eusebius
446 2088 504 2142 in
556 2086 815 2144 Chronico
865 2102 987 2161 post
1020 2092 1295 2147 Maximini
1341 2104 1573 2151 mortem
1627 2112 1716 2152 reo

159 2188 352 2243 censet;
383 2178 480 2232 sed
500 2178 574 2232 ibi
602 2194 709 2232 non
735 2188 816 2233 est
844 2191 1157 2237 accuratus.
1185 2180 1319 2237 Nam
1341 2192 1394 2237 et
1418 2185 1534 2254 ipso
1550 2202 1716 2253 anno,

159 2272 232 2338 qui
264 2271 547 2326 Maximini
583 2289 769 2327 necem
812 2276 1059 2344 excepit,
1095 2277 1281 2331 Anteri
1315 2276 1715 2333 ordinationem

159 2364 425 2429 etobitum,
446 2364 790 2437 Fabianique
805 2369 1126 2422 electionem
1145 2370 1586 2441 consignat,licet
1606 2372 1719 2425 haec

161 2455 243 2508 tria
274 2455 579 2511 Maximino
623 2460 912 2527 superstite
970 2462 1337 2531 contigerint,
1396 2471 1560 2532 atque
1612 2463 1719 2516 alio

161 2552 543 2606 annoAnterus
572 2553 879 2616 ordinatus,
910 2563 964 2606 et
998 2555 1103 2607 alio
1137 2554 1242 2607 vita
1278 2552 1498 2609 functus
1524 2554 1715 2609 fuerit.

216 2643 262 2696 2.
290 2645 342 2697 ln
374 2643 731 2699 Bucheriano
760 2645 991 2714 aliisque
1018 2646 1260 2715 antiquis
1299 2648 1568 2717 catalogis
1602 2649 1716 2704 haec

163 2734 362 2805 legimus
395 2754 409 2791 :
444 2735 728 2791 Fabianus
776 2754 942 2791 annos
994 2738 1088 2801 11,
1140 2755 1362 2792 mensem
1406 2739 1458 2805 1,
1486 2740 1597 2793 dies
1630 2740 1715 2795 10.

166 2824 270 2881 Fuit
296 2830 618 2899 temporibus
662 2829 947 2883 Maximini
985 2840 1034 2884 et
1083 2830 1341 2884 Gordiani
1381 2843 1429 2886 et
1462 2832 1717 2901 Philippi,

1819 1646 1965 1700 mani
1994 1646 2191 1701 litteris
2225 1647 2426 1701 certior
2449 1645 2645 1709 factus,
2685 1663 2809 1702 mox
2845 1649 3148 1705 rescribens
3174 1651 3191 1681 ί
3229 1651 3391 1721 hujus

1817 1734 1992 1789 sancti
2022 1734 2294 1803 pontiﬁcis
2320 1736 2555 1805 elogium
2589 1737 2674 1791 his
2703 1738 2891 1807 paucis
2914 1740 3233 1810 complexus
3262 1751 3347 1798 est
3373 1760 3387 1796 :

1818 1823 1951 1880 Cum
1991 1826 2056 1879 de
2094 1842 2310 1880 excessu
2345 1828 2464 1881 boni
2509 1827 2611 1881 viri
2654 1828 2868 1899 collega:
2910 1832 3010 1883 mei
3040 1848 3221 1885 rumor
3251 1835 3391 1902 apud

1820 1934 1912 1972 nos
1949 1921 2179 1973 incertus
2220 1930 2375 1983 esset,
2414 1921 2609 1989 [rutres
2641 1923 2959 1988 eharissimi,
2985 1933 3036 1977 et
3086 1925 3262 1993 opinio
3294 1937 3393 1979 au-

1820 2011 1906 2064 bia
1938 2021 2166 2075 nutaret,
2196 2014 2373 2082 accepi
2403 2030 2434 2066 α
2467 2014 2609 2067 vobis
2638 2014 2845 2068 litteras
2877 2016 2944 2068 ad
2975 2033 3055 2070 me
3084 2019 3273 2071 missas
3304 2035 3395 2087 per

1821 2101 2166 2157 Clementium
2219 2105 2675 2173 hypodiaconum,
2724 2106 2915 2175 quibus
2969 2107 3274 2176 plenissime
3330 2109 3394 2162 de

1819 2194 2046 2264 glorioso
2097 2196 2208 2261 eius
2256 2197 2399 2249 exitu
2452 2198 2761 2271 instruerer.
2804 2197 2869 2250 Et
2920 2199 3180 2253 exsultavi
3226 2202 3393 2264 satis,

1818 2288 1957 2356 quod
1988 2304 2080 2356 pro
2116 2289 2420 2358 integritate
2458 2291 2939 2347 administrationis
2972 2292 3116 2360 ejus,
3152 2309 3396 2347 consum-

1821 2379 1984 2429 maliv
2015 2394 2217 2446 quoque
2258 2378 2475 2431 honesta
2504 2383 2833 2445 processerit.
2867 2380 2931 2433 In
2959 2397 3059 2451 quo
3097 2382 3237 2434 vobis
3260 2398 3393 2451 quo—

1820 2487 1917 2540 que
1960 2470 2249 2537 plurimum
2302 2470 2563 2541 gratulor,
2598 2473 2736 2541 quod
2778 2473 2890 2542 ejus
2932 2475 3240 2528 memoriam
3285 2483 3394 2527 tam

1821 2560 2010 2613 cvlebri
2046 2569 2095 2613 et
2150 2560 2350 2613 illustri
2403 2562 2698 2615 testimonio
2744 2565 3169 2633 prosequamini',
3210 2572 3267 2617 ut
3305 2580 3397 2634 per

1821 2669 1908 2705 vos
1941 2652 2283 2707 innotesceret
2309 2655 2479 2720 nobis,
2508 2658 2649 2725 quod
2674 2664 2721 2709 et
2750 2655 2891 2709 vobis
2925 2666 3056 2710 esset
3093 2658 3235 2710 circa
3262 2672 3398 2726 prte-

1820 2745 1979 2813 positi
2013 2745 2320 2798 memoriam
2344 2744 2653 2816 gloriosum,
2686 2757 2733 2800 et
2770 2748 2915 2800 nobis
2951 2765 3153 2819 quoque
3180 2749 3305 2817 ﬁdei
3335 2765 3398 2802 ac

1823 2836 2033 2889 virtutis
2080 2836 2332 2904 prteberet
2372 2838 2687 2906 exemplum.
2718 2837 2861 2891 Nunt
2895 2850 3150 2909 quantum
3187 2840 3398 2909 pericu-

166 2936 190 2971 α
226 2923 491 2975 consulatu
548 2920 832 2973 Maximini
878 2933 926 2975 ct
977 2924 1221 2989 Africani
1270 2939 1431 2992 usque
1467 2922 1624 2976 Decio
1656 2921 1714 2975 ll
1754 2920 1791 2973 Β
1820 2925 1932 2979 losa
1964 2943 2043 2979 res
2084 2937 2160 2981 est
2205 2928 2274 2980 ad
2312 2930 2633 2999 sequendum
2679 2929 2887 2999 lapsum
2918 2933 3072 2985 ruina
3101 2933 3394 3001 praepositi,

166 3014 267 3080 (leg.
298 3013 449 3068 Decio
478 3013 538 3082 Ι)
568 3024 616 3068 et
653 3012 817 3067 Grato
845 3015 971 3082 (hoc
992 3023 1075 3068 est
1110 3015 1178 3067 ab
1212 3030 1356 3069 anno
1386 3014 1592 3069 Christi
1613 3015 1721 3071 236

1820 3017 1873 3070 in
1908 3028 2115 3072 tantum
2148 3018 2276 3072 utile
2303 3030 2381 3073 est
2414 3030 2461 3075 et
2489 3020 2747 3086 salutare,
2780 3037 2898 3073 cum
2929 3037 2982 3075 se
3011 3022 3281 3091 episcopus
3307 3035 3399 3091 per

166 3106 219 3159 ad
252 3105 390 3176 250).
420 3107 634 3160 Passus
675 3115 751 3160 est
782 3122 857 3159 xu
890 3107 1052 3176 (apud
1088 3105 1225 3163 Boll.
1266 3123 1403 3173 xm;
1445 3108 1498 3161 in
1528 3107 1736 3163 Fossat.
1821 3108 2214 3178 firmamentum
2246 3112 2372 3181 ﬁdei
2420 3112 2676 3181 fratribus
2720 3112 2913 3182 prwbet
2946 3114 3286 3168 imitandum.
3321 3114 3395 3168 Ea

168 3214 249 3252 ms.
274 3202 377 3268 xlv)
410 3198 694 3253 Kalendas
725 3197 1031 3252 Februarii.
1066 3197 1140 3251 Ex
1171 3200 1275 3253 hoc
1308 3200 1519 3254 calculo
1554 3200 1601 3255 si
1628 3215 1723 3255 au-

170 3289 345 3344 feratur
380 3292 596 3346 mensis
644 3306 809 3357 unus,
843 3300 898 3345 et
935 3290 1254 3361 praeferatur
1297 3291 1459 3347 lectio
1516 3292 1723 3348 codicis

169 3381 211 3433 iu
236 3398 333 3451 quo
367 3382 658 3438 Fabianus
691 3397 791 3436 xui
824 3380 952 3435 Kal.
987 3380 1148 3436 Febr.
1184 3398 1372 3451 passus
1408 3381 1721 3449 adnotatur,

171 3483 389 3543 sequetur
417 3485 479 3530 ut
520 3476 575 3530 is
600 3491 735 3545 papa
765 3490 909 3530 anno
934 3474 1061 3539 256,
1087 3472 1333 3529 Januarii
1365 3473 1577 3528 decimo
1612 3473 1718 3539 die,

170 3568 316 3633 quiin
343 3568 696 3624 Dominicam
746 3568 1041 3635 incidebat,
1072 3566 1379 3631 ordinatus,
1417 3581 1561 3621 anno
1590 3566 1718 3630 259,

170 3655 378 3714 Januarii
402 3660 475 3715 20
504 3661 603 3715 die
637 3658 884 3731 martyrii
916 3674 1175 3714 coronam
1210 3658 1437 3727 adeptus
1473 3659 1579 3713 sit:
1612 3672 1723 3728 quo

171 3750 354 3815 quidem
393 3753 483 3807 die
527 3751 589 3805 in
630 3750 885 3804 omnibus
918 3749 1158 3820 antiquis
1198 3748 1592 3813 monumentis,
1618 3764 1721 3803 no-

174 3844 494 3915 minatimque
563 3844 617 3898 in
668 3844 809 3898 libro
855 3841 1321 3898 Sacramentorum
1368 3840 1425 3895 S.
1474 3840 1722 3913 Gregorii

174 3935 335 3991 festum
357 3938 474 4008 ejus
506 3937 828 3992 ascribitur.

242 4096 256 4127 ¹
281 4098 426 4168 Apud
449 4096 784 4163 Pamelium,
813 4096 972 4166 epist.
1004 4096 1056 4150 Δ.

174 4238 297 4279 seres
319 4229 368 4281 in
406 4243 636 4283 carcere
668 4226 1066 4292 detinebantur,
1110 4236 1164 4281 et
1200 4242 1309 4296 quo
1332 4227 1385 4280 in
1409 4228 1585 4280 locum
1619 4225 1721 4280 Fa-

1824 3201 1925 3257 l'uit
1952 3203 2233 3259 beatorum
2265 3204 2478 3259 illorum
2515 3213 2816 3273 temporum
2849 3205 3001 3269 ﬁdes,
3031 3216 3087 3260 ut
3112 3222 3236 3261 cum
3270 3207 3396 3260 boui

1823 3303 1876 3347 et
1933 3293 2081 3347 utilis
2124 3295 2358 3364 pastoris
2398 3294 2612 3364 jactura
2658 3296 2864 3351 luctum
2917 3306 2970 3350 et
3019 3296 3284 3369 laerymas
3328 3298 3397 3352 ab

1824 3381 2000 3451 ipsius
2034 3397 2194 3452 grege
2222 3382 2549 3451 exprimere,
2580 3391 2633 3436 et
2681 3384 2750 3435 ah
2793 3382 2972 3437 amico
3000 3382 3397 3437 consolatorias

1825 3476 2035 3531 litteras
2082 3476 2299 3546 exigere
2353 3476 2550 3530 debere
2607 3476 2907 3541 videretur,
2953 3484 3007 3530 et
3057 3475 3289 3529 Romani
3344 3484 3401 3530 et

1825 3568 2036 3623 amicus
2068 3583 2259 3623 eorum
2288 3567 2594 3638 Cyprianus
2633 3569 2847 3623 animos
2895 3569 2948 3623 in
2988 3574 3234 3623 mutuam
3274 3582 3399 3637 gra-

1826 3661 2146 3715 tulationem
2181 3660 2552 3721 eﬂunderent;
2580 3662 2713 3717 certi
2752 3660 3009 3715 nimirum
3050 3659 3186 3713 nihil
3212 3658 3400 3714 Eccle-

1824 3754 1919 3808 siae
1946 3762 2217 3824 ereptum,
2252 3753 2340 3807 cui
2378 3754 2697 3823 praeclarum
2739 3752 3043 3823 praestitum
3080 3750 3159 3807 sit.
3177 3750 3300 3806 ﬁdei
3332 3766 3399 3805 ac

1822 3846 2041 3902 virtutis
2069 3846 2399 3917 exemplum.

1822 4234 1987 4280 etiam
2043 4238 2137 4278 sex
2191 4223 2469 4279 mensibus
2506 4231 2741 4290 tantum,
2780 4221 2924 4293 quod
2975 4221 3067 4276 alii
3117 4229 3395 4287 asserunt,

175 4297 290 4349 biani
310 4300 414 4369 jam
445 4301 598 4353 ultra
646 4313 851 4351 annum
884 4299 1175 4369 rmartvriov
1214 4293 1412 4363 allecti,
1452 4306 1571 4367 post
1628 4302 1786 4360 an-C
1821 4296 1913 4350 sed
1958 4294 2106 4369 ultra
2163 4295 2431 4363 integrum
2480 4310 2686 4369 animm
2740 4294 2844 4349 hoc
2906 4302 3151 4369 tempore
3204 4293 3389 4369 sedem

175 4367 718 4449 nuumjnterregnum
746 4368 1109 4449 pontiﬁcium,
1139 4367 1426 4449 Cornelius
1458 4370 1717 4449 εμποριυς

172 4445 283 4490 erat.
311 4437 436 4493 Nam
470 4436 569 4508 qui
606 4440 719 4492 haec
750 4436 915 4493 verba
949 4440 1012 4492 ad
1042 4450 1253 4507 tempus
1284 4436 1507 4492 Fabiani
1539 4440 1719 4493 adhuc

174 4510 369 4563 viventis
391 4510 663 4571 referunt,
696 4509 931 4574 graviter
958 4520 1175 4574 errant;
1214 4525 1338 4563 cum
1369 4526 1473 4562 non
1509 4519 1717 4563 tantum

174 4574 306 4645 [.iber
340 4580 675 4645 pontilicalis
699 4574 794 4633 hic
836 4580 888 4631 in
922 4579 1043 4633 V'ita
1084 4578 1333 4641 Fabiani,
1384 4590 1439 4632 et
1491 4580 1631 4634 infra
1664 4580 1716 4632 in

177 4642 553 4720 Yttagcornelii,
605 4666 794 4703 verum
837 4650 952 4719 ipse
1013 4665 1231 4720 quoque
1283 4649 1445 4719 Cypr.
1499 4650 1715 4720 epistol.

176 4715 335 4779 £9,552
387 4732 438 4774 et
499 4722 593 4785 76,
648 4715 1547 4789 aperte_scrib'ant'Nova'tianuni
1606 4734 1717 4774 non

176 4798 324 4841 antea
356 4789 569 4845 Novato
623 4792 907 4845 seductum
955 4791 1144 4855 fuisse,
1178 4791 1283 4844 nisi
1331 4799 1449 4859 post
1479 4790 1717 4846 schisma

176 4862 399 4943 adversus
424 4862 749 4943 Cornelium
804 4860 1135 4943 conﬂatum.’
1162 4859 1312 4915 Unde
1342 4862 1474 4943 quid
1506 4863 1574 4916 de
1595 4862 1713 4943 epi-

176 4928 285 4979 stola
314 4931 534 4986 Fabiani
577 4933 772 5001 prima,
814 4947 922 5000 qua
943 4930 1281 4985 Novatianus
1310 4948 1339 4985 a
1374 4930 1578 4985 Novato
1600 4928 1719 5001 ejus

175 5000 381 5072 tempore
439 5000 705 5057 seductus
753 5018 876 5056 esse
921 5002 1200 5063 scribitur,
1242 5003 1586 5072 sentiendum
1623 5004 1718 5068 sit,

176 5071 217 5117 in
243 5072 368 5124 notis
416 5075 484 5126 ad
535 5073 770 5141 primam
819 5072 977 5140 epist.
1019 5073 1263 5127 dicemus
1314 5071 1475 5127 infra.
1514 5071 1715 5127 Baron.

177 5146 291 5211 anno
316 5142 435 5203 238,
468 5158 627 5196 num.
665 5143 697 5196 9
730 5153 781 5196 et
806 5158 959 5211 seqq.

231 5209 293 5279 (9)
329 5211 623 5282 Postquam
657 5212 831 5266 Moses
860 5209 1161 5267 iit—carcere
1181 5211 1463 5281 defunctus
1493 5222 1591 5276 est,
1625 5215 1719 5282 qui

179 5276 257 5343 {sit
277 5276 345 5333 ibi
366 5276 568 5337 menses
604 5284 687 5340 11.
720 5282 857 5337 Cum
892 5283 1020 5338 sede
1052 5276 1484 5338 adhnc'vacante
1508 5286 1572 5338 ad
1603 5276 1718 5337 Mo-

178 5362 269 5423 sen.
290 5350 583 5407 Maximum
610 5363 664 5408 et
682 5351 1071 5415 Nicostratum,
1100 5363 1388 5423 postquam
1420 5355 1473 5407 in
1500 5369 1719 5409 carcere

179 5419 289 5495 ultra
320 5438 519 5495 annum
582 5424 781 5479 detenti
847 5419 1351 5486 fuissentfsanctus
1410 5423 1717 5495 Cyprianus

178 5492 421 5564 epistolam
454 5494 760 5564 scripserit,
788 5510 911 5563 qua:
952 5504 1039 5548 est
1093 5497 1158 5549 lli
1202 5492 1469 5549 editionis
1486 5492 1715 5559 Pamel.,

180 5560 453 5633 fuerintque
512 5560 648 5618 tunc
696 5560 876 5619 adhuc
906 5580 1038 5633 pace
1087 5575 1141 5620 et
1174 5565 1383 5619 unitate
1417 5567 1715 5620 concordes

181 5580 453 5633 merumque
512 5580 648 5618 tunc
696 5580 939 5688 aunucls

180 5632 397 5696 (quorum
466 5634 742 5690 Maximus
782 5643 835 5689 et

179 5703 477 5769 L'ornelium,
510 5707 585 5759 ab
631 5705 844 5770 eodem,
890 5714 951 5760 ut
999 5722 1064 5761 ex
1095 5703 1331 5761 Eusebio
1387 5715 1626 5769 constat,
1656 5707 1710 5760 in

181 5770 433 5843 schismate
461 5776 628 5831 divisi
656 5778 828 5843 sunt),
855 5778 1219 5833 certissimum
1243 5787 1447 5832 estnon
1478 5793 1569 5831 sex
1594 5778 1711 5831 die-

183 5837 275 5909 bus,
323 5853 377 5899 ut
436 5846 586 5901 infra
642 5837 833 5903 auctor
883 5845 1217 5905 Pontiﬁcalis
1270 5848 1480 5917 scribit,
1537 5862 1740 5927 neque.

940 5636 1233 5691 ieostratus
1292 5646 1414 5705 post
1469 5647 1711 5691 creatum
1745 5650 1790 5705 ι)

1820 4365 2153 4436 pontificiam
2202 4381 2447 4419 vacasse.
2498 4364 2699 4419 Baron.
2733 4378 2879 4436 anno
2934 4364 3061 4429 253,
3113 4378 3267 4436 num.
3301 4364 3389 4418 28.

1820 4434 1992 4501 Quem
2023 4444 2214 4490 auctor
2248 4437 2335 4489 hic
2374 4436 2424 4488 in
2460 4450 2677 4490 carcere
2731 4435 3047 4490 defunctum
3100 4448 3223 4489 esse
3254 4434 3395 4488 insi-

1822 4516 1975 4571 nuat,
2024 4522 2091 4559 ex
2148 4508 2306 4576 epist.
2347 4505 2580 4576 ,Cornel.
2652 4505 2719 4559 ad
2778 4504 3005 4576 Fabium
3064 4504 3393 4559 Antiochea.

1820 4592 1983 4646 quam
2036 4575 2195 4631 infra
2232 4592 2299 4631 ex
2343 4575 2581 4629 Eusebio
2636 4577 2741 4632 hue
2782 4575 3118 4642 inferemus,
3179 4583 3397 4630 constat

1821 4647 2057 4717 glorioso
2082 4648 2339 4719 martyrio
2370 4646 2582 4715 publice
2606 4648 2659 4701 in
2703 4647 2948 4719 omnium
2978 4654 3396 4719 conspectumi-

1823 4715 2283 4840 ronanggr’nartyrii
2308 4720 2561 4788 adeptum
2594 4734 2735 4773 esse.
2764 4719 2843 4771 lta
2870 4716 3068 4772 Baron.
3098 4731 3240 4770 anno
3260 4715 3389 4779 255,

1823 4804 1975 4840 num.
2074 4826 2087 4840 .

1821 4804 1975 4842 num.
1999 4790 2087 4840 59.

1893 4858 2006 4929 (10)
2039 4858 2106 4937 Et
2155 4858 2232 4937 sic
2274 4861 2429 4937 multi
2480 4860 2771 4937 Christiani
2810 4862 3094 4937 _[o_rge_runt.
3159 4855 3391 4937 lndjctio

1820 4931 2221 4999 persecutionis
2242 4932 2779 5007 _atrocissim:e_adeo
2828 4930 3126 5007 licclesiam
3174 4930 3391 5007 univer-

1821 5016 1936 5053 sam
2000 5002 2301 5064 concussit,
2355 5014 2415 5058 ut
2466 5002 2798 5071 complures,
2834 5002 2957 5054 licet
2994 4999 3301 5071 fortissimi,
3334 5012 3392 5049 se

1821 5071 2204 5130 subduxerint.
2265 5080 2320 5125 et
2354 5067 2787 5142 quidemginter'
2818 5072 2955 5142 alios
3005 5067 3391 5142 sanctissimus

1821 5143 2150 5210 Cyprianus,
2170 5141 2354 5195 divino
2372 5138 2535 5209 prope
2560 5139 2760 5210 Spiritu
2781 5140 3073 5210 impulsus,
3102 5138 3391 5210 Dionysius

1820 5209 2244 5288 Alexandrinus,
2274 5228 2336 5267 ac
2365 5213 2566 5266 Paulus
2596 5209 2823 5288 eremita
2850 5209 2873 5266 :'
2908 5212 3003 5280 qui
3054 5209 3388 5288 deincepsin

1821 5284 2099 5351 spelunca,
2125 5300 2288 5352 quam
2322 5293 2452 5338 tunc
2501 5284 2760 5352 temporis
2806 5278 3002 5337 nactus
3053 5287 3155 5352 est,
3208 5278 3390 5334 solita-

1819 5350 1958 5407 riam
1990 5350 2156 5407 vitam
2188 5370 2373 5422 agens,
2419 5350 2729 5422 exemplum
2769 5354 2891 5407 vita:
2914 5350 3229 5407 monasticaz
3248 5364 3391 5422 pra:-

1821 5424 1975 5485 beus,
2014 5420 2311 5493 permansit
2337 5424 2402 5477 ad
2434 5420 2636 5477 annum
2671 5427 2847 5479 aetatis
2880 5424 3000 5487 H3,
3024 5422 3117 5492 qui
3141 5429 3225 5477 est
3244 5420 3393 5476 Con-

1822 5495 2009 5548 stantii
2060 5496 2405 5564 imperatoris
2470 5494 2499 5547 7
2554 5496 2863 5551 inchoatus.
2918 5493 3189 5549 Baronius
3245 5503 3394 5546 anno

1819 5564 1945 5619 255.

1881 5634 2003 5760 ί311)
2065 5631 2298 5716 Cessavit
2355 5636 2683 5706 episcopatus
2733 5638 2844 5691 dies
2883 5637 2935 5691 6.
2984 5636 3137 5692 Ultra
3186 5648 3391 5691 annum

1918 5720 2003 5759 em
2038 5706 2371 5760 nonttticiam
2422 5722 2667 5760 vacasse.
2697 5716 2913 5760 constat
2954 5723 3021 5760 ex
3054 5709 3122 5760 iis
3148 5721 3270 5760 num
3302 5722 3391 5759 su-

1821 5706 2005 5778 sedem
2038 5706 2371 5778 pontiticiam
2422 5716 2913 5778 vacasse,iconstat
2954 5723 3021 5764 ex
3054 5709 3122 5763 iis
3148 5721 3270 5778 quae
3302 5722 3395 5759 su-

1822 5792 1915 5851 pra
1957 5776 2090 5842 dixi,
2117 5777 2297 5851 verbis
2316 5776 2609 5850 Postquam
2660 5777 2874 5846 Moses;
2899 5845 2905 5851 η
2931 5796 3037 5851 qua
3059 5780 3126 5836 de
3154 5776 3213 5835 re
3239 5778 3395 5848 plura

1819 5846 2063 5913 dicturus
2084 5846 2244 5905 inl'ra.
