3966 6522
545 422 652 478 179

1813 417 1875 474 S.
1912 414 2254 472 FABIANUS
2292 414 2488 468 PAPA.

3674 405 3774 461 180

544 537 624 596 De
660 538 896 608 epistolis
940 548 991 595 et
1032 538 1494 601 constitutionibus
1536 536 1605 592 ad
1638 534 1940 591 Fabianum
1984 537 2112 591 atti-
2140 542 2185 599 Α
2214 551 2357 600 rum,
2389 534 2442 587 in
2489 531 2687 602 quibus
2730 528 3004 584 Fabianus
3050 535 3105 582 et
3147 512 3357 596 septeni
3397 523 3777 587 subdiacouos,

1197 610 1458 664 nentibus.

616 724 670 779 l.
699 721 979 796 Origenes,
1026 722 1263 779 Eusebio
1304 731 1443 778 teste
1470 724 1513 791 ',
1545 722 1611 777 ad
1644 721 1945 777 Fabianum
1977 736 2112 791 apo-

543 814 828 883 logeticam
870 815 1088 885 scripsit
1129 815 1453 885 epistolam,
1493 830 1600 885 qua
1639 829 1698 869 se
1745 812 2111 868 orthodoxum

541 907 774 977 probare
798 906 1088 961 nitebatur.
1119 905 1267 962 Hanc
1293 916 1490 962 notans
1519 904 1882 975 Hieronymus
1904 906 1958 959 ἐ
1992 903 2113 973 Ipse

546 996 813 1067 Origenes,
845 995 1042 1066 inquit,
1071 998 1125 1050 in
1163 996 1385 1067 epistola
1415 1013 1571 1066 quam
1600 995 1783 1049 scribit
1808 996 1877 1049 ad
1912 994 2112 1047 Fabia-

542 1106 666 1141 num
692 1087 945 1143 Romanw
970 1090 1112 1143 urbis
1135 1074 1450 1159 episcopum,
1478 1090 1835 1158 paenitentiam
1860 1090 1990 1159 agit,
2017 1102 2113 1143 cur

541 1179 674 1233 talia
718 1179 811 1250 (ob
856 1195 978 1249 qua:
1018 1180 1071 1234 in
1127 1179 1246 1249 ejus
1297 1180 1707 1235 damnationem
1770 1177 1943 1233 Roma
2004 1179 2110 1233 sub

538 1269 807 1335 Pontiano
840 1270 1216 1343 consenserat)
1257 1273 1550 1341 scripserit,
1586 1280 1639 1325 et
1681 1287 1868 1325 causas
1902 1270 2110 1324 temeri-

542 1360 669 1414 tatis
697 1361 752 1413 in
779 1360 1114 1414 Ambrosium
1145 1362 1322 1432 refert,
1355 1362 1494 1432 quod
1526 1370 1723 1415 secreto
1759 1362 1900 1415 ea’ita
1929 1363 1981 1415 in
2012 1377 2111 1430 pu-

540 1451 733 1504 blicum
756 1452 1057 1520 protulerit.

609 1543 664 1599 2.
696 1545 1002 1616 Cyprianus
1029 1545 1191 1614 epist.
1222 1546 1289 1601 55
1317 1546 1385 1602 ad
1422 1546 1735 1601 Cornelium
1778 1544 1958 1611 docet,
1989 1543 2109 1599 Pri-

539 1644 723 1691 vatum
753 1637 1197 1699 Lambesitanum
1230 1639 1545 1708 episcopum
1570 1638 1645 1691 in
1679 1638 1794 1708 ipsa
1829 1636 2108 1691 Lambesi-

539 1740 665 1785 tuna
691 1730 925 1797 colonia,
954 1732 1025 1786 ob
1059 1733 1227 1787 multa
1259 1741 1311 1787 et
1349 1730 1531 1802 gravia
1562 1730 1779 1795 delicta,
1808 1729 2107 1798 nonaginta

537 1822 917 1891 episcoporum
968 1824 1234 1878 sententia
1282 1822 1630 1886 damnatum,
1656 1820 1885 1874 Fabiani
1911 1830 1960 1873 et
1998 1818 2107 1873 Do-

2213 626 2302 695 qui
2333 626 2556 680 tetidem
2588 623 2817 677 notariis
2846 622 2912 675 ad
2942 617 3336 675 conscribenda
3366 628 3663 688 martyrum
3688 632 3777 686 ge-

2212 728 2294 773 sta
2328 717 2692 781 imminerent,
2728 712 3081 769 constituisse
3128 710 3359 779 legitur,
3410 723 3586 777 neque
3616 709 3777 761 etiam

2208 824 2310 879 par
2336 809 2550 864 videtur
2579 796 2932 863 additamenti
2980 804 3143 875 hujus
3171 802 3487 858 auctoritas.
3512 800 3777 857 Praeterea

2209 916 2273 956 ex
2303 915 2390 968 eo,
2415 901 2561 972 quod
2589 899 2904 971 Gregorius,
2930 899 2999 953 ab
3026 897 3252 967 Eulogio
3278 893 3647 949 Alexandrino
3674 892 3777 961 epi-

2209 1006 2377 1060 scopo
2402 999 2621 1061 rogatus
2649 999 2708 1044 ut
2728 1006 2850 1060 qua:
2874 988 3143 1045 Eusebius
3165 987 3458 1057 collegerat
3480 992 3780 1052 martyrum

2210 1091 2357 1152 gesta
2399 1084 2464 1138 ad
2510 1098 2569 1139 se
2612 1084 3024 1147 transmitteret,
3060 1081 3154 1135 lib.
3187 1094 3308 1144 vm,
3350 1077 3508 1145 epist.
3550 1075 3655 1138 29,
3688 1090 3773 1126 re-

2208 1174 2439 1245 spondet
2468 1191 2481 1227 :
2514 1174 2684 1228 Nulla
2713 1175 2767 1228 in
2796 1174 3004 1227 archiva
3018 1172 3172 1241 hujus
3204 1180 3397 1225 nostra:
3425 1169 3673 1223 Ecclesia:
3700 1165 3780 1220 vel

2208 1266 2263 1320 in
2288 1266 2542 1321 Romana:
2566 1267 2710 1320 urbis
2737 1266 3060 1320 bibliothecis
3085 1282 3194 1320 esse
3220 1265 3453 1335 cognovi,
3482 1265 3584 1317 nisi
3607 1279 3781 1333 pauca

2207 1359 2451 1430 qutedam
2485 1361 2541 1413 in
2584 1361 2741 1413 unius
2776 1361 2972 1414 codicis
3009 1358 3270 1413 volumine
3306 1358 3558 1421 collecta;
3582 1356 3651 1411 de
3683 1370 3777 1411 ve-

2207 1450 2366 1504 ritate
2394 1459 2692 1522 gestorum,
2721 1468 2843 1521 quae
2889 1460 2949 1505 ut
2988 1450 3173 1505 Roma:
3204 1451 3509 1518 conscripta
3548 1450 3785 1502 circum-

2207 1540 2480 1609 feruntur,
2518 1543 2767 1598 nonnulli
2802 1543 3072 1597 dubitant.
3105 1540 3292 1597 Verbis
3314 1549 3493 1595 tamen
3528 1538 3776 1609 Gregorii

2206 1634 2452 1703 pressius
2499 1634 2860 1690 insistendum
2903 1649 3012 1689 non
3049 1642 3151 1688 est.
3188 1632 3266 1688 Eo
3305 1634 3448 1687 enim
3497 1632 3777 1700 antiquior

2206 1734 2262 1778 et
2299 1740 2483 1780 rerum
2522 1726 2911 1803 historicarum
2953 1726 3184 1799 peritior
3211 1725 3459 1781 Gelasius
3481 1726 3645 1793 epist.
3683 1724 3772 1787 33,

2208 1830 2263 1868 η.
2304 1815 2356 1879 6,
2383 1816 2626 1886 agnoscit
2653 1831 2716 1871 ac
2747 1816 2938 1885 recipit
2965 1825 3107 1885 gesta
3129 1823 3431 1868 sanctorum
3453 1823 3775 1882 martyrum,

538 1916 649 1968 nali
690 1915 883 1981 litteris
925 1915 1247 1969 severissime
1295 1923 1534 1966 notatum
1584 1911 1769 1979 fuisse.
1824 1909 1979 1976 Quod
2029 1909 2105 1963 ita
2138 1907 2180 1966 Β
2207 1906 2297 1975 qui
2329 1907 2711 1977 multiplicibus
2747 1918 3126 1963 tormentorum
3158 1907 3477 1960 cruciatibus
3522 1917 3569 1958 et
3603 1906 3775 1958 mira-

528 2003 769 2074 -intelligi
819 2012 1033 2073 potest,
1071 2012 1131 2057 ut
1165 2002 1443 2056 Fabianus
1488 1998 1853 2053 Lambesitani
1889 1997 2105 2054 concilii

534 2094 731 2149 litteris
781 2103 894 2148 tum
944 2096 1010 2148 de
1058 2094 1254 2148 Privati
1285 2093 1497 2147 delictis
1542 2101 1597 2145 et
1636 2091 1849 2155 haeresi,
1886 2100 2000 2145 tum
2038 2090 2105 2144 de

536 2186 804 2241 sententia
850 2189 903 2240 in
952 2202 1077 2240 eum
1119 2186 1228 2240 lata
1259 2185 1456 2240 certior
1487 2183 1685 2249 factus,
1726 2183 1792 2237 ad
1827 2183 2101 2237 Privatum

535 2278 714 2344 ipsum
770 2278 1069 2347 scripserit,
1105 2277 1719 2346 eumquevseverissime
1749 2277 2100 2343 corripuerit;

534 2368 636 2433 vel,
662 2370 807 2439 quod
845 2370 1183 2440 probabilius
1207 2370 1441 2433 videtur,
1475 2369 1539 2423 ad
1582 2370 1851 2439 synodum
1883 2386 2005 2439 quae
2035 2370 2101 2424 ad

532 2473 592 2513 se
640 2461 931 2535 scripserat
978 2460 1322 2525 rescribens,
1366 2460 1744 2531 gravissimam
1784 2461 1910 2514 huic
1934 2462 2103 2515 haere-

534 2553 641 2606 tico
693 2562 879 2606 notam
924 2552 1203 2606 inusserit.
1249 2550 1436 2620 Neque
1468 2561 1647 2606 tamen
1700 2553 1906 2621 quievit
1939 2544 2103 2607 verSi-

532 2643 687 2712 pellis
732 2643 898 2696 homo
927 2661 941 2710 ;
976 2644 1067 2698 sed
1119 2652 1243 2712 post
1286 2642 1537 2709 Fabiani,
1573 2651 1633 2697 ut
1665 2645 1917 2714 colligere
1949 2657 2032 2699 est
2056 2645 2098 2710 ",

533 2743 788 2800 mortem,
817 2750 913 2804 spe
946 2735 1200 2789 inductus
1229 2735 1533 2804 decipiendi
1578 2736 1708 2791 cleri
1743 2737 1885 2807 ejus,
1911 2753 2100 2807 quem-

532 2824 657 2878 dam
685 2841 714 2879 e
758 2825 1012 2893 nequitia:
1054 2841 1167 2898 suae
1210 2827 1435 2881 cohorte
1486 2827 1826 2882 vexillarium
1869 2827 2097 2883 Romam

532 2917 702 2981 misit,
733 2918 822 2986 qui
850 2917 993 2986 furto
1026 2926 1073 2987 et
1114 2918 1479 2986 fraudulenter
1508 2919 1712 2973 litteras
1744 2921 1889 2989 pacis
1914 2922 2101 2977 elicere

533 3018 759 3061 curaret.
816 3006 989 3062 Simul
1036 3016 1089 3062 et
1137 3008 1442 3078 Cyprianus
1477 3009 1651 3064 eidem
1691 3012 1838 3066 clero
1877 3028 2095 3080 cavens,

534 3115 639 3152 rem
679 3099 963 3152 sollicitam
1005 3099 1107 3169 ipsi
1148 3100 1454 3165 nuntiavit,
1506 3103 1610 3157 hoc
1656 3112 1740 3158 est
1775 3104 1861 3158 vel
1891 3105 1957 3159 de
1988 3122 2097 3175 qua

498 3188 798 3243 sollicitus
849 3198 968 3243 erat
1020 3190 1198 3245 clerus
1250 3189 1551 3255 Romanus,
1597 3191 1681 3247 vel
1731 3193 1933 3263 potius,
1976 3211 2095 3250 mea

530 3280 749 3344 quidem
786 3282 1073 3347 sententia,
1105 3282 1172 3337 de
1219 3296 1329 3352 qua
1376 3282 1642 3339 sollicitus
1681 3293 1800 3340 erat
1843 3286 1958 3356 ipse
1990 3287 2095 3358 Cy-

510 3371 775 3440 prianus,
808 3388 875 3425 ne
903 3373 1153 3427 videlicet
1182 3371 1433 3429 Privatus
1476 3374 1739 3431 Romanis
1775 3377 2094 3447 imponeret.

530 3460 730 3515 Verum
776 3454 1193 3531 vigilantiSsimo
1242 3464 1388 3519 clero
1436 3465 1715 3536 impenere
1763 3484 1871 3522 non
1930 3470 2097 3525 valuit

528 3548 763 3602 emissus
796 3564 826 3601 a
865 3548 1083 3603 Privato
1128 3551 1366 3619 perﬁdia:
1409 3568 1637 3610 consors
1682 3556 1929 3612 callidus.
1958 3557 2093 3613 Nam

526 3648 581 3692 et
627 3649 915 3709 antequam
965 3641 1219 3712 Cypriani
1260 3643 1313 3696 in
1362 3643 1561 3699 Urbem
1611 3647 1801 3701 litterae
1850 3651 2095 3718 pervcni-

528 3737 671 3795 rcnt,
700 3746 791 3784 nec
816 3732 932 3799 quis
971 3741 1102 3785 esset
1144 3732 1326 3799 latuit,
1362 3752 1451 3790 nec
1493 3736 1700 3791 litteras
1729 3755 1859 3809 quas
1893 3741 2093 3796 volebat

526 3823 746 3890 accepit.

596 3918 649 3971 5.
684 3916 859 3973 Verba
902 3920 1004 3977 ista
1053 3921 1374 3979 Bucheriani
1407 3926 1652 3996 Catalogi
1694 3926 1759 3980 de
1793 3926 2032 3982 Fabiano
2074 3948 2087 3981 :

527 4008 631 4063 Hic
680 4013 912 4082 regiones
954 4015 1135 4068 divisit
1181 4017 1509 4076 diaconibus,
1548 4027 1595 4071 et
1635 4020 1828 4073 multas
1861 4020 2089 4089 fabricas

522 4118 614 4171 per
641 4106 931 4157 cmmeteria
980 4103 1097 4174 fieri
1131 4102 1317 4176 jussit,
1367 4108 1420 4162 in
1471 4108 1784 4165 Fossatensi
1829 4122 1882 4165 et
1921 4112 2090 4166 altero

522 4194 724 4263 reginae
764 4193 1063 4252 Succorum
1095 4200 1177 4253 sic
1204 4200 1522 4268 interpolata
1562 4201 1792 4272 legimus
1828 4219 1841 4255 :
1882 4202 1983 4257 Hic
2009 4221 2093 4258 re-

523 4285 697 4353 giones
728 4285 907 4340 divisit
932 4288 1260 4354 diaconibus,
1287 4299 1336 4343 et
1368 4291 1489 4359 fecit
1520 4302 1713 4361 septem
1747 4292 1908 4362 (apud
1947 4293 2084 4349 Boil.

521 4374 634 4443 sex)
665 4375 1033 4441 subdiaconos,
1059 4380 1149 4448 qui
1169 4388 1362 4449 septem
1394 4384 1615 4435 notariis
1646 4384 1997 4450 imminerent,
2030 4395 2087 4438 ut

521 4477 669 4537 gesta
696 4480 991 4540 martyrum
1018 4472 1244 4539 ﬁdeliter
1268 4473 1603 4544 colligerent;
1633 4492 1695 4530 ac
1718 4477 1908 4532 deinde
1933 4479 2089 4533 omit-

520 4558 674 4621 titur,
703 4568 750 4611 et
782 4561 975 4614 multas
1022 4562 1253 4631 fabricas
1288 4581 1380 4633 per
1423 4568 1715 4620 caemeteria
1751 4569 1866 4637 ﬁeri
1893 4570 2083 4637 jussit.
2118 4594 2162 4648 ι)

521 4646 759 4718 Tempus
811 4652 994 4720 pacis,
1042 4669 1149 4722 qua
1199 4653 1443 4711 Ecclesia
1490 4657 1738 4728 Philippo
1788 4660 2086 4728 imperante

520 4742 823 4807 fruebatur,
855 4744 1034 4799 locum
1068 4745 1307 4803 Fabiano
1333 4748 1500 4816 dedit,
1550 4759 1611 4805 ut
1647 4750 1701 4803 in
1735 4753 2082 4818 cmmeteriis,

520 4834 573 4887 in
614 4836 813 4903 quibus
853 4849 1154 4893 conventus
1187 4840 1462 4898 celebrare
1499 4857 1562 4897 ac
1596 4858 1750 4897 sacra
1793 4842 1970 4898 facere
1999 4861 2087 4899 so-

520 4926 699 4980 lebant
741 4928 948 4994 ﬁdeles,
983 4916 1218 4986 fabricas
1254 4932 1371 4987 ﬁeri
1412 4933 1495 4987 vel
1536 4934 1721 5003 augeri
1748 4935 2085 5004 praeciperet.

519 5018 663 5073 Idem
694 5036 912 5091 quoque
957 5032 1188 5092 tempus,
1232 5034 1291 5079 ut
1334 5026 1622 5095 quemdam
1652 5028 1899 5097 regenda
1922 5029 2087 5087 Urbis

519 5113 945 5168 commodiorem
1006 5117 1252 5171 ordinem
1320 5117 1663 5183 institueret,
1713 5118 1761 5173 ei
1817 5120 2082 5189 permisit.

518 5205 784 5270 Quocirca
823 5224 947 5263 cum
981 5208 1304 5265 Bucheriani
1341 5211 1571 5281 catalogi
1608 5212 1659 5264 in
1698 5210 1914 5267 Liberio
1940 5212 2085 5267 desi-

518 5299 697 5353 uentis
729 5301 1049 5368 antiquitas,
1080 5311 1191 5379 tum
1235 5302 1349 5371 ipsa
1380 5304 1636 5372 temporis
1676 5303 1814 5356 ratio
1846 5302 1898 5358 id
1925 5304 2084 5360 nobis

518 5389 676 5444 facile
703 5393 1051 5460 persuadent,
1078 5395 1222 5462 quod
1247 5394 1301 5448 in
1325 5410 1389 5449 eo
1414 5397 1659 5465 catalogo
1682 5396 1748 5449 de
1774 5396 2084 5466 regionibus

518 5483 855 5553 singulorum
896 5486 1252 5541 diaconorum
1287 5502 1432 5542 curae
1460 5489 1768 5543 commissis
1795 5503 1859 5543 ac
1899 5489 2085 5543 multis

514 5573 738 5630 fabricis
772 5576 993 5631 Fabiani
1017 5578 1175 5648 jussu
1206 5581 1534 5633 constructis
1563 5580 1835 5635 scribitur.

586 5669 639 5724 4.
669 5669 772 5723 Sed
804 5672 928 5742 quia
960 5687 1058 5742 par
1088 5688 1195 5725 non
1236 5680 1319 5726 est
1355 5672 1652 5740 antiquitas
1697 5688 1884 5727 eorum
1916 5672 2081 5726 libro—

590 5866 612 5899 ⁸
644 5849 843 5921 Euseb.
898 5867 989 5921 lib.
1022 5884 1092 5930 vr,
1150 5885 1194 5923 ε.
1251 5870 1338 5922 26.
1464 5869 1650 5924 ’llier.
1704 5870 1862 5931 epist.
1902 5868 1970 5924 65
2017 5870 2080 5923 ad

2207 1996 2400 2051 bilibus
2447 1999 2836 2067 confessionum
2900 1998 3175 2067 triumphis
3226 1997 3514 2051 irradiant.
3569 1994 3777 2048 Verum

2205 2090 2299 2145 ubi
2348 2090 2494 2145 addit
2543 2091 2682 2145 idem
2729 2107 2866 2161 papa
2916 2110 2929 2144 :
2977 2090 3104 2144 Ideo
3154 2090 3437 2143 secundum
3494 2088 3773 2156 antiquam

2203 2179 2629 2234 consuetudinem
2659 2180 2921 2251 singulari
2953 2179 3159 2234 cautela
3205 2180 3260 2232 in
3304 2186 3488 2231 sancta
3530 2176 3780 2230 Romana

2206 2272 2446 2326 Ecclesia
2488 2290 2588 2326 non
2634 2273 2900 2344 leguntur,
2933 2276 3058 2345 quia
3104 2284 3152 2327 et
3202 2288 3379 2327 eorum
3414 2273 3501 2341 qui
3536 2271 3774 2323 conscri-

2200 2380 2348 2432 psere
2388 2367 2598 2419 nomina
2644 2366 2849 2434 penitus
2901 2366 3230 2435 ignorantur,
3280 2363 3520 2434 praedicti
3552 2362 3773 2417 addita-

2202 2458 2369 2511 menti
2404 2458 2564 2513 ﬁdem
2604 2460 2832 2513 multum
2867 2459 3157 2512 imminuit.
3189 2456 3333 2511 Nihil
3362 2458 3559 2527 quippe
3582 2456 3655 2510 ad
3681 2472 3774 2527 ge-

2202 2558 2411 2604 storum
2444 2550 2658 2604 illorum
2682 2550 2973 2603 αὺθεντίαν
2992 2549 3229 2605 defuisse
3252 2550 3543 2614 videretur,
3575 2550 3622 2604 si
3662 2548 3774 2603 Roo

2200 2642 2348 2696 mani
2374 2643 2646 2713 pontiﬁcis
2670 2643 2989 2698 auctoritate
3010 2658 3040 2697 a
3067 2652 3277 2712 septem
3297 2642 3545 2707 notariis,
3566 2642 3774 2710 quibus

2200 2736 2476 2805 prazpositi
2525 2735 2756 2791 fuissent
2792 2736 3014 2789 totidem
3059 2736 3415 2800 subdiaconi;
3455 2735 3777 2802 conscripta

2199 2837 2402 2881 essent.
2443 2826 2513 2881 Ut
2554 2836 2613 2881 ut
2660 2836 2775 2894 est,
2828 2827 3096 2883 Eusebius
3138 2828 3231 2881 lib.
3271 2844 3325 2882 Vt
3369 2826 3539 2891 Hist.,
3574 2842 3625 2880 c.
3674 2827 3767 2889 45,

2198 2916 2360 2972 ﬁdem
2412 2916 2564 2985 facit,
2616 2919 2718 2973 sub
2770 2918 2993 2973 Fabiani
3042 2934 3359 2974 successore
3404 2918 3662 2973 Cornelio
3711 2918 3767 2971 in

2199 3008 2445 3065 Romana
2483 3009 2721 3065 Ecclesia
2755 3019 2957 3079 septem
2991 3010 3253 3065 diaconos
3278 3012 3610 3079 totidemque
3644 3011 3778 3065 sub-.

2198 3102 2460 3157 diaconos
2491 3102 2763 3157 exstitisse
2795 3122 2808 3157 :
2840 3119 2902 3157 ac
2938 3104 3218 3173 probabile
3256 3113 3338 3158 est
3367 3103 3671 3157 Fabianum
3702 3120 3779 3158 eo

2200 3189 2318 3258 ipso
2350 3200 2610 3260 tempore,
2648 3208 2757 3262 quo
2789 3193 3016 3263 singulis
3045 3194 3287 3249 diaeouis
3329 3194 3497 3249 oﬂicia
3533 3196 3772 3264 partitus

2197 3287 2301 3344 est,
2340 3296 2437 3335 sua
2480 3280 2645 3334 etiam
2689 3282 3058 3348 subdiaconis,
3090 3284 3294 3351 quaevis
3335 3284 3425 3336 illa
3458 3283 3585 3348 sint,
3627 3284 3775 3338 assi-

2197 3388 2408 3442 gnasse.
2444 3372 2597 3429 Tunc
2621 3390 2750 3430 vero
2783 3373 2957 3428 Roma
2990 3375 3042 3427 in
3073 3375 3481 3444 quatuordecim
3510 3375 3770 3443 regiones

2196 3466 2573 3533 dividebatur;
2610 3482 2675 3521 ex
2699 3483 2807 3537 quo
2834 3469 3100 3536 sequitur,
3147 3476 3208 3521 ut
3247 3468 3477 3538 singulis
3519 3469 3776 3528 diaconi:

2194 3557 2316 3613 dum
2344 3559 2614 3614 attributae
2650 3558 2887 3623 fuerint,
2917 3576 3026 3628 quo
3057 3559 3273 3615 facilius
3308 3576 3569 3630 pauperes
3596 3576 3772 3631 quos-

2194 3666 2301 3722 que
2329 3651 2668 3721 dignoscere,
2702 3651 2890 3720 eisque
2917 3651 3206 3706 subvenire
3234 3660 3476 3721 possent.

2264 3741 2342 3795 De
2372 3742 2497 3795 aliis
2527 3742 2765 3810 epistolis
2799 3758 2860 3795 ac
2891 3743 3110 3796 decretis
3143 3742 3384 3796 Fabiano
3418 3745 3691 3813 ascriptis.

2264 3835 2317 3888 1.
2344 3832 2584 3888 Isidorus
2613 3832 2881 3888 Mercator
2922 3835 3094 3890 tribus
3128 3835 3374 3903 epistolis
3409 3835 3636 3890 Fabiani
3668 3854 3770 3892 no-

2194 3926 2340 3980 mine
2367 3927 2635 3990 contictis,
2668 3926 2904 3996 ideoque
2928 3928 3091 3981 alium
3115 3927 3170 3981 in
3200 3937 3405 3982 tomum
3429 3930 3768 3998 rejiciendis,

2194 4018 2566 4073 collectionem
2608 4035 2762 4074 suam
2790 4020 2958 4073 auxit.
2999 4018 3076 4073 Ex
3115 4036 3221 4074 una
3262 4021 3472 4074 illarum
3505 4036 3570 4075 ea
3605 4021 3772 4077 ﬂuxit

2193 4110 2398 4179 opinio,
2435 4126 2541 4179 qua
2570 4110 2863 4175 Fabianus,
2891 4120 2947 4165 ut
2974 4110 3214 4165 chrisma
3253 4127 3348 4181 per
3381 4113 3626 4183 singulos
3667 4130 3773 4168 an-

2192 4218 2315 4269 nos,
2343 4212 2523 4258 vetere
2553 4205 2804 4269 incenso,
2831 4204 2887 4258 in
2914 4205 3083 4259 Coena
3118 4204 3332 4262 Domini
3375 4206 3765 4272 conﬁceretur,

2191 4295 2543 4349 constituisse
2574 4295 2834 4348 creditur.
2860 4294 3125 4361 Quocirca
3150 4296 3249 4349 levi
3278 4312 3408 4350 sane
3430 4312 3492 4350 ac
3517 4298 3767 4352 sublesta

2191 4385 2515 4440 auctoritate
2560 4386 2749 4439 nititur
2788 4386 3103 4454 hujusmodi
3151 4386 3354 4455 opinio.
3384 4387 3535 4439 lllam
3575 4401 3763 4442 autem

2191 4477 2526 4547 expendendi
2572 4479 2748 4547 aptior
2785 4478 3003 4533 dabitur
3037 4480 3272 4541 occasio,
3307 4479 3396 4533 ubi
3428 4495 3526 4543 ea,
3564 4480 3620 4533 in
3653 4496 3767 4551 qua

2192 4567 2334 4623 istud
2362 4570 2557 4623 asserit
2582 4568 2840 4636 Isidorus,
2867 4570 3093 4638 epistola
3123 4571 3332 4624 edetur.

2259 4657 2314 4710 2.
2350 4656 2613 4713 Praeterea
2647 4659 2821 4713 eidem
2865 4676 3014 4731 papa:
3040 4661 3094 4714 in
3126 4661 3455 4715 editionibus
3488 4660 3769 4717 Concilio-

2191 4764 2312 4802 rum
2346 4749 2532 4803 decem
2574 4752 2944 4807 attribuuntur
2984 4753 3197 4807 decreta
3225 4769 3254 4807 e
3299 4753 3560 4809 Gratiano
3589 4762 3645 4809 et
3684 4755 3770 4809 al-

2191 4850 2307 4895 tera
2356 4843 2735 4911 compilatione
2784 4845 3028 4910 collecta,
3063 4845 3158 4900 sed
3201 4860 3375 4914 neque
3423 4845 3615 4913 majori
3657 4845 3770 4900 ﬁde

2191 4929 2375 4999 digna.
2412 4929 2477 4984 Et
2505 4932 2699 4986 horum
2743 4933 2964 5002 quidem
3011 4935 3244 5002 primum
3286 4935 3365 4988 sic
3392 4936 3712 4990 enuntiatur
3744 4953 3762 4989 :

2192 5020 2251 5077 Si
2284 5024 2398 5092 quis
2436 5026 2778 5079 contristatus
2819 5027 3043 5080 noluerit
3077 5028 3405 5081 reconciliari
3436 5029 3594 5097 fratri
3640 5047 3767 5097 suo,

2189 5117 2550 5185 satisfacieute
2593 5134 2650 5171 eo
2686 5120 2776 5188 qui
2821 5122 3179 5183 contristarit,
3221 5123 3487 5174 acerrimis
3529 5138 3772 5177 macere-

2192 5212 2276 5257 tur
2336 5206 2564 5273 inediis,
2608 5211 2897 5279 usquedum
2943 5213 3180 5279 gratanti
3221 5213 3395 5263 animo
3430 5212 3770 5280 satisfactio-

2188 5313 2307 5349 nem
2339 5298 2573 5367 recipiat.
2600 5298 2785 5369 Neque
2818 5300 2868 5353 id
2899 5317 2928 5353 a
2962 5301 3223 5355 Gratiano
3256 5311 3463 5356 tantum
3499 5303 3627 5358 dist.
3668 5304 3765 5370 90,

2188 5404 2238 5443 c.
2274 5388 2361 5453 iO,
2394 5390 2485 5443 sed
2518 5400 2572 5444 et
2602 5391 2669 5445 ab
2697 5390 2858 5446 Ivone
2891 5409 3005 5462 par.
3037 5393 3121 5458 15,
3157 5409 3205 5447 c.
3236 5392 3325 5460 60,
3358 5405 3410 5448 et
3441 5394 3769 5451 Burchardo

2189 5480 2263 5533 lib
2308 5498 2361 5545 x,
2387 5498 2435 5536 c.
2464 5483 2552 5548 59,
2586 5484 2773 5537 eodem
2808 5487 3023 5540 nomine
3051 5486 3322 5540 laudatur.
3348 5486 3546 5540 Verum
3574 5490 3765 5554 priora

2187 5574 2306 5643 ejus
2334 5576 2497 5629 verba
2521 5592 2779 5644 expressa
2806 5588 2929 5642 sunt
2953 5592 3017 5631 ex
3048 5577 3233 5631 Basilii
3265 5577 3487 5648 Regula,
3519 5580 3574 5657 in
3600 5582 3766 5649 cujus

2187 5668 2361 5735 capite
2398 5666 2461 5720 7i
2496 5668 2597 5722 ista
2627 5684 2694 5723 ex
2729 5668 3168 5738 interpretatione
3201 5668 3378 5724 Ruﬁni
3407 5672 3765 5740 prtcmittitur

2190 5869 2503 5926 Pammach.
2533 5882 2585 5927 et
2606 5870 2833 5940 Ocean.,
2860 5889 2907 5928 ς.
2936 5874 2986 5927 ι.
3100 5877 3119 5905 ⁸
3145 5873 3305 5943 Cypr.
3334 5873 3385 5927 in
3415 5872 3516 5927 ﬁne
3549 5889 3634 5944 ep.
3662 5871 3755 5927 ω.
