3966 6514
218 448 299 504 18!
1616 451 1936 507 NOTlTlA‘..

3208 446 3408 523 ~res

216 566 439 639 questio':
473 566 607 629 Quid
638 567 687 619 si
731 567 1104 636 satisfaciente
1138 585 1198 623 eo
1244 572 1332 636 qui
1378 575 1731 638 contristaoit,
1762 583 1808 637 Α
1911 572 1963 626 5.
2008 570 2303 626 Gratianus
2345 584 2508 635 xxxv,
2558 578 2750 638 quast.
2793 567 2829 621 2
2859 575 2913 621 et
2950 566 3016 633 5,
3052 581 3098 621 c.
3135 565 3209 632 5,
3250 573 3310 619 ιιι
3335 580 3402 619 ex

216 659 401 712 noluerit
430 657 751 711 reconciliari
782 660 827 711 is
870 660 959 729 qui
995 662 1338 715 contristatus
1379 664 1496 717 est?
1520 663 1596 717 Ex
1630 666 1733 719 alia

215 760 359 802 autem
391 747 607 818 Regula,
636 750 717 802 vel
746 750 812 803 ad
846 750 1200 806 imitationem
1238 752 1454 825 Regulae
1479 757 1731 827 alicujus,

213 839 498 893 architectus
537 840 739 893 decreti
792 841 955 911 hujus
1001 845 1293 912 propositae
1331 847 1617 915 quaestioni
1649 864 1736 904 re-

212 930 509 997 sponsionem
545 932 610 984 de
643 946 744 985 suo
785 933 1035 1001 subjecit.
1073 932 1129 988 ln
1177 936 1455 991 Pachomii
1508 938 1731 1008 Regula,

212 1036 307 1089 cap.
332 1021 409 1081 18,
436 1022 697 1089 legimus:
733 1024 794 1077 Si
840 1026 956 1094 quis
1008 1028 1293 1081 iracundus
1339 1030 1416 1082 uel
1458 1031 1731 1084 tristitiam

210 1112 270 1165 rel
296 1112 523 1164 invidiam
553 1122 687 1166 tenet
714 1124 897 1168 contra
920 1118 1219 1184 proximum
1244 1134 1418 1185 suum,
1446 1128 1499 1172 ut
1532 1130 1731 1188 tempus

210 1205 425 1268 tenuerit,
459 1206 533 1258 ita
582 1207 683 1258 erit
724 1209 1029 1275 pwnitentia
1056 1209 1199 1277 ejus,
1246 1210 1299 1262 in
1328 1226 1459 1280 pune
1488 1222 1537 1266 et
1567 1230 1727 1283 aqua.

206 1295 285 1349 Cui
310 1295 504 1368 Regula:
532 1299 689 1355 aliine
716 1310 798 1356 est
841 1302 1142 1368 decretum,
1184 1306 1329 1374 quod
1366 1306 1455 1361 lvo
1489 1325 1606 1377 par.
1642 1311 1727 1375 15,

207 1386 347 1451 c.16,
392 1405 603 1445 rursum
653 1393 801 1447 velut
834 1409 900 1447 ex
937 1395 1179 1450 Fabiano
1211 1407 1400 1453 nostro
1445 1400 1577 1455 citat
1616 1419 1630 1455 :
1670 1400 1728 1455 Si

206 1479 296 1546 quis
336 1495 429 1533 non
459 1481 569 1534 vult
600 1485 935 1539 reconciliari
961 1487 1119 1555 fratri
1166 1505 1260 1542 suo
1309 1506 1459 1559 quem
1486 1492 1606 1545 odio
1634 1493 1730 1545 ha-

205 1569 282 1634 bet,
310 1572 478 1624 tandiu
510 1574 563 1625 in
590 1590 721 1642 pane
748 1584 797 1629 et
824 1593 961 1647 aqua
993 1579 1275 1647 paeniteat,
1303 1583 1589 1651 usquedum
1648 1600 1728 1636 re-

202 1662 469 1714 concilietur
495 1665 568 1718 ei.

252 1752 295 1806 3.
333 1756 590 1818 Alterum,
624 1759 920 1812 secundum
950 1759 1269 1818 Gratianum
1303 1780 1378 1828 vr,
1411 1775 1603 1834 quaest.
1636 1768 1723 1834 11,

199 1845 384 1911 c.18,et
409 1847 624 1901 lvonem
656 1850 878 1918 par.12,
899 1867 947 1905 c.
976 1852 1064 1919 65,
1098 1855 1151 1908 in
1188 1856 1331 1911 hunc
1347 1858 1568 1913 modum
1598 1876 1727 1929 pro-

1835 662 2075 718 Fabiano
2102 663 2361 718 exscribit
2403 662 2533 716 illud
2565 679 2577 714 :
2610 662 2693 715 De.
2712 663 3036 731 propinquis,
3067 661 3155 731 qui
3191 657 3259 711 ad
3293 659 3403 726 affi-

1835 759 2054 808 nitatem
2076 770 2165 823 per
2192 757 2360 810 virum
2381 765 2428 808 et
2456 771 2667 808 uxorem
2699 757 2927 819 veniunt,
2961 755 3212 820 defuncta
3238 768 3401 807 uxore

1835 845 1910 899 vel
1954 847 2113 910 viro,
2150 847 2203 898 in
2259 847 2443 915 quinta
2496 846 2823 915 generatione
2874 846 3296 915 conjungantur.‘
3345 844 3400 897 in

1832 948 2042 1006 quarta,
2074 940 2120 991 si
2151 939 2345 991 inventi
2391 940 2608 1006 fuerint,
2645 956 2749 992 non
2775 950 3101 1008 separentur.
3133 935 3199 990 In
3241 936 3400 990 tertia

1834 1040 2005 1083 tamen
2032 1031 2422 1100 propinquitate
2459 1048 2560 1085 non
2599 1032 2719 1086 licet
2750 1046 2965 1085 uxorem
3004 1028 3225 1083 alterius
3255 1027 3398 1081 acci-

1832 1138 1951 1190 pere
1997 1132 2111 1189 post
2158 1122 2356 1176 obitum
2402 1124 2536 1192 ejus.
2567 1122 2870 1193 Equaliter
2922 1123 2999 1176 vir
3044 1121 3397 1191 conjungatur

1831 1212 1883 1265 in
1931 1212 2264 1265 matrimonio
2308 1215 2380 1267 eis
2419 1228 2535 1282 quia
2573 1214 2674 1267 sibi
2721 1214 3118 1283 consanguinea:
3166 1223 3311 1278 sunt,
3340 1217 3408 1265 et

1831 1302 2011 1353 uxoris
2040 1319 2152 1356 sua:
2180 1305 2581 1373 consanguineis
2611 1314 2726 1373 post
2773 1314 2991 1357 mortem
3036 1321 3148 1359 sua:
3189 1304 3394 1359 umoris.

1833 1392 2029 1447 Verum
2062 1396 2341 1450 novissimi
2376 1395 2622 1451 Gratiani
2655 1398 2949 1453 editorese
2976 1395 3244 1450 Theodori
3277 1396 3398 1449 Pa:-

1827 1487 2092 1540 nitentiali
2137 1500 2452 1557 excerptum
2509 1490 2727 1545 docent.
2791 1490 2925 1545 Illud
2982 1490 3163 1555 reipsa
3213 1489 3269 1543 in
3330 1504 3392 1543 ea

1828 1577 2214 1634 Poenitentialis
2250 1579 2517 1635 Theodori
2550 1591 2721 1652 parte,
2758 1597 2919 1651 quam
2950 1578 3262 1636 Coislianus
3298 1594 3414 1635 co-

1825 1668 1923 1722 dex
1949 1685 1978 1722 a
2021 1670 2122 1723 700
2154 1672 2311 1725 annis
2345 1683 2600 1727 exoratus
2634 1682 2905 1737 asservat,
2942 1675 3242 1743 reperimus
3291 1673 3413 1726 sul»

1828 1762 1984 1817 titulo
2012 1762 2087 1815 De
2118 1764 2491 1831 quwstionibus
2519 1766 2899 1834 conjugiorum.
2929 1761 3114 1833 Neque
3128 1778 3256 1818 vero
3288 1763 3390 1819 sibi

1827 1851 2375 1921 constatGratiauus,
2409 1856 2607 1924 quippe
2635 1856 2725 1924 qui
2762 1855 2961 1909 ibid.c.
2997 1854 3092 1919 15,
3133 1869 3239 1907 una
3265 1868 3389 1908 cum

198 1933 693 2009 futueruicunque
727 1943 896 1995 sciens
936 1961 989 1997 se
1019 1946 1326 2014 pejeraverit
1365 1950 1716 2021 quadraginta

1825 1941 1985 1997 lvone
2018 1960 2135 2011 par.
2170 1944 2223 2009 9,
2260 1960 2378 2014 cap.
2422 1946 2525 2007 45,
2552 1956 2604 1999 et
2640 1945 2952 2000 Burchardo
2995 1946 3087 2001 lib.
3115 1961 3223 2011 vn,
3253 1960 3303 2000 c.
3338 1944 3391 2009 7,

196 2028 278 2080 dies
291 2030 336 2080 in
353 2047 476 2096 pane
488 2040 542 2084 et
560 2042 770 2102 aqua,et
785 2046 978 2105 septem
996 2049 1259 2109 sequentes
1280 2058 1442 2096 annos
1452 2045 1721 2111 pceniteat;

194 2132 231 2170 tt
253 2137 493 2192 nunquam
526 2126 597 2178 sit
623 2129 731 2180 sine
758 2130 1087 2197 pwnitentia,
1116 2142 1164 2185 et
1198 2123 1465 2203 nunquam
1492 2137 1546 2190 in
1578 2139 1724 2191 testi-

194 2215 386 2266 monium
428 2217 758 2284 recipiatur;
817 2224 1229 2277 communionem
1283 2236 1457 2281 tamen
1506 2231 1723 2299 posthac

193 2306 390 2373 recipiat.
421 2307 521 2362 Cui
572 2326 678 2363 non
722 2312 970 2368 absimile
1000 2322 1083 2370 est
1118 2317 1271 2381 illud,
1315 2321 1459 2390 quod
1511 2321 1713 2377 Gratia-

190 2412 272 2451 nus
299 2415 421 2465 xxu,
453 2413 651 2470 quarst.
685 2403 739 2470 5,
770 2420 817 2458 c.
850 2405 903 2471 4,
941 2405 1179 2475 Gelasio,
1212 2408 1303 2465 lvo
1340 2420 1519 2467 autem
1549 2430 1600 2484 p.
1629 2415 1725 2476 12,

191 2502 227 2541 c.
254 2490 327 2555 66,
357 2500 410 2543 ut
450 2501 504 2547 ct
557 2493 867 2559 Anselmus,
902 2495 1234 2568 Polycarpus
1283 2516 1346 2556 ac
1375 2500 1719 2561 Burchardus

188 2577 363 2653 Pelagio
393 2585 703 2641 attribuunt
734 2607 747 2641 :
782 2587 840 2642 Si
877 2591 994 2659 quis
1026 2608 1079 2644 se
1106 2593 1474 2661 perjuraverit,
1506 2606 1553 2648 et
1585 2596 1719 2651 alios

189 2674 318 2727 sciens
336 2676 385 2729 in
406 2679 701 2747 perjurium
727 2681 961 2747 duxerit,
1005 2685 1356 2754 quadraginta
1380 2688 1490 2741 dies
1517 2690 1720 2757 inpune

186 2776 624 2834 ttaqua,etseptem
649 2784 912 2841 sequentes
929 2790 1093 2827 annos
1115 2776 1432 2842 pamiteat,et
1453 2797 1717 2849 nunquam

186 2857 239 2909 sit
261 2860 697 2928 sinepcenitentia.
722 2863 789 2919 Et
817 2864 914 2917 alii
931 2865 976 2917 si
1002 2868 1200 2921 conscii
1220 2868 1450 2938 fuerunt,
1476 2874 1719 2926 similiter

184 2952 443 3015 patuiteanl.
472 2954 651 3009 Porro
680 2958 794 3012 inec
839 2958 949 3013 duo
978 2960 1193 3015 decreta
1241 2976 1306 3014 ex
1338 2962 1526 3016 eodem
1573 2961 1719 3017 fonte

185 3038 317 3095 liuere
355 3060 458 3098 non
491 3046 648 3116 .lcViS
698 3050 937 3119 suspicio
970 3060 1073 3107 est.
1108 3050 1278 3117 Quem
1330 3068 1459 3107 vero
1511 3052 1715 3109 fontem

185 3129 303 3184 illum
331 3136 634 3204 opinemur,
672 3141 775 3195 nisi
802 3141 1071 3196 Theodori
1098 3142 1504 3198 Cantuariensis
1534 3144 1715 3199 Paeni-

187 3226 467 3333 tentiale,‘ex
496 3247 611 3300 quo
644 3243 696 3286 et
730 3235 868 3302 apud
895 3233 1264 3289 Burchardum
1293 3237 1384 3291 lib.
1414 3252 1514 3303 xu,
1549 3254 1598 3292 c.
1628 3240 1712 3304 11,
1743 3274 1787 3333 ε

185 3324 225 3366 et
241 3319 361 3385 apud
384 3321 607 3376 lvonem
632 3339 687 3393 p.
714 3325 800 3389 12,
827 3344 876 3380 c.
896 3326 983 3389 68,
1020 3327 1069 3380 id
1095 3330 1371 3397 conceptis
1387 3330 1566 3384 verbis
1595 3332 1697 3385 lau-

184 3404 331 3460 datum
346 3409 573 3480 legimus
594 3428 610 3466 z
642 3412 701 3467 Si
730 3416 846 3483 quis
872 3418 1172 3484 suspicatur
1187 3419 1323 3487 quod
1341 3420 1409 3471 ad
1422 3421 1714 3489 perjurium

183 3494 389 3567 ducatur,
404 3512 451 3555 et
480 3512 661 3557 tamen
689 3522 752 3559 ea:
776 3523 1029 3560 consensu
1041 3508 1580 3579 jurat,quadraginta
1602 3511 1712 3564 dies

182 3591 409 3657 ραιιὶιειιι,
442 3604 491 3647 et
519 3612 792 3666 nunquam
823 3599 892 3651 sit
918 3600 1031 3652 sine
1058 3601 1203 3668 gravi
1231 3601 1574 3669 paenitentia?
1600 3605 1715 3658 lmo

182 3686 222 3730 ct
260 3681 322 3745 id,
350 3688 487 3753 quod
522 3704 695 3757 supra
742 3688 964 3744 Fabiani
1017 3693 1245 3747 nomine
1288 3691 1537 3758 refertur,
1570 3694 1711 3763 apud

182 3767 469 3842 Reginonem
496 3780 594 3835 lib.
628 3798 690 3846 ιι,
744 3797 793 3836 c.
843 3784 982 3848 524,
1019 3793 1078 3839 ιιι
1122 3801 1186 3839 ex
1243 3786 1627 3853 Ptznitentiali,
1660 3799 1711 3844 et

180 3867 290 3931 apud
318 3866 426 3924 Jac.
459 3871 699 3928 Petitum
727 3884 860 3930 tom.
890 3875 932 3942 Ι,
964 3893 1087 3947 pag.
1129 3878 1217 3944 72.,
1259 3886 1317 3932 ut
1347 3894 1412 3933 ex
1452 3879 1710 3934 Theodori

182 3953 500 4016 Potnilenliali
551 3964 635 4019 sic
681 3966 1025 4022 decurtatum
1086 3970 1285 4040 legitur
1335 3986 1348 4022 :
1404 3970 1711 4041 Quicunque

178 4051 312 4107 sciens
348 4059 719 4125 perjuraverit,
750 4071 943 4129 septem
990 4078 1153 4115 annos
1186 4064 1453 4132 poeniteat,
1485 4074 1533 4117 et
1560 4075 1709 4133 post-

178 4138 253 4194 hac
294 4150 705 4202 communionem
750 4152 1001 4220 accipiat.
1052 4150 1114 4204 Ei
1160 4162 1338 4207 autem
1392 4155 1573 4223 parti,
1601 4170 1709 4224 qua

177 4234 389 4303 pcrjurus
414 4257 700 4313 nunquam
734 4244 786 4296 in
814 4245 1181 4299 lestimonium
1206 4246 1549 4315 recipiendus
1573 4263 1709 4316 prae-

174 4326 369 4395 cipitur,
421 4335 781 4389 consentiunt
839 4334 1240 4392 Matisconense
1292 4353 1308 4392 ι
1370 4339 1705 4405 concilium,

173 4431 269 4474 can.
306 4423 383 4490 l7,
419 4435 474 4480 et
522 4428 826 4497 capitulare
875 4428 1057 4483 Caroli
1095 4429 1270 4500 Magni
1317 4445 1435 4500 cap.
1469 4431 1537 4485 59
1566 4434 1705 4501 apud

171 4505 321 4566 Baluz.
349 4532 468 4588 pag.
499 4518 629 4585 518,
659 4534 768 4589 quo
792 4529 1014 4574 cavetur
1040 4542 1051 4576 :
1090 4520 1193 4585 Qui
1224 4522 1378 4575 semel
1406 4522 1705 4592 perjuratus

1826 2043 2153 2104 postremam
2184 2037 2382 2091 decreti
2419 2037 2581 2106 hujus
2623 2046 2827 2106 partem
2861 2037 3006 2092 Julio
3038 2053 3188 2107 papae
3219 2038 3391 2092 ascri-

1825 2126 1921 2181 bit.
1958 2126 2032 2181 De
2067 2128 2168 2181 hac
2196 2137 2377 2182 autem
2406 2128 2875 2182 matrimoniorum
2901 2130 3042 2183 circa
3070 2128 3255 2184 afﬁnes
3275 2128 3392 2198 lego

1824 2234 1951 2272 ann.
1997 2218 2155 2282 1216,
2206 2219 2256 2272 in
2293 2219 2521 2273 concilio
2566 2220 2801 2289 generali
2836 2218 3210 2285 Lateranensi,
3242 2220 3389 2289 quod

1825 2310 2033 2366 Decrct.
2066 2311 2306 2381 Gregorii
2336 2310 2427 2377 1X,
2458 2312 2549 2365 lib.
2579 2328 2651 2376 Iv,
2695 2313 2775 2366 tit.
2814 2313 2877 2367 14
2898 2353 2913 2380 ,
2947 2329 2994 2366 c.
3032 2313 3098 2377 8,
3135 2313 3389 2379 refertur,

1824 2405 2135 2473 derogatum
2170 2404 2288 2459 fuit.

1893 2496 1945 2550 6.
1976 2497 2249 2565 Superiori
2276 2497 2494 2551 decreto
2515 2496 2809 2551 Gratianus
2832 2496 3052 2567 subjicit
3074 2496 3216 2551 istud
3245 2497 3390 2551 velut

1823 2588 1887 2642 ad
1926 2588 2175 2642 eumdem
2223 2588 2521 2642 Fabianum
2563 2590 2837 2658 pertinens
2872 2606 2885 2641 :
2916 2588 3019 2654 Qui
3042 2590 3389 2660 propinquam

1821 2681 2094 2749 sanguinis
2139 2698 2353 2735 umorem
2396 2681 2589 2734 ducunt
2617 2691 2665 2733 et
2695 2692 3033 2749 separantur,
3069 2698 3168 2734 non
3214 2681 3388 2736 licebit

1819 2772 1914 2837 eis,
1943 2774 2177 2842 quandiu
2212 2776 2417 2845 utrique
2441 2776 2636 2840 uiuunt,
2664 2773 2800 2826 alias
2831 2790 3017 2828 uxores
3048 2776 3149 2828 sibi
3177 2775 3229 2828 in
3260 2791 3388 2828 con-

1810 2864 1964 2935 jugio
2020 2867 2265 2931 sociare,
2328 2868 2431 2919 nisi
2490 2869 2791 2937 ignorantia
2852 2878 3183 2921 excusentur.
3234 2865 3389 2921 Unde

1819 2957 2087 3026 conjicere
2126 2958 2282 3025 licet,
2312 2974 2377 3012 ex
2424 2973 2489 3013 eo
2539 2959 2656 3028 ipso
2691 2960 2848 3022 libro,
2882 2976 2945 3014 es
2973 2975 3083 3028 quo
3115 2959 3384 3027 superius,

1818 3054 2147 3121 exscriptum
2186 3052 2376 3114 fuisse,
2414 3052 2661 3123 adeoque
2691 3051 2977 3107 Theodoro
3006 3050 3385 3106 Cantuarieusi

1817 3156 1937 3196 esse
1970 3142 2384 3196 restituendum.

1892 3233 1939 3286 7.
1977 3234 2268 3289 Gratianus
2317 3252 2478 3300 xxxv,
2521 3246 2716 3305 quaest.
2751 3234 2804 3299 6,
2834 3250 2881 3289 c.
2924 3235 2945 3287 1
2977 3252 2991 3300 ;
3033 3233 3121 3287 lvo
3158 3248 3272 3302 par.
3327 3233 3382 3295 9,

1818 3340 1867 3379 ο.
1903 3324 1992 3387 57,
2033 3335 2086 3379 et
2113 3325 2460 3381 Burchardus
2506 3327 2599 3381 lib.
2640 3342 2747 3391 vn,
2776 3342 2825 3381 c.
2858 3326 2950 3389 21,
2982 3333 3126 3378 utea:
3156 3321 3383 3376 Fabiani

1817 3416 2063 3481 decretis,
2095 3433 2210 3485 cap.
2255 3419 2308 3482 8,
2356 3417 2405 3471 id
2439 3417 2724 3487 proferunt
2763 3435 2776 3470 :
2824 3415 3250 3485 Consanguineos
3287 3428 3382 3467 επ·-

1817 3517 2117 3561 traneorum
2170 3509 2345 3562 nullus
2396 3519 2625 3573 accuset,
2670 3509 2745 3563 vel
2788 3509 3296 3578 consanguinitatem
3328 3507 3384 3558 in

1814 3601 2010 3670 synodo
2057 3611 2345 3670 computet,
2402 3602 2490 3654 sed
2541 3602 2817 3671 propinqui
2852 3602 2920 3654 ad
2968 3615 3191 3671 quorum
3239 3599 3383 3652 noti-

1816 3694 1945 3746 tiam
1985 3694 2228 3763 pertinet,
2264 3694 2317 3745 id
2345 3703 2420 3747 est
2450 3703 2603 3761 pater
2629 3705 2676 3746 ct
2715 3701 2904 3758 mater,
2939 3706 3090 3744 soror
3116 3698 3166 3743 et
3194 3688 3417 3757 fratcre;

1812 3795 2053 3853 patruus,
2087 3785 2399 3850 avunculus,
2435 3786 2944 3850 amita,matertera,
2978 3793 3026 3837 et
3052 3798 3231 3835 eorum
3258 3797 3382 3850 pro-

1812 3880 2030 3933 creatio.
2064 3877 2123 3931 Si
2174 3887 2351 3930 autem
2390 3878 2659 3946 progenies
2705 3886 2815 3930 tota
2841 3876 3108 3944 defecerit,
3144 3874 3207 3927 ab
3241 3875 3384 3927 anti-

1811 3970 2081 4040 quioribus
2117 3978 2163 4023 et
2210 3970 2584 4037 veracioribus,
2626 3971 2813 4040 quibus
2858 3973 3039 4021 eadem
3076 3969 3381 4038 propinqui-

1813 4074 1894 4117 tas
1924 4074 2049 4118 nota
2078 4074 2177 4130 est,
2222 4066 2489 4135 episcopus
2526 4065 2774 4117 canonice
2806 4064 3107 4132 perquirat;
3139 4071 3186 4115 et
3222 4060 3269 4113 si
3300 4061 3380 4113 in-

1811 4166 1963 4209 venta
2013 4158 2175 4226 fuerit
2221 4158 2621 4229 propinquitas,
2662 4166 2987 4224 separentur.
3038 4152 3191 4219 Quod
3246 4151 3379 4207 satis

1812 4247 2134 4303 inconcinne
2163 4265 2481 4318 expressum
2527 4262 2647 4302 esse
2694 4247 2970 4320 liquctad
3020 4244 3376 4300 imitationem

1810 4338 1945 4409 legis
1983 4338 2038 4404 2,
2086 4339 2167 4393 tit.
2209 4339 2259 4406 7,
2304 4340 2394 4393 lib.
2446 4356 2497 4393 ιιι
2530 4339 2663 4392 (10d.
2691 4336 2793 4391 Th.
2839 4353 2903 4392 ex
2937 4335 3379 4404 interpretatione

1808 4428 2065 4495 Anniani,
2104 4430 2192 4483 ubi
2222 4440 2443 4485 cavetur
2478 4446 2490 4481 :
2532 4430 2597 4482 In
2627 4429 2886 4483 adulterio
2915 4438 3216 4482 extraneum
3258 4442 3377 4480 mu-

1809 4521 1989 4574 lierem
2029 4522 2205 4575 nullus
2260 4532 2513 4587 accuset,
2562 4522 2650 4576 sed
2707 4523 2983 4593 propinqui
3037 4521 3105 4572 ad
3158 4535 3379 4590 quorum

172 4600 318 4666 fuerit,
346 4625 433 4660 nec
458 4611 607 4663 testis
637 4612 708 4664 sit
732 4621 847 4681 post
870 4612 1000 4666 hcec.
1037 4610 1173 4667 Vide
1206 4621 1259 4667 et
1284 4614 1559 4683 vulgatum
1602 4614 1709 4669 Ra-
1740 4618 1781 4672 1)
1811 4622 1987 4666 notam
2027 4616 2283 4683 pertinet,
2315 4615 2409 4667 hoc
2442 4625 2517 4667 est
2556 4616 2721 4683 frater
2750 4629 3050 4684 germanus,
3085 4613 3252 4681 frater
3282 4628 3379 4681 pa-

171 4693 269 4748 bani
298 4698 460 4755 Mauri
497 4704 702 4757 librum
735 4721 794 4758 ιιι
825 4704 900 4759 De
927 4706 1289 4774 paenitentiam
1323 4708 1707 4778 satisfactione,

170 4797 208 4835 c.
236 4786 312 4849 39,
346 4801 397 4843 et
425 4791 712 4864 Halitgarii
745 4796 942 4850 librum
976 4813 1047 4863 ιν,
1077 4813 1126 4852 c.
1157 4797 1247 4851 28.

220 4878 266 4931 4.
296 4879 421 4938 lllud
454 4905 468 4939 :
506 4884 693 4958 Neque
723 4888 955 4957 furiosus
1004 4906 1165 4960 neque
1190 4891 1393 4959 furiosa
1431 4895 1709 4949 matrimo-

168 4970 285 5023 nium
325 4982 629 5033 contrahere
656 4997 873 5050 possunt
898 4998 919 5047 ;
961 4983 1052 5035 sed
1084 4983 1130 5036 si
1172 4993 1501 5037 contractum
1525 4986 1705 5056 fuerit,

165 5075 246 5115 non
283 5082 611 5139 separentur,
646 5074 790 5142 quod
837 5073 1133 5130 Gratianus
1184 5092 1368 5143 χχχιι,
1414 5086 1605 5147 quaest.
1641 5078 1701 5143 7,

165 5164 206 5206 0-
230 5154 318 5223 26;
347 5170 398 5214 et
440 5162 528 5215 Ivc
574 5179 691 5232 par.
724 5164 777 5229 8,
818 5179 867 5219 c.
906 5165 1004 5220 168
1027 5206 1043 5233 ,
1078 5175 1137 5221 ut
1168 5165 1394 5223 Fabiani
1426 5170 1702 5223 decretum

166 5241 371 5309 laudant,
405 5268 435 5304 a
468 5252 751 5324 Reginone
798 5255 892 5309 lib.
930 5272 992 5321 ιι,
1024 5274 1074 5313 c.
1106 5258 1229 5324 129,
1262 5260 1461 5315 rectius
1504 5262 1705 5316 citatur

168 5343 213 5385 ιιι
252 5356 310 5393 ex
354 5342 461 5413 lege
521 5344 786 5400 Romana.
834 5346 932 5403 Est
973 5349 1115 5403 enim
1163 5347 1290 5403 Julii
1325 5349 1477 5405 Pauli
1513 5351 1607 5407 lib.
1644 5371 1702 5421 ιι,

166 5426 229 5481 tit.
257 5431 334 5496 19,
365 5438 636 5492 sententia
673 5441 963 5508 postremis
989 5442 1171 5497 verbis
1207 5443 1450 5499 mutatis.
1483 5443 1589 5499 Pro
1617 5446 1703 5501 his

163 5515 329 5588 qUippe
372 5521 583 5579 Paulus
614 5527 769 5594 dixit,
803 5530 893 5582 sed
933 5540 1262 5584 contractum
1305 5534 1701 5588 matrimonium

164 5602 310 5704 littore
331 5612 707 5683 (postmodum
752 5620 1061 5691 accedente)
1110 5638 1213 5676 non
1266 5623 1503 5690 tollitur;
1555 5627 1698 5697 quod

166 5706 313 5753 minus
360 5706 704 5777 ambiguum.
739 5707 870 5764 Vide
922 5709 1125 5781 Digest.
1177 5713 1272 5768 lib.
1320 5731 1487 5782 xxnt,
1529 5717 1612 5770 tit.
1642 5716 1696 5779 2,

164 5782 245 5885 leg.
273 5792 355 5861 10,
372 5806 427 5852 et
458 5796 678 5855 lvonem
704 5818 824 5872 par.
857 5803 945 5873 15,
967 5821 1025 5863 c.
1053 5805 1121 5862 87
1145 5815 1199 5863 et
1230 5806 1317 5874 88,
1348 5823 1555 5865 necnon
1590 5808 1695 5868 Re-

164 5889 377 5945 ﬁlnonem
409 5889 507 5944 lib.
547 5906 610 5957 ll,
644 5894 839 5953 c.130.
974 5899 987 5915 “

1813 4705 2016 4772 truelis,
2049 4716 2269 4775 patruus
2302 4718 2349 4761 et
2382 4708 2745 4761 consobrinus.

1881 4798 1933 4851 8.
1970 4797 2122 4863 Quod
2173 4797 2463 4852 Gratianus
2517 4800 2582 4853 de
2634 4813 2905 4862 consecr.,
2933 4796 3061 4850 dist.
3094 4795 3150 4860 2,
3186 4810 3235 4849 c.
3268 4793 3333 4845 16
3359 4810 3405 4857 ς,

1808 4886 1899 4942 1ιό
1932 4904 2047 4958 par.
2078 4888 2134 4956 2,
2165 4906 2214 4943 c.
2249 4889 2341 4953 27,
2376 4905 2439 4945 ac
2468 4889 2814 4944 Burcbardus
2846 4889 2937 4941 lib.
2969 4904 3021 4952 ν,
3058 4902 3106 4940 c.
3140 4885 3239 4950 17,
3274 4882 3403 4937 Far

1808 4980 1953 5034 biani
2002 4981 2224 5035 nomine
2260 4981 2333 5034 ita
2381 4980 2653 5034 ederunt:
2702 4978 2768 5032 Ut
2811 4980 2857 5031 si
2896 4994 2996 5030 non
3030 4974 3399 5045 frequentius,,

1805 5069 1884 5124 vel
1940 5080 2017 5124 ter
2053 5071 2177 5124 laici
2229 5072 2459 5123 homines
2517 5072 2899 5124 communicent
2958 5071 3013 5123 in
3062 5084 3231 5133 anno,
3272 5068 3394 5120 nisi.

1806 5163 1943 5232 forte
1996 5164 2112 5233 quis
2164 5162 2454 5231 majoribus
2483 5162 2804 5231 {criminibus
2840 5161 3179 5232 impediatur,
3210 5160 3265 5213 id
3296 5168 3375 5215 est

1806 5255 1861 5307 in
1885 5253 2096 5308 Pascha
2124 5264 2173 5308 et
2208 5256 2511 5307 Pentecoste
2554 5264 2601 5307 et
2643 5253 2835 5307 Natali
2874 5253 3087 5306 Domini
3119 5266 3137 5305 :
3175 5251 3280 5305 hoc
3306 5266 3383 5308 en.

1805 5360 2012 5399 canone
2051 5345 2120 5399 50
2155 5345 2369 5399 concilii
2404 5343 2741 5400 Turonensis
2770 5362 2865 5412 ιιι,
2920 5359 3060 5398 anno
3104 5342 3206 5397 818
3231 5344 3373 5398 cele-

1802 5436 1965 5501 brati,
1992 5437 2058 5490 ad
2085 5437 2258 5490 verba.
2289 5437 2342 5491 id
2387 5446 2486 5500 est,
2512 5438 2850 5506 exscriptum
2893 5435 3013 5490 fuit.
3048 5433 3182 5489 Illud
3207 5449 3374 5504 porro

1802 5530 2253 5597 additamentum,
2286 5531 2357 5583 id.
2377 5540 2455 5585 est
2488 5532 2541 5584 in
2582 5530 2810 5595 Pascha,
2851 5528 3153 5585 Pentecoste
3178 5536 3228 5581 et
3257 5526 3373 5580 Na.

1803 5622 1902 5675 tali
1927 5623 2163 5690 Domini,
2195 5639 2513 5692 expressum
2549 5634 2633 5679 est
2662 5625 2729 5679 ad
2768 5623 3129 5677 imitationem
3152 5619 3370 5676 concilii

1800 5716 2149 5786 Agathensis,
2173 5733 2295 5771 can.
2333 5717 2422 5785 18,
2451 5718 2544 5773 ubi
2568 5719 2824 5772 statuitur
2851 5733 2863 5767 :
2900 5714 3197 5770 Sicculares
3228 5728 3368 5775 vero,

1800 5810 1891 5878 qui
1935 5811 1987 5863 in
2029 5809 2233 5864 Natali.
2268 5810 2519 5878 Domini,
2576 5810 2784 5864 Pascha
2826 5818 2875 5863 et
2925 5808 3228 5862 Pentecoste
3268 5819 3371 5857 non

1800 5903 2607 5975 communicaverunt,Catholici
2637 5920 2737 5959 non
2761 5902 3059 5959 credantur.
3096 5901 3367 5970 lntcgrum
