3966 6498
556 437 660 494 I83

1871 449 1929 504 S.
1971 450 2242 505 FABIANI
2282 450 2481 511 PAPE

3681 461 3771 517 186

553 573 685 614 vero
705 572 768 615 ac
798 559 1021 616 totidem
1050 559 1250 629 verbis,
1280 572 1413 632 quot
1454 563 1584 618 illud
1617 566 1934 629 Gratianus,
1966 566 2056 621 lvo
2085 580 2137 623 et
2164 576 2211 631 Α
2247 570 2511 640 scriptum
2543 582 2645 637 est,
2678 588 2788 627 uno
2828 573 2995 629 verbo
3042 573 3329 629 liberentur
3367 585 3602 647 excepto,
3631 593 3771 648 Cllqu

556 649 904 707 Burchardus
950 650 1213 719 referunt,
1265 669 1294 707 a
1338 654 1617 725 Regiuonc
1660 657 1755 711 lib.
1807 675 1844 719 ι.
1899 675 1949 712 c.
2002 660 2126 724 195,

554 743 806 798 laudatur
839 752 899 797 ut
938 758 1005 797 ex
1037 743 1178 798 libro
1218 761 1257 799 ιι
1282 745 1670 816 Capitularium
1692 789 1707 811 ,
1750 748 1838 802 ubi
1874 758 1927 803 et
1956 760 2131 805 exstat

554 848 603 888 c.
633 832 723 899 45,
750 833 844 887 sed
890 833 1008 888 sine
1050 834 1416 891 additamento
1466 838 1522 891 id
1551 848 1663 903 est,
1703 848 1832 904 etc.,
1856 842 2131 910 quomodo

551 924 782 978 habetur
807 923 861 977 iu
887 925 1119 979 concilio
1147 925 1455 983 Turoneusi
1484 945 1567 983 ιιι.

620 1013 673 1068 9.
706 1011 768 1067 Si
795 1015 912 1083 quis
957 1016 1178 1085 triginta
1213 1019 1389 1072 wtatis
1423 1037 1534 1074 sua:
1569 1037 1672 1074 non
1701 1022 1989 1091 impleverit
2031 1041 2128 1077 an-

548 1121 663 1171 nos,
692 1106 840 1160 nullo
875 1108 1026 1161 modo
1050 1109 1320 1180 presbyter
1348 1112 1641 1179 ordinetur,
1666 1122 1794 1177 etc.,
1819 1115 1960 1183 quod
1984 1116 2126 1184 apud

547 1193 924 1252 Burchardum
962 1199 1058 1253 lib.
1095 1216 1133 1254 tt
1156 1241 1170 1266 ,
1196 1216 1247 1256 c.
1283 1202 1381 1269 10,
1412 1212 1465 1258 et
1496 1206 1715 1259 Ivonem
1748 1221 1803 1276 p.
1844 1206 1911 1271 6,
1945 1224 1994 1263 c.
2018 1208 2121 1273 50,

546 1285 778 1342 Fabiani
812 1290 1034 1345 nomine
1068 1292 1384 1363 insignitur,
1415 1303 1469 1349 et
1491 1296 1650 1366 cujus
1678 1298 1890 1352 initium
1920 1298 2127 1354 Gratia-

547 1391 653 1432 nus
681 1378 807 1432 dist.
850 1377 939 1443 78,
973 1395 1022 1434 c.
1053 1381 1104 1447 1,
1134 1381 1413 1439 Bonifacio
1456 1401 1610 1454 papa:
1660 1388 1902 1449 ascribit,
1941 1404 2124 1445 merus

547 1476 631 1520 est
674 1483 849 1522 canon
896 1470 959 1523 11
997 1469 1452 1531 Νεοοωεπίθηείε
1491 1478 1710 1531 concilii
1754 1495 1820 1532 ex
1859 1479 2123 1550 interpre-

548 1553 751 1610 tatione
798 1555 1015 1612 Martini
1064 1560 1413 1619 Bracarcnsis
1460 1567 1732 1636 episcopi,
1764 1583 1883 1638 cap.
1928 1570 1998 1625 20
2025 1571 2122 1626 de-

548 1646 806 1714 scriptus.

620 1735 706 1789 10.
739 1735 1081 1793 Decernimus
1126 1752 1185 1795 ut
1225 1744 1282 1795 in
1324 1746 1565 1800 omnibus
1610 1747 1902 1807 Dominicis
1941 1754 2121 1807 diebus

549 1822 740 1876 altaris
786 1824 984 1879 oblatio
1031 1827 1094 1880 ab
1143 1832 1385 1886 omnibus
1429 1836 1552 1889 viris
1603 1847 1651 1891 et
1688 1842 1994 1897 mulieribus
2024 1845 2121 1913 ﬁat

505 1903 511 1909 ’
550 1923 658 1964 tant
702 1916 855 1982 panis
902 1932 1059 1986 quam
1098 1920 1225 1987 cini,
1281 1932 1337 1975 ut
1384 1940 1477 1993 per
1524 1928 1618 1981 has
1668 1931 2056 1989 immolationes
2087 1953 2119 1988 a

544 2012 877 2072 peccatorum
929 2025 1145 2064 suorum
1197 2013 1430 2081 fascibus
1466 2017 1770 2087 liberentur,
1814 2038 1881 2078 ex
1910 2040 2121 2081 canone

544 2094 580 2147 ιι
607 2096 820 2151 concilii
848 2096 1259 2160 Matisconensis
1293 2122 1367 2170 ιι,
1404 2122 1549 2164 anno
1574 2111 1677 2167 585
1706 2113 1985 2183 celebrati,
2022 2118 2116 2172 de-

2231 661 2349 716 loco
2376 673 2591 717 careant
2622 664 2911 720 concilium
2949 666 3182 735 przel'ert.
3220 664 3501 735 Perperam
3543 669 3695 740 igitur
3721 673 3771 728 iu

2230 754 2415 809 codice
2438 742 2703 811 librorum
2743 756 2832 823 16,
2861 757 2955 811 lib.
2985 774 3037 824 v,
3077 773 3129 813 c.
3158 758 3209 821 7,
3238 759 3379 828 apud
3420 760 3769 820 Burchardum

2228 845 2324 899 lib.
2357 862 2410 908 v,
2436 861 2487 899 c.
2523 847 2614 910 24,
2647 855 2701 902 et
2723 846 2941 903 Ivonem
2971 864 3026 918 p.
3051 849 3108 916 2,
3144 866 3195 905 e.
3227 850 3330 917 54,
3356 850 3591 909 Fabiano
3622 857 3770 910 ascrio

2227 938 2393 993 bitur.
2418 937 2570 1004 Quod
2609 941 2827 1009 quidem
2862 941 3079 995 Ivoncm
3114 958 3223 995 non
3265 942 3561 999 advertisse
3591 947 3769 1001 mirum

2226 1039 2339 1097 est,
2394 1048 2517 1086 cum
2566 1033 2797 1088 subinde
2842 1030 2962 1103 Cap.
3014 1034 3076 1088 41
3134 1036 3450 1089 eorumdem
3504 1038 3771 1093 verborum

2227 1137 2497 1176 summam
2546 1123 2950 1195 perstringens,
3002 1140 3064 1179 ea
3118 1126 3335 1179 concilii
3382 1125 3773 1185 Matisconensis

2227 1223 2507 1284 agnoscat.

2297 1304 2383 1358 Il.
2424 1302 2547 1357 Non
2579 1313 2658 1359 est
2690 1306 3058 1375 accipiendum
3084 1308 3403 1377 sacriﬁcium
3433 1310 3497 1361 de
3522 1326 3673 1364 manu
3695 1327 3773 1366 sa-

2224 1396 2469 1460 cerdotis,
2503 1397 2593 1466 qui
2620 1400 2882 1451 orationes
2915 1398 2991 1451 vel
3022 1400 3252 1453 actiones
3283 1410 3330 1454 et
3364 1401 3591 1471 reliquas
3616 1402 3776 1457 obser—

2222 1488 2455 1540 vationes
2499 1489 2554 1540 in
2594 1490 2755 1542 missa
2792 1490 3079 1542 secundum
3123 1493 3283 1543 ritum
3326 1494 3538 1562 implere
3573 1510 3667 1547 non
3693 1511 3772 1563 po-

2225 1588 2351 1643 test,
2396 1580 2562 1633 codex
2615 1579 2990 1644 lGlibrorum,
3022 1581 3115 1635 lib.
3161 1600 3213 1647 v,
3249 1599 3297 1638 c.
3341 1585 3404 1649 9;
3449 1585 3777 1641 Burchardus

2222 1669 2317 1723 lib.
2345 1686 2398 1735 v,
2428 1686 2478 1724 c.
2510 1671 2598 1735 '50,
2631 1680 2684 1725 et
2720 1670 2811 1725 Ivo
2848 1689 2901 1743 p.
2928 1674 3015 1739 12,
3042 1691 3089 1729 c.
3123 1676 3217 1742 41,
3256 1676 3495 1731 Fabiano
3528 1679 3775 1745 tribuunt,

2220 1771 2430 1814 aetatem
2451 1770 2629 1815 tamen
2652 1764 2857 1818 redolet
2879 1765 2981 1819 hoc
3006 1782 3142 1837 papa
3166 1769 3544 1823 recentiorem.
3574 1770 3635 1824 Et
3662 1786 3777 1824 vero

2226 1851 2495 1907 Theodori
2517 1853 2926 1912 Cantuariensis
2962 1874 3083 1913 esse
3119 1860 3276 1914 ﬁdem
3303 1862 3429 1916 facit
3458 1873 3609 1917 vetus
3625 1865 3773 1918 codex

2228 1945 2558 2011 Coislianus,
2587 1947 2637 1999 in
2665 1963 2774 2017 quo
2807 1964 2932 2003 cum
2967 1952 3215 2020 pluribus
3246 1955 3365 2009 aliis
3399 1954 3779 2009 Poenitcntt'alis

2223 2035 2463 2102 ejusdem
2495 2037 2887 2108 archiepiscopi
2924 2040 3176 2110 capitulis
3196 2043 3504 2099 exhibetur.

562 2246 3757 2301 ‘—‘_"——————__-—-———-———————_—_—__—

1545 2416 1664 2529 S.
1754 2420 2335 2539 FABIANI
2417 2430 2821 2545 PAPZE

1872 2623 2500 2718 EPISTOL/E

952 2828 1285 2887 EPISTOLA
1327 2832 1538 2887 PRIMA
1567 2836 1701 2903 (ιε).

618 2954 683 2990 ΑΙ)
734 2952 1021 2996 υηινειιεοε
1060 2957 1324 2999 Εεριιεειι
1363 2963 1676 3003 ελτηοιιωξ
1720 2966 2033 3006 MINISTROS.

551 3051 654 3117 Qui
684 3069 785 3106 non
818 3054 1036 3108 debeant
1078 3057 1291 3131 admitti
1329 3059 1441 3127 (13)
1498 3061 1567 3113 ad
1614 3063 2026 3131 excusationem,
2054 3078 2105 3121 et

689 3140 791 3176 non
813 3141 923 3179 esse
952 3130 1445 3182 communicandum
1474 3134 1963 3190 cxcommunicatis.

619 3215 995 3271 Dilectissimis
1028 3218 1229 3288 ubique
1256 3219 1550 3276 Catholicae
1589 3221 1846 3278 Ecclesia:
1872 3226 2104 3279 commi-

546 3306 759 3373 nistris,
792 3306 1059 3367 FABlANUS
1091 3310 1319 3365 salutem
1354 3312 1408 3366 in
1447 3312 1695 3368 Domino.

619 3397 830 3453 Divinis
868 3402 1153 3470 praeceptis
1197 3403 1316 3472 (14)
1348 3412 1402 3458 et
1433 3405 1750 3473 apostolicis
1780 3421 2070 3461 monemur
2095 3410 2113 3439 ⁸

548 3489 833 3554 inStitutie,
859 3501 920 3545 ut
957 3508 1057 3562 pro
1086 3500 1408 3550 cunctal’bm
1442 3496 1804 3553 Ecclesiarum
1830 3508 1974 3553 statu
2012 3499 2115 3554 im-

549 3580 703 3649 pigro
736 3582 1021 3652 vigilemus
1056 3586 1272 3641 allectu.
1307 3584 1461 3642 Unde
1500 3604 1841 3659 consequens
1886 3598 1994 3655 est,
2023 3590 2115 3644 de-

551 3670 680 3725 bere
704 3686 802 3727 vos
838 3673 981 3728 scire
1039 3692 1161 3745 qua:
1188 3678 1329 3747 apud
1360 3677 1660 3733 Romanam
1689 3680 1741 3733 iu
1768 3696 1924 3734 sacro
1949 3696 2120 3751 agun-

550 3773 639 3817 tur
676 3764 784 3819 ritu
813 3764 1136 3831 Eeclesiam,
1164 3779 1225 3822 ut
1246 3769 1370 3837 ejus
1395 3780 1683 3839 sequentes
1708 3772 1975 3840 exempla,
2000 3773 2120 3841 ejus

2146 2855 2188 2908 Β
2220 2846 2435 2917 Septem
2476 2866 2603 2921 ergo
2635 2851 2896 2907 diaconos
2930 2852 3043 2923 (15)
3073 2854 3125 2908 in
3168 2854 3302 2910 urbe
3344 2854 3516 2909 Roma
3571 2871 3663 2927 per
3699 2869 3774 2911 se-

2221 2950 2365 3010 ptem
2420 2944 2674 3012 regiones
2720 2946 2981 3007 civitatis,
3011 2946 3149 3001 sicut
3193 2961 3224 3000 a
3277 2948 3525 3016 patribus
3576 2946 3774 3015 accepi-

2221 3048 2367 3097 mus,
2414 3033 2700 3098 habemus,
2735 3037 2827 3105 qui
2873 3052 2969 3105 per
3014 3038 3258 3106 singulas
3313 3038 3680 3094 hebdomadas
3727 3045 3771 3085 ’τι

2226 3123 2541 3181 Dominicos
2576 3128 2715 3194 dies,
2745 3139 2907 3198 atque
2942 3129 3293 3185 festivitatum
3340 3133 3629 3198 solemnia,
3660 3147 3771 3187 cum

2226 3217 2650 3274 subdiaconibus
2690 3230 2744 3275 et
2793 3222 3080 3292 acolythis,
3113 3238 3177 3277 ac
3225 3224 3544 3293 sequacium
3571 3227 3589 3255 ’
3646 3224 3772 3279 ordi-

2221 3325 2351 3363 num
2380 3310 2665 3377 ministris,
2707 3313 2946 3381 injuncta
2978 3312 3080 3367 sibi
3126 3313 3419 3369 observant
3450 3315 3764 3377 ministeria,

2218 3413 2273 3456 et
2320 3404 2490 3472 parati
2531 3406 2675 3458 omni
2710 3406 2845 3459 hora
2898 3416 3025 3461 sunt
3056 3409 3122 3463 ad
3152 3409 3395 3463 divinum
3445 3409 3702 3471 cilicium,
3726 3414 3772 3459 et

2216 3495 2479 3565 quidquid
2518 3496 2598 3551 eis
2630 3496 2949 3566 injungitur,
2984 3501 3372 3570 peragendum.
3429 3500 3688 3554 Similiter
3727 3508 3771 3551 et

2219 3587 2393 3653 vobis,
2421 3596 2581 3655 prout
2616 3598 2977 3656 opportunum
3025 3590 3208 3655 fuerit,
3237 3607 3332 3660 per
3362 3591 3611 3663 singulas
3660 3590 3771 3644 civi-

2219 3686 2357 3731 tates
2392 3685 2474 3732 est
2518 3677 2844 3741 faciendum,
2876 3689 2933 3733 ut
2977 3681 3219 3736 divinum
3264 3684 3468 3752 absque
3503 3684 3609 3737 ulla
3636 3695 3773 3737 mora

2226 3779 2278 3822 et
2313 3769 2636 3838 negligentia
2686 3771 2928 3826 studiose
2976 3789 3041 3826 ac
3079 3774 3395 3829 solemniler
3435 3784 3630 3845 agatur
3674 3772 3772 3825 olli-

552 3858 661 3911 veri
695 3858 787 3911 lilii
823 3858 1201 3926 inveniamini,
1229 3876 1352 3930 qua:
1384 3872 1563 3916 vestra
1586 3871 1669 3918 est
1699 3872 1870 3917 mater
1911 3874 2122 3919 vocata.
2154 3861 2198 3919 C
2230 3862 2394 3915 cium.
2432 3860 2672 3929 Denique
2714 3870 2917 3930 septem
2964 3864 3216 3918 similiter
3265 3866 3635 3920 subdiaconos
3667 3861 3767 3935 (16)

624 3971 640 4001 ¹
676 3968 733 4025 S.
768 3970 879 4027 Leo
908 3988 994 4043 ep.
1026 3973 1080 4028 4.
1176 3977 1195 4006 ²
1230 3977 1595 4059 sequentium.

623 4112 734 4187 (12)
758 4111 893 4187 _'I‘res
919 4113 1023 4166 illa:
1058 4128 1143 4182 ep.
1197 4116 1492 4187 suppositae
1531 4132 1595 4171 ac
1619 4117 1821 4187 spuria;
1843 4119 1974 4175 viris
2017 4122 2115 4175 do-

551 4186 653 4238 ctis
685 4184 968 4245 habentur,
1009 4194 1061 4237 et
1097 4186 1306 4238 merito.

625 4252 734 4319 (15)
766 4251 838 4303 De
865 4269 1050 4306 errore
1077 4252 1266 4307 Novati
1302 4265 1355 4309 ct
1389 4255 1693 4312 Novatiani.

622 4322 743 4397 (14)-
764 4321 1293 4397 l_)ivinis_prwceptis,
1310 4335 1414 4381 etc.
1441 4325 1565 4380 Hinc
1585 4330 1812 4396 epistola
1830 4329 1951 4382 aliis
1985 4344 2118 4397 spu-

551 4394 658 4458 ria,
692 4391 796 4444 nisi
814 4408 866 4467 _a_
902 4391 1474 4467 quibusdauintemlis
1507 4406 1561 4450 et
1600 4391 1876 4452 erroribus
1911 4391 2109 4467 expur-

553 4473 746 4536 τέρψω
779 4462 901 4515 aliis
947 4479 1052 4536 non
1098 4480 1124 4515 a
1163 4463 1399 4519 Fabiano
1423 4507 1438 4525 .
1469 4468 1559 4520 sed
1597 4470 1778 4536 potius
1803 4484 1832 4522 a
1865 4462 2116 4521 Cornelio

553 4532 750 4605 scripta
794 4548 915 4605 esse
954 4533 1165 4605 videtur
1196 4553 1208 4587 :
1253 4538 1506 4605 eoiquod
1538 4532 1676 4592 inira
1709 4540 1775 4591 de
1812 4537 2019 4591 Novato
2066 4545 2118 4591 et

552 4601 857 4674 Novatiano
906 4602 1293 4674 haacireferat:
1325 4601 1547 4674 Insuper
1586 4617 1635 4661 et
1682 4608 1817 4661 illud
1864 4624 1947 4660 vos
1985 4608 2117 4660 scire

551 4671 931 4747 desideramus,
959 4673 1080 4747 quia
1106 4676 1295 4747 nostris
1320 4651 1657 4744 temp’oribus,
1680 4678 2118 4747 prtepedientibus
2152 4651 2197 4706 Β

552 4741 766 4811 quidem
808 4743 1001 4817 nostris
1040 4745 1287 4817 peccatis,
1312 4741 1562 4801 suadente
1588 4741 1806 4816 antiquo
1827 4749 1975 4801 hoste
1994 4788 2008 4811 ,
2034 4748 2123 4817 qui

552 4827 753 4880 semper
784 4820 841 4863 ut
868 4812 947 4864 leo
986 4814 1192 4878 rugiens
1225 4816 1412 4868 circuit
1466 4812 1887 4880 quaerens—quem
1920 4812 2125 4871 devoret

554 4878 593 4948 (I
629 4880 769 4932 Petr.
804 4896 857 4942 v,
890 4881 964 4947 8),
997 4883 1288 4948 supervenit
1319 4878 1552 4933 Novatus
1583 4898 1644 4932 ea:
1672 4878 1870 4949 Africa,
1901 4888 1947 4931 et
1972 4894 2128 4949 sepa-

550 4950 687 5002 ravit
703 4950 766 5002 de
781 4950 1015 5003 Ecclesia
1038 4950 1225 5005 Christi
1254 4950 1628 5011 Novatianum,
1654 4960 1700 5001 et
1718 4948 1976 5009 quosdam
1998 4948 2129 5001 alios

551 5017 740 5097 Christi
762 5022 1093 5091 confessores,
1119 5030 1165 5073 et
1191 5021 1445 5097 convertit
1478 5021 1531 5072 in
1558 5036 1776 5097 praedm
1812 5018 2125 5097 doctrinam.

551 5086 682 5152 Quae
726 5086 868 5143 sane
897 5100 1184 5168 non_aute_
1215 5090 1448 5168 Cornelii
1493 5086 1763 5168 pontiﬁcis
1800 5087 2127 5168 creationem

553 5159 841 5237 contigisse
863 5199 876 5218 ,
914 5160 1411 5238 testim011i0_bibri
1449 5158 1769 5238 pontiﬁcalis
1799 5166 1854 5211 et
1882 5158 2127 5238 Cypriani

553 5228 685 5307 satis
711 5237 795 5282 est
825 5231 1194 5307 manifestum.
1224 5230 1376 5307 Adde
1412 5230 1554 5307 quod
1581 5228 1866 5307 Pacianus,
1897 5229 2131 5307 epi_st._.5

552 5298 621 5349 ad
655 5298 1129 5379 Sympronianumn,
1162 5299 1607 5379 curn___Novatiani
1648 5298 1929 5379 meminit,
1969 5298 2132 5379 de_iis

554 5381 673 5434 qua:
719 5377 844 5439 ante
874 5368 1057 5421 sedem
1090 5368 1324 5423 Cornelii
1354 5380 1616 5439 gesserat,
1649 5371 1989 5423 commendat
2015 5369 2132 5431 eius

554 5438 877 5512 catholicam
909 5441 1097 5504 Iidem;
1140 5440 1218 5512 sic
1239 5438 1386 5512 enim
1432 5445 1621 5496 scribit
1650 5464 1661 5498 :
1696 5445 1804 5498 Cur
1824 5445 1991 5512 igitur
2012 5443 2123 5496 No-

556 5504 800 5582 vatian-us
850 5516 971 5582 tuus
998 5549 1013 5573 ,
1056 5526 1117 5562 ne
1169 5509 1307 5577 falso
1352 5514 1561 5582 quidem
1608 5516 1777 5567 adhuc
1818 5504 2119 5582 episcopatu

556 5527 800 5556 vuuanus
850 5527 1013 5573 tuus,
1056 5527 1117 5562 ne
1169 5527 1307 5577 Iatso
1390 5527 1561 5565 ument
1608 5527 1777 5567 adhuc
1818 5527 2119 5582 episcopatu

553 5574 822 5651 s_acerdos,
864 5576 1015 5646 longe
1041 5588 1321 5651 antequam
1348 5527 1625 5635 Z'ornelius
1649 5584 1829 5637 Romw
1850 5585 2119 5651 cpiscopus

554 5644 1033 5717 ﬁeretLanter/uunt
1058 5644 1352 5702 sacerdotio
1386 5651 1533 5703 illius
1577 5653 1849 5717 inrideret,
1873 5644 1980 5707 lta'c
2001 5644 2121 5705 suu-

554 5714 671 5765 sit?
707 5714 876 5791 "abes
902 5714 1150 5791 Cypriani
1173 5721 1528 5791 testimonium
1552 5732 1682 5785 ,ctc.
1730 5723 1795 5775 Et
1832 5714 1952 5791 post
1992 5724 2119 5776 reli-

554 5798 661 5851 qua
697 5803 708 5836 :
737 5786 803 5862 .4}
846 5787 979 5862 lianc
1006 5789 1171 5855 ipsam
1197 5790 1437 5843 lucresim
1465 5792 1750 5844 Novatiaui
1784 5786 1993 5862 quando
2020 5809 2119 5845 ca:-

552 5857 782 5920 perunt?
822 5856 1030 5918 Audite,
1078 5876 1286 5927 quazso,
1336 5872 1382 5913 et
1430 5872 1597 5914 tolum
1645 5856 1880 5915 ordinem
1922 5865 2116 5915 erroris

550 5927 707 5976 ventri
748 5928 1020 5981 advertite.
1079 5929 1353 5984 Cornelius
1389 5931 1505 5999 jam
1550 5932 1725 5985 Roma:
1779 5934 2047 5999 episcopus
2087 5951 2117 5984 ll

2198 4114 2484 4168 ‘sexdecim
2526 4108 2776 4177 episcopis
2827 4108 3021 4176 factus,
3048 4109 3215 4161 locum
3250 4108 3514 4161 cathedra:
3555 4107 3775 4161 vacantis

2221 4190 2509 4251 acceperat,
2530 4189 2593 4258 _et
2634 4179 2728 4230 illa
2766 4195 2869 4247 qua
2914 4178 3014 4258 fuit
3047 4178 3301 4258 prtcditus
3335 4179 3658 4258 casti-monia
3681 4178 3772 4258 cir—

2221 4249 2390 4322 gina'li
2436 4252 2643 4322 crebras
2687 4250 3067 4322 persecutiones
3114 4249 3520 4322 nati_._priucipis
3562 4249 3772 4322 sustine-

2222 4317 2330 4377 bat.
2371 4321 2503 4395 [um
2534 4319 2667 4387 forte
2688 4318 2901 4395 quidam
2925 4320 3189 4395 presbyter
3216 4317 3458 4395 Novatus
3492 4335 3559 4371 ex
3582 4318 3772 4395 Africa,

2222 4404 2352 4454 etc.,
2389 4391 2605 4443 Romam
2633 4388 2786 4458 venit,
2829 4398 2932 4442 etc.
2966 4391 3152 4458 Itaque
3180 4389 3249 4441 ob
3283 4388 3422 4442 hanc
3462 4403 3683 4443 causam
3715 4389 3772 4439 li-

2224 4473 2372 4517 ceret
2425 4462 2577 4513 lirma
2624 4457 2935 4524 conjectura
2987 4467 3256 4519 statuere,
3295 4467 3573 4512 auctorem
3629 4458 3781 4525 hujus

2223 4532 2469 4602 epistola:
2497 4528 2809 4602 Cornelium
2846 4530 3025 4597 potius
3051 4546 3211 4602 quam
3245 4527 3555 4602 Fabianum
3584 4528 3773 4587 fuisse,

2223 4598 2325 4657 nisi
2343 4602 2479 4655 infra
2502 4598 2702 4667 mentio
2726 4598 2873 4652 ﬁeret
2898 4608 3097 4667 septem
3121 4600 3601 4661 subdiaconorum,
3628 4610 3773 4666 qpos,

2227 4684 2283 4728 ut
2315 4687 2378 4727 ex
2409 4671 2527 4723 Vita
2562 4666 2799 4735 ejusdem
2830 4666 2969 4736 apud
3004 4668 3222 4721 Librum
3256 4669 3619 4738 pontilicalem
3651 4682 3772 4721 cou-

2227 4754 2353 4806 slal,
2390 4738 2618 4795 notariis
2647 4737 2777 4809 Acta
2819 4746 3115 4809 martyrum
3148 4740 3527 4807 colligenlibus
3568 4748 3620 4792 et
3657 4752 3774 4809 con-

2226 4810 2610 4872 scrihcutibus,
2649 4807 2976 4881 Διε’θλιιὶξιριιε,⁷
3008 4824 3120 4881 non,
3172 4809 3488 4881 Cornelius,
3542 4807 3771 4881 omnium

2226 4881 2489 4938 sententia
2532 4876 2787 4947 przefecit.
2820 4877 3013 4931 Tutius
3059 4880 3219 4945 igitur
3248 4894 3311 4931 ac
3354 4880 3533 4932 verius
3562 4893 3682 4931 esse
3710 4878 3775 4926 vi-

2225 4954 2400 5016 detur,
2442 4948 2693 5018 pranlicta
2732 4949 2797 5000 de
2828 4947 3033 5000 Novato
3080 4961 3132 5000 et
3165 4947 3463 5002 Novatiano
3504 4949 3573 5001 ab
3606 4948 3773 5018 aliquo

2225 5024 2392 5076 sciolo
2424 5017 2795 5095 superaddita”
2820 5018 2987 5095 fuisse
3009 5059 3023 5083 ,
3061 5018 3211 5095 ideo,
3251 5020 3395 5087 quod
3440 5018 3643 5086 putarit
3671 5017 3773 5095 lucc

2226 5094 2383 5145 verba
2414 5090 2559 5142 Libri
2612 5088 2936 5155 pontiﬁcalis
2960 5128 2973 5150 ,
3008 5088 3183 5140 eodem
3230 5100 3454 5157 tempore
3491 5088 3771 5155 supervenit

2226 5161 2466 5215 Novatus
2488 5200 2501 5221 ,
2532 5159 2594 5212 ad
2624 5157 2845 5210 Fabiani
2876 5159 3025 5235 sedis
3053 5159 3341 5225 pontiliciae
3390 5168 3605 5227 tempus
3651 5157 3773 5235 rcita-

2225 5232 2387 5287 renda
2417 5245 2564 5291 esse,
2595 5243 2715 5282 cum
2748 5243 2930 5280 revera
2964 5230 3113 5281 adea
3146 5244 3266 5296 qua:
3317 5240 3508 5282 auctor
3538 5230 3774 5296 proxime

2222 5303 2452 5363 dixerat,
2501 5308 2614 5369 post
2644 5299 2947 5369 passionem
2993 5315 3111 5351 vero
3148 5298 3498 5369 ejustreferri
3531 5298 3771 5350 debeant.

2223 5371 2421 5425 Barou.
2458 5367 2601 5423 anno
2634 5367 2758 5427 258,
2790 5384 2936 5420 num.
2965 5370 2996 5420 9
3019 5378 3073 5421 ct
3099 5385 3249 5437 seqq.
3290 5367 3415 5422 ch.
3456 5369 3571 5421 Bm.

2294 5444 2405 5511 (15)
2436 5440 2639 5515 Septem
2660 5454 2783 5515 ergo
2805 5440 3075 5515 diaconos.
3122 5437 3405 5515 Yitlequzc
3427 5440 3666 5515 diximus
3691 5450 3771 5515 suj

2223 5502 2316 5578 pra
2350 5502 2399 5564 iu
2435 5502 2578 5563 notis
2612 5509 2663 5561 in
2696 5502 2871 5562 Vitam
2898 5509 3210 5574 Clementis,
3242 5502 3497 5575 Evaristi,
3519 5508 3703 5562 Anteri
3726 5512 3773 5558 et

2223 5582 2468 5636 Fabiani.
2496 5580 2570 5631 Io.

2293 5656 2401 5722 (l6)
2430 5651 2658 5722 Denique
2678 5660 2871 5722 septeni
2892 5649 3133 5701 similiter
3154 5650 3522 5722 subdiaconos.
3550 5647 3648 5722 Hic
3670 5644 3764 5698 cols

2222 5720 2406 5790 ligitur
2464 5720 2628 5787 hujus
2685 5720 3253 5790 cpistolaeiaucmrem
3310 5736 3435 5774 esse
3477 5720 3765 5790 Fabianum

2220 5777 2554 5861 pontiﬁcem:
2583 5797 2636 5842 et
2662 5777 2803 5857 quod
2833 5790 2905 5840 illi
2935 5789 3092 5861 ﬁdem
3124 5791 3367 5860 derogat.
3405 5789 3767 5857 surreptitium

2219 5859 2360 5925 esse,
2393 5861 2632 5929 adeoque
2666 5859 3111 5927 expungendum,
3154 5861 3236 5915 vel
3284 5862 3474 5915 saltem
3508 5862 3767 5913 adnotan-

2220 5934 2367 5985 dum.
2411 5929 2483 5983 In.
