3966 6564
266 439 381 497 £85

1707 436 2088 493 ΕΡιδτοιιε.

3417 429 3519 487 186

262 556 649 613 ordinavimus
668 557 709 620 ³,
740 556 834 627 qui
866 565 1073 627 septem
1105 557 1336 614 notariis
1382 558 1752 625 imminerent,
1788 569 1841 614 et
1868 559 1914 617 Δ
1942 557 2033 627 qui
2068 556 2178 611 vult
2219 570 2396 610 omnes
2433 553 2667 609 homines
2699 549 2867 606 salvos
2892 546 3011 618 ﬁeri
3035 554 3087 602 et
3116 544 3372 601 neminem
3427 561 3519 614 pe-

264 660 419 718 gesta
470 656 773 720 martyrum
826 649 1097 703 veraciter
1143 649 1198 703 in
1246 650 1455 721 integre
1508 650 1840 721 colligerent,

264 742 541 809 nobisque
573 740 827 799 rimanda
879 737 1319 817 manifestarent.
1351 741 1506 807 Quod
1537 742 1700 797 etiam
1746 757 1844 797 vos

261 848 459 888 omnes
488 847 649 901 agere
676 847 987 892 monemus.
1022 847 1089 885 ne
1134 830 1189 885 in
1236 842 1515 901 posterum
1566 834 1747 903 aliqua
1777 849 1843 887 ex

261 924 351 977 his
398 923 672 977 dubitatio
728 923 841 986 ﬁat,
899 924 1239 995 quaestioque
1288 924 1531 989 oriatur;
1582 923 1841 992 quoniam

259 1018 445 1068 omnia
472 1032 593 1085 qua:
618 1017 818 1083 scripta
847 1025 988 1080 sunt,
1014 1016 1083 1069 ad
1110 1026 1344 1070 nostram
1382 1016 1681 1069 doctrinam
1705 1018 1830 1070 scri-

258 1119 355 1175 pta
407 1109 592 1162 sum".
625 1107 691 1162 Et
737 1126 859 1178 qua:
910 1110 1113 1164 nostris
1182 1110 1518 1178 temporibus
1574 1109 1841 1162 veraciter

258 1201 612 1266 scribuntur,
663 1201 729 1254 ad
787 1201 1100 1256 futurorum
1150 1202 1457 1256 doctrinam
1511 1201 1837 1272 diriguntur.

257 1290 324 1345 Et
351 1293 478 1346 ideo
523 1291 863 1347 fidelissimis
893 1293 1008 1347 haec
1034 1294 1248 1364 negotia
1278 1294 1545 1349 committi
1584 1294 1838 1363 praecipi-

257 1401 406 1447 mus,
448 1399 519 1438 ne
560 1385 742 1454 aliqua
788 1385 841 1439 in
897 1386 976 1440 eis
1028 1387 1213 1440 illusio
1261 1386 1593 1450 inveniatur,
1626 1401 1692 1439 ex
1727 1402 1835 1455 qua

255 1476 519 1529 ﬁdelibus
568 1476 910 1540 scandalum,
949 1479 1094 1546 quod
1128 1478 1305 1540 absit,
1343 1478 1574 1531 brialur.
1605 1476 1762 1533 Unde
1787 1487 1841 1532 et

254 1569 586 1621 cliaritatem
613 1577 846 1621 vestram
874 1577 1097 1636 paterna
1130 1569 1419 1624 dulcedine
1438 1570 1674 1639 petimus
1706 1570 1749 1635 ⁸,
1781 1579 1841 1624 ιιι

252 1656 306 1709 in
342 1657 577 1711 cunctis
625 1657 876 1712 affectum
916 1667 1111 1713 vestrm
1144 1661 1426 1715 cbaritatis
1452 1670 1639 1716 sancta
1674 1661 1838 1715 modo

251 1746 503 1803 Ecclesia
532 1749 793 1813 inveniat,
828 1758 881 1805 et
907 1749 1113 1807 favoris
1140 1753 1304 1806 vestri
1336 1753 1561 1819 solatiis,
1586 1768 1837 1823 quocun-

249 1855 357 1908 que
389 1854 625 1895 necesse
652 1838 842 1904 fuerit,
870 1842 1131 1911 potiatur.
1168 1842 1236 1897 Et
1265 1844 1405 1900 sicut
1430 1844 1647 1899 bonitas
1669 1844 1835 1899 studii

248 1931 420 1984 vestri
458 1933 530 1986 de
560 1948 619 1987 se
656 1933 811 1988 nobis
850 1935 1228 1989 ccrtitudinem
1276 1936 1499 2005 praebet,
1525 1945 1581 1991 ut
1606 1937 1658 1990 in
1690 1937 1839 1991 nullo

250 2022 509 2077 difﬁdere
573 2024 869 2080 debeamus
908 2026 975 2081 de
1002 2041 1086 2090 ea,
1119 2022 1209 2082 sed
1244 2029 1440 2099 magis,
1473 2038 1532 2083 ut
1579 2029 1839 2099 sapienti-

252 2114 349 2167 bus
389 2114 526 2171 ﬁliis
566 2115 824 2173 Ecclesize
870 2128 1093 2183 nostra,
1148 2119 1266 2174 haec
1319 2120 1651 2176 fiducialiter
1689 2137 1842 2177 eom-

248 2206 620 2274 mendemus;
658 2208 731 2262 ita
779 2210 1102 2278 postpositis
1138 2211 1564 2280 opportunitatis
1594 2214 1841 2268 occasio-

248 2296 436 2362 nibus,
480 2306 663 2351 vestra
706 2298 945 2353 efﬁcacia
970 2299 1255 2355 elaborare
1302 2300 1521 2356 enixius
1548 2302 1728 2368 debet,
1759 2313 1841 2356 at-

249 2404 352 2457 qne
416 2384 605 2443 modis
644 2389 847 2457 quibus
885 2391 1143 2459 possibile
1192 2390 1356 2447 fuerit
1375 2396 1415 2458 ⁸,
1452 2392 1602 2447 omni
1658 2394 1839 2449 studio

249 2482 477 2549 abigere
528 2482 955 2540 contumelias".
993 2482 1291 2539 Hortamur
1323 2485 1489 2540 etiam
1535 2502 1656 2549 vos,
1679 2486 1838 2557 juxta

248 2574 459 2627 dictum
496 2574 764 2642 Apostoli,
802 2574 1017 2630 stabiles
1048 2593 1160 2631 esse
1208 2586 1260 2631 et
1314 2578 1629 2645 immobiles,
1664 2580 1836 2633 abun-

249 2666 434 2717 dantes
464 2665 525 2717 in
555 2681 707 2733 opere
739 2665 952 2719 Domini
982 2684 1204 2736 semper,
1235 2670 1455 2723 scientes
1510 2672 1649 2740 quod
1686 2671 1838 2725 labor

250 2768 418 2810 tester
455 2773 563 2809 non
594 2767 673 2810 est
704 2758 877 2811 inanis
908 2759 962 2811 in
995 2758 1279 2815 Domino".
1311 2759 1377 2814 Et
1405 2761 1531 2815 alibi
1564 2780 1576 2815 :
1612 2760 1837 2831 Vigilate

248 2858 292 2899 et
322 2858 508 2909 orate,
542 2858 593 2900 et
621 2858 757 2903 state
788 2850 840 2902 in
871 2849 992 2918 ﬁde.
1036 2848 1274 2903 Viriliter
1317 2852 1477 2921 agite,
1526 2861 1575 2905 et
1622 2853 1835 2921 confor-

250 2941 465 2993 tamini.
501 2939 696 2995 Omnia
734 2953 902 2996 vestra
932 2944 983 2997 in
1019 2943 1277 2996 cliart'tate
1298 2944 1487 3011 ﬁant“.
1531 2943 1756 3014 Insuper
1780 2954 1835 2999 et

250 3032 373 3085 illud
409 3048 518 3086 vos
562 3034 702 3088 scire
732 3034 1105 3089 desideramus
1132 3034 1266 3104 (l7),
1301 3037 1425 3105 quia
1459 3040 1660 3090 nostris
1692 3046 1829 3090 teni-

249 3112 480 3192 poribus
510 3125 553 3154 ¹⁰
590 3125 1043 3193 przrpedientibus
1074 3126 1290 3195 quidem
1324 3128 1525 3181 nostris
1572 3128 1828 3196 peccatis,

1949 651 2053 703 rire
2083 650 2219 716 “‘“,
2283 663 2383 704 sua
2442 645 2645 717 ingenti
2697 638 3093 712 omnipotentia
3123 637 3321 692 reverti
3351 635 3519 692 faciat

1945 738 2110 793 corda
2161 753 2351 792 eorum
2390 736 2458 790 ad
2488 749 2678 791 sanam
2729 732 3037 787 doctrinam
3095 737 3150 782 et
3188 726 3516 782 catholicam

1945 831 2189 894 ﬁdem“,
2240 838 2509 899 quatenus
2567 827 2882 895 resipiscam
2926 840 2957 876 a
2995 821 3195 875 diaboli
3231 819 3429 891 laqueis
3447 819 3518 887 “,

1944 924 2146 993 quibus
2184 922 2331 993 capti
2365 930 2639 985 tenentur,
2669 929 2723 973 et
2762 924 3121 988 aggregentur
3154 914 3281 969 ﬁliis
3322 908 3515 966 matris

1945 1015 2221 1069 Ecclesiae.
2265 1012 2699 1067 Reminiscentes
2748 1023 2969 1079 quoque
3021 1006 3252 1061 fratrum
3303 1011 3516 1059 vestro-

1943 1124 2088 1174 rum,
2121 1106 2456 1163 miseremini
2511 1106 2750 1169 illorum,
2805 1104 3007 1171 quibus
3061 1099 3287 1170 potestis
3350 1096 3514 1153 bonis

1944 1200 2139 1255 studiis
2166 1199 2384 1261 vestris,
2410 1212 2479 1251 ne
2538 1196 2854 1266 perdantur,
2892 1194 2984 1247 sed
3050 1199 3108 1245 ut
3158 1188 3415 1259 precibus
3457 1194 3518 1243 et

1942 1294 2064 1349 aliis
2109 1292 2371 1347 bonitatis
2404 1299 2599 1345 vestra:
2640 1288 2837 1343 studiis
2884 1285 3117 1340 Domino
3143 1283 3183 1315 “
3210 1283 3512 1337 salventur.

1941 1386 2018 1442 lta
2064 1403 2192 1457 ergo
2242 1388 2296 1439 in
2348 1385 2433 1439 his
2476 1384 2638 1453 agite,
2670 1389 2730 1436 ut
2759 1380 3076 1435 obedientes
3117 1376 3209 1430 ﬁlii
3236 1383 3290 1429 et
3329 1374 3515 1428 ﬁdeles

1940 1492 2145 1535 sanctae
2192 1479 2287 1533 Dei
2336 1478 2593 1532 Ecclesia:
2648 1473 2973 1545 appareatis,
3040 1480 3093 1525 ct
3135 1476 3194 1523 ut
3244 1467 3515 1521 mercedis

1938 1574 2159 1644 praemia
2190 1570 2522 1641 percipiatis.
2570 1568 2657 1635 lli,
2686 1576 2739 1622 et
2782 1580 2973 1621 omnes
3016 1562 3111 1632 qui
3154 1569 3359 1615 rectam
3400 1574 3510 1612 non

1940 1664 2137 1717 docent
2177 1662 2507 1725 doctrinam,
2554 1659 2638 1713 vel
2696 1664 2904 1711 rectam
2963 1668 3073 1707 non
3097 1658 3283 1705 tenent
3327 1647 3511 1711 ﬁdem,

1939 1763 2285 1808 accusatores
2348 1752 2621 1806 neminem
2664 1757 2812 1804 recte
2862 1744 3198 1801 credentium
3254 1756 3514 1795 accusare

1940 1853 2191 1914 possunt,
2228 1845 2355 1913 quia
2382 1843 2605 1898 infamia
2635 1849 2762 1897 sunt
2799 1837 2992 1899 notati,
3020 1846 3075 1890 et
3104 1851 3133 1889 a
3159 1835 3282 1889 sinu
3310 1842 3514 1889 sancta:

1870 1901 2128 1992 Bmatris
2172 1935 2450 2002 Ecclesiae,
2509 1933 2814 2005 apostolico
2874 1944 3158 1991 mucrone,
3213 1940 3388 1996 usque
3441 1925 3512 1981 ad

1940 2038 2142 2081 rectam
2184 2024 2654 2080 conversationem
2692 2032 2746 2078 ει
2775 2021 3143 2077 reversionem
3188 2035 3381 2073 eorum
3411 2018 3513 2074 ab-

1940 2119 2120 2174 scissi.
2154 2117 2308 2172 Unde
2337 2117 2633 2186 apostolica
2662 2114 3006 2177 auctoritate,
3068 2128 3194 2167 cum
3254 2111 3512 2167 omnibus

1938 2211 2182 2282 ejusdem
2227 2210 2540 2281 apostolicae
2563 2219 2727 2279 atque
2754 2206 3083 2263 universalis
3102 2205 3359 2264 Ecclesia:
3385 2205 3512 2261 ﬁliis

1940 2312 2239 2359 statuentes
2265 2303 2564 2368 sancimus,
2592 2310 2651 2356 ut
2675 2316 2865 2357 omnes
2891 2304 2984 2372 qui
3021 2302 3075 2355 in
3110 2301 3378 2356 catholica
3404 2300 3511 2363 ﬁde

1939 2398 2178 2467 suspecti
2208 2405 2339 2452 sunt
2371 2396 2426 2449 in
2468 2395 2824 2449 accusatione
2853 2408 2998 2449 recte
3032 2395 3369 2450 credentium
3398 2406 3507 2445 non

1939 2488 2337 2558 suscipiantur;
2384 2486 2510 2556 quia
2555 2484 2898 2556 suspiciones
2947 2500 3163 2555 semper
3189 2492 3319 2538 sunt
3351 2495 3508 2535 amo-

1938 2580 2189 2635 vendee“.
2205 2578 2399 2633 Merito
2415 2593 2543 2648 ergo
2556 2592 2747 2633 eorum
2771 2577 3096 2646 reprobatur
3119 2575 3399 2631 accusatio
3413 2572 3509 2643 qui

1938 2674 1994 2727 in
2044 2681 2193 2727 recta
2242 2670 2347 2725 ﬁde
2391 2671 2629 2739 suspecti
2670 2669 2880 2726 sunt“.
2915 2668 3025 2723 Nec
3057 2668 3137 2722 eis
3164 2667 3390 2721 omnino
3423 2680 3509 2721 ρει

1935 2764 2291 2831 credendum,
2321 2762 2415 2833 qui
2447 2762 2733 2817 Trinitatis
2758 2761 2918 2816 ﬁdem
2946 2762 3221 2833 ignorant.
3244 2758 3509 2813 Similiter

1935 2857 2351 2926 omnes",quos
2370 2862 2686 2909 sanctorum
2704 2851 2927 2906 Patrum
2971 2860 3172 2907 statuta
3218 2860 3329 2905 tam
3372 2865 3509 2919 prae-

1935 2951 2112 3005 teritis
2128 2964 2291 3020 quam
2312 2947 2509 3002 futuris
2526 2945 2863 3016 temporibus
2880 2945 3361 3012 anathematizant,
3379 2944 3509 2999 sub~

1935 3058 2218 3097 movemus
2235 3048 2286 3096 et
2301 3042 2367 3095 ab
2393 3040 2539 3094 omni
2557 3039 2901 3093 accusatione
2921 3036 3160 3091 ﬁdelium
3183 3037 3503 3099 alienamus.

1933 3132 2161 3188 Discreti
2177 3147 2304 3202 ergo
2318 3147 2531 3201 semper
2546 3129 2743 3183 debent
2757 3144 2877 3183 esse
2895 3126 3078 3182 fideles
3090 3128 3159 3181 ab
3178 3126 3374 3180 infideli
3385 3127 3505 3193 bus,

250 3216 519 3270 s-aziente
548 3217 774 3285 antiquo
814 3217 990 3281 hoste,
1030 3217 1124 3288 qui
1172 3234 1386 3287 semper
1424 3228 1482 3271 ut
1516 3218 1594 3270 leo
1620 3220 1826 3289 rugiens

1933 3225 2129 3294 etjusti
2149 3224 2473 3293 abinjustis;
2495 3222 2749 3292 quoniam
2771 3220 3011 3275 inﬁdeles
3027 3229 3077 3273 et
3096 3219 3365 3284 malevoli,
3390 3233 3505 3272 mo-

247 3308 435 3359 circuit
461 3309 530 3369 ¹¹,
567 3324 809 3376 quaerens
858 3325 1009 3378 quem
1048 3307 1274 3372 devoret,
1307 3312 1619 3379 supervenit
1647 3309 1824 3365 Nova-

248 3409 328 3451 tus
354 3414 421 3453 ex
449 3397 665 3466 Africa,
689 3408 740 3453 et
770 3401 1040 3469 separavit
1066 3402 1131 3455 de
1156 3399 1393 3455 Ecclesia
1415 3402 1697 3456 Christi‘"
1719 3402 1827 3457 No-

246 3491 534 3544 vatianum
590 3500 643 3544 et
673 3494 942 3560 quosdam
976 3492 1111 3545 alios
1145 3492 1347 3546 (lbi-isti
1378 3491 1743 3555 confessores,
1773 3504 1828 3549 et

249 3584 522 3637 convertit
557 3584 612 3637 in
661 3599 882 3653 pravam
912 3583 1240 3637 doctrinam.
1275 3584 1320 3636 Α
1348 3585 1547 3653 quibus
1575 3600 1690 3646 vos.
1716 3584 1828 3639 fra-

248 3686 371 3743 tres,
410 3677 672 3744 avertite,
723 3685 777 3730 et
812 3686 999 3731 cavete
1041 3676 1111 3730 ab
1148 3677 1406 3731 omnibus
1456 3676 1552 3747 qui
1600 3677 1823 3732 alteram

248 3768 399 3822 ﬁdem
430 3777 490 3822 et
528 3769 836 3823 doctrinam
867 3777 1070 3835 tenent,
1099 3784 1263 3839 quam
1309 3769 1540 3839 apostoli
1594 3779 1647 3824 et
1701 3785 1826 3825 suc-

243 3874 497 3915 οιιεςοτρε
546 3875 739 3913 eorum
796 3869 1089 3930 tenuerunt
1116 3871 1170 3915 et
1203 3861 1527 3925 docuerunt,
1559 3878 1645 3926 ne,
1682 3864 1825 3931 quod

251 3955 404 4020 absit,
440 3964 571 4023 post
613 3969 739 4007 eum
794 3955 1077 4019 abeuntes,
1109 3953 1161 4007 in
1199 3954 1451 4023 laqueum
1485 3954 1698 4009 Satanae
1735 3973 1825 4011 ca—

253 4048 408 4111 datis,
448 4056 505 4100 et
563 4046 917 4115 compedibus
960 4049 1081 4117 ejus
1133 4047 1509 4101 detineamini.
1546 4047 1637 4078 ““
1670 4046 1824 4103 Unde

247 4137 611 4192 fraternitatis
641 4146 838 4192 vestrae
859 4140 1183 4193 charitatem
1215 4139 1426 4192 intimis
1459 4140 1820 4195 obsecramus

248 4231 602 4297 precibus,ut
630 4240 834 4285 nostra:
865 4231 1150 4300 parvitatis
1180 4231 1235 4285 in
1266 4231 1464 4286 vestris
1494 4232 1668 4286 sacris
1698 4247 1823 4285 ora-

247 4323 485 4377 tionibus
532 4337 805 4376 memores
856 4338 978 4376 esse
1035 4323 1357 4393 dignemini,
1393 4333 1615 4379 orantes
1644 4340 1708 4379 ac
1730 4324 1821 4379 de-

246 4423 531 4481 precantes
568 4414 856 4468 Dominum
886 4413 1031 4480 cmli,
1062 4424 1119 4468 ut
1154 4424 1260 4468 tam
1299 4431 1399 4469 nos
1430 4431 1593 4485 quam
1628 4426 1820 4471 sancta

248 4518 411 4563 mater
469 4507 716 4562 Ecclesia
772 4507 977 4563 Christi
1031 4509 1271 4577 pretioso
1300 4510 1567 4579 sanguine
1598 4512 1820 4566 redem-

1935 3319 2020 3375 dis
2055 3319 2255 3388 quibus
2289 3324 2536 3387 possunt,
2569 3330 2783 3383 semper
2814 3313 3074 3368 infestant
3099 3312 3284 3366 ﬁdeles
3303 3320 3357 3365 et
3386 3328 3508 3381 per-

1928 3412 2054 3468 dere
2072 3412 2337 3475 nituntur;
2357 3419 2409 3464 et
2433 3410 2554 3462 ideo
2574 3423 2679 3461 non
2704 3416 2830 3462 sunt
2860 3405 3311 3477 suscipiendi,sed
3329 3405 3507 3475 repel-

1928 3502 2149 3567 lendi,ct
2175 3501 2361 3572 procul
2383 3499 2696 3569 abjiciendi,
2725 3514 2792 3553 ne
2815 3498 3041 3568 perdere
3060 3497 3243 3552 fideles
3256 3504 3350 3550 aut
3367 3494 3507 3549 infa-

1930 3609 2079 3648 mare
2107 3592 2710 3662 possint.Quapropter,
2735 3589 3068 3655 cliarissiini,
3096 3596 3284 3643 cavete
3311 3587 3503 3641 talium

1927 3685 2221 3749 foveam,in
2235 3701 2399 3751 quam
2421 3685 2620 3739 multos
2637 3682 2903 3738 cecidisse
2920 3679 3505 3751 cognovimusﬁavete

1929 3781 2117 3834 talium
2141 3778 2323 3848 jacula
2356 3779 2420 3843 “',
2461 3787 2517 3832 et
2561 3777 2775 3847 antiqui
2807 3777 2982 3830 liostis
3009 3783 3368 3841 tentamenta,
3409 3788 3503 3842 per

1929 3888 2051 3943 quae
2096 3873 2258 3927 etiam
2290 3871 2542 3941 proprios
2575 3870 2911 3939 propinquos
2953 3882 3135 3921 coram
3173 3866 3330 3920 nobis
3376 3865 3501 3919 vul-

1927 3969 2148 4016 neratos
2202 3960 2397 4014 cadere
2452 3960 2710 4013 vidimus.
2778 3957 3053 4012 Attenditc
3116 3957 3341 4025 laqueos
3369 3954 3505 4009 insi-

1924 4053 2214 4115 diantium,
2257 4051 2457 4120 quibus
2508 4059 2667 4103 notos
2715 4056 2767 4104 et
2800 4048 3198 4103 commilitones
3249 4054 3503 4115 strangu-

1925 4143 2039 4196 lare
2089 4142 2285 4196 solent.
2321 4138 2498 4194 Nolite
2536 4138 2669 4193 tales
2712 4138 2887 4207 sequi,
2936 4137 3031 4192 sed
3090 4135 3280 4205 procul
3322 4135 3504 4204 repel--

1926 4235 2016 4288 lite
2046 4250 2159 4287 eos.
2214 4232 2417 4299 Estote,
2448 4232 2604 4301 juxta
2657 4228 2916 4284 Veritatis
2955 4243 3168 4291 vocem,
3217 4227 3500 4296 prudentes

1924 4339 1979 4379 ut
2008 4335 2300 4395 serpentes,
2328 4334 2378 4378 et
2409 4314 2675 4394 simplices
2715 4333 2775 4376 ut
2807 4320 3062 4375 columbae
3086 4322 3149 4375 ’9.
3185 4318 3404 4383 Videte,
3434 4333 3502 4373 ne

1926 4420 1978 4472 in
2011 4434 2242 4473 vacuum
2277 4434 2495 4488 quoque
2517 4417 2774 4482 curratis,
2800 4424 2895 4469 aut
2920 4413 3198 4479 laboretis,
3217 4412 3310 4467 sed
3334 4412 3500 4465 alter-

1929 4519 2177 4563 utrorum
2230 4508 2349 4562 fulti
2404 4509 2659 4578 precibus
2691 4517 2745 4562 et
2772 4506 3135 4569 orationibus,
3163 4505 3499 4559 voluntatem

249 4608 351 4667 pta,
382 4617 412 4653 a
448 4601 666 4669 laqueis
689 4600 939 4654 venantis
965 4598 1201 4666 Satanar,
1239 4608 1293 4655 et
1315 4600 1383 4653 ab
1414 4601 1740 4669 importunis
1768 4612 1821 4657 et
1852 4584 1897 4642 Ῑ)
1928 4598 2017 4654 Dei
2051 4598 2229 4654 facere
2275 4599 2607 4664 contendite,
2637 4608 2691 4653 et
2735 4614 2766 4653 a
2813 4597 3156 4661 memoratis,
3191 4596 3238 4650 si
3267 4593 3500 4649 incorri-

250 4694 396 4746 malis
444 4693 764 4747 hominibus
802 4691 1085 4755 liberetur,
1114 4701 1167 4746 et
1215 4708 1395 4747 sermo
1427 4692 1520 4746 Dei
1551 4704 1737 4748 currat
1767 4704 1820 4749 et

249 4784 597 4849 clariﬁcetur,
624 4793 677 4838 et
721 4800 888 4852 prava
922 4799 1113 4838 eorum
1167 4793 1221 4838 et
1277 4786 1520 4838 omnium
1564 4802 1819 4856 perversa

250 4874 559 4929 docentium
597 4884 820 4929 corruat
848 4874 1099 4928 doctrina
1141 4883 1305 4943 atque
1344 4876 1577 4930 deficiat.
1624 4877 1819 4932 Preca-

249 4980 362 5017 mur
387 4968 579 5029 etiam,
618 4975 678 5018 ut
720 4965 937 5034 pietatis
978 4974 1173 5018 vestra:
1220 4964 1478 5033 precibus
1522 4966 1817 5035 impetrare

249 5058 526 5124 studentis,
559 5066 620 5111 ut
648 5056 786 5111 Deus
816 5065 865 5111 et
901 5056 1155 5109 Dominus
1182 5056 1522 5111 nosterlesus
1548 5057 1812 5128 Christus,

318 5201 338 5231 ⁸
371 5198 511 5255 Vide
544 5198 916 5254 Pontificalcm
950 5198 1148 5252 librum
1182 5198 1235 5251 in
1269 5197 1530 5253 Clemente
1556 5209 1610 5255 et
1638 5203 1852 5259 Antero.

1750 5275 1817 5326 ⁸1

1663 5344 1727 5374 ¹¹⁹
1762 5343 1828 5397 ΙΙ(

1933 5291 1985 5330 ιν.
2024 5293 2112 5337 xv.
2149 5275 2236 5329 58.
2317 5275 2385 5326 ⁹Ι
2430 5275 2557 5326 Cor.
2602 5288 2711 5334 XVI,
2749 5275 2836 5337 15,
2870 5275 2965 5335 M;
2999 5275 3189 5324 Matth.
3222 5284 3368 5333 xxvr,
3404 5275 3493 5321 41.

1933 5347 2035 5399 sub
2098 5346 2351 5398 Cornelio
2409 5343 2637 5410 contigit
2688 5340 2943 5395 defuncto
2988 5342 3101 5410 jam
3152 5339 3500 5410 Fabiano,ut

1022 5270 1041 5301 ⁷
1064 5285 1223 5335 agere
1262 5272 1620 5326 contendatis.

248 5268 400 5342 Greg.
430 5286 519 5340 ep.
548 5270 638 5333 95,
688 5270 782 5322 lib.
813 5285 907 5342 vn.

1088 5341 1129 5371 “
1169 5339 1185 5391 Ι
1219 5338 1364 5393 Petr.
1400 5357 1451 5405 v,
1490 5340 1540 5393 8.

249 5342 288 5412 ’9
316 5339 477 5412 Gi‘eg.
509 5342 605 5412 lib.
648 5356 747 5412 xu,
776 5355 858 5407 ep.
891 5339 978 5412 32.

246 5409 490 5481 pluribus
539 5410 934 5481 Baroniushail
966 5426 1055 5464 an.
1087 5409 1214 5473 258,
1250 5427 1305 5463 n.
1336 5410 1388 5464 9.

256 5478 294 5512 δ’
317 5482 355 5535 ll
384 5481 532 5536 Petr.
565 5498 651 5535 ιιι.
750 5479 793 5509 ¹³
818 5478 860 5533 ll
889 5479 1027 5533 Tim.
1061 5496 1121 5545 ιι,
1160 5480 1251 5534 26.
1349 5480 1394 5512 ’⁸
1417 5482 1662 5537 omnino.

283 5554 459 5606 tendi:
487 5553 641 5607 itain
667 5548 801 5604 Luc.
881 5550 926 5581 “
954 5552 1178 5604 Adrian.
1213 5551 1335 5604 coll.
1364 5568 1412 5606 c.
1446 5552 1498 5604 4.
1576 5554 1615 5584 ’⁷

250 5567 421 5675 prendi
447 5572 459 5606 :
487 5567 563 5607 ita
588 5568 641 5605 In
667 5567 801 5604 LUC.
883 5567 926 5581 η
954 5567 1178 5604 Adrian.
1213 5567 1335 5604 con.
1364 5568 1412 5606 c.
1446 5567 1498 5604 ιι.
1578 5567 1612 5584 ιο
1657 5571 1711 5623 q.
1742 5579 1752 5599 ι

286 5639 345 5678 us
393 5625 572 5677 modis
595 5621 937 5691 interpolata.
1016 5623 1059 5653 ¹⁹
1084 5620 1271 5676 Matth.
1304 5638 1358 5685 κ,
1389 5622 1454 5675 16
1481 5639 1495 5689 ;
1527 5622 1664 5678 Phil.
1695 5642 1752 5679 ιι.

317 5736 426 5809 (l7)
468 5736 695 5806 Insuper
736 5748 786 5791 et
828 5738 963 5791 illud
995 5754 1078 5793 vos
1120 5745 1253 5793 scire
1282 5740 1655 5794 desideramus.
1692 5740 1815 5796 ll:ec

254 5803 450 5877 integra
480 5803 734 5877 periodus
764 5810 1077 5879 snrreptitia
1120 5820 1224 5875 est,
1266 5820 1319 5863 et
1345 5810 1412 5864 ab
1438 5811 1618 5880 aliquo
1641 5813 1810 5865 sciolo

256 5881 611 5949 Superaddita,
639 5880 1089 5949 quiexistimavit
1116 5896 1177 5934 ea
1200 5896 1321 5949 qua:
1357 5884 1407 5933 in
1440 5881 1555 5934 Vita
1587 5881 1809 5935 Fabiani

256 5948 314 6000 de
372 5946 578 6002 Novato
624 5946 675 6003 et
717 5948 1011 6004 Novatiano
1065 5946 1417 6017 scribuntur,
1475 5952 1810 6017 temporibus

1498 5412 1585 5483 υἷ’
1619 5414 1675 5466 S.
1712 5413 1973 5469 Bonifacii
2000 5416 2065 5469 A.
2101 5414 2242 5483 Mog.
2276 5431 2362 5483 ep.
2394 5414 2447 5477 6,
2480 5429 2643 5482 quam
2676 5412 2918 5467 (20115111οο

1777 5485 1819 5515 ”
1851 5486 2098 5555 Suspecti
2150 5480 2341 5539 omnes
2385 5480 2602 5552 semper
2645 5493 2773 5555 sunt
2797 5480 3098 5555 amovendi
3123 5489 3177 5535 et
3206 5495 3314 5555 non
3353 5481 3495 5555 reci-

1657 5571 1711 5623 q.
1742 5555 1775 5609 4
1817 5556 2065 5609 :Omnes
2102 5571 2240 5625 quos
2277 5565 2611 5609 sanctorum.

1859 5626 1952 5679 "l
1992 5629 2117 5681 Cor.
2150 5642 2202 5692 v,
2232 5626 2317 5681 ll.

1925 4692 2119 4762 gihiles
2145 4693 2519 4762 apparuerint,
2550 4708 2649 4747 vos
2692 4693 2748 4746 in
2792 4691 3051 4747 omnibus
3095 4699 3366 4759 separate.
3414 4686 3499 4741 Si-

1924 4790 2128 4844 militer
2178 4789 2247 4843 ab
2300 4790 2555 4843 omnibus
2597 4803 2737 4857 quos
2779 4787 3072 4857 Apostolus
3107 4791 3498 4840 commemorat

1934 4881 2120 4935 dicens
2148 4896 2161 4932 :
2194 4879 2328 4935 Cum
2354 4881 2429 4934 eis
2475 4896 2565 4933 nec
2595 4879 2767 4932 cibum
2808 4894 3009 4931 sumere
3035 4876 3109 4943 ²⁰;
3145 4874 3272 4944 quia
3295 4884 3346 4928 et
3378 4872 3453 4927 illi
3479 4913 3495 4938 ,

1938 4972 2080 5026 sicut
2106 4979 2159 5025 et
2181 4971 2291 5037 isti,
2340 4980 2469 5026 sunt
2502 4969 2790 5040 repellendi
2814 4971 2855 4999 ”
2876 5008 2891 5032 ,
2923 4976 2975 5022 et
3003 4976 3128 5020 ante
3165 4964 3497 5020 satisfactio-

1927 5079 2050 5119 nem
2080 5062 2334 5119 Ecclesiae
2386 5079 2492 5117 non
2532 5070 2660 5117 sunt
2699 5059 3065 5129 suscipiendi;
3099 5056 3357 5127 quoniam
3396 5055 3497 5121 illi,

1964 5205 1985 5237 ‘
2018 5203 2175 5258 Rom.
2204 5220 2293 5270 xv,
2328 5204 2381 5257 4.
2481 5204 2501 5233 ⁵
2539 5201 2595 5255 S.
2630 5201 2792 5270 Greg.
2822 5215 2907 5269 ep.
2938 5198 3145 5270 21,]ib.
3182 5214 3280 5251 vn.
3380 5194 3494 5270 °_S.

2317 5273 2385 5326 ⁹Ι
2430 5273 2557 5326 Cor.
2602 5288 2711 5334 xw,
2740 5262 2965 5337 13,-”;
2999 5269 3189 5324 Matth.
3222 5284 3368 5333 xxvr,
3404 5268 3493 5321 41.

2998 5408 3107 5442 ¹¹““
3136 5411 3152 5463 l
3177 5408 3317 5462 Titii.
3345 5424 3405 5471 tt,
3440 5408 3494 5461 4.

2711 5554 2754 5585 ¹⁸
2790 5551 2847 5607 S.
2879 5550 3056 5605 Bonif.
3089 5567 3175 5621 ep.
3207 5550 3292 5614 19,
3322 5548 3495 5618 pluri-

2410 5626 2451 5655 ²¹
2482 5624 2533 5678 6.
2583 5640 2638 5694 q.
2681 5623 2706 5677 1
2745 5641 2759 5677 :
2789 5624 2989 5677 Omnes
3018 5621 3095 5675 illi
3138 5628 3266 5677 sunt
3295 5622 3383 5675 ab.

1922 5743 2143 5822 Fabiani
2169 5744 2454 5822 accidisse,
2505 5743 2733 5822 ideoque
2774 5741 2825 5795 in
2862 5742 3003 5822 hanc
3036 5740 3320 5822 epistolam
3357 5734 3495 5791 infe-

1916 5816 2083 5895 renda
2111 5830 2250 5870 esse.
2305 5812 2428 5868 Vide
2455 5830 2575 5883 quae
2607 5811 2843 5867 diximus
2867 5811 3074 5881 verbo,
3098 5811 3302 5865 Divinis
3348 5821 3492 5877 pra-

1916 5895 2093 5953 ceptts.
