3966 6560
469 419 570 474 187

1797 412 1856 466 Β.
1894 407 2171 465 FABIANI
2207 408 2405 464 PAPE

3618 393 3711 447 188

470 554 596 593 cum
647 536 849 607 quibus
899 535 1081 591 cibum
1137 546 1355 588 sumere
1407 546 1515 586 non
1557 530 1707 599 licet,
1754 531 2039 589 manifeste
2065 538 2115 594 Α
2140 529 2492 598 pervertet-is;
2525 534 2569 581 tt
2613 542 2732 579 cum
2778 524 2942 579 electo
2999 524 3197 579 electus
3220 523 3350 587 eris,
3376 529 3426 576 et
3456 537 3575 574 cum
3603 520 3727 573 viro.

472 638 733 698 apparent
766 628 1090 697 sequestrati
1116 641 1289 696 usque
1324 624 1389 679 ad
1418 623 1853 680 satisfactionem
1886 639 1915 678 a
1948 640 2038 679 re—

472 720 636 789 liquis
668 720 1009 774 fratribus".
1036 717 1400 784 Quamobrem
1433 732 1539 770 non
1571 716 1771 771 debent
1798 731 1897 769 nec
1915 730 2045 784 pos-

473 818 602 863 sunt
627 808 679 862 in
713 809 1112 863 accusationem
1158 807 1393 861 ﬁdelium
1449 805 1692 875 suscipi,
1730 805 1823 859 sed
1879 805 2044 858 etiam

475 901 544 951 ab
571 915 758 954 eorum
806 900 1114 967 consortio,
1150 915 1323 969 usque
1356 899 1419 952 ad
1447 898 1557 966 jam
1586 897 1787 950 dictam
1829 894 2045 950 satisfa-

474 989 709 1042 ctionem
738 988 946 1056 repelli,
974 1003 1042 1041 ne
1067 988 1271 1041 similes
1292 986 1372 1040 eis
1399 985 1717 1049 efficiantur,
1745 991 1838 1035 aut
1859 996 2042 1035 eorum

475 1078 1022 1132 excommunicationi
1048 1076 1371 1145 subjaceant
1393 1093 1406 1139 ;
1428 1076 1687 1143 quoniam
1712 1072 1792 1127 sic
1813 1069 2044 1141 apostoli

478 1176 786 1222 statuerunt
810 1168 854 1199 ”
886 1169 1171 1222 dicentes:
1212 1166 1351 1221 Cum
1400 1165 1889 1221 excommunicatis
1936 1178 2046 1216 non

475 1270 559 1313 est
596 1257 1192 1313 communicandum“.
1226 1257 1355 1312 Etsi
1386 1257 1510 1326 quis
1553 1271 1677 1311 cum
1722 1270 2042 1309 excommuo

477 1352 697 1414 nicatis,
730 1350 1024 1404 avertendo
1059 1350 1548 1419 regulas,scienter
1564 1348 1758 1415 psallat
1788 1347 1840 1400 in
1860 1347 2046 1410 domo,

476 1457 572 1501 aut
629 1446 793 1501 simul
835 1446 1047 1500 loeutus
1074 1444 1236 1499 fuerit
1266 1454 1360 1499 aut
1392 1444 1666 1508 oraverit,
1694 1442 1781 1495 ille
1807 1456 2050 1496 commu-

478 1542 644 1595 nione
672 1540 916 1609 privetur
942 1541 1011 1593 ’⁵.
1048 1538 1207 1593 Tales
1241 1554 1369 1609 ergo
1408 1540 1461 1591 in
1513 1536 1766 1592 omnibus
1796 1544 1922 1590 sunt
1956 1550 2049 1589 ca-

477 1631 656 1695 vendi,
695 1639 749 1685 et
794 1646 903 1685 non
935 1630 1289 1699 suscipiendi,
1326 1631 1453 1700 quia
1506 1631 1659 1699 juxta
1694 1627 2046 1697 Apostolum,

478 1741 581 1777 non
621 1724 792 1778 solum
831 1726 921 1795 qui
964 1725 1170 1794 faciunt
1204 1726 1550 1788 damnantur,
1597 1723 1684 1777 sed
1710 1731 1759 1775 et
1800 1722 1888 1791 qui
1929 1737 2051 1774 con-

477 1817 711 1871 sentiunt
746 1816 1060 1887 facientibus
1092 1817 1157 1870 ".
1188 1815 1345 1870 Unde
1380 1825 1432 1870 et
1458 1816 1649 1870 beatus
1677 1814 2045 1882 apostolorum

2143 622 2414 675 innocente
2435 620 2680 671 innocens
2711 618 2816 670 eris
2841 617 2905 672 ³³.
2934 615 3001 670 Et
3023 615 3315 686 Apostolus
3346 614 3521 683 inquit
3546 631 3561 668 :
3586 612 3718 666 Per-

2142 726 2348 772 vertunt
2406 715 2565 769 bouos
2603 730 2770 767 mores
2818 712 3082 783 colloquia
3124 710 3268 764 mala
3301 709 3365 762 ³⁵.
3399 707 3628 770 Idcirco,
3660 716 3719 762 ut

2141 809 2251 879 jam
2288 809 2628 879 prtelibatum
2666 815 2768 869 est,
2809 806 2937 859 mali
2967 812 3102 859 sunt
3134 818 3349 871 semper
3378 799 3627 866 cavendi,
3667 811 3721 855 et

2145 900 2304 955 bonis
2334 911 2497 970 atque
2543 900 2821 955 benevolis
2860 908 2943 953 est
2998 898 3373 953 inhaerendum
3401 897 3444 927 ³⁵
3475 905 3535 949 ut
3570 896 3713 964 peri-

2145 994 2327 1046 culum
2376 991 2629 1057 desidiae,
2665 1000 2931 1060 quantum
2990 1004 3307 1059 possumus,
3356 987 3719 1041 declinemus.

2145 1080 2213 1135 Et
2268 1096 2336 1135 ne
2383 1081 2555 1150 pestis
2603 1081 2717 1135 hate
2763 1080 2926 1134 latius
2976 1079 3282 1149 divulgetur
3318 1077 3395 1144 ",
3430 1077 3723 1132 severitate

2147 1191 2254 1244 qua
2294 1189 2609 1244 possumus,
2637 1173 3062 1237 abscindamus;
3094 1172 3353 1241 quoniam
3396 1188 3503 1225 non
3547 1180 3720 1225 teme-

2149 1266 2282 1321 ritas
2314 1266 2608 1320 intervenit
2637 1262 3099 1335 praasumptionis,
3136 1264 3228 1317 ubi
3260 1275 3343 1319 est
3366 1264 3407 1295 ³⁷
3436 1263 3721 1334 diligentia

2152 1357 2386 1426 pietatis.
2415 1358 2551 1427 Agat
2586 1372 2800 1425 semper
2822 1356 2866 1387 ³⁸
2892 1356 3273 1425 unusquisque
3298 1364 3538 1410 vestrum
3562 1396 3577 1420 ,
3620 1358 3724 1410 hac

2152 1447 2540 1503 informatione
2580 1448 2879 1516 apostolica
2910 1447 3080 1502 fultus
3103 1447 3258 1517 juxta
3290 1448 3430 1501 vires
3458 1462 3623 1513 suas,
3671 1456 3725 1502 et

2152 1541 2392 1596 fraterna
2421 1540 2713 1595 dilectione
2733 1582 2748 1607 ,
2792 1549 2845 1594 et
2866 1550 3053 1595 sancta
3090 1540 3369 1609 religione,
3394 1555 3572 1594 mores
3599 1555 3724 1609 pro-

2152 1634 2300 1703 prios
2325 1648 2669 1697 conservare,
2719 1641 2773 1687 et
2808 1632 2861 1686 in
2902 1648 3195 1687 commune
3221 1633 3541 1687 alterutrum
3570 1631 3726 1702 adju-

2151 1740 2302 1787 vare,
2334 1734 2387 1779 et
2415 1724 2466 1777 in
2491 1724 2757 1779 charitate
2785 1739 3127 1794 permanere,
3155 1734 3208 1778 et
3235 1724 3288 1777 in
3322 1722 3415 1777 Dei
3448 1724 3728 1778 voluntate

2154 1816 2520 1873 indesinenter
2575 1817 2793 1871 studeat
2848 1817 3133 1881 inhaerere,
3158 1827 3218 1870 ut
3249 1816 3412 1871 simul
3438 1817 3728 1871 laudantes

477 1908 748 1978 princeps,
785 1906 997 1976 Petrus,
1056 1910 1110 1962 in
1168 1908 1507 1964 ordinatione
1562 1906 1860 1961 Clementis.
1912 1905 2044 1960 allo~
2084 1892 2125 1949 Β
2157 1909 2481 1975 Dominum,
2532 1907 2833 1963 indefessas
2865 1924 3079 1977 semper
3115 1908 3191 1961 illi
3232 1910 3431 1978 gratias
3475 1922 3729 1979 agamus.

483 2015 659 2067 quens
701 2000 986 2069 populum,
1029 2001 1170 2054 inter
1221 2009 1415 2055 caetera
1448 2000 1588 2054 ait"
1627 2017 1639 2053 :
1684 1997 1742 2052 Si
1798 1997 2052 2052 inimicus

475 2100 560 2143 est
612 2090 714 2145 iste
761 2090 1013 2146 Clemens
1055 2091 1217 2146 alicui
1278 2107 1377 2161 pro
1431 2092 1641 2147 actibus
1672 2091 1787 2145 suis
1808 2090 1854 2122 ⁸⁸
1896 2129 1911 2155 ,
1952 2104 2052 2144 vos

480 2182 651 2235 nolite
683 2192 1000 2253 exspectare
1026 2225 1041 2250 ,
1076 2192 1137 2238 ut
1176 2185 1291 2253 ipse
1336 2185 1490 2240 vobis
1546 2185 1724 2239 dicat:
1759 2184 1901 2238 Cum
1955 2183 2050 2237 illo

477 2272 644 2327 nolite
677 2275 838 2329 amici
875 2290 1026 2341 esse;
1057 2277 1148 2330 sed
1174 2274 1468 2345 prudenter
1494 2276 1787 2330 observare
1813 2273 2049 2341 debetis,

474 2374 529 2417 et
554 2364 817 2419 voluntati
840 2365 960 2435 ejus
981 2368 1185 2436 absque
1209 2368 1637 2421 commonitione
1655 2367 2051 2431 obsecundare,

474 2464 531 2509 et
559 2464 805 2511 avertere
832 2474 927 2512 vos
953 2458 1129 2524 abeo,
1165 2459 1253 2513 cui
1279 2459 1457 2528 ipsum
1489 2458 1701 2513 sentitis
1740 2459 2051 2524 adversum,

476 2546 572 2599 sed
629 2562 730 2601 nec
786 2548 937 2617 loqui
987 2549 1096 2614 his,
1142 2551 1344 2619 quibus
1381 2552 1497 2619 ipse
1530 2564 1639 2603 non
1669 2549 1933 2619 loquitur,
1994 2557 2053 2605 ut

476 2639 856 2709 unusquisque
882 2641 975 2710 qui
1022 2642 1074 2695 in
1131 2643 1289 2712 culpa
1322 2651 1426 2706 est,
1459 2642 1589 2696 dum
1623 2642 1776 2712 cupit
1810 2643 2052 2698 omnium

475 2738 718 2784 vestrum
754 2733 1028 2787 amicitias
1078 2732 1241 2802 ferre,
1267 2735 1488 2791 festinet
1520 2736 1683 2791 eitius
1709 2734 2053 2791 reconciliari

477 2821 526 2875 ei
559 2821 653 2891 qui
684 2823 939 2879 omnibus
967 2836 1180 2894 praeest,
1218 2839 1279 2881 ut
1311 2843 1407 2897 per
1436 2827 1538 2883 hoc
1587 2830 1774 2882 redeat
1807 2829 1875 2881 ad
1910 2827 2055 2882 salu-

479 2921 608 2976 tem,
657 2927 782 2967 cum
815 2915 1041 2971 obedire
1081 2920 1307 2988 coeperit
1333 2922 1558 2976 monitis
1596 2922 1959 2992 praesidentis.
1995 2919 2051 2976 Si

477 3020 609 3059 vero
639 3006 763 3075 quis
794 3007 1007 3062 amicus
1025 3024 1131 3063 non
1150 3020 1253 3078 est,
1290 3020 1344 3066 et
1381 3013 1595 3068 locutus
1625 3012 1791 3067 fuerit
1820 3014 1905 3069 his
1930 3014 2053 3084 qui-

478 3096 582 3150 bus
607 3096 721 3165 ipse
754 3114 859 3152 non
912 3099 1177 3169 loquitur,
1208 3119 1350 3159 unus
1389 3113 1474 3158 est
1499 3113 1551 3159 et
1579 3104 1693 3174 ipse
1723 3120 1791 3159 ex
1823 3105 1929 3160 illis
1958 3105 2051 3174 qui

2154 2000 2337 2056 Valete
2379 2002 2432 2055 in
2457 2000 2719 2064 Domino,
2747 2000 3058 2055 charissimi
3078 2041 3092 2065 ,
3122 2009 3177 2054 et
3207 1999 3485 2071 praedicta,
3520 2008 3586 2053 ut
3614 2015 3730 2053 me~

2152 2094 2262 2148 lius
2300 2094 2549 2164 potestis,
2586 2093 2818 2147 Domino
2842 2108 2998 2163 opem
3035 2092 3261 2161 ferente,
3289 2094 3587 2165 adimplere
3612 2102 3739 2149 stu-

2152 2186 2290 2241 dete.
2320 2185 2450 2241 Data
2486 2185 2743 2242 Kalendis
2803 2186 2953 2252 Julii,
2994 2187 3351 2243 Maximino.”
3391 2198 3445 2244 et
3470 2187 3734 2244 Africano

2161 2280 2293 2334 viris
2316 2279 2649 2335 clarissimis.
2675 2280 2996 2335 consulibus
3022 2280 3095 2332 ⁸ο.

2642 2456 2979 2513 EPISTULA
3028 2457 3069 2511 ιι
3096 2458 3232 2530 (l8).

2446 2586 2520 2623 AD
2543 2584 2714 2626 OMNES
2748 2586 3084 2625 ORlE-NTALES
3117 2584 3419 2627 EPISCOPOS.

2156 2711 2222 2761 Ut
2245 2712 2450 2761 chrisma
2488 2713 2616 2760 omni
2643 2725 2771 2761 anno
2807 2716 3079 2760 renovetur
3104 2710 3439 2759 consecrando
3485 2713 3539 2757 et
3579 2713 3746 2759 vetus

2212 2776 2261 2821 in
2287 2777 2513 2823 ecrlesiis
2540 2782 2745 2835 ponatur
2773 2774 3058 2829 cremando;
3105 2773 3168 2820 de
3204 2770 3518 2835 accusatione
3564 2784 3733 2819 sacer-

2213 2836 2401 2895 dotum,
2424 2845 2476 2885 et
2501 2834 2554 2885 ut
2576 2850 2695 2884 oves
2716 2843 2963 2896 pastorem
2985 2849 3146 2895 suum,
3170 2835 3264 2882 nisi
3285 2837 3332 2881 in
3344 2834 3439 2881 lide
3454 2836 3727 2891 erraverit,

2220 2900 2593 2960 reprehendere
2619 2911 2716 2945 non
2741 2898 2967 2946 audeant.

2153 3000 2192 3055 Ι.
2236 3000 2303 3055 Ut
2349 3018 2441 3070 per
2489 3017 2656 3054 annos
2696 3001 2932 3071 singulos
2979 2986 3164 3053 novum
3210 3000 3440 3053 chrisma
3477 3000 3741 3068 conﬁcia-

2300 3085 2406 3135 tur,
2433 3082 2482 3124 et
2519 3081 2660 3125 vetus
2696 3072 3032 3125 incendatur.

2157 3161 2223 3219 ll.
2262 3162 2337 3216 De
2372 3164 2624 3230 episcopis
2678 3181 2781 3217 non
2818 3164 3134 3217 accusandis
3166 3180 3229 3215 ac
3268 3162 3751 3219 obtrectationibus.

478 3187 843 3242 exterminare
874 3187 968 3242 Dei
1003 3188 1301 3244 Ecclesiam
1331 3192 1515 3246 volunt
1546 3210 1558 3246 :
1592 3202 1645 3245 et
1673 3207 1798 3246 cum
1823 3205 2053 3261 corpore
2083 3241 2124 3293 Γ
2158 3187 2223 3219 ¹¹ο
2262 3187 2597 3287 "1‘;

2109 3274 2125 3295 ‘
2298 3273 2620 3287 Ιιονηιικιιι-ιυο

479 3278 762 3334 vobiscum
792 3296 911 3335 esse
942 3281 1210 3349 videatur,
1246 3292 1423 3338 mente
1441 3296 1495 3338 et
1522 3284 1707 3338 animo
1738 3293 1925 3338 contra
1956 3297 2054 3336 vos

479 3380 578 3424 est.
616 3370 682 3425 Et
719 3382 801 3427 est
828 3374 999 3427 multo
1028 3375 1254 3442 nequior
1306 3374 1478 3428 hostis
1529 3374 1615 3428 hic
1640 3389 1807 3443 quam
1845 3373 1923 3427 illi
1957 3370 2051 3442 qui

479 3461 617 3516 foris
643 3472 792 3526 sunt,
838 3474 891 3518 et
916 3465 1196 3517 evidenter
1229 3465 1435 3518 inimici
1470 3474 1617 3519 sunt.
1656 3463 1754 3518 Hic
1786 3463 1930 3519 enim
1960 3479 2055 3533 per

481 3551 845 3605 amicitiarum
896 3554 1156 3622 speciem,
1185 3570 1307 3623 qua:
1349 3564 1478 3609 sunt
1529 3555 1771 3619 inimica,
1804 3556 1942 3624 gerit
2002 3563 2056 3607 et

481 3638 784 3695 Ecclesiam
816 3642 1080 3713 dispergit
1110 3658 1174 3697 ac
1205 3652 1400 3698 vastat.
1436 3643 1688 3713 Ideoque,
1715 3644 2048 3711 charissimi,

2232 3367 2496 3423 FABIANUS
2519 3370 2811 3439 episcopus
2834 3368 2988 3424 urbis
3016 3367 3222 3433 Romae,
3258 3369 3517 3424 omnibus
3540 3369 3744 3425 Orien-

2160 3460 2361 3515 talibus
2408 3461 2683 3531 episc0pis
2742 3470 2796 3515 et
2843 3462 3058 3516 cunctis
3100 3460 3387 3527 ﬁdelibus,
3422 3461 3475 3515 in
3504 3460 3760 3519 ὓοωίιιοι

2160 3554 2413 3608 salutem.

2232 3645 2416 3718 Exigit
2457 3644 2678 3701 dilectio
2709 3654 2890 3701 .vestra
2921 3643 3067 3699 sedis
3098 3643 3415 3714 apostolicm
3449 3646 3757 3713 consulta,

482 3734 570 3789 bis
619 3736 932 3804 apostolicis
963 3736 1231 3792 institutis
1252 3753 1350 3793 vos
1383 3750 1664 3793 monentes
1692 3737 2017 3791 instruimus
2037 3777 2052 3802 ,

485 3833 545 3878 ut
593 3825 856 3880 ell‘ecta"
915 3828 1116 3882 certior
1171 3828 1409 3883 charitas
1477 3839 1693 3894 vestra,
1769 3828 2054 3883 sollicitius

483 3917 740 3987 deinceps
791 3934 952 3989 agere
1008 3920 1223 3975 studeat
1259 3929 1311 3974 et
1345 3920 1581 3983 cautius,
1619 3934 1687 3973 ne
1729 3920 1972 3989 perversi
2003 3929 2055 3974 et

482 4010 727 4066 infideles
766 4012 1036 4079 homines,
1065 4014 1292 4069 latdendi
1329 4014 1512 4068 ﬁdeles
1537 4023 1590 4068 et
1613 4013 1908 4069 benevolos
1945 4014 2048 4067 ha-

482 4106 647 4161 beant
693 4104 1001 4162 facultatem
1037 4128 1048 4163 :
1086 4110 1334 4179 quoniam
1362 4125 1476 4178 spes
1507 4107 1695 4161 talium
1738 4114 1788 4159 et
1819 4106 2053 4158 omnium

481 4195 785 4264 impiorum,
829 4206 1077 4268 tanquam
1098 4200 1292 4269 lanugo
1315 4209 1412 4265 est,
1445 4215 1566 4269 qua:
1589 4215 1620 4251 a
1653 4205 1800 4251 vento
1825 4196 2053 4264 tollitur,

482 4298 531 4341 et
558 4300 809 4358 tanquam
841 4307 1029 4359 spuma
1082 4293 1319 4362 gracilis,
1348 4294 1465 4362 qu'w
1510 4308 1543 4344 a
1575 4288 1808 4359 procella
1850 4288 2057 4360 disper-

484 4383 647 4451 gitur,
700 4393 749 4436 et
791 4393 1041 4453 tanquam
1072 4386 1246 4455 fumus
1274 4426 1288 4448 ,
1316 4386 1405 4455 qui
1433 4403 1464 4437 a
1496 4394 1643 4437 vento
1670 4385 1897 4453 di/Tusus
1941 4393 2052 4447 est,

481 4486 530 4529 et
561 4486 811 4546 tauquam
848 4479 1103 4531 memoria
1141 4477 1360 4547 has-pilis
1402 4481 1560 4530 unius
1595 4476 1700 4529 diei
1745 4486 2058 4545 praetereun-

2160 3754 2283 3808 quae
2306 3738 2461 3793 vobis
2492 3738 2764 3808 denegare
2818 3753 2927 3792 non
2975 3752 3271 3807 possumus
3316 3753 3417 3792 nec
3448 3739 3739 3794 debemus.

2161 3829 2275 3886 Hoc
2307 3840 2487 3886 autem
2520 3840 2570 3886 et
2605 3831 3037 3901 praedecessores
3067 3839 3287 3886 nostros
3316 3831 3615 3885 multarum
3651 3847 3744 3885 re-

2161 3924 2382 3994 gionum
2418 3924 2688 3993 episcopis
2738 3924 2919 3993 egisse
2948 3924 3150 3993 liquet;
3191 3932 3247 3978 et
3275 3940 3396 3989 nos,
3433 3924 3527 3994 qui
3558 3926 3613 3978 in
3649 3940 3745 3979 ea-

2161 4018 2282 4072 dem
2315 4018 2463 4084 sede,
2498 4017 3031 4088 Dominnlargienle,
3060 4017 3308 4073 collocati
3328 4034 3551 4082 sumus,
3578 4032 3746 4086 agere

2161 4111 2361 4165 debere
2418 4108 2674 4164 fraterna
2720 4110 2960 4165 charitas
3013 4120 3067 4164 et
3128 4110 3447 4165 obedientize
3493 4110 3743 4164 debitum

2163 4201 2459 4271 compellit.
2483 4200 2626 4255 Cura
2673 4212 2756 4255 est
2805 4216 2940 4269 ergo
2973 4211 3169 4256 vestrae
3197 4200 3553 4255 sollicitudini
3584 4202 3746 4256 adbi-

2162 4295 2362 4361 benda,
2401 4304 2459 4349 ut
2490 4310 2574 4361 ea,
2604 4310 2726 4365 qum
2756 4302 2883 4349 sunt
2912 4294 2979 4348 ab
3011 4290 3275 4365 apostolis
3292 4309 3595 4364 eorumque
3624 4311 3745 4349 suc-

2163 4387 2476 4441 cessoribus
2522 4387 2808 4452 ordinata,
2847 4397 2902 4440 et
2956 4387 3253 4457 instigante
3290 4396 3477 4441 sancto
3529 4386 3741 4456 Spiritu

2163 4481 2409 4534 instituta
2433 4479 2499 4547 δι,
2529 4493 2629 4533 nec
2652 4479 3020 4534 dissimulatio
3045 4480 3316 4549 negligere
3339 4520 3354 4546 ,
3403 4494 3502 4533 nec
3554 4480 3743 4548 aliqua

486 4569 553 4621 tis
572 4568 637 4620 ³⁰.
673 4567 1050 4639 Summopere,
1087 4569 1430 4635 charissimi,
1461 4568 1597 4623 tales
1638 4568 1861 4623 cavendi
1891 4576 2049 4632 sunt,
2084 4604 2130 4659 Β
2162 4572 2512 4642 praasumptio
2545 4572 2722 4626 valeat
2746 4571 3085 4641 perturbare.
3125 4570 3231 4625 Sed
3269 4571 3414 4627 sicut
3437 4570 3565 4638 hoc,
3590 4570 3743 4642 quod

483 4675 538 4721 et
569 4668 846 4722 avertendi
882 4677 1044 4737 atque
1074 4667 1376 4737 rejiciendi,
1412 4667 1458 4722 si
1492 4676 1751 4722 nocentes
1782 4681 2052 4736 apparue-

484 4760 631 4827 rint;
657 4760 786 4829 quia
828 4770 939 4814 non
973 4761 1151 4815 solum
1180 4760 1561 4815 ecclesiasticae
1585 4801 1600 4825 ,
1633 4759 1728 4814 sed
1758 4758 1919 4813 etiam
1953 4773 2055 4812 sae-

485 4854 594 4907 culi
626 4854 770 4922 leges
792 4868 849 4907 se
878 4854 920 4884 ³¹
949 4862 1207 4907 nocentes
1248 4869 1356 4906 non
1388 4852 1716 4921 suscipiunt,
1741 4851 1835 4906 sed
1871 4849 2050 4919 repel—

484 4947 625 5000 lunt.
650 4942 807 5000 Unde
840 4944 1101 5014 scriptum
1135 4954 1218 4999 est
1252 4963 1264 4998 :
1303 4944 1373 4999 Os
1406 4944 1687 5013 impiorum
1713 4943 1923 4996 devorat
1957 4941 2059 4994 ini-

484 5041 745 5109 quitatem
774 5038 839 5090 ”.
882 5036 948 5091 Et
978 5036 1242 5091 Dominus
1281 5052 1377 5106 per
1418 5035 1746 5106 Prophetam
1777 5035 2019 5104 loquitur
2039 5076 2054 5099 ,

485 5132 709 5188 dicens:
740 5131 873 5186 Cum
918 5140 1099 5184 sancto
1145 5140 1359 5184 sanctus
1406 5130 1529 5194 eris,
1574 5140 1624 5183 et
1667 5145 1786 5182 cum
1819 5144 2057 5198 perverso

554 5254 598 5284 ¹¹
630 5250 928 5305 Fidelihus.

485 5323 531 5355 ³⁸
565 5321 719 5375 Rom.
746 5338 781 5384 I,
819 5321 905 5374 '52.
1044 5322 1087 5352 ³⁷
1134 5322 1261 5374 dist.
1303 5321 1363 5373 65
1422 5339 1434 5374 :
1483 5319 1537 5373 Si
1571 5320 1844 5373 inimicus.

485 5391 623 5471 '_“_S.
654 5390 764 5471 Deo
792 5408 877 5471 ep.
910 5391 965 5445 2.
1043 5391 1086 5421 ⁸ο
1114 5390 1336 5471 ξίιρζγη
1520 5390 1564 5421 ³¹
1588 5391 1925 5471 εἱλίξεικειερβι
1952 5402 2053 5440 ms.

487 5462 578 5518 55.
656 5461 699 5492 ³⁵
733 5462 788 5515 S.
829 5459 955 5515 ’Leo
992 5478 1076 5529 ep.
1107 5462 1159 5514 4.
1190 5459 1198 5460 ί
1236 5460 1280 5490 ³⁸
1325 5460 1464 5514 idem
1512 5476 1596 5529 ep.
1630 5459 1683 5512 2.

486 5532 649 5599 tit-eg.
679 5533 837 5599 epist.
870 5532 992 5596 H7,
1024 5533 1117 5586 lib.
1151 5547 1246 5584 vn.

559 5628 1127 5699 (l8)gApocryphamA
1185 5626 1465 5699 nonnullis
1545 5624 1710 5699 videri
1778 5629 2047 5699 testantur

488 5702 530 5756 Β
565 5694 833 5771 ll.,'Po_ss.
864 5694 1063 5767 aliique
1083 5697 1382 5771 Catholici,
1416 5704 1469 5750 et
1492 5696 1656 5771 multa
1689 5694 1940 5764 probant.
2023 5760 2055 5771 Δ.

560 5770 672 5839 (l9)
708 5767 1039 5837 ,Ept'scopos.
1081 5769 1359 5839 indicatur
1399 5766 1680 5839 materiam
1735 5766 2058 5817 sacramenti

489 5858 518 5895 c
541 5836 931 5894 inﬁrmationis
959 5854 1079 5892 esse
1110 5838 1380 5902 chrisma,
1417 5836 1559 5905 quod
1597 5843 1680 5905 est
1723 5839 2057 5901 unguentum

489 5927 554 5965 ex
590 5911 709 5967 oleo
733 5919 789 5967 et
823 5909 1065 5965 balsamo
1101 5908 1343 5975 mistum,
1389 5904 1443 5961 et
1481 5906 1547 5960 ab
1586 5904 1841 5973 episcopo
1870 5915 2060 5955 conse-

1002 5250 1047 5281 ³³
1079 5250 1163 5303 ll.
1192 5267 1245 5319 q.
1276 5251 1309 5304 5
1338 5269 1349 5303 :
1377 5249 1529 5325 Sicut
1576 5247 1806 5325 apostoli
1847 5252 2174 5325 statuerunt.
2238 5247 2315 5325 n'f
2356 5247 2613 5325 canali.”
2678 5247 2725 5325 ξδ’
2764 5252 2885 5290 can.
2924 5247 2993 5317 1|.
3021 5247 3192 5325 apos't‘.
3231 5247 3319 5325 inti

1922 5316 1967 5348 ³⁸
1996 5316 2153 5383 epist.
2190 5330 2202 5365 I
2234 5309 2495 5366 Clementi
2531 5310 2728 5383 tributa
2751 5304 3105 5383 exurersione
3143 5304 3530 5383 [lunai-Patr:
3585 5314 3623 5358 t.
3685 5304 3729 5357 Ι.

2150 5384 2194 5414 ³²
2222 5382 2381 5435 Prov.
2414 5396 2526 5440 χιχ,
2554 5379 2645 5432 28.

1762 5458 1803 5488 ³⁷
1842 5458 1979 5511 idem
2019 5471 2103 5522 ep.
2136 5454 2188 5506 2.

1324 5530 1367 5561 ⁸³
1400 5532 1466 5584 de
1497 5522 1743 5584 consecr.
1778 5527 1906 5583 dist.
1944 5527 1976 5578 5
2008 5544 2020 5579 :
2056 5522 2275 5578 Litteris
2324 5522 2536 5576 vestris.

2156 4663 2386 4718 rationis
2444 4664 2692 4733 exigebat
2739 4663 2975 4727 utilitas,
3031 4663 3273 4734 oportuit
3331 4662 3602 4731 dillinire;
3666 4664 3741 4718 ita

2171 4757 2315 4828 quod
2344 4755 2629 4811 dilIinitum
2661 4767 2764 4823 est,
2806 4771 2913 4810 non
2937 4756 3094 4809 debet
3122 4753 3330 4810 violari.

2906 4912 2950 4965 Ι.

2230 5028 2446 5083 Litteris
2478 5032 2672 5083 vestris
2702 5042 2827 5083 vero
2862 5027 3002 5080 inter
3033 5036 3226 5082 czctera
3258 5028 3523 5083 insertum
3570 5029 3729 5084 inve-

2162 5122 2342 5176 nimus
2373 5120 2437 5203 δέ
2470 5120 2735 5190 quosdam
2768 5120 3008 5189 regionis
3042 5129 3237 5174 vestrze
3287 5120 3578 5189 episcopos
3618 5120 3738 5189 (l9)

2268 5241 2315 5272 ”‘
2356 5256 2478 5294 can.
2505 5238 2589 5291 ll.
2681 5239 2725 5269 ³⁸
2764 5252 2885 5290 can.
2924 5236 2982 5289 ll
3021 5245 3192 5305 apost.
3231 5235 3423 5303 interp.
3456 5233 3735 5305 Dionysio.

2748 5377 2791 5408 ³³
2824 5377 2963 5430 l’sal.
2998 5392 3126 5441 xvu,
3157 5376 3248 5429 26.
3344 5376 3389 5406 ³⁸
3430 5377 3446 5428 l
3478 5374 3602 5429 Cor.
3642 5391 3733 5436 xv,

2265 5453 2310 5485 ³⁸
2338 5451 2395 5505 S.
2429 5449 2605 5503 Bonif.
2697 5449 2739 5480 ³⁸
2792 5446 3047 5500 Maximo.
3146 5446 3192 5478 ‘°
3247 5444 3493 5501 an.236.
3592 5446 3635 5476 “
3673 5446 3730 5499 S.

2164 5626 2395 5672 cratum.
2429 5615 2504 5669 Ex
2536 5630 2602 5669 eo
2633 5613 2778 5667 enim
2806 5612 2947 5681 quod
2979 5610 3200 5673 scribit,
3245 5608 3522 5681 Christum
3562 5608 3729 5681 ritum

2166 5687 2484 5742 conficiendi
2520 5684 2796 5754 apostolos
2822 5680 3074 5736 docuisse
3094 5680 3589 5754 ,ﬂutiquealiquani
3617 5680 3715 5754 for-

2166 5773 2308 5812 mam
2341 5749 2686 5810 benedicendi
2710 5761 2763 5804 et
2787 5752 3141 5806 consecrandi
3169 5749 3479 5816 tradidisse,
3500 5749 3725 5803 dubium

2167 5842 2272 5881 non
2320 5833 2422 5880 est.
2474 5824 2624 5879 Unde
2676 5832 3035 5892 praeterquam
3080 5823 3224 5893 quod
3271 5820 3598 5893 sanctissimi
3629 5818 3727 5893 Pa-

2167 5907 2297 5965 tres,
2322 5896 2587 5959 Clemens,
2628 5889 2915 5955 Dionvsius
2936 5933 2949 5957 ,
2982 5889 3239 5960 lrexiaeus,
3276 5889 3527 5945 Urbanus
3555 5889 3727 5951 ponti-
