3966 6506
233 391 319 447 m
1624 388 2005 448 Eptsrow.
3343 358 3439 436 ιένο

231 526 256 561 a
290 515 449 561 vestro
485 515 777 576 nostroque
806 507 997 562 ordine
1047 506 1357 578 discrepare
1380 549 1395 575 ,
1440 517 1494 565 et
1527 524 1633 563 non
1665 526 1761 580 per
1788 514 1833 570 Α
1860 510 2187 580 sumptionis
2234 509 2539 576 delabitur;
2588 516 2642 563 et
2691 508 3002 563 nullatenus
3052 508 3259 563 eruitur
3283 549 3300 575 ,
3332 506 3436 563 nisi

236 596 451 666 singulos
482 610 651 651 annos
690 596 743 649 in
775 596 943 651 Coena
978 595 1193 650 Domini
1217 598 1454 653 chrisma
1476 600 1761 665 conﬁcere,
1866 600 2210 669 prudentium
2246 599 2640 653 sustentatione
2680 606 2734 652 et
2779 598 3115 653 correctione
3158 596 3435 651 liberetur.

232 686 307 741 sed
332 687 459 739 duos
488 695 579 739 aut
610 694 718 741 tres
752 702 929 742 annos
957 686 1355 743 confectionem
1406 690 1580 745 sancti
1612 690 1762 745 chri-
1866 690 1961 745 llla
1994 701 2197 757 autem,
2245 706 2367 760 qure
2424 690 2570 744 circa
2620 690 2803 744 divina
2852 688 3107 759 mysteria
3141 696 3196 741 et
3239 702 3365 756 erga
3393 685 3439 719 ⁵³

230 777 392 833 smatis
412 778 575 833 semel
603 789 777 834 actam
811 794 1155 834 conservare.
1187 779 1381 834 Dicunt
1426 782 1596 846 enim,
1624 792 1683 835 ut
1711 784 1763 835 in
1865 782 2236 851 baptizandos,
2297 782 2353 835 in
2400 782 2656 836 universo
2711 781 2917 834 mundo
2955 790 3139 834 sancta
3200 778 3438 833 Ecclesia

230 874 518 927 memoratis
557 874 805 942 apicibus
837 874 1140 943 reperimus
1161 915 1175 938 ,
1211 890 1311 929 nec
1337 875 1641 929 balsamum
1672 891 1768 944 per
1866 874 2215 930 uniformiter
2250 875 2381 943 agit,
2412 890 2519 927 non
2545 875 2722 928 otioso
2760 871 3175 939 contemplanda
3202 879 3327 924 sunt
3354 870 3440 923 in-

228 963 444 1034 singulos
489 979 661 1019 annos
687 980 844 1033 posse
881 965 1131 1034 reperiri,
1161 980 1260 1019 nec
1282 981 1505 1020 necesse
1534 965 1649 1020 fore
1673 982 1769 1035 per
1866 967 2035 1030 tuitu,
2091 981 2157 1019 ne
2205 965 2383 1018 locum
2428 966 2778 1033 supervacuis
2830 963 3224 1017 intentionibus
3255 971 3307 1016 et
3342 978 3438 1016 su-

228 1056 440 1124 singulos
499 1071 671 1110 annos
719 1056 958 1111 chrisma
1000 1058 1305 1120 conﬁcere,
1347 1058 1441 1112 sed
1498 1058 1627 1113 dum
1658 1073 1765 1111 una
1867 1057 2283 1128 perstitionibus
2323 1055 2609 1111 faciamus.
2646 1056 2826 1109 Rudcs
2853 1072 2983 1125 ergo
3010 1056 3244 1109 ﬁdelium
3282 1070 3438 1107 men-

228 1144 469 1200 confectio
516 1146 830 1201 chrismatis
859 1146 1136 1213 abundat,
1181 1149 1342 1202 aliam
1382 1149 1499 1203 ﬁeri
1547 1165 1767 1203 necesse
1868 1156 1947 1203 tes
1976 1149 2041 1201 ad
2076 1147 2203 1201 talia
2260 1162 2367 1200 non
2418 1147 2680 1200 debemus
2724 1146 3004 1211 inducere,
3058 1146 3183 1215 quia
3209 1144 3437 1198 docendi

227 1257 318 1295 non
340 1241 553 1296 habere.
590 1240 787 1296 Errant
819 1242 965 1296 enim
995 1244 1089 1312 qui
1135 1243 1264 1297 talia
1305 1243 1765 1314 excogitant“°“,
1867 1241 2046 1312 potius
2099 1248 2247 1302 sunt,
2296 1254 2456 1308 quam
2504 1238 2760 1291 illudendi
2790 1238 2855 1289 ⁸³.
2899 1238 2976 1289 Ad
3013 1247 3256 1291 nostram
3291 1237 3435 1289 cnim

226 1342 271 1387 et
295 1344 458 1388 mente
486 1350 687 1388 vesana
714 1336 897 1403 potius
930 1352 1093 1405 quam
1144 1347 1287 1391 recta
1312 1338 1628 1401 sentientes,
1654 1338 1767 1393 baac
1868 1334 2109 1389 lmtitiam
2140 1330 2419 1386 benefacta
2460 1330 2809 1399 perveniunt,
2840 1337 2893 1382 et
2927 1329 3177 1381 mteroris
3235 1328 3441 1382 aculeis

227 1424 406 1477 dicunt.
438 1422 494 1477 ln
530 1424 619 1477 illa
654 1426 798 1479 enim
837 1426 925 1479 die
977 1424 1242 1481 Dominus
1271 1426 1381 1497 (ΞΟ)
1410 1426 1589 1492 Jesus,
1620 1438 1769 1498 post-
1868 1438 1989 1487 nos,
2026 1438 2146 1492 qua:
2172 1420 2529 1473 fuerintmale
2552 1416 2713 1483 facta,
2741 1425 2990 1485 pungunt
3014 1416 3080 1467 ⁸ο.
3117 1413 3215 1467 llic
3242 1414 3287 1444 ⁸¹
3310 1426 3440 1466 vero

227 1530 364 1583 quam
395 1516 634 1569 ctenavit
682 1532 807 1570 cum
858 1518 1140 1586 discipulis
1171 1518 1307 1584 suis,
1332 1528 1386 1573 et
1418 1519 1551 1573 lavit
1575 1534 1765 1575 eorum
1869 1514 2009 1568 inter
2029 1528 2224 1567 manus
2247 1512 2519 1565 latronum
2546 1517 2600 1563 et
2621 1509 2813 1563 dentes
2836 1509 3085 1577 luporum
3118 1505 3436 1571 furentium,

225 1607 382 1675 pedes,
406 1608 546 1662 sicut
574 1624 605 1663 a
632 1610 835 1663 sanctis
860 1611 1123 1679 apostolis
1142 1611 1571 1681 praedecessores
1591 1614 1766 1668 nostri
1882 1616 2157 1675 utcunque
2188 1618 2529 1666 .versamur,
2578 1612 2631 1656 et
2678 1610 3028 1655 contumaces
3070 1607 3198 1653 sunt
3241 1596 3441 1651 subditi

224 1706 538 1764 acceperunt,
564 1698 832 1767 nobisque
859 1699 1217 1768 reliquerunt,
1242 1700 1479 1755 chrisma
1501 1704 1767 1757 coniicere
1868 1705 2031 1768 atque
2065 1710 2215 1749 oves.
2252 1693 2386 1747 Nam
2437 1693 2637 1746 latratu
2686 1707 2885 1746 canum
2919 1692 2986 1753 ",
3012 1690 3313 1757 baculoque
3342 1703 3442 1757 pa-

221 1789 395 1842 docuit.
420 1788 549 1857 lpsa’
577 1790 721 1843 enim
774 1791 972 1845 lavatio
1010 1792 1231 1860 pedum,
1294 1803 1541 1849 nostrum
1594 1795 1765 1863 signi-
1801 1854 1839 1863 __
1871 1786 2072 1849 storis,
2112 1786 2365 1855 luporum
2403 1785 2585 1839 rabies
2621 1782 2942 1837 deterrenda
2965 1791 3066 1836 est.
3095 1781 3141 1815 ⁸³
3176 1781 3266 1833 llla
3309 1792 3440 1832 vero

227 1875 331 1928 ticat
357 1876 706 1953 baptismum,
737 1880 957 1948 quando
978 1882 1149 1936 sancti
1177 1883 1487 1939 chrismatis
1512 1885 1767 1939 unctione
1801 1854 1841 1911 Β
1870 1894 1993 1948 quae
2026 1877 2282 1931 fomentis
2313 1892 2417 1930 non
2448 1885 2712 1930 sanantur
2737 1874 2984 1937 vulnera,
3016 1872 3160 1926 ferro
3191 1868 3438 1924 abscindi

222 1966 468 2033 perﬁcitur
534 1978 701 2037 atque
763 1970 1138 2028 conﬁrmatur.
1195 1971 1331 2027 Nam
1415 1976 1557 2029 sicut
1596 1976 1766 2044 ipsius
1867 1982 2088 2021 necesse
2120 1974 2221 2020 est.
2248 1964 2357 2019 Nec
2383 1966 2543 2019 silere
2567 1966 2612 1995 ⁸⁵
2636 1978 2951 2033 possumus,
2985 1971 3043 2014 ut
3086 1977 3209 2015 cum
3248 1961 3338 2014 hic
3371 1958 3440 2012 ab

222 2059 305 2109 diei
334 2058 650 2114 solemnitas
688 2076 783 2130 per
825 2062 1068 2132 singulos
1101 2080 1276 2119 annos
1308 2073 1393 2121 est
1417 2065 1763 2130 celebranda,
1865 2059 2067 2114 illicitis
2092 2072 2413 2113 revocemus
2438 2057 2672 2125 aliquos,
2698 2054 2858 2108 oﬁicii
2884 2055 3053 2108 nostri
3078 2066 3439 2121 provocamur

221 2148 279 2200 ita
301 2149 460 2218 ipsius
504 2156 682 2205 sancti
715 2154 1028 2211 chrismatis
1078 2157 1348 2214 confectio
1385 2175 1480 2229 per
1521 2162 1765 2231 singulos
1867 2153 2148 2219 instinctU,
2196 2152 2249 2205 in
2283 2152 2519 2220 speculis
2557 2166 2586 2203 a
2628 2148 2859 2203 Domino
2885 2147 3184 2209 constituti.
3214 2156 3271 2200 ut
3305 2144 3439 2216 vigi-

222 2257 365 2295 antlos
394 2253 475 2296 est
510 2245 760 2315 agenda,
793 2255 845 2300 et
878 2246 944 2300 de
974 2263 1117 2301 anno
1163 2248 1217 2302 in
1247 2265 1449 2305 annum
1491 2267 1764 2305 renovan.
1864 2244 2048 2298 lautia).
2090 2251 2290 2298 nostra:
2335 2242 2667 2310 diligentiam
2726 2239 3176 2308 comprobantes,
3223 2246 3279 2291 et
3319 2252 3439 2306 quae

219 2334 293 2394 da,
313 2342 361 2386 et
382 2333 633 2389 ﬁdelibus
654 2335 921 2390 tradenda
948 2356 961 2403 ;
983 2338 1110 2407 quia
1135 2354 1333 2394 novum
1360 2352 1762 2397 sacramentum
1863 2336 2157 2391 coercenda
2180 2341 2307 2387 sunt
2323 2347 2628 2387 resecemus
2644 2331 2712 2397 ⁸⁵,
2730 2340 2917 2401 etquae
2940 2330 3278 2384 οδεετνίιηάει
3302 2341 3434 2385 sum

218 2432 285 2477 est
323 2440 411 2493 per
450 2426 700 2497 singulos
735 2442 911 2482 annos
936 2429 1123 2497 etjam
1176 2432 1323 2486 dicto
1368 2433 1455 2487 die
1499 2434 1763 2487 innovan-
1862 2442 2186 2483 censeamus
2218 2426 2285 2479 ".

219 2512 342 2577 dum,
376 2523 427 2568 et
456 2525 615 2569 vetus
648 2515 702 2569 in
733 2516 938 2572 sanctis
968 2520 1217 2575 ecclesiis
1245 2524 1620 2578 cremandum.
1654 2525 1761 2579 lsta
2616 2513 2681 2569 "-

219 2606 456 2659 asanctis
486 2608 754 2674 apostolis
778 2618 832 2662 et
873 2614 1283 2668 successoribus
1329 2630 1519 2669 eorum
1545 2618 1760 2686 accepi-
1930 2610 2232 2667 Consulere
2286 2612 2448 2665 etiam
2502 2623 2622 2673 nos,
2680 2616 2738 2660 ut
2795 2607 2848 2659 in
2910 2604 3183 2675 praedictis
3242 2604 3438 2660 litteris

217 2711 349 2761 mus,
384 2698 649 2767 vobisque
704 2702 935 2755 tenenda
985 2705 1331 2760 mandamus,
1392 2706 1516 2761 "me
1572 2718 1755 2763 sancta
1860 2701 2058 2755 vestris
2105 2700 2439 2757 invenimus.
2486 2713 2650 2765 super
2687 2696 3043 2750 accusatione
3092 2696 3435 2749 sacerdotum

219 2784 427 2842 Romana
466 2789 734 2854 Ecclesia,
768 2801 821 2847 et
849 2794 1186 2850 Autiocbena
1212 2812 1242 2851 a
1270 2807 1510 2868 tempore
1544 2810 1760 2869 aposto-
1858 2792 2143 2853 VOIUisliS.
2204 2807 2325 2861 (itm
2384 2790 2579 2860 Oppido
2627 2788 2769 2857 ³1)υά
2828 2803 2920 2841 V05
2946 2830 2960 2853 ν
3032 2796 3087 2839 ιη
3133 2786 3186 2839 in
3233 2787 3436 2841 θίεάεω

218 2875 361 2930 10mm
388 2881 655 2947 custodit;
690 2883 803 2937 hate
832 2882 1335 2957 Hierosolymorum
1366 2898 1419 2943 et
1451 2890 1755 2960 Ephesii")-
1859 2884 2105 2953 apicibus
2148 2884 2476 2953 reperimus,
2530 2881 2843 2935 crebrescit.
2882 2879 3242 2947 Signiﬁcastis
3286 2880 3436 2933 insu-

217 2980 317 3019 rum
365 2978 525 3025 tenet.
572 2972 635 3024 ιιι
686 2973 884 3041 quibus
927 2977 1158 3044 apostoli
1217 2978 1601 3047 praesidentes,
1644 2982 1759 3038 hzec
1858 2991 1953 3045 Per
1977 2978 2045 3039 ⁸⁷,
2098 2976 2386 3045 plerosque
2433 2974 2743 3036 attendere,
2778 2972 2978 3025 mullos
3006 2972 3059 3024 ίιι
3096 2972 3231 3041 ἱρείε
3263 2972 3437 3025 11000-

218 3057 508 3127 docuerunt,
568 3071 627 3117 et
671 3075 826 3119 vetus
879 3066 1115 3121 chrisma
1147 3068 1384 3135 incendi,
1414 3079 1467 3124 et
1500 3086 1609 3124 non
1637 3088 1755 3126 am-
1858 3069 2010 3122 ribus
2037 3067 2419 3122 ecclesiasticis
2448 3081 2554 3119 non
2588 3074 2949 3134 congruenter
3005 3065 3190 3117 vivere
3219 3078 3435 3118 sermo-

219 3150 336 3217 plius
382 3168 542 3222 quam
615 3171 725 3209 uno
786 3172 931 3213 anno
987 3160 1101 3225 uti,
1152 3161 1541 3228 permiserunt,
1596 3172 1757 3233 atque
1786 3195 1827 3250 ρ
1861 3159 2025 3213 nibus
2078 3168 2129 3212 et
2168 3158 2549 3215 isacramentis
2578 3158 2625 3188 ⁸⁸
2672 3172 2794 3225 qua:
2820 3171 2915 3224 per
2941 3170 3037 3209 eos
3086 3156 3302 3224 populis
3333 3156 3436 3208 mi-

219 3242 437 3314 deinceps
470 3262 619 3300 novo
648 3245 778 3311 frui,
812 3257 865 3303 et
892 3265 1001 3302 non
1042 3250 1248 3317 veteri,
1278 3251 1533 3320 jubentes
1558 3253 1758 3309 docue-

219 3344 339 3388 runt.
370 3334 422 3388 Si
455 3338 584 3406 quis
631 3352 762 3407 ergo
812 3338 898 3393 his
927 3339 1155 3393 obviare
1187 3343 1509 3407 tentaverit,
1543 3357 1756 3397 omnem

219 3424 305 3477 sibi
346 3443 433 3494 per
460 3444 559 3482 vos
586 3428 653 3493 ⁸⁸,
679 3437 734 3483 et
764 3444 853 3497 per
880 3445 1073 3485 omnes
1108 3440 1255 3486 recte
1294 3433 1657 3503 intelligentcs
1693 3434 1759 3499 “,

216 3516 526 3587 indulgentia:
558 3520 768 3575 aditum
804 3522 1428 3592 intelligatobseratum;
1462 3527 1589 3595 quia
1637 3543 1761 3596 pra-

220 3611 533 3665 rissimarum
561 3612 829 3666 mentium
854 3629 1110 3682 perversa
1136 3615 1407 3683 doctrina,
1425 3616 1553 3671 dum
1578 3618 1758 3671 indul-

218 3704 399 3769 gentius
454 3706 631 3760 lrenis
672 3707 843 3760 utitur
870 3706 936 3767 ‘7.
972 3708 1026 3761 in
1086 3709 1586 3777 prtevarieationem
1621 3725 1758 3779 prat-

1861 3249 2184 3303 nistrantur.
2214 3247 2257 3301 Ο
2281 3248 2511 3301 miseros
2544 3246 2813 3309 homines,
2845 3245 2939 3313 qui
2984 3245 3084 3297 hos
3134 3246 3394 3299 intuendo
3416 3288 3431 3311 ,

1859 3341 2135 3395 Christum
2186 3339 2581 3393 obliviscuntur
2612 3357 2625 3391 :
2662 3338 2755 3406 qui
2812 3346 2865 3389 et
2916 3336 3087 3389 multo
3124 3346 3248 3391 ante
3293 3352 3433 3405 prae-

1859 3432 2017 3497 dixit,
2055 3444 2115 3485 ut
2149 3430 2252 3499 legi
2308 3429 2397 3485 Dei
2445 3431 2624 3499 potius
2660 3432 3086 3497 obtemperetur,
3116 3444 3278 3497 quam
3310 3428 3435 3482 imi-

1861 3523 2008 3577 tandi
2041 3522 2326 3576 videantur
2352 3522 2450 3585 illi,
2482 3523 2575 3591 qui
2602 3538 2664 3575 ea
2693 3537 2813 3591 quae
2835 3520 3041 3585 dicunt,
3063 3536 3168 3573 non
3192 3520 3430 3587 faciunt;

1861 3626 1909 3671 et
1937 3615 2251 3669 traditorem
2292 3630 2450 3668 suum
2484 3615 2718 3668 tolerans
2744 3653 2757 3677 ,
2784 3628 2955 3683 usque
2989 3613 3041 3665 in
3073 3612 3231 3665 linem
3262 3612 3425 3666 etiam

1861 3708 1929 3762 ad
1960 3708 2441 3777 evangelizandum
2474 3723 2597 3761 cum
2627 3706 2840 3761 caeteris
2865 3704 3183 3760 misit.Nam
3201 3705 3432 3774 apostoli

420 3861 992 3941 υρνριιηξςοῐὲ,-ἀὶ5μ
1022 3867 1166 3941 _3__:
1220 3865 1686 3941 Littcrisves‘tris.

1880 3885 2000 3941 nos.
2137 3869 2181 3941 “_
2220 3868 2448 3941 Siricius
2476 3884 2560 3937 ep.
2624 3884 2662 3932 ι,
2698 3884 2747 3922 c.
2789 3868 2847 3941 7ἶ
2909 3868 2983 3941 ηδτ
3024 3865 3207 3920 lnnnc.
3249 3882 3331 3935 cp.
3361 3867 3432 3921 25

217 3929 269 4009 ad
296 3928 451 3984 Milcv.
481 3933 586 4009 PP_.
680 3928 979 4009 ‘qujvelLad
1014 3936 1216 4009 Gallos_
1235 3952 1355 4009 cap.
1398 3938 1491 4009 l2.
1559 3938 1603 3971 ⁸³
1634 3941 1771 3993 idem
1802 3956 1887 4009 ep.
1923 3940 1977 4001 Ξ,
2012 3955 2129 4007 cap.
2164 3939 2213 3991 l.
2288 3940 2332 3970 ⁵ο
2364 3928 2751 4007 compungunt.
2831 3939 2870 3968 ³⁸
2905 3938 2960 3990 S.
2992 3941 3127 4009 Aug.
3153 3946 3217 3990 ue
3250 3928 3432 4005 pasto-

217 4000 359 4083 ξξὺξιε,
395 4019 508 4083 cap.
781 4004 1013 4083 S..Hi_er.
1042 4022 1125 4074 ep.
1152 4000 1361 4083 831i“3
1394 4008 1551 4083 Sit-ie.
1581 4024 1706 4083 utor;
1741 4000 1851 4083 cit;
1909 4000 2125 4083 ’θριξὶ
2176 4009 2346 4083 ep.‘2,
2371 4025 2419 4061 c.
2452 4000 2505 4061 l:
2542 4000 2622 4083 ,ξε
2658 4024 2955 4063 servemus.
3032 4000 3429 4061 “sentiamus.

215 4066 250 4100 ⁸⁷
284 4070 327 4123 l.
354 4089 403 4141 (ι.
442 4066 505 4128 [τ
533 4075 897 4142 Signiﬁcastis
925 4066 1163 4145 insuper.
1240 4078 1285 4108 ⁵⁸
1316 4077 1373 4132 S.
1395 4078 1742 4149 Augustalib.
1762 4097 1792 4134 ι.
1818 4081 1990 4146 hom.,
2029 4080 2179 4133 hom.
2209 4066 2351 4145 ὐιι.;
2374 4094 2496 4147 cap.
2535 4079 2621 4132 l5.

1868 4243 2025 4309 doro,
2059 4242 2289 4297 Alcuino
2312 4283 2327 4306 ,
2360 4242 2597 4309 Ruperto
2618 4249 2672 4293 ct
2693 4240 2814 4294 aliis
2851 4240 3090 4308 antiquis
3122 4239 3428 4295 divinorum

1869 4314 2167 4367 ciliciorum
2205 4312 2581 4380 scriptoribus.
2623 4309 2771 4365 Unde
2808 4312 2859 4363 in
2887 4311 3115 4364 concilio
3149 4309 3427 4378 Meldensi,

1866 4401 1915 4439 c.
1945 4384 2034 4445 46,
2062 4398 2315 4451 expresse
2346 4383 2674 4450 prmcipitur,
2704 4390 2757 4432 ut
2780 4398 2925 4432 nemo
2947 4397 3155 4432 sacrant
3178 4381 3425 4445 chrisma,

1854 4456 1957 4508 nisi
2007 4456 2062 4506 in
2110 4455 2296 4522 quinta
2338 4453 2469 4520 feria
2512 4452 2728 4520 majoris
2772 4452 3129 4510 Itebdontadm,
3177 4452 3429 4517 conﬁcere

1853 4521 2159 4592 prwsumnt.
2204 4521 2269 4574 Et
2300 4523 2438 4575 hanc
2466 4523 2535 4575 ob
2558 4536 2776 4574 causam
2808 4522 2859 4573 in
2896 4537 3011 4588 cap.
3049 4522 3332 4592 Quoniam,
3363 4522 3429 4575 de

1853 4591 2301 4652 Sent.excomm.,
2325 4592 2375 4644 in
2403 4592 2454 4655 6,
2480 4593 2699 4656 dicitur,
2721 4592 2957 4644 chrisma
2989 4606 3107 4643 esse
3139 4591 3430 4643 conﬁcien-

1851 4666 1982 4718 dum
2026 4666 2078 4716 in
2105 4664 2192 4716 die
2225 4664 2403 4715 (laena:
2439 4662 2675 4725 Domini,
2717 4662 2926 4714 etiamsi
2965 4669 3105 4713 terra
3146 4660 3427 4713 interdicta

1850 4735 2097 4788 exsistat.
2146 4733 2343 4785 Errant
2375 4732 2538 4799 igitur
2575 4733 2668 4800 qui
2705 4741 2897 4799 putant
2933 4729 3101 4783 fuisse
3135 4730 3428 4800 aliquando

1851 4806 2110 4859 usitatum
2136 4804 2187 4855 in
2211 4798 2474 4863 Ecclesia,
2507 4811 2565 4855 ut
2594 4798 2835 4869 quolibet
2868 4803 2993 4853 anni
3021 4811 3258 4869 tempore
3284 4798 3428 4851 chri-

1850 4890 1968 4928 sma
2013 4875 2389 4927 conlieeretur.
2428 4872 2581 4937 Quod
2620 4868 2819 4924 dicitur
2850 4887 2967 4938 cap.
3010 4868 3163 4923 Omni
3200 4878 3425 4935 tempore

1850 4945 1916 4997 de
1960 4960 2234 5009 consecr.,
2270 4944 2396 4997 dist.
2430 4943 2481 5005 4,
2522 4943 2645 4995 item
2690 4958 2843 4995 conc.
2881 4937 3053 4991 Tolet.
3100 4953 3137 5000 ι,
3166 4954 3286 5009 cap.
3326 4937 3417 5002 20,

1847 5014 2012 5068 licere
2058 5007 2311 5082 episeOpo
2359 5014 2507 5065 omni
2556 5020 2795 5078 tempore
2842 5010 3104 5082 chrisma_
3137 5007 3423 5073 coniicere,

1848 5078 2256 5151 intelligendum
2292 5091 2373 5135 est
2400 5098 2505 5134 non
2532 5080 2932 5148 simpliciterde
2961 5078 3108 5130 onmi
3142 5088 3380 5151 tempore
3406 5094 3420 5151 ε

1847 5158 1941 5209 sed
1974 5146 2402 5214 accommodate,
2449 5152 2513 5204 de
2562 5146 2710 5203 onini
2742 5161 2977 5217 tempore
3011 5149 3249 5210 annuali,
3276 5146 3422 5217 quod

1846 5228 1909 5277 ad
1943 5225 2335 5279 conﬁciendum
2370 5222 2606 5275 chrisma
2643 5221 3015 5289 praescriptum
3049 5229 3151 5272 est.
3178 5216 3424 5289 Accedit

1845 5297 1987 5363 quod
2028 5294 2257 5348 concilia
2312 5307 2417 5343 non
2476 5286 2712 5363 aliquam
2766 5286 3042 5363 temporis,
3092 5288 3189 5363 sed
3236 5286 3422 5363 potius

1844 5358 1976 5419 certi
2011 5364 2243 5417 ministri
2270 5358 2772 5415 determinationem
2804 5360 3069 5429 praeﬁnire
3092 5358 3371 5429 intendant
3401 5396 3418 5420 ,

1843 5436 1995 5501 quasi
2015 5434 2253 5487 dicerent
2278 5450 2290 5485 :
2316 5430 2428 5485 Soli
2453 5432 2728 5500 episeopo,
2759 5428 2863 5483 non
2895 5430 3226 5501 presbytero,
3246 5428 3421 5501 liceat

1844 5498 1993 5558 omni
2030 5514 2269 5571 tempore
2292 5498 2554 5557 cansueto
2587 5498 2801 5556 sacrum
2838 5498 3075 5553 chrisma
3126 5498 3415 5571 conﬁcere.

1841 5573 1975 5627 Nam
2022 5568 2312 5627 concilium
2360 5573 2525 5626 tolet.
2569 5588 2825 5641 expresse
2864 5570 3095 5622 intendit
3128 5568 3417 5641 prohibere

1849 5646 2079 5699 abusum
2111 5644 2471 5712 quorumdam
2496 5637 3078 5713 presbyteroruttf.qu_i
3114 5637 3414 5692 confectio-

1848 5730 1969 5769 nem
2003 5708 2316 5770 chrismatis
2356 5714 2457 5767 sibi
2492 5708 2846 5781 usurpabant.
2890 5709 3017 5764 ane
3046 5708 3250 5764 Suarez
3278 5717 3388 5760 tom

1848 5785 1937 5852 lll,
1968 5786 2108 5856 disp.
2138 5785 2225 5850 58,
2256 5791 2387 5838 sect.
2431 5783 2452 5834 l

217 4228 283 4312 let
305 4234 524 4312 epistola
565 4252 689 4300 sua,
728 4245 834 4291 etc.
866 4276 885 4312 ,
905 4238 1019 4312 hoc
1046 4238 1171 4293 alibi
1205 4249 1452 4295 sanctum
1480 4242 1715 4311 chrisma
1743 4283 1758 4307 ,

213 4302 316 4382 alibi
352 4316 682 4382 unguentum
710 4308 1114 4382 sanctiﬁcatum
1158 4312 1475 4376 nominent,
1513 4302 1761 4367 conciliis
1794 4324 1840 4382 ι)

213 4368 487 4447 Florentino
510 4386 564 4428 et
593 4375 911 4447 Tridentino
942 4394 1084 4431 nunc
1120 4389 1304 4447 aperte
1326 4368 1605 4435 deﬁnitum
1647 4392 1748 4446 est,

211 4443 331 4509 quod
363 4447 625 4499 universae
654 4444 925 4509 Ecclesiae,
955 4463 1021 4501 ex
1060 4443 1399 4504 institutione
1428 4450 1654 4515 Christi,
1684 4443 1752 4507 ab

212 4516 448 4583 apostolis
483 4516 745 4571 traditum
772 4526 909 4570 erat.
946 4516 1221 4580 Bellarm.,
1261 4521 1461 4574 Suarez
1488 4561 1502 4583 ,
1540 4522 1747 4577 Valent.

214 4579 265 4631 tle
290 4597 505 4638 sacram.
555 4588 805 4639 conﬁrm.
844 4586 994 4657 llanc
1024 4590 1305 4657 epistolam
1341 4579 1669 4646 Possevinns
1695 4594 1748 4646 in

213 4659 449 4729 Apparatu
472 4658 841 4729 sncro,_verb0
870 4656 1162 4723 Fabianus,
1195 4676 1225 4713 a
1264 4661 1588 4727 quibusdam
1609 4702 1622 4725 ,
1656 4677 1752 4715 ne~

213 4726 319 4797 scio
346 4726 559 4791 quibus,
595 4727 759 4797 Veluti
782 4729 1152 4797 apocrypham
1203 4726 1350 4797 rejici
1399 4733 1611 4785 asserit.
1646 4732 1749 4797 Qui

211 4792 640 4868 conﬁrmationem
680 4792 1042 4868 alllelchiade
1078 4792 1374 4853 institutam
1422 4817 1541 4855 esse
1573 4792 1744 4868 aiunt,

209 4872 259 4938 et
299 4862 389 4917 hac
430 4874 487 4938 _et
526 4866 878 4938 pr:_ecedentis
927 4866 1131 4923 Urbani
1164 4872 1394 4938 epistola
1439 4872 1572 4926 satis
1600 4862 1748 4927 relu;

210 4936 384 4985 tantur.
426 4933 552 4989 Sat".
597 4934 715 4988 BIN.

267 4999 363 5070 (Ξο)
399 5002 461 5057 In
496 5006 593 5058 illa
624 5006 708 5057 die
742 5005 1018 5061 Dominus.
1056 5006 1126 5062 Ut
1154 5010 1389 5063 chrisma
1423 5010 1746 5065 conﬁciatur

205 5077 249 5120 et
291 5086 625 5153 consecretur
664 5075 796 5130 feria
832 5080 1020 5153 quinta
1070 5080 1122 5153 in
1151 5079 1319 5134 C(ena
1348 5080 1646 5153 Dominica,
1677 5084 1745 5135 ab

208 5146 437 5220 apo'Stolis
463 5146 771 5199 institutum
807 5146 927 5202 esse
954 5150 1047 5214 ait,
1076 5149 1304 5218 ideoque
1332 5150 1399 5203 ab
1422 5166 1482 5204 ea
1510 5167 1743 5205 consue-

210 5211 365 5287 tudine
396 5231 735 5284 nequaquam
765 5211 1121 5273 recedendum
1153 5211 1273 5273 esse
1296 5220 1556 5273 decernit.
1590 5221 1744 5276 llnnc

205 5288 341 5358 filum
385 5288 865 5358 eodenrtempore
914 5290 1260 5343 observatum
1311 5290 1477 5343 fuisse
1540 5292 1743 5346 indicat

205 5346 498 5428 (.Iyprianus,
526 5356 608 5408 vel
638 5346 888 5425 qui-squis
917 5369 1106 5412 auctor
1134 5367 1217 5413 est
1244 5360 1362 5428 ejus
1392 5360 1536 5424 libri,
1574 5378 1736 5415 set-ni.

204 5418 418 5501 de.unct_.
448 5418 701 5501 chris-Jul,
728 5418 817 5501 his
841 5430 1018 5483 verbis
1048 5448 1060 5483 :
1087 5430 1258 5501 Hodie
1272 5418 1340 5482 ’ἐκ
1374 5418 1610 5483 Ecclesia
1639 5433 1743 5501 (lo-

204 5495 358 5567 ﬁtlilur
381 5495 551 5569 dedie
576 5495 758 5569 Ctenae
787 5496 1025 5568 Domini)
1059 5500 1125 5551 ad
1156 5502 1407 5568 populant
1442 5495 1743 5569 acquisiiim

205 5565 268 5610 tua
306 5565 756 5641 sanctificandunt,
809 5573 862 5621 in
914 5565 1321 5637 participatione
1371 5565 1645 5637 dignitatis
1690 5582 1739 5625 et

206 5635 403 5709 heminis
432 5652 639 5688 sacrum
682 5635 1232 5708 cltristnaconﬁcitur,
1280 5643 1333 5692 in
1377 5635 1478 5709 quo
1523 5643 1736 5695 mixtum

206 5698 294 5778 οιερ
326 5702 628 5779 balsamum,
680 5711 835 5777 regia:
876 5698 1231 5763 sacerdotalis
1269 5698 1452 5779 gloriw
1493 5713 1738 5779 exprimit

205 5777 443 5854 feritatem,
466 5777 1026 5854 quibua_dignitatibus
1051 5777 1349 5854 initiandis,
1381 5777 1738 5854 divinitusest

206 5847 351 5893 unctio
374 5847 630 5901 instituta.
654 5847 848 5903 Eadem
885 5851 1224 5906 consuetudo
1259 5852 1528 5919 colligitur
1554 5868 1617 5905 ex
1644 5851 1737 5906 lsi-
