3882 6538
444 363 542 432 1⁵91

1764 370 1822 426 8.
1865 369 2135 425 FABIANI
2177 367 2376 424 PAPE

3597 351 3696 408 ιω

445 495 607 548 talem
627 492 1077 550 consuetudinem
1101 509 1210 548 non
1236 492 1565 558 habuerunt,
1591 506 1690 547 nec
1714 491 2020 546 habendam
2054 500 2095 555 Α
2129 507 2226 562 pos
2276 491 2522 545 locorum
2561 486 2926 557 singulorum,
2958 481 3204 538 omnium
3231 480 3325 550 qui
3364 476 3468 533 sub
3502 489 3692 530 eorum

445 586 786 651 docuerunt;
833 585 1086 640 similiter
1135 593 1189 638 et
1234 598 1584 639 successores
1612 597 1825 646 eorum,
1850 599 2023 653 quan-

447 692 614 744 quam
662 677 836 731 multa
870 677 938 732 de
988 676 1218 742 talibus,
1274 675 1634 745 praevidentcs
1669 673 1876 744 Spiritu
1927 674 2022 728 Dei

448 768 656 832 futura,
705 777 1031 824 statuerunt.
1071 767 1266 834 Porro,
1327 775 1386 822 ut
1441 767 1621 838 legitis
1675 768 1730 822 in
1794 768 2023 823 Actibus

449 860 846 933 apostolorum,
877 869 990 916 erat
1018 877 1076 915 eo
1096 872 1323 928 tempore
1352 861 1492 914 inter
1524 859 1708 930 ﬁdeles
1746 877 1837 914 cor
1860 876 2022 914 unum

445 963 497 1008 et
543 953 722 1007 anima
771 970 915 1019 una,
958 969 1119 1023 neque
1146 953 1341 1022 aliquis
1391 968 1570 1005 eorum
1617 951 1820 1022 aliquid
1867 967 2022 1005 suum

447 1046 718 1117 praprium
738 1046 968 1112 dicebat,
991 1047 1081 1099 sed
1107 1055 1256 1099 erant
1282 1045 1394 1099 illis
1433 1045 1611 1098 omnia
1633 1044 1936 1098 communia
1953 1043 2020 1096 ".

445 1134 602 1189 Nulla
635 1135 783 1190 enim
818 1135 960 1190 inter
979 1151 1074 1190 eos
1097 1137 1399 1203 accusatio,
1429 1135 1534 1190 nisi
1560 1133 1847 1190 familiaris
1871 1143 2017 1195 erat,

445 1242 550 1281 nec.
575 1242 816 1297 unquam
854 1229 994 1281 inter
1025 1228 1328 1282 imitatores
1348 1243 1537 1282 eorum
1570 1237 1665 1281 aut
1695 1226 1878 1282 fideles
1906 1227 2020 1280 ﬁeri

443 1317 626 1386 debet,
660 1317 874 1374 dicente
919 1317 1154 1373 Domino
1183 1337 1196 1373 :
1229 1317 1382 1384 Quod
1419 1319 1513 1372 tibi
1541 1335 1644 1372 non
1667 1319 1741 1372 vis
1767 1319 1913 1388 ﬁeri,
1939 1317 2023 1371 al-

447 1410 546 1462 teri
577 1426 680 1462 non
703 1411 874 1480 facias
901 1411 966 1464 ⁶⁰.
995 1410 1054 1466 ΕΙ
1087 1411 1228 1466 idem
1264 1429 1279 1467 :
1320 1411 1522 1483 Diliges
1545 1412 1845 1482 proximum
1872 1422 2021 1466 tuum

445 1505 583 1557 sicut
627 1505 850 1573 teipsum
877 1505 916 1537 ⁸⁸
949 1520 964 1570 ;
1011 1512 1066 1559 et
1113 1521 1127 1558 :
1165 1503 1389 1558 Dilectio
1414 1505 1648 1574 proximi
1691 1505 1889 1558 malum
1919 1522 2021 1560 non

447 1611 696 1668 operatur
721 1601 786 1654 “.
825 1599 931 1670 Ipsi
975 1615 1106 1671 ergo
1139 1600 1372 1671 apostoli
1431 1609 1484 1655 et
1541 1615 1889 1658 successores
1929 1617 2024 1656 eo-

446 1707 570 1746 rum
619 1693 749 1747 olim
807 1702 1150 1760 statuerunt,
1205 1707 1301 1748 eos
1347 1691 1416 1747 ad
1453 1693 1860 1748 accusationem
1911 1709 2023 1748 non

447 1781 648 1850 recipi,
673 1781 766 1851 qui
808 1792 936 1838 sunt
979 1782 1308 1853 suspecti",
1348 1782 1432 1837 vel
1478 1782 1571 1852 qui
1616 1783 1753 1850 heri,
1789 1793 1885 1838 aut
1923 1800 2025 1838 nu-

2123 586 2326 654 degunt
2356 581 2403 616 ⁷³
2434 579 2829 644 moderamine,
2857 592 3049 634 curam
3081 575 3284 630 habere
3307 570 3619 634 sollicitam,
3648 579 3700 622 et

2122 690 2320 732 causas
2363 672 2732 742 utilitatesque
2771 687 2963 727 eorum
3004 683 3129 724 cum
3169 666 3262 723 Dei
3292 667 3486 720 timore
3513 662 3701 732 dispo-

2123 789 2272 829 nere.
2303 771 2467 826 Valde
2496 785 2626 841 ergo
2652 769 2900 840 iniquum
2923 774 3028 831 est,
3055 774 3114 820 ut
3138 764 3228 819 alii
3255 761 3504 834 quilibet,
3537 758 3702 813 omis-

2123 865 2200 920 sis
2227 864 2362 931 suis,
2398 879 2458 919 se
2493 863 2710 917 illorum
2740 860 2925 916 causis
2955 857 3314 914 admisceant.
3352 851 3458 908 Sed
3493 850 3572 905 illi
3612 863 3702 904 eo-

2123 973 2243 1011 rum
2273 957 2440 1012 vitam
2471 963 2528 1011 et
2550 955 2817 1025 judicium
2857 948 3184 1021 competenti
3217 943 3567 1018 regularique
3602 941 3702 996 de-

2122 1049 2285 1104 beant
2319 1049 2690 1104 moderamine
2733 1047 3045 1115 disponere,
3088 1041 3183 1113 qui
3224 1055 3321 1095 eos
3352 1039 3404 1092 in
3439 1035 3702 1092 sacerdo-

2122 1141 2258 1196 tium
2281 1141 2558 1204 ordinant,
2594 1149 2648 1194 et
2675 1153 2704 1192 a
2727 1137 2927 1208 quibus
2953 1135 3069 1205 jam
3103 1130 3338 1186 ordinati
3359 1136 3520 1193 sunt;
3559 1138 3704 1195 quo-

2122 1235 2292 1298 niam,
2347 1241 2408 1287 ut
2457 1232 2543 1287 lex
2591 1230 2856 1301 loquitur,
2908 1225 3219 1281 maledictus
3263 1221 3434 1276 omnis
3483 1225 3562 1272 est
3613 1219 3704 1286 qui

2124 1326 2376 1395 transfert
2414 1325 2660 1377 terminos
2696 1322 2925 1392 proximi
2971 1319 3078 1373 sui.
3115 1316 3184 1370 Et
3221 1313 3357 1368 dixit
3400 1311 3574 1366 omnis
3611 1326 3706 1380 po-

2121 1418 2275 1487 pulus
2310 1432 2329 1469 :
2370 1416 2535 1470 Amen
2557 1414 2623 1468 ⁷⁸.
2663 1414 2807 1468 Deus
2827 1427 2978 1482 ergo,
3010 1409 3209 1464 fratres
3237 1409 3304 1473 ⁷⁵,
3334 1405 3402 1460 ad
3434 1405 3542 1458 hoc.
3567 1417 3706 1471 prie»

2123 1507 2399 1563 ordinavit
2427 1521 2545 1570 vos,
2578 1514 2631 1559 et
2653 1520 2845 1560 omnes
2876 1503 2966 1572 qui
2994 1513 3209 1556 summo
3237 1493 3548 1553 sacerdotio
3581 1491 3702 1546 fun-

2124 1610 2346 1671 guntur,
2382 1608 2440 1653 ut
2468 1599 2766 1668 iujustitias
2795 1595 3141 1657 removcalis,
3168 1602 3222 1647 et
3246 1587 3703 1662 praesumptiones

2124 1692 2492 1757 abscindatis,
2538 1701 2593 1746 et
2631 1690 2684 1744 in
2721 1687 3029 1744 sacerdotio
3073 1681 3443 1739 laborantibus
3475 1691 3704 1734 succur-

2126 1789 2280 1850 ratis,
2328 1797 2382 1841 et
2413 1787 2460 1818 ⁷⁶
2491 1783 2802 1855 opprobriis
2851 1790 2907 1836 et
2955 1777 3359 1835 calamitatibus
3398 1788 3593 1828 eorum
3627 1770 3706 1824 lo-

447 1873 765 1928 diustertius
793 1915 808 1939 ,
873 1874 954 1928 vel
1018 1874 1222 1929 dudum
1301 1873 1524 1929 fuerunt
1586 1875 1828 1941 inimici,
1886 1891 2025 1946 quo-
2055 1871 2096 1926 Β
2125 1892 2250 1931 cum
2270 1890 2380 1929 non
2410 1873 2731 1945 praebeatis;
2760 1871 2853 1927 sed
2879 1871 2953 1935 ei,
2976 1869 3072 1938 qui
3093 1867 3421 1924 calumniam
3442 1872 3491 1918 et
3511 1875 3702 1932 oppro-

449 1964 597 2017 niam
658 1965 895 2034 suspecti
947 1964 1076 2020 facti
1131 1976 1278 2030 sunt,
1337 1974 1392 2019 et
1449 1966 1541 2035 qui
1591 1981 1702 2021 non
1757 1978 1884 2022 sunt
1927 1969 2026 2022 bo-

450 2071 535 2110 nae
584 2057 1104 2125 conversationis“,
1136 2059 1219 2113 vel
1245 2075 1481 2129 quorum
1511 2059 1622 2114 vita
1645 2069 1727 2115 cst
1750 2063 2029 2116 accusabi-

447 2147 537 2215 lis,
567 2156 662 2202 aut
693 2147 843 2204 dubii
875 2150 931 2203 in
953 2158 1096 2205 recta
1115 2150 1239 2206 fide.
1260 2150 1522 2208 Similiter
1541 2168 1777 2222 quorum
1803 2154 1936 2210 fides
1954 2155 2024 2220 ⁵⁸,

444 2241 554 2294 vita
594 2249 646 2295 et
686 2241 910 2296 libertas
950 2242 1225 2308 nescitur,
1277 2242 1364 2297 vel
1399 2244 1490 2313 qui
1526 2242 1765 2298 infamia:
1795 2245 2026 2299 maculis

443 2340 574 2387 sunt
621 2332 851 2399 aspersi,
897 2341 993 2386 aut
1046 2333 1346 2388 sceleribus
1372 2334 1564 2388 irretiti
1590 2335 1655 2389 “.
1687 2333 1874 2405 Neque
1905 2351 2025 2401 eos,

443 2425 756 2479 sacerdotes
791 2424 990 2479 debere
1033 2425 1117 2479 vel
1161 2440 1324 2494 posse
1359 2435 1453 2481 aut
1483 2427 1714 2482 clericos
1743 2443 2024 2493 accusare,

443 2517 534 2587 qui
575 2516 678 2570 rite
719 2517 1031 2571 sacerdotes
1063 2515 1178 2570 fieri
1213 2532 1323 2571 non
1359 2527 1614 2587 possunt,
1653 2535 1755 2575 nec
1787 2519 1871 2574 sui
1898 2529 2030 2576 sunt

444 2609 700 2674 ordinis;
728 2609 989 2680 quoniam
1028 2611 1171 2663 sicut
1207 2611 1524 2667 sacerdotes
1568 2613 1653 2668 vel
1686 2612 1881 2684 reliqui
1919 2615 2028 2670 cle-

444 2701 542 2756 rici
587 2717 617 2756 a
667 2701 1013 2756 saecularium
1057 2701 1324 2758 laicorum
1375 2703 1746 2760 excluduntur
1796 2721 2028 2761 accusa-

445 2793 596 2848 tione
619 2833 635 2858 ,
675 2793 749 2847 ita
791 2794 869 2848 illi
910 2794 979 2848 ab
1009 2794 1239 2848 istorum
1282 2804 1411 2849 sunt
1445 2795 1767 2851 excludendi
1803 2807 1858 2852 et
1882 2799 2017 2854 alie-

445 2886 610 2940 nandi
656 2886 1061 2942 criminatione.
1099 2887 1165 2940 Et
1219 2888 1362 2942 sicut
1412 2889 1502 2942 isti
1545 2890 1616 2944 ab
1665 2889 1774 2945 illis
1815 2891 1858 2922 "
1889 2931 1904 2956 ,
1953 2891 2028 2944 ita

442 2991 498 3032 et
531 2978 606 3032 illi
639 2977 709 3032 ab
741 2977 863 3033 istis
899 2994 1006 3032 non
1040 2979 1408 3049 recipiantur;
1461 2981 1720 3050 quoniam
1754 2981 1898 3036 sicut
1921 2980 2029 3035 Do-

444 3069 578 3122 mini
614 3070 957 3124 sacerdotum
1000 3079 1282 3140 segregata
1332 3071 1490 3125 debet
1529 3085 1650 3125 esse
1689 3072 2030 3126 conversatio

443 3163 514 3216 ab
537 3177 728 3217 eorum
771 3162 1212 3227 conversatione,
1257 3162 1425 3216 itaet
1453 3163 1714 3233 litigatio;
1752 3165 1879 3234 quia
1912 3181 2027 3218 scr-

2127 1968 2304 2024 brium
2332 1969 2570 2038 patitur,
2602 1963 2931 2035 adjutorium
2964 1960 3187 2026 feratis,
3239 1959 3387 2012 illum
3425 1970 3580 2020 vero,
3610 1951 3702 2023 qui

2127 2061 2455 2118 calumniam
2505 2058 2591 2113 vel
2637 2056 2992 2127 opprobrium
3030 2053 3192 2116 facit,
3240 2049 3600 2112 abscindatis,
3655 2054 3707 2100 et

2127 2153 2362 2208 Domino
2413 2154 2466 2206 in
2507 2151 2624 2208 suis
2653 2147 3029 2204 sacerdotibus
3066 2160 3224 2215 opem
3254 2142 3464 2198 feratis.
3511 2140 3706 2194 Sacer-

2127 2247 2283 2300 dotes
2317 2259 2536 2313 quoque
2565 2229 2831 2295 Dominus
2854 2239 2956 2294 sibi
2984 2238 3164 2307 elegit,
3212 2243 3272 2289 ut
3296 2232 3607 2288 sacrificent
3632 2229 3703 2294 ei,

2128 2348 2181 2392 et
2210 2337 2440 2392 offerant
2465 2334 2769 2390 oblationes
2807 2331 3058 2387 Domino.
3099 2329 3316 2384 Levitas
3354 2339 3578 2396 quoque
3606 2324 3708 2378 sub

2128 2432 2209 2484 eis
2240 2445 2362 2484 esse
2383 2428 2548 2498 jussit
2580 2427 2631 2481 in
2663 2425 2984 2480 ministeriis
3013 2437 3226 2478 eorum.
3262 2417 3416 2474 Unde
3454 2417 3523 2472 ad
3553 2415 3707 2486 Μογ

2130 2538 2224 2578 S'cn
2285 2521 2551 2590 loquitur,
2604 2519 2834 2574 dicens:
2874 2517 3124 2585 Princeps
3182 2522 3354 2567 autem
3404 2511 3709 2581 principum

2129 2615 2433 2670 chitarum
2465 2611 2712 2674 Eleazar,
2757 2609 2900 2679 ﬁlius
2927 2610 3108 2663 Aaron
3137 2605 3425 2660 sacerdotis
3451 2645 3467 2667 ,
3489 2604 3591 2657 erit
3616 2619 3710 2655 su-

2129 2725 2220 2777 per
2250 2706 2578 2759 excubitores
2616 2703 2850 2758 ecclesiw
2889 2699 3184 2755 sanctuarii
3223 2698 3289 2751 ⁷⁷.
3337 2696 3413 2750 De
3440 2695 3526 2750 his
3556 2695 3706 2750 enim

2132 2799 2346 2852 locutus
2380 2805 2469 2851 est
2503 2794 2768 2848 Dominus
2791 2793 2858 2848 ad
2895 2791 3136 2864 Moysem
3171 2809 3184 2844 :
3213 2788 3358 2843 Tolle
3378 2787 3591 2841 Levitas
3611 2801 3710 2857 pro

2130 2889 2494 2960 primogenitis
2541 2887 2773 2958 ﬁliorum
2818 2885 3011 2949 Israel,
3061 2893 3109 2938 et
3163 2899 3350 2952 pecora
3401 2880 3708 2935 Levitaritrn

2129 3000 2226 3055 pro
2260 2982 2530 3053 pecoribus
2565 2997 2744 3035 eorum
2765 3021 2780 3043 ,
2804 2990 3057 3051 eruntque
3083 2978 3276 3032 Levitw
3301 2978 3422 3030 mei.
3459 2975 3570 3046 Ego
3598 2975 3709 3028 Do-

2133 3081 2306 3134 minus
2323 3079 2390 3128 ".
2412 3077 2468 3133 Si
2485 3077 2701 3133 Levitas
2719 3091 2848 3131 suos
2873 3090 2995 3130 esse
3013 3073 3277 3128 Dominus
3294 3070 3482 3137 voluit,
3498 3077 3720 3140 quanto

2135 3172 2312 3242 magis
2363 3171 2677 3226 sacerdotes
2720 3169 2823 3222 sibi
2856 3167 3084 3223 ascivit?
3123 3164 3200 3220 De
3246 3165 3446 3235 quibus
3486 3164 3567 3217 ait
3601 3181 3614 3216 :
3648 3161 3713 3216 Si

441 3271 562 3308 rum
608 3254 707 3307 Dei
754 3271 855 3307 non
901 3264 1100 3323 oportet
1133 3255 1348 3325 litigare
1373 3254 1438 3310 ⁸⁸.
1477 3253 1662 3321 Tales,
1714 3256 2028 3312 charissimi
2061 3255 2100 3312 C
2136 3265 2251 3335 quis
2275 3275 2607 3317 externorum
2646 3263 2940 3324 accesserit,
2975 3259 3230 3314 morietur
3250 3259 3315 3310 "’.
3349 3255 3545 3311 Omnia
3576 3269 3720 3309 vero

443 3348 656 3410 fratres,
691 3347 1094 3412 accusationes,
1143 3357 1198 3401 et
1229 3347 1461 3414 injustas
1490 3355 1585 3402 aut
1610 3349 1834 3405 nocivas
1860 3365 2030 3403 acmu-

442 3441 697 3503 lationes,
749 3455 848 3509 pro
899 3441 1109 3494 viribus
1141 3439 1425 3508 prohibete
1447 3481 1462 3505 ,
1515 3435 1643 3510 quia
1679 3447 1958 3496 contentio
1982 3443 2026 3474 “

397 3515 401 3523 λ
441 3547 791 3601 summopere
823 3542 908 3588 est
952 3531 1196 3586 vitanda.
1247 3530 1449 3601 Septies
1483 3534 1622 3587 enim
1669 3535 1819 3587 cadet
1843 3534 2026 3603 justus

441 3625 497 3677 in
525 3623 646 3691 die,
673 3633 721 3676 et
756 3634 1011 3694 resurget,
1043 3624 1205 3696 :impii
1234 3633 1411 3677 autem
1444 3634 1689 3678 corruent
1719 3625 1773 3678 in
1805 3626 2023 3680 malum.

441 3713 574 3767 Cum
601 3715 846 3769 ceciderit
880 3715 1127 3768 inimicus
1154 3724 1301 3778 tuus,
1339 3715 1416 3769 ait
1462 3714 1751 3780 Salomon,
1798 3732 1862 3770 ne
1895 3734 2027 3787 gau-

441 3812 591 3875 deas,
634 3817 685 3861 et
735 3809 790 3861 in
841 3810 998 3863 ruina
1043 3810 1156 3880 ejus
1197 3826 1302 3863 non
1347 3808 1573 3862 exsultet
1611 3825 1704 3862 cor
1738 3819 1934 3875 tuum;
1963 3827 2025 3864 ne

441 3902 582 3970 forte
606 3903 778 3956 videat
806 3899 1085 3968 Dominus,
1128 3909 1178 3955 et
1215 3900 1497 3971 displiceat
1531 3901 1599 3967 ei,
1642 3911 1691 3955 et
1721 3903 1933 3972 auferat
1959 3903 2023 3956 ab

437 4011 498 4047 eo
535 3995 670 4048 iram
717 4012 890 4050 suam.
952 3993 1073 4048 Non
1131 3994 1416 4047 contendas
1465 4010 1582 4047 cum
1625 3997 1891 4063 pessimis,
1934 4011 2024 4048 nec

438 4085 701 4139 a‘muleris
746 4088 957 4156 impios,
1009 4088 1263 4156 quoniam
1320 4104 1422 4140 non
1469 4085 1659 4139 [tabent
1718 4087 2024 4156 futurorum

439 4193 581 4246 spem
625 4177 773 4242 mali,
815 4188 863 4230 et
912 4177 1130 4229 lucerna
1179 4179 1461 4246 impiorum
1494 4180 1875 4248 exstinguetur.
1910 4176 2023 4232 Nec

438 4269 703 4323 temulcris
747 4271 884 4324 viros
932 4271 1122 4336 malos,
1165 4287 1256 4324 nec
1302 4271 1566 4326 desideres
1619 4289 1730 4326 esse
1761 4289 1878 4326 cum
1921 4273 2019 4336 eis,

437 4361 563 4430 quia
603 4363 842 4430 rapinam
880 4361 1168 4415 meditatur
1205 4380 1348 4416 mens
1373 4380 1574 4429 eorum,
1611 4375 1661 4417 et
1692 4365 1908 4433 fraudes
1939 4366 2023 4418 la-

439 4453 530 4505 bia
586 4469 770 4506 eorum
825 4456 1112 4523 loquuntur
1144 4456 1209 4507 τθ.
1259 4455 1383 4510 Ilaec
1420 4465 1630 4524 cavete,
1685 4457 2018 4526 charissimi.

439 4542 568 4599 Haec
609 4546 968 4612 meditamini,
1001 4556 1055 4600 et
1085 4546 1347 4601 fratribus
1382 4548 1435 4600 in
1473 4549 1731 4604 omnibus
1765 4550 2021 4604 solatium

437 4643 691 4707 praestate
728 4655 740 4690 :
781 4637 910 4706 quia
957 4638 1010 4690 in
1054 4637 1148 4690 hoc
1183 4649 1490 4708 cognoscent
1526 4655 1702 4693 omnes
1731 4681 1746 4705 ,
1804 4648 1861 4693 ut
1905 4640 2020 4710 ipsa
2054 4618 2097 4672 D

436 4743 534 4798 per
572 4744 632 4784 se
670 4727 881 4784 Veritas
913 4732 1018 4794 ait,
1056 4733 1307 4800 quoniam
1349 4733 1448 4784 mei
1491 4733 1618 4785 estis
1651 4733 1924 4802 discipuli,
1973 4735 2019 4788 si

435 4821 767 4876 dilectionem
810 4822 1100 4876 habueritis
1141 4823 1210 4876 ad
1242 4824 1464 4877 invicem
1485 4825 1552 4877 “.
1583 4824 1640 4878 Si
1671 4826 1812 4879 enim
1852 4827 1903 4879 in
1931 4815 2044 4880 re-’

435 4914 540 4968 bus
570 4914 616 4946 "
659 4914 1018 4969 swcularibus
1050 4929 1208 4968 suum
1245 4915 1510 4984 cujusque
1541 4915 1634 4985 jus
1685 4929 1739 4971 ct
1767 4917 2020 4988 proprius

434 5006 570 5061 ordo
596 5007 900 5062 servandus
933 5017 1047 5072 est,
1089 5017 1296 5077 quanto
1332 5011 1507 5079 magis
1539 5010 1591 5063 in
1626 5011 2019 5065 ecclesiasticis

432 5099 882 5168 dispositionibus
918 5101 1065 5154 nulla
1115 5101 1274 5156 debet
1306 5102 1490 5158 induci
1536 5101 1829 5157 confusio?
1861 5101 2015 5168 Quod

433 5190 535 5244 is:a
565 5192 950 5246 observatione
992 5193 1393 5262 observabitur,
1449 5198 1493 5252 si
1546 5197 1680 5251 nihil
1735 5197 2011 5265 potestati,

433 5284 528 5338 sed
564 5291 736 5338 totum
773 5284 1016 5355 aequitati
1067 5286 1342 5343 tribuitur.
1390 5287 1544 5343 Unde
1567 5298 1783 5343 constat
1804 5290 2016 5359 cpisco-

509 5422 552 5495 ’ξ
593 5421 712 5477 Act.
742 5440 815 5490 ιν,
847 5425 935 5480 52.
1013 5425 1057 5456 ⁶⁰
1099 5423 1290 5479 Matth.
1336 5443 1430 5490 vu,
1466 5428 1569 5495 12;
1619 5428 1732 5482 Luc
1759 5446 1832 5482 vt.

432 5493 479 5524 "
503 5491 677 5566 Itoni.
714 5511 834 5566 xm,
860 5496 944 5549 10.
1022 5495 1068 5526 ⁵³
1089 5495 1278 5566 Ambr.
1307 5511 1392 5566 ep.
1419 5498 1506 5551 6-1.

430 5563 559 5637 coll.
601 5564 691 5616 19.
801 5565 931 5637 ⁸⁷2.
967 5583 1024 5637 q_
1089 5565 1120 5618 7
1144 5563 1355 5637 ἰδίῳ(
1385 5569 1716 5624 sacerdotes.

432 5630 474 5708 ξέ
499 5631 814 5708 ξοειιηκιιι,
853 5635 943 5689 55.
984 5630 1004 5637 ’
1039 5637 1086 5668 ’³
1114 5634 1196 5708 Δὃ.
1251 5635 1410 5708 Greg.
1437 5653 1522 5708 ep.
1577 5640 1667 5692 121
1701 5641 1795 5694 lib.
1827 5657 1922 5694 vn.

432 5858 484 5901 ε.
517 5842 606 5900 5f.

2137 3373 2259 3426 qua:
2305 3355 2515 3410 Domini
2545 3365 2692 3419 sunt,
2723 3362 2878 3408 caule
2906 3351 3187 3406 tractanda
3217 3359 3363 3414 sunt,
3395 3358 3450 3404 et
3481 3362 3592 3402 non
3628 3348 3712 3401 le-

2137 3450 2274 3504 viter
2306 3447 2720 3519 praecipitanda;
2753 3448 3012 3516 quoniam
3040 3453 3097 3500 et
3137 3444 3277 3498 inter
3311 3442 3562 3497 homines
3607 3455 3718 3511 pro

2139 3540 2386 3595 fidelibus
2415 3539 2706 3600 habentur,
2745 3536 2838 3605 qui
2872 3534 3219 3589 dominorum
3251 3546 3478 3588 suorum
3509 3545 3715 3587 causas

2133 3634 2274 3689 bene
2302 3631 2638 3694 custodiunt,
2684 3637 2739 3684 et
2772 3628 2998 3681 fideliter
3026 3636 3280 3691 tractant,
3307 3637 3469 3695 atque
3498 3639 3709 3694 praece-

2135 3741 2226 3796 pta
2259 3725 2605 3779 dominorum
2659 3737 2882 3776 suorum
2932 3723 3073 3778 bene
3105 3719 3436 3783 custodiunt,
3480 3725 3537 3771 et
3596 3729 3714 3769 non

2135 3813 2623 3884 transgrediuntur.
2652 3808 2758 3863 Pro
2785 3808 3094 3865 infidelibus
3122 3824 3249 3864 vero
3280 3813 3604 3876 reputantur
3629 3803 3716 3868 hi,

2132 3907 2224 3978 qui
2274 3906 2622 3960 dominorum
2666 3920 2891 3959 suorum
2941 3917 3136 3957 causas
3195 3902 3410 3954 incaute
3439 3905 3493 3952 et
3526 3897 3711 3966 negli-

2131 4010 2320 4070 genter
2362 4008 2633 4064 tractaut,
2667 4008 2721 4053 et
2763 4005 3030 4067 praecepta
3059 4008 3252 4050 eorum
3293 3989 3626 4060 despiciunt,
3655 3998 3714 4042 et

2131 4107 2261 4157 non,
2298 4100 2357 4145 ut
2385 4091 2602 4153 debent,
2642 4089 2978 4145 custodiunt.
3011 4086 3135 4140 Ideo
3169 4084 3282 4139 hare
3313 4080 3711 4154 praemisimus,

2132 4192 2191 4236 ut
2215 4191 2581 4253 cognoscatur
2603 4181 2672 4234 ab
2699 4181 2802 4245 his,
2835 4179 3036 4248 quibus
3064 4176 3399 4246 incognitum
3425 4183 3532 4237 est,
3556 4172 3709 4242 quod

2130 4283 2187 4330 et
2230 4275 2540 4330 sacerdotes
2583 4287 2721 4343 quos
2749 4271 2850 4326 sibi
2889 4270 3153 4323 Dominus
3177 4267 3244 4321 de
3277 4265 3536 4320 omnibus
3561 4266 3712 4320 asci-

2129 4371 2226 4435 vit,
2258 4375 2312 4423 et
2347 4384 2478 4422 suos
2513 4382 2636 4422 esse
2665 4366 2856 4422 voluit.
2892 4379 3000 4416 non
3036 4370 3162 4416 sunt
3189 4359 3376 4414 leviter
3410 4359 3710 4418 tractandi,

2129 4477 2234 4516 nec
2260 4459 2558 4523 lacerandi,
2596 4473 2696 4512 nec
2717 4465 2920 4511 temere
2945 4452 3234 4509 accusandi
3283 4459 3377 4504 aut
3404 4449 3710 4514 reprehen-

2129 4555 2313 4617 dendi,
2366 4555 2469 4606 nisi
2509 4568 2539 4606 a
2580 4549 2860 4620 magistris
2887 4549 3023 4611 suis,
3069 4544 3329 4616 quoniam
3355 4557 3544 4597 eorum
3577 4557 3713 4595 cau-

2128 4663 2217 4702 sas
2253 4645 2358 4700 sibi
2405 4644 2670 4697 Dominus
2713 4655 2996 4696 rescrvare
3022 4636 3228 4700 voluit,
3282 4642 3338 4690 et
3365 4649 3468 4690 suo
3496 4632 3712 4702 judicio

2130 4736 2418 4790 vindicari.
2468 4732 2602 4786 Nam
2633 4732 2689 4784 in
2723 4731 2811 4785 his
2834 4740 2887 4784 et
2915 4732 2967 4782 in
2999 4727 3122 4780 aliis
3153 4726 3436 4795 praeceptis
3465 4723 3709 4784 Domini,

2126 4836 2181 4882 et
2221 4825 2408 4881 ﬁdeles
2437 4833 2881 4894 cognoscuntur,
2920 4829 2974 4874 et
3027 4818 3274 4872 infideles
3318 4814 3708 4884 reprobantur.

2128 4918 2417 4974 'l‘olcrandi
2465 4919 2610 4972 enim
2646 4916 2701 4969 hi
2746 4923 2873 4971 sunt
2917 4911 3102 4982 potius
3155 4927 3184 4964 a
3233 4908 3504 4973 fidelibus,
3540 4923 3712 4977 quam

2124 5011 2492 5083 exprobrandi
2518 5052 2533 5076 ,
2569 5007 2734 5063 veluti
2758 5007 2913 5077 palea
2943 5019 3067 5059 cum
3100 5003 3279 5056 tritico
3303 5043 3318 5067 ,
3349 5016 3527 5070 usque
3555 5000 3604 5031 ⁸ο
3641 5000 3709 5053 ad

2130 5107 2378 5159 ultimum
2408 5103 2795 5166 ventilabrum,
2831 5102 2972 5155 sicut
2999 5099 3176 5168 pisces
3205 5095 3330 5150 mali
3364 5108 3489 5149 cum
3525 5093 3704 5154 bonis,

2126 5216 2298 5270 usque
2334 5199 2398 5252 ad
2431 5196 2862 5269 scgrcgationem
2884 5236 2900 5262 ,
2935 5209 3056 5263 qua:
3087 5190 3266 5245 futura
3301 5197 3385 5242 est
3412 5187 3467 5240 in
3496 5185 3705 5246 littore,

2123 5293 2226 5348 hoc
2266 5300 2370 5358 est,
2427 5291 2482 5344 in
2530 5293 2635 5344 fine
2680 5288 2886 5343 saeculi.
2931 5285 3249 5339 Nullatenus
3281 5293 3412 5350 ergo
3446 5285 3634 5348 potest
3659 5276 3706 5310 ⁸⁸

1929 5428 1970 5459 ⁶¹
1996 5427 2129 5483 Tob.
2164 5445 2235 5490 Iv,
2296 5427 2381 5493 l6;
2418 5426 2606 5481 Matth.
2635 5441 2771 5488 xui,
2802 5424 2892 5490 '59;
2930 5422 3096 5476 Marc.
3127 5437 3226 5486 ιιιι,
3249 5420 3339 5493 51ς
3370 5417 3504 5493 Luc.
3529 5416 3705 5493 ξιξ-ι.

1586 5501 1631 5530 ⁸³
1657 5502 1880 5553 Adrian.
1905 5500 2029 5552 Coll.
2064 5500 2148 5553 15.

1795 5570 1840 5601 ⁸⁸
1891 5568 1937 5621 ll
2003 5568 2142 5622 Tim.
2195 5587 2250 5625 ιι.

2035 5640 2082 5671 ⁷⁸
2111 5642 2255 5695 Idem
2284 5655 2370 5710 ep.
2413 5639 2482 5692 66
2511 5637 2754 5710 ejusdem
2800 5635 2944 5710 libri.

431 5700 566 5785 ἐξ..
589 5704 707 5785 q._l
737 5705 928 5785 :_Dcus
953 5721 1084 5778 ergo
1105 5705 1322 5785 fratres.
1361 5700 1445 5739 ’⁷⁸
1470 5700 1819 5785 I’roclus_ep.
1853 5709 1919 5785 ad
1945 5709 2270 5785 Domniunm
2293 5700 2420 5785 A'nt.
2495 5700 2724 5785 ’fNum.
2754 5703 2954 5785 "1,52.

435 5785 469 5824 1.
506 5773 576 5851 lit
608 5773 622 5774 ί
661 5773 709 5807 ⁸⁸
761 5773 820 5830 S.
875 5773 1107 5846 August.
1141 5792 1193 5832 tv
1223 5777 1438 5833 advers.
1462 5779 1673 5845 Cresc.,
1696 5773 1789 5843 ἰδ’,
1813 5790 1865 5836 et
1888 5782 2211 5838 de'utilitate
2240 5779 2588 5851 paenitentiae,
2622 5793 2741 5847 cap.
2797 5776 2883 5830 12.

3397 5489 3443 5520 ⁸³
3472 5489 3708 5543 Adrian.

3017 5564 3065 5594 "°
3095 5562 3256 5616 Prov.
3285 5559 3519 5623 xxiv,”
3549 5573 3701 5628 seqq.

3047 5633 3094 5664 ⁷⁵
3119 5633 3337 5687 Denter.
3389 5645 3564 5693 xxvu,
3617 5631 3703 5683 17.

3059 5704 3106 5736 ⁷⁸
3132 5702 3268 5757 Ibid.
3289 5701 3380 5756 45.
3458 5701 3505 5732 ⁷⁵
3532 5699 3700 5753 Num.

2989 5775 3029 5805 ⁸¹
3063 5773 3250 5828 Const.
3287 5771 3355 5825 Μ.
3384 5773 3512 5828 coll.
3569 5769 3701 5824 Adr.

2227 5500 2272 5533 ⁵⁸
2305 5500 2358 5551 5.
2384 5515 2437 5567 q.
2472 5499 2506 5553 5
2533 5518 2546 5552 :
2582 5492 3317 5567 Suspeclosnautentjuimic.

2329 5565 2637 5622 “Adrian.
2694 5565 2818 5620 Coll.
2873 5565 2925 5620 5.
