3882 6488
456 313 556 369 I95

1784 307 1841 361 8.
1888 303 2165 359 FABIANI
2206 303 2407 358 PAPIE

3596 303 3691 359 I96

450 433 710 504 Exemplo
742 434 911 489 Cham
940 432 1031 487 ﬁlii
1060 431 1175 486 Noe
1196 432 1216 463 ’
1248 470 1263 494 ,
1314 431 1641 485 damnantur
1669 428 1763 498 qui
1801 436 2016 498 patrum
2051 431 2096 485 Α
2123 424 2193 479 ob
2223 424 2325 477 hoc
2354 423 2418 477 ad
2444 420 2721 492 fastigium
2758 418 3094 476 sacerdotale
3131 420 3409 492 provexit,
3439 429 3496 475 ut
3540 437 3694 475 man-

449 543 672 582 suorum
715 528 902 596 culpas
936 527 988 579 in
1020 525 1295 595 publicum
1330 522 1567 591 produnt
1602 521 1645 586 ⁸,
1684 529 1777 574 aut
1804 535 1899 574 eos
1928 535 2018 573 ac-

450 634 646 674 cusare
676 619 761 673 vel
790 619 1072 673 detrahere
1101 623 1439 685 prasumunt
1470 632 1484 667 :
1516 612 1683 667 veluti
1707 612 1898 677 Cham,
1923 612 2017 680 qui

454 711 626 780 patris
658 711 741 764 sui
770 708 883 763 Noe
909 707 1154 777 pudenda
1191 721 1300 760 non
1330 706 1564 776 operuit,
1604 705 1696 759 sed
1728 704 2018 759 deridenda

452 803 790 856 monstravit.
833 799 1094 853 Similiter
1125 809 1180 853 et
1204 800 1279 853 illi
1306 799 1555 867 exemplo
1588 796 1715 851 Sem
1744 804 1797 850 et
1822 794 2020 865 Japhet

446 896 813 964 justiticantur
836 893 877 957 ’,
913 892 1004 961 qui
1041 900 1351 945 reverenter
1375 891 1661 959 operiunt,
1689 896 1743 943 et
1766 902 1869 941 non
1893 902 2019 957 pro—

448 986 584 1039 dunt
613 1000 672 1039 ea
714 1000 833 1052 qua:
866 992 1045 1052 patres
1074 999 1204 1038 suos
1234 982 1534 1038 excessisse
1555 989 1914 1052 cognoscunt.
1956 978 2014 1032 Si

445 1077 588 1131 enim
621 1092 650 1130 a
691 1078 793 1131 lide
825 1076 1121 1130 deviaverit
1160 1076 1448 1146 cpiscopus
1479 1115 1493 1140 ,
1529 1075 1632 1128 erit
1666 1071 2018 1143 corrigendus

445 1169 597 1238 prius
618 1178 823 1223 secrete
853 1185 882 1222 a
907 1168 1138 1223 subditis
1168 1169 1300 1223 suis.
1348 1166 1506 1234 Quod
1537 1168 1582 1220 si
1608 1164 2015 1235 iucorrigibilis,

444 1258 591 1327 quod
636 1259 811 1313 absit!
866 1256 1212 1325 apparuerit,
1261 1263 1392 1309 tunc
1435 1254 1538 1307 erit
1569 1250 1910 1307 accusandus
1949 1249 2018 1303 ad

442 1350 705 1418 primates
753 1365 901 1414 suos,
921 1359 1015 1403 aut
1043 1349 1109 1403 ad
1141 1348 1321 1402 sedent
1358 1346 1732 1416 apostolicam.
1764 1342 1868 1396 Pro
1897 1342 2017 1396 aliis

447 1458 575 1497 vero
610 1444 821 1498 actibus
849 1443 964 1497 suis
998 1442 1172 1511 magis
1197 1449 1278 1494 est
1309 1439 1618 1493 tolerandus
1655 1439 1723 1490 ab
1746 1436 1938 1490 ovibus
1966 1442 2019 1489 et

446 1535 679 1590 subditis
709 1535 857 1597 suis,
898 1549 1060 1603 quam
1097 1531 1463 1593 accusandus,
1499 1538 1592 1583 aut
1618 1528 1829 1597 publice
1862 1526 2020 1579 dero-

444 1627 691 1696 ganulus;
736 1627 862 1696 quia
909 1640 1032 1679 cum
1066 1624 1117 1676 in
1149 1624 1228 1677 eis
1258 1639 1285 1677 a
1333 1621 1564 1677 subditis
1595 1618 1925 1688 delinquitur
1949 1616 2013 1681 ‘°,

442 1715 564 1783 ejus
610 1715 939 1769 ordinationi
988 1714 1256 1778 obviatur,
1310 1713 1402 1782 qui
1433 1727 1526 1766 eos
1567 1711 1616 1764 ei
1643 1709 1898 1779 prmtulit,
1931 1708 2016 1762 di-

442 1817 598 1863 cente
632 1808 891 1877 Apostolo
928 1826 942 1863 :
978 1808 1073 1861 De:
1119 1806 1445 1859 ordinationi
1493 1806 1710 1869 resistit,
1751 1805 1841 1873 qui
1869 1812 2014 1873 pote—

441 1903 571 1956 stati
604 1902 799 1955 resistit
824 1903 887 1954 “.
938 1899 1042 1965 Qui
1081 1915 1210 1953 vero
1244 1899 1667 1967 omnipotentem
1708 1894 1875 1949 Deum
1905 1909 2017 1947 me-

443 1997 550 2049 tuit
583 1995 648 2059 ",
675 2011 772 2050 nec
799 2005 989 2048 contra
1018 1992 1395 2061 Evangelium,
1431 2005 1531 2044 nec
1562 1997 1753 2043 contra
1794 1995 2015 2056 aposto-

442 2086 547 2149 los,
576 2102 676 2141 nec
700 2095 894 2141 contra
920 2085 1213 2155 prophetas
1238 2084 1319 2137 vel
1352 2089 1663 2137 sanctorum
1692 2078 1912 2133 Patrum
1936 2080 2018 2131 in-

441 2177 656 2241 stituta,
681 2161 883 2245 aliquid
916 2176 1025 2230 ullo
1050 2174 1211 2229 modo
1237 2189 1397 2245 agere
1419 2173 1708 2227 consentit.
1747 2169 2014 2224 Sacerdo-

440 2278 522 2324 tes
564 2284 692 2338 ergo
741 2267 1044 2322 honorandi
1078 2275 1227 2328 sunt,
1270 2282 1377 2319 non
1411 2264 1683 2319 lacerandi
1719 2262 1799 2315 vel
1825 2276 2019 2331 expro-

437 2360 631 2416 brandi
678 2368 823 2414 sunt.
859 2358 1080 2429 Legitur
1105 2357 1158 2410 in
1195 2355 1579 2410 Ecclesiastico
1617 2370 1629 2406 :
1670 2351 1735 2405 In
1766 2361 1876 2404 tota
1905 2352 2020 2403 ani-

439 2470 525 2507 ma
558 2463 650 2507 tua
693 2453 815 2505 time
858 2451 1051 2517 Deum,
1103 2459 1151 2503 et
1203 2449 1501 2502 sacerdotes
1544 2445 1692 2499 illius
1717 2444 2013 2511 sanctiﬁca.

440 2547 510 2601 In
546 2547 691 2600 omni
720 2545 916 2599 virtute
946 2552 1037 2596 tua
1068 2542 1231 2611 dilige
1254 2556 1369 2594 eum
1398 2540 1487 2608 qui
1523 2547 1569 2591 te
1599 2537 1755 2607 fecit,
1792 2545 1839 2589 et
1868 2535 2018 2588 mini-

439 2647 577 2691 stros
620 2636 733 2705 ejus
785 2652 887 2689 non
933 2633 1289 2703 derelinquas.
1346 2630 1567 2683 Honora
1613 2628 1780 2681 Deum
1808 2643 1872 2682 ea:
1908 2636 2018 2680 tota

440 2730 621 2783 anima
647 2737 765 2794 tua,
814 2735 863 2780 et
912 2726 1207 2793 honoriﬁca
1232 2724 1576 2784 sacerdotem,
1601 2730 1649 2775 et
1682 2736 1943 2789 propurgu
1970 2730 2017 2772 te

440 2838 559 2875 cum
602 2821 855 2874 brachiis.
904 2818 984 2872 Da
1025 2817 1111 2871 illi
1149 2826 1387 2886 partem,
1425 2816 1563 2867 sicut
1595 2812 1903 2864 mandatum
1942 2825 2018 2865 est

442 2914 557 2977 tibi,
606 2913 987 2983 primitiarum,
1048 2919 1097 2964 et
1138 2910 1201 2962 de
1250 2906 1563 2978 negligentia
1594 2921 1761 2974 purga
1805 2914 1852 2957 te
1898 2920 2016 2957 cum

438 3007 640 3076 paucis.
693 3004 895 3057 Datum
949 3002 1284 3056 brachiorum
1335 3010 1567 3061 tuorum,
1598 3007 1646 3051 et
1693 2997 2017 3066 sacriﬁcium

438 3098 882 3168 sanctiﬁcationis
916 3096 1106 3165 o/feres
1140 3094 1389 3159 Domino,
1420 3102 1468 3146 et
1494 3092 1647 3144 initia
1672 3100 2015 3155 sanctorum;

436 3202 487 3247 et
515 3192 732 3262 pauperi
766 3190 978 3259 porrige
1018 3204 1233 3241 manum
1271 3198 1438 3252 tuam,
1474 3194 1531 3237 ut
1571 3184 1875 3254 perﬁciatur
1901 3199 2018 3253 pro-

437 3286 648 3355 pitiatio
681 3293 729 3338 et
768 3282 1057 3337 benedictio
1108 3291 1201 3333 tua
1234 3278 1297 3334 ⁸³.
1337 3277 1463 3333 Haec
1492 3293 1600 3332 non
1644 3277 2015 3331 tantummodo

437 3378 618 3444 vobis,
664 3376 758 3431 sed
798 3374 1057 3429 omnibus
1090 3371 1355 3426 fratribus
1380 3385 1476 3440 per
1497 3385 1594 3424 vos
1616 3378 1746 3423 nota
1785 3368 2016 3423 lierivo-

436 3468 640 3533 lumus,
680 3475 741 3520 ut
781 3465 1097 3529 unanimes,
1133 3478 1300 3517 tinum
1339 3461 1656 3525 sentientes,
1696 3474 2015 3530 permanea-

437 3577 563 3615 mus
590 3561 642 3614 in
668 3558 886 3613 Christo
915 3556 1050 3610 nihil
1080 3570 1176 3624 per
1198 3553 1603 3609 contentionem
1636 3552 1794 3606 nobis
1828 3550 1892 3616 ν’,
1920 3565 2014 3603 ne-

439 3670 545 3724 que
582 3667 678 3723 per
714 3651 929 3705 inanem
962 3646 1190 3716 gloriam
1220 3645 1595 3708 vindicantes,
1640 3657 1748 3695 non
1777 3639 2014 3694 homini-

440 3744 562 3807 bus,
585 3741 677 3797 sed
713 3741 821 3795 Deo
845 3738 1114 3798 Salvatori
1138 3742 1324 3789 nostro
1354 3733 1649 3802 placentes.
1681 3727 1780 3784 Cui
1815 3739 1897 3785 est
1923 3730 2016 3783 lto-

440 3852 541 3890 nor
573 3844 626 3890 et
654 3832 823 3905 gloria
847 3832 903 3885 in
932 3830 1256 3886 saeculorum
1283 3824 1500 3880 smcula.
1532 3824 1725 3878 Amen.

995 3960 1337 4017 EPISTOLA
1378 3957 1466 4013 lll.

875 4073 941 4112 AD
982 4070 1241 4111 IIILARIUI
1281 4064 1594 4107 ειηεαορυιι.

443 4153 507 4203 Ut
532 4152 791 4216 peregrina
810 4151 992 4211 judicia
1022 4151 1322 4207 respuantur
1339 4148 1489 4216 atque
1525 4141 1783 4216 accusatus
1827 4136 2013 4216 inzgsuo

504 4200 611 4263 loco
638 4200 841 4262 clausam
876 4224 1013 4259 suam
1056 4200 1290 4271 peragat,
1316 4212 1370 4254 et
1408 4200 1469 4253 ut
1501 4203 1659 4271 omnis
1694 4203 1778 4263 qui
1821 4200 2012 4271 crimen

503 4261 697 4336 objicit,
741 4261 924 4323 scribat
971 4285 1026 4319 se
1054 4261 1393 4336 probitorum,
1418 4271 1486 4336 et‘
1509 4267 1551 4314 si
1587 4277 1685 4336 non
1711 4261 2013 4323 probaverit

501 4327 850 4399 quod_objicit,
876 4327 1070 4395 ptenani
1087 4344 1233 4393 quam
1267 4329 1513 4387 intulerit,
1538 4327 1766 4389 patiatur.

442 4446 484 4500 l.
542 4443 646 4509 Qui
669 4460 769 4497 non
794 4442 1009 4495 debeant
1033 4437 1246 4509 admitti
1273 4435 1342 4489 ad
1374 4432 1784 4488 accusationem.

444 4515 508 4570 ll.
546 4508 621 4568 De
660 4512 941 4583 peregrinis
956 4508 1199 4579 judiciis.

442 4585 530 4639 Ill.
578 4582 667 4637 De
695 4582 937 4653 pulsatis.

444 4654 535 4711 ιν.
575 4654 634 4710 Si
671 4640 785 4725 ciuis
814 4655 983 4706 iratus
1029 4648 1225 4702 crimen
1259 4645 1503 4716 objecerit
1524 4684 1539 4711 ,
1566 4641 1643 4697 vel
1674 4640 1873 4709 objecta
1910 4654 2011 4693 non
2032 4694 2055 4715 ⁸

445 4796 511 4852 ν.
555 4726 912 4921 δῗνὲἕὲἒῖῖιᾏ
945 4800 1223 4848 accusatus
1250 4788 1422 4844 sedem
1459 4783 1804 4855 apostolicam
1832 4778 2011 4849 appel-

608 4877 735 4921 avit.

608 4877 735 4921 avit.

496 4978 855 5035 Dilectissimo
893 4976 1045 5031 fratri
1086 4973 1315 5029 IIILARIO
1349 4971 1605 5041 episcopo
1645 4964 1934 5020 FABIANUS.

517 5068 721 5123 Divinas
761 5068 906 5122 circa
948 5081 1046 5120 nos
1083 5063 1269 5135 gratiae.
1308 5073 1580 5116 memores
1616 5058 1658 5088 ¹⁸
1698 5068 1820 5109 esse
1853 5051 2016 5107 debe-

448 5174 604 5226 mus,
633 5158 727 5230 qui
768 5174 866 5214 nos
904 5173 999 5227 per
1026 5153 1355 5226 dignationis
1403 5166 1516 5207 suae
1553 5146 2013 5211 misericordiam,

520 5342 541 5374 τ
564 5341 757 5396 Cenes.
789 5357 866 5395 rx.
962 5338 982 5370 ⁸
1013 5335 1138 5391 lsid.
1172 5352 1254 5397 Ill,
1289 5340 1429 5388 sent.
1462 5332 1550 5386 59.

449 5411 764 5476 Past.ttt,c.
798 5412 850 5465 5.
931 5409 970 5441 “
1003 5406 1161 5460 Rom.
1195 5420 1319 5476 stin,
1353 5402 1407 5455 2.

448 5463 654 5539 His."
686 5463 1017 5535 "illlilarius
1047 5491 1184 5545 papa
1210 5475 1269 5528 S.
1301 5463 1498 5545 Leonis
1533 5463 1962 5545 successoruep.
1998 5463 2051 5545 δὲ

450 5527 518 5607 ad
541 5527 711 5605 linem
753 5527 1201 5618 iis'iitié'ébtiuita
1228 5527 1514 5618 habentur
1545 5541 1707 5618 etiam
1752 5537 1814 5618 in
1827 5527 2160 5618 δεξεμ-’δίμί
2188 5527 2273 5618 ill.
2301 5596 2331 5618 ρ
2351 5527 2396 5558 η
2410 5527 2751 5618 ἑὰν-ἰξοιέἓέ

1914 5604 1960 5635 ²⁰
1998 5603 2052 5656 ὅ.
2084 5607 2274 5670 quaest.
2301 5596 2334 5651 6
2365 5615 2377 5650 :
2410 5598 2468 5670 Si
2499 5596 2624 5670 quis
2667 5596 3071 5670 episc0porurn.

1521 5655 1853 5741 δέ,
1880 5673 1970 5732 56.
2011 5655 2120 5726 ext
2153 5672 2376 5741 interpr.
2426 5655 2623 5719 Arriani
2667 5655 2721 5715 in
2770 5655 2971 5741 foris}.
3017 5655 3072 5741 2,

1881 5715 1974 5775 ’τί
2001 5715 2703 5809 δῖ’-(ι.’λ”ἶίδᾜιέέι-ιίξὲιῃιῇ
2770 5729 2816 5763 ³⁵
2850 5724 3153 5809 Ad‘r.‘col'l':.
3186 5718 3373 5809 9’56.

452 5605 541 5687 ᾖ,
572 5637 638 5676 ex
667 5622 799 5673 Cod.
830 5605 1069 5681 Themi,
1106 5617 1207 5687 lib.
1230 5630 1302 5675 ιι,
1335 5613 1417 5687 tit.
1448 5612 1499 5675 l,
1524 5617 1712 5687 cons}:
1750 5605 1836 5687 12'.

454 5694 511 5746 Si
542 5692 664 5761 quis
698 5692 815 5762 jud.

453 5748 574 5816 libri
606 5779 653 5815 .\'l
678 5748 811 5815 Cod.
841 5758 1073 5820 Theod.,
1106 5770 1316 5809 necnon
1341 5760 1537 5820 notata
1559 5748 1853 5820 AntiAug.

452 5833 485 5887 6
502 5873 517 5899 ,
548 5833 649 5899 Qui
673 5832 899 5890 crimen.

2050 1769 2092 1824 Β

1679 5329 1699 5359 ⁸
1729 5326 1861 5395 Sup.
1888 5323 2143 5395 habetur
2180 5319 2320 5373 idem
2368 5316 2423 5368 in
2460 5312 2631 5395 epist;
2665 5306 3151 5395 Anacleti‘ullinma.

1488 5401 1530 5433 ¹³
1564 5400 1649 5453 ii.
1677 5415 1734 5468 q.
1760 5390 1838 5450 '5':
1869 5394 1973 5460 Qui
1999 5390 2447 5468 omnipotentem:

1071 5796 1897 5887 δέ’ῖᾶεῖξδῇῗῐὴξέἱ’Ᾱὶιῖεῗιὶο
1928 5814 1984 5870 in
2012 5796 2189 5868 cotist.
2213 5809 2266 5875 5,
2296 5808 2380 5863 tit.
2436 5803 2600 5879 primi
2652 5802 2748 5856 rm.
2799 5815 2851 5853 ιι
2883 5796 3036 5873 cod.

2120 514 2262 569 datis
2296 515 2466 583 ipsius
2510 513 2872 577 inhaerentes,
2907 521 2961 567 et
2994 512 3046 566 in
3083 513 3315 583 quadam
3354 514 3692 568 sacerdotum

2118 606 2235 675 ejus
2272 605 2487 673 specula
2526 604 2842 668 constituti,
2870 604 3259 673 prohibeamus
3298 604 3483 659 illicita
3513 613 3568 659 et
3608 620 3693 658 se-

2118 695 2333 763 quenda
2357 693 2672 748 doceamus.
2710 692 2765 747 ln
2793 703 3004 748 tantum
3038 696 3185 749 enim
3220 695 3271 748 in
3304 696 3550 750 occiduis
3578 711 3695 764 par-

2118 786 2264 839 tibus
2286 825 2300 849 ,
2338 785 2538 855 quibus
2564 786 2798 840 moraris
2820 829 2833 852 ,
2861 786 3167 839 audivimus
3197 787 3454 841 astutiam
3490 787 3693 841 diaboli

2118 877 2309 933 saevire
2340 878 2394 931 in
2420 878 2676 947 populum
2709 879 2751 910 ⁸⁸
2783 877 3150 934 Christianum
3176 920 3191 947 ,
3216 891 3379 948 atque
3407 880 3693 948 multiplici

2118 969 2433 1038 deceptione
2463 985 2813 1039 prorumpere
2836 1009 2851 1035 ,
2885 978 2946 1024 ut
2969 986 3079 1025 non
3107 971 3281 1026 solum
3314 972 3482 1027 laicos
3518 987 3696 1027 saecu-

2118 1059 2259 1114 lares
2283 1101 2298 1125 ,
2323 1061 2413 1114 sed
2449 1062 2596 1130 ipsos
2629 1076 2848 1130 quoque
2892 1060 3106 1115 Domini
3151 1062 3459 1117 sacerdotes
3486 1071 3698 1132 premat

2117 1162 2276 1222 atque.
2304 1162 2476 1207 vexet.
2508 1151 2660 1207 Unde
2685 1194 2699 1219 ,
2730 1153 2782 1207 in
2814 1154 2999 1223 grandi
3031 1170 3264 1208 maerore
3310 1154 3505 1224 positi,
3530 1155 3697 1208 dissi-

2118 1245 2326 1301 mulare
2361 1262 2467 1301 non
2503 1262 2795 1315 possumus
2833 1245 2979 1315 quod
3013 1246 3284 1315 corrigere
3310 1246 3566 1300 atrociter
3602 1247 3696 1298 de-

2118 1339 2329 1394 bemus.
2368 1337 2707 1407 Quapropter
2755 1347 3069 1407 competens
3106 1338 3409 1392 adhibenda
3450 1351 3533 1392 est
3575 1339 3697 1391 tali-

2119 1432 2219 1486 bus
2255 1433 2458 1487 medela
2488 1434 2834 1497 vulneribus,
2868 1448 2936 1487 ne
2973 1432 3264 1487 immatura
3306 1432 3532 1487 curandi
3568 1431 3700 1485 faci-

2117 1524 2275 1587 litas,
2327 1524 2606 1580 mortifera
2658 1526 2851 1594 capitis
2900 1535 3048 1595 peste
3104 1525 3237 1578 nihil
3284 1524 3559 1593 possit”,
3600 1524 3696 1578 sed

2119 1619 2339 1690 segnius
2371 1628 2538 1673 tracta
2569 1621 2837 1688 pernicies
2858 1659 2873 1685 ,
2917 1629 3067 1673 reatu
3106 1634 3211 1673 non
3249 1620 3501 1689 legitimae
3526 1633 3695 1671 cura-

2116 1710 2311 1775 tionis,
2340 1711 2575 1766 involvat
2601 1712 2804 1781 pariter
2832 1713 3106 1766 sauciatos
3133 1721 3184 1765 et
3216 1712 3510 1765 medentes.

2188 1885 2225 1941 l.
2247 1887 2326 1943 Ob
2344 1887 2399 1942 id
2412 1903 2539 1959 ergo
2564 1896 2861 1943 statuentes
2881 1888 3225 1943 decernimus
3244 1895 3303 1941 ιιι
3319 1887 3444 1952 hi”,
3466 1887 3558 1956 qui
3582 1902 3697 1942 non

2117 1995 2245 2039 sunt
2277 1984 2432 2039 bonae
2460 1983 2889 2039 conversationis
2914 2021 2928 2047 ,
2952 1992 3045 2037 aut
3076 1998 3308 2052 quorum
3342 1982 3453 2036 vita
3483 1992 3567 2036 est
3598 1998 3697 2037 ac—

2117 2077 2393 2142 cusabilis,
2418 2084 2511 2129 aut
2533 2091 2764 2145 quorum
2790 2076 2945 2139 fides,
2968 2076 3078 2129 vita
3106 2084 3157 2129 et
3181 2074 3405 2129 libertas
3428 2074 3697 2139 nescitur,

2118 2184 2225 2222 non
2254 2168 2463 2238 possint
2500 2167 2715 2222 Domini
2762 2168 3071 2222 sacerdotes
3114 2180 3373 2220 accusare
3399 2204 3413 2229 ,
3456 2181 3523 2219 ne
3556 2167 3699 2219 viles

2116 2276 2360 2331 persona:
2402 2262 2467 2315 ad
2518 2260 2922 2315 accusationem
2966 2274 3154 2313 eorum
3198 2238 3571 2312 admittantur.
3608 2256 3699 2310 Si-

2117 2353 2317 2407 militer
2340 2352 2426 2416 hi,
2457 2351 2549 2422 qui
2583 2353 2637 2405 in
2657 2352 2932 2422 aliquibps
2953 2349 3274 2405 criminibus
3305 2348 3499 2403 irretiti
3537 2360 3695 2412 sunt,

2117 2446 2199 2500 vel
2237 2445 2328 2515 qui
2369 2453 2496 2498 sunt
2532 2441 2856 2512 suspiciosi,
2901 2458 3087 2496 vocem
3125 2443 3410 2496 adversum
3454 2442 3700 2511 majores

2117 2548 2245 2592 natu
2282 2552 2387 2592 n0n
2428 2538 2665 2591 habeant
2695 2535 3027 2598 accusandi;
3073 2536 3199 2603 quia
3243 2534 3549 2603 suspiciosa
3586 2549 3698 2587 vox

2116 2637 2171 2683 et
2196 2627 2415 2681 inimica
2437 2627 2720 2681 veritatem
2744 2626 2885 2681 solet
2913 2625 3240 2693 opprimere.

2187 2785 2249 2840 ll.
2276 2783 2564 2855 Peregrina
2592 2797 2721 2837 vero
2746 2783 2788 2814 ¹⁹
2806 2780 3033 2851 judicia,
3053 2779 3201 2833 salva
3222 2777 3274 2831 in
3293 2776 3545 2832 omnibus
3562 2791 3699 2845 apo-

2115 2877 2308 2932 stolica
2349 2874 2690 2937 auctoritate,
2720 2872 2958 2943 generali
2987 2870 3268 2926 sanctione
3296 2867 3654 2936 prohibemus
3680 2908 3695 2929 ,

2115 2969 2242 3039 quia
2288 2966 2568 3037 indignum
2604 2973 2687 3021 est
2727 2965 2795 3018 ab
2836 2963 3076 3017 externis
3102 3002 3116 3025 ,
3165 2969 3226 3016 ut
3265 2960 3559 3029 judicetur,
3602 2962 3695 3029 qui

2116 3059 2475 3131 provinciales
2509 3067 2563 3112 et
2603 3073 2634 3123 ει
2676 3068 2733 3111 se
2777 3056 2980 3110 electos
3021 3054 3179 3109 debet
3222 3052 3697 3120 haberejudices,

2043 3138 2083 3193 (ἶ
2116 3154 2221 3208 nisi
2259 3153 2421 3207 fuerit
2463 3151 2811 3221 appellatum.
2862 3146 3012 3201 Unde
3056 3155 3269 3216 oportet
3298 3147 3366 3212 ⁸ο,
3400 3146 3445 3197 si
3487 3144 3693 3213 aliquis

2115 3248 2491 3317 episcoporum
2531 3258 2694 3312 super
2726 3242 2887 3296 certis
2922 3248 3211 3295 accusetur
3245 3237 3569 3293 criminibus
3591 3277 3607 3300 ,
3643 3248 3699 3290 ut

2115 3342 2184 3395 ab
2213 3338 2468 3395 omnibus
2497 3337 2750 3391 audiatur
2779 3335 2871 3404 qui
2906 3343 3034 3388 sunt
3076 3333 3132 3386 in
3174 3330 3454 3400 provincia
3481 3330 3699 3398 episco-

2117 3432 2223 3503 pis,
2254 3431 2381 3502 quia
2410 3445 2518 3484 non
2564 3436 2778 3498 Oportet
2815 3432 3129 3481 accusatum
3163 3422 3393 3487 alicubi,
3428 3437 3597 3490 quam
3643 3423 3697 3473 in

2116 3526 2236 3582 foro
2273 3539 2373 3580 suo
2398 3565 2411 3588 ,
2441 3524 2639 3577 audiri.
2683 3522 2739 3576 Si
2790 3521 2915 3591 quis
2954 3535 3085 3573 vero
3115 3518 3355 3589 judicem
3400 3517 3698 3571 adversum

2115 3619 2215 3675 sibi
2238 3618 2469 3673 senserit
2500 3618 2565 3680 ²¹,
2598 3630 2783 3670 vocem
2810 3613 3189 3684 appellationis
3214 3610 3471 3665 exhibeat.
3492 3610 3557 3663 ".
3585 3610 3699 3679 Ap-

2114 3711 2401 3781 pellantem
2446 3716 2625 3763 autem
2662 3723 2768 3761 non
2801 3707 2958 3760 debet
2985 3704 3201 3759 afﬂictio
3230 3703 3336 3756 ulla
3374 3712 3468 3755 aut
3505 3700 3700 3754 άρῑυη-

2114 3804 2279 3858 tionis
2315 3802 2573 3872 injuriare
2596 3799 2881 3865 custodia;
2926 3798 3020 3852 sed
3062 3796 3223 3850 liceat
3264 3794 3583 3864 appellatori
3621 3794 3699 3845 vi-

2114 3896 2302 3950 tiatam
2330 3910 2550 3949 causam
2580 3889 2958 3962 appellationis
2990 3888 3231 3942 remedio
3258 3884 3563 3941 sublevare.
3603 3881 3698 3936 Li-

2115 3996 2235 4042 ceat
2279 3986 2444 4040 etiam
2492 3986 2546 4038 in
2590 3984 2772 4039 causis
2820 3980 3197 4037 criminalibus
3245 3977 3538 4047 appellare.
3583 3972 3701 4029 Nec

2112 4094 2218 4133 vox
2256 4076 2556 4147 appellandi
2594 4078 2891 4145 denegetur
2925 4071 3013 4137 ei,
3052 4083 3214 4139 quem
3254 4063 3524 4137 supplicio
3562 4078 3699 4117 sen-

2115 4169 2286 4225 tentia
2312 4165 2621 4223 destinarit.

2184 4330 2272 4385 ιιι.
2296 4329 2549 4383 Pulsatus
2567 4334 2693 4380 ante
2705 4336 2863 4378 suum
2881 4318 3120 4391 judicem
3139 4328 3360 4371 causam
3384 4311 3529 4367 dica‘t
3547 4311 3619 4377 ¹³;
3645 4321 3701 4365 ct

2114 4434 2239 4480 ante
2268 4438 2378 4478 non
2417 4435 2577 4477 suum
2607 4417 2845 4488 judicem
2869 4453 2883 4479 ,
2917 4412 3163 4483 pulsatus
3188 4449 3202 4473 ,
3235 4409 3283 4464 si
3310 4406 3579 4470 voluerit,
3619 4415 3699 4459 ta-

2112 4530 2270 4581 ceat;
2304 4524 2359 4569 et
2391 4522 2453 4568 ut
2473 4510 2723 4583 pulsatis,
2762 4506 2981 4579 quoties
3005 4499 3428 4575 appellaverint,
3456 4496 3699 4551 inducite

2114 4611 2311 4666 dentur
2345 4606 2410 4659 ιδ.

2189 4767 2280 4821 ιν.
2302 4766 2361 4821 Si
2390 4765 2516 4835 quis
2537 4778 2665 4833 ergo
2688 4763 2861 4816 iratus
2881 4757 3088 4812 crimen
3117 4748 3336 4822 aliquod
3359 4746 3581 4803 cuilibet
3618 4756 3698 4800 te-

2116 4876 2265 4917 mere
2304 4857 2653 4928 obiecerit",
2689 4851 2999 4909 convicium
3044 4862 3151 4901 non
3197 4855 3278 4900 est
3323 4856 3423 4912 pro
3465 4854 3698 4894 accusa-

2117 4954 2264 5008 tione
2285 4948 2591 5005 habendum
2620 4965 2635 5014 ;
2666 4944 2789 5009 sed,
2820 4939 3087 5013 permisso
3114 4934 3378 4991 tractandi
3405 4930 3613 5001 spatio,
3640 4929 3694 4983 id

2119 5041 2265 5115 quod
2302 5043 2472 5097 iratus
2495 5038 2632 5094 dixit
2662 5038 2732 5101 ",
2757 5050 2852 5104 per
2877 5032 3204 5102 scripturam
3241 5042 3299 5083 se
3329 5026 3692 5095 probaturum

2121 5150 2242 5191 esse
2271 5133 2501 5188 fateatur
2527 5148 2541 5197 ;
2573 5139 2668 5193 ut,
2697 5127 2741 5183 si
2771 5125 3002 5181 fortasse
3029 5121 3359 5191 resipiscens
3381 5160 3395 5182 .
3428 5132 3551 5187 qua:
3580 5131 3697 5185 pra:

3255 5302 3296 5333 ⁸ο
3340 5298 3399 5352 S.
3434 5296 3693 5365 Gregor.,

2526 5382 2568 5414 “
2593 5375 3077 5442 Eccli.vn,iSl-56.
3158 5374 3407 5425 “Innoc.
3439 5366 3481 5448 1..
3517 5382 3605 5488 ep].
3630 5366 3690 5429 2,

2526 5468 2566 5489 ιη
2604 5452 2635 5489 '7
2738 5451 2779 5481 1⁷
2803 5448 2976 5489 nanti:
3009 5454 3158 5489 nesm
3192 5457 3297 5489 non
3329 5448 3521 5489 anStt.
3603 5451 3686 5489 ulc

2129 5438 2363 5512 i{liciis
2387 5454 2474 5520 lll,
2499 5452 2660 5522 ep.7.
2687 5520 2694 5522 Α
2738 5451 2779 5481 ³⁷
2803 5438 2986 5522 captis
3009 5454 3158 5522 peste
3187 5457 3297 5522 _n_on
3329 5438 3521 5522 prpsit.

2351 5509 2396 5558 η
2430 5509 2564 5579 Ᾰὼῖ.
2597 5520 2720 5577 coll.
2743 5560 2757 5585 ,
2819 5509 2888 5573 cf
2922 5509 3027 5570 l5."
3102 5513 3144 5546 “
3186 5509 3342 5565 idem
3376 5509 3507 5562 Adr.
3565 5520 3691 5626 cas.

2365 5615 2376 5627 -
2410 5598 2464 5634 Si
2499 5593 2624 5634 nni:
2671 5592 3071 5634 anigmnnrum.
3183 5583 3227 5613 ἰ
3290 5581 3341 5634 1.
3393 5583 3587 5634 quaest.
3671 5613 3691 5634 ,

3183 5594 3227 5613 "
3290 5594 3341 5643 1,
3393 5594 3587 5648 quazss.
3620 5594 3692 5639 0,

3121 5653 3191 5707 15
3225 5660 3280 5706 et
3316 5650 3407 5715 20,
3459 5648 3543 5702 tit.
3594 5644 3692 5709 50,

3121 5763 3134 5769 -
3186 5737 3235 5769 (ἶ-
3286 5718 3373 5769 56.
3468 5719 3513 5749 ’⁸
3554 5716 3604 5769 1-
3628 5729 3691 5769 0.

3091 5729 3134 5777 il.
3186 5737 3235 5777 c.
3286 5729 3373 5775 56.
3468 5729 3513 5749 ’⁸
3554 5729 3691 5783 Lq.

3091 5790 3298 5848 Theod.
