3882 6490
151 297 235 351 197
1559 299 1694 355 ΕΡΙΕ

1797 300 1943 357 μιΑς.

3291 312 3392 366 198

150 413 403 472 Iracundia
440 414 609 476 dixit,
638 416 841 472 iterare
880 426 975 473 aut
1015 419 1253 473 scribere
1290 420 1545 486 noluerit,
1595 437 1704 476 non
1738 436 1779 491 Α
1810 439 2013 492 iniqua,
2046 432 2096 478 et
2133 441 2284 478 nemo
2318 441 2419 479 non
2451 426 2685 495 objiciet.
2716 426 2779 482 In
2816 438 3089 498 conspectu
3114 431 3391 484 oculorum

150 520 201 563 ut
223 524 335 563 reus
363 509 608 562 criminis
643 518 911 563 teneatur.
952 511 1142 566 Omnis
1177 527 1307 580 ergo
1329 555 1341 578 ,
1372 514 1465 583 qui
1499 514 1702 568 crimen

154 602 319 670 objicit
358 601 425 663 ”,
471 588 678 654 scribat
722 618 781 656 se
823 604 1201 672 probaturum.
1244 604 1448 659 Revera
1492 621 1705 676 semper

152 694 211 747 ibi
240 709 391 748 causa
416 704 628 763 agatur,
667 695 757 748 ubi
783 696 987 749 crimen
1021 697 1342 751 admittitur.
1378 697 1444 752 Et
1471 699 1561 767 qui
1598 715 1700 752 non

152 788 428 857 probaverit
489 787 635 856 quod
693 787 923 855 objeoit,
979 803 1194 857 poenam
1244 805 1407 859 quam
1456 791 1703 845 intulerit

151 884 247 949 ipse
268 880 518 948 patiatur.

203 1053 478 1108 V.Placuit
507 1056 694 1121 etiam,
715 1064 775 1111 ut
794 1056 837 1112 si
869 1058 1158 1128 episcopus
1191 1069 1483 1115 accusatus
1518 1062 1700 1131 appel~

145 1147 313 1201 laven’t
332 1147 397 1201 ad
418 1150 775 1218 apostolicam
796 1153 977 1208 sedem
994 1154 1059 1218 ’⁸,
1089 1153 1141 1207 id
1172 1154 1519 1209 statuendum
1552 1156 1700 1225 quod

144 1241 360 1309 ejusdem
403 1243 545 1297 sedis
585 1243 827 1312 pontifex
863 1246 1157 1300 censuerit.
1196 1244 1323 1301 Haec
1359 1254 1539 1301 tamen
1581 1264 1701 1303 om-

145 1335 255 1387 nino
273 1334 329 1388 in
356 1336 700 1390 sacerdotum
726 1353 892 1393 causa
925 1338 1097 1393 forma
1122 1350 1386 1404 servetur,
1413 1356 1479 1395 ne
1509 1356 1701 1410 quem-

144 1442 282 1494 quam
318 1428 621 1492 sententia,
659 1446 765 1484 non
801 1446 831 1483 a
864 1446 963 1486 suo
992 1432 1177 1501 judice
1212 1434 1352 1488 dicta
1377 1475 1391 1498 ,
1426 1435 1699 1489 constrin-

145 1522 300 1588 gat".
334 1518 636 1576 Occurrere
683 1539 902 1593 quoque
947 1526 1179 1594 quisque
1228 1525 1468 1580 fidelium
1522 1528 1697 1583 ruinis

144 1614 710 1683 deliet‘oppressorum
751 1625 802 1670 et
848 1617 1170 1673 miserorum
1211 1620 1456 1674 subsidio
1487 1620 1555 1687 ³ο,
1586 1637 1697 1690 quo

142 1705 369 1769 valeant,
402 1722 468 1760 ex
512 1708 841 1763 revelatione
884 1711 1075 1765 aliena:
1105 1711 1391 1778 vindictae,
1424 1729 1455 1767 a
1502 1730 1559 1769 se
1600 1714 1694 1769 Dei

145 1812 396 1851 removere
448 1798 744 1854 vindictam
790 1802 856 1857 ³⁸.
905 1802 1061 1857 Libat
1102 1805 1248 1858 enim
1294 1805 1525 1860 Domino
1571 1822 1696 1875 pro-

144 1902 296 1956 spera,
323 1890 413 1958 qui
443 1890 512 1944 ab
539 1891 753 1947 alllictis
782 1894 931 1962 pellit
966 1896 1212 1951 adversa.
1246 1895 1401 1952 Unde
1432 1898 1693 1967 scriptum

142 1988 247 2032 est:
281 1979 473 2034 Frater
502 1982 724 2050 fratrem
762 1985 1019 2055 adjuvans
1052 1988 1382 2043 exaltabitur
1415 1992 1478 2044 ³⁸.
1508 1990 1696 2046 Eccle-

144 2074 210 2127 sia
232 2074 369 2128 enim
396 2074 489 2130 Dei
519 2078 637 2132 sine
667 2081 877 2135 macula
904 2092 956 2136 et
991 2098 1123 2154 ruga
1153 2084 1311 2139 debet
1344 2086 1579 2141 eximere
1600 2129 1613 2152 ,
1644 2096 1697 2141 et

143 2164 246 2218 ideo
273 2181 375 2219 non
412 2177 625 2236 oportet
656 2185 774 2223 eam
815 2186 845 2224 a
878 2172 1206 2241 quibusdam
1255 2177 1565 2230 conculcari
1603 2187 1697 2232 aut

146 2256 403 2321 maculari,
432 2257 562 2326 quia
590 2259 854 2328 scriptum
883 2269 1001 2315 est:
1041 2260 1155 2316 Una
1187 2273 1263 2317 est
1287 2264 1529 2317 columba
1558 2283 1692 2334 mea,

142 2348 349 2414 perfecta
389 2365 505 2402 mea
535 2348 601 2404 ⁸³.
633 2348 773 2406 lline
806 2353 1001 2407 iterum
1044 2353 1304 2410 Dominus
1347 2357 1412 2410 ad
1458 2356 1694 2429 Moysem

146 2438 209 2490 ait
240 2455 254 2491 :
286 2437 377 2491 Est
409 2440 555 2493 locus
590 2458 743 2510 penes
780 2460 892 2511 me,
922 2453 971 2497 et
1006 2446 1173 2499 stabis
1202 2464 1356 2515 super
1390 2459 1591 2515 petram
1626 2450 1692 2506 “.

140 2531 259 2597 Quis
287 2544 367 2590 est
409 2537 563 2591 locus
592 2537 657 2603 ³⁵,
684 2538 778 2608 qui
810 2555 916 2593 non
955 2540 1023 2595 sit
1056 2540 1299 2609 Domini,
1331 2544 1461 2599 dum
1499 2556 1695 2601 cuncta

145 2626 190 2679 in
228 2628 366 2697 ipso,
415 2646 513 2699 per
554 2648 713 2701 quem
763 2642 943 2687 creata
977 2647 1138 2699 sunt,
1177 2637 1568 2692 continentur?
1604 2638 1698 2694 Est

146 2730 302 2775 tamen
337 2722 492 2778 locus
517 2726 663 2793 apud
696 2723 889 2787 Deum,
926 2726 1176 2781 videlicet
1206 2739 1409 2784 sancta:
1442 2728 1698 2787 Ecclesiae

144 2812 324 2875 unitas,
353 2814 407 2867 in
430 2830 535 2884 qua
569 2831 731 2885 supra
762 2825 966 2885 petram
1004 2826 1197 2881 statur,
1230 2820 1357 2873 dum
1395 2822 1697 2879 confessio-

143 2903 217 2957 nis
250 2906 493 2961 soliditas
557 2907 834 2962 humiliter
866 2918 1096 2964 tenetur.
1128 2910 1233 2973 Te,
1272 2910 1458 2977 frater,
1498 2924 1549 2969 et
1586 2930 1699 2970 om-

144 3011 229 3051 nes
259 2996 451 3053 fratres
481 3008 698 3055 nostros
742 3000 1039 3056 Ecclesiam
1070 3003 1274 3058 Christi
1313 3005 1578 3075 sanguine
1611 3023 1697 3062 re-

141 3088 389 3159 demptam
433 3101 716 3159 regentes,
750 3108 1075 3161 monemus,
1118 3104 1176 3147 ut
1220 3109 1411 3150 omnes
1449 3112 1480 3151 a
1515 3098 1697 3167 prazci-
1723 3131 1764 3190 Ο

141 3184 273 3251 pilio,
317 3186 369 3238 in
412 3202 521 3255 quo
570 3185 765 3241 fratres
804 3198 858 3242 et
901 3187 1118 3242 Domini
1164 3191 1470 3258 pastoribus
1515 3192 1697 3247 detra-

142 3275 299 3332 hendo
352 3288 405 3333 et
454 3281 853 3349 persequendo,
897 3282 1076 3337 verbis
1125 3291 1179 3337 et
1222 3283 1381 3339 factis
1418 3286 1693 3354 labuntur,

142 3366 324 3437 laqueis
351 3372 554 3439 quibus
588 3373 834 3441 potestis,
865 3373 1164 3439 retentetis,
1188 3384 1240 3430 et
1270 3376 1496 3431 lacerari
1528 3394 1623 3434 eos
1651 3378 1696 3410 ³⁸

141 3460 185 3511 in
210 3463 361 3516 hamo
380 3464 424 3496 ³⁷
449 3463 545 3517 ine
575 3478 685 3518 non
722 3466 1076 3534 permittatis,
1105 3468 1233 3537 quia
1270 3471 1532 3538 scriptum
1560 3480 1646 3527 est
1679 3490 1693 3528 :

141 3549 222 3606 Ira
243 3556 373 3607 enim
406 3555 507 3609 viri
540 3556 812 3624 justitiam
850 3557 946 3611 Dei
984 3576 1083 3611 non
1112 3569 1359 3628 operatur
1386 3562 1449 3615 ³⁸.
1482 3563 1622 3617 Hinc
1650 3565 1695 3597 ³⁹

139 3656 332 3698 rursum
357 3645 593 3699 dicitur:
620 3643 698 3699 Sit
728 3646 894 3699 omnis
913 3644 1063 3699 homo
1087 3646 1234 3700 velox
1267 3648 1335 3701 ad
1355 3648 1692 3717 audiendum,

142 3736 301 3788 tardus
341 3746 519 3789 autem
557 3742 624 3790 ad
661 3737 996 3807 loquendum,
1062 3748 1111 3793 et
1160 3740 1344 3793 tardus
1403 3741 1472 3793 ad
1533 3741 1689 3794 iram.

141 3822 245 3879 Haec
284 3838 464 3881 autem
516 3844 643 3893 vos,
677 3827 785 3883 Deo
824 3839 1081 3895 auctore,
1113 3832 1296 3885 omnia
1336 3847 1554 3887 servare
1588 3848 1695 3886 non

140 3920 331 3990 ambigo
352 3962 368 3988 ,
400 3922 494 3975 sed
524 3921 814 3976 occasione
857 3923 1248 3978 admonitionis
1282 3934 1468 3978 exorta
1490 3967 1504 3989 ,
1538 3924 1696 3979 bonis

140 4014 309 4065 vestris
332 4012 624 4066 desideriis
657 4021 710 4066 et
748 4013 1005 4082 operibus
1040 4030 1127 4069 me
1157 4013 1355 4068 furtive
1385 4015 1656 4085 subjungo
1677 4054 1691 4078 ,

139 4109 185 4153 ut
210 4103 344 4170 quod
382 4118 491 4156 non
531 4102 796 4158 admoniti
827 4103 1044 4167 facitis,
1078 4104 1299 4173 quando
1336 4105 1490 4159 vobis
1531 4105 1691 4158 etiam

139 4194 416 4248 admonens
448 4194 705 4259 additur,
743 4196 856 4264 jam
898 4212 1003 4250 non
1047 4196 1148 4251 soli
1180 4195 1412 4250 faciatis.
1446 4195 1693 4265 Quapro-

137 4293 267 4351 pter,
295 4286 493 4341 fratres
516 4329 529 4349 ,
563 4296 774 4355 oportet
800 4303 897 4342 vos
924 4297 977 4342 et
1018 4303 1208 4343 omnes
1254 4288 1438 4342 ﬁdeles
1475 4289 1694 4357 diligere

52 4438 60 4445 ε
138 4375 370 4443 invicem,
398 4386 452 4431 et
478 4393 589 4430 non
616 4378 899 4431 detrahere
923 4385 1018 4431 aut
1043 4393 1304 4433 accusare
1335 4378 1653 4432 alterutrum
1676 4392 1691 4445 ;

1808 526 2019 568 tuorum
2065 516 2399 570 conculcabit
2449 518 2494 550 “
2529 535 2584 571 os
2615 535 2767 571 suum
2790 560 2805 583 ,
2845 530 2894 573 et
2944 537 3101 589 super
3128 537 3391 574 sermones

1807 617 1921 660 tuos
1966 610 2319 663 admirabitur
2358 627 2377 665 :
2443 610 2739 666 Novissime
2791 622 2966 667 autem
3024 626 3275 683 pervertet
3331 628 3391 673 οε

1804 717 1956 752 suum
1986 744 1999 765 ,
2028 712 2075 755 et
2112 702 2164 754 in
2195 703 2363 756 verbis
2384 706 2489 758 tuis
2527 704 2671 758 dabit
2721 706 3051 761 scandalum.
3088 707 3261 761 Multa
3291 725 3390 762 au-

1803 792 1911 843 divi
1944 792 2008 855 θ’,
2038 802 2085 845 et
2117 808 2218 845 non
2253 793 2520 864 δρα-(ιιιαυὶ
2556 796 2637 859 ei,
2668 804 2717 848 et
2763 795 3014 849 Dominus
3047 799 3184 851 odiet
3214 799 3387 853 illum.

1806 881 1911 946 Qui
1937 884 1985 934 in
2016 882 2185 935 altum
2212 885 2375 937 mittit
2403 884 2633 953 lapidem
2656 924 2670 947 ,
2700 903 2854 955 super
2880 898 3031 955 caput
3059 889 3170 955 ejus
3194 890 3344 942 cadet
3370 911 3387 955 ;

1802 984 1849 1027 et
1880 973 2037 1043 plaga
2067 974 2249 1028 dolosa
2269 1017 2285 1040 ,
2309 975 2478 1029 dolosi
2507 977 2700 1029 dividet
2730 978 2965 1030 vulnera.
3003 976 3105 1042 Qui
3130 979 3266 1046 fodit
3296 978 3381 1048 fo-

1802 1081 1947 1117 veant
1971 1106 1984 1130 ,
2013 1066 2211 1119 incidet
2261 1066 2315 1118 in
2350 1066 2498 1119 illam
2522 1082 2539 1129 ,'
2563 1077 2611 1119 et
2644 1067 2734 1135 qui
2762 1070 2951 1121 statuit
2987 1069 3216 1136 lapidem
3258 1086 3384 1138 pro-

1799 1159 1966 1224 ximo,
2002 1159 2226 1227 offendet
2251 1160 2304 1211 in
2332 1175 2435 1222 eo;
2467 1168 2514 1212 et
2543 1160 2635 1229 qui
2667 1158 2909 1229 laqueum
2938 1159 3034 1211 alii
3068 1162 3238 1228 ponit,
3270 1178 3389 1229 per-

1801 1250 1899 1303 ibit
1942 1251 1995 1303 ἐκ
2033 1250 2147 1304 illo.
2199 1248 2444 1303 Facienti
2476 1250 2757 1302 consilium
2790 1252 3196 1319 nequissimum,
3232 1269 3388 1320 super

1799 1343 1969 1411 ipsum
1999 1342 2329 1405 devolvetur;
2362 1351 2411 1395 et
2442 1358 2544 1396 non
2575 1352 2817 1411 agnoscet
2846 1342 2981 1393 unde
3016 1342 3251 1397 adveniet
3280 1344 3383 1400 illi.

1802 1430 1993 1485 Illusio
2022 1442 2070 1484 et
2095 1432 2469 1501 imprOperium
2501 1430 2863 1499 superborum,
2891 1442 2937 1483 et
2968 1432 3221 1495 vindicta,
3250 1434 3385 1487 sicut

1797 1525 1876 1578 leo
1906 1524 2401 1579 insidiabiturillis.
2440 1522 2648 1593 Laqueo
2686 1522 2961 1592 peribunt,
2998 1526 3087 1594 qui
3122 1524 3387 1578 oblectan-

1799 1625 1886 1669 tur
1914 1633 2039 1671 casu
2062 1615 2373 1684 justorum;
2406 1616 2557 1668 dolor
2581 1624 2755 1668 autem
2787 1625 3053 1669 consumet
3083 1617 3205 1671 illos
3233 1629 3386 1671 ante-

1796 1725 1953 1779 quam
2004 1710 2322 1761 moriantur.
2372 1706 2467 1760 lra
2495 1718 2539 1761 et
2590 1709 2759 1777 furor,
2805 1709 3385 1777 utraqueeIsecrabilia

1727 1782 1768 1837 Β
1797 1811 1915 1856 sunt
1940 1818 1957 1863 ;
1986 1812 2033 1855 et
2071 1801 2150 1854 vir
2165 1813 2427 1869 peccator,
2454 1803 2722 1856 continens
2750 1806 2849 1856 erit
2871 1805 3085 1857 illorum
3112 1805 3244 1858 “3-”.
3280 1805 3386 1871 Qui

1797 1891 2055 1945 vindicari
2091 1891 2236 1955 vult,
2273 1908 2305 1943 a
2338 1890 2445 1944 Deo
2484 1892 2703 1946 invemet
2736 1893 3056 1957 vindictam;
3085 1905 3133 1948 et
3171 1908 3383 1964 peccata

1798 1987 1943 2039 illius
1970 2002 2205 2049 servans,
2237 1987 2485 2041 servabit.
2510 1987 2760 2057 Relinque
2790 1990 3030 2056 proximo
3062 2000 3148 2041 tuo
3177 1993 3382 2043 nocenti

1800 2086 1880 2143 te,
1914 2088 1962 2129 et
2006 2088 2127 2129 tunc
2172 2078 2471 2146 deprecanti
2513 2079 2609 2130 tibi
2638 2090 2849 2147 peccata
2879 2080 3159 2135 solventur.
3211 2081 3381 2135 llomo

1796 2168 1991 2221 homini
2023 2178 2246 2221 reservat
2276 2170 2433 2231 iram,
2464 2180 2511 2222 et
2558 2186 2590 2221 a
2626 2169 2729 2222 Deo
2758 2171 2944 2239 quierit
2984 2172 3234 2225 medelam
3262 2176 3284 2229 ?
3314 2172 3381 2226 In

1796 2258 2051 2310 hominem
2095 2258 2197 2311 sibi
2236 2258 2464 2311 similem
2509 2275 2608 2311 non
2647 2259 2799 2311 habet
2837 2261 3255 2315 misericordiam
3284 2303 3299 2328 ,
3331 2274 3382 2316 et

1795 2349 1858 2401 de
1878 2350 2104 2417 peccatis
2127 2350 2236 2401 suis
2265 2350 2576 2418 deprecatur
2623 2351 2956 2403 Altissimum
2979 2354 3004 2405 Ρ
3037 2351 3158 2421 Ipse
3193 2396 3206 2420 ,
3254 2354 3380 2407 dunt

1796 2457 1919 2494 caro
1942 2442 2041 2503 sit,
2072 2450 2297 2494 reservat
2328 2446 2465 2493 iram
2499 2451 2547 2494 et
2578 2443 3005 2510 propitiationem
3029 2446 3155 2513 petit
3179 2463 3208 2497 a
3237 2445 3382 2501 Deo?

1798 2534 1930 2599 Quis
1951 2534 2189 2587 exorabit
2218 2548 2311 2601 pro
2338 2533 2541 2585 delictis
2568 2533 2716 2586 illius
2736 2535 2761 2587 .9
2788 2533 3047 2588 Memento
3071 2538 3381 2590 novissimo-

1798 2641 1952 2689 rum,
1999 2632 2048 2677 et
2081 2624 2258 2676 desine
2293 2623 2581 2677 iuimicari.
2633 2622 2898 2678 Tabitudo
2933 2627 3071 2678 enim
3096 2669 3110 2692 ,
3151 2640 3197 2679 et
3240 2644 3380 2680 mors

1796 2718 2067 2770 imminent
2100 2718 2153 2769 in
2182 2717 2452 2769 mandatis
2480 2716 2612 2785 ejus.
2652 2716 2947 2771 Memorare
2976 2719 3215 2771 timorem
3250 2719 3378 2784 Dei,

1796 2819 1844 2862 et
1877 2825 1978 2862 non
2023 2809 2277 2861 irascaris
2314 2810 2575 2876 proximo.
2616 2808 2909 2863 Memorare
2956 2820 3253 2864 testamenti
3286 2812 3382 2864 Al-

1798 2903 2025 2969 tissimi,
2054 2914 2102 2957 et
2144 2902 2349 2971 despice
2384 2902 2739 2971 ignorantiam
2785 2904 3036 2970 proximi.
3084 2903 3302 2955 Abstine
3333 2914 3382 2956 te

1797 3014 1828 3050 a
1861 2997 1975 3059 lite,
2005 3005 2053 3051 et
2088 2997 2287 3049 minues
2313 3005 2547 3063 peccata.
2602 2993 2774 3047 Homo
2803 2995 2941 3047 enim
2980 2996 3262 3047 iracundus
3293 2997 3378 3047 in.

1799 3090 1970 3143 tendit
2006 3088 2186 3154 litem,
2213 3096 2261 3140 et
2301 3088 2379 3139 vir
2423 3095 2666 3155 peccator
2701 3084 2932 3138 turbabit
2976 3087 3207 3148 amicos,
3239 3096 3287 3140 et
3324 3090 3379 3140 in

1802 3178 1971 3231 medio
2009 3192 2189 3246 pacem
2234 3176 2535 3228 habentium
2581 3175 2827 3227 immittet
2872 3174 3228 3228 inimicitiam.
3282 3175 3377 3230 Se-

1798 3271 2027 3326 cundum
2077 3270 2215 3323 enim
2249 3268 2393 3337 ligna
2438 3268 2617 3334 silvaz,
2659 3268 2737 3320 sic
2773 3267 2906 3336 ignis
2943 3270 3285 3333 cxardescet;
3327 3278 3378 3323 et

1796 3362 2080 3418 secundum
2104 3361 2347 3414 virtutem
2377 3360 2602 3412 hominis
2625 3400 2638 3424 ,
2675 3360 2952 3415 iracundia
2982 3362 3127 3416 illius
3163 3363 3261 3415 erit
3281 3403 3295 3426 ,
3326 3372 3376 3415 et

1797 3456 2083 3509 secundum
2121 3454 2473 3509 substantiam
2521 3470 2675 3508 suam
2720 3455 2977 3509 exaltabit
3021 3458 3156 3509 iram
3199 3473 3374 3511 suam.

1799 3549 2073 3605 Certamen
2104 3548 2412 3617 festinatum
2443 3546 2679 3599 incendet
2712 3547 2913 3614 ignem,
2951 3556 2999 3599 et
3024 3546 3088 3599 lis
3118 3546 3375 3614 festinans

1795 3641 2024 3712 effundet
2068 3640 2412 3710 sanguinem,
2462 3648 2509 3691 et
2570 3638 2752 3707 lingua
2812 3638 3101 3703 testi/icons
3154 3638 3376 3691 adducet

1797 3742 2040 3785 mortem.
2068 3727 2127 3784 Si
2151 3729 2437 3797 suﬁlaveris
2464 3729 2518 3781 in
2553 3730 2860 3793 scintillam,
2886 3730 3038 3799 quasi
3065 3730 3199 3799 ignis
3221 3744 3377 3784 exar-

1796 3822 1974 3885 d‘ebit;
2015 3831 2064 3876 et
2101 3823 2147 3877 si
2182 3822 2451 3890 exspueris
2498 3838 2654 3890 super
2682 3821 2861 3883 illam,
2906 3824 3286 3892 exstinguetur,
3325 3831 3375 3875 et

1796 3922 2015 3982 utraque
2049 3928 2114 3965 ex
2145 3928 2233 3965 ore
2276 3910 2705 3980 proficiscuntur.
2744 3909 2975 3964 Susurro
3002 3922 3050 3964 et
3091 3911 3374 3980 bilinguis,

1797 4003 2148 4068 maledictus;
2198 4002 2392 4056 multos
2433 4002 2571 4055 enim
2609 4000 2841 4054 turbavit
2879 4018 3057 4068 pacem
3106 4002 3372 4055 habentes.

1796 4095 2003 4165 Lingua
2035 4096 2192 4147 tertia
2228 4094 2420 4147 multos
2452 4093 2762 4157 commovit,
2792 4102 2840 4146 et
2880 4094 3124 4162 dispersit
3160 4094 3280 4147 illos
3310 4094 3374 4147 de

1794 4196 1942 4255 gente
1994 4186 2049 4237 in
2100 4195 2319 4255 gentem.
2377 4183 2627 4237 Civitates
2689 4190 2926 4235 muratos
3000 4183 3220 4235 divitum
3283 4184 3373 4237 de-

1799 4278 2022 4339 struxit,
2059 4288 2106 4329 et
2145 4277 2327 4330 domos
2364 4286 2733 4346 maguatorum
2769 4276 2973 4344 effodit.
3014 4275 3241 4330 Virtutes
3278 4294 3374 4345 po-

1794 4367 2036 4436 pulorum
2070 4368 2329 4431 concidit,
2366 4376 2416 4420 et
2443 4377 2619 4437 gentes
2657 4366 2819 4435 fortes
2866 4366 3125 4422 dissolvit.
3164 4366 3371 4438 Lingua

137 4468 376 4536 scriptum
406 4478 491 4524 est
512 4469 658 4522 enim
686 4483 698 4519 :
734 4468 905 4539 Dilige
931 4471 1252 4537 proximum,
1301 4480 1349 4522 et
1383 4469 1693 4538 conjungere
1726 4478 1767 4532 ο
1797 4459 1953 4512 tertia
1982 4458 2223 4511 mulieres
2253 4459 2453 4512 viratas
2477 4457 2627 4526 ejecit
2647 4499 2660 4523 ,
2687 4466 2737 4510 et
2772 4458 2993 4526 privavit
3026 4457 3146 4511 illas
3172 4457 3370 4511 labori-

135 4559 223 4624 fide
252 4562 297 4592 δο
326 4578 445 4613 cum
474 4561 591 4614 illo.
617 4560 769 4625 Quod
800 4564 844 4615 si
872 4561 1215 4615 denudaveris
1242 4560 1494 4614 absconsa
1524 4561 1690 4625 illius,

137 4666 222 4704 non
243 4653 561 4722 persequeris
590 4660 705 4721 post
732 4668 868 4705 eum.
905 4651 1057 4705 Sicut
1086 4653 1223 4705 enim
1247 4652 1379 4705 hono
1404 4652 1493 4721 qui
1521 4652 1691 4720 perdit

138 4745 343 4797 emicant
373 4763 550 4809 suum,
574 4746 650 4799 sic
672 4746 761 4815 qui
786 4747 956 4815 perdit
988 4746 1282 4799 amicitiam
1311 4745 1539 4814 proximi
1562 4746 1646 4798 sui
1672 4759 1691 4797 :

138 4848 176 4887 et
207 4838 333 4889 sicut
362 4838 453 4908 qui
486 4836 709 4889 dimittit
746 4853 888 4889 avem
923 4838 987 4889 de
1020 4853 1180 4890 manu
1217 4853 1313 4889 sua
1333 4878 1347 4900 ,
1376 4838 1452 4889 sic
1481 4838 1570 4905 qui
1601 4836 1692 4889 de-

139 4929 376 4999 reliquisti
416 4930 716 4999 proximum
746 4938 927 4996 tuum,
957 4939 1009 4984 et
1050 4946 1150 4982 non
1184 4945 1302 4983 eum
1338 4929 1531 4997 cupies.
1568 4926 1692 4979 Non

135 5016 264 5069 illum
299 5020 537 5089 sequaris
575 5020 825 5089 quoniam
880 5019 1030 5089 longe
1078 5020 1243 5073 abest.
1298 5017 1500 5087 Effugit
1554 5017 1690 5071 enim

134 5111 263 5172 quasi
285 5127 475 5179 caprea
499 5112 562 5165 de
586 5111 769 5181 laqueo
787 5154 801 5176 ,
837 5112 1082 5181 quoniam
1108 5109 1378 5163 vulnerata
1406 5118 1481 5162 est
1509 5108 1689 5161 anima

134 5198 245 5266 ejus.
286 5200 444 5255 Ultra
483 5218 599 5255 eum
624 5212 725 5255 non
762 5202 956 5271 poteris
997 5200 1282 5270 colligare,
1322 5208 1371 5252 et
1415 5198 1688 5251 maledicti

132 5300 196 5343 est
221 5294 575 5347 concordatio.
612 5292 889 5346 Denudare
913 5303 1086 5346 autem
1107 5293 1266 5344 amici
1288 5291 1537 5360 mysteria
1560 5330 1573 5351 ,
1598 5289 1690 5341 de-

133 5386 335 5449 speratio
361 5395 439 5438 est
471 5384 666 5438 anima:
694 5383 940 5453 infelicis.
986 5385 1232 5437 Annaeus
1271 5380 1422 5434 oculo
1458 5378 1685 5449 fabricat

187 5521 223 5551 ’τ
261 5521 402 5574 idem
428 5535 457 5575 c
524 5518 614 5580 48,
665 5535 730 5575 ex
779 5520 975 5574 Aniani
1035 5520 1260 5588 interpr.
1294 5515 1348 5571 in
1377 5525 1554 5588 const.
1584 5515 1671 5577 11,
1703 5513 1945 5588 ejusdem
1994 5509 2156 5588 tituli.

458 5592 502 5623 ’θ
556 5592 688 5645 Cod.
718 5590 925 5646 Theod.
977 5590 1071 5643 lib.
1131 5586 1202 5655 iv“,
1260 5590 1346 5642 tit.
1382 5586 1467 5651 16,
1522 5594 1694 5640 const.

480 5662 525 5692 ³³
555 5660 712 5715 Cant.
746 5678 821 5722 vi,
847 5661 901 5715 8.
977 5661 1020 5691 “
1060 5659 1231 5714 Exod.
1270 5674 1464 5722 xxxiii,
1494 5656 1584 5709 ‘21.
1664 5656 1694 5685 ⁸⁴

1902 5586 1949 5613 ⁸⁰
2011 5586 2264 5635 consilio.
2339 5586 2382 5608 "
2427 5594 2489 5633 co

1797 5694 1806 5708 .
1843 5652 2001 5722 Greg.
2031 5668 2117 5722 ep.
2147 5649 2215 5722 iii
2262 5648 2383 5722 libri
2414 5665 2489 5722 vit

1793 5694 1806 5708 ο
1843 5681 2001 5722 υιτὶς.
2031 5681 2117 5722 cy.
2147 5681 2215 5722 ρας
2262 5681 2383 5722 usus
2423 5681 2510 5722 vn.

134 5587 212 5643 lib.
267 5608 333 5643 tv.

136 5674 265 5725 mn,
291 5662 377 5714 19.

137 5728 172 5757 ³⁸
195 5729 369 5785 Jacob.
410 5747 446 5793 ι,
477 5731 568 5786 20.

136 5813 259 5855 uvn
279 5844 293 5869 ,
327 5802 493 5856 18-55

480 5662 525 5692 ³³
555 5660 712 5715 Cant.
746 5678 821 5725 vi,
847 5661 901 5715 8.
977 5661 1020 5691 “
1060 5659 1231 5714 Exod.
1270 5674 1464 5724 xxxiii,
1494 5656 1584 5709 ‘21.

650 5731 694 5764 "
733 5730 892 5803 Grcg.
925 5745 1011 5801 ep.
1042 5730 1142 5784 128
1189 5730 1281 5784 lib.
1316 5744 1411 5785 vn.

1504 5725 1548 5757 ⁸⁸
1587 5729 1856 5796 coniunge
1884 5725 2062 5778 tidem.

1796 4549 1890 4603 bus
1931 4550 2062 4605 suis.
2111 4551 2214 4615 Qui
2249 4551 2460 4619 respicit
2501 4549 2687 4613 illam,
2731 4566 2833 4603 non
2871 4548 3079 4603 habebit
3104 4552 3366 4621 requiem,

1794 4659 1885 4696 nec
1905 4641 2111 4695 habebit
2142 4644 2369 4695 amicum
2401 4644 2456 4695 in
2484 4659 2587 4714 quo
2618 4642 2926 4712 requiescat.
2952 4641 3182 4712 Flagelli
3211 4643 3367 4713 plaga

1793 4734 2007 4789 livorem
2045 4735 2216 4803 facit:
2240 4734 2400 4805 plaga
2436 4744 2612 4788 autem
2644 4735 2841 4803 lingua:
2874 4736 3189 4788 comminuet
3226 4751 3365 4788 ossa.

1794 4826 1953 4880 Multi
1978 4826 2274 4880 ceciderunt
2309 4828 2364 4880 in
2385 4843 2473 4881 ore
2496 4827 2682 4898 gladii,
2714 4828 2803 4881 sed
2833 4843 2934 4880 non
2989 4828 3066 4880 sic
3109 4827 3367 4896 quomodo

1791 4919 1881 4986 qui
1905 4918 2211 4971 interierunt
2232 4935 2322 4987 per
2348 4916 2583 4987 linguam
2616 4933 2788 4970 suam.
2817 4916 3045 4982 Beatus,
3083 4917 3172 4985 qui
3200 4925 3363 4969 tectus

1790 4992 1869 5066 est
1901 5029 1933 5066 a
1967 5013 2150 5082 lingua
2195 5030 2453 5083 nequam,
2487 5014 2578 5082 qui
2617 5013 2670 5065 in
2711 5012 3043 5065 iracundiam
3082 5012 3223 5064 illius
3262 5028 3365 5064 non

1795 5104 2036 5157 transivit
2057 5145 2071 5170 ,
2106 5112 2155 5157 et
2181 5104 2271 5173 qui
2297 5119 2399 5157 non
2423 5104 2647 5155 attraxit
2680 5102 2863 5171 jugum
2892 5102 3038 5169 ejus,
3068 5112 3114 5154 et
3142 5101 3367 5154 vinculis

1792 5193 1905 5262 ejus
1935 5210 2038 5246 non
2067 5202 2143 5246 est
2182 5193 2399 5262 ligatus.
2428 5190 2625 5260 Jugum
2666 5192 2805 5243 enim
2831 5190 2975 5244 illius
2997 5228 3013 5255 ,
3042 5190 3231 5259 jugum
3259 5190 3368 5259 fer-

1794 5302 1939 5339 reum
1973 5294 2048 5338 est
2082 5301 2101 5340 :
2140 5293 2189 5338 et
2218 5281 2479 5336 vinculum
2516 5281 2694 5345 illius,
2734 5282 2994 5335 vinculum
3034 5297 3225 5335 aereum
3264 5290 3360 5335 est.

1793 5377 1939 5431 Mors
1972 5376 2303 5441 illius,mors
2334 5374 2693 5444 nequissima;
2721 5382 2768 5426 et
2808 5373 2952 5426 utilis
2990 5372 3163 5441 potius
3193 5371 3363 5441 infer-

2263 5507 2308 5539 ³⁸
2346 5506 2479 5563 Adr.
2505 5507 2628 5563 coll.
2661 5523 2711 5573 e,
2741 5506 2829 5560 21.
2859 5508 2918 5558 In
2948 5506 3150 5560 decret.
3180 5504 3356 5568 lvon.,

2339 5578 2382 5608 "
2427 5594 2582 5633 conc.
2607 5580 2724 5631 Tol.
2761 5592 2875 5642 vin,
2906 5591 2954 5630 c.
2987 5576 3041 5631 2.
3128 5577 3171 5607 ³³
3196 5576 3359 5630 Prov.

2601 5648 2645 5679 ³⁸
2678 5646 2785 5702 labi
2816 5661 2929 5700 eos.
3057 5647 3099 5677 ³⁷
3140 5645 3195 5699 ln
3229 5646 3357 5699 imo.

2699 5718 2742 5750 ⁸¹
2782 5717 2949 5772 odivi.
3040 5716 3157 5748 “'“
3193 5716 3356 5771 Eccli.

1902 5583 1949 5613 ⁸ο
2011 5578 2264 5635 consilio.

2163 5720 2205 5750 “
2247 5719 2611 5774 condulcabit.
