3882 6512
476 326 579 382 I99

1615 308 1672 364 S.
1717 303 1995 362 FABIANI
2034 302 2245 360 ΡΑΡΑΞ-
2276 298 2594 358 DECRETA

3615 289 3707 343 900

476 463 596 514 nus,
625 460 783 516 quam
813 441 931 496 illa.
968 435 1369 522 Perseveruntia
1400 433 1548 488 illius
1579 449 1680 487 non
1709 429 2054 502 permanebit,
2087 438 2133 491 Α
2159 437 2208 482 et
2247 433 2558 496 potestates,
2605 419 2853 475 adversus
2896 415 3078 470 mundi
3121 422 3343 468 rectores
3399 411 3708 464 tenebrarum

2162 518 2171 522 _
2735 511 2746 522 α
2786 511 2817 522 ι.
2901 508 2934 522 ιο
3165 505 3263 522 ’.οφ
3320 503 3368 522 2..
3423 496 3688 522 _..I--n.'l...-

477 537 565 593 sed
595 532 842 589 obtinebit
877 533 987 586 uias
1030 529 1371 598 injustorum.
1423 523 1489 578 In
1536 524 1757 592 ﬂamma
1803 537 1902 574 sua
1945 535 2048 572 non

479 629 743 684 comburet
781 626 978 696 justas.
1018 623 1120 686 Qui
1160 619 1532 688 derelinquunt
1577 615 1890 680 Dominum,
1917 611 2051 665 inci-

480 722 603 776 dent
631 719 684 772 in
708 717 857 771 illam
881 731 899 780 ;
923 725 970 768 et
993 712 1292 767 exardescet
1316 710 1371 764 in
1397 708 1527 774 illis,
1555 715 1606 760 et
1636 721 1738 759 non
1763 706 2054 773 exstingue-

486 822 613 876 tur;
636 819 684 865 et
715 809 1026 863 immittetur
1051 805 1104 858 in
1131 803 1250 857 illos
1287 801 1442 872 quasi
1467 800 1567 863 leo,
1599 807 1650 852 et
1679 797 1834 868 quasi
1856 795 2054 865 pardus

485 904 642 959 ludet
668 900 810 955 illos.
845 897 966 967 Sepi
995 912 1147 950 aures
1179 906 1299 948 tuas
1319 893 1514 958 spinis,
1539 900 1587 944 et
1618 890 1724 944 noli
1748 889 1934 942 audire
1955 887 2058 940 lin-

484 1014 643 1070 guam
671 1009 892 1064 nequam
917 1033 930 1056 ,
953 1000 1000 1044 et
1036 990 1116 1042 ori
1150 997 1238 1042 tuo
1270 987 1434 1056 facito
1465 984 1634 1050 ostia,
1657 993 1704 1036 et
1737 997 1882 1036 seras
1912 979 2060 1033 auri-

487 1069 583 1142 bus
626 1088 751 1139 tuis.
786 1085 988 1136 Aurum
1023 1091 1168 1134 tuum
1200 1087 1250 1132 et
1287 1083 1562 1145 argentum
1590 1081 1741 1124 tuum
1773 1069 1944 1138 con/ia
1969 1106 1985 1133 ,
2012 1074 2062 1119 et

488 1180 656 1236 verbis
682 1181 785 1230 tuis
813 1177 974 1245 facito
1011 1183 1288 1234 stateram,
1329 1179 1378 1222 et
1422 1167 1595 1236 frenos
1633 1164 1712 1217 ori
1743 1174 1831 1215 tuo
1870 1168 2060 1213 rectos.

490 1273 560 1328 Et
590 1271 820 1335 attende,
845 1284 906 1323 ne
931 1268 1063 1337 forte
1095 1263 1293 1337 labaris
1315 1262 1368 1314 in
1399 1259 1580 1328 lingua
1608 1266 1719 1318 tua,
1743 1264 1792 1308 et
1821 1251 1983 1305 cadas
2008 1249 2062 1302 in

492 1375 768 1436 conspectu
799 1363 1135 1418 inimicorum
1171 1354 1540 1411 insidiantium
1577 1350 1701 1414 tibi,
1724 1356 1772 1402 et
1809 1347 1879 1399 sit
1911 1357 2066 1397 casus

495 1473 616 1516 tuus
654 1457 969 1514 insanabilis
1001 1457 1057 1509 in
1089 1462 1306 1506 mortem
1336 1449 1401 1500 ".
1434 1446 1543 1500 Ista
1583 1449 1811 1498 caveant
1840 1452 2066 1499 omnes,

493 1567 539 1608 et
580 1553 848 1607 coltibeant
887 1550 1124 1618 linguam
1152 1559 1302 1598 suam
1338 1558 1369 1594 a
1409 1538 1583 1602 malo,
1614 1547 1664 1590 et
1709 1533 1852 1588 labia
1891 1544 2071 1585 eorum

495 1663 559 1702 ne
599 1645 881 1714 loquantur
913 1639 1092 1693 dolum
1116 1637 1180 1690 “.
1213 1635 1284 1688 De
1317 1641 1502 1686 ατηεν-ο
1527 1669 1542 1693 ,
1565 1623 1878 1683 cbarissimi
1900 1662 1916 1686 ,
1943 1638 2071 1675 con—

498 1709 774 1808 fortamini
809 1733 863 1786 in
890 1731 1131 1795 Domino,
1161 1736 1209 1780 et
1243 1726 1296 1779 in
1332 1721 1564 1794 potentia
1590 1717 1802 1774 virtutis
1825 1715 1957 1784 ejus.
1987 1709 2074 1764 In-

2151 518 2371 580 harum,
2423 523 2608 568 contra
2664 508 2972 579 spiritualia
3024 505 3266 576 nequitia:
3318 503 3372 554 in
3415 496 3706 553 caelestibus.

2153 609 2436 678 Propterea
2481 603 2699 672 accipite
2731 611 3065 656 armaturam
3107 597 3236 659 Dei,
3268 589 3326 647 ut
3360 591 3572 662 possitis
3605 589 3715 642 resi-

2154 711 2288 755 stere
2322 700 2375 752 in
2403 699 2486 752 die
2520 695 2663 749 malo
2684 735 2699 758 ,
2724 703 2773 748 et
2802 694 2857 747 in
2889 691 3128 745 omnibus
3153 685 3369 757 perfecti
3391 693 3549 736 stare.
3581 678 3713 733 State

2155 809 2274 863 ergo
2295 789 2548 844 succincti
2570 786 2772 840 lumbos
2804 792 3001 838 uestros
3023 781 3078 834 in
3098 779 3317 833 ueritate
3335 816 3350 841 ,
3380 783 3430 828 et
3453 771 3615 826 induti
3641 769 3711 822 lo-

2158 887 2326 939 ricam
2364 883 2629 954 justitiae,
2677 890 2727 934 et
2778 876 2999 931 calceati
3049 871 3201 942 pedes
3245 870 3299 923 in
3350 865 3714 937 prazparatione

2163 975 2438 1047 Evangelii
2467 974 2636 1044 pacis,
2657 973 2714 1025 in
2735 968 2978 1023 omnibus
3007 974 3267 1020 sumentes
3293 970 3496 1013 scutum
3518 957 3632 1025 ﬁdei
3663 957 3709 1007 in

2159 1087 2260 1141 quo
2285 1067 2496 1138 possitis
2527 1064 2706 1119 omnia
2733 1062 2838 1116 tela
2872 1057 3173 1130 nequissimi
3201 1057 3352 1125 ignea
3387 1052 3714 1119 exstinguere.

2165 1139 2232 1215 Et
2257 1160 2461 1232 galeam
2484 1157 2673 1212 salutis
2695 1155 2970 1220 assumite,
2998 1161 3048 1206 et
3071 1148 3308 1222 gladium
3332 1146 3575 1214 spiritus,
3597 1139 3717 1212 quod

2162 1265 2240 1310 est
2264 1253 2474 1308 verbum
2502 1251 2598 1306 Dei
2621 1250 2690 1306 ⁸⁷.
2722 1247 2869 1313 Haec,
2897 1246 3086 1309 frater,
3120 1257 3243 1314 quas
3274 1239 3370 1296 tibi
3397 1236 3717 1307 scripsimus,

2167 1347 2488 1419 generaliter
2526 1344 2783 1399 omnibus
2811 1350 2937 1396 nota
2977 1338 3092 1394 fieri
3113 1335 3396 1398 volumus,
3421 1341 3482 1386 ut
3509 1345 3623 1398 qua:
3648 1342 3721 1380 ce-

2170 1453 2316 1495 teros
2366 1445 2614 1508 tangunt,
2675 1435 2930 1490 omnibus
2995 1439 3121 1486 nota
3176 1429 3327 1482 tiant.
3386 1422 3722 1491 Omnipotens

2170 1530 2314 1586 Deus
2343 1537 2395 1584 te
2415 1571 2430 1595 ,
2464 1527 2651 1593 frater,
2685 1533 2741 1580 et
2769 1523 3008 1593 reliquos
3038 1519 3234 1574 tratres
3264 1527 3484 1571 nostros
3504 1554 3518 1578 ,
3545 1511 3725 1576 ubique

2173 1624 2568 1685 consistentes,
2609 1629 2853 1690 protegat
2894 1629 3067 1686 usque
3103 1611 3157 1666 in
3210 1610 3371 1664 ﬁnem
3400 1607 3468 1670 ⁸⁸,
3494 1604 3586 1674 qui
3606 1617 3724 1656 cuna

2178 1723 2324 1771 ctum
2349 1713 2611 1768 mundum
2635 1711 2888 1781 dignatus
2906 1715 2989 1762 est
3011 1704 3297 1765 redimere,
3318 1697 3480 1753 Jesus
3500 1694 3728 1750 Christus

499 1831 647 1884 duite
669 1843 777 1892 vos,
809 1834 1138 1878 armaturam
1175 1819 1302 1882 Dei,
1328 1825 1384 1868 ut
1408 1813 1620 1884 possitis
1651 1819 1795 1864 stare
1825 1809 2072 1860 adversus
2106 1791 2149 1846 Β
2178 1806 2443 1861 Dominus
2494 1813 2702 1868 noster,
2759 1800 2854 1870 qui
2912 1806 2996 1853 est
3051 1793 3368 1850 benedictus
3418 1789 3473 1842 in
3529 1783 3726 1840 sucula.

499 1922 725 1976 insidias
762 1918 961 1972 diaboli
986 1932 1003 1977 ;
1031 1914 1279 1984 quoniam
1318 1926 1420 1962 non
1464 1914 1539 1961 est
1582 1904 1729 1957 nobis
1771 1899 2074 1954 colluctatio

502 2017 749 2070 adversus
774 2028 982 2066 carnem
1007 2019 1052 2063 et
1077 2008 1402 2076 sanguinem,
1430 2002 1515 2056 sed
1539 2001 1786 2053 adversus
1815 1993 2074 2066 principes

605 2150 652 2181 "
707 2147 872 2200 Eccli.
904 2159 1105 2203 xxviii.
1151 2140 1302 2195 1-30.
1407 2138 1452 2169 ⁸⁸
1494 2134 1636 2190 Psal.
1673 2148 1872 2192 χχχιιι,
1907 2134 1992 2182 Η.

509 2220 553 2252 ⁸³
579 2224 837 2274 mendosa
866 2213 1164 2270 adnotatio.

2089 2128 2131 2158 ’⁵⁷
2175 2125 2372 2197 Ephes.
2421 2121 2727 2182 v1.10-I7.

2172 1898 2366 1953 Amen.
2419 1895 2550 1949 Data
2605 1887 3104 1958 decimo.septimo
3163 1881 3391 1937 Kalend.
3455 1874 3727 1931 Novembr.

2171 1990 2430 2045 Africano
2457 1997 2512 2043 et
2540 1986 2702 2041 Decio
2725 1985 2768 2015 "
2802 1982 2935 2037 viris
2965 1975 3285 2035 clarissimis
3314 1967 3651 2028 consulibus.

2832 2119 2877 2150 ⁸⁸
2913 2115 2969 2171 S.
3006 2115 3168 2185 Greg.
3219 2126 3341 2181 ep.,
3379 2106 3472 2167 54,
3524 2103 3615 2157 lib.
3645 2114 3727 2152 vn.

3439 2325 3695 2348 ’,ι’-αι’-

827 2523 1093 2582 Decreta
1124 2517 1184 2577 S.
1223 2507 1486 2575 Fabiani
1531 2524 1607 2569 ex
1659 2507 1929 2566 Decreto
1958 2495 2246 2561 Gratiani
2273 2493 2637 2570 desumpta,
2683 2505 2802 2550 nec
2841 2481 3168 2566 prioribus
3200 2479 3468 2540 inserta.

513 2810 557 2866 l.
584 2807 783 2864 Inediis
809 2811 1104 2924 macerctur}
1117 2800 1386 2882 acerrimis
1415 2801 1504 2920 qui
1541 2797 1699 2866 fratri
1726 2813 1818 2850 suo
1845 2797 2071 2851 reconci-

1109 2888 1211 2924 iari
1238 2887 1339 2924 non
1363 2885 1426 2921 vu
1454 2878 1492 2920 t.

1109 2878 1211 2924 iuri
1238 2887 1339 2924 non
1363 2878 1492 2921 vult.

519 2990 694 3062 (Dist.
725 2986 812 3053 90,
839 2984 899 3040 Si
925 2985 1040 3056 quis
1061 2984 1403 3038 contristatus
1427 2998 1444 3044 ;
1468 2979 1630 3035 Basil.
1653 2981 1704 3033 in
1722 2977 1871 3048 Reg.,
1897 2993 1946 3032 c.
1971 2976 2079 3045 74.)

595 3079 653 3134 Si
702 3078 824 3150 quis
851 3076 1207 3132 contristatus
1254 3072 1490 3126 noluerit
1541 3068 1883 3124 reconciliari
1929 3065 2084 3120 fratri

2186 2802 2300 2846 sua)
2361 2775 2829 2851 consanguineis,
2893 2779 3018 2843 post
3081 2774 3311 2822 mortem
3378 2777 3497 2818 sua:
3545 2758 3730 2816 uxoris.

2435 2895 2516 2951 Ad
2545 2893 2758 2947 titulum
2788 2886 3089 2942 immediate
3116 2879 3511 2953 prazscriptum.

2331 2988 2580 3060 (Eodem
2634 2999 2779 3053 cap.,
2832 2996 2900 3036 ex
2950 2977 3139 3033 eodem
3195 2969 3616 3038 Pinnitentiali.)

2261 3083 2362 3150 Qui
2416 3079 2776 3150 prOpinqnam
2825 3071 3109 3140 sanguinis
3172 3080 3399 3120 uxorem
3455 3063 3652 3116 ducunt
3695 3061 3738 3107 et

520 3188 642 3239 suo,
693 3169 1060 3227 satisfaciente
1105 3182 1169 3222 eo
1223 3165 1315 3236 qui
1374 3162 1748 3228 contristavit,
1803 3159 2079 3216 acerrimis

2191 3181 2530 3245 separantur,
2554 3184 2660 3223 non
2690 3165 2874 3220 licebit
2905 3163 3006 3226 eis,
3037 3159 3278 3230 quandiu
3303 3155 3522 3226 utrique
3553 3153 3736 3212 vivunt,

519 3272 825 3320 macerctur
846 3261 1061 3324 inediis,
1082 3274 1256 3329 usque
1293 3257 1421 3311 dum
1445 3254 1680 3325 gratanti
1712 3251 1895 3306 animo
1928 3249 2087 3306 satis—

520 3357 812 3414 factionem
853 3354 1098 3424 recipiat.

576 3472 645 3528 II.
686 3471 916 3542 Infantis
938 3470 1154 3539 efﬁcitur
1176 3467 1266 3537 qui
1288 3465 1454 3519 sciens
1483 3463 1717 3533 pejerare
1739 3461 2032 3528 ptmsumit.

525 3581 614 3654 (6,
651 3598 707 3654 q.
740 3583 791 3645 1,
825 3578 1128 3648 Quicunque
1173 3577 1378 3654 sciens_;_
1402 3573 1609 3654 Regina
1657 3588 1724 3627 ex
1766 3573 1864 3626 lib.
1904 3571 2087 3626 Pumi-

1174 3646 1440 3713 tentiali.)

593 3743 919 3811 Quicunque
974 3738 1152 3795 sciens
1206 3753 1264 3792 se
1325 3734 1680 3807 pejeraverit,
1733 3731 2090 3803 quadraginta

523 3836 641 3890 dies
670 3835 721 3888 in
747 3849 884 3902 pane
913 3841 966 3885 et
998 3845 1138 3900 aqua
1162 3867 1179 3892 ,
1228 3837 1281 3881 et
1323 3834 1529 3895 septem
1581 3834 1870 3893 sequentes
1917 3838 2091 3876 annos

525 3927 816 3997 paeniteat;
850 3933 903 3977 et
934 3935 1212 3991 nunquam
1239 3920 1311 3973 sit
1340 3918 1458 3971 sine
1483 3915 1834 3987 paenitentia;
1871 3921 1924 3967 et
1955 3930 2091 3966 nun-

527 4035 691 4090 quam
738 4017 792 4071 in
845 4013 1220 4069 testimonium
1280 4011 1606 4080 recipiatur;
1653 4005 2091 4062 communionem

529 4121 709 4166 tamen
742 4118 864 4180 post
891 4109 994 4161 hoc
1024 4103 1287 4175 percipiat

529 4224 614 4278 III.
642 4223 901 4278 Furiosus
923 4230 973 4274 et
999 4219 1202 4291 furiosa
1251 4215 1648 4269 matrimonium
1670 4214 1972 4267 contra/tere
1994 4227 2093 4264 non

1189 4296 1428 4359 possunt.

529 4404 656 4476 (52,
680 4419 734 4477 q.
773 4403 828 4472 7,
862 4400 1039 4477 Neque
1075 4400 1327 4477 Luriosus.
1362 4398 1426 4477 Et
1461 4399 1514 4452 in
1547 4397 1749 4477 ρει-νει,
1777 4395 1886 4452 lvo.
1908 4394 2004 4450 lib.
2023 4413 2092 4450 vt.

877 4468 1046 4525 Allert
1076 4468 1284 4541 Regina
1319 4487 1385 4524 ex
1416 4471 1528 4538 lege
1555 4468 1747 4537 Rom.)

599 4561 786 4632 Neque
849 4561 1129 4626 furiosus,
1189 4575 1363 4628 neque
1427 4559 1635 4612 furiosa
1685 4555 2096 4611 matrimonium

531 4652 854 4708 contrahere
883 4660 1130 4722 possunt.
1159 4649 1263 4704 Sed
1305 4650 1352 4704 si
1395 4659 1731 4705 contractum
1773 4647 1956 4714 fuerit,
1989 4662 2096 4700 non

532 4753 850 4814 separentur

534 4857 622 4913 IV.
657 4858 843 4939 Aﬂines
881 4858 934 4910 in
974 4863 1159 4939 quinta
1203 4857 1536 4938 generatione
1578 4856 1818 4926 capulari
1851 4864 2097 4925 possunt,

621 4939 670 4982 et
695 4932 748 4981 in
779 4937 992 4998 quarta,
1018 4929 1062 4979 si
1080 4929 1276 4996 ['uermt
1306 4927 1518 4993 inventi,
1542 4942 1646 4980 non
1675 4937 2004 4996 separentur.

535 5038 653 5108 (55,
694 5053 749 5108 q.
775 5037 811 5091 2
840 5048 892 5092 et
920 5038 974 5103 5,
1019 5037 1090 5092 De
1128 5039 1455 5108 prooinquis.
1482 5038 1580 5094 Est
1621 5055 1686 5095 ex
1735 5039 2098 5095 Poenitentiali

1143 5108 1412 5164 Theodori
1423 5149 1437 5162 .
1457 5111 1476 5181 )
2073 5140 2079 5145 .

605 5224 678 5280 De
709 5225 1050 5296 propinquis,
1075 5225 1171 5294 qui
1214 5225 1280 5279 ad
1335 5225 1651 5280 allinitatem
1699 5239 1794 5293 per
1844 5225 2018 5276 virum
2049 5233 2102 5278 et

537 5334 759 5406 uxorem
793 5318 1039 5380 veniunt,
1064 5317 1319 5371 defuncta
1348 5334 1521 5373 uxore
1545 5318 1628 5371 vel
1653 5317 1789 5382 viro,
1827 5316 1878 5370 in
1912 5319 2099 5386 quinta

535 5411 882 5480 generatione
931 5410 1373 5480 coniungantur;
1415 5411 1469 5464 in
1517 5419 1741 5480 quarta,
1796 5411 1843 5466 si
1896 5411 2100 5466 inventi

540 5500 764 5564 fuerint,
815 5517 926 5556 non
969 5494 1313 5572 separentur.
1368 5502 1423 5556 In
1453 5507 1610 5558 tertia
1662 5513 1841 5558 tamen
1883 5505 2103 5573 propin-

535 5593 742 5662 quitate
793 5608 901 5647 non
961 5593 1086 5650 licet
1134 5608 1360 5648 uxorem
1419 5595 1643 5648 alterius
1684 5597 1928 5666 accipere
1983 5605 2104 5666 post

535 5685 745 5741 obitum
783 5684 922 5753 ejus.
959 5683 1265 5754 Equaliter
1298 5685 1381 5739 vir
1411 5686 1778 5756 conjungatur
1821 5688 1874 5741 in
1914 5689 2105 5742 matri-

537 5779 722 5835 monio
752 5779 863 5846 eis,
896 5794 1016 5850 quae
1055 5780 1158 5836 sibi
1193 5780 1612 5850 consanguinea:
1649 5787 1798 5847 sunt,
1830 5789 1883 5835 et
1913 5781 2102 5838 uxoris

2188 3242 2323 3318 ali-as
2361 3273 2561 3314 uxores
2608 3254 2712 3310 sibi
2756 3253 2812 3308 in
2861 3250 3121 3324 coniugio
3152 3248 3399 3311 sociare,
3455 3245 3560 3299 nisi
3609 3242 3739 3313 igneo

2189 3353 2364 3408 ranlia
2395 3356 2750 3406 excusentur.

2191 3463 2254 3519 ν.
2296 3461 2687 3531 Consanguinei
2727 3469 2977 3531 tantum,
3006 3455 3105 3531 vel,
3152 3455 3199 3506 si
3237 3453 3512 3531 progenies
3556 3449 3738 3531 deterit.

2259 3534 2466 3603 antiqui
2494 3523 2542 3587 ἐι
2571 3546 2797 3594 veraces,
2829 3528 3272 3599 propinquitatem
3305 3525 3357 3577 in
3396 3523 3597 3594 synodo
3620 3536 3740 3573 com-

2259 3614 2460 3676 putent.

2192 3699 2304 3768 (55,
2328 3715 2382 3769 q.
2408 3696 2462 3762 6,
2494 3691 3340 3828 Consangui'neosl.qxtranqorum.
3369 3685 3438 3741 Et
3474 3686 3526 3740 in
3558 3683 3739 3738 Decret.

2805 3777 2888 3815 vo.
2938 3777 2951 3814 ι
2997 3776 3136 3812 .vu.

2805 3777 2888 3815 νο.
2917 3776 3008 3814 ιιι).
3035 3776 3136 3812 ΥΠ.

2261 3857 2712 3926 Consanguineos
2761 3865 3148 3908 extraneorum
3186 3849 3369 3904 nullus
3415 3855 3650 3910 accuset,
3676 3841 3744 3896 vel

2193 3949 2727 4020 consanguinitalcm
2762 3946 2815 4000 in
2848 3943 3058 4015 synodo
3093 3948 3392 4010 computet,
3427 3939 3521 3994 sed
3551 3936 3745 4007 pr0pin-

2194 4045 2309 4113 qui,
2342 4043 2409 4096 ad
2439 4055 2676 4110 quorum
2721 4037 2967 4092 notitiam
3000 4034 3254 4104 pertinet,
3288 4031 3338 4084 id
3371 4039 3479 4096 est,
3523 4039 3666 4100 pater
3702 4031 3747 4076 et

2196 4143 2390 4195 mater,
2420 4145 2578 4186 soror
2620 4139 2675 4184 et
2710 4127 2897 4193 frater,
2930 4135 3180 4196 patruus,
3215 4123 3547 4187 avunculus,
3580 4119 3743 4177 amita,

2196 4233 2505 4284 matertera,
2537 4231 2590 4276 et
2618 4236 2808 4276 eorum
2837 4217 3162 4290 procreatio.
3191 4215 3248 4270 Si
3275 4224 3458 4269 autem
3486 4210 3746 4284 progenies

2197 4324 2312 4370 tota
2347 4314 2637 4377 defecerit,
2683 4314 2750 4367 ab
2805 4309 3213 4380 antiquioribus
3286 4316 3341 4361 et
3396 4303 3746 4361 v-eracioribus

2198 4407 2398 4476 quibus
2418 4405 2605 4459 eadem
2639 4404 3017 4474 propinquitas
3047 4410 3174 4455 nota
3202 4408 3305 4465 est,
3341 4399 3630 4468 episcopus
3667 4410 3745 4448 ca—

2129 4509 2171 4562 D
2203 4500 2396 4555 nonice
2421 4499 2732 4568 perquirat:
2760 4507 2813 4552 et
2845 4497 2890 4553 si
2923 4496 3138 4550 inventa
3170 4493 3334 4549 fuerit
3363 4490 3742 4562 propinquitas.

2206 4606 2332 4661 sepa
2343 4601 2546 4644 rentur.

2290 4703 2376 4760 VI.
2422 4701 2521 4756 Ter
2550 4703 2602 4755 in
2626 4719 2764 4755 anno
2792 4701 3009 4772 quisque
3036 4699 3276 4771 ﬁdelium
3308 4697 3669 4751 communicet.

2201 4796 2310 4868 (De
2342 4811 2572 4851 consecr.
2623 4795 2753 4850 dist.
2785 4792 3021 4917 ῥηιξιδί
3063 4809 3209 4931 )ηοη.
3256 4791 3322 4846 Et
3361 4793 3415 4846 in
3456 4790 3608 4844 Decr.
3652 4785 3745 4840 lvo.

2901 4882 2910 4916 I
2958 4906 2970 4918 .
3003 4879 3038 4916 ι.

2901 4879 2970 4918 ll).
3003 4879 3038 4916 I.

2272 4958 2389 5014 Etsi
2441 4974 2550 5014 non
2602 4957 2979 5028 frequentius,
3027 4955 3217 5009 saltem
3265 4955 3321 5008 in
3371 4968 3517 5008 anno
3544 4961 3622 5007 ter
3643 4945 3748 5004 laici

2203 5051 2452 5107 homines
2487 5050 2916 5113 communicem,
2971 5048 3073 5102 nisi
3133 5046 3273 5101 forte
3301 5047 3428 5116 quis
3473 5043 3750 5115 majoribus

2201 5141 2533 5213 quibuslibet
2606 5139 2931 5194 criminibus
3019 5137 3390 5206 impediatur,
3444 5137 3498 5190 in
3559 5133 3750 5190 Pascha

2208 5235 2479 5299 videlicet,
2497 5244 2553 5297 et
2571 5233 2912 5294 Pentecoste,
2942 5238 2996 5284 et
3017 5227 3193 5283 Natali
3219 5228 3452 5282 Domini.

2325 5345 2435 5402 VII.
2473 5347 2610 5400 Ante
2640 5360 2806 5399 annos
2838 5341 2908 5397 '50
2936 5341 3204 5412 presbyter
3227 5357 3328 5395 non
3353 5341 3641 5394 ordinetur.

2205 5435 2375 5505 (Dist.
2410 5435 2497 5501 78,
2529 5434 2589 5490 Si
2613 5437 2750 5505 quis,
2783 5434 2880 5505 5Q;
2912 5434 3043 5488 etin
3087 5432 3240 5487 Decr.
3279 5435 3397 5505 rlyo.
3438 5432 3533 5486 lib.
3567 5445 3658 5496 tn;
3695 5441 3752 5479 ex

2570 5502 2804 5560 Martino
2836 5503 3087 5570 Bracar.,
3119 5519 3240 5572 cap.
3263 5502 3392 5573 ΞΟ.)

2276 5598 2334 5652 Si
2397 5599 2520 5668 quis
2590 5597 2815 5666 triginta
2871 5596 3049 5650 aetatis
3123 5611 3237 5650 sua:
3301 5610 3408 5649 non
3469 5588 3754 5664 impleverit

2205 5706 2400 5757 annos,
2453 5690 2602 5745 nullo
2653 5689 2815 5744 modo
2865 5689 3150 5759 presbyter
3195 5687 3504 5751 ordinetur,
3559 5681 3751 5741 etiamsi

2205 5782 2362 5837 valde
2418 5782 2486 5837 sit
2522 5781 2750 5852 dignus;
2807 5780 2934 5851 quia
2971 5789 3026 5836 et
3077 5779 3192 5851 ipse
3240 5777 3506 5834 Dominus
3552 5775 3753 5846 triginta
