3882 6512
127 449 205 504 illi
657 451 715 506 S.
758 448 1179 506 ALEXANDER
1220 446 1583 505 lllEROSOL.
1627 446 1842 503 EPISC.
1888 445 1973 500 ET
2014 442 2332 502 MARTYR.
2358 476 2425 486 -
2467 441 2768 499 NOTITIA.

3252 445 3358 497 Si)!

128 581 365 621 annorum
423 566 729 634 baptizatus
771 580 883 637 est,
928 580 981 625 et
1018 577 1097 626 sic
1136 571 1300 640 coepit
1330 571 1540 626 docere.
1594 566 1711 622 Non
1772 576 1983 637 oportet
2028 582 2189 637 ergo,
2238 567 2332 636 qui
2376 565 2711 620 ordinandus
2756 573 2858 629 est,
2898 580 3069 635 usque
3107 562 3173 617 ad
3217 564 3361 616 lianc

127 671 304 717 etatem
327 660 626 730 legitimam
661 666 994 718 consecrari.

154 920 431 1002 Ejusdem
464 921 721 983 decreta
759 938 834 981 ex
874 920 1103 982 Codice
1132 922 1544 981 Decretorum
1579 916 1900 978 sexdecim
1932 914 2271 983 librorum,
2315 910 2477 973 libro
2509 909 2761 989 quinto,
2801 913 3002 990 capite
3042 915 3318 992 septimo

1582 1004 1643 1058 et
1675 1010 1872 1058 nono.

157 1124 189 1176 l.
218 1120 278 1177 Ut
302 1120 498 1175 oblatio
522 1120 711 1176 altaris
734 1119 959 1189 singulis
984 1118 1165 1172 diebus
1191 1117 1484 1170 Dominicis
1516 1117 1633 1185 ﬁat.
1699 1120 1746 1177 Α
1839 1111 1909 1166 Ut
1958 1112 2225 1180 presbyter
2265 1109 2579 1189 illitteratus
2629 1110 2847 1165 missam
2889 1113 3151 1169 celebrare
3195 1133 3300 1169 non

186 1236 554 1302 Decernimus,
602 1243 664 1290 ut
721 1234 775 1288 in
826 1232 1083 1288 omnibus
1130 1231 1430 1287 Dominicis
1478 1230 1672 1286 diebus

128 1329 290 1385 altaris
336 1328 537 1383 oblatio
602 1327 673 1382 ab
729 1326 984 1381 omnibus
1037 1324 1170 1379 viris
1237 1333 1292 1378 et
1353 1322 1673 1378 mulieribus

128 1423 225 1487 ﬁat,
241 1435 337 1475 tam
362 1420 517 1490 panis
546 1426 712 1490 quam
747 1418 881 1483 vini,
909 1427 965 1472 ut
1007 1433 1102 1487 per
1139 1418 1239 1472 has
1271 1415 1673 1470 immolationes

126 1521 493 1583 apeccatorum
527 1526 751 1567 suorum
785 1509 1027 1565 fascibus
1066 1509 1389 1564 liberentur.

2460 1180 2676 1235 audeat.

1850 1272 2192 1328 Sacrificium
2224 1286 2332 1325 non
2360 1279 2445 1325 est
2475 1271 2851 1341 accipiendum
2878 1274 2945 1329 de
2974 1291 3139 1330 manu
3171 1291 3354 1332 sacer-

1778 1366 1943 1433 dotis,
1982 1365 2076 1436 qui
2111 1363 2389 1419 orationes
2419 1364 2502 1417 vel
2530 1363 2774 1421 actiones
2805 1375 2859 1420 et
2888 1367 3129 1436 reliquas
3166 1368 3356 1423 obser-

1778 1459 2031 1513 vationes
2071 1457 2126 1511 iu
2187 1455 2356 1510 inissa
2412 1455 2715 1511 secundum
2763 1457 2925 1511 ritum
2974 1456 3199 1527 implere
3245 1471 3358 1513 non

1782 1559 1983 1621 potest.

127 1662 3331 1717 ω

1393 1848 1564 1889 ANNO
1608 1845 1837 1889 DOMINI
1883 1845 2041 1887 CCL].

913 1988 1083 2166 S.
1215 1982 2540 2159 ALEXANDER

288 2258 1550 2409 HIEROSOLYMITANUS
1624 2257 2284 2350 EPISCOPUS
2359 2262 2508 2349 ET
2585 2260 3117 2349 MARTYll.

1377 2550 1665 2663 NOT
1700 2552 1996 2663 ITlA

922 2771 1213 2833 (Gutum,
1244 2771 1474 2821 Veterum
1501 2771 1707 2819 Patrum
1744 2767 1992 2829 Βεῡιξοιιι.,
2023 2770 2084 2829 ll,
2116 2771 2338 2831 Proleg.,
2362 2785 2420 2832 p.
2454 2774 2627 2831 xxvu.)

113 3017 147 3072 l.
184 3020 469 3096 Alexander
500 3021 730 3096 primum
768 3021 821 3073 in
864 3019 1201 3090 Cappadocia
1250 3024 1547 3093 episcopus,
1583 3022 1868 3096 quamnam
1894 3025 2187 3078 Ecclesium
2232 3028 2442 3076 rexerit.
2486 3024 2568 3075 Ad
2597 3026 2767 3075 sedem
2814 3024 3350 3093 Hierosolymitauam

172 3092 450 3144 translatus
481 3092 757 3144 divinitus.

111 3153 169 3211 ll.
203 3159 322 3213 Post
337 3162 767 3240 ‘iteratanathf‘idei
798 3161 1489 3240 confessioncmjllustrent,
1519 3167 1598 3219 vir
1627 3166 1816 3219 decora
1842 3175 2105 3219 senectute
2138 3164 2448 3240 conspicuus
2483 3163 2533 3240 in
2571 3179 2830 3240 carcerem
2874 3174 3078 3233 martyr
3109 3164 3353 3217 occubuit

171 3247 298 3302 anno
330 3231 541 3302 Domini
570 3231 675 3284 252
700 3247 818 3284 cum
852 3230 1146 3284 Ecclesium
1180 3232 1718 3302 Hierosolymitanam
1743 3237 2167 3289 administrasset
2191 3234 2345 3286 annis
2373 3234 2583 3285 circiter
2609 3234 2697 3285 Ml.

115 3296 190 3352 Ill.
233 3300 294 3354 In
325 3301 478 3355 .Elia
528 3302 653 3355 urbe
698 3302 1070 3372 bibliothecam
1109 3303 1363 3371 insignem
1405 3296 1659 3359 instruxit
1701 3306 2021 3361 Alexander.
2074 3303 2259 3356 Varias
2284 3318 2500 3372 quoque,
2529 3304 2742 3371 scripsit
2763 3301 3051 3371 epistolas:
3093 3302 3161 3356 ad
3200 3303 3352 3355 Ami-

170 3374 354 3446 noitas,
390 3373 459 3424 ad
504 3371 905 3436 Amice/tenses,
935 3372 1003 3425 ad
1048 3372 1347 3442 Origenem,
1373 3384 1422 3427 et
1459 3391 1554 3443 pro
1587 3376 1809 3446 Origene
1842 3385 2026 3430 contra
2061 3371 2407 3427 Demetrium.
2454 3371 2660 3425 Harum
2704 3374 3003 3444 fragmenta
3034 3388 3097 3427 ea:
3126 3372 3352 3426 Eusebio

167 3442 483 3511 deprompta.

163 3559 524 3614 Alexandrum
589 3559 742 3628 prius
803 3560 856 3611 in
935 3558 1282 3628 Cappadocia
1348 3560 1665 3631 episcopum
1704 3568 1743 3620 Β
1774 3561 2046 3631 insignem
2088 3558 2418 3614 Christiana
2465 3558 2585 3612 ﬁdei
2629 3558 3032 3612 confessionem
3078 3559 3144 3613 ad
3188 3575 3353 3628 supra

106 3646 257 3703 fuisse
296 3650 609 3705 ordinatum
659 3650 851 3704 scribit
898 3647 1172 3705 Eusebius
1212 3650 1290 3720 (l)
1341 3651 1435 3720 qui
1482 3659 1661 3705 tamen

103 3742 237 3797 urbis
288 3743 341 3796 in
395 3758 505 3812 qua
559 3742 651 3796 ille
711 3741 914 3797 sederit
957 3757 1156 3796 nomen
1216 3743 1425 3797 reticet.
1480 3740 1665 3813 Neque

104 3833 243 3886 aliter
273 3833 641 3904 Hieronymus
671 3832 771 3903 (‘2).
824 3832 1098 3887 Flaviadis
1130 3832 1452 3903 episcopum
1495 3832 1664 3888 fuisse

100 3920 455 3980 Alexandrum
501 3934 752 3980 statuunt
781 3923 1037 3981 Valesius
1068 3937 1120 3980 et
1153 3924 1536 3981 Tillemontius
1563 3926 1662 3996 (5),

102 4028 156 4067 ex
195 4015 317 4084 jure
357 4016 840 4072 Graeco-Romano
873 4017 989 4088 (4):
1049 4018 1211 4088 cujus
1258 4027 1441 4073 tamen
1484 4026 1665 4073 textus

102 4107 244 4162 verba
272 4110 347 4162 ita
380 4117 639 4179 corrupta
668 4109 1006 4164 existimavit
1038 4108 1433 4179 Wesselingius
1456 4111 1559 4180 (5),
1605 4120 1667 4165 ut

98 4196 185 4265 ipsi
212 4202 600 4274 ambigendum
633 4216 740 4255 non
776 4202 1045 4268 videatur,
1084 4201 1215 4271 quin
1264 4201 1368 4255 hac
1412 4200 1466 4255 in
1514 4210 1665 4270 parte

96 4303 191 4344 non
237 4293 308 4346 sit
338 4304 647 4363 peccatum.
680 4291 971 4362 Utcunque
1007 4293 1112 4358 sit,
1150 4311 1168 4343 ‹
1203 4291 1461 4346 Antonini
1498 4290 1666 4347 Cara—

93 4383 230 4437 calla:
270 4400 423 4439 anno
456 4368 750 4451 2,ὈΙιι·ὶειὶ
793 4384 957 4446 ﬁlii,»
1006 4391 1067 4437 ut
1104 4383 1267 4437 habet
1301 4381 1567 4438 Eusebius
1610 4384 1663 4437 in

92 4471 341 4531 Chronico
376 4477 483 4548 (6),
528 4495 546 4528 ι
570 4477 880 4532 Alexander
923 4475 1233 4531 tricesimus
1265 4476 1495 4545 quintus
1538 4474 1663 4529 llie-

90 4569 485 4639 rosolymorum
531 4569 823 4638 episcopus
867 4568 1158 4622 ordinatur
1214 4569 1394 4621 adhuc
1453 4567 1665 4620 vivente

90 4654 356 4726 Narcisso,
392 4671 452 4716 et
482 4676 609 4715 cum
641 4674 707 4714 eo
738 4660 943 4730 pariter
969 4658 1268 4714 Ecclesiam
1303 4658 1495 4730 regit.»
1526 4657 1660 4710 Rem

90 4751 251 4811 fusius
303 4755 442 4811 alibi
482 4764 708 4811 enarrat
742 4755 883 4809 idem
933 4756 1223 4823 episc0pus
1284 4753 1659 4809 Cmsariensis.

93 4844 356 4915 «Interea,
392 4849 573 4919 inquit
607 4848 721 4918 (7),
765 4863 893 4902 cum
929 4846 1166 4902 Severus
1199 4848 1389 4902 decem
1434 4857 1489 4901 et
1534 4855 1661 4900 octo

87 4940 229 4993 annis
269 4940 575 5010 imperium
614 4939 910 5004 tenuisset,
960 4938 1277 4992 Antoninus
1316 4936 1660 5005 (Caracalla)

88 5028 215 5085 ﬁlius
261 5032 459 5102 (ejus)
516 5030 570 5083 in
622 5030 741 5099 ejus
774 5030 956 5084 locum
1013 5028 1299 5083 successit.
1350 5027 1468 5093 Qua
1518 5035 1657 5082 tem-

87 5134 275 5189 pestate
301 5123 645 5189 Alexander,
675 5138 820 5177 unus
858 5138 927 5177 ex
954 5137 1148 5175 eorum
1191 5135 1423 5174 numero
1463 5119 1557 5188 qui
1602 5118 1655 5171 in

88 5218 461 5279 persecutione
506 5213 744 5285 (Severi)
791 5213 1006 5268 fortiter
1044 5220 1411 5277 certaverant,
1465 5221 1520 5266 et
1563 5211 1656 5280 qui

88 5318 188 5368 post
236 5311 486 5375 gloriosa
536 5308 904 5363 confessionis
948 5307 1246 5363 certamina
1289 5305 1474 5359 divina
1517 5304 1655 5359 Pro-

87 5398 301 5455 ﬁdentia
359 5401 591 5455 fuerant
642 5400 938 5465 reservati,
985 5414 1147 5469 quem
1191 5414 1293 5453 nos
1339 5397 1655 5467 Hierosoly-

86 5504 277 5548 morum
316 5495 650 5565 episcopum
696 5492 867 5549 fuisse
900 5493 1061 5563 paulo
1087 5501 1212 5546 ante
1244 5491 1553 5555 retulimus,
1588 5490 1658 5542 ob

147 5660 213 5729 (l)
250 5657 493 5723 Euseb,
538 5654 841 5729 Ijist.eccl_.
860 5653 957 5708 lib.
986 5668 1063 5718 vl,
1089 5650 1299 5729 cap.“

146 5721 215 5797 (ἢ)
252 5721 518 5792 Hieron.,
546 5726 627 5780 De
657 5728 754 5780 vir.
778 5724 979 5797 illustr.
1011 5739 1131 5793 cap.
1159 5721 1258 5797 βξ.

250 5800 510 5871 Tillem._,
543 5797 706 5851 Mem.
736 5806 870 5871 tom.
894 5793 983 5858 lll,
1014 5792 1299 5871 pagLﬁlS.

146 5862 214 5933 ll)
245 5871 299 5926 J.
332 5871 435 5925 Gr.
470 5868 650 5931 Rom,
691 5877 823 5921 tom.
852 5865 893 5930 Ι,
922 5862 1047 5936 pag.
1073 5862 1201 5917 295.

147 5928 215 6013 (5)
254 5940 529 6003 Wessel.,
576 5928 853 5991 Probabil.
882 5928 1023 6001 lib;
1055 5947 1180 6003 cap.
1224 5931 1313 6001 1⁸5,
1354 5945 1514 6003 pagg.
1545 5928 1647 5986 l06

262 6040 555 6101 PATROL.
589 6034 706 6097 Gn.
744 6035 827 6094 X.

1772 3654 1976 3706 dictum
2028 3652 2406 3722 episcopatum
2454 3661 2742 3721 promotus
2784 3660 2903 3717 est,
2960 3650 3216 3707 Narcisso
3259 3654 3353 3721 qui

1771 3747 1923 3811 prius
1958 3746 2031 3800 ibi
2073 3745 2249 3800 fuerat
2298 3746 2611 3815 episcopus,
2660 3745 2840 3799 adhuc
2877 3747 3196 3813 superstite.
3229 3764 3248 3794 ι
3290 3744 3354 3798 Et

1772 3839 1935 3907 paulo
1968 3847 2093 3908 post
2127 3838 2202 3907 (8)
2243 3856 2255 3890 :
2307 3857 2324 3887 r
2359 3837 2560 3891 Verum
2613 3851 2738 3890 cum
2782 3845 3003 3905 propter
3055 3846 3351 3891 extremam

1768 3942 2099 3987 senectutem
2160 3931 2526 3986 ministerium
2589 3944 2749 3983 suum
2800 3930 2953 3984 obire
2990 3928 3352 3998 (Narcissus)

1770 4026 2005 4095 amplius
2060 4040 2168 4079 non
2223 4030 2439 4092 posset,
2490 4037 2653 4091 supra
2715 4020 2919 4076 dictum
2979 4020 3352 4076 Alexandrum

1779 4116 2004 4172 alterius
2038 4114 2297 4171 Ecclesia:
2318 4114 2635 4183 episcopum
2661 4112 2846 4166 divina
2883 4112 3216 4181 dispensatio
3258 4127 3354 4181 per

1770 4208 2157 4264 revelationem
2197 4205 2491 4275 quamdam
2538 4220 2660 4274 quae
2694 4204 2771 4257 illi
2818 4204 2874 4257 in
2920 4204 3131 4259 somnis
3181 4218 3351 4273 appa-

1770 4308 1976 4362 ruerat,
2014 4298 2080 4353 ad
2102 4295 2539 4367 participandum
2578 4311 2703 4350 eum
2744 4293 3003 4350 Narcisso
3053 4295 3354 4350 sacerdotis

1770 4390 2004 4445 cilicium
2029 4388 2295 4444 evocavit.
2314 4386 2427 4442 Hac
2450 4387 2615 4457 igitur
2638 4387 2848 4441 visione
2870 4395 3131 4454 tanquam
3165 4385 3352 4441 divino

1769 4482 2083 4537 admonitus
2122 4480 2348 4535 oraculo
2378 4478 2702 4543 Alexander,
2731 4494 2853 4531 cum
2888 4493 2956 4532 ex
3000 4475 3349 4547 Cappadocia

1769 4574 1824 4627 in
1855 4589 1961 4642 qua
1989 4572 2227 4641 primum
2270 4570 2562 4640 episcopus
2596 4568 2773 4622 fuerat
2797 4569 3083 4621 ordinatus
3105 4608 3119 4629 ,
3156 4566 3348 4622 Hiero-

1767 4667 1976 4737 solyma
2010 4663 2290 4734 profectus
2328 4662 2544 4730 fuisset,
2580 4671 2694 4718 tum
2720 4662 2933 4726 orandi,
2970 4662 3348 4716 tumlocorum

1767 4757 2117 4812 visendarum
2160 4755 2369 4825 gratia,
2422 4754 2621 4809 fratres
2652 4754 2799 4809 illius
2834 4753 3098 4808 Ecclesia:
3148 4753 3347 4807 buma-

1767 4848 1994 4903 nissime
2021 4863 2145 4902 eum
2172 4846 2525 4915 excipientes,
2543 4846 2738 4900 reverti
2760 4845 3002 4914 posthaec
3030 4844 3082 4897 in
3113 4843 3347 4912 patriam

1772 4957 1881 4994 non
1916 4940 2184 5004 siverunt,
2211 4957 2230 4989 ›
2263 4949 2369 4994 etc.

1842 5033 1906 5087 ll.
1947 5031 2237 5086 Nonnullis
2266 5031 2485 5085 demum
2535 5027 2833 5097 interjectis
2876 5026 2989 5079 haec
3018 5026 3199 5080 subdit
3232 5028 3342 5096 (9):

1774 5146 1793 5177 ι
1823 5125 1877 5179 ln
1919 5123 2207 5180 Palaestina
2246 5133 2427 5177 autem
2478 5120 2785 5174 Alexander
2840 5118 3343 5189 Hierosolymorum

1766 5219 2077 5289 episcopus,
2122 5232 2318 5271 rursus
2378 5222 2602 5283 propter
2647 5210 2926 5266 Christum
2980 5212 3048 5265 ad
3093 5212 3344 5280 praesidis

1764 5309 2006 5364 tribunal
2033 5308 2322 5373 adductus,
2348 5321 2473 5361 cum
2496 5320 2563 5359 ex
2595 5304 2834 5359 secunda
2859 5304 2959 5358 hac
2994 5303 3346 5359 confessione

1761 5401 1898 5471 (sub
1925 5400 2161 5467 Decio),
2202 5414 2457 5468 magnam
2490 5397 2717 5467 gloriam
2748 5396 3045 5463 retulisset,
3079 5394 3345 5450 Caesarem

1762 5495 1816 5549 in
1871 5508 2146 5548 carcerem
2200 5491 2483 5561 conjectus
2533 5500 2617 5544 est
2650 5509 2662 5542 :
2702 5489 2785 5542 vir
2825 5489 3024 5543 decora
3065 5497 3345 5543 senectute

1762 5663 1914 5797 5‘???)
1945 5715 2176 5797 Euseb?
2196 5713 2495 5797 ‘Chronnad
2524 5731 2652 5768 ann.
2677 5728 3018 5797 uucc‘xxvm.

1945 5786 2045 5858 l_(l.,
2082 5785 2382 5858 Hist._eccl.
2410 5788 2503 5858 lib.
2530 5802 2607 5858 vi,
2638 5799 2758 5852 cap.
2791 5784 2844 5837 8.

1945 5855 2170 5919 Euseh.,
2203 5855 2349 5910 Hist.
2375 5856 2503 5910 eccl.
2528 5855 2625 5910 lib.
2650 5870 2727 5923 γι,
2762 5870 2881 5924 cap.
2910 5853 2996 5908 ll.

1850 5857 1905 5928 8)
1945 5857 2170 5919 Euseh.,
2203 5857 2349 5910 Hist.
2375 5857 2493 5910 ecel.

1827 5859 1905 6001 (9)
1944 5925 2048 5996 ld.,
2080 5927 2213 5984 ibid.
2240 5941 2362 5998 cap.
2404 5928 2493 5981 59.

2975 6019 3019 6084 Ἰ
