3882 6484
470 405 579 458 9115

1234 402 1291 456 S.
1334 402 1729 456 ALEXANDRI
1772 402 2135 458 lllEROSOL.
2179 402 2391 458 EPlSC.
2438 402 2523 457 ET
2565 402 2920 457 MARTYRIS

3621 401 3690 455 9.0
3702 402 3723 455 6

474 538 533 585 et
580 525 885 579 veneranda
944 525 1139 578 canitie
1185 525 1537 594 conspicuus.
1592 524 1693 591 Qui
1747 544 1869 579 eum
1929 538 2051 595 post
2083 541 2125 592 Α
2158 528 2346 589 stolas,
2393 527 2485 595 qui
2518 541 2579 579 ea
2619 534 2937 595 tempestate
2975 525 3171 579 litteris
3207 522 3534 578 excellentes
3572 520 3728 575 ﬁere.-

475 617 796 685 przeclaram
848 625 1010 685 atque
1054 615 1319 670 illustrem
1380 616 1705 672 Christiana:
1753 619 1875 672 ﬁdei
1916 633 2051 673 con-

474 708 769 763 fessionem
803 709 855 761 in
912 707 1202 777 przesidiali
1248 708 1455 777 judicio
1499 710 1700 764 editam
1734 712 1948 766 tandem
1999 713 2053 766 in

473 803 719 857 custodia
771 803 1012 856 animam
1069 802 1414 866 exhalasset,
1461 802 1786 858 Mazabanes
1837 804 1891 858 in
1936 805 2055 874 ejus

472 894 651 947 locum
678 893 966 960 episcopus
992 891 1497 964 Hierosolymorum
1531 896 1875 950 renuntiatus
1902 906 2003 951 est.
2028 914 2047 947 ι

472 983 745 1039 Hactenus
776 985 1068 1040 Eusebius.
1124 985 1198 1040 De
1247 988 1509 1057 martyrio
1542 988 1715 1055 ipsius
1763 987 2054 1043 Alexandri

472 1079 661 1132 eadem
726 1079 893 1132 refert
940 1077 1236 1150 Dionysius
1284 1079 1687 1136 Alexandrinus
1737 1080 1803 1134 ad
1850 1080 2027 1135 Corne

472 1172 606 1225 lium
670 1188 864 1241 papam
921 1172 1209 1227 scribens:
1265 1191 1283 1223 ι
1323 1172 1518 1240 Quod,
1567 1174 1743 1244 inquit
1789 1173 1937 1244 (l0),
1986 1173 2053 1227 ad

472 1260 846 1315 Alexandrum
899 1270 1140 1331 spectat,
1197 1262 1244 1317 is
1315 1264 1369 1317 in
1431 1279 1707 1318 carcerem
1773 1265 2052 1334 conjectus

470 1352 630 1405 beato
683 1352 833 1405 exitu
892 1351 1187 1407 defunctus
1243 1362 1360 1419 est,
1410 1372 1427 1405 ι
1494 1354 1762 1425 μακάριος
1810 1354 2050 1408 ἀνεπαύ-

470 1460 636 1509 σατο;
680 1444 793 1498 sive
827 1454 885 1497 ut
936 1443 1298 1516 Hieronymus
1341 1446 1475 1515 (ll),
1524 1466 1543 1499 ι
1588 1448 1852 1519 martyrio
1892 1462 2053 1503 coro-

470 1544 652 1587 natur.
683 1554 700 1586 ι
739 1533 985 1589 Pretiosa
1017 1536 1138 1604 ejus
1184 1552 1331 1591 mors
1370 1539 1725 1607 consignatur
1758 1554 1903 1593 anno
1947 1538 2053 1593 Do-

470 1626 603 1680 mini
635 1626 742 1681 252
775 1630 829 1681 in
880 1627 1137 1682 Chronico
1173 1628 1481 1685 Eusebiano
1523 1631 1672 1701 (l2):
1714 1639 1774 1685 ut
1822 1631 2051 1700 proinde

472 1716 1027 1789 llierosolymitanam
1089 1719 1390 1776 Ecclesiam
1437 1722 1835 1777 administrarit
1889 1724 2049 1777 annis

468 1812 686 1865 circiter
714 1812 803 1865 40.

541 1901 627 1956 lll.
660 1903 865 1958 Pietate
898 1919 961 1958 ac
992 1905 1239 1960 doctrina
1276 1916 1542 1975 praestans
1569 1906 1873 1960 Alexander
1906 1906 2046 1960 inter

474 2007 669 2051 caetera
696 1997 999 2051 clarissima
1026 2008 1376 2052 monumenta
1406 1999 1639 2052 nobilem
1664 1998 2045 2053 bibliothecam

468 2088 525 2142 in
568 2088 711 2143 IElia
759 2091 912 2153 urbe,
954 2104 1118 2159 quam
1150 2091 1401 2161 regebat,
1435 2089 1739 2154 exstruxit,
1794 2090 1848 2143 in
1879 2105 2045 2159 quam

469 2182 768 2249 praesertim
807 2182 1082 2252 congessit
1121 2182 1365 2235 virorum
1401 2182 1898 2247 ecclesiasticorum
1926 2182 2044 2250 epi-

2161 620 2291 674 bant
2320 638 2332 673 :
2372 636 2493 689 qua:
2521 619 2741 689 quidem
2765 618 3097 673 bibliotheca
3131 616 3449 673 Diocletiani
3480 615 3729 670 incendio

2158 710 2300 765 haud
2326 710 2692 781 conﬂagrasse
2751 712 3119 779 comperitur,
3169 718 3229 763 ut
3274 708 3507 763 advertit
3559 708 3726 762 Baro-

2158 803 2447 873 nius(l5):
2480 818 2603 855 nam
2638 811 2870 856 testatur
2892 800 3161 856 Eusebius
3185 801 3297 871 (14)
3330 801 3395 855 ad
3428 816 3527 857 sua
3556 815 3728 870 usque

2156 907 2401 965 tempora
2451 897 2717 965 integram
2772 897 2951 950 adhuc
2996 896 3358 965 perdurasse,
3408 906 3573 965 atque
3607 894 3728 949 inde

2156 986 2492 1040 uberrimam
2543 987 2827 1040 materiam
2880 986 2945 1041 ad
2997 1001 3150 1040 suam
3209 984 3503 1040 Historiam
3552 986 3726 1039 eccle-

2154 1079 2435 1135 siasticam
2485 1080 2876 1134 contexendam
2918 1096 2976 1135 se
3012 1080 3297 1149 collegisse
3348 1089 3502 1149 grato
3544 1079 3726 1133 animo

2152 1172 2457 1242 proﬁtetur.

2237 1264 2422 1335 Neque
2474 1278 2603 1320 vero
2637 1265 2752 1320 suis
2798 1264 2961 1318 etiam
3006 1266 3224 1334 scriptis
3258 1262 3555 1319 Ecclesiam
3607 1261 3728 1316 illu-

2151 1367 2329 1411 strare
2383 1357 2591 1411 destitit
2629 1357 2951 1409 Alexander.
3001 1356 3223 1425 Aliquot
3271 1356 3415 1411 enim
3465 1354 3726 1425 epistolas

2153 1448 2374 1517 scripsit
2399 1449 2465 1502 ad
2500 1448 2830 1513 Antinoitas,
2863 1464 2926 1501 ex
2956 1464 3185 1516 quarum
3218 1464 3324 1501 una
3359 1447 3724 1517 fragmentum

2151 1544 2385 1597 recitant
2446 1542 2713 1596 Eusebius
2768 1542 2876 1611 (15)
2940 1553 3103 1611 atque
3171 1538 3533 1611 Hieronymus
3587 1538 3721 1608 (l6).

2156 1652 2174 1686 ι
2205 1635 2435 1703 Scripsit
2466 1645 2520 1689 et
2548 1635 2711 1689 aliam
2740 1636 2804 1688 ad
2832 1635 3234 1689 Antiochenses
3263 1648 3360 1702 per
3385 1632 3724 1688 Clementem

2148 1723 2528 1795 presbyterum
2552 1724 2916 1789 Alexandriae,
2954 1743 2972 1776 ι
3004 1724 3133 1777 dum
3167 1724 3383 1778 vinctus
3414 1722 3466 1775 in
3504 1738 3727 1777 carcere

2148 1814 2482 1869 detineretur
2512 1834 2524 1869 :
2577 1834 2593 1866 ι
2628 1830 2861 1869 necnon
2898 1816 2963 1869 ad
3004 1814 3286 1885 Origeuem
3313 1855 3327 1877 ,
3372 1822 3424 1867 et
3458 1830 3556 1882 pro
3603 1815 3725 1867 Urio

2153 1921 2288 1975 gene
2327 1917 2515 1962 contra
2561 1905 2927 1971 Demetrium;
2968 1928 2985 1957 υ
3033 1908 3194 1960 verba
3247 1915 3373 1960 sunt
3409 1904 3725 1976 Hieronymi

2154 1998 2189 2051 l.
2225 2015 2273 2052 c.
2310 1997 2511 2052 Harum
2556 1998 2908 2069 epistularum
2946 1998 3272 2069 fragmenta,
3314 2007 3475 2067 prout
3507 2006 3727 2051 exstant

2155 2092 2295 2159 apud
2325 2090 2617 2145 Eusebium
2650 2091 2784 2156 (l7),
2812 2106 2938 2145 cum
2975 2092 3119 2145 notis
3144 2091 3213 2145 cl.
3243 2088 3443 2146 Valesii
3474 2104 3579 2144 suo
3603 2088 3727 2143 loco

2156 2183 2209 2235 in
2248 2183 2481 2236 medium
2511 2182 2859 2236 adduximus.

1444 2535 1584 2645 S.
1662 2535 2762 2649 ALEXANDRI

869 2748 1147 2809 Primum
1178 2747 1645 2826 Cappadocum,
1680 2747 1915 2809 deinde
1950 2746 2518 2827 Hierosolymitani
2557 2750 2844 2826 episcopi
2871 2759 2930 2811 et
2962 2752 3283 2831 martyris,

1266 2928 1982 3016 FRAGMENTA
2056 2927 2945 3021 EPISTOLARUM.

1069 3240 1310 3310 Epistola
1348 3243 1414 3294 ad
1448 3241 1840 3295 Auliochenses.
1879 3241 2032 3310 Apud
2060 3239 2347 3293 Eusebium
2384 3238 2525 3291 Hist.
2555 3240 2679 3292 sccl.
2707 3239 2799 3293 lib.
2832 3255 2906 3305 vt,
2938 3257 3053 3309 cap.
3089 3242 3169 3294 ll.

533 3362 859 3426 Alexander,
909 3377 1100 3417 servus
1152 3361 1242 3415 Dei
1277 3372 1329 3415 et
1379 3364 1592 3417 vinctus
1637 3361 1765 3417 Jesu
1815 3362 2039 3427 Christi,
2076 3370 2117 3423 Β

463 3456 793 3510 beatissima:
834 3454 1287 3508 Antiochensium
1314 3455 1573 3509 Ecdesia:
1604 3454 1655 3507 in
1686 3454 1917 3509 Domino
1950 3470 2039 3507 sa-

463 3550 652 3603 lutem.
684 3548 944 3618 Expedita
972 3548 1103 3601 mihi
1134 3563 1199 3602 ac
1243 3546 1378 3600 levia
1427 3547 1640 3601 vincula
1692 3548 1834 3602 Deus
1863 3548 2040 3604 effecit

464 3640 729 3695 custodiae
774 3654 908 3692 mea:
945 3647 1206 3708 tempore,
1238 3650 1527 3709 postquam
1560 3642 1817 3710 comperi,
1849 3640 2035 3695 Ascle-

464 3732 680 3802 piadem
721 3732 896 3786 virum
937 3730 1062 3785 ﬁdei
1100 3731 1298 3785 merito
1331 3731 1568 3786 maxime
1603 3732 1880 3796 idoneum,
1913 3748 2039 3786 san-

464 3824 723 3880 ctissima:
755 3822 1012 3878 Ecclesiae
1051 3834 1245 3878 vestrae
1268 3824 1640 3892 episcopatum
1688 3824 1870 3878 divina
1910 3838 2036 3892 pro-

462 3918 703 3972 videntia
740 3918 1071 3988 suscepisse.
1103 3917 1273 3972 Porro
1298 3918 1397 3971 has
1430 3918 1660 3981 litteras,
1688 3917 1894 3972 domini
1927 3916 2035 3972 fra-

464 4022 596 4070 tres,
628 4024 723 4078 per
767 4008 984 4062 beatum
1020 4009 1395 4078 presbyterum
1443 4006 1773 4061 Clementem
1824 4008 1890 4061 ad
1935 4023 2033 4063 vos

462 4102 609 4167 misi,
644 4103 823 4155 virum
867 4102 1065 4155 virtute
1097 4102 1379 4169 przeditum
1411 4111 1465 4155 et
1502 4100 1786 4169 probatum
1824 4119 1836 4153 :
1869 4114 2031 4169 quem

460 4203 559 4241 vos
590 4198 643 4241 et
677 4190 850 4242 nostis
874 4190 1009 4256 jam,
1038 4200 1091 4242 et
1118 4190 1352 4257 amplius
1382 4190 1743 4259 cognoscetis.
1779 4188 1879 4254 Qui
1911 4190 2032 4258 qui-

462 4279 582 4335 dem
629 4280 723 4335 Dei
776 4289 910 4335 nutu
954 4296 1018 4335 ac
1063 4281 1421 4349 providentia,
1453 4282 1581 4334 dum
1623 4281 1713 4335 hic
1742 4281 1884 4349 apud
1930 4296 2031 4335 nos

462 4387 700 4441 praesens
749 4381 913 4435 esset,
948 4370 1244 4427 Ecclesiam
1276 4370 1479 4426 Christi
1522 4382 1575 4426 et
1606 4372 1951 4428 conﬁrmavit
1977 4381 2032 4426 et

462 4477 793 4534 magnopere
822 4464 992 4517 auxit.

536 4619 649 4688 (10)
691 4619 911 4692 Dionys.
934 4622 1108 4686 Alex.,
1130 4620 1269 4689 apud
1292 4620 1489 4675 Euseb.
1518 4619 1805 4675 Hist.eccl.
1828 4621 1923 4677 lib.
1954 4636 2030 4684 Vt,

461 4706 582 4757 cap.
611 4692 699 4745 46.

534 4762 646 4829 (11)
690 4762 933 4827 Hieron.,
955 4761 1029 4814 De
1054 4762 1150 4814 vir.
1184 4761 1406 4823 illitam,
1439 4776 1559 4828 cap.
1588 4760 1675 4813 62.

533 4832 646 4968 (12)
688 4832 912 4896 Euseb.,
943 4831 1137 4886 Chron.
1172 4834 1237 4885 ad
1272 4848 1398 4883 ann.
1438 4847 1744 4907 nuccuvtt.

563 4903 646 4968 15)
685 4903 909 4966 Barou.,
945 4903 1008 4955 ad
1039 4920 1165 4956 ann.
1196 4902 1321 4960 255,
1359 4901 1386 4968 §
1416 4902 1537 4956 l‘25.

563 4903 646 4969 15)
685 4903 909 4966 Barou.,
945 4903 1008 4955 ad
1039 4920 1165 4956 ann.
1196 4902 1321 4960 255,
1359 4901 1386 4970 §
1416 4902 1537 4956 l‘25.

532 4973 643 5041 (14)
682 4972 909 5039 Euseb.,
947 4972 1091 5027 Hist.
1122 4974 1246 5027 eccl.
1286 4972 1379 5026 lib.
1415 4988 1488 5037 vn,
1517 4986 1633 5041 cap.
1660 4971 1751 5025 ‘20.

532 5043 646 5112 (l5)
688 5044 765 5097 ld.
802 5043 957 5107 ibid.,
988 5060 1107 5112 cap.
1146 5044 1229 5096 ll.

531 5113 644 5181 (16)
687 5113 929 5177 Hieron.,
958 5115 993 5166 Ι.
1027 5130 1075 5167 c.

529 5182 646 5252 (17)
688 5184 910 5247 Euseb.,
943 5184 1081 5237 Hist.
1111 5184 1237 5237 eccl.
1264 5184 1358 5237 lib.
1392 5199 1463 5247 vr,
1509 5198 1664 5252 capp.
1694 5182 1779 5243 ll,
1817 5183 1904 5245 14,
1939 5184 2026 5239 l9.

534 5190 623 5239 (l7
688 5190 910 5247 Euseb.,
943 5190 1081 5237 Hist.
1111 5190 1237 5237 eccl.
1264 5190 1358 5237 lib.
1392 5199 1463 5247 vr,
1509 5198 1664 5252 capp.
1694 5190 1779 5243 ll,
1817 5190 1904 5245 14,
1939 5190 2026 5239 l9.

534 5190 646 5324 (18$
671 5255 897 5320 Δοῦλος
918 5254 1292 5323 Kupt'ov(sic).
1315 5255 1371 5306 ln
1394 5255 1579 5307 codice
1614 5253 1776 5324 Med,
1804 5252 1939 5306 Maz.
1979 5263 2032 5307 et

462 5323 599 5377 Fuk.
629 5323 634 5324 ⁷
659 5326 945 5394 inscriptio
999 5325 1159 5393 hujus
1201 5324 1442 5394 epistola:
1474 5326 1629 5376 aliter
1677 5323 1891 5391 legitur.
1931 5325 2031 5394 hoc

462 5396 623 5448 modo
675 5415 687 5448 :
744 5393 1088 5465 Ἀλέξανδρος
1133 5396 1161 5446 ὁ
1217 5393 1398 5465 δοῦλος
1444 5394 1538 5446 καὶ
1578 5394 1797 5463 δέσμιος
1846 5393 2029 5465 ξ’ῐησοῦ

458 5465 699 5536 Χριστοῦ
720 5483 733 5496 ο
766 5467 968 5535 quibus
999 5463 1489 5536 consentit_Rulini
1523 5463 1915 5536 interpretatio.

535 5535 645 5605 (19)
675 5531 833 5590 Κατᾶ
865 5536 971 5589 τὸν
998 5535 1204 5605 καιρὸν
1223 5533 1333 5600 τῆς
1359 5531 1613 5605 εἱρκτῆς.
1651 5531 1803 5587 llanc
1827 5535 2027 5605 episto-

462 5603 570 5659 lam
598 5608 815 5675 scripsit
837 5608 1138 5661 Alexander
1163 5604 1402 5658 fervente
1424 5604 1602 5675 adhuc
1628 5603 2023 5675 persecutione,

459 5692 586 5731 cum
618 5671 761 5729 esset
792 5678 846 5730 in
872 5678 1120 5739 vinculis,
1155 5676 1382 5729 necdum
1413 5674 1479 5727 ad
1506 5675 1879 5742 episcopatum
1906 5671 2029 5727 Hie-

459 5747 861 5816 rosolymorum
915 5748 1143 5809 ascitus,
1195 5755 1254 5799 ut
1307 5761 1373 5798 ex
1420 5744 1506 5816 his
1548 5744 1727 5816 verbis
1781 5753 2023 5816 apparet.

461 5816 598 5870 Hinc
618 5814 727 5882 est,
754 5818 898 5885 quod
947 5818 1000 5870 in
1032 5816 1387 5885 inscriptione
1427 5814 1670 5885 epistola:
1699 5814 1934 5885 appellat
1970 5828 2028 5885 se

459 5890 686 5941 cinctum
735 5883 863 5943 tm
906 5888 1124 5943 Christi.
1172 5883 1252 5942 Ex
1302 5900 1412 5957 quo
1456 5883 1763 5950 Conﬁcitur,
1799 5883 1937 5939 utale
1972 5884 2029 5939 in

2217 3359 2593 3432 ”Δλέξανδρος,
2608 3358 2792 3423 δοῦλος
2826 3360 2939 3431 (18)
2974 3364 3067 3414 καὶ
3101 3362 3320 3433 δέσμιος
3377 3362 3552 3435 Ἰησοῦ
3588 3366 3726 3437 Χρι-

2144 3450 2291 3513 στοῦ,
2314 3453 2379 3521 τῇ
2404 3451 2650 3521 μακαρίᾳ
2665 3452 2976 3521 Ἀντιοχέων
2994 3452 3284 3523 Ἐκκλησία
3312 3456 3367 3507 ὲν
3394 3456 3583 3527 Κυρίῳ
3608 3457 3723 3525 χαί-

2142 3562 2277 3617 ρειν.
2322 3544 2563 3615 Ἐλαφρά
2615 3561 2701 3613 μοι
2757 3543 2851 3597 καὶ
2902 3543 3079 3612 κοῦφα
3124 3546 3191 3599 τὰ
3224 3546 3399 3617 δεσμὰ
3445 3550 3474 3601 ὁ
3520 3550 3725 3619 Κύριος

2141 3636 2361 3706 ἐποίησε
2394 3635 2537 3689 κατὰ
2559 3635 2648 3687 τὸν
2676 3635 2862 3706 καιρὸν
2885 3635 2986 3705 τῆς
3014 3638 3235 3708 εἱρκτῆς
3271 3638 3407 3709 (19),
3435 3639 3721 3712 πυθομένη.

2140 3729 2237 3799 τῆς
2271 3728 2431 3797 ἁγίας
2467 3727 2618 3797 ὑμῶν
2650 3727 2757 3779 τῶν
2772 3727 3086 3797 Ἀντιοχέων
3104 3727 3431 3800 Ἐκκλησίας
3454 3732 3598 3783 κατὰ
3625 3744 3723 3803 τη.

2142 3820 2294 3874 θείαν
2352 3820 2606 3891 πρόνοιαν
2682 3820 3078 3890 Ἀσκληπιάδην
3137 3821 3228 3873 τὸν
3287 3823 3724 3893 ἐπιτηδειότατοι

2143 3914 2263 3966 κατ’
2300 3910 2457 3976 ἀξίαν
2503 3910 2599 3981 τὴν
2634 3910 2815 3964 πίστιν
2849 3911 2947 3981 τῆς
2992 3913 3293 3983 ἐπισκοπῆς
3326 3914 3436 3984 (20)
3472 3915 3727 3985 ἐγκεχει-

2143 4003 2609 4077 ρισμένον.Ταῦτα
2629 4004 2685 4057 δὲ
2711 4005 2859 4075 ὑμῖν,
2880 4003 3057 4076 κύριοί
3084 4022 3183 4075 μου
3204 4005 3442 4074 ἀδελφοὶ,
3457 4006 3527 4057 τὰ
3548 4008 3723 4079 γράμι

2140 4114 2287 4167 ματα
2312 4096 2604 4149 ἀπέστειλα
2625 4096 2710 4149 διὰ
2733 4096 3044 4167 Κλήμεντος
3066 4096 3159 4149 τοῦ
3186 4097 3456 4171 μακαρίου
3483 4098 3726 4168 πρεσϐυ-

2136 4190 2291 4259 τέρου
2312 4189 2422 4260 (21)
2445 4229 2460 4255 ,
2493 4187 2685 4259 ἀνδρὸς
2707 4188 2962 4259 ἐναρέτου
2996 4188 3089 4246 καὶ
3114 4187 3335 4257 δοκίμου
3355 4203 3369 4216 ·
3399 4188 3455 4239 ὃν
3489 4188 3604 4240 ἴστε
3630 4190 3725 4241 καὶ

2136 4284 2295 4351 ὑμεῖς
2326 4282 2420 4334 καὶ
2454 4279 2820 4348 ἐπιγνώσεσθε
2841 4298 2854 4310 ·
2895 4280 2953 4343 ὃς
2986 4280 3078 4332 καὶ
3127 4279 3311 4332 ἐνθάδε
3358 4280 3547 4350 παρὼν
3583 4283 3726 4335 κατὰ

2135 4374 2233 4445 τὴν
2279 4367 2533 4443 πρόνοιαν
2566 4372 2659 4425 καὶ
2694 4372 2995 4441 ἐπισκοπὴν
3027 4370 3119 4423 τοῦ
3163 4372 3453 4435 Δεσπότου,
3482 4373 3719 4444 ἐπεστή-

2142 4462 2252 4535 ριξέ
2286 4480 2345 4515 τε
2371 4462 2466 4516 καὶ
2488 4459 2691 4532 ηὔξησε
2722 4460 2820 4531 τὴν
2850 4459 2943 4512 τοῦ
2985 4460 3191 4531 Κυρίου
3230 4460 3577 4531 Ἐκκλησίαν.

2137 4619 2397 4673 Chronico
2424 4616 2640 4673 Eusebii
2678 4616 3012 4684 Asclepiadis
3047 4614 3447 4670 ordinationem
3473 4616 3719 4670 conferri

2140 4691 2194 4742 in
2225 4704 2426 4742 annum
2463 4689 2698 4756 primum
2733 4687 2988 4739 Antonini
3021 4685 3334 4739 Cararallze.
3366 4684 3499 4739 Nam
3529 4686 3724 4741 Ascle-

2137 4761 2312 4828 piadis
2356 4760 2626 4812 ordinatio
2660 4757 2889 4824 contigit
2934 4756 3124 4810 eodem
3155 4765 3417 4828 tempore,
3447 4771 3559 4828 quo
3589 4758 3723 4809 Ale-

2138 4824 2343 4883 xander
2371 4829 2440 4882 ob
2464 4828 2758 4881 Christiani
2789 4828 3025 4880 nominis
3064 4824 3464 4880 confesSionem
3502 4827 3556 4880 in
3595 4844 3723 4881 caro

2136 4916 2315 4954 cerem
2354 4899 2630 4966 conjectus
2667 4907 2770 4950 est.
2801 4896 2854 4948 ld
2887 4906 3066 4950 autem
3110 4897 3376 4950 accidisse
3407 4897 3721 4966 principatu

2139 4968 2324 5023 Severi
2355 4969 2469 5037 ipse
2498 4967 2765 5021 Eusebius
2800 4975 3029 5019 testatur
3057 4966 3109 5019 in
3129 4966 3418 5037 Chronico.

2204 5040 2314 5110 (20)
2342 5034 2483 5110 Κατ’
2506 5038 2687 5102 ἀξίαν
2709 5037 2824 5110 τὴν
2852 5034 3190 5110 πίστινῌτῆς
3216 5034 3581 5110 ἐπισκοπῇς.
3598 5036 3721 5110 Βε-

2132 5106 2274 5165 ctius
2298 5106 2668 5180 Nicephorus,
2701 5109 2821 5180 κατ’
2853 5106 3007 5180 ἀξίαν
3032 5106 3129 5180 τῆς
3166 5106 3551 5180 πίστεως,ςτὴν
3590 5109 3721 5180 ἐπι-

2134 5181 2339 5251 σκοπὴν
2387 5175 2880 5301 ὲῇκεχεᾶοισμένον.
2926 5177 3081 5242 Quod
3135 5175 3250 5229 sive
3299 5192 3363 5228 ex
3402 5175 3565 5239 libro,
3602 5178 3723 5232 sive

2134 5268 2199 5301 ex
2229 5252 2542 5301 coniectura
2622 5249 2907 5301 iceohorus
2937 5246 3184 5301 ediderit.
3218 5247 3441 5299 omnino
3474 5248 3717 5301 probum

2133 5268 2199 5305 ex
2229 5246 2550 5317 conjectura
2570 5246 2907 5317 Nicephorus
2937 5246 3184 5310 ediderit,
3218 5247 3441 5299 omnino
3474 5248 3717 5314 probum

2134 5320 2367 5375 videtur.

2205 5392 2315 5460 (Ἡ)
2343 5390 2443 5443 Διὰ
2470 5388 2814 5457 Κλήμεντος
2836 5387 2941 5440 τοῦ
2961 5386 3257 5460 μακαρίου
3273 5385 3715 5460 πρεσϐυτέρου.

2136 5456 2220 5515 De
2255 5456 2532 5514 Clemente
2584 5456 2949 5512 Alexandrino
3001 5458 3086 5509 hic
3138 5456 3283 5524 loqui
3336 5456 3719 5511 Alexandrum

2134 5534 2341 5600 putavit
2395 5528 2755 5599 Hieronymus
2804 5523 3416 5600 ἱγιιᾷϐιιιαὲίοςοξ(ῖεειπῑοΔ
3453 5525 3720 5581 Clemens

2133 5596 2537 5654 Alexandrinus
2564 5596 2739 5668 usque
2770 5599 2838 5651 ad
2875 5596 3059 5650 Severi
3092 5610 3333 5668 tempora
3368 5596 3535 5648 vitam
3584 5613 3723 5666 pro-

2134 5672 2308 5733 duxit,
2334 5681 2389 5724 et
2433 5671 2484 5722 in
2523 5670 2606 5747 his
2651 5667 2964 5747 regionibus
2998 5667 3369 5747 peregrinatus
3405 5674 3509 5747 est,
3544 5678 3608 5719 ut
3634 5668 3724 5747 ip:

2136 5751 2303 5795 semet
2332 5749 2559 5794 testatur
2593 5740 2645 5792 in
2686 5734 2779 5791 lib.
2814 5754 2829 5790 ι
2859 5734 3167 5792 Stromatei.
3201 5734 3305 5789 Sed
3333 5745 3386 5789 et
3410 5735 3720 5791 Alexandri

2133 5811 2373 5879 episcopi
2426 5808 2711 5863 familiaris
2746 5807 2878 5874 fuit;
2911 5808 2999 5860 cui
3048 5807 3211 5879 etiam
3260 5806 3471 5879 librum
3506 5807 3719 5859 dicaxit

2133 5873 2211 5937 De
2262 5873 2617 5936 ecclesiastica
2672 5879 2875 5949 regula,
2910 5892 3006 5932 seu
3062 5876 3324 5932 adversus
3370 5873 3615 5936 Judmos,
3656 5888 3719 5931 ut
