3882 6512
1549 752 1716 795 ANNO
1765 749 1995 791 DOMINI
2065 745 2497 789 CCLX-CCLXX.

857 936 1546 1123 SANCT
1564 936 1826 1115 US
1941 919 3184 1107 ANATOLIUS

1453 1245 2561 1371 ALEXANDBINUS

941 1497 1732 1593 LAODlCENSIS
1803 1493 1926 1582 IN
2008 1489 2364 1580 SYRIA
2441 1482 3130 1578 EPISCOPUS.

1711 1863 2368 1995 NOTITIA

1113 2113 1409 2168 (Cauno,
1440 2102 1732 2156 Bibliotheca
1756 2111 1964 2156 veterum
1985 2105 2190 2154 Patrum
2240 2100 2325 2157 Ill,
2352 2097 2572 2158 Proleg.,
2599 2111 2646 2158 p.
2674 2096 2878 2158 xxxvii.)

405 2421 443 2476 1.
490 2419 790 2484 Anatolius,
818 2421 974 2475 domo
1009 2422 1428 2486 Alexandrinus,
1459 2435 1560 2490 quo
1591 2430 1819 2488 tempore
1847 2417 2052 2486 ﬂoruit.
2087 2413 2330 2490 Quantus
2349 2420 2456 2490 uir.
2498 2419 2656 2476 Omni
2684 2421 3024 2474 scientiarum
3057 2435 3238 2489 genere
3273 2431 3532 2474 exemtus.
3568 2420 3668 2474 Pa-

475 2494 582 2545 tria
615 2491 822 2556 relicta,
854 2494 910 2545 in
946 2491 1159 2562 Syriam
1191 2492 1379 2561 pergit.
1411 2486 1766 2562 Consecrat—ur
1792 2486 2270 2562 episcopus._Anno
2302 2489 2409 2562 270
2441 2489 2690 2545 Ecclesia:
2709 2490 3020 2544 Laodicena:
3050 2486 3288 2560 regenda:
3321 2493 3630 2562 prie/icitur.

406 2562 469 2615 ll.
513 2562 764 2616 Externis
798 2558 1068 2633 sacrisque
1089 2558 1301 2633 litteris
1329 2563 1386 2614 in
1409 2562 1596 2632 primis
1630 2561 1883 2622 imbutus,
1905 2558 2138 2611 illustria
2167 2558 2427 2614 doctrina~
2456 2579 2568 2616 sine
2593 2574 2932 2616 monumenta
2967 2558 3202 2632 reliquit.
3231 2558 3540 2615 Celebratur
3565 2579 3672 2628 prce

477 2633 682 2686 caeteris
721 2633 835 2702 ejus
861 2631 1052 2686 Canon
1088 2631 1389 2688 Paschalis.

406 2702 492 2756 Ill.
536 2699 777 2757 Canonis
813 2704 1125 2756 Anatoliani
1154 2703 1373 2770 antiqua
1409 2703 1596 2755 versio.
1632 2699 1765 2768 Ejus
1803 2699 2331 2770 auctorinquiritur.
2364 2699 2555 2769 Ruﬁno
2580 2704 2860 2756 asseritur.
2893 2702 3034 2757 Hinc
3064 2701 3299 2770 ejusdem
3327 2702 3566 2757 Canonis
3595 2720 3675 2757 ue-

479 2776 610 2826 ritas
641 2774 1009 2842 conﬁrmatur.
1058 2772 1238 2826 Versio

479 2845 590 2897 rius
625 2845 924 2898 doctissimi
955 2843 1165 2913 zEgidii
1194 2843 1466 2896 Bucherii.

1320 2774 1558 2841 uﬁniana
1583 2771 1790 2841 integra
1814 2770 1898 2822 hic
1922 2769 2216 2832 exhibetur,
2246 2769 2443 2825 Cra-cis
2474 2773 2787 2829 Eusebianis
2825 2775 3062 2829 intextis.
3087 2769 3327 2826 Additus
3359 2785 3676 2827 commenta-

480 2963 521 3019 Ι.
560 2961 741 3018 Probo
786 2972 840 3018 et
883 2964 1027 3018 Caro
1073 2963 1491 3034 imperantibus,
1537 2971 1675 3017 teste
1726 2959 1989 3031 l-lierony-
2021 2964 2065 3022 Δ
2095 2959 2280 3018 habita
2314 2974 2399 3019 est
2432 2967 2702 3035 posterior
2735 2967 2977 3040 synodus
3023 2964 3381 3020 Antiochena.
3416 2962 3669 3030 Quamiiu

408 3074 500 3112 mo
532 3059 628 3129 (l),
651 3058 833 3112 ﬂoruit
857 3057 1168 3124 Anatolius,
1199 3058 1365 3112 domo
1398 3059 1820 3119 Alexandrinus,
1851 3056 1992 3110 Lao-

409 3150 638 3206 dicenus
665 3151 956 3222 episcopus
986 3167 1002 3206 :
1037 3150 1196 3220 cujus
1236 3150 1469 3206 eximias
1489 3150 1678 3204 laudes
1704 3147 1991 3218 persequi-

411 3253 498 3299 tur
523 3245 608 3300 his
638 3245 816 3299 verbis
848 3242 1117 3300 Eusebius
1141 3244 1218 3315 (2)
1245 3262 1259 3299 :
1287 3261 1307 3296 ι
1337 3242 1437 3300 llic
1461 3253 1575 3299 tum
1601 3243 1652 3296 in
1678 3242 1993 3296 liberalibus

408 3337 712 3407 disciplinis
742 3347 858 3392 tum
905 3338 958 3391 in
999 3337 1348 3408 phiIOSOpbia
1380 3337 1680 3408 principem
1724 3340 1862 3391 inter
1896 3335 1997 3389 do-

408 3429 687 3484 ctissimos
721 3430 894 3482 nostri
934 3430 1195 3498 temporis
1228 3430 1376 3482 viros
1400 3430 1580 3484 locum
1609 3429 1727 3482 sine
1768 3435 1994 3482 contro-

409 3521 590 3575 versia
626 3521 818 3582 tenuit,
849 3520 916 3572 τὰ
939 3519 1128 3591 πρῶτα
1149 3518 1256 3572 τῶν
1284 3521 1519 3590 μάλιστα
1539 3519 1658 3574 καθ’
1684 3521 1828 3590 ἡμᾶς
1851 3520 1995 3572 δοκι-

415 3613 677 3686 μωτάτων
710 3612 1168 3683 ἀπενηνεγμένας.
1205 3632 1224 3664 ι
1248 3611 1366 3678 Qua
1389 3614 1453 3667 de
1477 3628 1642 3666 causa
1672 3612 1740 3666 ab
1765 3612 1998 3666 Alcatan-

413 3708 588 3762 drinis
620 3706 737 3761 suis
773 3715 997 3775 rogatus
1027 3715 1130 3769 est,
1155 3715 1215 3759 ut
1241 3705 1599 3760 Aristotelicae
1633 3703 2000 3758 successionis

415 3800 658 3854 scholam
692 3798 801 3852 illic
831 3798 1157 3862 institueret,
1207 3797 1382 3853 instar
1423 3797 1788 3852 successionis
1820 3794 1999 3848 Plato-

415 3893 570 3956 nicae,
609 3892 766 3961 cujus
797 3891 1147 3946 celeberrima
1188 3890 1376 3946 schola
1418 3889 1742 3959 jampridem
1773 3888 2000 3942 Athenis

416 3983 594 4038 fuerat
621 3983 938 4038 constituta.
956 3982 1210 4037 Plurima:
1230 3997 1450 4052 quoque
1482 3997 1568 4036 res
1584 3980 1652 4034 ab
1667 3995 1731 4034 eo
1750 3980 2002 4050 praeclare

418 4087 581 4146 gestae
617 4075 933 4130 referuntur
959 4093 971 4128 :
997 4076 1132 4130 adeo
1162 4074 1377 4145 “apud
1405 4087 1599 4128 omnes
1630 4087 1880 4142 magnam
1916 4073 2000 4126 sui

419 4171 656 4225 nominis
688 4169 911 4234 famam,
952 4181 1115 4241 atque
1148 4171 1290 4225 inter
1334 4169 1569 4226 civitatis
1597 4184 1710 4222 sua:
1741 4184 2001 4237 proceres

420 4263 746 4332 praecipuam
776 4262 998 4317 honoris
1023 4263 1438 4333 praerogativam
1465 4261 1710 4316 omnium
1731 4275 1999 4315 consensu

422 4355 583 4409 fuerit
609 4355 856 4424 adeptus.

495 4447 700 4501 Relicta
735 4447 932 4501 deinde
961 4445 1312 4509 Alexandria,
1336 4453 1460 4516 post
1509 4445 1743 4500 solutam
1782 4445 2002 4500 Bruchii

421 4541 786 4604 obsidionem,
836 4541 888 4593 in
927 4538 1142 4610 Syriam
1177 4539 1432 4609 migravit
1462 4557 1475 4593 :
1511 4540 1601 4592 ubi
1636 4537 2000 4600 Theotecnus,

424 4633 602 4702 inquit
645 4631 787 4685 idem
825 4629 1092 4685 Eusebius
1123 4631 1224 4701 (3),
1258 4630 1524 4685 Caesare-aa
1557 4629 1857 4684 Palzestina:
1892 4631 2001 4698 epi-

423 4742 624 4796 scopus
669 4725 879 4794 primus
929 4724 1006 4777 illi
1059 4739 1257 4778 manus
1292 4724 1569 4793 imposuit,
1605 4739 1842 4793 eumque
1886 4724 2002 4791 epi-

423 4835 647 4888 scopum
689 4818 1000 4882 ordinavit,
1029 4832 1401 4871 successorem
1455 4815 1712 4871 Ecclesiae
1757 4831 1869 4870 suae
1913 4815 2008 4868 de-

425 4909 932 4980 spondensNerum
967 4909 1312 4963 Antiochiam
1351 4919 1609 4963 evocatus
1639 4909 1706 4962 ad
1739 4908 2007 4978 synodum

427 5002 575 5055 Pauli
610 5001 954 5056 Samosateni
992 5015 1158 5054 causa
1190 5008 1460 5064 coactam,
1494 4999 1622 5053 dum
1673 5013 1770 5068 per
1818 4999 2005 5052 urbem

431 5095 750 5149 Laodiceam
780 5095 884 5147 iter
917 5093 1143 5156 faceret,
1177 5108 1206 5146 a
1241 5091 1502 5146 fratribus
1542 5091 1826 5156 illiusloci,
1857 5106 2008 5143 mor—

433 5198 525 5239 tuo
552 5198 680 5241 tunc
715 5186 1245 5251 Eusebio,detentus
1275 5196 1360 5238 cst
1387 5202 1400 5238 :
1431 5188 1624 5248 bonus,
1661 5181 1806 5250 quod
1835 5183 2006 5244 aiunt,

433 5282 557 5334 boni
589 5282 686 5333 viri
715 5293 1001 5334 successor
1021 5295 1034 5329 :
1057 5275 1296 5345 διάδοχος
1329 5274 1552 5343 ἀγαθὸς,
1581 5271 2007 5342 φασὶν,ἀγαϐοὖ,

433 5369 772 5421 καθίσταται.
813 5367 1138 5437 Supremum
1172 5375 1353 5418 autem
1388 5365 1531 5420 diem
1569 5365 1706 5419 obiit
1744 5363 2010 5418 Eusebius

433 5466 552 5530 ejus
573 5466 824 5516 decessor
846 5476 990 5514 anno
1014 5458 1141 5523 270,
1173 5473 1281 5527 quo
1309 5457 1570 5512 adversus
1593 5454 2008 5512 Samosatenum

391 5656 407 5686 ῃ
625 5617 871 5701 ἐξίει-ρει..
902 5618 980 5701 ρᾳ
1012 5618 1136 5672 uiris
1163 5615 1363 5701 illustr.
1396 5630 1446 5668 c.
1471 5613 1559 5667 75.

508 5683 583 5762 (ἓ)
625 5689 864 5762 Euseb...
891 5687 1035 5742 Hist.
1075 5689 1202 5742 eccl.
1237 5686 1328 5744 lib.
1360 5701 1455 5755 vu,
1483 5701 1534 5741 c.
1567 5683 1656 5739 59..

629 5760 702 5814 Id.
731 5757 864 5812 ibi‘tl.’

511 5836 585 5904 (ιιι
624 5832 701 5887 1d.
744 5832 877 5884 ibid.

2043 4331 2083 4384 Β

2099 3069 2232 3109 vero
2261 3057 2464 3112 sederit
2493 3059 2546 3112 in
2579 3060 2837 3115 cathedra
2862 3059 3184 3116 Laodicensi
3211 3058 3515 3124 Anatolius,
3534 3059 3678 3112 haud

2099 3148 2293 3218 hqueL

2171 3243 2234 3298 ll.
2275 3242 2390 3299 Non
2416 3244 2708 3302 admodum
2732 3248 2934 3304 multos
2953 3250 3329 3319 composuisse
3351 3251 3520 3306 libros
3536 3250 3684 3304 Ana-

2103 3338 2293 3393 tolium
2328 3339 2592 3395 discimus
2621 3357 2686 3394 ex
2717 3341 2975 3411 episcopo
3003 3341 3411 3414 Caesariensiﬁ)
3438 3362 3451 3397 :
3478 3343 3552 3396 Οὐ
3582 3344 3684 3413 μὲν

2104 3429 2442 3502 ἐσπουδάσθη
2501 3431 2724 3486 πλεῖστα
2773 3431 2850 3502 τῷ
2894 3433 3181 3502 Ἀνατολίῳ
3229 3433 3680 3504 συγγράμματατ

2104 3523 2196 3593 qui
2229 3534 2432 3584 tamen,
2470 3535 2758 3595 postquam
2788 3525 2909 3595 ejus
2940 3525 3178 3580 Canones
3205 3525 3477 3594 paschales
3509 3535 3562 3580 et
3593 3527 3686 3578 de-

2105 3633 2222 3671 cem
2273 3618 2441 3672 lihros
2492 3617 2896 3671 Institutionum
2931 3619 3384 3671 aritlmteticarum
3415 3633 3689 3671 memora-

2106 3712 2203 3776 vit,
2239 3712 2407 3764 multa
2437 3726 2657 3780 quoque
2711 3711 2814 3764 alia
2867 3726 2980 3766 suae
3024 3711 3076 3762 in
3115 3713 3288 3763 sacris
3338 3709 3534 3763 litteris
3562 3711 3688 3762 dili-

2108 3804 2301 3872 gentia;
2331 3812 2494 3872 atque
2522 3803 2784 3858 doctrinae
2819 3810 3168 3857 monumenta
3196 3802 3373 3871 ipsum
3404 3802 3561 3855 nobis
3601 3817 3686 3853 re-

2109 3893 2336 3962 liquisse
2382 3894 2545 3947 tradit
2581 3913 2595 3948 :
2626 3892 2720 3945 καὶ
2771 3891 3159 3946 καταλέλοιπεν
3204 3893 3232 3944 ὁ
3277 3891 3504 3954 αὐτὸς...
3552 3890 3688 3944 ἄλλα

2107 3985 2374 4057 δείγματα
2405 3986 2506 4058 τῆς
2540 3986 2665 4056 περὶ
2691 3986 2757 4040 τὰ
2791 3985 2909 4040 θεῖα
2938 3986 3134 4056 σχολῆς
3168 4002 3226 4038 τε
3271 3985 3435 4039 αὐτοῦ
3468 3985 3560 4037 καὶ
3592 4002 3690 4036 πο-

2109 4077 2416 4150 λυπειρίας.

2180 4169 2245 4224 Et
2291 4179 2506 4226 exstant
2549 4170 2768 4240 quidem
2812 4169 3082 4239 hodieque
3115 4170 3256 4224 inter
3296 4168 3690 4240 θεολογούμενα

2111 4262 2208 4334 τῆς
2237 4262 2606 4334 ἀριθμητικῆς
2629 4261 2813 4317 Grzece
2839 4262 2981 4315 edita
3000 4261 3224 4316 Parisiis
3253 4262 3408 4328 1545,
3439 4264 3689 4332 quaedam

2107 4369 2359 4424 excerpta
2393 4373 2461 4410 ex
2497 4356 2648 4410 libris
2675 4354 2913 4410 Anatolii
2942 4355 3346 4408 Institutionum
3387 4355 3693 4407 arithmeti-

2109 4463 2314 4511 cm-um,
2349 4457 2408 4501 ut
2437 4447 2647 4502 monuit
2669 4445 2918 4502 Valesius
2947 4447 3012 4501 ad
3047 4445 3376 4508 Eusebium;
3401 4461 3577 4514 eaque
3603 4463 3692 4500 re-

2111 4547 2296 4592 censet
2331 4537 2612 4592 Fabricius
2643 4539 2742 4608 (5),
2773 4539 2868 4609 qui
2896 4550 2951 4592 et
2979 4539 3237 4593 nonnulla
3279 4538 3345 4592 ἐκ
3384 4537 3492 4592 τῶν
3539 4540 3694 4591 Ἀνα-

2112 4630 2286 4683 τολίου
2328 4631 2576 4700 διάφορα,
2607 4646 2671 4684 ex
2708 4631 3054 4688 Peiresciano
3077 4631 3262 4685 codice
3303 4631 3371 4684 ab
3411 4629 3696 4686 llolstenio

2112 4725 2400 4794 descripta,
2418 4723 2602 4779 Graece
2623 4725 2881 4798 vulgavit.

2187 4818 2415 4888 Scripsit
2445 4829 2707 4888 praeterea
2737 4819 3044 4883 Anatolius,
3081 4829 3138 4872 ut
3180 4817 3342 4872 modo
3387 4820 3692 4882 tnnuimus,

2113 4912 2367 4965 volumen
2393 4911 2464 4965 De
2480 4913 2726 4981 paschale
2744 4929 2762 4976 ;
2783 4929 2847 4965 ex
2866 4928 2998 4981 quo,
3018 4913 3193 4980 inquit
3210 4909 3573 4982 Hieronymus
3591 4913 3694 4982 (6),

2114 5004 2226 5071 ejus
2257 5003 2452 5072 ingenii
2482 5004 2900 5074 magnitudinem
2927 5004 3218 5070 intelligere
3235 5017 3532 5069 possumus.
3550 5001 3697 5057 Prie-

2115 5095 2324 5148 clarum
2377 5095 2603 5163 hujusce
2649 5095 2829 5164 operis
2869 5092 3228 5164 fragmentum
3264 5095 3423 5148 nobis
3453 5095 3697 5147 servavit

2118 5189 2386 5244 Eusebius
2419 5191 2529 5258 (7);
2566 5191 2659 5259 qui
2683 5199 2736 5244 et
2757 5192 2871 5260 ipse
2896 5191 2950 5243 in
2973 5206 3039 5245 eo
3059 5192 3300 5244 auctoris
3325 5190 3696 5259 eloquentiam

2117 5279 2281 5332 simul
2314 5288 2368 5333 et
2404 5281 2758 5350 multiplicem
2787 5280 2903 5349 ejus
2931 5281 3316 5346 eruditionem,
3353 5280 3488 5350 ὁμοῦ
3522 5282 3585 5335 τό
3637 5299 3698 5334 τε

2115 5369 2296 5437 λόγιον
2331 5369 2425 5423 καὶ
2460 5369 2790 5440 πολυμαθὲς,
2825 5371 3147 5426 admiratur.

2189 5461 2274 5516 Ill.
2318 5463 2607 5532 Antiquam
2634 5464 2936 5516 versionem
2959 5463 3200 5518 Latinam
3222 5464 3451 5517 Canonis
3469 5468 3699 5532 pascha-

2195 5617 2273 5684 (5)
2312 5614 2552 5676 Fabric...
2588 5615 2729 5668 Bibl.
2761 5613 2854 5672 Gr.
2891 5623 3021 5671 tom.
3066 5615 3130 5680 II,
3161 5629 3213 5684 p.
3244 5612 3371 5667 274.

2191 5689 2268 5753 (6)
2309 5685 2554 5749 Hieron.,
2585 5687 2619 5738 l.
2651 5701 2698 5739 c.

2194 5759 2269 5830 t7)
2310 5757 2532 5824 Euseb,
2569 5757 2602 5809 ι.
2640 5771 2687 5809 c.
