3882 6514
191 406 268 460 2119
921 402 978 456 S.
1025 399 1350 458 ANATOLH
1392 399 1863 458 ALEXANDHINI
1902 402 2132 459 CANON
2169 402 2568 458 PASCHALIS.

3276 404 3384 459 210

189 533 240 584 lis
263 525 529 582 Anatoliani
559 526 766 596 primus
798 526 964 579 edidit
993 543 1056 580 ac
1085 526 1405 582 doctissimo
1427 540 1704 581 commen-
1738 535 1782 588 Α
1810 526 1914 579 rito
1946 528 2281 597 arguendum
2315 528 2581 593 videatur,
2614 525 2820 598 reliqua
2855 527 3057 597 pariter
3097 541 3218 596 qua:
3249 542 3389 597 pra:-

190 615 296 671 tario
323 614 596 668 illustravit
628 615 694 667 ad
733 614 936 669 calcem
979 614 1199 670 Victorii
1237 615 1519 686 Aquitani,
1549 615 1702 686 1Εεί-

189 707 281 758 dius
308 703 586 758 Bucherius
615 703 714 772 (8).
756 703 951 758 Ruﬁno
983 706 1183 773 passim
1235 706 1498 760 tribuitur
1558 706 1701 760 illius

186 795 372 850 Canonis
388 795 578 856 versio,
607 794 922 850 Eusebiana:
943 797 1063 865 ejus
1084 797 1324 851 historia;
1347 796 1579 852 fortasse
1607 798 1703 852 ad-

183 887 418 958 iungenda,
448 895 507 940 ut
535 887 756 954 conjicit
803 889 873 942 cl.
915 887 1274 943 Fontaninius
1308 889 1405 960 (9).
1442 888 1703 943 Noiinius

185 978 314 1039 enim,
341 974 582 1028 Ruﬁnum
618 975 837 1031 Eusebii
878 976 1237 1034 Gmsariensis
1271 979 1565 1032 Historiam
1601 979 1704 1034 La-

185 1072 268 1124 tine
291 1068 484 1138 quidem
521 1068 775 1134 vertisse,
806 1071 899 1124 sed
929 1070 1092 1125 etiam
1139 1070 1516 1140 interpolasse.
1549 1070 1704 1136 Quod

185 1163 223 1214 in
249 1161 407 1230 primis
432 1159 617 1214 videre
650 1169 736 1215 est
771 1161 822 1214 in
854 1162 918 1215 iis
951 1177 1073 1232 quae
1106 1163 1297 1217 litteris
1342 1163 1563 1216 tradidit
1592 1161 1702 1230 (10)

181 1252 232 1304 de
257 1260 417 1304 sancto
442 1247 710 1318 Gregorio
739 1249 1147 1320 Thaumaturgo
1181 1269 1194 1305 :
1221 1252 1312 1306 ubi
1345 1261 1539 1320 przeter
1567 1267 1704 1306 non-

184 1343 296 1395 nulla
321 1341 566 1410 praeclara
593 1341 713 1410 ejus
749 1353 897 1411 gesta
921 1359 950 1394 a
981 1341 1246 1412 Gregorio
1279 1341 1523 1412 Nysseno
1549 1360 1707 1398 enar-

182 1434 558 1496 rata,celebrcm
596 1444 851 1504 prasterea
896 1433 1069 1504 ipsius
1117 1432 1272 1488 Fidei
1322 1437 1705 1504 expositionem

183 1525 383 1579 intexuit.
405 1525 584 1578 Alium
620 1541 838 1594 quoque
870 1525 1050 1580 locum
1083 1528 1467 1596 interpolatum
1490 1529 1709 1584 adducit

178 1615 368 1671 lacubus
393 1614 646 1670 Usserius
685 1615 819 1684 (11),
857 1625 916 1669 ut
943 1616 1193 1671 laudatus
1227 1616 1586 1672 Fontaninius
1615 1619 1709 1672 ad-

180 1707 320 1760 vertit.
351 1705 477 1760 Cum
528 1707 712 1776 itaque
741 1705 974 1761 Cononis
1006 1709 1316 1762 Anatoliani
1363 1710 1585 1780 longum
1616 1726 1710 1765 ex-

176 1805 376 1865 cerptum
423 1797 475 1850 in
524 1812 626 1852 sua
665 1795 908 1852 Historia
936 1799 1213 1856 retulisset
1249 1799 1535 1865 Eusebius,
1574 1801 1711 1855 inte-

1813 623 2012 675 ccdunt
2043 632 2097 676 et
2125 637 2246 691 quae
2275 622 2705 691 subsequuntur,
2737 622 2804 675 ab
2831 620 3020 676 eadem
3055 620 3236 675 Ruﬁni
3273 637 3390 673 ina-

1811 727 1882 766 ntt
1916 728 1946 766 e
1972 711 2161 766 Gratco
2198 711 2248 764 in
2282 710 2532 765 Latinum
2565 709 2734 766 luisse
2767 713 3050 766 translata.
3081 710 3237 778 Quod
3273 712 3390 780 qui-

1811 803 1930 857 dem
1985 803 2169 857 mirari
2225 803 2388 865 subit,
2439 801 2785 869 Bucherium,
2815 802 3074 868 Cavenm,
3123 803 3385 857 Fontani—
3418 865 3436 882 .

1815 896 1963 948 nium
1996 895 2047 948 in
2080 895 2291 964 primis,
2313 895 2559 964 aliosque
2585 895 2732 949 viros
2761 897 3006 950 eruditos
3035 897 3385 966 praeteriisse.

1886 1029 2060 1098 Atque
2086 1029 2212 1082 hinc
2246 1029 2410 1082 etiam
2440 1029 2568 1083 illud
2598 1029 2952 1084 emolumenti
2979 1031 3209 1093 accedit,
3245 1030 3389 1098 quod

1813 1138 1877 1176 ex
1919 1121 2223 1176 Eusebiano
2273 1131 2530 1190 excerpto
2584 1120 2888 1176 Ruﬁnianaa
2933 1121 3202 1176 versionis
3237 1137 3389 1175 com-

1814 1214 2070 1283 probetur
2103 1213 2384 1283 integritas
2416 1231 2429 1266 :
2462 1227 2515 1266 et
2545 1230 2610 1268 ex
2651 1229 2713 1267 ea
2749 1230 2962 1268 rursum
2990 1215 3218 1268 Cononis
3248 1215 3392 1265 Ana-

1816 1306 2004 1359 toliani
2055 1305 2310 1358 αὑΟεντία
2363 1305 2753 1370 conﬁrmetur;
2803 1321 2965 1376 quam
3019 1316 3195 1359 tamen
3246 1303 3390 1356 nulla

1815 1400 2063 1454 codicum
2103 1415 2232 1454 mss.
2262 1400 2606 1464 auctoritate,
2638 1400 2800 1454 nullis
2851 1408 3094 1453 veterum
3145 1398 3392 1453 testium-

1819 1493 1922 1546 niis
1953 1492 2221 1554 adductis,
2257 1493 2515 1562 nullaque
2542 1493 2753 1546 ratione
2804 1491 3032 1554 reddita,
3061 1489 3190 1559 quin
3223 1498 3278 1543 ct
3307 1489 3393 1541 in»-

1817 1583 1928 1637 vito
1967 1581 2201 1637 Eusebio
2227 1593 2388 1652 atque
2418 1582 2697 1638 obnitente
2727 1579 2941 1646 Ruﬁno,
2973 1579 3186 1633 elevare
3227 1591 3394 1630 ausus

1817 1683 1894 1726 est
1925 1670 2210 1741 aninius.
2245 1670 2313 1726 Ut
2337 1672 2466 1726 illud
2500 1673 2586 1726 hic
2608 1671 2946 1734 omittamus,
2979 1669 3229 1724 eumdem
3256 1668 3398 1720 Ana-

1820 1764 1933 1816 tolii
1969 1762 2234 1817 Canonem
2280 1763 2483 1833 passim
2520 1762 2728 1816 laudati
2777 1777 2808 1816 a
2856 1759 2996 1814 Beda
3029 1759 3096 1813 iis
3143 1759 3198 1811 in
3236 1757 3393 1820 locis,

176 1851 297 1957 ειουήι
340 1887 460 1943 illud
508 1851 705 1944 Latine
747 1851 1052 1946 reddiderit
1096 1851 1712 1963 it'iinugi'ﬁegi'c";{gs
1746 1903 1786 1956 υ
1817 1872 1939 1925 ⁴ι¹¹ω
1974 1854 2204 1910 inferi“
2236 1871 2266 1909 ³
2297 1854 2565 1910 Βυθὴθτίο
2589 1853 2823 1909 “dum
2855 1852 3040 1907 Videas
3067 1851 3200 1921 “5"

173 1979 350 2034 demum
381 1982 477 2036 hac
507 1983 576 2037 de
603 1998 660 2038 re
688 1983 939 2039 dubitare
967 1985 1157 2039 sinunt
1187 1987 1432 2050 omnino,
1465 2004 1585 2057 qum
1612 1989 1709 2040 ha-

177 2072 241 2124 bet
282 2073 409 2126 idem
459 2073 692 2131 Rutinus
722 2075 776 2129 in
807 2091 904 2130 sua
953 2076 1276 2132 liuschiana:
1313 2077 1564 2133 His-write
1596 2097 1712 2134 ver-

173 2163 512 2234 sione(l2),ad
537 2167 776 2222 Anatolii
812 2167 1078 2224 Cononem
1111 2173 1458 2240 pertinentia.
1485 2171 1540 2225 Si
1564 2174 1711 2227 enim

173 2269 218 2306 ea
243 2255 577 2312 conferantur
602 2274 729 2314 cum
757 2260 823 2315 iis
853 2277 973 2330 quae
1003 2261 1146 2330 apud
1179 2273 1416 2318 veterem
1449 2266 1716 2336 interpre-

173 2350 256 2396 tem
285 2343 678 2402 Bucherianum
711 2347 900 2403 Graeco
947 2351 1114 2404 textui
1153 2355 1501 2422 respondent,
1529 2355 1714 2410 omnia

171 2435 297 2502 plane
322 2436 610 2495 Rufiniana
645 2456 768 2498 esse
807 2442 1160 2512 perhibentur
1195 2463 1207 2497 :
1240 2455 1298 2498 ut
1335 2446 1560 2516 proinde
1593 2463 1705 2502 me-

1893 1989 2048 2044 llnnc
2089 1991 2272 2060 itaque
2300 1991 2472 2046 sancti
2500 1989 2677 2045 Patris
2707 1991 2878 2045 nostri
2905 1989 3200 2059 genuinum
3230 1986 3396 2041 fetum

1820 2083 2140 2138 exhibemus
2168 2097 2234 2136 cx
2263 2092 2516 2136 accurata
2547 2083 2707 2138 unica
2732 2081 2986 2137 Bueherii
3015 2080 3272 2140 editione,
3303 2077 3398 2131 atl—

1815 2173 1977 2244 jcetis
2001 2173 2205 2228 Graecis
2236 2171 2556 2229 Eusebianis
2584 2189 2706 2228 cum
2731 2173 2921 2228 Latina
2956 2173 3400 2242 interpretatione

1825 2266 2077 2336 notisque
2134 2264 2352 2320 Valesii.
2400 2265 2478 2320 Ad
2535 2266 2650 2320 hinc
2702 2266 2911 2321 accedit
2960 2263 3400 2318 Commentarius

1826 2356 2071 2424 ejusdem
2102 2355 2373 2422 Bueherii,
2407 2373 2516 2427 quo
2548 2357 2731 2412 Canon
2761 2358 3116 2412 Anatolianus
3165 2357 3402 2410 maxime

1830 2448 2154 2502 illustratur.

181 2625 3012 2662 Mm

672 2809 798 2936 S.
937 2809 1697 2941 ANATOLII
1795 2815 2889 2944 ALEXANDRINI

1118 3069 1604 3186 CANON
1685 3075 2462 3190 PASCHALIS

227 3289 480 3355 Eveleri
542 3309 660 3354 ms.
701 3308 978 3370 primum
1035 3309 1098 3353 m
1158 3291 1364 3356 lucem
1411 3295 1627 3433 ﬁditlns
1668 3294 1969 3436 .etSbrein
2034 3298 2492 3359 commentario
2548 3298 2909 3362 illustratus
2955 3301 3030 3360 ab
3077 3299 3330 3379 .Egiilio

1460 3390 1726 3436 ueterno
1801 3391 1899 3435 oc.
1975 3393 2115 3436 esu.

1460 3390 1726 3436 ιιοιιριῚο
1758 3390 1874 3436 δΟϐ
1887 3419 1899 3433 .
1940 3390 2089 3436 JOSU
2104 3420 2115 3433 .

170 3683 274 3765 (Σλς.
305 3685 338 3765 l.
377 3687 584 3765 Dii-crs:
616 3705 937 3744 mrersorum
973 3691 1183 3765 circuli.
1221 3690 1493 3765 Hippolyti
1530 3695 1726 3765 cyclus.
1759 3702 1800 3758 C
1836 3709 2034 3748 norum
2079 3690 2343 3749 circulum
2380 3700 2778 3761 computantes,
2822 3705 3100 3758 nunquam
3127 3691 3192 3745 ad
3225 3706 3409 3745 verant

227 3755 465 3880 gentilitas
519 3777 722 3814 utsz
786 3779 1067 3818 minorum.
1129 3755 1607 3834 Locusnorigenis
1665 3768 1726 3818 de

269 3841 494 3880 asciate-

269 3841 494 3886 «scitote.

227 3961 290 4018 De
318 3967 527 4022 ratione
564 3967 933 4024 ordinationis
965 3979 1271 4039 temporum
1294 3984 1360 4025 ac
1390 3971 1727 4026 vicissitudi-

174 4070 278 4110 num
322 4060 508 4115 mundi
563 4060 790 4122 dicturi,
858 4060 1205 4116 diversorum
1257 4063 1725 4131 computariorum

171 4147 280 4201 scita
307 4165 592 4218 ponemus.
629 4150 732 4217 Qui
774 4151 916 4206 hunc
952 4153 1336 4207 tantummodo
1370 4169 1534 4208 cursu
1579 4167 1730 4208 com-

176 4247 355 4306 putata,
387 4243 526 4297 solis
558 4257 850 4297 ascensum
875 4243 1312 4314 descensumque
1338 4244 1728 4314 relinquentes,

176 4328 390 4388 diversos
417 4336 662 4390 circulos
701 4335 916 4404 sibique
956 4335 1296 4402 contrarios,
1345 4347 1401 4391 ct
1436 4336 1489 4390 in
1521 4336 1730 4392 calculo

176 4435 296 4478 verae
345 4426 782 4495 computationis
836 4443 1116 4496 nunquam
1170 4428 1443 4495 inventos,
1502 4429 1731 4498 adjectis

173 4518 470 4583 quibusdam
530 4520 966 4592 problematibus
1000 4561 1016 4585 ,
1087 4531 1548 4588 construxerunt,
1605 4537 1731 4576 cum

174 4618 354 4664 certum
386 4612 478 4679 sit,
498 4611 930 4681 computationis
952 4611 1243 4676 rationem,
1273 4614 1482 4683 absque
1508 4612 1592 4667 his
1615 4628 1734 4666 am-

176 4702 324 4760 bobus
349 4708 515 4761 simul
551 4704 1036 4769 concurrentibus,
1080 4719 1190 4759 non
1214 4720 1335 4760 csse
1371 4705 1730 4774 probandam.

173 4790 286 4848 Nam
312 4807 364 4851 et
396 4800 448 4852 in
477 4798 761 4854 veteribus
795 4797 1224 4865 exemplaribus,
1279 4797 1329 4849 id
1375 4806 1458 4851 est
1494 4795 1734 4850 Hebraeis

168 4895 213 4938 et
231 4887 422 4945 Graecis
449 4890 866 4954 voluminibus,
905 4904 1014 4943 non
1059 4897 1270 4943 tantum
1302 4889 1445 4943 luna:
1485 4904 1732 4952 cursum,

172 4981 250 5031 scd
275 4991 433 5037 etiam
474 4984 616 5038 solis
649 4998 757 5036 non
794 4981 969 5037 solum
1008 4995 1248 5052 gressus,
1299 4981 1392 5036 sed
1431 4990 1485 5036 et
1519 4981 1734 5051 singula

177 5085 231 5126 ac
266 5074 636 5130 minutissima
685 5075 944 5128 horarum
1021 5085 1292 5128 momenta
1318 5115 1332 5138 ,
1389 5087 1510 5142 quae
1550 5073 1604 5126 in
1635 5088 1736 5126 suo

180 5174 430 5238 Iampore,
468 5185 599 5224 cum
629 5170 767 5223 ratio
801 5167 1136 5238 poposcerit,
1172 5163 1549 5235 proferemus,
1581 5165 1736 5218 inve-

173 5260 332 5316 nimus
360 5273 705 5332 computata.
766 5259 809 5314 E
843 5260 1045 5330 quibus
1087 5257 1406 5328 Hippolytus
1435 5272 1522 5311 ινι
1560 5273 1736 5311 anno-

89 5413 97 5428 .
177 5363 276 5404 nun
320 5354 594 5408 circulum
656 5353 984 5423 quihusdam
1038 5351 1236 5420 ignotis
1292 5351 1434 5405 luna:
1483 5351 1737 5406 cursibus

175 5445 480 5514 composuit.
520 5445 627 5499 Alii
662 5459 800 5506 xxv,
833 5443 925 5498 alii
962 5458 1089 5510 xxx,
1132 5441 1379 5496 nonnulli
1409 5458 1608 5495 Lxxxw
1637 5459 1736 5495 an-

229 5663 298 5728 (8)
336 5663 602 5728 Bucltcr.,
631 5662 702 5716 De
723 5663 894 5714 doctr.
928 5672 1111 5730 temp.,
1145 5675 1196 5730 p.
1220 5659 1484 5715 459-449.

173 5733 605 5868 P.(§()mF0lllall.,
634 5733 780 5791 Hist,
802 5732 969 5786 litter.
1007 5729 1184 5802 Aquit.
1218 5730 1313 5785 lib.
1339 5747 1390 5795 v,
1423 5746 1472 5785 c.
1509 5730 1596 5797 15,
1631 5729 1658 5801 §
1686 5731 1736 5798 l,

231 5873 332 5945 110)
375 5875 594 5937 Hulin.,
631 5875 772 5930 Hist.
801 5875 927 5931 eccl.
969 5870 1166 5927 Euseb.
1209 5872 1301 5926 lih.
1336 5885 1430 5938 vtl,
1463 5887 1512 5928 c.
1537 5871 1627 5927 ‘25.

1831 3783 2056 3839 Pascha;
2097 3781 2452 3853 computandi
2497 3782 2767 3835 rationem
2803 3790 3184 3849 pervenerunt.
3215 3777 3412 3834 Verum

1832 3875 2073 3946 majores
2097 3875 2290 3939 nostri,
2332 3874 2682 3930 Hebraeorum
2716 3882 2768 3928 et
2797 3872 3113 3929 Graecorum
3145 3872 3411 3927 librorum

1831 3968 2145 4039 peritissimi
2169 3967 2482 4038 (lsidorum,
2503 3975 2558 4022 et
2583 3965 2994 4034 Hieronymum,
3011 3963 3411 4019 etGlcmentem

1831 4063 2002 4132 dico),
2038 4062 2164 4116 licet
2190 4059 2479 4116 dissimilia
2507 4058 2779 4113 mensium
2816 4057 3081 4126 principia
3111 4073 3208 4126 pro
3235 4055 3414 4111 diver-

1833 4157 1995 4212 sitate
2025 4155 2222 4225 linguae
2242 4153 2546 4217 senserint;
2575 4162 2752 4207 tamen
2780 4152 2848 4207 ad
2873 4167 3034 4205 unam
3059 4150 3416 4218 eamdemque

1835 4247 2060 4304 Pascha‘.
2088 4247 2453 4304 certissimam
2490 4247 2790 4310 rationem,
2829 4246 2917 4300 die
2941 4254 2997 4299 et
3029 4244 3158 4299 luna
3189 4251 3243 4298 et
3279 4252 3415 4297 tem-

1837 4358 1971 4413 pore
2011 4340 2499 4404 convenientibus,
2532 4354 2748 4395 sunnna
2783 4338 3137 4393 veneratione
3175 4335 3418 4391 Domini-

1839 4452 1914 4492 σω
1973 4433 2412 4498 resurrectionis,
2471 4441 2889 4487 consenserunt.
2933 4430 3038 4485 Sed
3075 4440 3130 4485 et
3160 4429 3417 4499 Origenes

1839 4529 2084 4583 omnium
2119 4525 2525 4581 eruditissimus
2547 4565 2560 4589 ,
2597 4536 2649 4578 et
2680 4523 2873 4578 calculi
2910 4520 3268 4591 componendi
3299 4535 3420 4588 per-

1839 4621 2252 4691 spicacissimus
2281 4619 2505 4690 (quippe
2531 4619 2622 4687 qui
2652 4625 2706 4671 et
2732 4615 3032 4687 χαλκευτὴς
3050 4613 3319 4682 vocatus),
3355 4611 3417 4664 li-
3501 4627 3522 4647 κ

1841 4715 2042 4769 bellum
2095 4712 2171 4767 De
2220 4711 2430 4766 Pascha
2478 4707 2909 4764 luculentissime
2945 4705 3132 4760 edidit.
3195 4701 3252 4756 In
3307 4716 3418 4770 quo

1839 4805 2176 4861 annuntians
2196 4805 2264 4860 de
2297 4805 2388 4860 die
2418 4803 2660 4866 Pascha},
2685 4815 2794 4854 non
2819 4799 2995 4853 solum
3029 4797 3168 4852 lunae
3195 4807 3416 4849 cursum

1839 4907 1892 4953 et
1930 4897 2244 4967 aequinoctii
2290 4897 2579 4952 transitum
2623 4892 2966 4948 intuendum.
3033 4888 3126 4942 sed
3184 4893 3239 4940 et
3288 4885 3418 4940 solis

1842 5000 2246 5055 transcensum,
2296 4991 2542 5045 omnium
2589 4993 2938 5044 tenebrarum
2987 4997 3155 5039 tetras
3196 4979 3421 5037 insidias

1845 5094 1901 5138 et
1930 5083 2257 5138 oﬂ‘endicula
2298 5083 2620 5146 auferentis,
2664 5090 2719 5136 et
2755 5079 2894 5134 lucis
2927 5077 3217 5132 adventum
3252 5089 3316 5127 ac
3340 5081 3423 5125 to-

1847 5179 1955 5233 tius
1985 5176 2171 5230 mundi
2206 5175 2602 5230 elementorum
2639 5173 2896 5227 virtutem
2924 5179 2978 5226 et
3002 5167 3422 5237 inspirationem

1847 5268 2144 5333 allerentis,
2191 5282 2314 5322 esse
2345 5264 2674 5320 servandum
2698 5306 2715 5328 ,
2749 5264 2821 5318 ita
2855 5263 2984 5318 dicit
3025 5279 3038 5316 :
3087 5259 3152 5312 In
3186 5259 3306 5318 die,
3341 5258 3424 5309 in-

1846 5361 1985 5430 quit,
2040 5359 2260 5414 Pasclia:
2301 5374 2402 5412 non
2441 5358 2559 5411 dico
2590 5355 2972 5411 obseruandum
3003 5362 3060 5407 ut
3101 5352 3211 5406 dies
3243 5350 3425 5403 Domi-

1847 5457 1968 5510 nica
1986 5456 2304 5517 inueniatur,
2333 5461 2382 5506 et
2422 5451 2562 5506 Iunce
2596 5467 2666 5504 vn
2700 5450 2812 5520 (14)
2841 5448 2950 5501 dies
2983 5445 3312 5510 transeundi,
3337 5440 3425 5496 sed

1919 5654 2030 5724 (11)
2073 5652 2283 5715 lis-seu,
2322 5652 2473 5721 Synt.
2502 5651 2563 5702 de
2772 5646 2997 5724 I_itte_rp.,
3025 5659 3073 5699 c.
3111 5659 3166 5708 ν,
3195 5642 3362 5724 ngat“).

1918 5713 2033 5794 (ηδ
2075 5713 2280 5786 Hulin.,
2314 5713 2456 5776 Hist.
2493 5722 2618 5794 ecel.
2649 5720 2846 5774 Euseb.
2882 5713 2974 5770 lib.
3009 5731 3103 5778 \‘Il,
3135 5730 3186 5769 c.
3218 5713 3307 5767 28.

1919 5791 2026 5864 (l5)
2072 5795 2189 5848 νηί.
2222 5795 2346 5848 inlt‘.
2385 5795 2486 5864 (τοι.
2522 5791 2648 5864 921.
2906 5859 2937 5864 η
3158 5829 3173 5850 ,

1917 5859 2029 5935 (ll)
2063 5865 2224 5920 Lunw
2255 5881 2346 5919 vn.
2384 5863 2541 5918 Forte
2575 5862 2714 5915 hunc
2745 5876 2855 5915 xn'.
2905 5859 3140 5913 Bucuzn.
