3882 6506
469 374 568 429 ειι

1616 370 1677 425 S.
1716 368 2040 423 ANATOLII
2085 367 2553 423 ALEXANDRINI

3604 368 3697 423 2|!

471 507 529 550 ut
557 495 637 550 sol
669 493 979 559 divisionem
1007 490 1159 544 illam
1187 531 1201 552 ,
1238 491 1372 546 lucis
1397 490 1595 545 scilicet
1621 500 1670 545 et
1702 491 2052 556 tenebrarum,
2088 498 2127 548 Α
2156 490 2480 544 credendum
2504 494 2668 552 esset,
2694 487 2799 541 nisi
2823 486 3117 556 jactantiae,
3141 496 3215 553 et,
3238 496 3297 543 ut
3318 488 3495 544 verius
3516 489 3698 553 dicam,

472 585 527 636 in
572 582 790 638 exordio
840 582 1055 644 mundi,
1092 581 1304 633 Domini
1346 581 1734 651 dispensatione
1780 580 2052 649 wqualiter

472 676 857 745 compositam,
910 674 1285 739 transcendat;
1350 684 1400 728 et
1446 676 1510 728 ab
1551 692 1657 728 una
1707 676 1761 727 in
1813 677 1969 736 duas,
2012 690 2043 726 a

471 768 678 820 duabus
721 767 777 819 in
818 774 944 830 tres,
986 780 1019 817 a
1054 764 1223 818 tribus
1259 765 1317 817 in
1341 775 1604 834 quatuor,
1639 781 1671 817 a
1716 773 1942 835 quatuor
1992 765 2048 815 in

474 860 725 927 quinque,
760 872 792 909 a
813 857 1038 925 quinque
1066 856 1125 908 in
1150 872 1241 909 sea:
1266 856 1445 920 horas,
1467 856 1582 909 luce
1607 857 1661 909 in
1675 856 1804 910 satis
1832 872 2053 909 ascensu

471 958 753 1012 crescente,
784 948 1007 1002 tenebra:
1054 948 1381 1001 decrescant.
1421 966 1453 1001 a
1490 949 1675 1018 (15)...
1727 957 1776 1001 et
1823 949 2055 1001 vicesimi

470 1042 678 1096 numeri
726 1040 1023 1110 adjectione
1066 1040 1357 1110 completa,
1405 1057 1481 1094 ιιι
1523 1051 1698 1110 partes
1743 1042 1799 1093 in
1837 1057 1940 1093 uno
1974 1056 2054 1092 eo-

470 1137 689 1205 demque
718 1134 805 1187 die
827 1133 1190 1203 suppleantur.
1229 1130 1334 1187 Sed
1365 1142 1417 1187 et
1435 1147 1556 1201 ego,
1587 1132 1631 1184 si
1658 1131 1864 1201 aliquid
1897 1130 2051 1185 stilli-

469 1228 599 1281 cidii
637 1270 651 1293 ,
711 1236 835 1297 post
879 1226 1245 1298 quorumdam
1306 1226 1663 1280 exuberantia
1726 1224 2049 1293 eloquentia:

471 1322 820 1390 scientiaeque
848 1320 1073 1375 ﬂumina
1096 1362 1109 1385 ,
1148 1328 1446 1375 tentassem
1478 1318 1711 1380 inferre;
1742 1317 1870 1387 quid
1901 1314 2049 1369 aliud

2158 579 2442 633 dementia:
2469 579 2538 632 ab
2584 577 2839 631 omnibus
2862 593 2984 631 esse
3015 576 3420 644 aseribendum,
3466 579 3567 633 nisi
3611 595 3701 635 nos

2159 672 2435 741 paulisper
2466 670 2775 725 orationum
2819 677 3037 725 tuarum
3064 670 3426 740 pollicitarum
3461 672 3703 725 animaret

2160 762 2465 816 auxilium?
2509 761 2636 831 quia
2671 760 2945 815 credimus
2980 762 3215 816 orationi
3254 776 3317 816 ac
3345 762 3465 817 tidei
3502 770 3601 816 tua:
3633 762 3706 815 ni-

2162 856 2235 908 hil
2255 870 2376 910 esse
2410 853 2763 923 impossibile.
2806 852 2921 919 Qua
2953 853 3279 908 conﬁdentia
3310 854 3567 915 roborati,
3595 868 3705 922 pro—

2161 946 2546 1002 fundissimam
2577 945 2989 1001 obscurissimae
3014 944 3437 1015 computationis
3456 952 3509 999 et
3530 945 3705 1013 impro-

2158 1039 2335 1093 visum
2372 1038 2617 1109 pelagus,
2650 1038 3108 1107 consurgentibus
3137 1038 3378 1106 undique
3413 1036 3704 1106 quastioni-

2159 1134 2261 1186 bus
2295 1147 2358 1185 ac
2379 1131 2806 1201 problematibus
2831 1130 3337 1195 intumescentibus,
3359 1129 3706 1200 ingrediemur

2155 1224 2479 1278 verecundia
2512 1232 2848 1291 contempta.

1615 1435 1679 1491 lt.
1726 1437 1798 1489 De
1822 1433 2089 1488 novitunio
2121 1427 2281 1497 primi
2309 1426 2521 1480 mensis.

541 1530 641 1587 Est
663 1546 796 1602 ergo
836 1547 891 1585 tn
927 1547 1105 1601 primo
1154 1545 1300 1585 anno
1344 1530 1560 1583 initium
1610 1528 1774 1598 primi
1807 1526 2040 1589 mensis,

471 1625 618 1694 quod
638 1633 721 1678 est
746 1640 836 1677 xxx
855 1640 1120 1679 annorum
1138 1623 1330 1677 circuli
1350 1622 1675 1692 principium
1695 1639 1710 1686 ;
1743 1619 2042 1675 secundum

2222 1506 2375 1589 Ἔχει
2402 1518 2582 1571 τοίνυν
2614 1516 2725 1586 (17)
2756 1518 2815 1570 ἐν
2841 1515 2919 1587 τῷ
2949 1515 3148 1588 πρώτῳ
3174 1516 3283 1570 ἔτει
3303 1516 3402 1588 τὴν
3432 1516 3707 1587 νουμηνίαν

2148 1611 2243 1666 τοῦ
2269 1610 2485 1683 πρώτου
2520 1610 2708 1681 μηνὸς,
2741 1610 2863 1680 ἥτις
2898 1610 3116 1679 ἁπάσης
3144 1610 3289 1663 ἐστὶν
3322 1611 3465 1682 ἀρχὴ
3517 1611 3609 1682 τῆς
3637 1614 3707 1663 ἐν.

472 1690 760 1785 Ᾱέεῐριίος
821 1713 1042 1782 quidem
1096 1712 1302 1767 mensis
1348 1690 1688 1765 Phamenoth
1747 1725 1871 1764 xxv:
1921 1709 2043 1775 die;

2163 1702 2719 1772 δεακαιδεκαετηρίδος
2743 1718 2756 1731 ·
2798 1704 2864 1773 τῇ
2902 1703 3020 1755 κατ’
3058 1701 3385 1770 Αἰγυπτίους
3414 1704 3508 1772 μὲν
3551 1704 3709 1771 Φαμε-

468 1804 623 1873 juxta
665 1803 988 1859 Macedones
1020 1819 1147 1859 vero
1192 1802 1371 1875 Dystr-i
1408 1802 1614 1857 mensis
1654 1817 1771 1855 χχιι
1808 1800 1927 1864 die;
1961 1816 2046 1854 se-

471 1896 713 1952 cundum
744 1895 1024 1949 Romanos
1054 1911 1179 1950 vero
1222 1895 1398 1949 Martii
1429 1895 1632 1949 mensis
1665 1910 1801 1947 xxln
1826 1934 1842 1959 ,
1885 1894 1938 1948 id
1965 1903 2047 1948 est

470 2003 565 2043 vm
602 1986 875 2041 Kalendas
918 1986 1031 2057 (16)
1074 1986 1300 2057 Aprilis.
1345 1987 1404 2041 In
1448 2002 1554 2056 qua
1589 1986 1677 2041 die
1706 2000 1815 2040 non
1868 1986 2043 2040 solum

472 2080 752 2134 invenitur
779 2080 862 2135 sol
887 2079 1273 2134 conscendisse
1305 2079 1536 2149 primam
1564 2087 1773 2148 partem
1800 2118 1816 2143 ,
1848 2093 2040 2132 verum

470 2172 636 2226 etiam
662 2172 925 2241 quadram
967 2170 1149 2225 lunam
1187 2170 1319 2242 (lege
1360 2178 1611 2240 quartam
1646 2170 1811 2241 diem)
1835 2169 1948 2239 jam
1985 2170 2040 2224 in

470 2278 538 2317 ea
574 2263 661 2317 die
699 2263 934 2329 habere,
976 2263 1030 2317 id
1064 2275 1148 2317 est
1215 2263 1271 2317 in
1301 2262 1479 2332 prima
1506 2278 1570 2317 ex
1607 2262 1893 2318 duodecim
1926 2278 2043 2332 par~

471 2353 640 2409 tibus.
672 2351 797 2407 Hice
823 2362 1001 2407 autem
1037 2353 1301 2423 particula
1334 2352 1506 2422 prima
1528 2367 1593 2406 ex
1621 2368 1692 2405 xu
1722 2352 1941 2406 vernale
1959 2361 2043 2406 est

469 2445 893 2515 aequinoctium;
926 2454 978 2499 et
1020 2445 1135 2513 ipsa
1166 2454 1248 2499 est
1276 2445 1491 2498 initium
1528 2444 1819 2509 mensium,
1856 2454 1911 2498 et
1952 2460 2045 2498 ca-

470 2547 569 2608 put
600 2537 811 2602 circuli,
842 2546 896 2591 et
928 2536 1199 2591 absolutio
1237 2550 1433 2590 cursus
1459 2536 1759 2600 stellarum,
1788 2552 1909 2606 qua:
1930 2536 2045 2605 pla-

470 2638 633 2695 netae,
671 2629 725 2684 id
762 2637 843 2683 est
866 2644 1035 2698 vagae,
1068 2628 1348 2689 dicuntur.
1374 2642 1437 2681 ac
1474 2626 1598 2681 linis
1635 2642 1710 2680 ιιι
1745 2627 2041 2695 particulae,

393 2757 401 2764 ο
470 2731 526 2777 et
567 2723 736 2777 totius
771 2721 961 2776 circuli
1004 2721 1291 2774 terminus.
1338 2719 1406 2773 Et
1453 2720 1575 2773 ideo
1615 2720 1886 2782 dicimus,
1936 2734 2044 2772 non

472 2830 665 2884 parum
698 2814 1013 2884 delinquere
1052 2829 1181 2875 eos,
1228 2812 1322 2883 qui
1366 2821 1491 2867 ante
1528 2812 1632 2865 hoc
1674 2810 1891 2866 initium
1919 2811 2046 2865 novi

471 2906 599 2960 anni
634 2905 845 2961 Pascha
888 2915 1079 2976 putant
1119 2921 1239 2961 esse
1279 2903 1688 2960 celebrandum.

2150 1794 2259 1847 νὼθ
2294 1794 2404 1865 (18)
2434 1793 2570 1866 ἕκτῃ
2602 1793 2697 1847 και¹
2724 1794 2920 1858 εἰκάδι,
2969 1793 3109 1847 κατὰ
3159 1794 3215 1846 δὲ
3246 1793 3372 1858 τοὺς
3405 1794 3710 1848 Μακεδόνων

2154 1884 2352 1955 μῆνας,
2381 1884 2621 1955 Δύστρου
2652 1882 2881 1955 δευτέρᾳ
2911 1885 3003 1936 καὶ
3034 1883 3229 1936 εἰκάδι·
3259 1883 3336 1947 ὡς
3361 1884 3407 1937 δ’
3438 1883 3504 1937 ἂν
3526 1884 3709 1936 εἴποιεν

2160 1977 2443 2046 Ῥωμαῖοι,
2464 1975 2571 2048 πρὸ
2597 1975 2790 2030 ἕνδεκα
2811 1975 3100 2029 Καλανδῶν
3128 1976 3438 2047 Ἀπριλίων.
3474 1976 3711 2048 Εὕρίσκε-

2147 2084 2238 2121 ται
2264 2067 2321 2120 δὲ
2348 2069 2375 2120 ὁ
2402 2067 2551 2138 ἥλιος
2573 2068 2629 2120 ὲν
2683 2070 2749 2139 τῇ
2784 2068 3117 2140 προκειμένῃ
3160 2069 3422 2139 Φαμενὼθ
3454 2070 3583 2140 ἕκτῃ
3628 2065 3711 2122 καὶ

2150 2158 2326 2212 εἰκάδι
2360 2160 2420 2211 οὐ
2457 2158 2617 2229 μόνον
2651 2158 2847 2222 ἐπιϐὰς
2877 2159 2973 2211 τοῦ
3008 2156 3226 2229 πρώτου
3274 2161 3581 2229 τμήματος,
3610 2158 3710 2212 ἀλλ’

2146 2249 2245 2320 ἤδη
2282 2248 2375 2301 καὶ
2396 2249 2660 2321 τετάρτην
2714 2249 2924 2319 ἡμέραν
2980 2250 3037 2301 ἐν
3063 2248 3211 2319 αὐτῷ
3253 2248 3709 2320 διαπορευόμενος.

2148 2340 2318 2393 Τοῦτο
2345 2340 2399 2392 δὲ
2431 2340 2492 2392 τὸ
2513 2342 2726 2410 τμῆμα,
2758 2340 2973 2411 πρῶτον
2993 2340 3467 2411 δωδεκατημόριον
3496 2342 3586 2394 καὶ
3612 2342 3709 2409 ἰση-

2152 2434 2388 2503 μερινὸν,
2410 2433 2503 2485 καὶ
2532 2432 2715 2503 μηνῶν
2743 2433 2938 2504 ἀρχὴν,
2980 2435 3071 2486 καὶ
3117 2431 3356 2503 κεφαλὴν
3389 2433 3486 2485 τοῦ
3508 2432 3707 2493 κύκλου,

2150 2526 2243 2578 καὶ
2270 2526 2459 2593 ἄφεσιν
2492 2524 2601 2594 (19)
2626 2523 2719 2576 τοῦ
2743 2525 2851 2576 τῶν
2875 2524 3156 2596 πλανητῶν
3179 2524 3375 2595 δρόμου
3402 2524 3582 2577 καλεῖν
3606 2523 3710 2576 εἱώ-

2151 2614 2276 2669 θασι
2298 2633 2312 2646 ·
2346 2616 2406 2667 τὸ
2435 2615 2493 2668 δὲ
2525 2615 2630 2687 πρὸ
2658 2614 2869 2680 τούτου,
2906 2616 3088 2686 μηνῶν
3134 2617 3358 2685 ἔσχατον
3391 2616 3490 2669 καὶ
3540 2614 3711 2685 τμῆμα

2151 2704 2450 2758 δωδέκατον
2478 2706 2573 2758 καὶ
2598 2705 2904 2759 τελευταῖον
2930 2706 3423 2777 δωδεκατημόριον,
3469 2708 3559 2759 καὶ
3580 2705 3710 2765 τέλος

2154 2796 2256 2866 τῆς
2288 2796 2395 2850 τῶν
2424 2796 2714 2868 πλανητῶν
2746 2798 3015 2869 περιόδου.
3046 2798 3136 2850 Διὸ
3178 2799 3273 2851 καὶ
3308 2798 3438 2862 τοὺς
3476 2799 3535 2849 ὲν
3583 2793 3710 2865 αὐτῷ

2152 2888 2464 2959 τιθεμένους
2494 2889 2587 2942 τὸν
2610 2890 2825 2962 πρῶτον
2857 2889 3025 2960 μῆνα,
3058 2889 3149 2942 καὶ
3203 2888 3299 2959 τὴν
3338 2904 3709 2961 τεσσαρεσκαι-

2152 2976 2383 3047 δεκάτην
2438 2975 2535 3029 τοῦ
2574 2977 2767 3047 Πάσχα
2814 2980 2935 3031 κατ’
2959 2978 3129 3050 αὐτὴν
3174 2978 3549 3049 λαμϐάνοντας
3597 2978 3709 3049 (20),

2155 3068 2217 3121 οὐ
2249 3068 2457 3139 μικρῶς
2484 3069 2591 3121 οὐδ’
2621 3069 2695 3135 ὡς
2722 3068 2911 3140 ἔτυχεν
2931 3071 3267 3141 ἁμαρτάνειν
3289 3074 3493 3141 φαμέν.

1584 3162 1668 3218 ﬂl.
1713 3165 2062 3233 Antiquorum
2093 3161 2405 3218 Iudaeorum
2436 3165 2635 3233 opinio.

544 3260 647 3315 Sed
673 3276 771 3315 nec
801 3276 831 3314 a
861 3262 1019 3317 nobis
1048 3261 1239 3332 primis
1265 3262 1545 3317 exordium
1563 3262 1855 3316 sumitha'c
1878 3262 2017 3315 ratio
2042 3277 2050 3314 :

2238 3261 2393 3314 Ἔστι
2420 3262 2467 3314 δ’
2490 3262 2589 3333 οὐχ
2620 3261 2886 3333 ἡμέτερος
2909 3255 3062 3326 οὗτος
3086 3262 3116 3315 ὁ
3136 3261 3292 3329 λόγος
3313 3278 3327 3291 ·
3382 3259 3646 3323 Ἰουδαίοις
3663 3257 3712 3311 δὲ

472 3354 718 3422 antiquis
739 3351 941 3407 Iudaeis
960 3352 1131 3408 fuisse
1154 3353 1504 3423 comprobata
1523 3362 2050 3407 monstraturetante

2163 3354 2490 3421 ἐγινώσκετο
2519 3356 2633 3419 τοῖς
2659 3354 2825 3408 πάλαι
2853 3356 2948 3408 καὶ
2976 3354 3082 3426 πρὸ
3104 3352 3339 3423 Χριστοῦ
3362 3369 3376 3385 ⁸
3410 3349 3714 3423 ὲφυλάττετό

486 3445 783 3499 adventum
821 3443 1025 3499 Christi
1056 3446 1363 3499 observata.
1414 3443 1567 3498 Sicut
1597 3445 1873 3498 evidenter
1897 3444 2050 3497 docet

2163 3463 2218 3498 τε
2247 3446 2381 3517 πρὸς
2412 3446 2589 3501 αὐτῶν
2623 3448 2732 3517 (21)
2768 3447 3021 3518 μάλιστα.
3048 3448 3254 3501 Μαθεῖν
3279 3446 3323 3499 δ’
3353 3446 3503 3498 ἔστιν
3540 3446 3601 3497 ὲκ
3620 3442 3714 3496 τῶν

1667 3586 1749 3644 Η.
1804 3584 2028 3646 Valesii
2056 3586 2521 3662 interpretatio.

544 3678 610 3734 ll.
666 3677 847 3735 Habes
876 3682 1040 3757 igitur
1072 3684 1126 3737 in
1158 3685 1337 3757 p_rimo
1355 3699 1509 3757 anno
1538 3684 1877 3757 novilunium
1923 3684 2085 3757 primi
2116 3688 2355 3751 mensis,
2403 3688 2550 3755 quod
2596 3697 2758 3757 caput
2788 3698 2870 3741 est
2916 3689 3083 3742 totius
3126 3688 3316 3757 circuli
3353 3684 3708 3757 novemdecitn

472 3764 744 3829 annorum
775 3769 791 3806 :
822 3753 1121 3829 secundum
1149 3753 1682 3829 ASgyptiosquidem
1708 3754 1793 3807 die
1815 3754 2073 3829 vicesima
2103 3767 2260 3829 sexta
2290 3753 2495 3811 mensis
2537 3753 2878 3812 Phamenoth
2901 3776 2915 3823 ;
2960 3760 3115 3827 juxta
3141 3756 3470 3829 Macedones
3495 3771 3618 3829 vero
3640 3754 3713 3829 die

471 3820 737 3899 vicesimno
774 3824 1013 3899 secundo
1041 3820 1577 3899 nieu_sis"[)y_stri,'_ut
1603 3833 1798 3899 autem,
1818 3822 2049 3878 Romani
2090 3828 2370 3899 dicerent,
2418 3837 2548 3899 ante
2580 3830 2721 3883 diem
2759 3820 3111 3899 undecimum
3158 3827 3529 3899 Kalendarum
3564 3824 3710 3899 Apri—

472 3889 629 3942 lium.
679 3890 851 3945 Port'o
891 3893 945 3946 in
976 3894 1287 3963 supradicta
1323 3889 1409 3967 die
1454 3894 1709 3948 vicesima
1756 3904 1911 3948 sexta
1945 3898 2148 3951 mensis
2190 3896 2569 3963 Phamenoth,
2610 3899 2692 3952 sol
2727 3898 2994 3967 reperitur
3040 3913 3149 3951 non
3182 3898 3343 3952 modo
3374 3889 3714 3964 primum'in-

471 3974 697 4040 gressus
717 3972 1055 4040 segmentum
1076 4004 1092 4024 .
1120 3980 1308 4018 verum
1342 3966 1505 4040 etiam
1538 3973 1793 4040 quartum
1824 3967 1876 4017 in
1906 3981 1971 4018 ea
2018 3967 2159 4020 dicm
2197 3983 2547 4040 percurrens.
2601 3968 2755 4023 Hanc
2792 3966 3002 4035 partem
3044 3970 3281 4037 primum
3338 3968 3706 4020 dodecatemo-

472 4033 724 4107 rium,‘et
750 4033 1178 4107 aequinoctium;
1204 4044 1261 4090 et
1298 4033 1571 4089 mensium
1616 4035 1855 4096 initium,
1878 4046 1946 4107 et
1974 4047 2138 4105 caput
2167 4033 2355 4093 circuli
2381 4079 2395 4101 ,
2445 4048 2500 4092 et
2531 4054 2781 4092 carceres
2798 4033 3009 4093 cursus
3038 4033 3379 4107 planetarum
3423 4050 3613 4089 vocare
3636 4046 3713 4086 so-

471 4099 606 4178 lent.
641 4101 773 4167 Quae
806 4099 935 4178 vero
963 4105 1103 4160 hanc
1138 4115 1343 4178 partem
1369 4106 1915 4178 proximeantecedit
1935 4148 1953 4171 ,
1992 4099 2118 4160 ﬁnis
2150 4099 2416 4163 mensium
2436 4118 2537 4178 ,et
2569 4118 2908 4178 segmentum
2945 4099 3353 4168 duodecimum,
3389 4116 3451 4161 et
3483 4107 3711 4159 ultimum

484 4170 984 4227 dodecatemorium
1018 4214 1033 4237 ,
1080 4170 1433 4247 etitermin'us
1464 4176 1726 4230 circuitus
1762 4170 2101 4245 planetarum
2148 4188 2393 4233 vocatur.
2445 4170 2835 4245 Quamobrem,
2879 4178 2973 4247 qui
3029 4178 3263 4247 primum
3298 4192 3546 4231 mensem
3580 4177 3629 4228 iu
3658 4184 3714 4225 ea

483 4249 752 4308 statuunt,
775 4252 829 4297 et
853 4252 1104 4313 quartam
1133 4246 1401 4300 decimam
1433 4247 1705 4315 paschalis
1731 4247 1855 4301 festi
1893 4263 1960 4301 ex
1990 4263 2055 4301 ea
2081 4249 2377 4313 deducunt,
2406 4264 2501 4303 eos
2538 4264 2645 4303 non
2679 4246 3231 4303 mediocriter’errare
3258 4249 3613 4301 allirmamns.

556 4333 648 4389 Ill.
681 4337 1001 4414 Atquehtcc
1026 4340 1355 4414 opiniounon
1389 4357 1418 4395 a
1448 4342 1607 4395 nobis
1639 4344 1875 4411 primum
1908 4345 2218 4414 exc0gitata
2258 4354 2375 4411 est;
2403 4344 2497 4398 sed
2531 4360 2561 4397 a
2591 4343 2784 4414 priscis
2825 4341 3027 4397 Judaeis
3052 4343 3231 4414 etiam,
3251 4352 3379 4414 ante
3403 4338 3604 4414 Christi
3631 4333 3713 4389 ad-

474 4417 696 4461 ventum
729 4411 977 4483 cognita,
1015 4420 1070 4464 et
1110 4412 1178 4483 ab
1208 4412 1275 4483 iis
1301 4413 1588 4481 diligenter
1611 4415 1902 4467 observata
1940 4411 2253 4483 estfldque
2281 4431 2345 4467 ex
2388 4411 2654 4477 Philonis,
2696 4412 2919 4481 Josephi
2950 4428 3012 4467 ac
3051 4412 3236 4467 Musaei
3274 4412 3456 4483 verbis
3482 4411 3602 4483 licet
3628 4419 3689 4460 c0

476 4492 761 4545 gnqscere.
794 4478 984 4549 Neque
1010 4495 1075 4535 ex
1110 4482 1196 4535 his
1239 4478 1525 4547 duntaxat,
1568 4498 1755 4538 verum
1797 4485 1960 4539 etiam
1987 4501 2053 4539 ex
2086 4478 2208 4541 aliis
2246 4486 2649 4555 antiquioribus
2685 4502 2698 4537 :
2727 4478 2941 4539 duobus
2969 4484 3177 4537 scilicet
3203 4480 3585 4553 Agatbobulis,
3621 4491 3687 4545 qu

544 4686 659 4757 (15)
694 4686 733 4737 Α
774 4726 788 4739 .
830 4726 842 4737 .
864 4725 896 4761 _.
935 4726 947 4737 .
990 4688 1048 4740 In
1075 4703 1176 4740 ms.
1204 4696 1324 4740 erat
1353 4704 1495 4740 accc.
1529 4686 1724 4743 Nescio
1756 4703 1823 4742 an
1858 4689 1950 4751 sit,
1991 4706 2053 4742 ac
2086 4693 2129 4747 D
2158 4691 2393 4761 gendum
2428 4692 2630 4761 est
2660 4700 2720 4743 ut
2756 4689 3039 4761 sequentia
3066 4688 3465 4761 demonstrant.
3498 4686 3715 4741 Brcnes.

473 4775 553 4812 cc.
580 4774 660 4829 an
697 4773 758 4829 ac
788 4773 834 4809 c.
864 4757 1125 4829 Βιιιῑιιιξι).Δ
1218 4826 1227 4829 Α
1348 4826 1365 4829 _

2163 4757 2183 4761 ⁷
2230 4762 2342 4829 (l9)
2370 4762 2477 4813 Καὶ
2506 4757 2727 4829 ἇέέὲσιν
2756 4759 2863 4813 τοῦ
2892 4758 3137 4826 δρόμου.
3190 4757 3341 4812 Hanc
3372 4774 3578 4829 vocem
3624 4772 3717 4809 non

547 4828 660 4897 (16)
694 4825 759 4899 Id
787 4837 991 4899 estivnt
1018 4826 1311 4899 Kalendas.
1348 4826 1423 4881 Ita
1447 4842 1701 4897 expresse
1727 4844 1831 4882 ms.
1860 4829 2054 4891 codex,
2161 4825 2909 4899 intellexerunt'intcrpretes.
2932 4825 3159 4896 ’Ᾱφεσις
3200 4828 3417 4895 proprie
3447 4837 3530 4881 est
3556 4838 3719 4880 trans-

471 4898 601 4953 licet
622 4898 978 4970 conformiter
996 4898 1063 4951 ad
1090 4898 1457 4966 praecedentes
1476 4915 1733 4953 numeros
1765 4900 2053 4970 legendum

473 4978 621 5051 esset
650 4984 726 5091 XII.
781 4966 957 5023 Credo
1008 4983 1131 5023 esse
1170 4983 1360 5022 verum
1410 4970 1619 5038 antiqui
1664 4966 1847 5025 textus
1889 4972 2056 5025 vesti-

474 5054 641 5091 mum.
701 5054 754 5091 ο.

512 5054 641 5093 ιιιιιι.
678 5054 754 5092 ID.

474 5055 855 5181 Ῡυέῗιέβέχει
886 5108 1114 5181 τοίνυν.
1164 5104 1261 5163 llic
1294 5108 1575 5181 subaudiri
1624 5109 1829 5178 aliquid
1880 5109 2056 5162 mani-

475 5178 675 5233 festum
726 5191 830 5232 est.
874 5178 1410 5249 Christophorsonus
1448 5180 1666 5250 quidem
1725 5181 1921 5234 festum
1962 5196 2059 5249 pa-

476 5250 660 5319 schale
703 5249 988 5319 subaudiri
1019 5251 1385 5312 existimavit;
1425 5249 1572 5319 quod
1618 5261 1703 5305 est
1738 5251 2057 5304 absurdum.

474 5316 662 5388 Neque
706 5318 852 5373 enim
898 5317 1103 5372 Pascha
1140 5320 1333 5372 incidit
1383 5316 1456 5372 ιη’
1496 5321 1835 5375 novilunium
1898 5321 2059 5389 primi

477 5390 705 5460 mensis.
737 5389 848 5457 Ego
875 5405 1002 5442 vero
1034 5390 1288 5443 existimo
1330 5392 1677 5460 scribendum
1728 5406 1848 5446 esse
1878 5390 2054 5460 ἐχειςε

474 5459 559 5512 vel
596 5468 739 5512 certe
772 5461 861 5529 ἔχε
892 5462 945 5511 in
994 5460 1337 5528 imperativo.
1393 5459 1587 5515 Vaces.
1614 5491 1685 5525 ,—
1709 5460 1897 5515 Graaca
1948 5462 2061 5514 huic

476 5529 803 5583 Anatoliana
838 5531 1075 5585 servavit
1099 5530 1259 5582 nobis
1292 5529 1561 5585 Eusebius
1604 5532 1750 5585 Hist.
1802 5532 1929 5584 eccl.
1963 5531 2059 5586 lib.

477 5614 729 5671 vn,qcap.
763 5589 852 5653 δί.
886 5599 957 5652 Ea
986 5600 1234 5654 sistimus
1271 5600 1411 5653 inter
1436 5611 1677 5671 veterem
1711 5603 2059 5671 interpretem

478 5668 905 5727 Bucberianum.
941 5680 995 5723 et
1034 5672 1398 5724 recentiorem
1435 5669 1737 5725 Valesium.

551 5737 783 5810 (ἰωγῇ
818 5741 1338 5810 κατ’ᾼὶγυπτίσυς
1360 5740 1477 5808 μὲν
1505 5742 1806 5810 φαιιεγώθ.
1844 5741 1901 5794 1η
1936 5742 2055 5795 cod.

480 5809 645 5875 llcd.,
682 5809 818 5864 Fuit.
866 5822 917 5864 et
946 5809 1143 5867 Mazar.
1179 5812 1376 5881 legitur
1406 5814 1520 5883 τήν.
1560 5809 1663 5867 Sed
1713 5815 1937 5869 omnino
1984 5815 2062 5868 le-

2159 4917 2299 4955 enna
2328 4942 2343 4963 ,
2372 4916 2437 4953 ex
2468 4916 2574 4970 qua
2612 4903 2934 4970 emittuntur
2966 4900 3265 4970 quadrigae,
3307 4906 3553 4970 ut_recte
3582 4907 3720 4949 nota-

2164 4974 2241 5024 vit
2269 4966 2509 5040 Scaliger
2531 4972 2583 5023 in
2616 4972 2758 5025 notis
2791 4970 2857 5021 ad
2884 4966 3309 5040 Manilium’pag.
3339 4968 3463 5021 126.
3496 4966 3718 5040 Primum

2161 5043 2322 5111 igitur
2355 5034 3425 5111 doliecatemoriumvocabatur'iésatg,
3474 5037 3615 5111 quod
3662 5034 3721 5087 ab

2165 5107 2258 5165 illo
2294 5121 2552 5180 tanquam
2581 5126 2611 5163 a
2642 5109 2957 5164 carceribus
2984 5108 3245 5180 inciperet
3269 5124 3465 5180 cursus
3492 5107 3721 5180 planetae

2164 5198 2305 5236 rum.
2344 5175 2566 5249 Ἀἱρεσις
2588 5196 2717 5249 ergo
2736 5180 2875 5232 idem
2904 5191 2985 5249 est
3010 5175 3155 5247 quod
3180 5178 3472 5249 d;s:r;pia.
3507 5175 3691 5249 Vaces.

2235 5251 2347 5322 (‘20)
2378 5246 2515 5305 κάτ’
2549 5246 2743 5316 αὐτὴν
2762 5248 3199 5322 λαμϐάνοντας.
3219 5246 3721 5322 Omninoscriben-

2162 5319 2292 5376 duin
2330 5319 2423 5375 'est
2472 5325 2595 5375 κατ’
2650 5321 2803 5385 αὑτό,
2840 5329 2897 5371 ut
2943 5320 3055 5387 jam
3112 5320 3321 5388 pridem
3374 5319 3719 5388 conieceram.

2162 5395 2338 5460 Atque
2370 5394 2441 5446 ita
2474 5393 2781 5446 emendavit
2814 5386 3139 5443 Petaviusin
3172 5386 3721 5460 animadversionibus

2164 5464 2229 5515 ad
2253 5457 2639 5531 Epiphanium,
2676 5478 2798 5530 pag.
2834 5460 2959 5523 {90,
2994 5460 3084 5531 ubi
3124 5460 3266 5513 hunc
3292 5458 3527 5531 Anatolii
3559 5457 3721 5508 locum

2167 5529 2455 5603 diligenter
2491 5529 2735 5599 exponit.
2766 5532 2820 5585 ιιι
2852 5530 3179 5603 quodetiam
3217 5529 3539 5603 exponendo
3580 5538 3723 5593 egre-

2168 5596 2308 5671 giam
2344 5596 2578 5671 operam'
2599 5602 2811 5654 natavit
2829 5596 3080 5670 Egidius
3102 5596 3418 5671 Eucherius.
3447 5596 3525 5650 lo.
3675 5660 3685 5670 _

2239 5673 2350 5742 (ει)
2382 5668 2539 5741 Πρός
2566 5671 2783 5725 αὐτῶν.
2820 5668 3074 5739 Legeram
3102 5672 3255 5740 πρὸς.
3301 5668 3451 5742 hunc
3504 5680 3627 5742 vero
3675 5668 3720 5737 in

2166 5735 2492 5812 quibusdam
2515 5735 2744 5795 iscbedis
2793 5735 3007 5795 videtur
3032 5735 3318 5812 essent»
3352 5782 3366 5793 .
3394 5781 3405 5791 .
3446 5779 3459 5791 .
3489 5776 3504 5791 .
3557 5735 3627 5789 Ita
3673 5735 3719 5783 in

2165 5809 2489 5869 emendanti.
2522 5812 2588 5866 ad
2624 5813 2825 5866 calcem
2857 5812 2987 5866 edit.
3011 5809 3269 5865 Cantabr;
