3882 6504
449 328 555 382 9J5

1578 326 1632 380 S.
1676 325 1999 382 ANATOLII
2037 325 2501 383 ALEXANDRINI

3595 329 3696 383 216

452 445 908 502 rnonstrationum
971 447 1182 517 copiam
1249 448 1461 518 exigere
1528 448 2014 517 prieterinittimus.

2131 448 2371 512 τοιαύτας
2420 446 2524 501 τῶν
2566 447 2895 514 ἀποδείξεων
2943 446 3075 512 ὕλας
3130 445 3378 501 ἁπαιτῶν
3437 446 3584 516 (25),
3627 440 3695 499 ὧν

452 541 652 610 quibus
680 542 919 597 velamen
952 542 1202 598 Mosaicae
1231 542 1361 611 legis
1392 542 1630 596 ablatum
1665 550 1747 596 est
1778 560 1789 595 :
1821 550 1875 595 et
1902 541 2026 611 qui-

452 633 555 687 bus
587 634 821 688 revelata
864 634 976 704 jam
1042 634 1179 689 facie
1231 634 1531 696 Christum,
1582 634 1896 702 Christique
1928 635 2025 687 do-

452 727 684 779 ctrinam
711 733 764 779 et
800 727 1109 795 passionem
1143 734 1400 795 tanquam
1426 726 1479 779 in
1514 727 1735 795 specqu
1768 725 2023 793 deinceps

452 817 648 870 intueri
681 816 826 871 licet.
861 818 1129 871 Cancrum
1189 816 1424 887 primum
1461 833 1702 872 mensem
1733 815 1874 886 apud
1911 814 2017 868 He—

453 909 631 964 braeos
661 909 807 964 circa
839 911 1225 981 aequinoctium
1276 911 1514 980 incipere
1567 910 1851 964 manifeste
1897 924 2024 962 con-

452 1004 707 1063 vincitur,
744 1005 824 1060 vel
856 1021 921 1060 ex
980 1006 1047 1060 iis
1077 1008 1363 1076 prmceptis
1393 1021 1515 1075 qum.
1552 1006 1602 1058 in
1665 1005 1803 1059 libro
1835 1001 2021 1056 Enoch

452 1094 724 1162 leguntur.

450 1302 539 1360 Vl.
582 1303 793 1357 Pascha
842 1320 946 1359 non
983 1304 1086 1357 nisi
1133 1315 1250 1371 post
1299 1313 1621 1356 transactum
1651 1299 2025 1369 wquinoctium

570 1443 579 1451 ‘
1014 1373 1401 1429 celebrandum.

418 1552 425 1559 θ
523 1483 587 1535 Et
637 1483 757 1537 ideo
823 1483 876 1537 in
934 1484 1036 1539 hac
1106 1484 1526 1539 concordatione
1592 1483 1724 1537 solis
1781 1491 1835 1537 et
1884 1482 2026 1535 lunze

448 1572 659 1628 Pascha
689 1590 795 1628 non
823 1586 905 1630 est
941 1575 1361 1640 immolandum,
1401 1574 1528 1644 quia
1554 1574 1796 1643 quandiu
1832 1573 1884 1625 in
1922 1573 2023 1625 hoc

449 1682 613 1720 cursu
671 1667 1173 1735 deprehenduntur,
1229 1668 1577 1722 tenebrarum
1641 1675 1885 1736 potestas
1914 1680 2018 1717 non

447 1768 533 1811 est
568 1758 739 1824 victa;
784 1769 837 1812 et
884 1760 1125 1828 quandiu
1159 1760 1443 1828 aequalitas
1470 1759 1611 1812 inter
1634 1759 1806 1811 lucem
1840 1765 1893 1811 et
1931 1766 2013 1810 te-

449 1853 648 1907 nebras
675 1853 951 1922 perdurat,
980 1869 1082 1907 nec
1116 1868 1146 1905 a
1196 1853 1315 1906 luce
1339 1850 1629 1913 diminuta,
1672 1848 1879 1903 Pascha
1914 1863 2020 1900 non

448 1959 571 1997 esse
633 1944 1029 1998 immolandum
1070 1944 1395 1999 ostenditur.
1462 1943 1669 1997 Idcirco
1717 1956 1849 2011 ergo
1900 1951 2024 2010 post

449 2038 837 2106 mquinoctium
905 2036 1110 2091 Pascha
1172 2036 1443 2091 immolari
1505 2035 1839 2105 prazcipitur,
1894 2033 2021 2102 quia

450 2144 537 2181 xrv
571 2128 697 2182 luna
725 2139 849 2182 ante
879 2129 1289 2196 :equinoctiuin,
1329 2138 1383 2182 et
1412 2129 1465 2180 in
1500 2126 1828 2196 mquinoctio
1857 2134 2022 2179 totam

452 2230 663 2273 noctem
703 2237 809 2274 non
859 2222 1066 2289 implet.
1120 2220 1249 2274 Post
1300 2220 1686 2289 aequinoctium
1728 2232 1860 2272 vero
1895 2218 2022 2271 luna

449 2326 540 2363 xiv
572 2326 677 2363 una
706 2311 793 2365 die
823 2311 1053 2379 adjecta,
1088 2310 1234 2380 quod
1271 2320 1353 2365 est
1383 2309 1693 2379 aequinoctii
1719 2321 2024 2379 transgres-

448 2416 565 2465 sus,
604 2402 730 2455 licet
779 2402 845 2455 ad
897 2417 1085 2455 verum
1119 2401 1324 2463 lumen,
1360 2401 1410 2454 id
1473 2410 1557 2455 est
1605 2409 1781 2453 ortum
1820 2399 1950 2453 solis
1972 2407 2027 2455 et

447 2493 555 2547 diei
606 2493 933 2563 principium
967 2508 1074 2545 non
1105 2492 1467 2560 pertenderit;
1496 2500 1675 2545 tamen
1708 2501 1831 2560 post
1858 2506 1917 2545 se
1941 2499 2024 2545 te-

450 2585 653 2640 nebras
704 2602 811 2640 non
862 2586 1219 2653 derelinquet.
1284 2583 1409 2642 Ideo
1468 2598 1599 2645 ergo
1650 2592 1856 2651 septem
1909 2582 2025 2637 dies

449 2692 766 2747 azymorum
803 2676 868 2729 ad
912 2676 1301 2730 immolandum
1355 2676 1565 2731 Pascha
1625 2674 1796 2746 Moysi
1846 2690 1876 2728 a
1929 2674 2027 2728 Do-

449 2768 600 2819 mino
629 2766 888 2821 custodiri
915 2765 1200 2836 jubentur,
1249 2773 1308 2819 ut
1344 2766 1396 2818 in
1434 2765 1568 2834 ipsis
1596 2765 1742 2818 nulla
1774 2765 2021 2818 tenebra-

452 2874 571 2912 rum
609 2868 845 2927 pctcstas
876 2857 1053 2911 lucem
1078 2856 1393 2925 supergredi
1437 2857 1762 2909 inveniatur.
1808 2853 1874 2909 Et
1902 2856 2027 2908 licet

2043 1227 2110 1238 .--

2138 541 2462 612 περιῄρηται
2512 540 2608 610 μὲν
2667 540 2726 593 τὸ
2771 540 2863 592 ἐπὶ
2915 540 3008 593 τοῦ
3071 538 3349 603 Μωῦσέως
3408 539 3557 609 νόμῳ
3602 542 3699 593 κά-

2132 632 2341 704 λυμμα*
2393 632 2903 704 ἀνακεκαλυμμένῳ
2947 632 3003 685 δὲ
3064 631 3141 703 τῷ
3190 631 3464 703 προσώπῳ
3522 630 3701 685 λοιπὸν

2133 724 2229 794 ἤδη
2287 724 2521 797 Χριστὸν
2569 725 2663 776 καὶ
2708 724 2775 777 τὰ
2830 723 3064 795 Χριστοῦ
3120 723 3207 777 ἀεὶ
3253 723 3703 796 κατοπτρίζεσθαι

2133 812 2431 885 μαθήματά
2470 831 2527 866 τε
2582 814 2675 866 καὶ
2727 812 3055 885 παθήματα.
3113 812 3218 866 Τοῦ
3263 813 3319 866 δὲ
3354 814 3444 866 τὸν
3490 813 3702 886 πρῶτον

2130 906 2258 975 παρ’
2325 904 2596 976 Ἑϐραίοις
2655 905 2800 976 μῆνα
2860 904 2989 977 περὶ
3046 905 3334 975 ἰσημερίαν
3394 901 3555 971 εἶναι,
3594 924 3702 958 πα-

2134 997 2432 1065 ραστατικὰ
2502 998 2595 1049 καὶ
2672 996 2741 1050 τὰ
2812 998 2869 1051 ὲν
2940 997 3016 1067 τῷ
3096 996 3267 1067 Ἑνὼχ
3340 996 3451 1068 (26)
3526 997 3701 1068 μαθή-

2133 1106 2296 1158 ματα.

2133 1302 2185 1347 et
2218 1306 2322 1343 non
2357 1297 2441 1343 est
2482 1288 2910 1343 communicatio
2956 1288 3061 1342 luci
3108 1304 3233 1343 cum
3265 1289 3522 1343 tenebris.
3564 1288 3627 1341 Et
3659 1289 3705 1345 si

2135 1383 2189 1436 in
2234 1382 2393 1436 tertia
2449 1381 2631 1450 vigilia
2691 1381 2815 1434 luna
2845 1382 3138 1443 scanderit,
3191 1397 3296 1436 non
3344 1394 3427 1435 est
3475 1381 3704 1435 dubium

2134 1476 2316 1528 lunam
2354 1490 2466 1527 xxii
2498 1474 2580 1527 vel
2634 1489 2770 1526 xxiii
2820 1474 3001 1526 lunam
3053 1482 3321 1541 exortam,
3376 1475 3428 1527 in
3464 1490 3573 1543 qua
3610 1490 3707 1529 ve—

2133 1582 2254 1619 rum
2292 1564 2499 1619 Pascha
2535 1580 2643 1618 non
2677 1572 2761 1618 est
2793 1564 3048 1633 possibile
3099 1564 3391 1619 immolari.
3418 1563 3556 1619 Nam
3604 1566 3701 1635 qui

2132 1659 2231 1712 bac
2265 1666 2423 1711 :etate
2474 1658 2619 1710 luna:
2671 1655 2879 1711 Pascha
2912 1656 3181 1710 definiunt
3213 1658 3372 1727 po‘sse
3414 1658 3707 1719 celebrari,

2125 1765 2233 1804 non
2266 1750 2441 1804 solum
2471 1749 2599 1803 illud
2623 1751 2945 1821 auctoritate
2981 1748 3178 1802 divina:
3222 1748 3521 1818 Scriptura:
3554 1750 3702 1804 alIir-

2126 1856 2275 1894 tnare
2308 1855 2415 1894 non
2452 1850 2703 1909 possunt,
2742 1842 2835 1895 sed
2868 1848 2922 1893 et
2955 1839 3225 1909 sacrilegii
3255 1850 3309 1893 et
3331 1842 3699 1895 contumaciae

2127 1936 2333 1990 crimen
2357 1972 2373 1995 ,
2408 1942 2463 1987 et
2494 1935 2800 1987 animarum
2847 1931 3147 2001 periculum
3190 1932 3512 1999 incurrunt;
3571 1932 3707 1987 dum

2128 2026 2400 2081 afﬁrmant
2454 2043 2634 2079 veram
2672 2027 2845 2080 lucem
2883 2042 3043 2095 posse
3104 2025 3376 2079 immolari
3425 2041 3550 2080 cum
3599 2027 3709 2080 ali-

2127 2131 2234 2185 qua
2268 2114 2639 2169 dominatione
2696 2114 3065 2180 tenebrarum,
3124 2131 3245 2185 quae
3292 2116 3549 2170 omnibus
3600 2118 3707 2172 do-

2132 2209 2392 2262 minetur.

2131 2323 2265 2378 Vlll.
2309 2321 2506 2377 Contra
2540 2324 2794 2393 quosdam
2823 2322 3015 2377 Gallia:
3058 2325 3418 2392 computislas,
3453 2325 3542 2393 qui
3577 2324 3709 2377 luna

2308 2410 2399 2447 xxt
2428 2404 2476 2447 et
2510 2409 2621 2446 xxii
2650 2392 2860 2447 Pascha
2890 2394 3180 2463 legitimum
3213 2392 3539 2448 sanciebant.

2201 2485 2365 2556 Igitur
2401 2502 2508 2539 non
2534 2495 2618 2539 est
2651 2484 2779 2539 huic
2828 2485 3119 2539 assertioni
3162 2486 3522 2547 contrarium,
3560 2484 3711 2539 sicut

2129 2578 2352 2649 quidam
2384 2578 2572 2632 Galliae
2606 2576 2777 2647 partis
2832 2576 3160 2645 computarii
3213 2575 3516 2642 afﬁrmant,
3566 2577 3707 2630 illud

2130 2671 2275 2739 quod
2308 2671 2361 2724 in
2397 2669 2583 2725 Exodo
2611 2669 2841 2737 legitur:
2882 2667 3068 2721 Primo
3094 2684 3283 2732 mense,
3321 2684 3411 2721 xiv
3440 2668 3526 2721 die
3558 2684 3710 2721 meu-

2119 2761 2200 2830 sis
2230 2761 2386 2828 primi
2416 2760 2484 2812 ad
2537 2774 2804 2828 vesperum
2860 2758 3138 2811 cornedetis
3172 2775 3379 2828 azyma,
3437 2775 3600 2827 usque
3634 2760 3708 2811 ad

2129 2852 2431 2905 vicesimum
2480 2852 2709 2920 primum
2758 2851 2897 2904 diem
2940 2853 3128 2905 mensis
3173 2854 3240 2903 ad
3272 2868 3558 2920 vesperum.
3608 2849 3708 2904 Se-

451 2960 687 3019 quatuor
713 2950 950 3004 noctium
980 2950 1193 3005 initium
1233 2952 1594 3012 tenebrescat,
1645 2950 1694 3003 id
1728 2958 1810 3005 est
1840 2965 1945 3001 xvn
1968 2961 2019 3003 et
2048 2957 2089 3011 ε
2121 2952 2257 3012 ptem
2308 2942 2490 2996 diebus
2541 2942 2853 3011 fermentum
2877 2958 2977 2996 non
3026 2943 3318 2997 invenietur
3349 2944 3402 2997 in
3452 2945 3706 2999 domibus

451 3060 583 3097 xvut
615 3052 669 3098 et
700 3059 810 3109 xix,
861 3054 913 3099 et
941 3061 1033 3106 xx,
1083 3057 1261 3099 tamen
1297 3045 1556 3112 vigesima
1590 3046 1713 3098 luna
1769 3045 2019 3098 tenebras

450 3136 669 3191 extendi
696 3151 872 3206 usque
921 3137 989 3191 ad
1026 3137 1201 3192 noctis
1236 3137 1472 3190 medium
1512 3146 1637 3189 ante
1683 3146 1873 3191 exorta
1910 3150 2016 3189 non

450 3229 725 3295 permittit.

453 3341 562 3397 VII.
620 3341 828 3395 Pascha
882 3340 1150 3395 immolari
1194 3343 1320 3395 luna
1378 3357 1487 3394 χχιι
1530 3358 1630 3395 non
1678 3341 1787 3395 vult
1818 3342 2019 3394 Anato-

1158 3412 1279 3466 (ius.

522 3501 687 3556 Nobis
740 3512 943 3566 autem,
994 3504 1193 3572 quibus
1257 3503 1590 3572 impossibile
1649 3512 1732 3557 est
1790 3512 1845 3556 ut
1906 3504 2018 3556 haec

450 3594 634 3648 omnia
661 3609 769 3647 uno
798 3595 1101 3663 eodemque
1136 3605 1376 3663 tempore
1399 3606 1521 3664 apte
1565 3595 1802 3657 veniant,
1856 3595 1907 3648 id
1937 3604 2020 3648 est

452 3686 583 3736 luna
608 3698 695 3736 xiv
728 3690 783 3736 et
818 3682 935 3737 dies
974 3681 1278 3745 Dominica,
1330 3682 1660 3751 aequinoctio
1704 3690 2015 3745 transacto;

451 3783 505 3831 et
537 3789 678 3845 quos
731 3773 1029 3829 necessitas
1083 3772 1376 3827 Dominicae
1422 3772 1840 3826 resurrectionis
1886 3786 2018 3825 con-

452 3864 690 3935 stringit,
725 3872 787 3919 ut
837 3866 891 3919 in
934 3864 1021 3919 die
1065 3862 1345 3919 Duniinica
1394 3863 1601 3917 Pascha
1641 3863 2018 3922 immolemus;

453 3960 774 4015 conceditur
800 3966 859 4012 ut
890 3972 1061 4025 usque
1114 3954 1179 4007 ad
1213 3954 1526 4008 vicesimam
1586 3952 1771 4005 lunam
1822 3951 2019 4021 princi-

455 4052 607 4120 pium
639 4059 842 4105 nostraa
876 4047 1238 4103 solemnitatis
1286 4044 1663 4099 extendamus.
1690 4042 1829 4108 Quia
1873 4043 2018 4095 vice-

454 4144 592 4198 sima
641 4145 766 4198 luna
790 4144 917 4199 licet
945 4152 1108 4199 totam
1144 4150 1357 4197 noctem
1407 4156 1513 4195 non
1563 4139 1802 4209 impleat,
1839 4148 2017 4191 tamen

453 4236 507 4289 in
542 4236 779 4289 secunda
830 4234 1010 4305 vigilia
1060 4244 1245 4288 exorta
1295 4232 1556 4299 majorem
1610 4230 1785 4283 noctis
1813 4238 2017 4297 partem

2128 3032 2310 3088 vestris
2337 3033 2377 3085 ί.
2413 3030 2563 3086 Unde
2593 3031 2863 3085 afﬁrmant
2888 3031 3094 3086 Pascha
3122 3033 3175 3086 in
3224 3034 3482 3087 vicesima
3519 3034 3704 3101 prima

2128 3126 2253 3179 luna
2285 3139 2445 3193 posse
2502 3124 2809 3189 immolari;
2869 3125 3252 3195 intelligentes,
3288 3125 3432 3195 quod
3488 3126 3531 3179 si
3572 3126 3705 3180 luna

2128 3232 2241 3269 xxii
2272 3216 2481 3283 adjecta
2514 3214 2697 3280 fuerit,
2721 3233 2815 3270 vnn
2843 3217 2961 3271 dies
2981 3232 3297 3288 azymorum
3328 3218 3706 3276 inveniantur.

2128 3310 2284 3375 Quod
2334 3313 2386 3362 in
2444 3308 2621 3363 Veteri
2689 3311 2907 3379 quidem
2956 3310 3306 3365 Testamento
3364 3329 3472 3366 non
3521 3323 3710 3382 potest

2128 3400 2480 3471 probabiliter
2510 3402 2762 3462 inveniri,
2811 3401 3039 3456 Domino
3091 3417 3185 3470 per
3218 3401 3458 3472 Moysem
3508 3406 3705 3472 praeci-

2129 3493 2359 3560 piente:
2421 3489 2631 3560 Septem
2686 3491 2868 3544 diebus
2930 3493 3206 3545 comedetis
3264 3509 3454 3561 azyma
3502 3496 3542 3545 ¹.
3586 3492 3707 3548 Nisi

2130 3585 2269 3639 forte
2299 3585 2368 3640 ab
2412 3585 2493 3640 eis
2544 3585 2790 3640 decimus
2817 3601 3043 3655 quartus
3068 3588 3184 3640 dies
3222 3589 3274 3641 in
3335 3590 3541 3658 azymis
3573 3606 3704 3644 cum

2131 3676 2351 3731 Pascha:
2404 3677 2778 3732 immolatione
2848 3694 2953 3731 non
3010 3690 3437 3745 annumeretur;
3508 3692 3704 3735 contra

2130 3767 2402 3839 Evangelii
2430 3770 2658 3836 dictum,
2689 3770 2955 3825 dicentis:
3000 3770 3181 3823 Prima
3211 3782 3387 3825 autem
3442 3774 3526 3826 die
3580 3791 3707 3843 azy-

2130 3877 2331 3913 morum
2372 3860 2701 3915 accesserunt
2754 3863 3003 3930 discipuli
3036 3864 3105 3915 ad
3136 3862 3315 3917 Iesum
3344 3865 3383 3918 ³.
3425 3865 3566 3931 Quin
3611 3868 3710 3919 du-

2131 3952 2277 4005 bium
2327 3967 2435 4006 non
2468 3964 2571 4019 est,
2600 3954 2731 4020 quin
2758 3970 2848 4007 xiv
2895 3954 3013 4009 dies
3069 3956 3159 4018 sit,
3209 3956 3261 4008 in
3300 3972 3409 4024 quo
3450 3957 3707 4025 discipuli

2133 4045 2419 4100 Dominum
2450 4046 2925 4117 interrogaverunt
2964 4047 3264 4101 secundum
3321 4064 3528 4102 morem
3556 4050 3707 4102 anti-

2129 4139 2312 4207 quitus
2372 4138 2475 4191 sibi
2526 4139 2881 4193 constitutum
2938 4158 2950 4193 :
3028 4137 3125 4191 Ubi
3179 4141 3253 4192 vis
3310 4157 3553 4208 paremus
3599 4142 3698 4195 tibi

2130 4232 2393 4283 comedere
2423 4230 2674 4284 Pascha?
2704 4229 2807 4283 Sed
2838 4230 2958 4284 ideo
2993 4230 3135 4285 hanc
3168 4231 3527 4301 adjectionem
3563 4232 3703 4285 auir-

454 4325 748 4380 illuminat.
780 4324 940 4379 Certe
1003 4326 1048 4380 si
1085 4342 1259 4394 usque
1313 4325 1378 4378 ad
1430 4325 1659 4378 duarum
1713 4321 2018 4391 vigiliarum
2054 4316 2099 4373 Ι)
2129 4333 2300 4385 mant,
2326 4322 2418 4391 qui
2447 4323 2498 4375 iu
2525 4323 2628 4376 hoc
2648 4336 2833 4375 errore
2864 4321 3227 4389 decipiuntur,
3260 4323 3385 4391 quia
3420 4325 3701 4389 nesciunt,

454 4415 769 4481 terminum,
813 4416 958 4486 quod
1008 4426 1091 4468 est
1139 4414 1315 4469 noctis
1359 4414 1618 4476 medium,
1671 4422 1823 4467 ortus
1878 4414 2019 4468 lunae

454 4506 782 4569 tardaverit,
837 4521 945 4559 non
992 4505 1082 4558 lux
1118 4504 1389 4564 tenebras.
1432 4504 1523 4558 sed
1571 4504 1805 4558 tenebrae
1841 4505 2015 4558 lucem

456 4605 735 4664 superant.
765 4595 921 4661 Quod
946 4607 1151 4649 certum
1184 4605 1265 4650 est
1298 4596 1349 4648 in
1379 4593 1584 4649 Pascha
1615 4609 1721 4647 non
1746 4611 1868 4649 esse
1893 4610 2017 4664 pns-

457 4687 634 4751 sibile,
666 4695 726 4740 ut
754 4686 935 4756 aliqua
966 4702 1091 4756 pars
1124 4687 1468 4741 tenebrarum
1503 4686 1610 4739 luci
1663 4686 2014 4740 dominetur:

456 4778 583 4848 quia
610 4777 925 4833 solemnitas
966 4776 1261 4832 Dominicte
1310 4775 1726 4831 resurrectionis
1754 4776 1847 4830 lux
1890 4788 2012 4841 est;

526 4941 742 4997 ‘Exod.
788 4958 885 5006 xu,
947 4940 1033 5005 18,
1090 4938 1174 4993 l9.

528 5136 642 5205 (25)
693 5135 883 5201 "mag
940 5136 1039 5190 ἀπ’
1072 5135 1287 5189 αὐτῶν.
1346 5134 1525 5190 Nostri
1570 5135 1812 5205 quinque
1867 5136 2018 5189 codi-

457 5222 549 5260 ces
605 5204 723 5275 uno
763 5220 1035 5261 consensu
1106 5207 1367 5275 scriptum
1424 5206 1625 5260 habent
1680 5204 1810 5267 ὔλας
1855 5205 2022 5257 ἁπαι-

457 5275 600 5330 τῶν
638 5274 730 5346 sed
781 5275 835 5328 in
889 5277 1075 5331 codice
1126 5274 1295 5346 Regio
1343 5277 1529 5330 eadem
1588 5291 1752 5346 inanti
1795 5274 2022 5346 adnota—

457 5355 568 5407 tur,
621 5345 968 5401 scribendum
1019 5362 1141 5402 esse
1184 5344 1279 5400 ἄπ’
1309 5347 1509 5399 αὐτῶν.
1573 5344 1731 5400 Certe
1784 5346 1880 5397 ἀπ’
1926 5345 2022 5396 αὑ-

459 5416 567 5469 τῶν
597 5415 883 5485 legendum
930 5432 1069 5478 esse.
1123 5432 1187 5470 ex
1222 5417 1573 5484 sequentibus
1612 5423 1852 5484 apparet.
1905 5412 2017 5467 Nisi

460 5488 604 5539 enim
631 5486 704 5555 ita
730 5486 946 5554 legeris.
981 5501 1090 5555 quo
1144 5485 1353 5555 referes
1402 5502 1464 5539 ea
1488 5527 1518 5555 ,_
1554 5502 1676 5554 quin
1715 5494 2020 5553 sequuntur

463 5556 647 5635 verba,
669 5548 744 5607 ὧν
777 5548 1124 5637 εἶτεριῄρτίται,
1155 5555 1300 5610 etc.?
1330 5553 1434 5609 Sed
1463 5548 1609 5637 nilne
1660 5571 1718 5637 re
1761 5548 2019 5637 attentius

461 5617 794 5689 examinata,
852 5617 1197 5681 scribendum
1249 5640 1444 5680 censeo
1494 5624 1621 5688 ὔλας
1650 5624 1928 5678 ἀπαιτῶν
1977 5617 2021 5689 ᾦ

463 5694 809 5766 περιῄρηται.
834 5704 938 5749 etc.
972 5695 1131 5753 ldnue
1160 5706 1215 5753 et
1240 5711 1455 5764 sensus,
1479 5704 1533 5751 et
1562 5703 1853 5765 syntaxeos
1884 5695 2021 5751 ratio

461 5764 717 5836 postulat.
762 5764 958 5820 γωδ.

1254 4940 1274 4969 ²
1306 4938 1435 4992 ibid.
1493 4938 1597 5005 15;
1634 4940 1802 4993 Levit.
1842 4956 1998 5003 xxiii,
2040 4942 2092 4996 6.

2128 4432 2223 4468 xm
2259 4423 2313 4468 et
2365 4431 2474 4480 xrv,
2508 4430 2597 4467 xrv
2628 4422 2682 4467 et
2729 4430 2816 4479 xv,
2848 4430 2915 4467 xv
2968 4424 3022 4467 ct
3050 4430 3159 4480 xvr,
3196 4430 3281 4467 xv1
3332 4424 3385 4468 et
3418 4430 3549 4477 xvii,
3590 4432 3699 4469 xvu

2125 4517 2177 4561 et
2212 4522 2341 4561 xvnt
2365 4546 2380 4568 ,
2432 4522 2563 4560 xvm
2607 4515 2663 4561 et
2711 4522 2823 4569 χιι,
2852 4522 2945 4559 xrx
2972 4516 3025 4560 et
3050 4523 3140 4569 xx,
3169 4523 3237 4559 xx
3264 4516 3317 4560 et
3369 4522 3480 4570 xxi,
3514 4507 3699 4560 lunam

2128 4600 2506 4666 probatissime
2558 4600 2611 4652 in
2646 4616 2755 4653 uno
2799 4599 2885 4653 die
2923 4599 3172 4653 inveniri.
3236 4597 3423 4654 Omnis
3462 4616 3703 4670 namque

2124 4689 2239 4742 dies
2264 4688 2315 4740 in
2348 4688 2489 4742 lunae
2513 4689 2936 4757 computatione,
2968 4704 3075 4741 non
3104 4689 3293 4743 eodem
3328 4704 3555 4743 numero
3588 4707 3701 4760 quo

2125 4794 2283 4833 mane
2310 4779 2575 4846 initiatur,
2599 4781 2665 4833 ad
2698 4795 2979 4849 vesperum
3020 4780 3207 4838 linitur
3240 4799 3253 4833 :
3284 4782 3413 4851 quia
3438 4782 3555 4836 dies
3576 4799 3701 4852 qua:

2173 4944 2192 4975 ³
2229 4943 2418 4999 Matth.
2449 4960 2595 5007 xxvr,
2627 4944 2721 5010 l7;
2753 4942 2917 4999 Marc.
2944 4960 3053 5009 xiv,
3085 4945 3189 5011 12;
3228 4944 3363 4999 Luc.
3400 4960 3537 5007 xxu,
3568 4945 3619 4997 7.

2200 5137 2311 5206 (26)
2377 5140 2471 5191 Ἐν
2506 5138 2582 5205 τῷ
2618 5136 2812 5207 Ἑνώχ.
2850 5136 3011 5191 Liber
3041 5135 3225 5191 Enoch
3274 5136 3473 5192 citatur
3498 5153 3528 5191 a
3559 5137 3696 5193 Juila

2129 5208 2180 5261 in
2211 5207 2451 5277 Epistula
2486 5211 2765 5264 canonica.
2826 5208 2954 5261 Erat
3006 5208 3141 5260 liber
3178 5210 3541 5278 apocryphus,
3597 5227 3697 5263 nec

2125 5278 2267 5332 inter
2320 5280 2613 5333 canonicos
2664 5278 3011 5333 Hebraeorum
3060 5278 3227 5331 libros
3280 5287 3557 5346 receptus.
3591 5281 3697 5333 Sed

2127 5357 2305 5400 tamen
2344 5350 2592 5418 apostoli,
2627 5365 2927 5417 eorumque
2959 5348 3206 5415 exemplo
3233 5349 3443 5416 antiqui
3478 5346 3690 5410 Patres,

2124 5419 2435 5473 testimonia
2463 5436 2527 5473 ex
2559 5419 2883 5489 apocryphis
2916 5418 3159 5489 proferre
3195 5434 3301 5489 non
3336 5418 3691 5489 dubitarunt:

2124 5502 2184 5541 ca
2212 5489 2439 5549 scilicet,
2474 5503 2595 5555 quae
2636 5489 2701 5542 ad
2730 5487 3083 5542 astruendam
3116 5488 3396 5541 veritatem
3429 5487 3693 5551 facerent,

2125 5573 2193 5627 ex
2256 5559 2321 5612 iis
2369 5560 2648 5627 eligentes.
2714 5558 2844 5611 Vide
2914 5557 3204 5625 Georgium
3271 5556 3580 5627 Synccllum
3641 5560 3693 5613 in

2128 5626 2407 5699 Chronico,
2442 5626 2531 5699 ubi
2564 5628 2898 5684 luculentum
2949 5626 3323 5699 fragmentum
3353 5627 3512 5684 ull‘ert
3539 5644 3606 5683 ex
3629 5629 3696 5684 li-

2126 5698 2241 5755 bris
2266 5697 2470 5754 Enocli.
2506 5694 2581 5752 In.
