  <div class='ocr_page' id='page_1' title='image "/cluster/home/n/w/nwhite01/storage/ocr_20150623/10/hvd.32044019207620/114.png"; bbox 0 0 3882 6492; ppageno 0'>
   <div class='ocr_carea' id='block_1_1' title="bbox 144 362 234 417">
    <p class='ocr_par' dir='ltr' id='par_1_1' title="bbox 144 362 234 417">
     <span class='ocr_line' id='line_1_1' title="bbox 144 362 234 417; baseline 0 -1"><span class='ocrx_word' id='word_1_1' title='bbox 144 362 234 417; x_wconf 74' lang='grc' dir='ltr'><strong>ΞΠ</strong></span> 
     </span>
    </p>
   </div>
   <div class='ocr_carea' id='block_1_2' title="bbox 150 576 1696 647">
    <p class='ocr_par' dir='ltr' id='par_1_2' title="bbox 150 576 1696 647">
     <span class='ocr_line' id='line_1_2' title="bbox 150 576 1696 647; baseline 0 -15"><span class='ocrx_word' id='word_1_2' title='bbox 150 580 296 638; x_wconf 65' lang='lat' dir='ltr'><strong>horae,</strong></span> <span class='ocrx_word' id='word_1_3' title='bbox 335 589 431 628; x_wconf 77' lang='lat' dir='ltr'><strong>sui</strong></span> <span class='ocrx_word' id='word_1_4' title='bbox 467 584 882 640; x_wconf 76' lang='lat' dir='ltr'><strong>annumeratur,</strong></span> <span class='ocrx_word' id='word_1_5' title='bbox 939 576 1128 630; x_wconf 90' lang='lat' dir='ltr'><strong>eadem</strong></span> <span class='ocrx_word' id='word_1_6' title='bbox 1186 578 1251 630; x_wconf 88' lang='lat' dir='ltr'><strong>ad</strong></span> <span class='ocrx_word' id='word_1_7' title='bbox 1290 593 1573 647; x_wconf 86' lang='lat' dir='ltr'><strong>vesperum</strong></span> <span class='ocrx_word' id='word_1_8' title='bbox 1610 596 1696 632; x_wconf 84' lang='lat' dir='ltr'><strong>xiv</strong></span> 
     </span>
    </p>
   </div>
   <div class='ocr_carea' id='block_1_3' title="bbox 152 667 1697 739">
    <p class='ocr_par' dir='ltr' id='par_1_3' title="bbox 152 667 1697 739">
     <span class='ocr_line' id='line_1_3' title="bbox 152 667 1697 739; baseline 0.001 -16"><span class='ocrx_word' id='word_1_9' title='bbox 152 670 420 723; x_wconf 76' lang='lat' dir='ltr'><strong>invenitur.</strong></span> <span class='ocrx_word' id='word_1_10' title='bbox 469 667 624 723; x_wconf 87' lang='lat' dir='ltr'><strong>Unde</strong></span> <span class='ocrx_word' id='word_1_11' title='bbox 670 683 801 737; x_wconf 77' lang='lat' dir='ltr'><strong>ergo</strong></span> <span class='ocrx_word' id='word_1_12' title='bbox 833 677 886 722; x_wconf 91' lang='lat' dir='ltr'><strong>et</strong></span> <span class='ocrx_word' id='word_1_13' title='bbox 914 667 1123 722; x_wconf 84' lang='lat' dir='ltr'><strong>Pascha</strong></span> <span class='ocrx_word' id='word_1_14' title='bbox 1157 684 1333 739; x_wconf 88' lang='lat' dir='ltr'><strong>usque</strong></span> <span class='ocrx_word' id='word_1_15' title='bbox 1393 670 1461 724; x_wconf 88' lang='lat' dir='ltr'><strong>ad</strong></span> <span class='ocrx_word' id='word_1_16' title='bbox 1519 688 1605 723; x_wconf 69' lang='lat' dir='ltr'><strong>xx:</strong></span> <span class='ocrx_word' id='word_1_17' title='bbox 1645 672 1697 725; x_wconf 93' lang='lat' dir='ltr'><strong>in</strong></span> 
     </span>
    </p>
   </div>
   <div class='ocr_carea' id='block_1_4' title="bbox 151 760 1699 831">
    <p class='ocr_par' dir='ltr' id='par_1_4' title="bbox 151 760 1699 831">
     <span class='ocr_line' id='line_1_4' title="bbox 151 760 1699 831; baseline 0 -16"><span class='ocrx_word' id='word_1_18' title='bbox 151 776 407 831; x_wconf 82' lang='lat' dir='ltr'><strong>vesperum</strong></span> <span class='ocrx_word' id='word_1_19' title='bbox 451 760 671 815; x_wconf 85' lang='lat' dir='ltr'><strong>extendi</strong></span> <span class='ocrx_word' id='word_1_20' title='bbox 714 761 1057 831; x_wconf 62' lang='lat' dir='ltr'><strong>praccipitur;</strong></span> <span class='ocrx_word' id='word_1_21' title='bbox 1092 776 1214 829; x_wconf 71' lang='lat' dir='ltr'><strong>qum</strong></span> <span class='ocrx_word' id='word_1_22' title='bbox 1270 777 1431 815; x_wconf 84' lang='lat' dir='ltr'><strong>inane</strong></span> <span class='ocrx_word' id='word_1_23' title='bbox 1460 761 1580 816; x_wconf 85' lang='lat' dir='ltr'><strong>sine</strong></span> <span class='ocrx_word' id='word_1_24' title='bbox 1600 762 1699 815; x_wconf 82' lang='lat' dir='ltr'><strong>du-</strong></span> 
     </span>
    </p>
   </div>
   <div class='ocr_carea' id='block_1_5' title="bbox 152 853 1699 923">
    <p class='ocr_par' dir='ltr' id='par_1_5' title="bbox 152 853 1699 923">
     <span class='ocr_line' id='line_1_5' title="bbox 152 853 1699 923; baseline -0.001 -13"><span class='ocrx_word' id='word_1_25' title='bbox 152 855 246 921; x_wconf 88' lang='lat' dir='ltr'><strong>bio,</strong></span> <span class='ocrx_word' id='word_1_26' title='bbox 285 853 333 907; x_wconf 89' lang='lat' dir='ltr'><strong>id</strong></span> <span class='ocrx_word' id='word_1_27' title='bbox 361 862 444 908; x_wconf 87' lang='lat' dir='ltr'><strong>est</strong></span> <span class='ocrx_word' id='word_1_28' title='bbox 492 869 666 922; x_wconf 86' lang='lat' dir='ltr'><strong>usque</strong></span> <span class='ocrx_word' id='word_1_29' title='bbox 691 854 758 907; x_wconf 90' lang='lat' dir='ltr'><strong>ad</strong></span> <span class='ocrx_word' id='word_1_30' title='bbox 781 869 904 907; x_wconf 86' lang='lat' dir='ltr'><strong>eum</strong></span> <span class='ocrx_word' id='word_1_31' title='bbox 936 869 1098 923; x_wconf 86' lang='lat' dir='ltr'><strong>quem</strong></span> <span class='ocrx_word' id='word_1_32' title='bbox 1151 853 1389 909; x_wconf 75' lang='lat' dir='ltr'><strong>diximus</strong></span> <span class='ocrx_word' id='word_1_33' title='bbox 1443 856 1699 908; x_wconf 84' lang='lat' dir='ltr'><strong>horarum</strong></span> 
     </span>
    </p>
   </div>
   <div class='ocr_carea' id='block_1_6' title="bbox 154 946 1701 1017">
    <p class='ocr_par' dir='ltr' id='par_1_6' title="bbox 154 946 1701 1017">
     <span class='ocr_line' id='line_1_6' title="bbox 154 946 1701 1017; baseline -0.001 -17"><span class='ocrx_word' id='word_1_34' title='bbox 154 946 440 1007; x_wconf 89' lang='lat' dir='ltr'><strong>terminum,</strong></span> <span class='ocrx_word' id='word_1_35' title='bbox 491 962 563 999; x_wconf 84' lang='lat' dir='ltr'><strong>xx</strong></span> <span class='ocrx_word' id='word_1_36' title='bbox 618 946 939 1017; x_wconf 86' lang='lat' dir='ltr'><strong>habebatur.</strong></span> <span class='ocrx_word' id='word_1_37' title='bbox 970 946 1235 1015; x_wconf 82' lang='lat' dir='ltr'><strong>Computa</strong></span> <span class='ocrx_word' id='word_1_38' title='bbox 1267 961 1396 1015; x_wconf 78' lang='lat' dir='ltr'><strong>ergo</strong></span> <span class='ocrx_word' id='word_1_39' title='bbox 1425 962 1455 999; x_wconf 89' lang='lat' dir='ltr'><strong>a</strong></span> <span class='ocrx_word' id='word_1_40' title='bbox 1489 946 1594 1000; x_wconf 84' lang='lat' dir='ltr'><strong>ﬁne</strong></span> <span class='ocrx_word' id='word_1_41' title='bbox 1626 963 1701 999; x_wconf 75' lang='lat' dir='ltr'><strong>sn</strong></span> 
     </span>
    </p>
   </div>
   <div class='ocr_carea' id='block_1_7' title="bbox 154 1037 1703 1106">
    <p class='ocr_par' dir='ltr' id='par_1_7' title="bbox 154 1037 1703 1106">
     <span class='ocr_line' id='line_1_7' title="bbox 154 1037 1703 1106; baseline 0 -15"><span class='ocrx_word' id='word_1_42' title='bbox 154 1038 295 1102; x_wconf 70' lang='lat' dir='ltr'><strong>lunae,</strong></span> <span class='ocrx_word' id='word_1_43' title='bbox 325 1037 467 1106; x_wconf 83' lang='lat' dir='ltr'><strong>quod</strong></span> <span class='ocrx_word' id='word_1_44' title='bbox 498 1048 583 1092; x_wconf 90' lang='lat' dir='ltr'><strong>est</strong></span> <span class='ocrx_word' id='word_1_45' title='bbox 604 1038 818 1091; x_wconf 92' lang='lat' dir='ltr'><strong>initium</strong></span> <span class='ocrx_word' id='word_1_46' title='bbox 840 1054 951 1101; x_wconf 83' lang='lat' dir='ltr'><strong>xlv,</strong></span> <span class='ocrx_word' id='word_1_47' title='bbox 969 1038 1035 1093; x_wconf 90' lang='lat' dir='ltr'><strong>ad</strong></span> <span class='ocrx_word' id='word_1_48' title='bbox 1056 1040 1215 1091; x_wconf 82' lang='lat' dir='ltr'><strong>linem</strong></span> <span class='ocrx_word' id='word_1_49' title='bbox 1243 1038 1534 1105; x_wconf 65' lang='lat' dir='ltr'><strong>vicesima},</strong></span> <span class='ocrx_word' id='word_1_50' title='bbox 1562 1038 1703 1091; x_wconf 91' lang='lat' dir='ltr'><strong>unde</strong></span> 
     </span>
    </p>
   </div>
   <div class='ocr_carea' id='block_1_8' title="bbox 156 1131 1701 1200">
    <p class='ocr_par' dir='ltr' id='par_1_8' title="bbox 156 1131 1701 1200">
     <span class='ocr_line' id='line_1_8' title="bbox 156 1131 1701 1200; baseline -0.001 -15"><span class='ocrx_word' id='word_1_51' title='bbox 156 1141 305 1185; x_wconf 85' lang='lat' dir='ltr'><strong>ctxxt</strong></span> <span class='ocrx_word' id='word_1_52' title='bbox 360 1131 684 1200; x_wconf 87' lang='lat' dir='ltr'><strong>principium</strong></span> <span class='ocrx_word' id='word_1_53' title='bbox 738 1131 1060 1197; x_wconf 85' lang='lat' dir='ltr'><strong>inchoatur;</strong></span> <span class='ocrx_word' id='word_1_54' title='bbox 1108 1140 1162 1184; x_wconf 92' lang='lat' dir='ltr'><strong>et</strong></span> <span class='ocrx_word' id='word_1_55' title='bbox 1207 1131 1453 1186; x_wconf 80' lang='lat' dir='ltr'><strong>invenies</strong></span> <span class='ocrx_word' id='word_1_56' title='bbox 1497 1142 1701 1200; x_wconf 88' lang='lat' dir='ltr'><strong>septem</strong></span> 
     </span>
    </p>
   </div>
   <div class='ocr_carea' id='block_1_9' title="bbox 156 1223 1703 1294">
    <p class='ocr_par' dir='ltr' id='par_1_9' title="bbox 156 1223 1703 1294">
     <span class='ocr_line' id='line_1_9' title="bbox 156 1223 1703 1294; baseline 0.001 -18"><span class='ocrx_word' id='word_1_57' title='bbox 156 1232 340 1277; x_wconf 84' lang='lat' dir='ltr'><strong>tantum</strong></span> <span class='ocrx_word' id='word_1_58' title='bbox 392 1223 513 1277; x_wconf 90' lang='lat' dir='ltr'><strong>dies</strong></span> <span class='ocrx_word' id='word_1_59' title='bbox 564 1239 918 1294; x_wconf 88' lang='lat' dir='ltr'><strong>azymorum,</strong></span> <span class='ocrx_word' id='word_1_60' title='bbox 974 1225 1028 1277; x_wconf 91' lang='lat' dir='ltr'><strong>in</strong></span> <span class='ocrx_word' id='word_1_61' title='bbox 1088 1225 1290 1293; x_wconf 83' lang='lat' dir='ltr'><strong>quibus</strong></span> <span class='ocrx_word' id='word_1_62' title='bbox 1354 1224 1703 1278; x_wconf 78' lang='lat' dir='ltr'><strong>verissimum</strong></span> 
     </span>
    </p>
   </div>
   <div class='ocr_carea' id='block_1_10' title="bbox 156 1312 1704 1383">
    <p class='ocr_par' dir='ltr' id='par_1_10' title="bbox 156 1312 1704 1383">
     <span class='ocr_line' id='line_1_10' title="bbox 156 1312 1704 1383; baseline 0.001 -18"><span class='ocrx_word' id='word_1_63' title='bbox 156 1312 338 1367; x_wconf 82' lang='lat' dir='ltr'><strong>Pascha</strong></span> <span class='ocrx_word' id='word_1_64' title='bbox 372 1312 585 1367; x_wconf 80' lang='lat' dir='ltr'><strong>Domini</strong></span> <span class='ocrx_word' id='word_1_65' title='bbox 619 1315 819 1369; x_wconf 87' lang='lat' dir='ltr'><strong>ducatu</strong></span> <span class='ocrx_word' id='word_1_66' title='bbox 848 1314 1174 1383; x_wconf 69' lang='lat' dir='ltr'><strong>praeﬁnitum</strong></span> <span class='ocrx_word' id='word_1_67' title='bbox 1201 1325 1286 1368; x_wconf 91' lang='lat' dir='ltr'><strong>est</strong></span> <span class='ocrx_word' id='word_1_68' title='bbox 1309 1315 1582 1368; x_wconf 87' lang='lat' dir='ltr'><strong>immolari</strong></span> <span class='ocrx_word' id='word_1_69' title='bbox 1612 1317 1704 1368; x_wconf 90' lang='lat' dir='ltr'><strong>de-</strong></span> 
     </span>
    </p>
   </div>
   <div class='ocr_carea' id='block_1_11' title="bbox 156 1408 282 1461">
    <p class='ocr_par' dir='ltr' id='par_1_11' title="bbox 156 1408 282 1461">
     <span class='ocr_line' id='line_1_11' title="bbox 156 1408 282 1461; baseline 0 0"><span class='ocrx_word' id='word_1_70' title='bbox 156 1408 282 1461; x_wconf 84' lang='lat' dir='ltr'><strong>bere.</strong></span> 
     </span>
    </p>
   </div>
   <div class='ocr_carea' id='block_1_12' title="bbox 156 1518 1706 1592">
    <p class='ocr_par' dir='ltr' id='par_1_12' title="bbox 156 1518 1706 1592">
     <span class='ocr_line' id='line_1_12' title="bbox 156 1518 1706 1592; baseline 0.001 -20"><span class='ocrx_word' id='word_1_71' title='bbox 156 1518 233 1576; x_wconf 76' lang='lat' dir='ltr'><strong>1X.</strong></span> <span class='ocrx_word' id='word_1_72' title='bbox 272 1519 465 1576; x_wconf 80' lang='lat' dir='ltr'><strong>Contra</strong></span> <span class='ocrx_word' id='word_1_73' title='bbox 512 1538 598 1575; x_wconf 84' lang='lat' dir='ltr'><strong>eos</strong></span> <span class='ocrx_word' id='word_1_74' title='bbox 648 1523 738 1591; x_wconf 90' lang='lat' dir='ltr'><strong>qui</strong></span> <span class='ocrx_word' id='word_1_75' title='bbox 775 1531 877 1576; x_wconf 87' lang='lat' dir='ltr'><strong>tres</strong></span> <span class='ocrx_word' id='word_1_76' title='bbox 910 1531 1030 1576; x_wconf 88' lang='lat' dir='ltr'><strong>ante</strong></span> <span class='ocrx_word' id='word_1_77' title='bbox 1061 1520 1291 1576; x_wconf 73' lang='lat' dir='ltr'><strong>Ctesaris</strong></span> <span class='ocrx_word' id='word_1_78' title='bbox 1332 1522 1706 1592; x_wconf 75' lang='lat' dir='ltr'><strong>wquinoctium</strong></span> 
     </span>
    </p>
   </div>
   <div class='ocr_carea' id='block_1_13' title="bbox 631 1592 1211 1647">
    <p class='ocr_par' dir='ltr' id='par_1_13' title="bbox 631 1592 1211 1647">
     <span class='ocr_line' id='line_1_13' title="bbox 631 1592 1211 1647; baseline 0 -2"><span class='ocrx_word' id='word_1_79' title='bbox 631 1593 760 1645; x_wconf 84' lang='lat' dir='ltr'><strong>dant</strong></span> <span class='ocrx_word' id='word_1_80' title='bbox 794 1592 1047 1647; x_wconf 80' lang='lat' dir='ltr'><strong>Pascliati</strong></span> <span class='ocrx_word' id='word_1_81' title='bbox 1080 1594 1211 1647; x_wconf 85' lang='lat' dir='ltr'><strong>dies.</strong></span> 
     </span>
    </p>
   </div>
   <div class='ocr_carea' id='block_1_14' title="bbox 215 1678 1706 1749">
    <p class='ocr_par' dir='ltr' id='par_1_14' title="bbox 215 1678 1706 1749">
     <span class='ocr_line' id='line_1_14' title="bbox 215 1678 1706 1749; baseline -0.003 -15"><span class='ocrx_word' id='word_1_82' title='bbox 215 1678 309 1734; x_wconf 91' lang='lat' dir='ltr'><strong>Sed</strong></span> <span class='ocrx_word' id='word_1_83' title='bbox 345 1680 475 1749; x_wconf 90' lang='lat' dir='ltr'><strong>quid</strong></span> <span class='ocrx_word' id='word_1_84' title='bbox 504 1680 729 1743; x_wconf 87' lang='lat' dir='ltr'><strong>mirum,</strong></span> <span class='ocrx_word' id='word_1_85' title='bbox 753 1681 798 1734; x_wconf 93' lang='lat' dir='ltr'><strong>si</strong></span> <span class='ocrx_word' id='word_1_86' title='bbox 839 1681 892 1735; x_wconf 92' lang='lat' dir='ltr'><strong>in</strong></span> <span class='ocrx_word' id='word_1_87' title='bbox 940 1697 1029 1734; x_wconf 83' lang='lat' dir='ltr'><strong>xxi</strong></span> <span class='ocrx_word' id='word_1_88' title='bbox 1064 1682 1191 1734; x_wconf 90' lang='lat' dir='ltr'><strong>luna</strong></span> <span class='ocrx_word' id='word_1_89' title='bbox 1228 1680 1551 1744; x_wconf 76' lang='lat' dir='ltr'><strong>erraverint,</strong></span> <span class='ocrx_word' id='word_1_90' title='bbox 1615 1679 1706 1748; x_wconf 86' lang='lat' dir='ltr'><strong>qui</strong></span> 
     </span>
    </p>
   </div>
   <div class='ocr_carea' id='block_1_15' title="bbox 155 1772 1710 1841">
    <p class='ocr_par' dir='ltr' id='par_1_15' title="bbox 155 1772 1710 1841">
     <span class='ocr_line' id='line_1_15' title="bbox 155 1772 1710 1841; baseline 0.001 -16"><span class='ocrx_word' id='word_1_91' title='bbox 155 1782 248 1825; x_wconf 85' lang='lat' dir='ltr'><strong>tres</strong></span> <span class='ocrx_word' id='word_1_92' title='bbox 273 1772 592 1827; x_wconf 84' lang='lat' dir='ltr'><strong>addiderunt</strong></span> <span class='ocrx_word' id='word_1_93' title='bbox 649 1773 763 1827; x_wconf 91' lang='lat' dir='ltr'><strong>dies</strong></span> <span class='ocrx_word' id='word_1_94' title='bbox 790 1783 916 1827; x_wconf 89' lang='lat' dir='ltr'><strong>ante</strong></span> <span class='ocrx_word' id='word_1_95' title='bbox 966 1773 1374 1841; x_wconf 70' lang='lat' dir='ltr'><strong>aequinoctium,</strong></span> <span class='ocrx_word' id='word_1_96' title='bbox 1411 1772 1464 1826; x_wconf 93' lang='lat' dir='ltr'><strong>in</strong></span> <span class='ocrx_word' id='word_1_97' title='bbox 1510 1772 1710 1841; x_wconf 90' lang='lat' dir='ltr'><strong>quibus</strong></span> 
     </span>
    </p>
   </div>
   <div class='ocr_carea' id='block_1_16' title="bbox 153 1855 1784 1936">
    <p class='ocr_par' dir='ltr' id='par_1_16' title="bbox 153 1855 1784 1936">
     <span class='ocr_line' id='line_1_16' title="bbox 153 1855 1784 1936; baseline -0.001 -19"><span class='ocrx_word' id='word_1_98' title='bbox 153 1865 334 1920; x_wconf 85' lang='lat' dir='ltr'><strong>Pascha</strong></span> <span class='ocrx_word' id='word_1_99' title='bbox 388 1865 660 1920; x_wconf 82' lang='lat' dir='ltr'><strong>immolari</strong></span> <span class='ocrx_word' id='word_1_100' title='bbox 721 1881 881 1936; x_wconf 87' lang='lat' dir='ltr'><strong>posse</strong></span> <span class='ocrx_word' id='word_1_101' title='bbox 940 1865 1243 1921; x_wconf 83' lang='lat' dir='ltr'><strong>deliniant?</strong></span> <span class='ocrx_word' id='word_1_102' title='bbox 1277 1864 1433 1930; x_wconf 90' lang='lat' dir='ltr'><strong>Quod</strong></span> <span class='ocrx_word' id='word_1_103' title='bbox 1497 1873 1706 1918; x_wconf 90' lang='lat' dir='ltr'><strong>certum</strong></span> <span class='ocrx_word' id='word_1_104' title='bbox 1744 1855 1784 1908; x_wconf 85' lang='grc' dir='ltr'><strong>Β</strong></span> 
     </span>
    </p>
   </div>
   <div class='ocr_carea' id='block_1_17' title="bbox 151 1957 1709 2027">
    <p class='ocr_par' dir='ltr' id='par_1_17' title="bbox 151 1957 1709 2027">
     <span class='ocr_line' id='line_1_17' title="bbox 151 1957 1709 2027; baseline -0.003 -14"><span class='ocrx_word' id='word_1_105' title='bbox 151 1959 461 2013; x_wconf 82' lang='lat' dir='ltr'><strong>omnimodis</strong></span> <span class='ocrx_word' id='word_1_106' title='bbox 487 1967 571 2013; x_wconf 91' lang='lat' dir='ltr'><strong>est</strong></span> <span class='ocrx_word' id='word_1_107' title='bbox 604 1959 780 2027; x_wconf 89' lang='lat' dir='ltr'><strong>putari</strong></span> <span class='ocrx_word' id='word_1_108' title='bbox 818 1960 1138 2022; x_wconf 90' lang='lat' dir='ltr'><strong>absurdum,</strong></span> <span class='ocrx_word' id='word_1_109' title='bbox 1173 1974 1297 2012; x_wconf 90' lang='lat' dir='ltr'><strong>cum</strong></span> <span class='ocrx_word' id='word_1_110' title='bbox 1350 1957 1709 2025; x_wconf 88' lang='lat' dir='ltr'><strong>apertissimis</strong></span> 
     </span>
    </p>
   </div>
   <div class='ocr_carea' id='block_1_18' title="bbox 151 2048 1710 2119">
    <p class='ocr_par' dir='ltr' id='par_1_18' title="bbox 151 2048 1710 2119">
     <span class='ocr_line' id='line_1_18' title="bbox 151 2048 1710 2119; baseline -0.001 -15"><span class='ocrx_word' id='word_1_111' title='bbox 151 2050 440 2104; x_wconf 75' lang='lat' dir='ltr'><strong>Judzeorum</strong></span> <span class='ocrx_word' id='word_1_112' title='bbox 470 2050 944 2119; x_wconf 76' lang='lat' dir='ltr'><strong>historiographis,</strong></span> <span class='ocrx_word' id='word_1_113' title='bbox 974 2060 1028 2104; x_wconf 90' lang='lat' dir='ltr'><strong>et</strong></span> <span class='ocrx_word' id='word_1_114' title='bbox 1074 2049 1213 2102; x_wconf 73' lang='lat' dir='ltr'><strong>LXX</strong></span> <span class='ocrx_word' id='word_1_115' title='bbox 1246 2048 1569 2104; x_wconf 84' lang='lat' dir='ltr'><strong>Senioribus</strong></span> <span class='ocrx_word' id='word_1_116' title='bbox 1602 2050 1710 2104; x_wconf 88' lang='lat' dir='ltr'><strong>evi-</strong></span> 
     </span>
    </p>
   </div>
   <div class='ocr_carea' id='block_1_19' title="bbox 151 2140 1707 2210">
    <p class='ocr_par' dir='ltr' id='par_1_19' title="bbox 151 2140 1707 2210">
     <span class='ocr_line' id='line_1_19' title="bbox 151 2140 1707 2210; baseline 0.001 -17"><span class='ocrx_word' id='word_1_117' title='bbox 151 2140 321 2194; x_wconf 84' lang='lat' dir='ltr'><strong>denter</strong></span> <span class='ocrx_word' id='word_1_118' title='bbox 376 2140 663 2195; x_wconf 80' lang='lat' dir='ltr'><strong>deﬁnitum</strong></span> <span class='ocrx_word' id='word_1_119' title='bbox 717 2143 809 2205; x_wconf 87' lang='lat' dir='ltr'><strong>sit,</strong></span> <span class='ocrx_word' id='word_1_120' title='bbox 846 2141 1057 2197; x_wconf 86' lang='lat' dir='ltr'><strong>Pascha</strong></span> <span class='ocrx_word' id='word_1_121' title='bbox 1109 2141 1163 2195; x_wconf 88' lang='lat' dir='ltr'><strong>in</strong></span> <span class='ocrx_word' id='word_1_122' title='bbox 1199 2142 1532 2210; x_wconf 71' lang='lat' dir='ltr'><strong>aequinoctio</strong></span> <span class='ocrx_word' id='word_1_123' title='bbox 1565 2142 1707 2196; x_wconf 88' lang='lat' dir='ltr'><strong>cele-</strong></span> 
     </span>
    </p>
   </div>
   <div class='ocr_carea' id='block_1_20' title="bbox 152 2236 634 2303">
    <p class='ocr_par' dir='ltr' id='par_1_20' title="bbox 152 2236 634 2303">
     <span class='ocr_line' id='line_1_20' title="bbox 152 2236 634 2303; baseline 0 -17"><span class='ocrx_word' id='word_1_124' title='bbox 152 2236 279 2288; x_wconf 82' lang='lat' dir='ltr'><strong>brari</strong></span> <span class='ocrx_word' id='word_1_125' title='bbox 316 2249 424 2287; x_wconf 84' lang='lat' dir='ltr'><strong>non</strong></span> <span class='ocrx_word' id='word_1_126' title='bbox 449 2250 634 2303; x_wconf 85' lang='lat' dir='ltr'><strong>posse.</strong></span> 
     </span>
    </p>
   </div>
   <div class='ocr_carea' id='block_1_21' title="bbox 151 2345 1712 2407">
    <p class='ocr_par' dir='ltr' id='par_1_21' title="bbox 151 2345 1712 2407">
     <span class='ocr_line' id='line_1_21' title="bbox 151 2345 1712 2407; baseline -0.001 -7"><span class='ocrx_word' id='word_1_127' title='bbox 151 2345 209 2401; x_wconf 65' lang='grc' dir='ltr'><strong>Χ.</strong></span> <span class='ocrx_word' id='word_1_128' title='bbox 247 2348 605 2401; x_wconf 77' lang='lat' dir='ltr'><strong>Asiaticorum</strong></span> <span class='ocrx_word' id='word_1_129' title='bbox 661 2365 771 2407; x_wconf 86' lang='lat' dir='ltr'><strong>mos</strong></span> <span class='ocrx_word' id='word_1_130' title='bbox 824 2346 1034 2401; x_wconf 85' lang='lat' dir='ltr'><strong>Pascha</strong></span> <span class='ocrx_word' id='word_1_131' title='bbox 1081 2364 1173 2401; x_wconf 84' lang='lat' dir='ltr'><strong>xlv</strong></span> <span class='ocrx_word' id='word_1_132' title='bbox 1226 2348 1353 2402; x_wconf 84' lang='lat' dir='ltr'><strong>luna</strong></span> <span class='ocrx_word' id='word_1_133' title='bbox 1412 2348 1712 2404; x_wconf 79' lang='lat' dir='ltr'><strong>celebrandi</strong></span> 
     </span>
    </p>
   </div>
   <div class='ocr_carea' id='block_1_22' title="bbox 206 2418 1706 2541">
    <p class='ocr_par' dir='ltr' id='par_1_22' title="bbox 206 2418 1706 2541">
     <span class='ocr_line' id='line_1_22' title="bbox 206 2418 1706 2541; baseline -0.001 -70"><span class='ocrx_word' id='word_1_134' title='bbox 206 2420 384 2541; x_wconf 59' lang='lat' dir='ltr'><strong>quavis</strong></span> <span class='ocrx_word' id='word_1_135' title='bbox 417 2419 575 2487; x_wconf 76' lang='lat' dir='ltr'><strong>feria,</strong></span> <span class='ocrx_word' id='word_1_136' title='bbox 619 2430 803 2472; x_wconf 85' lang='lat' dir='ltr'><strong>contra</strong></span> <span class='ocrx_word' id='word_1_137' title='bbox 853 2419 998 2473; x_wconf 81' lang='lat' dir='ltr'><strong>Petri</strong></span> <span class='ocrx_word' id='word_1_138' title='bbox 1022 2431 1071 2473; x_wconf 88' lang='lat' dir='ltr'><strong>et</strong></span> <span class='ocrx_word' id='word_1_139' title='bbox 1103 2418 1265 2472; x_wconf 80' lang='lat' dir='ltr'><strong>Pauli</strong></span> <span class='ocrx_word' id='word_1_140' title='bbox 1315 2419 1706 2473; x_wconf 81' lang='lat' dir='ltr'><strong>auctoritatem.</strong></span> 
     </span>
     <span class='ocr_line' id='line_1_23' title="bbox 240 2489 755 2541; baseline 0 0"><span class='ocrx_word' id='word_1_141' title='bbox 240 2489 393 2541; x_wconf 83' lang='lat' dir='ltr'><strong>’ictor</strong></span> <span class='ocrx_word' id='word_1_142' title='bbox 419 2500 471 2541; x_wconf 86' lang='lat' dir='ltr'><strong>et</strong></span> <span class='ocrx_word' id='word_1_143' title='bbox 496 2490 755 2541; x_wconf 74' lang='lat' dir='ltr'><strong>Irenazus.</strong></span> 
     </span>
    </p>
   </div>
   <div class='ocr_carea' id='block_1_23' title="bbox 240 2489 755 2544">
    <p class='ocr_par' dir='ltr' id='par_1_23' title="bbox 240 2489 755 2544">
     <span class='ocr_line' id='line_1_24' title="bbox 240 2489 755 2544; baseline 0 -1"><span class='ocrx_word' id='word_1_144' title='bbox 240 2489 393 2543; x_wconf 46' lang='lat' dir='ltr'><strong>lictor</strong></span> <span class='ocrx_word' id='word_1_145' title='bbox 419 2500 471 2544; x_wconf 85' lang='lat' dir='ltr'><strong>et</strong></span> <span class='ocrx_word' id='word_1_146' title='bbox 496 2490 755 2543; x_wconf 73' lang='lat' dir='ltr'><strong>Irenazus.</strong></span> 
     </span>
    </p>
   </div>
   <div class='ocr_carea' id='block_1_24' title="bbox 212 2580 1713 2653">
    <p class='ocr_par' dir='ltr' id='par_1_24' title="bbox 212 2580 1713 2653">
     <span class='ocr_line' id='line_1_25' title="bbox 212 2580 1713 2653; baseline -0.001 -17"><span class='ocrx_word' id='word_1_147' title='bbox 212 2582 312 2636; x_wconf 86' lang='lat' dir='ltr'><strong>Sed</strong></span> <span class='ocrx_word' id='word_1_148' title='bbox 346 2582 453 2636; x_wconf 86' lang='lat' dir='ltr'><strong>illis</strong></span> <span class='ocrx_word' id='word_1_149' title='bbox 500 2582 635 2635; x_wconf 87' lang='lat' dir='ltr'><strong>nihil</strong></span> <span class='ocrx_word' id='word_1_150' title='bbox 687 2582 917 2635; x_wconf 90' lang='lat' dir='ltr'><strong>arduum</strong></span> <span class='ocrx_word' id='word_1_151' title='bbox 963 2580 1086 2645; x_wconf 84' lang='lat' dir='ltr'><strong>fuit,</strong></span> <span class='ocrx_word' id='word_1_152' title='bbox 1118 2582 1318 2653; x_wconf 89' lang='lat' dir='ltr'><strong>quibus</strong></span> <span class='ocrx_word' id='word_1_153' title='bbox 1357 2582 1562 2636; x_wconf 91' lang='lat' dir='ltr'><strong>licitum</strong></span> <span class='ocrx_word' id='word_1_154' title='bbox 1593 2591 1713 2635; x_wconf 89' lang='lat' dir='ltr'><strong>erat</strong></span> 
     </span>
    </p>
   </div>
   <div class='ocr_carea' id='block_1_25' title="bbox 152 2674 1711 2745">
    <p class='ocr_par' dir='ltr' id='par_1_25' title="bbox 152 2674 1711 2745">
     <span class='ocr_line' id='line_1_26' title="bbox 152 2674 1711 2745; baseline 0.001 -20"><span class='ocrx_word' id='word_1_155' title='bbox 152 2675 413 2737; x_wconf 84' lang='lat' dir='ltr'><strong>omnibus,</strong></span> <span class='ocrx_word' id='word_1_156' title='bbox 445 2675 666 2745; x_wconf 86' lang='lat' dir='ltr'><strong>quando</strong></span> <span class='ocrx_word' id='word_1_157' title='bbox 696 2690 786 2727; x_wconf 83' lang='lat' dir='ltr'><strong>xiv</strong></span> <span class='ocrx_word' id='word_1_158' title='bbox 822 2675 948 2729; x_wconf 91' lang='lat' dir='ltr'><strong>luna</strong></span> <span class='ocrx_word' id='word_1_159' title='bbox 990 2683 1115 2743; x_wconf 90' lang='lat' dir='ltr'><strong>post</strong></span> <span class='ocrx_word' id='word_1_160' title='bbox 1144 2674 1529 2743; x_wconf 70' lang='lat' dir='ltr'><strong>aequinoctium</strong></span> <span class='ocrx_word' id='word_1_161' title='bbox 1557 2678 1711 2727; x_wconf 88' lang='lat' dir='ltr'><strong>adve-</strong></span> 
     </span>
    </p>
   </div>
   <div class='ocr_carea' id='block_1_26' title="bbox 153 2766 1711 2836">
    <p class='ocr_par' dir='ltr' id='par_1_26' title="bbox 153 2766 1711 2836">
     <span class='ocr_line' id='line_1_27' title="bbox 153 2766 1711 2836; baseline 0.001 -17"><span class='ocrx_word' id='word_1_162' title='bbox 153 2768 327 2831; x_wconf 88' lang='lat' dir='ltr'><strong>nisset,</strong></span> <span class='ocrx_word' id='word_1_163' title='bbox 379 2766 591 2822; x_wconf 87' lang='lat' dir='ltr'><strong>Pascha</strong></span> <span class='ocrx_word' id='word_1_164' title='bbox 646 2767 939 2822; x_wconf 87' lang='lat' dir='ltr'><strong>celebrare.</strong></span> <span class='ocrx_word' id='word_1_165' title='bbox 993 2766 1238 2833; x_wconf 86' lang='lat' dir='ltr'><strong>Quorum</strong></span> <span class='ocrx_word' id='word_1_166' title='bbox 1285 2767 1593 2836; x_wconf 88' lang='lat' dir='ltr'><strong>exemplum</strong></span> <span class='ocrx_word' id='word_1_167' title='bbox 1624 2783 1711 2821; x_wconf 88' lang='lat' dir='ltr'><strong>se-</strong></span> 
     </span>
    </p>
   </div>
   <div class='ocr_carea' id='block_1_27' title="bbox 152 2858 1712 2929">
    <p class='ocr_par' dir='ltr' id='par_1_27' title="bbox 152 2858 1712 2929">
     <span class='ocr_line' id='line_1_28' title="bbox 152 2858 1712 2929; baseline 0.003 -20"><span class='ocrx_word' id='word_1_168' title='bbox 152 2864 363 2924; x_wconf 84' lang='lat' dir='ltr'><strong>quentes</strong></span> <span class='ocrx_word' id='word_1_169' title='bbox 389 2874 564 2927; x_wconf 89' lang='lat' dir='ltr'><strong>usque</strong></span> <span class='ocrx_word' id='word_1_170' title='bbox 602 2858 761 2911; x_wconf 88' lang='lat' dir='ltr'><strong>hodie</strong></span> <span class='ocrx_word' id='word_1_171' title='bbox 784 2874 975 2913; x_wconf 89' lang='lat' dir='ltr'><strong>omnes</strong></span> <span class='ocrx_word' id='word_1_172' title='bbox 1008 2858 1153 2913; x_wconf 70' lang='lat' dir='ltr'><strong>Asiae</strong></span> <span class='ocrx_word' id='word_1_173' title='bbox 1204 2859 1445 2928; x_wconf 83' lang='lat' dir='ltr'><strong>episcOpi</strong></span> <span class='ocrx_word' id='word_1_174' title='bbox 1489 2858 1712 2929; x_wconf 88' lang='lat' dir='ltr'><strong>(quippe</strong></span> 
     </span>
    </p>
   </div>
   <div class='ocr_carea' id='block_1_28' title="bbox 153 2949 1713 3021">
    <p class='ocr_par' dir='ltr' id='par_1_28' title="bbox 153 2949 1713 3021">
     <span class='ocr_line' id='line_1_29' title="bbox 153 2949 1713 3021; baseline 0.001 -19"><span class='ocrx_word' id='word_1_175' title='bbox 153 2949 231 3017; x_wconf 87' lang='lat' dir='ltr'><strong>qui</strong></span> <span class='ocrx_word' id='word_1_176' title='bbox 265 2958 318 3003; x_wconf 90' lang='lat' dir='ltr'><strong>et</strong></span> <span class='ocrx_word' id='word_1_177' title='bbox 348 2950 452 3019; x_wconf 87' lang='lat' dir='ltr'><strong>ipsi</strong></span> <span class='ocrx_word' id='word_1_178' title='bbox 485 2950 555 3004; x_wconf 91' lang='lat' dir='ltr'><strong>ab</strong></span> <span class='ocrx_word' id='word_1_179' title='bbox 583 2960 806 3005; x_wconf 88' lang='lat' dir='ltr'><strong>auctore</strong></span> <span class='ocrx_word' id='word_1_180' title='bbox 834 2951 1325 3021; x_wconf 89' lang='lat' dir='ltr'><strong>irreprehensibili,</strong></span> <span class='ocrx_word' id='word_1_181' title='bbox 1358 2949 1572 3005; x_wconf 81' lang='lat' dir='ltr'><strong>Joanne</strong></span> <span class='ocrx_word' id='word_1_182' title='bbox 1604 2950 1713 3006; x_wconf 85' lang='lat' dir='ltr'><strong>sci-</strong></span> 
     </span>
    </p>
   </div>
   <div class='ocr_carea' id='block_1_29' title="bbox 154 3040 1715 3112">
    <p class='ocr_par' dir='ltr' id='par_1_29' title="bbox 154 3040 1715 3112">
     <span class='ocr_line' id='line_1_30' title="bbox 154 3040 1715 3112; baseline 0.003 -20"><span class='ocrx_word' id='word_1_183' title='bbox 154 3040 263 3094; x_wconf 86' lang='lat' dir='ltr'><strong>licet</strong></span> <span class='ocrx_word' id='word_1_184' title='bbox 297 3043 644 3112; x_wconf 80' lang='lat' dir='ltr'><strong>evangelista,</strong></span> <span class='ocrx_word' id='word_1_185' title='bbox 671 3052 728 3097; x_wconf 92' lang='lat' dir='ltr'><strong>et</strong></span> <span class='ocrx_word' id='word_1_186' title='bbox 748 3043 986 3112; x_wconf 88' lang='lat' dir='ltr'><strong>pectoris</strong></span> <span class='ocrx_word' id='word_1_187' title='bbox 1011 3041 1223 3097; x_wconf 91' lang='lat' dir='ltr'><strong>Domini</strong></span> <span class='ocrx_word' id='word_1_188' title='bbox 1254 3044 1594 3105; x_wconf 90' lang='lat' dir='ltr'><strong>incubatore,</strong></span> <span class='ocrx_word' id='word_1_189' title='bbox 1620 3043 1715 3097; x_wconf 91' lang='lat' dir='ltr'><strong>do-</strong></span> 
     </span>
    </p>
   </div>
   <div class='ocr_carea' id='block_1_30' title="bbox 154 3134 1709 3205">
    <p class='ocr_par' dir='ltr' id='par_1_30' title="bbox 154 3134 1709 3205">
     <span class='ocr_line' id='line_1_31' title="bbox 154 3134 1709 3205; baseline 0.001 -20"><span class='ocrx_word' id='word_1_190' title='bbox 154 3134 434 3187; x_wconf 88' lang='lat' dir='ltr'><strong>ctrinarum</strong></span> <span class='ocrx_word' id='word_1_191' title='bbox 467 3140 588 3190; x_wconf 76' lang='lat' dir='ltr'><strong>sine</strong></span> <span class='ocrx_word' id='word_1_192' title='bbox 614 3135 783 3189; x_wconf 90' lang='lat' dir='ltr'><strong>dubio</strong></span> <span class='ocrx_word' id='word_1_193' title='bbox 804 3135 1126 3205; x_wconf 88' lang='lat' dir='ltr'><strong>spiritalium</strong></span> <span class='ocrx_word' id='word_1_194' title='bbox 1170 3144 1437 3204; x_wconf 90' lang='lat' dir='ltr'><strong>potatore,</strong></span> <span class='ocrx_word' id='word_1_195' title='bbox 1465 3135 1709 3205; x_wconf 73' lang='lat' dir='ltr'><strong>regulam</strong></span> 
     </span>
    </p>
   </div>
   <div class='ocr_carea' id='block_1_31' title="bbox 155 3226 1712 3298">
    <p class='ocr_par' dir='ltr' id='par_1_31' title="bbox 155 3226 1712 3298">
     <span class='ocr_line' id='line_1_32' title="bbox 155 3226 1712 3298; baseline 0.003 -22"><span class='ocrx_word' id='word_1_196' title='bbox 155 3226 538 3294; x_wconf 77' lang='lat' dir='ltr'><strong>susceperunt),</strong></span> <span class='ocrx_word' id='word_1_197' title='bbox 587 3227 957 3283; x_wconf 85' lang='lat' dir='ltr'><strong>indubitanter</strong></span> <span class='ocrx_word' id='word_1_198' title='bbox 995 3227 1251 3282; x_wconf 89' lang='lat' dir='ltr'><strong>omnibus</strong></span> <span class='ocrx_word' id='word_1_199' title='bbox 1286 3230 1465 3294; x_wconf 90' lang='lat' dir='ltr'><strong>annis,</strong></span> <span class='ocrx_word' id='word_1_200' title='bbox 1494 3228 1712 3298; x_wconf 89' lang='lat' dir='ltr'><strong>quando</strong></span> 
     </span>
    </p>
   </div>
   <div class='ocr_carea' id='block_1_32' title="bbox 155 3318 1712 3392">
    <p class='ocr_par' dir='ltr' id='par_1_32' title="bbox 155 3318 1712 3392">
     <span class='ocr_line' id='line_1_33' title="bbox 155 3318 1712 3392; baseline 0.006 -24"><span class='ocrx_word' id='word_1_201' title='bbox 155 3332 227 3369; x_wconf 82' lang='lat' dir='ltr'><strong>xw</strong></span> <span class='ocrx_word' id='word_1_202' title='bbox 248 3318 374 3373; x_wconf 89' lang='lat' dir='ltr'><strong>luna</strong></span> <span class='ocrx_word' id='word_1_203' title='bbox 410 3318 699 3387; x_wconf 80' lang='lat' dir='ltr'><strong>adfuisset,</strong></span> <span class='ocrx_word' id='word_1_204' title='bbox 744 3330 800 3375; x_wconf 90' lang='lat' dir='ltr'><strong>et</strong></span> <span class='ocrx_word' id='word_1_205' title='bbox 840 3338 1013 3392; x_wconf 80' lang='lat' dir='ltr'><strong>agnus</strong></span> <span class='ocrx_word' id='word_1_206' title='bbox 1042 3324 1184 3392; x_wconf 91' lang='lat' dir='ltr'><strong>apud</strong></span> <span class='ocrx_word' id='word_1_207' title='bbox 1212 3322 1430 3378; x_wconf 75' lang='lat' dir='ltr'><strong>.Iudccos</strong></span> <span class='ocrx_word' id='word_1_208' title='bbox 1463 3324 1712 3377; x_wconf 88' lang='lat' dir='ltr'><strong>immola-</strong></span> 
     </span>
    </p>
   </div>
   <div class='ocr_carea' id='block_1_33' title="bbox 155 3412 1705 3481">
    <p class='ocr_par' dir='ltr' id='par_1_33' title="bbox 155 3412 1705 3481">
     <span class='ocr_line' id='line_1_34' title="bbox 155 3412 1705 3481; baseline 0.006 -21"><span class='ocrx_word' id='word_1_209' title='bbox 155 3421 307 3476; x_wconf 83' lang='lat' dir='ltr'><strong>retur,</strong></span> <span class='ocrx_word' id='word_1_210' title='bbox 343 3412 675 3481; x_wconf 73' lang='lat' dir='ltr'><strong>zequinoctio</strong></span> <span class='ocrx_word' id='word_1_211' title='bbox 698 3413 1070 3477; x_wconf 88' lang='lat' dir='ltr'><strong>transvadato,</strong></span> <span class='ocrx_word' id='word_1_212' title='bbox 1101 3413 1309 3468; x_wconf 89' lang='lat' dir='ltr'><strong>Pascha</strong></span> <span class='ocrx_word' id='word_1_213' title='bbox 1332 3414 1705 3469; x_wconf 85' lang='lat' dir='ltr'><strong>celebrabant:</strong></span> 
     </span>
    </p>
   </div>
   <div class='ocr_carea' id='block_1_34' title="bbox 157 3503 1714 3575">
    <p class='ocr_par' dir='ltr' id='par_1_34' title="bbox 157 3503 1714 3575">
     <span class='ocr_line' id='line_1_35' title="bbox 157 3503 1714 3575; baseline 0.005 -24"><span class='ocrx_word' id='word_1_214' title='bbox 157 3516 249 3556; x_wconf 90' lang='lat' dir='ltr'><strong>non</strong></span> <span class='ocrx_word' id='word_1_215' title='bbox 304 3503 720 3573; x_wconf 86' lang='lat' dir='ltr'><strong>acquiesccntes</strong></span> <span class='ocrx_word' id='word_1_216' title='bbox 757 3505 1068 3560; x_wconf 86' lang='lat' dir='ltr'><strong>auctoritati</strong></span> <span class='ocrx_word' id='word_1_217' title='bbox 1121 3506 1508 3575; x_wconf 86' lang='lat' dir='ltr'><strong>quorumdam,</strong></span> <span class='ocrx_word' id='word_1_218' title='bbox 1540 3506 1592 3559; x_wconf 91' lang='lat' dir='ltr'><strong>id</strong></span> <span class='ocrx_word' id='word_1_219' title='bbox 1631 3515 1714 3559; x_wconf 85' lang='lat' dir='ltr'><strong>est</strong></span> 
     </span>
    </p>
   </div>
   <div class='ocr_carea' id='block_1_35' title="bbox 156 3595 1713 3666">
    <p class='ocr_par' dir='ltr' id='par_1_35' title="bbox 156 3595 1713 3666">
     <span class='ocr_line' id='line_1_36' title="bbox 156 3595 1713 3666; baseline 0.001 -16"><span class='ocrx_word' id='word_1_220' title='bbox 156 3597 281 3650; x_wconf 87' lang='lat' dir='ltr'><strong>Petri</strong></span> <span class='ocrx_word' id='word_1_221' title='bbox 309 3605 365 3651; x_wconf 90' lang='lat' dir='ltr'><strong>et</strong></span> <span class='ocrx_word' id='word_1_222' title='bbox 398 3595 554 3651; x_wconf 89' lang='lat' dir='ltr'><strong>Pauli</strong></span> <span class='ocrx_word' id='word_1_223' title='bbox 610 3612 1025 3663; x_wconf 85' lang='lat' dir='ltr'><strong>successorum;</strong></span> <span class='ocrx_word' id='word_1_224' title='bbox 1063 3598 1155 3666; x_wconf 89' lang='lat' dir='ltr'><strong>qui</strong></span> <span class='ocrx_word' id='word_1_225' title='bbox 1214 3612 1409 3651; x_wconf 91' lang='lat' dir='ltr'><strong>omnes</strong></span> <span class='ocrx_word' id='word_1_226' title='bbox 1440 3596 1713 3651; x_wconf 85' lang='lat' dir='ltr'><strong>Ecclesias</strong></span> 
     </span>
    </p>
   </div>
   <div class='ocr_carea' id='block_1_36' title="bbox 156 3688 1714 3761">
    <p class='ocr_par' dir='ltr' id='par_1_36' title="bbox 156 3688 1714 3761">
     <span class='ocr_line' id='line_1_37' title="bbox 156 3688 1714 3761; baseline -0.001 -18"><span class='ocrx_word' id='word_1_227' title='bbox 156 3691 201 3744; x_wconf 93' lang='lat' dir='ltr'><strong>in</strong></span> <span class='ocrx_word' id='word_1_228' title='bbox 225 3692 424 3761; x_wconf 87' lang='lat' dir='ltr'><strong>quibus</strong></span> <span class='ocrx_word' id='word_1_229' title='bbox 452 3690 719 3759; x_wconf 89' lang='lat' dir='ltr'><strong>spiritalia</strong></span> <span class='ocrx_word' id='word_1_230' title='bbox 750 3688 1027 3760; x_wconf 76' lang='lat' dir='ltr'><strong>Evangelii</strong></span> <span class='ocrx_word' id='word_1_231' title='bbox 1077 3690 1285 3744; x_wconf 86' lang='lat' dir='ltr'><strong>semina</strong></span> <span class='ocrx_word' id='word_1_232' title='bbox 1310 3698 1589 3752; x_wconf 89' lang='lat' dir='ltr'><strong>severunt,</strong></span> <span class='ocrx_word' id='word_1_233' title='bbox 1625 3704 1714 3743; x_wconf 90' lang='lat' dir='ltr'><strong>so-</strong></span> 
     </span>
    </p>
   </div>
   <div class='ocr_carea' id='block_1_37' title="bbox 156 3780 1712 3838">
    <p class='ocr_par' dir='ltr' id='par_1_37' title="bbox 156 3780 1712 3838">
     <span class='ocr_line' id='line_1_38' title="bbox 156 3780 1712 3838; baseline -0.002 0"><span class='ocrx_word' id='word_1_234' title='bbox 156 3784 474 3838; x_wconf 85' lang='lat' dir='ltr'><strong>lemnitatem</strong></span> <span class='ocrx_word' id='word_1_235' title='bbox 533 3783 953 3837; x_wconf 82' lang='lat' dir='ltr'><strong>resurrectionis</strong></span> <span class='ocrx_word' id='word_1_236' title='bbox 1000 3780 1213 3835; x_wconf 87' lang='lat' dir='ltr'><strong>Domini</strong></span> <span class='ocrx_word' id='word_1_237' title='bbox 1258 3782 1311 3835; x_wconf 92' lang='lat' dir='ltr'><strong>in</strong></span> <span class='ocrx_word' id='word_1_238' title='bbox 1368 3782 1456 3836; x_wconf 89' lang='lat' dir='ltr'><strong>die</strong></span> <span class='ocrx_word' id='word_1_239' title='bbox 1502 3790 1712 3835; x_wconf 89' lang='lat' dir='ltr'><strong>tantum</strong></span> 
     </span>
    </p>
   </div>
   <div class='ocr_carea' id='block_1_38' title="bbox 157 3871 1714 3945">
    <p class='ocr_par' dir='ltr' id='par_1_38' title="bbox 157 3871 1714 3945">
     <span class='ocr_line' id='line_1_39' title="bbox 157 3871 1714 3945; baseline -0.004 -14"><span class='ocrx_word' id='word_1_240' title='bbox 157 3875 419 3931; x_wconf 82' lang='lat' dir='ltr'><strong>Dominica</strong></span> <span class='ocrx_word' id='word_1_241' title='bbox 451 3890 614 3945; x_wconf 91' lang='lat' dir='ltr'><strong>posse</strong></span> <span class='ocrx_word' id='word_1_242' title='bbox 670 3874 931 3929; x_wconf 87' lang='lat' dir='ltr'><strong>celebrari</strong></span> <span class='ocrx_word' id='word_1_243' title='bbox 966 3875 1289 3929; x_wconf 88' lang='lat' dir='ltr'><strong>docuerunt.</strong></span> <span class='ocrx_word' id='word_1_244' title='bbox 1323 3871 1479 3927; x_wconf 89' lang='lat' dir='ltr'><strong>Unde</strong></span> <span class='ocrx_word' id='word_1_245' title='bbox 1501 3882 1552 3927; x_wconf 93' lang='lat' dir='ltr'><strong>et</strong></span> <span class='ocrx_word' id='word_1_246' title='bbox 1583 3889 1714 3928; x_wconf 87' lang='lat' dir='ltr'><strong>con-</strong></span> 
     </span>
    </p>
   </div>
   <div class='ocr_carea' id='block_1_39' title="bbox 157 3969 1711 4039">
    <p class='ocr_par' dir='ltr' id='par_1_39' title="bbox 157 3969 1711 4039">
     <span class='ocr_line' id='line_1_40' title="bbox 157 3969 1711 4039; baseline -0.001 -16"><span class='ocrx_word' id='word_1_247' title='bbox 157 3972 306 4025; x_wconf 84' lang='lat' dir='ltr'><strong>tentio</strong></span> <span class='ocrx_word' id='word_1_248' title='bbox 333 3969 584 4039; x_wconf 59' lang='lat' dir='ltr'><strong>quaedam</strong></span> <span class='ocrx_word' id='word_1_249' title='bbox 608 3979 797 4022; x_wconf 83' lang='lat' dir='ltr'><strong>exorta</strong></span> <span class='ocrx_word' id='word_1_250' title='bbox 826 3977 909 4022; x_wconf 84' lang='lat' dir='ltr'><strong>est</strong></span> <span class='ocrx_word' id='word_1_251' title='bbox 955 3969 1095 4021; x_wconf 90' lang='lat' dir='ltr'><strong>inter</strong></span> <span class='ocrx_word' id='word_1_252' title='bbox 1115 3981 1304 4021; x_wconf 90' lang='lat' dir='ltr'><strong>eorum</strong></span> <span class='ocrx_word' id='word_1_253' title='bbox 1340 3983 1711 4031; x_wconf 86' lang='lat' dir='ltr'><strong>successores,</strong></span> 
     </span>
    </p>
   </div>
   <div class='ocr_carea' id='block_1_40' title="bbox 158 4054 1717 4127">
    <p class='ocr_par' dir='ltr' id='par_1_40' title="bbox 158 4054 1717 4127">
     <span class='ocr_line' id='line_1_41' title="bbox 158 4054 1717 4127; baseline 0.003 -21"><span class='ocrx_word' id='word_1_254' title='bbox 158 4054 413 4113; x_wconf 72' lang='lat' dir='ltr'><strong>Victorem</strong></span> <span class='ocrx_word' id='word_1_255' title='bbox 444 4056 655 4109; x_wconf 84' lang='lat' dir='ltr'><strong>scilicet</strong></span> <span class='ocrx_word' id='word_1_256' title='bbox 685 4056 945 4110; x_wconf 69' lang='lat' dir='ltr'><strong>Romana:</strong></span> <span class='ocrx_word' id='word_1_257' title='bbox 970 4056 1121 4110; x_wconf 87' lang='lat' dir='ltr'><strong>urbis</strong></span> <span class='ocrx_word' id='word_1_258' title='bbox 1140 4071 1205 4109; x_wconf 91' lang='lat' dir='ltr'><strong>eo</strong></span> <span class='ocrx_word' id='word_1_259' title='bbox 1236 4066 1477 4125; x_wconf 74' lang='lat' dir='ltr'><strong>tempore</strong></span> <span class='ocrx_word' id='word_1_260' title='bbox 1506 4058 1717 4127; x_wconf 88' lang='lat' dir='ltr'><strong>episeo-</strong></span> 
     </span>
    </p>
   </div>
   <div class='ocr_carea' id='block_1_41' title="bbox 155 4153 1715 4225">
    <p class='ocr_par' dir='ltr' id='par_1_41' title="bbox 155 4153 1715 4225">
     <span class='ocr_line' id='line_1_42' title="bbox 155 4153 1715 4225; baseline 0 -19"><span class='ocrx_word' id='word_1_261' title='bbox 155 4168 287 4220; x_wconf 85' lang='lat' dir='ltr'><strong>pum,</strong></span> <span class='ocrx_word' id='word_1_262' title='bbox 312 4165 366 4209; x_wconf 88' lang='lat' dir='ltr'><strong>et</strong></span> <span class='ocrx_word' id='word_1_263' title='bbox 395 4153 736 4225; x_wconf 85' lang='lat' dir='ltr'><strong>Polycratem</strong></span> <span class='ocrx_word' id='word_1_264' title='bbox 771 4155 864 4224; x_wconf 88' lang='lat' dir='ltr'><strong>qui</strong></span> <span class='ocrx_word' id='word_1_265' title='bbox 897 4162 1026 4208; x_wconf 92' lang='lat' dir='ltr'><strong>tunc</strong></span> <span class='ocrx_word' id='word_1_266' title='bbox 1054 4154 1108 4207; x_wconf 88' lang='lat' dir='ltr'><strong>in</strong></span> <span class='ocrx_word' id='word_1_267' title='bbox 1137 4153 1407 4221; x_wconf 78' lang='lat' dir='ltr'><strong>episcopis</strong></span> <span class='ocrx_word' id='word_1_268' title='bbox 1439 4154 1579 4208; x_wconf 72' lang='lat' dir='ltr'><strong>Asim</strong></span> <span class='ocrx_word' id='word_1_269' title='bbox 1610 4154 1715 4221; x_wconf 84' lang='lat' dir='ltr'><strong>pri-</strong></span> 
     </span>
    </p>
   </div>
   <div class='ocr_carea' id='block_1_42' title="bbox 155 4246 1717 4318">
    <p class='ocr_par' dir='ltr' id='par_1_42' title="bbox 155 4246 1717 4318">
     <span class='ocr_line' id='line_1_43' title="bbox 155 4246 1717 4318; baseline 0 -18"><span class='ocrx_word' id='word_1_270' title='bbox 155 4256 343 4301; x_wconf 78' lang='lat' dir='ltr'><strong>matum</strong></span> <span class='ocrx_word' id='word_1_271' title='bbox 370 4262 561 4318; x_wconf 78' lang='lat' dir='ltr'><strong>gerere</strong></span> <span class='ocrx_word' id='word_1_272' title='bbox 588 4248 888 4301; x_wconf 90' lang='lat' dir='ltr'><strong>videbatur.</strong></span> <span class='ocrx_word' id='word_1_273' title='bbox 912 4247 1043 4313; x_wconf 66' lang='lat' dir='ltr'><strong>Quae</strong></span> <span class='ocrx_word' id='word_1_274' title='bbox 1060 4248 1128 4301; x_wconf 88' lang='lat' dir='ltr'><strong>ab</strong></span> <span class='ocrx_word' id='word_1_275' title='bbox 1147 4247 1346 4301; x_wconf 67' lang='lat' dir='ltr'><strong>Irenaeo</strong></span> <span class='ocrx_word' id='word_1_276' title='bbox 1374 4256 1502 4299; x_wconf 89' lang='lat' dir='ltr'><strong>tunc</strong></span> <span class='ocrx_word' id='word_1_277' title='bbox 1530 4246 1717 4300; x_wconf 71' lang='lat' dir='ltr'><strong>Gallia:</strong></span> 
     </span>
    </p>
   </div>
   <div class='ocr_carea' id='block_1_43' title="bbox 155 4338 1716 4408">
    <p class='ocr_par' dir='ltr' id='par_1_43' title="bbox 155 4338 1716 4408">
     <span class='ocr_line' id='line_1_44' title="bbox 155 4338 1716 4408; baseline 0 -19"><span class='ocrx_word' id='word_1_278' title='bbox 155 4338 306 4403; x_wconf 86' lang='lat' dir='ltr'><strong>partis</strong></span> <span class='ocrx_word' id='word_1_279' title='bbox 353 4338 592 4408; x_wconf 71' lang='lat' dir='ltr'><strong>praesule</strong></span> <span class='ocrx_word' id='word_1_280' title='bbox 652 4340 959 4393; x_wconf 89' lang='lat' dir='ltr'><strong>rectissime</strong></span> <span class='ocrx_word' id='word_1_281' title='bbox 1009 4347 1202 4407; x_wconf 89' lang='lat' dir='ltr'><strong>pacata</strong></span> <span class='ocrx_word' id='word_1_282' title='bbox 1256 4348 1372 4403; x_wconf 85' lang='lat' dir='ltr'><strong>est;</strong></span> <span class='ocrx_word' id='word_1_283' title='bbox 1428 4339 1716 4405; x_wconf 82' lang='lat' dir='ltr'><strong>utriusque</strong></span> 
     </span>
    </p>
   </div>
   <div class='ocr_carea' id='block_1_44' title="bbox 155 4430 1714 4500">
    <p class='ocr_par' dir='ltr' id='par_1_44' title="bbox 155 4430 1714 4500">
     <span class='ocr_line' id='line_1_45' title="bbox 155 4430 1714 4500; baseline -0.001 -18"><span class='ocrx_word' id='word_1_284' title='bbox 155 4430 384 4496; x_wconf 82' lang='lat' dir='ltr'><strong>partibus</strong></span> <span class='ocrx_word' id='word_1_285' title='bbox 418 4431 471 4485; x_wconf 91' lang='lat' dir='ltr'><strong>in</strong></span> <span class='ocrx_word' id='word_1_286' title='bbox 507 4447 605 4485; x_wconf 90' lang='lat' dir='ltr'><strong>sua</strong></span> <span class='ocrx_word' id='word_1_287' title='bbox 645 4432 829 4499; x_wconf 78' lang='lat' dir='ltr'><strong>regula</strong></span> <span class='ocrx_word' id='word_1_288' title='bbox 873 4430 1367 4500; x_wconf 88' lang='lat' dir='ltr'><strong>perseverantibus,</strong></span> <span class='ocrx_word' id='word_1_289' title='bbox 1415 4445 1512 4483; x_wconf 90' lang='lat' dir='ltr'><strong>nec</strong></span> <span class='ocrx_word' id='word_1_290' title='bbox 1543 4444 1573 4481; x_wconf 93' lang='lat' dir='ltr'><strong>a</strong></span> <span class='ocrx_word' id='word_1_291' title='bbox 1602 4443 1714 4482; x_wconf 74' lang='lat' dir='ltr'><strong>co:-</strong></span> 
     </span>
    </p>
   </div>
   <div class='ocr_carea' id='block_1_45' title="bbox 1426 359 2103 418">
    <p class='ocr_par' dir='ltr' id='par_1_45' title="bbox 1426 359 2103 418">
     <span class='ocr_line' id='line_1_46' title="bbox 1426 359 2103 418; baseline -0.003 0"><span class='ocrx_word' id='word_1_292' title='bbox 1426 359 1659 418; x_wconf 84' lang='lat' dir='ltr'><strong>CANON</strong></span> <span class='ocrx_word' id='word_1_293' title='bbox 1699 362 1967 418; x_wconf 72' lang='lat' dir='ltr'><strong>PASCllA</strong></span> <span class='ocrx_word' id='word_1_294' title='bbox 1977 362 2103 418; x_wconf 84' lang='lat' dir='ltr'><strong>LIS.</strong></span> 
     </span>
    </p>
   </div>
   <div class='ocr_carea' id='block_1_46' title="bbox 146 483 2894 555">
    <p class='ocr_par' dir='ltr' id='par_1_46' title="bbox 146 483 2894 555">
     <span class='ocr_line' id='line_1_47' title="bbox 146 483 2894 555; baseline -0.002 -14"><span class='ocrx_word' id='word_1_295' title='bbox 146 500 284 541; x_wconf 74' lang='lat' dir='ltr'><strong>mane</strong></span> <span class='ocrx_word' id='word_1_296' title='bbox 314 486 364 538; x_wconf 70' lang='lat' dir='ltr'><strong>in</strong></span> <span class='ocrx_word' id='word_1_297' title='bbox 397 484 549 545; x_wconf 88' lang='lat' dir='ltr'><strong>luna,</strong></span> <span class='ocrx_word' id='word_1_298' title='bbox 582 484 634 538; x_wconf 82' lang='lat' dir='ltr'><strong>id</strong></span> <span class='ocrx_word' id='word_1_299' title='bbox 663 492 745 539; x_wconf 87' lang='lat' dir='ltr'><strong>est</strong></span> <span class='ocrx_word' id='word_1_300' title='bbox 792 499 981 554; x_wconf 68' lang='lat' dir='ltr'><strong>usque</strong></span> <span class='ocrx_word' id='word_1_301' title='bbox 1002 485 1067 539; x_wconf 90' lang='lat' dir='ltr'><strong>ad</strong></span> <span class='ocrx_word' id='word_1_302' title='bbox 1099 494 1305 541; x_wconf 85' lang='lat' dir='ltr'><strong>sextam</strong></span> <span class='ocrx_word' id='word_1_303' title='bbox 1337 495 1389 541; x_wconf 93' lang='lat' dir='ltr'><strong>et</strong></span> <span class='ocrx_word' id='word_1_304' title='bbox 1412 486 1697 542; x_wconf 88' lang='lat' dir='ltr'><strong>dimidium</strong></span> <span class='ocrx_word' id='word_1_305' title='bbox 1732 493 1775 547; x_wconf 79' lang='grc' dir='ltr'><strong>Α</strong></span> <span class='ocrx_word' id='word_1_306' title='bbox 1803 499 1879 540; x_wconf 81' lang='lat' dir='ltr'><strong>est</strong></span> <span class='ocrx_word' id='word_1_307' title='bbox 1919 490 2102 541; x_wconf 85' lang='lat' dir='ltr'><strong>anima</strong></span> <span class='ocrx_word' id='word_1_308' title='bbox 2126 503 2241 541; x_wconf 84' lang='lat' dir='ltr'><strong>mea</strong></span> <span class='ocrx_word' id='word_1_309' title='bbox 2270 502 2431 555; x_wconf 81' lang='lat' dir='ltr'><strong>usque</strong></span> <span class='ocrx_word' id='word_1_310' title='bbox 2481 486 2549 538; x_wconf 83' lang='lat' dir='ltr'><strong>ad</strong></span> <span class='ocrx_word' id='word_1_311' title='bbox 2591 494 2808 537; x_wconf 86' lang='lat' dir='ltr'><strong>mortem</strong></span> <span class='ocrx_word' id='word_1_312' title='bbox 2838 483 2894 547; x_wconf 59' lang='grc' dir='ltr'><strong>ις</strong></span> 
     </span>
    </p>
   </div>
   <div class='ocr_carea' id='block_1_47' title="bbox 3270 358 3378 412">
    <p class='ocr_par' dir='ltr' id='par_1_47' title="bbox 3270 358 3378 412">
     <span class='ocr_line' id='line_1_48' title="bbox 3270 358 3378 412; baseline 0.009 -1"><span class='ocrx_word' id='word_1_313' title='bbox 3270 358 3378 412; x_wconf 66' lang='grc' dir='ltr'>ἓεὸ</span> 
     </span>
    </p>
   </div>
   <div class='ocr_carea' id='block_1_48' title="bbox 2949 481 3383 536">
    <p class='ocr_par' dir='ltr' id='par_1_48' title="bbox 2949 481 3383 536">
     <span class='ocr_line' id='line_1_49' title="bbox 2949 481 3383 536; baseline -0.012 0"><span class='ocrx_word' id='word_1_314' title='bbox 2949 481 3095 536; x_wconf 89' lang='lat' dir='ltr'><strong>aliud</strong></span> <span class='ocrx_word' id='word_1_315' title='bbox 3142 497 3266 535; x_wconf 91' lang='lat' dir='ltr'><strong>cum</strong></span> <span class='ocrx_word' id='word_1_316' title='bbox 3303 481 3383 532; x_wconf 83' lang='lat' dir='ltr'><strong>vi-</strong></span> 
     </span>
    </p>
   </div>
   <div class='ocr_carea' id='block_1_49' title="bbox 1808 575 3383 647">
    <p class='ocr_par' dir='ltr' id='par_1_49' title="bbox 1808 575 3383 647">
     <span class='ocr_line' id='line_1_50' title="bbox 1808 575 3383 647; baseline -0.006 -14"><span class='ocrx_word' id='word_1_317' title='bbox 1808 589 1957 634; x_wconf 88' lang='lat' dir='ltr'><strong>ctore</strong></span> <span class='ocrx_word' id='word_1_318' title='bbox 1988 580 2268 632; x_wconf 88' lang='lat' dir='ltr'><strong>inimicum</strong></span> <span class='ocrx_word' id='word_1_319' title='bbox 2302 579 2585 647; x_wconf 90' lang='lat' dir='ltr'><strong>antiquum</strong></span> <span class='ocrx_word' id='word_1_320' title='bbox 2645 575 3036 644; x_wconf 83' lang='lat' dir='ltr'><strong>triumphante,</strong></span> <span class='ocrx_word' id='word_1_321' title='bbox 3072 589 3136 627; x_wconf 90' lang='lat' dir='ltr'><strong>ac</strong></span> <span class='ocrx_word' id='word_1_322' title='bbox 3166 586 3383 627; x_wconf 87' lang='lat' dir='ltr'><strong>summo</strong></span> 
     </span>
    </p>
   </div>
   <div class='ocr_carea' id='block_1_50' title="bbox 1808 665 3380 739">
    <p class='ocr_par' dir='ltr' id='par_1_50' title="bbox 1808 665 3380 739">
     <span class='ocr_line' id='line_1_51' title="bbox 1808 665 3380 739; baseline -0.006 -14"><span class='ocrx_word' id='word_1_323' title='bbox 1808 671 2086 739; x_wconf 89' lang='lat' dir='ltr'><strong>triumpho</strong></span> <span class='ocrx_word' id='word_1_324' title='bbox 2146 671 2358 725; x_wconf 84' lang='lat' dir='ltr'><strong>devicto</strong></span> <span class='ocrx_word' id='word_1_325' title='bbox 2430 668 2745 723; x_wconf 89' lang='lat' dir='ltr'><strong>adversario</strong></span> <span class='ocrx_word' id='word_1_326' title='bbox 2807 668 3022 721; x_wconf 78' lang='lat' dir='ltr'><strong>lzetante</strong></span> <span class='ocrx_word' id='word_1_327' title='bbox 3082 665 3338 720; x_wconf 66' lang='lat' dir='ltr'><strong>collaatari</strong></span> <span class='ocrx_word' id='word_1_328' title='bbox 3366 704 3380 726; x_wconf 96' lang='lat'><strong>,</strong></span> 
     </span>
    </p>
   </div>
   <div class='ocr_carea' id='block_1_51' title="bbox 1811 756 3383 832">
    <p class='ocr_par' dir='ltr' id='par_1_51' title="bbox 1811 756 3383 832">
     <span class='ocr_line' id='line_1_52' title="bbox 1811 756 3383 832; baseline -0.004 -17"><span class='ocrx_word' id='word_1_329' title='bbox 1811 764 2041 831; x_wconf 89' lang='lat' dir='ltr'><strong>ipsomet</strong></span> <span class='ocrx_word' id='word_1_330' title='bbox 2097 762 2485 832; x_wconf 74' lang='lat' dir='ltr'><strong>praecipiente:</strong></span> <span class='ocrx_word' id='word_1_331' title='bbox 2541 759 2999 829; x_wconf 86' lang='lat' dir='ltr'><strong>Congratulamini</strong></span> <span class='ocrx_word' id='word_1_332' title='bbox 3060 759 3215 822; x_wconf 86' lang='lat' dir='ltr'><strong>mihi,</strong></span> <span class='ocrx_word' id='word_1_333' title='bbox 3259 756 3383 826; x_wconf 83' lang='lat' dir='ltr'><strong>quia</strong></span> 
     </span>
    </p>
   </div>
   <div class='ocr_carea' id='block_1_52' title="bbox 1809 850 2996 924">
    <p class='ocr_par' dir='ltr' id='par_1_52' title="bbox 1809 850 2996 924">
     <span class='ocr_line' id='line_1_53' title="bbox 1809 850 2996 924; baseline -0.003 -18"><span class='ocrx_word' id='word_1_334' title='bbox 1809 856 1983 907; x_wconf 75' lang='lat' dir='ltr'><strong>inverti</strong></span> <span class='ocrx_word' id='word_1_335' title='bbox 2016 872 2159 908; x_wconf 86' lang='lat' dir='ltr'><strong>ovem</strong></span> <span class='ocrx_word' id='word_1_336' title='bbox 2188 871 2358 908; x_wconf 82' lang='lat' dir='ltr'><strong>nteant</strong></span> <span class='ocrx_word' id='word_1_337' title='bbox 2384 870 2543 924; x_wconf 88' lang='lat' dir='ltr'><strong>quam</strong></span> <span class='ocrx_word' id='word_1_338' title='bbox 2590 850 2927 921; x_wconf 83' lang='lat' dir='ltr'><strong>perdideram</strong></span> <span class='ocrx_word' id='word_1_339' title='bbox 2955 851 2996 904; x_wconf 79' lang='grc'><strong>⁸.</strong></span> 
     </span>
    </p>
   </div>
   <div class='ocr_carea' id='block_1_53' title="bbox 1812 962 3386 1047">
    <p class='ocr_par' dir='ltr' id='par_1_53' title="bbox 1812 962 3386 1047">
     <span class='ocr_line' id='line_1_54' title="bbox 1812 962 3386 1047; baseline -0.004 -28"><span class='ocrx_word' id='word_1_340' title='bbox 1812 966 1901 1019; x_wconf 75' lang='lat' dir='ltr'><strong>XI.</strong></span> <span class='ocrx_word' id='word_1_341' title='bbox 1966 966 2187 1022; x_wconf 82' lang='lat' dir='ltr'><strong>Gemina</strong></span> <span class='ocrx_word' id='word_1_342' title='bbox 2233 968 2361 1020; x_wconf 87' lang='lat' dir='ltr'><strong>luna</strong></span> <span class='ocrx_word' id='word_1_343' title='bbox 2417 983 2507 1019; x_wconf 82' lang='lat' dir='ltr'><strong>xvi</strong></span> <span class='ocrx_word' id='word_1_344' title='bbox 2553 976 2600 1047; x_wconf 75' lang='lat' dir='ltr'><strong>et</strong></span> <span class='ocrx_word' id='word_1_345' title='bbox 2650 981 2762 1018; x_wconf 81' lang='lat' dir='ltr'><strong>xvii</strong></span> <span class='ocrx_word' id='word_1_346' title='bbox 2798 966 2852 1018; x_wconf 90' lang='lat' dir='ltr'><strong>in</strong></span> <span class='ocrx_word' id='word_1_347' title='bbox 2901 962 3103 1018; x_wconf 75' lang='lat' dir='ltr'><strong>Christi</strong></span> <span class='ocrx_word' id='word_1_348' title='bbox 3151 976 3386 1017; x_wconf 83' lang='lat' dir='ltr'><strong>resurre-</strong></span> 
     </span>
    </p>
   </div>
   <div class='ocr_carea' id='block_1_54' title="bbox 2520 1048 2704 1090">
    <p class='ocr_par' dir='ltr' id='par_1_54' title="bbox 2520 1048 2704 1090">
     <span class='ocr_line' id='line_1_55' title="bbox 2520 1048 2704 1090; baseline -0.005 0"><span class='ocrx_word' id='word_1_349' title='bbox 2520 1048 2704 1090; x_wconf 80' lang='lat' dir='ltr'><strong>ctione.</strong></span> 
     </span>
    </p>
   </div>
   <div class='ocr_carea' id='block_1_55' title="bbox 1883 1122 3385 1195">
    <p class='ocr_par' dir='ltr' id='par_1_55' title="bbox 1883 1122 3385 1195">
     <span class='ocr_line' id='line_1_56' title="bbox 1883 1122 3385 1195; baseline -0.006 -12"><span class='ocrx_word' id='word_1_350' title='bbox 1883 1129 2014 1183; x_wconf 92' lang='lat' dir='ltr'><strong>Illud</strong></span> <span class='ocrx_word' id='word_1_351' title='bbox 2074 1137 2255 1183; x_wconf 91' lang='lat' dir='ltr'><strong>autem</strong></span> <span class='ocrx_word' id='word_1_352' title='bbox 2304 1127 2448 1195; x_wconf 92' lang='lat' dir='ltr'><strong>quod</strong></span> <span class='ocrx_word' id='word_1_353' title='bbox 2501 1127 2664 1181; x_wconf 89' lang='lat' dir='ltr'><strong>modo</strong></span> <span class='ocrx_word' id='word_1_354' title='bbox 2722 1126 2880 1179; x_wconf 86' lang='lat' dir='ltr'><strong>nobis</strong></span> <span class='ocrx_word' id='word_1_355' title='bbox 2929 1124 3183 1190; x_wconf 87' lang='lat' dir='ltr'><strong>innuunt,</strong></span> <span class='ocrx_word' id='word_1_356' title='bbox 3241 1122 3385 1191; x_wconf 88' lang='lat' dir='ltr'><strong>quod</strong></span> 
     </span>
    </p>
   </div>
   <div class='ocr_carea' id='block_1_56' title="bbox 1813 1213 3387 1285">
    <p class='ocr_par' dir='ltr' id='par_1_56' title="bbox 1813 1213 3387 1285">
     <span class='ocr_line' id='line_1_57' title="bbox 1813 1213 3387 1285; baseline -0.006 -12"><span class='ocrx_word' id='word_1_357' title='bbox 1813 1228 2159 1273; x_wconf 88' lang='lat' dir='ltr'><strong>transeuntes</strong></span> <span class='ocrx_word' id='word_1_358' title='bbox 2192 1218 2377 1273; x_wconf 89' lang='lat' dir='ltr'><strong>lunam</strong></span> <span class='ocrx_word' id='word_1_359' title='bbox 2415 1234 2503 1270; x_wconf 81' lang='lat' dir='ltr'><strong>xiv</strong></span> <span class='ocrx_word' id='word_1_360' title='bbox 2536 1217 2863 1285; x_wconf 84' lang='lat' dir='ltr'><strong>principium</strong></span> <span class='ocrx_word' id='word_1_361' title='bbox 2891 1214 3114 1271; x_wconf 66' lang='lat' dir='ltr'><strong>Pascha:</strong></span> <span class='ocrx_word' id='word_1_362' title='bbox 3145 1213 3387 1267; x_wconf 82' lang='lat' dir='ltr'><strong>lucidum</strong></span> 
     </span>
    </p>
   </div>
   <div class='ocr_carea' id='block_1_57' title="bbox 1812 1312 3390 1378">
    <p class='ocr_par' dir='ltr' id='par_1_57' title="bbox 1812 1312 3390 1378">
     <span class='ocr_line' id='line_1_58' title="bbox 1812 1312 3390 1378; baseline -0.005 -13"><span class='ocrx_word' id='word_1_363' title='bbox 1812 1312 2088 1365; x_wconf 88' lang='lat' dir='ltr'><strong>celebrare</strong></span> <span class='ocrx_word' id='word_1_364' title='bbox 2144 1324 2253 1363; x_wconf 90' lang='lat' dir='ltr'><strong>non</strong></span> <span class='ocrx_word' id='word_1_365' title='bbox 2300 1323 2617 1378; x_wconf 90' lang='lat' dir='ltr'><strong>possumus,</strong></span> <span class='ocrx_word' id='word_1_366' title='bbox 2670 1323 2773 1361; x_wconf 88' lang='lat' dir='ltr'><strong>nos</strong></span> <span class='ocrx_word' id='word_1_367' title='bbox 2817 1323 2925 1359; x_wconf 91' lang='lat' dir='ltr'><strong>non</strong></span> <span class='ocrx_word' id='word_1_368' title='bbox 2973 1315 3154 1360; x_wconf 89' lang='lat' dir='ltr'><strong>movet</strong></span> <span class='ocrx_word' id='word_1_369' title='bbox 3215 1320 3390 1373; x_wconf 86' lang='lat' dir='ltr'><strong>neque</strong></span> 
     </span>
    </p>
   </div>
   <div class='ocr_carea' id='block_1_58' title="bbox 1814 1398 3386 1469">
    <p class='ocr_par' dir='ltr' id='par_1_58' title="bbox 1814 1398 3386 1469">
     <span class='ocr_line' id='line_1_59' title="bbox 1814 1398 3386 1469; baseline -0.006 -11"><span class='ocrx_word' id='word_1_370' title='bbox 1814 1404 2123 1458; x_wconf 86' lang='lat' dir='ltr'><strong>conturbat.</strong></span> <span class='ocrx_word' id='word_1_371' title='bbox 2162 1402 2313 1457; x_wconf 89' lang='lat' dir='ltr'><strong>Licet</strong></span> <span class='ocrx_word' id='word_1_372' title='bbox 2346 1403 2513 1464; x_wconf 87' lang='lat' dir='ltr'><strong>enim,</strong></span> <span class='ocrx_word' id='word_1_373' title='bbox 2548 1416 2724 1469; x_wconf 91' lang='lat' dir='ltr'><strong>usque</strong></span> <span class='ocrx_word' id='word_1_374' title='bbox 2769 1399 2836 1453; x_wconf 92' lang='lat' dir='ltr'><strong>ad</strong></span> <span class='ocrx_word' id='word_1_375' title='bbox 2864 1399 3177 1453; x_wconf 86' lang='lat' dir='ltr'><strong>vicesimam</strong></span> <span class='ocrx_word' id='word_1_376' title='bbox 3203 1398 3386 1450; x_wconf 88' lang='lat' dir='ltr'><strong>lunam</strong></span> 
     </span>
    </p>
   </div>
   <div class='ocr_carea' id='block_1_59' title="bbox 1814 1486 3389 1566">
    <p class='ocr_par' dir='ltr' id='par_1_59' title="bbox 1814 1486 3389 1566">
     <span class='ocr_line' id='line_1_60' title="bbox 1814 1486 3389 1566; baseline -0.006 -17"><span class='ocrx_word' id='word_1_377' title='bbox 1814 1496 2144 1566; x_wconf 88' lang='lat' dir='ltr'><strong>principium</strong></span> <span class='ocrx_word' id='word_1_378' title='bbox 2209 1493 2435 1548; x_wconf 73' lang='lat' dir='ltr'><strong>Pascha:</strong></span> <span class='ocrx_word' id='word_1_379' title='bbox 2489 1491 2732 1554; x_wconf 82' lang='lat' dir='ltr'><strong>extendi,</strong></span> <span class='ocrx_word' id='word_1_380' title='bbox 2790 1489 3038 1542; x_wconf 90' lang='lat' dir='ltr'><strong>illicitum</strong></span> <span class='ocrx_word' id='word_1_381' title='bbox 3081 1503 3201 1542; x_wconf 88' lang='lat' dir='ltr'><strong>esse</strong></span> <span class='ocrx_word' id='word_1_382' title='bbox 3254 1486 3389 1541; x_wconf 81' lang='lat' dir='ltr'><strong>deli-</strong></span> 
     </span>
    </p>
   </div>
   <div class='ocr_carea' id='block_1_60' title="bbox 1816 1579 3391 1657">
    <p class='ocr_par' dir='ltr' id='par_1_60' title="bbox 1816 1579 3391 1657">
     <span class='ocr_line' id='line_1_61' title="bbox 1816 1579 3391 1657; baseline -0.006 -15"><span class='ocrx_word' id='word_1_383' title='bbox 1816 1590 1969 1643; x_wconf 88' lang='lat' dir='ltr'><strong>niant</strong></span> <span class='ocrx_word' id='word_1_384' title='bbox 1990 1605 2005 1653; x_wconf 89' lang='lat'><strong>;</strong></span> <span class='ocrx_word' id='word_1_385' title='bbox 2029 1599 2207 1642; x_wconf 85' lang='lat' dir='ltr'><strong>tamen</strong></span> <span class='ocrx_word' id='word_1_386' title='bbox 2242 1602 2415 1657; x_wconf 88' lang='lat' dir='ltr'><strong>usque</strong></span> <span class='ocrx_word' id='word_1_387' title='bbox 2465 1586 2531 1640; x_wconf 89' lang='lat' dir='ltr'><strong>ad</strong></span> <span class='ocrx_word' id='word_1_388' title='bbox 2583 1600 2671 1639; x_wconf 69' lang='lat' dir='ltr'><strong>xv:</strong></span> <span class='ocrx_word' id='word_1_389' title='bbox 2704 1594 2759 1638; x_wconf 89' lang='lat' dir='ltr'><strong>et</strong></span> <span class='ocrx_word' id='word_1_390' title='bbox 2786 1599 2921 1649; x_wconf 87' lang='lat' dir='ltr'><strong>xvn,</strong></span> <span class='ocrx_word' id='word_1_391' title='bbox 2966 1597 3087 1651; x_wconf 65' lang='lat' dir='ltr'><strong>quae</strong></span> <span class='ocrx_word' id='word_1_392' title='bbox 3117 1580 3170 1635; x_wconf 92' lang='lat' dir='ltr'><strong>in</strong></span> <span class='ocrx_word' id='word_1_393' title='bbox 3203 1579 3391 1634; x_wconf 90' lang='lat' dir='ltr'><strong>eadem</strong></span> 
     </span>
    </p>
   </div>
   <div class='ocr_carea' id='block_1_61' title="bbox 1814 1674 3392 1748">
    <p class='ocr_par' dir='ltr' id='par_1_61' title="bbox 1814 1674 3392 1748">
     <span class='ocr_line' id='line_1_62' title="bbox 1814 1674 3392 1748; baseline -0.005 -13"><span class='ocrx_word' id='word_1_394' title='bbox 1814 1682 1903 1735; x_wconf 89' lang='lat' dir='ltr'><strong>die</strong></span> <span class='ocrx_word' id='word_1_395' title='bbox 1930 1681 2188 1736; x_wconf 86' lang='lat' dir='ltr'><strong>eveniunt</strong></span> <span class='ocrx_word' id='word_1_396' title='bbox 2218 1680 2271 1734; x_wconf 92' lang='lat' dir='ltr'><strong>in</strong></span> <span class='ocrx_word' id='word_1_397' title='bbox 2307 1695 2413 1748; x_wconf 92' lang='lat' dir='ltr'><strong>qua</strong></span> <span class='ocrx_word' id='word_1_398' title='bbox 2440 1678 2707 1732; x_wconf 88' lang='lat' dir='ltr'><strong>Dominus</strong></span> <span class='ocrx_word' id='word_1_399' title='bbox 2740 1677 3040 1731; x_wconf 84' lang='lat' dir='ltr'><strong>resurrexit</strong></span> <span class='ocrx_word' id='word_1_400' title='bbox 3073 1691 3101 1728; x_wconf 89' lang='lat' dir='ltr'><strong>a</strong></span> <span class='ocrx_word' id='word_1_401' title='bbox 3139 1674 3392 1737; x_wconf 86' lang='lat' dir='ltr'><strong>mortuis,</strong></span> 
     </span>
    </p>
   </div>
   <div class='ocr_carea' id='block_1_62' title="bbox 1819 1767 3395 1841">
    <p class='ocr_par' dir='ltr' id='par_1_62' title="bbox 1819 1767 3395 1841">
     <span class='ocr_line' id='line_1_63' title="bbox 1819 1767 3395 1841; baseline -0.004 -16"><span class='ocrx_word' id='word_1_402' title='bbox 1819 1773 2314 1841; x_wconf 88' lang='lat' dir='ltr'><strong>protelarideberc,</strong></span> <span class='ocrx_word' id='word_1_403' title='bbox 2346 1785 2546 1841; x_wconf 81' lang='lat' dir='ltr'><strong>negare</strong></span> <span class='ocrx_word' id='word_1_404' title='bbox 2593 1786 2701 1824; x_wconf 94' lang='lat' dir='ltr'><strong>non</strong></span> <span class='ocrx_word' id='word_1_405' title='bbox 2740 1778 2994 1839; x_wconf 89' lang='lat' dir='ltr'><strong>possunt.</strong></span> <span class='ocrx_word' id='word_1_406' title='bbox 3032 1767 3135 1821; x_wconf 89' lang='lat' dir='ltr'><strong>Sed</strong></span> <span class='ocrx_word' id='word_1_407' title='bbox 3167 1782 3266 1821; x_wconf 93' lang='lat' dir='ltr'><strong>nos</strong></span> <span class='ocrx_word' id='word_1_408' title='bbox 3302 1782 3395 1819; x_wconf 90' lang='lat' dir='ltr'><strong>ns-</strong></span> 
     </span>
    </p>
   </div>
   <div class='ocr_carea' id='block_1_63' title="bbox 1813 1857 3395 1935">
    <p class='ocr_par' dir='ltr' id='par_1_63' title="bbox 1813 1857 3395 1935">
     <span class='ocr_line' id='line_1_64' title="bbox 1813 1857 3395 1935; baseline -0.004 -17"><span class='ocrx_word' id='word_1_409' title='bbox 1813 1880 1921 1935; x_wconf 90' lang='lat' dir='ltr'><strong>que</strong></span> <span class='ocrx_word' id='word_1_410' title='bbox 1946 1864 2012 1918; x_wconf 88' lang='lat' dir='ltr'><strong>ad</strong></span> <span class='ocrx_word' id='word_1_411' title='bbox 2046 1880 2115 1918; x_wconf 88' lang='lat' dir='ltr'><strong>xx</strong></span> <span class='ocrx_word' id='word_1_412' title='bbox 2145 1864 2330 1917; x_wconf 91' lang='lat' dir='ltr'><strong>lunam</strong></span> <span class='ocrx_word' id='word_1_413' title='bbox 2364 1872 2584 1933; x_wconf 90' lang='lat' dir='ltr'><strong>propter</strong></span> <span class='ocrx_word' id='word_1_414' title='bbox 2638 1862 2783 1916; x_wconf 89' lang='lat' dir='ltr'><strong>diem</strong></span> <span class='ocrx_word' id='word_1_415' title='bbox 2827 1859 3165 1916; x_wconf 90' lang='lat' dir='ltr'><strong>Dominicam</strong></span> <span class='ocrx_word' id='word_1_416' title='bbox 3201 1857 3395 1912; x_wconf 86' lang='lat' dir='ltr'><strong>melius</strong></span> 
     </span>
    </p>
   </div>
   <div class='ocr_carea' id='block_1_64' title="bbox 1811 1949 3396 2023">
    <p class='ocr_par' dir='ltr' id='par_1_64' title="bbox 1811 1949 3396 2023">
     <span class='ocr_line' id='line_1_65' title="bbox 1811 1949 3396 2023; baseline -0.006 -14"><span class='ocrx_word' id='word_1_417' title='bbox 1811 1956 2029 2011; x_wconf 78' lang='lat' dir='ltr'><strong>extendi</strong></span> <span class='ocrx_word' id='word_1_418' title='bbox 2062 1954 2269 2009; x_wconf 86' lang='lat' dir='ltr'><strong>Pascha</strong></span> <span class='ocrx_word' id='word_1_419' title='bbox 2300 1953 2669 2019; x_wconf 87' lang='lat' dir='ltr'><strong>decernimus,</strong></span> <span class='ocrx_word' id='word_1_420' title='bbox 2721 1969 2886 2023; x_wconf 91' lang='lat' dir='ltr'><strong>quam</strong></span> <span class='ocrx_word' id='word_1_421' title='bbox 2923 1961 3141 2021; x_wconf 88' lang='lat' dir='ltr'><strong>propter</strong></span> <span class='ocrx_word' id='word_1_422' title='bbox 3169 1964 3263 2002; x_wconf 83' lang='lat' dir='ltr'><strong>xiv</strong></span> <span class='ocrx_word' id='word_1_423' title='bbox 3317 1949 3396 2000; x_wconf 51' lang='lat' dir='ltr'><strong>lu-</strong></span> 
     </span>
    </p>
   </div>
   <div class='ocr_carea' id='block_1_65' title="bbox 1814 2042 3394 2115">
    <p class='ocr_par' dir='ltr' id='par_1_65' title="bbox 1814 2042 3394 2115">
     <span class='ocr_line' id='line_1_66' title="bbox 1814 2042 3394 2115; baseline -0.006 -13"><span class='ocrx_word' id='word_1_424' title='bbox 1814 2063 1938 2103; x_wconf 88' lang='lat' dir='ltr'><strong>nam</strong></span> <span class='ocrx_word' id='word_1_425' title='bbox 1972 2048 2115 2101; x_wconf 91' lang='lat' dir='ltr'><strong>diem</strong></span> <span class='ocrx_word' id='word_1_426' title='bbox 2148 2047 2488 2102; x_wconf 91' lang='lat' dir='ltr'><strong>Dominicam</strong></span> <span class='ocrx_word' id='word_1_427' title='bbox 2534 2046 2875 2115; x_wconf 85' lang='lat' dir='ltr'><strong>anticipare;</strong></span> <span class='ocrx_word' id='word_1_428' title='bbox 2914 2047 2968 2099; x_wconf 92' lang='lat' dir='ltr'><strong>in</strong></span> <span class='ocrx_word' id='word_1_429' title='bbox 3002 2060 3109 2112; x_wconf 89' lang='lat' dir='ltr'><strong>qua</strong></span> <span class='ocrx_word' id='word_1_430' title='bbox 3151 2042 3312 2095; x_wconf 86' lang='lat' dir='ltr'><strong>nobis</strong></span> <span class='ocrx_word' id='word_1_431' title='bbox 3339 2042 3394 2093; x_wconf 89' lang='lat' dir='ltr'><strong>in</strong></span> 
     </span>
    </p>
   </div>
   <div class='ocr_carea' id='block_1_66' title="bbox 1815 2135 3393 2207">
    <p class='ocr_par' dir='ltr' id='par_1_66' title="bbox 1815 2135 3393 2207">
     <span class='ocr_line' id='line_1_67' title="bbox 1815 2135 3393 2207; baseline -0.003 -20"><span class='ocrx_word' id='word_1_432' title='bbox 1815 2138 2085 2207; x_wconf 84' lang='lat' dir='ltr'><strong>principio</strong></span> <span class='ocrx_word' id='word_1_433' title='bbox 2131 2138 2246 2203; x_wconf 86' lang='lat' dir='ltr'><strong>lux,</strong></span> <span class='ocrx_word' id='word_1_434' title='bbox 2291 2145 2346 2191; x_wconf 89' lang='lat' dir='ltr'><strong>et</strong></span> <span class='ocrx_word' id='word_1_435' title='bbox 2397 2152 2544 2189; x_wconf 87' lang='lat' dir='ltr'><strong>nunc</strong></span> <span class='ocrx_word' id='word_1_436' title='bbox 2574 2137 2629 2189; x_wconf 90' lang='lat' dir='ltr'><strong>in</strong></span> <span class='ocrx_word' id='word_1_437' title='bbox 2682 2136 2786 2190; x_wconf 87' lang='lat' dir='ltr'><strong>line</strong></span> <span class='ocrx_word' id='word_1_438' title='bbox 2833 2135 3081 2190; x_wconf 90' lang='lat' dir='ltr'><strong>omnium</strong></span> <span class='ocrx_word' id='word_1_439' title='bbox 3120 2135 3393 2187; x_wconf 90' lang='lat' dir='ltr'><strong>bonorum</strong></span> 
     </span>
    </p>
   </div>
   <div class='ocr_carea' id='block_1_67' title="bbox 1814 2228 3396 2302">
    <p class='ocr_par' dir='ltr' id='par_1_67' title="bbox 1814 2228 3396 2302">
     <span class='ocr_line' id='line_1_68' title="bbox 1814 2228 3396 2302; baseline -0.003 -16"><span class='ocrx_word' id='word_1_440' title='bbox 1814 2233 2163 2302; x_wconf 80' lang='lat' dir='ltr'><strong>praesentium</strong></span> <span class='ocrx_word' id='word_1_441' title='bbox 2185 2232 2474 2288; x_wconf 86' lang='lat' dir='ltr'><strong>commoda</strong></span> <span class='ocrx_word' id='word_1_442' title='bbox 2500 2239 2552 2285; x_wconf 90' lang='lat' dir='ltr'><strong>et</strong></span> <span class='ocrx_word' id='word_1_443' title='bbox 2574 2230 2819 2300; x_wconf 89' lang='lat' dir='ltr'><strong>auspicia</strong></span> <span class='ocrx_word' id='word_1_444' title='bbox 2842 2228 3152 2283; x_wconf 74' lang='lat' dir='ltr'><strong>futurorum</strong></span> <span class='ocrx_word' id='word_1_445' title='bbox 3176 2237 3396 2282; x_wconf 87' lang='lat' dir='ltr'><strong>ostensa</strong></span> 
     </span>
    </p>
   </div>
   <div class='ocr_carea' id='block_1_68' title="bbox 1814 2318 3396 2388">
    <p class='ocr_par' dir='ltr' id='par_1_68' title="bbox 1814 2318 3396 2388">
     <span class='ocr_line' id='line_1_69' title="bbox 1814 2318 3396 2388; baseline -0.004 -11"><span class='ocrx_word' id='word_1_446' title='bbox 1814 2334 1961 2378; x_wconf 87' lang='lat' dir='ltr'><strong>sunt.</strong></span> <span class='ocrx_word' id='word_1_447' title='bbox 1988 2322 2126 2388; x_wconf 85' lang='lat' dir='ltr'><strong>Quia</strong></span> <span class='ocrx_word' id='word_1_448' title='bbox 2157 2338 2265 2375; x_wconf 91' lang='lat' dir='ltr'><strong>non</strong></span> <span class='ocrx_word' id='word_1_449' title='bbox 2294 2323 2503 2376; x_wconf 89' lang='lat' dir='ltr'><strong>minore</strong></span> <span class='ocrx_word' id='word_1_450' title='bbox 2528 2321 2687 2374; x_wconf 90' lang='lat' dir='ltr'><strong>laude</strong></span> <span class='ocrx_word' id='word_1_451' title='bbox 2740 2319 3003 2374; x_wconf 88' lang='lat' dir='ltr'><strong>Dominus</strong></span> <span class='ocrx_word' id='word_1_452' title='bbox 3024 2319 3168 2373; x_wconf 88' lang='lat' dir='ltr'><strong>diem</strong></span> <span class='ocrx_word' id='word_1_453' title='bbox 3197 2318 3396 2372; x_wconf 91' lang='lat' dir='ltr'><strong>vicesi-</strong></span> 
     </span>
    </p>
   </div>
   <div class='ocr_carea' id='block_1_69' title="bbox 1814 2408 3395 2485">
    <p class='ocr_par' dir='ltr' id='par_1_69' title="bbox 1814 2408 3395 2485">
     <span class='ocr_line' id='line_1_70' title="bbox 1814 2408 3395 2485; baseline -0.006 -15"><span class='ocrx_word' id='word_1_454' title='bbox 1814 2433 1963 2470; x_wconf 89' lang='lat' dir='ltr'><strong>mum</strong></span> <span class='ocrx_word' id='word_1_455' title='bbox 2031 2417 2403 2485; x_wconf 87' lang='lat' dir='ltr'><strong>prosequitur,</strong></span> <span class='ocrx_word' id='word_1_456' title='bbox 2467 2430 2632 2484; x_wconf 92' lang='lat' dir='ltr'><strong>quam</strong></span> <span class='ocrx_word' id='word_1_457' title='bbox 2683 2414 2955 2467; x_wconf 89' lang='lat' dir='ltr'><strong>decimum</strong></span> <span class='ocrx_word' id='word_1_458' title='bbox 3019 2420 3300 2480; x_wconf 91' lang='lat' dir='ltr'><strong>quartum.</strong></span> <span class='ocrx_word' id='word_1_459' title='bbox 3340 2408 3395 2461; x_wconf 93' lang='lat' dir='ltr'><strong>In</strong></span> 
     </span>
    </p>
   </div>
   <div class='ocr_carea' id='block_1_70' title="bbox 1816 2502 3394 2577">
    <p class='ocr_par' dir='ltr' id='par_1_70' title="bbox 1816 2502 3394 2577">
     <span class='ocr_line' id='line_1_71' title="bbox 1816 2502 3394 2577; baseline -0.006 -15"><span class='ocrx_word' id='word_1_460' title='bbox 1816 2509 2057 2563; x_wconf 84' lang='lat' dir='ltr'><strong>Levitico</strong></span> <span class='ocrx_word' id='word_1_461' title='bbox 2109 2524 2349 2577; x_wconf 87' lang='lat' dir='ltr'><strong>namque</strong></span> <span class='ocrx_word' id='word_1_462' title='bbox 2420 2508 2494 2561; x_wconf 90' lang='lat' dir='ltr'><strong>ita</strong></span> <span class='ocrx_word' id='word_1_463' title='bbox 2543 2507 2907 2577; x_wconf 65' lang='lat' dir='ltr'><strong>prascipitur:</strong></span> <span class='ocrx_word' id='word_1_464' title='bbox 2984 2502 3157 2558; x_wconf 75' lang='lat' dir='ltr'><strong>Hense</strong></span> <span class='ocrx_word' id='word_1_465' title='bbox 3202 2503 3394 2570; x_wconf 84' lang='lat' dir='ltr'><strong>primo,</strong></span> 
     </span>
    </p>
   </div>
   <div class='ocr_carea' id='block_1_71' title="bbox 1813 2597 3397 2670">
    <p class='ocr_par' dir='ltr' id='par_1_71' title="bbox 1813 2597 3397 2670">
     <span class='ocr_line' id='line_1_72' title="bbox 1813 2597 3397 2670; baseline -0.005 -17"><span class='ocrx_word' id='word_1_466' title='bbox 1813 2602 2015 2654; x_wconf 86' lang='lat' dir='ltr'><strong>decimo</strong></span> <span class='ocrx_word' id='word_1_467' title='bbox 2088 2610 2277 2670; x_wconf 86' lang='lat' dir='ltr'><strong>quarto</strong></span> <span class='ocrx_word' id='word_1_468' title='bbox 2350 2600 2435 2653; x_wconf 85' lang='lat' dir='ltr'><strong>die</strong></span> <span class='ocrx_word' id='word_1_469' title='bbox 2511 2598 2704 2652; x_wconf 79' lang='lat' dir='ltr'><strong>mensis</strong></span> <span class='ocrx_word' id='word_1_470' title='bbox 2767 2597 2924 2666; x_wconf 84' lang='lat' dir='ltr'><strong>hujus</strong></span> <span class='ocrx_word' id='word_1_471' title='bbox 2993 2597 3061 2648; x_wconf 88' lang='lat' dir='ltr'><strong>ad</strong></span> <span class='ocrx_word' id='word_1_472' title='bbox 3132 2609 3397 2664; x_wconf 86' lang='lat' dir='ltr'><strong>vesperum</strong></span> 
     </span>
    </p>
   </div>
   <div class='ocr_carea' id='block_1_72' title="bbox 1815 2685 3399 2763">
    <p class='ocr_par' dir='ltr' id='par_1_72' title="bbox 1815 2685 3399 2763">
     <span class='ocr_line' id='line_1_73' title="bbox 1815 2685 3399 2763; baseline -0.007 -17"><span class='ocrx_word' id='word_1_473' title='bbox 1815 2694 1976 2763; x_wconf 83' lang='lat' dir='ltr'><strong>phase</strong></span> <span class='ocrx_word' id='word_1_474' title='bbox 2028 2692 2244 2745; x_wconf 88' lang='lat' dir='ltr'><strong>Domini</strong></span> <span class='ocrx_word' id='word_1_475' title='bbox 2273 2700 2369 2745; x_wconf 87' lang='lat' dir='ltr'><strong>est.</strong></span> <span class='ocrx_word' id='word_1_476' title='bbox 2409 2690 2473 2742; x_wconf 88' lang='lat' dir='ltr'><strong>Et</strong></span> <span class='ocrx_word' id='word_1_477' title='bbox 2498 2690 2701 2743; x_wconf 83' lang='lat' dir='ltr'><strong>decimo</strong></span> <span class='ocrx_word' id='word_1_478' title='bbox 2746 2690 2932 2758; x_wconf 87' lang='lat' dir='ltr'><strong>quinto</strong></span> <span class='ocrx_word' id='word_1_479' title='bbox 2962 2689 3047 2741; x_wconf 84' lang='lat' dir='ltr'><strong>die</strong></span> <span class='ocrx_word' id='word_1_480' title='bbox 3078 2688 3272 2740; x_wconf 83' lang='lat' dir='ltr'><strong>mensis</strong></span> <span class='ocrx_word' id='word_1_481' title='bbox 3303 2685 3399 2736; x_wconf 90' lang='lat' dir='ltr'><strong>Im-</strong></span> 
     </span>
    </p>
   </div>
   <div class='ocr_carea' id='block_1_73' title="bbox 1806 2778 3398 2854">
    <p class='ocr_par' dir='ltr' id='par_1_73' title="bbox 1806 2778 3398 2854">
     <span class='ocr_line' id='line_1_74' title="bbox 1806 2778 3398 2854; baseline -0.004 -19"><span class='ocrx_word' id='word_1_482' title='bbox 1806 2786 1897 2854; x_wconf 74' lang='lat' dir='ltr'><strong>jus</strong></span> <span class='ocrx_word' id='word_1_483' title='bbox 1938 2784 2243 2838; x_wconf 84' lang='lat' dir='ltr'><strong>solemnitas</strong></span> <span class='ocrx_word' id='word_1_484' title='bbox 2275 2798 2582 2853; x_wconf 71' lang='lat' dir='ltr'><strong>azymorum</strong></span> <span class='ocrx_word' id='word_1_485' title='bbox 2611 2781 2827 2835; x_wconf 86' lang='lat' dir='ltr'><strong>Domini</strong></span> <span class='ocrx_word' id='word_1_486' title='bbox 2851 2791 2951 2835; x_wconf 84' lang='lat' dir='ltr'><strong>est.</strong></span> <span class='ocrx_word' id='word_1_487' title='bbox 2984 2779 3190 2848; x_wconf 79' lang='lat' dir='ltr'><strong>Septem</strong></span> <span class='ocrx_word' id='word_1_488' title='bbox 3216 2778 3398 2831; x_wconf 86' lang='lat' dir='ltr'><strong>diebus</strong></span> 
     </span>
    </p>
   </div>
   <div class='ocr_carea' id='block_1_74' title="bbox 1816 2871 3398 2946">
    <p class='ocr_par' dir='ltr' id='par_1_74' title="bbox 1816 2871 3398 2946">
     <span class='ocr_line' id='line_1_75' title="bbox 1816 2871 3398 2946; baseline -0.003 -18"><span class='ocrx_word' id='word_1_489' title='bbox 1816 2892 2007 2946; x_wconf 65' lang='lat' dir='ltr'><strong>azyma</strong></span> <span class='ocrx_word' id='word_1_490' title='bbox 2039 2876 2343 2929; x_wconf 86' lang='lat' dir='ltr'><strong>comedetis.</strong></span> <span class='ocrx_word' id='word_1_491' title='bbox 2382 2875 2504 2929; x_wconf 83' lang='lat' dir='ltr'><strong>Dies</strong></span> <span class='ocrx_word' id='word_1_492' title='bbox 2558 2876 2761 2944; x_wconf 78' lang='lat' dir='ltr'><strong>primus</strong></span> <span class='ocrx_word' id='word_1_493' title='bbox 2804 2876 2905 2928; x_wconf 85' lang='lat' dir='ltr'><strong>erit</strong></span> <span class='ocrx_word' id='word_1_494' title='bbox 2935 2875 3077 2928; x_wconf 83' lang='lat' dir='ltr'><strong>vobis</strong></span> <span class='ocrx_word' id='word_1_495' title='bbox 3126 2871 3398 2925; x_wconf 80' lang='lat' dir='ltr'><strong>celeberri-</strong></span> 
     </span>
    </p>
   </div>
   <div class='ocr_carea' id='block_1_75' title="bbox 1816 2964 3397 3034">
    <p class='ocr_par' dir='ltr' id='par_1_75' title="bbox 1816 2964 3397 3034">
     <span class='ocr_line' id='line_1_76' title="bbox 1816 2964 3397 3034; baseline -0.004 -13"><span class='ocrx_word' id='word_1_496' title='bbox 1816 2985 1931 3021; x_wconf 87' lang='lat' dir='ltr'><strong>mus</strong></span> <span class='ocrx_word' id='word_1_497' title='bbox 1953 2978 2001 3021; x_wconf 90' lang='lat' dir='ltr'><strong>et</strong></span> <span class='ocrx_word' id='word_1_498' title='bbox 2031 2976 2265 3021; x_wconf 83' lang='lat' dir='ltr'><strong>sanctus.</strong></span> <span class='ocrx_word' id='word_1_499' title='bbox 2301 2966 2466 3020; x_wconf 87' lang='lat' dir='ltr'><strong>Omne</strong></span> <span class='ocrx_word' id='word_1_500' title='bbox 2493 2982 2622 3034; x_wconf 87' lang='lat' dir='ltr'><strong>opus</strong></span> <span class='ocrx_word' id='word_1_501' title='bbox 2657 2966 2843 3019; x_wconf 85' lang='lat' dir='ltr'><strong>servile</strong></span> <span class='ocrx_word' id='word_1_502' title='bbox 2873 2981 2977 3018; x_wconf 88' lang='lat' dir='ltr'><strong>non</strong></span> <span class='ocrx_word' id='word_1_503' title='bbox 3009 2965 3215 3034; x_wconf 82' lang='lat' dir='ltr'><strong>facietis</strong></span> <span class='ocrx_word' id='word_1_504' title='bbox 3244 2964 3397 3016; x_wconf 86' lang='lat' dir='ltr'><strong>ineo.</strong></span> 
     </span>
    </p>
   </div>
   <div class='ocr_carea' id='block_1_76' title="bbox 1818 3055 3396 3126">
    <p class='ocr_par' dir='ltr' id='par_1_76' title="bbox 1818 3055 3396 3126">
     <span class='ocr_line' id='line_1_77' title="bbox 1818 3055 3396 3126; baseline -0.003 -14"><span class='ocrx_word' id='word_1_505' title='bbox 1818 3059 1942 3112; x_wconf 88' lang='lat' dir='ltr'><strong>Dies</strong></span> <span class='ocrx_word' id='word_1_506' title='bbox 1974 3069 2148 3113; x_wconf 81' lang='lat' dir='ltr'><strong>autem</strong></span> <span class='ocrx_word' id='word_1_507' title='bbox 2182 3060 2433 3126; x_wconf 86' lang='lat' dir='ltr'><strong>septimus</strong></span> <span class='ocrx_word' id='word_1_508' title='bbox 2458 3059 2559 3112; x_wconf 88' lang='lat' dir='ltr'><strong>erit</strong></span> <span class='ocrx_word' id='word_1_509' title='bbox 2608 3057 2752 3112; x_wconf 84' lang='lat' dir='ltr'><strong>vobis</strong></span> <span class='ocrx_word' id='word_1_510' title='bbox 2776 3058 3030 3110; x_wconf 81' lang='lat' dir='ltr'><strong>celebrior</strong></span> <span class='ocrx_word' id='word_1_511' title='bbox 3060 3066 3109 3110; x_wconf 85' lang='lat' dir='ltr'><strong>et</strong></span> <span class='ocrx_word' id='word_1_512' title='bbox 3140 3055 3396 3107; x_wconf 83' lang='lat' dir='ltr'><strong>sanctior.</strong></span> 
     </span>
    </p>
   </div>
   <div class='ocr_carea' id='block_1_77' title="bbox 1742 3146 3400 3245">
    <p class='ocr_par' dir='ltr' id='par_1_77' title="bbox 1742 3146 3400 3245">
     <span class='ocr_line' id='line_1_78' title="bbox 1742 3146 3400 3245; baseline -0.004 -40"><span class='ocrx_word' id='word_1_513' title='bbox 1742 3189 1783 3245; x_wconf 67' lang='grc' dir='ltr'>ο</span> <span class='ocrx_word' id='word_1_514' title='bbox 1819 3152 1985 3206; x_wconf 87' lang='lat' dir='ltr'><strong>Omne</strong></span> <span class='ocrx_word' id='word_1_515' title='bbox 2018 3169 2148 3219; x_wconf 87' lang='lat' dir='ltr'><strong>opus</strong></span> <span class='ocrx_word' id='word_1_516' title='bbox 2203 3151 2387 3204; x_wconf 84' lang='lat' dir='ltr'><strong>servile</strong></span> <span class='ocrx_word' id='word_1_517' title='bbox 2436 3166 2539 3203; x_wconf 86' lang='lat' dir='ltr'><strong>non</strong></span> <span class='ocrx_word' id='word_1_518' title='bbox 2573 3150 2784 3217; x_wconf 79' lang='lat' dir='ltr'><strong>facietis</strong></span> <span class='ocrx_word' id='word_1_519' title='bbox 2818 3151 2871 3201; x_wconf 90' lang='lat' dir='ltr'><strong>in</strong></span> <span class='ocrx_word' id='word_1_520' title='bbox 2902 3165 2960 3201; x_wconf 88' lang='lat' dir='ltr'><strong>eo</strong></span> <span class='ocrx_word' id='word_1_521' title='bbox 2994 3150 3035 3201; x_wconf 69' lang='grc'><strong>⁵.</strong></span> <span class='ocrx_word' id='word_1_522' title='bbox 3076 3146 3142 3200; x_wconf 87' lang='lat' dir='ltr'><strong>Et</strong></span> <span class='ocrx_word' id='word_1_523' title='bbox 3195 3146 3400 3200; x_wconf 74' lang='lat' dir='ltr'><strong>idcirco</strong></span> 
     </span>
    </p>
   </div>
   <div class='ocr_carea' id='block_1_78' title="bbox 1822 3238 3399 3310">
    <p class='ocr_par' dir='ltr' id='par_1_78' title="bbox 1822 3238 3399 3310">
     <span class='ocr_line' id='line_1_79' title="bbox 1822 3238 3399 3310; baseline -0.007 -10"><span class='ocrx_word' id='word_1_524' title='bbox 1822 3244 2231 3305; x_wconf 86' lang='lat' dir='ltr'><strong>conﬁrmamus,</strong></span> <span class='ocrx_word' id='word_1_525' title='bbox 2274 3242 2409 3295; x_wconf 92' lang='lat' dir='ltr'><strong>nihil</strong></span> <span class='ocrx_word' id='word_1_526' title='bbox 2440 3242 2611 3310; x_wconf 74' lang='lat' dir='ltr'><strong>culpre</strong></span> <span class='ocrx_word' id='word_1_527' title='bbox 2656 3240 2998 3295; x_wconf 89' lang='lat' dir='ltr'><strong>contraxisse</strong></span> <span class='ocrx_word' id='word_1_528' title='bbox 3027 3252 3121 3291; x_wconf 88' lang='lat' dir='ltr'><strong>eos</strong></span> <span class='ocrx_word' id='word_1_529' title='bbox 3149 3246 3273 3291; x_wconf 92' lang='lat' dir='ltr'><strong>ante</strong></span> <span class='ocrx_word' id='word_1_530' title='bbox 3306 3238 3399 3289; x_wconf 89' lang='lat' dir='ltr'><strong>tri—</strong></span> 
     </span>
    </p>
   </div>
   <div class='ocr_carea' id='block_1_79' title="bbox 1820 3328 3400 3403">
    <p class='ocr_par' dir='ltr' id='par_1_79' title="bbox 1820 3328 3400 3403">
     <span class='ocr_line' id='line_1_80' title="bbox 1820 3328 3400 3403; baseline -0.007 -11"><span class='ocrx_word' id='word_1_531' title='bbox 1820 3337 1985 3392; x_wconf 90' lang='lat' dir='ltr'><strong>bunal</strong></span> <span class='ocrx_word' id='word_1_532' title='bbox 2035 3336 2259 3399; x_wconf 84' lang='lat' dir='ltr'><strong>Christi,</strong></span> <span class='ocrx_word' id='word_1_533' title='bbox 2316 3336 2406 3403; x_wconf 89' lang='lat' dir='ltr'><strong>qui</strong></span> <span class='ocrx_word' id='word_1_534' title='bbox 2471 3334 2525 3386; x_wconf 93' lang='lat' dir='ltr'><strong>in</strong></span> <span class='ocrx_word' id='word_1_535' title='bbox 2577 3333 2723 3385; x_wconf 91' lang='lat' dir='ltr'><strong>hunc</strong></span> <span class='ocrx_word' id='word_1_536' title='bbox 2747 3332 2890 3385; x_wconf 91' lang='lat' dir='ltr'><strong>diem</strong></span> <span class='ocrx_word' id='word_1_537' title='bbox 2951 3330 3170 3383; x_wconf 90' lang='lat' dir='ltr'><strong>initium</strong></span> <span class='ocrx_word' id='word_1_538' title='bbox 3201 3328 3400 3383; x_wconf 78' lang='lat' dir='ltr'><strong>solem—</strong></span> 
     </span>
    </p>
   </div>
   <div class='ocr_carea' id='block_1_80' title="bbox 1823 3419 3401 3482">
    <p class='ocr_par' dir='ltr' id='par_1_80' title="bbox 1823 3419 3401 3482">
     <span class='ocr_line' id='line_1_81' title="bbox 1823 3419 3401 3482; baseline -0.006 -1"><span class='ocrx_word' id='word_1_539' title='bbox 1823 3429 2009 3482; x_wconf 84' lang='lat' dir='ltr'><strong>uitatis</strong></span> <span class='ocrx_word' id='word_1_540' title='bbox 2067 3427 2291 3481; x_wconf 74' lang='lat' dir='ltr'><strong>Pasclue</strong></span> <span class='ocrx_word' id='word_1_541' title='bbox 2339 3426 2555 3480; x_wconf 81' lang='lat' dir='ltr'><strong>exteinli</strong></span> <span class='ocrx_word' id='word_1_542' title='bbox 2617 3425 2816 3478; x_wconf 87' lang='lat' dir='ltr'><strong>debere</strong></span> <span class='ocrx_word' id='word_1_543' title='bbox 2875 3430 3230 3477; x_wconf 87' lang='lat' dir='ltr'><strong>censuerunt.</strong></span> <span class='ocrx_word' id='word_1_544' title='bbox 3295 3419 3401 3472; x_wconf 82' lang='lat' dir='ltr'><strong>Ma-</strong></span> 
     </span>
    </p>
   </div>
   <div class='ocr_carea' id='block_1_81' title="bbox 1823 3512 3401 3588">
    <p class='ocr_par' dir='ltr' id='par_1_81' title="bbox 1823 3512 3401 3588">
     <span class='ocr_line' id='line_1_82' title="bbox 1823 3512 3401 3588; baseline -0.007 -14"><span class='ocrx_word' id='word_1_545' title='bbox 1823 3522 1965 3574; x_wconf 87' lang='lat' dir='ltr'><strong>xime</strong></span> <span class='ocrx_word' id='word_1_546' title='bbox 1989 3535 2112 3574; x_wconf 92' lang='lat' dir='ltr'><strong>cum</strong></span> <span class='ocrx_word' id='word_1_547' title='bbox 2150 3520 2324 3573; x_wconf 89' lang='lat' dir='ltr'><strong>tribus</strong></span> <span class='ocrx_word' id='word_1_548' title='bbox 2382 3518 2649 3588; x_wconf 78' lang='lat' dir='ltr'><strong>angustiis</strong></span> <span class='ocrx_word' id='word_1_549' title='bbox 2702 3525 3083 3579; x_wconf 89' lang='lat' dir='ltr'><strong>coarctamur;</strong></span> <span class='ocrx_word' id='word_1_550' title='bbox 3119 3512 3172 3566; x_wconf 89' lang='lat' dir='ltr'><strong>id</strong></span> <span class='ocrx_word' id='word_1_551' title='bbox 3230 3521 3312 3566; x_wconf 89' lang='lat' dir='ltr'><strong>est</strong></span> <span class='ocrx_word' id='word_1_552' title='bbox 3343 3521 3401 3564; x_wconf 88' lang='lat' dir='ltr'><strong>ut</strong></span> 
     </span>
    </p>
   </div>
   <div class='ocr_carea' id='block_1_82' title="bbox 1823 3607 3399 3666">
    <p class='ocr_par' dir='ltr' id='par_1_82' title="bbox 1823 3607 3399 3666">
     <span class='ocr_line' id='line_1_83' title="bbox 1823 3607 3399 3666; baseline -0.006 -1"><span class='ocrx_word' id='word_1_553' title='bbox 1823 3613 1876 3665; x_wconf 93' lang='lat' dir='ltr'><strong>in</strong></span> <span class='ocrx_word' id='word_1_554' title='bbox 1917 3612 2004 3666; x_wconf 90' lang='lat' dir='ltr'><strong>die</strong></span> <span class='ocrx_word' id='word_1_555' title='bbox 2052 3610 2334 3665; x_wconf 88' lang='lat' dir='ltr'><strong>Dominica</strong></span> <span class='ocrx_word' id='word_1_556' title='bbox 2397 3610 2798 3664; x_wconf 90' lang='lat' dir='ltr'><strong>solemnitatem</strong></span> <span class='ocrx_word' id='word_1_557' title='bbox 2850 3607 3074 3662; x_wconf 70' lang='lat' dir='ltr'><strong>Pascha:</strong></span> <span class='ocrx_word' id='word_1_558' title='bbox 3125 3620 3399 3659; x_wconf 89' lang='lat' dir='ltr'><strong>veneran-</strong></span> 
     </span>
    </p>
   </div>
   <div class='ocr_carea' id='block_1_83' title="bbox 1823 3699 3402 3773">
    <p class='ocr_par' dir='ltr' id='par_1_83' title="bbox 1823 3699 3402 3773">
     <span class='ocr_line' id='line_1_84' title="bbox 1823 3699 3402 3773; baseline -0.005 -16"><span class='ocrx_word' id='word_1_559' title='bbox 1823 3714 1935 3768; x_wconf 85' lang='lat' dir='ltr'><strong>tes,</strong></span> <span class='ocrx_word' id='word_1_560' title='bbox 1985 3702 2313 3773; x_wconf 67' lang='lat' dir='ltr'><strong>azquinoetio</strong></span> <span class='ocrx_word' id='word_1_561' title='bbox 2350 3701 2717 3765; x_wconf 87' lang='lat' dir='ltr'><strong>transvadato,</strong></span> <span class='ocrx_word' id='word_1_562' title='bbox 2770 3716 2841 3752; x_wconf 86' lang='lat' dir='ltr'><strong>xx</strong></span> <span class='ocrx_word' id='word_1_563' title='bbox 2885 3699 3074 3753; x_wconf 89' lang='lat' dir='ltr'><strong>lunam</strong></span> <span class='ocrx_word' id='word_1_564' title='bbox 3109 3712 3219 3751; x_wconf 91' lang='lat' dir='ltr'><strong>non</strong></span> <span class='ocrx_word' id='word_1_565' title='bbox 3250 3711 3402 3750; x_wconf 86' lang='lat' dir='ltr'><strong>exce-</strong></span> 
     </span>
    </p>
   </div>
   <div class='ocr_carea' id='block_1_84' title="bbox 1821 3798 2037 3850">
    <p class='ocr_par' dir='ltr' id='par_1_84' title="bbox 1821 3798 2037 3850">
     <span class='ocr_line' id='line_1_85' title="bbox 1821 3798 2037 3850; baseline -0.009 0"><span class='ocrx_word' id='word_1_566' title='bbox 1821 3798 2037 3850; x_wconf 88' lang='lat' dir='ltr'><strong>damus.</strong></span> 
     </span>
    </p>
   </div>
   <div class='ocr_carea' id='block_1_85' title="bbox 1821 3903 3400 3977">
    <p class='ocr_par' dir='ltr' id='par_1_85' title="bbox 1821 3903 3400 3977">
     <span class='ocr_line' id='line_1_86' title="bbox 1821 3903 3400 3977; baseline -0.004 -13"><span class='ocrx_word' id='word_1_567' title='bbox 1821 3909 1939 3964; x_wconf 75' lang='lat' dir='ltr'><strong>XII.</strong></span> <span class='ocrx_word' id='word_1_568' title='bbox 1982 3910 2350 3974; x_wconf 85' lang='lat' dir='ltr'><strong>Quorumdam</strong></span> <span class='ocrx_word' id='word_1_569' title='bbox 2384 3907 2628 3977; x_wconf 88' lang='lat' dir='ltr'><strong>objectio,</strong></span> <span class='ocrx_word' id='word_1_570' title='bbox 2674 3923 2777 3977; x_wconf 87' lang='lat' dir='ltr'><strong>non</strong></span> <span class='ocrx_word' id='word_1_571' title='bbox 2806 3921 2956 3974; x_wconf 80' lang='lat' dir='ltr'><strong>posse</strong></span> <span class='ocrx_word' id='word_1_572' title='bbox 2992 3903 3205 3977; x_wconf 12' lang='lat' dir='ltr'><strong>Pascha,</strong></span> <span class='ocrx_word' id='word_1_573' title='bbox 3227 3904 3400 3971; x_wconf 84' lang='lat' dir='ltr'><strong>spatio</strong></span> 
     </span>
    </p>
   </div>
   <div class='ocr_carea' id='block_1_86' title="bbox 1898 3976 3403 4048">
    <p class='ocr_par' dir='ltr' id='par_1_86' title="bbox 1898 3976 3403 4048">
     <span class='ocr_line' id='line_1_87' title="bbox 1898 3976 3403 4048; baseline -0.005 -15"><span class='ocrx_word' id='word_1_574' title='bbox 1898 3996 1987 4034; x_wconf 70' lang='lat' dir='ltr'><strong>XIX</strong></span> <span class='ocrx_word' id='word_1_575' title='bbox 2045 3997 2302 4033; x_wconf 87' lang='lat' dir='ltr'><strong>annorum</strong></span> <span class='ocrx_word' id='word_1_576' title='bbox 2345 3976 2546 4048; x_wconf 77' lang='lat' dir='ltr'><strong>semper</strong></span> <span class='ocrx_word' id='word_1_577' title='bbox 2591 3979 2645 4030; x_wconf 86' lang='lat' dir='ltr'><strong>in</strong></span> <span class='ocrx_word' id='word_1_578' title='bbox 2682 3976 2960 4029; x_wconf 86' lang='lat' dir='ltr'><strong>Dominica</strong></span> <span class='ocrx_word' id='word_1_579' title='bbox 2987 3976 3228 4027; x_wconf 85' lang='lat' dir='ltr'><strong>inveniri.</strong></span> <span class='ocrx_word' id='word_1_580' title='bbox 3259 3976 3403 4026; x_wconf 78' lang='lat' dir='ltr'><strong>Ana-</strong></span> 
     </span>
    </p>
   </div>
   <div class='ocr_carea' id='block_1_87' title="bbox 1897 4051 2328 4118">
    <p class='ocr_par' dir='ltr' id='par_1_87' title="bbox 1897 4051 2328 4118">
     <span class='ocr_line' id='line_1_88' title="bbox 1897 4051 2328 4118; baseline -0.005 -15"><span class='ocrx_word' id='word_1_581' title='bbox 1897 4052 2011 4104; x_wconf 89' lang='lat' dir='ltr'><strong>tolii</strong></span> <span class='ocrx_word' id='word_1_582' title='bbox 2040 4051 2328 4118; x_wconf 85' lang='lat' dir='ltr'><strong>responsio.</strong></span> 
     </span>
    </p>
   </div>
   <div class='ocr_carea' id='block_1_88' title="bbox 1899 4156 3400 4231">
    <p class='ocr_par' dir='ltr' id='par_1_88' title="bbox 1899 4156 3400 4231">
     <span class='ocr_line' id='line_1_89' title="bbox 1899 4156 3400 4231; baseline -0.005 -13"><span class='ocrx_word' id='word_1_583' title='bbox 1899 4164 2000 4218; x_wconf 78' lang='lat' dir='ltr'><strong>Sed</strong></span> <span class='ocrx_word' id='word_1_584' title='bbox 2029 4165 2129 4217; x_wconf 91' lang='lat' dir='ltr'><strong>hoc</strong></span> <span class='ocrx_word' id='word_1_585' title='bbox 2164 4164 2232 4217; x_wconf 91' lang='lat' dir='ltr'><strong>ab</strong></span> <span class='ocrx_word' id='word_1_586' title='bbox 2283 4163 2405 4216; x_wconf 88' lang='lat' dir='ltr'><strong>aliis</strong></span> <span class='ocrx_word' id='word_1_587' title='bbox 2432 4160 2770 4231; x_wconf 88' lang='lat' dir='ltr'><strong>sapientibus</strong></span> <span class='ocrx_word' id='word_1_588' title='bbox 2816 4166 2871 4211; x_wconf 86' lang='lat' dir='ltr'><strong>et</strong></span> <span class='ocrx_word' id='word_1_589' title='bbox 2903 4156 3239 4212; x_wconf 84' lang='lat' dir='ltr'><strong>acutissimis</strong></span> <span class='ocrx_word' id='word_1_590' title='bbox 3271 4157 3400 4210; x_wconf 66' lang='lat' dir='ltr'><strong>viris</strong></span> 
     </span>
    </p>
   </div>
   <div class='ocr_carea' id='block_1_89' title="bbox 1826 4252 3401 4326">
    <p class='ocr_par' dir='ltr' id='par_1_89' title="bbox 1826 4252 3401 4326">
     <span class='ocr_line' id='line_1_90' title="bbox 1826 4252 3401 4326; baseline -0.006 -17"><span class='ocrx_word' id='word_1_591' title='bbox 1826 4258 2163 4326; x_wconf 88' lang='lat' dir='ltr'><strong>impossibile</strong></span> <span class='ocrx_word' id='word_1_592' title='bbox 2190 4271 2311 4310; x_wconf 89' lang='lat' dir='ltr'><strong>esse</strong></span> <span class='ocrx_word' id='word_1_593' title='bbox 2338 4255 2614 4319; x_wconf 88' lang='lat' dir='ltr'><strong>delinitur,</strong></span> <span class='ocrx_word' id='word_1_594' title='bbox 2660 4254 2805 4323; x_wconf 89' lang='lat' dir='ltr'><strong>quod</strong></span> <span class='ocrx_word' id='word_1_595' title='bbox 2854 4253 2910 4305; x_wconf 94' lang='lat' dir='ltr'><strong>in</strong></span> <span class='ocrx_word' id='word_1_596' title='bbox 2949 4252 3039 4304; x_wconf 91' lang='lat' dir='ltr'><strong>illo</strong></span> <span class='ocrx_word' id='word_1_597' title='bbox 3090 4256 3323 4317; x_wconf 80' lang='lat' dir='ltr'><strong>angusto</strong></span> <span class='ocrx_word' id='word_1_598' title='bbox 3348 4259 3401 4301; x_wconf 85' lang='lat' dir='ltr'><strong>ct</strong></span> 
     </span>
    </p>
   </div>
   <div class='ocr_carea' id='block_1_90' title="bbox 1826 4339 3399 4412">
    <p class='ocr_par' dir='ltr' id='par_1_90' title="bbox 1826 4339 3399 4412">
     <span class='ocr_line' id='line_1_91' title="bbox 1826 4339 3399 4412; baseline -0.006 -11"><span class='ocrx_word' id='word_1_599' title='bbox 1826 4348 2151 4403; x_wconf 80' lang='lat' dir='ltr'><strong>brevissimo</strong></span> <span class='ocrx_word' id='word_1_600' title='bbox 2192 4364 2278 4400; x_wconf 85' lang='lat' dir='ltr'><strong>xix</strong></span> <span class='ocrx_word' id='word_1_601' title='bbox 2340 4362 2609 4399; x_wconf 89' lang='lat' dir='ltr'><strong>annorum</strong></span> <span class='ocrx_word' id='word_1_602' title='bbox 2670 4344 2860 4399; x_wconf 88' lang='lat' dir='ltr'><strong>circuli</strong></span> <span class='ocrx_word' id='word_1_603' title='bbox 2914 4343 3123 4412; x_wconf 88' lang='lat' dir='ltr'><strong>spatio,</strong></span> <span class='ocrx_word' id='word_1_604' title='bbox 3184 4339 3399 4393; x_wconf 78' lang='lat' dir='ltr'><strong>Pascha</strong></span> 
     </span>
    </p>
   </div>
   <div class='ocr_carea' id='block_1_91' title="bbox 1825 4435 3398 4507">
    <p class='ocr_par' dir='ltr' id='par_1_91' title="bbox 1825 4435 3398 4507">
     <span class='ocr_line' id='line_1_92' title="bbox 1825 4435 3398 4507; baseline -0.004 -15"><span class='ocrx_word' id='word_1_605' title='bbox 1825 4441 2196 4507; x_wconf 88' lang='lat' dir='ltr'><strong>verissimum,</strong></span> <span class='ocrx_word' id='word_1_606' title='bbox 2233 4440 2284 4493; x_wconf 90' lang='lat' dir='ltr'><strong>id</strong></span> <span class='ocrx_word' id='word_1_607' title='bbox 2316 4441 2476 4493; x_wconf 82' lang='lat' dir='ltr'><strong>estin</strong></span> <span class='ocrx_word' id='word_1_608' title='bbox 2508 4439 2596 4492; x_wconf 92' lang='lat' dir='ltr'><strong>die</strong></span> <span class='ocrx_word' id='word_1_609' title='bbox 2648 4437 2954 4503; x_wconf 88' lang='lat' dir='ltr'><strong>Dominica,</strong></span> <span class='ocrx_word' id='word_1_610' title='bbox 3012 4435 3398 4505; x_wconf 64' lang='lat' dir='ltr'><strong>aequinoctium</strong></span> 
     </span>
    </p>
   </div>
   <div class='ocr_carea' id='block_1_92' title="bbox 153 4522 1710 4605">
    <p class='ocr_par' dir='ltr' id='par_1_92' title="bbox 153 4522 1710 4593">
     <span class='ocr_line' id='line_1_93' title="bbox 153 4522 1710 4593; baseline 0 -19"><span class='ocrx_word' id='word_1_611' title='bbox 153 4536 233 4591; x_wconf 88' lang='lat' dir='ltr'><strong>pto</strong></span> <span class='ocrx_word' id='word_1_612' title='bbox 267 4525 611 4593; x_wconf 87' lang='lat' dir='ltr'><strong>antiquitatis</strong></span> <span class='ocrx_word' id='word_1_613' title='bbox 636 4540 787 4579; x_wconf 89' lang='lat' dir='ltr'><strong>more</strong></span> <span class='ocrx_word' id='word_1_614' title='bbox 820 4523 1239 4578; x_wconf 86' lang='lat' dir='ltr'><strong>declinantibus.</strong></span> <span class='ocrx_word' id='word_1_615' title='bbox 1292 4522 1371 4576; x_wconf 94' lang='lat' dir='ltr'><strong>llli</strong></span> <span class='ocrx_word' id='word_1_616' title='bbox 1404 4524 1623 4592; x_wconf 88' lang='lat' dir='ltr'><strong>quidem</strong></span> <span class='ocrx_word' id='word_1_617' title='bbox 1660 4523 1710 4574; x_wconf 92' lang='lat' dir='ltr'><strong>in</strong></span> 
     </span>
    </p>
   </div>
   <div class='ocr_carea' id='block_1_93' title="bbox 1824 4522 3401 4605">
    <p class='ocr_par' dir='ltr' id='par_1_93' title="bbox 1826 4527 3401 4605">
     <span class='ocr_line' id='line_1_94' title="bbox 1826 4527 3401 4605; baseline -0.006 -16"><span class='ocrx_word' id='word_1_618' title='bbox 1826 4535 2229 4605; x_wconf 84' lang='lat' dir='ltr'><strong>transgrediens</strong></span> <span class='ocrx_word' id='word_1_619' title='bbox 2286 4533 2613 4585; x_wconf 80' lang='lat' dir='ltr'><strong>inveniatur.</strong></span> <span class='ocrx_word' id='word_1_620' title='bbox 2651 4530 2755 4584; x_wconf 88' lang='lat' dir='ltr'><strong>Sed</strong></span> <span class='ocrx_word' id='word_1_621' title='bbox 2790 4546 2891 4584; x_wconf 92' lang='lat' dir='ltr'><strong>nos</strong></span> <span class='ocrx_word' id='word_1_622' title='bbox 2942 4538 3001 4583; x_wconf 88' lang='lat' dir='ltr'><strong>ut</strong></span> <span class='ocrx_word' id='word_1_623' title='bbox 3056 4527 3401 4581; x_wconf 81' lang='lat' dir='ltr'><strong>manifestius</strong></span> 
     </span>
    </p>
   </div>
   <div class='ocr_carea' id='block_1_94' title="bbox 156 4613 1717 4684">
    <p class='ocr_par' dir='ltr' id='par_1_94' title="bbox 156 4613 1717 4684">
     <span class='ocr_line' id='line_1_95' title="bbox 156 4613 1717 4684; baseline 0.003 -21"><span class='ocrx_word' id='word_1_624' title='bbox 156 4628 231 4665; x_wconf 79' lang='lat' dir='ltr'><strong>xiv</strong></span> <span class='ocrx_word' id='word_1_625' title='bbox 252 4615 338 4669; x_wconf 88' lang='lat' dir='ltr'><strong>die</strong></span> <span class='ocrx_word' id='word_1_626' title='bbox 369 4616 579 4670; x_wconf 87' lang='lat' dir='ltr'><strong>mensis</strong></span> <span class='ocrx_word' id='word_1_627' title='bbox 630 4615 789 4684; x_wconf 89' lang='lat' dir='ltr'><strong>primi</strong></span> <span class='ocrx_word' id='word_1_628' title='bbox 855 4615 1000 4668; x_wconf 88' lang='lat' dir='ltr'><strong>diem</strong></span> <span class='ocrx_word' id='word_1_629' title='bbox 1046 4613 1271 4669; x_wconf 72' lang='lat' dir='ltr'><strong>Pascha:</strong></span> <span class='ocrx_word' id='word_1_630' title='bbox 1332 4615 1717 4680; x_wconf 84' lang='lat' dir='ltr'><strong>observabant,</strong></span> 
     </span>
    </p>
   </div>
   <div class='ocr_carea' id='block_1_95' title="bbox 154 4705 1722 4775">
    <p class='ocr_par' dir='ltr' id='par_1_95' title="bbox 154 4705 1722 4775">
     <span class='ocr_line' id='line_1_96' title="bbox 154 4705 1722 4775; baseline 0.001 -18"><span class='ocrx_word' id='word_1_631' title='bbox 154 4707 439 4761; x_wconf 84' lang='lat' dir='ltr'><strong>secundum</strong></span> <span class='ocrx_word' id='word_1_632' title='bbox 472 4705 852 4775; x_wconf 73' lang='lat' dir='ltr'><strong>Evangelium,</strong></span> <span class='ocrx_word' id='word_1_633' title='bbox 888 4715 947 4759; x_wconf 91' lang='lat' dir='ltr'><strong>ut</strong></span> <span class='ocrx_word' id='word_1_634' title='bbox 1009 4707 1293 4774; x_wconf 84' lang='lat' dir='ltr'><strong>putabant,</strong></span> <span class='ocrx_word' id='word_1_635' title='bbox 1326 4706 1460 4759; x_wconf 89' lang='lat' dir='ltr'><strong>nihil</strong></span> <span class='ocrx_word' id='word_1_636' title='bbox 1495 4707 1722 4759; x_wconf 89' lang='lat' dir='ltr'><strong>omnino</strong></span> 
     </span>
    </p>
   </div>
   <div class='ocr_carea' id='block_1_96' title="bbox 153 4797 1720 4867">
    <p class='ocr_par' dir='ltr' id='par_1_96' title="bbox 153 4797 1720 4867">
     <span class='ocr_line' id='line_1_97' title="bbox 153 4797 1720 4867; baseline 0.003 -20"><span class='ocrx_word' id='word_1_637' title='bbox 153 4799 481 4853; x_wconf 86' lang='lat' dir='ltr'><strong>extrinsecus</strong></span> <span class='ocrx_word' id='word_1_638' title='bbox 514 4797 795 4862; x_wconf 88' lang='lat' dir='ltr'><strong>addentes,</strong></span> <span class='ocrx_word' id='word_1_639' title='bbox 831 4799 924 4852; x_wconf 88' lang='lat' dir='ltr'><strong>sed</strong></span> <span class='ocrx_word' id='word_1_640' title='bbox 958 4798 1078 4850; x_wconf 90' lang='lat' dir='ltr'><strong>lidei</strong></span> <span class='ocrx_word' id='word_1_641' title='bbox 1126 4797 1365 4867; x_wconf 81' lang='lat' dir='ltr'><strong>regulam</strong></span> <span class='ocrx_word' id='word_1_642' title='bbox 1415 4813 1510 4866; x_wconf 87' lang='lat' dir='ltr'><strong>per</strong></span> <span class='ocrx_word' id='word_1_643' title='bbox 1537 4799 1720 4851; x_wconf 89' lang='lat' dir='ltr'><strong>omnia</strong></span> 
     </span>
    </p>
   </div>
   <div class='ocr_carea' id='block_1_97' title="bbox 155 4890 1719 4960">
    <p class='ocr_par' dir='ltr' id='par_1_97' title="bbox 155 4890 1719 4960">
     <span class='ocr_line' id='line_1_98' title="bbox 155 4890 1719 4960; baseline 0.001 -19"><span class='ocrx_word' id='word_1_644' title='bbox 155 4902 549 4947; x_wconf 83' lang='lat' dir='ltr'><strong>conservantes.</strong></span> <span class='ocrx_word' id='word_1_645' title='bbox 584 4890 649 4944; x_wconf 90' lang='lat' dir='ltr'><strong>lli</strong></span> <span class='ocrx_word' id='word_1_646' title='bbox 687 4901 867 4945; x_wconf 81' lang='lat' dir='ltr'><strong>autem</strong></span> <span class='ocrx_word' id='word_1_647' title='bbox 904 4890 1198 4945; x_wconf 70' lang='lat' dir='ltr'><strong>Dominiea:</strong></span> <span class='ocrx_word' id='word_1_648' title='bbox 1246 4890 1521 4960; x_wconf 88' lang='lat' dir='ltr'><strong>passionis</strong></span> <span class='ocrx_word' id='word_1_649' title='bbox 1577 4890 1719 4944; x_wconf 90' lang='lat' dir='ltr'><strong>diem</strong></span> 
     </span>
    </p>
   </div>
   <div class='ocr_carea' id='block_1_98' title="bbox 156 4983 1717 5052">
    <p class='ocr_par' dir='ltr' id='par_1_98' title="bbox 156 4983 1717 5052">
     <span class='ocr_line' id='line_1_99' title="bbox 156 4983 1717 5052; baseline 0 -17"><span class='ocrx_word' id='word_1_650' title='bbox 156 4990 509 5046; x_wconf 81' lang='lat' dir='ltr'><strong>transeuntes,</strong></span> <span class='ocrx_word' id='word_1_651' title='bbox 554 4993 613 5037; x_wconf 94' lang='lat' dir='ltr'><strong>ut</strong></span> <span class='ocrx_word' id='word_1_652' title='bbox 642 4983 859 5036; x_wconf 84' lang='lat' dir='ltr'><strong>tristitia</strong></span> <span class='ocrx_word' id='word_1_653' title='bbox 894 4998 958 5035; x_wconf 80' lang='lat' dir='ltr'><strong>ac</strong></span> <span class='ocrx_word' id='word_1_654' title='bbox 990 4997 1224 5036; x_wconf 79' lang='lat' dir='ltr'><strong>maerore</strong></span> <span class='ocrx_word' id='word_1_655' title='bbox 1270 4984 1553 5052; x_wconf 87' lang='lat' dir='ltr'><strong>repletum,</strong></span> <span class='ocrx_word' id='word_1_656' title='bbox 1583 4998 1717 5037; x_wconf 90' lang='lat' dir='ltr'><strong>con-</strong></span> 
     </span>
    </p>
   </div>
   <div class='ocr_carea' id='block_1_99' title="bbox 154 5073 1717 5143">
    <p class='ocr_par' dir='ltr' id='par_1_99' title="bbox 154 5073 1717 5143">
     <span class='ocr_line' id='line_1_100' title="bbox 154 5073 1717 5143; baseline 0.001 -15"><span class='ocrx_word' id='word_1_657' title='bbox 154 5073 380 5140; x_wconf 85' lang='lat' dir='ltr'><strong>ﬁrmant,</strong></span> <span class='ocrx_word' id='word_1_658' title='bbox 417 5093 486 5131; x_wconf 83' lang='lat' dir='ltr'><strong>ne</strong></span> <span class='ocrx_word' id='word_1_659' title='bbox 521 5077 682 5130; x_wconf 88' lang='lat' dir='ltr'><strong>liceat</strong></span> <span class='ocrx_word' id='word_1_660' title='bbox 710 5076 1029 5143; x_wconf 77' lang='lat' dir='ltr'><strong>aliquando,</strong></span> <span class='ocrx_word' id='word_1_661' title='bbox 1079 5074 1184 5129; x_wconf 90' lang='lat' dir='ltr'><strong>nisi</strong></span> <span class='ocrx_word' id='word_1_662' title='bbox 1224 5075 1278 5127; x_wconf 91' lang='lat' dir='ltr'><strong>in</strong></span> <span class='ocrx_word' id='word_1_663' title='bbox 1312 5076 1401 5129; x_wconf 86' lang='lat' dir='ltr'><strong>die</strong></span> <span class='ocrx_word' id='word_1_664' title='bbox 1435 5075 1717 5130; x_wconf 86' lang='lat' dir='ltr'><strong>Dominica</strong></span> 
     </span>
    </p>
   </div>
   <div class='ocr_carea' id='block_1_100' title="bbox 156 5165 1719 5237">
    <p class='ocr_par' dir='ltr' id='par_1_100' title="bbox 156 5165 1719 5237">
     <span class='ocr_line' id='line_1_101' title="bbox 156 5165 1719 5237; baseline 0.001 -18"><span class='ocrx_word' id='word_1_665' title='bbox 156 5167 202 5220; x_wconf 92' lang='lat' dir='ltr'><strong>in</strong></span> <span class='ocrx_word' id='word_1_666' title='bbox 232 5184 337 5237; x_wconf 90' lang='lat' dir='ltr'><strong>qua</strong></span> <span class='ocrx_word' id='word_1_667' title='bbox 368 5169 703 5223; x_wconf 83' lang='lat' dir='ltr'><strong>resurrectio</strong></span> <span class='ocrx_word' id='word_1_668' title='bbox 727 5166 940 5220; x_wconf 90' lang='lat' dir='ltr'><strong>Domini</strong></span> <span class='ocrx_word' id='word_1_669' title='bbox 973 5181 1003 5220; x_wconf 90' lang='lat' dir='ltr'><strong>a</strong></span> <span class='ocrx_word' id='word_1_670' title='bbox 1039 5175 1213 5220; x_wconf 90' lang='lat' dir='ltr'><strong>morte</strong></span> <span class='ocrx_word' id='word_1_671' title='bbox 1245 5165 1385 5221; x_wconf 81' lang='lat' dir='ltr'><strong>facta</strong></span> <span class='ocrx_word' id='word_1_672' title='bbox 1412 5174 1516 5230; x_wconf 89' lang='lat' dir='ltr'><strong>est,</strong></span> <span class='ocrx_word' id='word_1_673' title='bbox 1560 5174 1614 5219; x_wconf 90' lang='lat' dir='ltr'><strong>et</strong></span> <span class='ocrx_word' id='word_1_674' title='bbox 1662 5167 1719 5220; x_wconf 91' lang='lat' dir='ltr'><strong>in</strong></span> 
     </span>
    </p>
   </div>
   <div class='ocr_carea' id='block_1_101' title="bbox 156 5252 1715 5328">
    <p class='ocr_par' dir='ltr' id='par_1_101' title="bbox 156 5252 1715 5328">
     <span class='ocr_line' id='line_1_102' title="bbox 156 5252 1715 5328; baseline 0 -18"><span class='ocrx_word' id='word_1_675' title='bbox 156 5275 248 5326; x_wconf 88' lang='lat' dir='ltr'><strong>qua</strong></span> <span class='ocrx_word' id='word_1_676' title='bbox 296 5260 459 5315; x_wconf 88' lang='lat' dir='ltr'><strong>nobis</strong></span> <span class='ocrx_word' id='word_1_677' title='bbox 518 5269 705 5313; x_wconf 87' lang='lat' dir='ltr'><strong>exorta</strong></span> <span class='ocrx_word' id='word_1_678' title='bbox 762 5252 847 5314; x_wconf 79' lang='lat' dir='ltr'><strong>est</strong></span> <span class='ocrx_word' id='word_1_679' title='bbox 897 5260 1242 5328; x_wconf 68' lang='lat' dir='ltr'><strong>sempiternum</strong></span> <span class='ocrx_word' id='word_1_680' title='bbox 1300 5274 1467 5312; x_wconf 86' lang='lat' dir='ltr'><strong>causa</strong></span> <span class='ocrx_word' id='word_1_681' title='bbox 1496 5259 1715 5323; x_wconf 61' lang='lat' dir='ltr'><strong>laetitiae,</strong></span> 
     </span>
    </p>
   </div>
   <div class='ocr_carea' id='block_1_102' title="bbox 157 5348 1717 5419">
    <p class='ocr_par' dir='ltr' id='par_1_102' title="bbox 157 5348 1717 5419">
     <span class='ocr_line' id='line_1_103' title="bbox 157 5348 1717 5419; baseline 0.003 -19"><span class='ocrx_word' id='word_1_682' title='bbox 157 5348 489 5406; x_wconf 88' lang='lat' dir='ltr'><strong>Dominicum</strong></span> <span class='ocrx_word' id='word_1_683' title='bbox 549 5349 773 5404; x_wconf 69' lang='lat' dir='ltr'><strong>Pascha:</strong></span> <span class='ocrx_word' id='word_1_684' title='bbox 831 5350 1108 5405; x_wconf 86' lang='lat' dir='ltr'><strong>celebrare</strong></span> <span class='ocrx_word' id='word_1_685' title='bbox 1160 5350 1501 5419; x_wconf 89' lang='lat' dir='ltr'><strong>mysterium.</strong></span> <span class='ocrx_word' id='word_1_686' title='bbox 1556 5349 1717 5404; x_wconf 87' lang='lat' dir='ltr'><strong>Aliud</strong></span> 
     </span>
    </p>
   </div>
   <div class='ocr_carea' id='block_1_103' title="bbox 156 5440 1715 5511">
    <p class='ocr_par' dir='ltr' id='par_1_103' title="bbox 156 5440 1715 5511">
     <span class='ocr_line' id='line_1_104' title="bbox 156 5440 1715 5511; baseline 0 -16"><span class='ocrx_word' id='word_1_687' title='bbox 156 5443 283 5496; x_wconf 83' lang='lat' dir='ltr'><strong>enim</strong></span> <span class='ocrx_word' id='word_1_688' title='bbox 314 5454 400 5499; x_wconf 88' lang='lat' dir='ltr'><strong>est</strong></span> <span class='ocrx_word' id='word_1_689' title='bbox 425 5443 728 5497; x_wconf 79' lang='lat' dir='ltr'><strong>secundum</strong></span> <span class='ocrx_word' id='word_1_690' title='bbox 778 5443 926 5511; x_wconf 92' lang='lat' dir='ltr'><strong>quod</strong></span> <span class='ocrx_word' id='word_1_691' title='bbox 974 5442 1044 5495; x_wconf 90' lang='lat' dir='ltr'><strong>ah</strong></span> <span class='ocrx_word' id='word_1_692' title='bbox 1072 5442 1351 5510; x_wconf 85' lang='lat' dir='ltr'><strong>Apostolo,</strong></span> <span class='ocrx_word' id='word_1_693' title='bbox 1400 5442 1510 5494; x_wconf 91' lang='lat' dir='ltr'><strong>imo</strong></span> <span class='ocrx_word' id='word_1_694' title='bbox 1544 5456 1575 5494; x_wconf 89' lang='lat' dir='ltr'><strong>a</strong></span> <span class='ocrx_word' id='word_1_695' title='bbox 1606 5440 1715 5495; x_wconf 82' lang='lat' dir='ltr'><strong>Do-</strong></span> 
     </span>
    </p>
   </div>
   <div class='ocr_carea' id='block_1_104' title="bbox 158 5533 1715 5605">
    <p class='ocr_par' dir='ltr' id='par_1_104' title="bbox 158 5533 1715 5605">
     <span class='ocr_line' id='line_1_105' title="bbox 158 5533 1715 5605; baseline 0.002 -19"><span class='ocrx_word' id='word_1_696' title='bbox 158 5534 290 5590; x_wconf 89' lang='lat' dir='ltr'><strong>mino</strong></span> <span class='ocrx_word' id='word_1_697' title='bbox 318 5544 650 5605; x_wconf 69' lang='lat' dir='ltr'><strong>praeceptum</strong></span> <span class='ocrx_word' id='word_1_698' title='bbox 697 5542 801 5601; x_wconf 90' lang='lat' dir='ltr'><strong>est,</strong></span> <span class='ocrx_word' id='word_1_699' title='bbox 843 5548 966 5587; x_wconf 91' lang='lat' dir='ltr'><strong>cum</strong></span> <span class='ocrx_word' id='word_1_700' title='bbox 1015 5533 1337 5589; x_wconf 88' lang='lat' dir='ltr'><strong>contristato</strong></span> <span class='ocrx_word' id='word_1_701' title='bbox 1384 5535 1715 5601; x_wconf 88' lang='lat' dir='ltr'><strong>contristari,</strong></span> 
     </span>
    </p>
   </div>
   <div class='ocr_carea' id='block_1_105' title="bbox 158 5627 1716 5697">
    <p class='ocr_par' dir='ltr' id='par_1_105' title="bbox 158 5627 1716 5697">
     <span class='ocr_line' id='line_1_106' title="bbox 158 5627 1716 5697; baseline 0.004 -20"><span class='ocrx_word' id='word_1_702' title='bbox 158 5634 344 5682; x_wconf 82' lang='lat' dir='ltr'><strong>etcum</strong></span> <span class='ocrx_word' id='word_1_703' title='bbox 368 5644 537 5683; x_wconf 87' lang='lat' dir='ltr'><strong>cruce</strong></span> <span class='ocrx_word' id='word_1_704' title='bbox 568 5643 728 5697; x_wconf 84' lang='lat' dir='ltr'><strong>passo</strong></span> <span class='ocrx_word' id='word_1_705' title='bbox 750 5627 1010 5695; x_wconf 82' lang='lat' dir='ltr'><strong>conipati,</strong></span> <span class='ocrx_word' id='word_1_706' title='bbox 1043 5627 1162 5697; x_wconf 89' lang='lat' dir='ltr'><strong>ipso</strong></span> <span class='ocrx_word' id='word_1_707' title='bbox 1195 5630 1407 5685; x_wconf 88' lang='lat' dir='ltr'><strong>dicente</strong></span> <span class='ocrx_word' id='word_1_708' title='bbox 1456 5648 1467 5683; x_wconf 91' lang='lat'><strong>:</strong></span> <span class='ocrx_word' id='word_1_709' title='bbox 1528 5629 1716 5683; x_wconf 84' lang='lat' dir='ltr'><strong>Tristis</strong></span> 
     </span>
    </p>
   </div>
   <div class='ocr_carea' id='block_1_106' title="bbox 222 5804 1355 5877">
    <p class='ocr_par' dir='ltr' id='par_1_106' title="bbox 222 5804 1355 5877">
     <span class='ocr_line' id='line_1_107' title="bbox 222 5804 1355 5877; baseline 0.004 -15"><span class='ocrx_word' id='word_1_710' title='bbox 222 5804 243 5837; x_wconf 74' lang='grc'>⁸</span> <span class='ocrx_word' id='word_1_711' title='bbox 286 5805 479 5864; x_wconf 73' lang='lat' dir='ltr'><strong>llatth.</strong></span> <span class='ocrx_word' id='word_1_712' title='bbox 536 5825 693 5873; x_wconf 70' lang='lat' dir='ltr'><strong>xxvi,</strong></span> <span class='ocrx_word' id='word_1_713' title='bbox 747 5808 837 5863; x_wconf 75' lang='lat'><strong>58.</strong></span> <span class='ocrx_word' id='word_1_714' title='bbox 915 5810 934 5842; x_wconf 79' lang='grc'>⁸</span> <span class='ocrx_word' id='word_1_715' title='bbox 990 5807 1122 5865; x_wconf 89' lang='lat' dir='ltr'><strong>Luc.</strong></span> <span class='ocrx_word' id='word_1_716' title='bbox 1179 5826 1281 5877; x_wconf 89' lang='lat' dir='ltr'><strong>xv,</strong></span> <span class='ocrx_word' id='word_1_717' title='bbox 1323 5811 1355 5866; x_wconf 86' lang='lat'><strong><em>6</em></strong></span> 
     </span>
    </p>
   </div>
   <div class='ocr_carea' id='block_1_107' title="bbox 1821 4616 3398 4693">
    <p class='ocr_par' dir='ltr' id='par_1_107' title="bbox 1821 4616 3398 4693">
     <span class='ocr_line' id='line_1_108' title="bbox 1821 4616 3398 4693; baseline -0.009 -13"><span class='ocrx_word' id='word_1_718' title='bbox 1821 4628 1914 4680; x_wconf 84' lang='lat' dir='ltr'><strong>tiat</strong></span> <span class='ocrx_word' id='word_1_719' title='bbox 1949 4627 2072 4689; x_wconf 89' lang='lat' dir='ltr'><strong>hoc,</strong></span> <span class='ocrx_word' id='word_1_720' title='bbox 2130 4623 2276 4693; x_wconf 89' lang='lat' dir='ltr'><strong>quod</strong></span> <span class='ocrx_word' id='word_1_721' title='bbox 2324 4622 2433 4677; x_wconf 88' lang='lat' dir='ltr'><strong>illis</strong></span> <span class='ocrx_word' id='word_1_722' title='bbox 2487 4621 2922 4676; x_wconf 85' lang='lat' dir='ltr'><strong>incredulitatem</strong></span> <span class='ocrx_word' id='word_1_723' title='bbox 2983 4617 3215 4682; x_wconf 91' lang='lat' dir='ltr'><strong>inducit,</strong></span> <span class='ocrx_word' id='word_1_724' title='bbox 3247 4616 3398 4668; x_wconf 90' lang='lat' dir='ltr'><strong>illum</strong></span> 
     </span>
    </p>
   </div>
   <div class='ocr_carea' id='block_1_108' title="bbox 1820 4709 3401 4785">
    <p class='ocr_par' dir='ltr' id='par_1_108' title="bbox 1820 4709 3401 4785">
     <span class='ocr_line' id='line_1_109' title="bbox 1820 4709 3401 4785; baseline -0.006 -18"><span class='ocrx_word' id='word_1_725' title='bbox 1820 4730 1978 4785; x_wconf 88' lang='lat' dir='ltr'><strong>quem</strong></span> <span class='ocrx_word' id='word_1_726' title='bbox 2010 4713 2250 4767; x_wconf 84' lang='lat' dir='ltr'><strong>diximus</strong></span> <span class='ocrx_word' id='word_1_727' title='bbox 2286 4727 2555 4765; x_wconf 86' lang='lat' dir='ltr'><strong>annorum</strong></span> <span class='ocrx_word' id='word_1_728' title='bbox 2598 4712 2883 4773; x_wconf 88' lang='lat' dir='ltr'><strong>circulum,</strong></span> <span class='ocrx_word' id='word_1_729' title='bbox 2934 4725 3059 4763; x_wconf 90' lang='lat' dir='ltr'><strong>cum</strong></span> <span class='ocrx_word' id='word_1_730' title='bbox 3097 4709 3238 4761; x_wconf 71' lang='lat' dir='ltr'><strong>lunae</strong></span> <span class='ocrx_word' id='word_1_731' title='bbox 3275 4722 3401 4759; x_wconf 88' lang='lat' dir='ltr'><strong>cur-</strong></span> 
     </span>
    </p>
   </div>
   <div class='ocr_carea' id='block_1_109' title="bbox 1822 4800 3401 4876">
    <p class='ocr_par' dir='ltr' id='par_1_109' title="bbox 1822 4800 3401 4876">
     <span class='ocr_line' id='line_1_110' title="bbox 1822 4800 3401 4876; baseline -0.006 -14"><span class='ocrx_word' id='word_1_732' title='bbox 1822 4810 1975 4863; x_wconf 90' lang='lat' dir='ltr'><strong>sibus</strong></span> <span class='ocrx_word' id='word_1_733' title='bbox 2022 4820 2320 4876; x_wconf 82' lang='lat' dir='ltr'><strong>ponemus;</strong></span> <span class='ocrx_word' id='word_1_734' title='bbox 2374 4806 2702 4875; x_wconf 89' lang='lat' dir='ltr'><strong>computatis</strong></span> <span class='ocrx_word' id='word_1_735' title='bbox 2768 4815 2893 4858; x_wconf 90' lang='lat' dir='ltr'><strong>ante</strong></span> <span class='ocrx_word' id='word_1_736' title='bbox 2941 4804 3151 4867; x_wconf 86' lang='lat' dir='ltr'><strong>diebus,</strong></span> <span class='ocrx_word' id='word_1_737' title='bbox 3200 4800 3401 4870; x_wconf 84' lang='lat' dir='ltr'><strong>quibus</strong></span> 
     </span>
    </p>
   </div>
   <div class='ocr_carea' id='block_1_110' title="bbox 1824 4894 3400 4969">
    <p class='ocr_par' dir='ltr' id='par_1_110' title="bbox 1824 4894 3400 4969">
     <span class='ocr_line' id='line_1_111' title="bbox 1824 4894 3400 4969; baseline -0.006 -16"><span class='ocrx_word' id='word_1_738' title='bbox 1824 4898 2122 4969; x_wconf 87' lang='lat' dir='ltr'><strong>reciprocis</strong></span> <span class='ocrx_word' id='word_1_739' title='bbox 2181 4898 2435 4952; x_wconf 86' lang='lat' dir='ltr'><strong>cursibus</strong></span> <span class='ocrx_word' id='word_1_740' title='bbox 2477 4898 2774 4951; x_wconf 90' lang='lat' dir='ltr'><strong>involvitur</strong></span> <span class='ocrx_word' id='word_1_741' title='bbox 2818 4911 3028 4959; x_wconf 91' lang='lat' dir='ltr'><strong>annus,</strong></span> <span class='ocrx_word' id='word_1_742' title='bbox 3091 4894 3143 4947; x_wconf 93' lang='lat' dir='ltr'><strong>in</strong></span> <span class='ocrx_word' id='word_1_743' title='bbox 3195 4894 3400 4945; x_wconf 82' lang='lat' dir='ltr'><strong>Kalen-</strong></span> 
     </span>
    </p>
   </div>
   <div class='ocr_carea' id='block_1_111' title="bbox 1822 4987 3397 5057">
    <p class='ocr_par' dir='ltr' id='par_1_111' title="bbox 1822 4987 3397 5057">
     <span class='ocr_line' id='line_1_112' title="bbox 1822 4987 3397 5057; baseline -0.004 -11"><span class='ocrx_word' id='word_1_744' title='bbox 1822 4992 1928 5057; x_wconf 85' lang='lat' dir='ltr'><strong>dis,</strong></span> <span class='ocrx_word' id='word_1_745' title='bbox 1975 5003 2030 5045; x_wconf 87' lang='lat' dir='ltr'><strong>et</strong></span> <span class='ocrx_word' id='word_1_746' title='bbox 2082 4991 2285 5054; x_wconf 88' lang='lat' dir='ltr'><strong>Idibus,</strong></span> <span class='ocrx_word' id='word_1_747' title='bbox 2335 5002 2389 5044; x_wconf 84' lang='lat' dir='ltr'><strong>et</strong></span> <span class='ocrx_word' id='word_1_748' title='bbox 2420 4989 2611 5053; x_wconf 87' lang='lat' dir='ltr'><strong>Nonis,</strong></span> <span class='ocrx_word' id='word_1_749' title='bbox 2658 4999 2712 5044; x_wconf 89' lang='lat' dir='ltr'><strong>et</strong></span> <span class='ocrx_word' id='word_1_750' title='bbox 2748 4989 2881 5043; x_wconf 88' lang='lat' dir='ltr'><strong>solis</strong></span> <span class='ocrx_word' id='word_1_751' title='bbox 2930 5003 3158 5041; x_wconf 85' lang='lat' dir='ltr'><strong>ascensu</strong></span> <span class='ocrx_word' id='word_1_752' title='bbox 3196 4997 3249 5039; x_wconf 89' lang='lat' dir='ltr'><strong>et</strong></span> <span class='ocrx_word' id='word_1_753' title='bbox 3301 4987 3397 5039; x_wconf 85' lang='lat' dir='ltr'><strong>dc-</strong></span> 
     </span>
    </p>
   </div>
   <div class='ocr_carea' id='block_1_112' title="bbox 1822 5098 2040 5137">
    <p class='ocr_par' dir='ltr' id='par_1_112' title="bbox 1822 5098 2040 5137">
     <span class='ocr_line' id='line_1_113' title="bbox 1822 5098 2040 5137; baseline -0.005 0"><span class='ocrx_word' id='word_1_754' title='bbox 1822 5098 2040 5137; x_wconf 76' lang='lat' dir='ltr'><strong>SCCDSU.</strong></span> 
     </span>
    </p>
   </div>
   <div class='ocr_carea' id='block_1_113' title="bbox 1858 5170 3359 5238">
    <p class='ocr_par' dir='ltr' id='par_1_113' title="bbox 1858 5170 3359 5238">
     <span class='ocr_line' id='line_1_114' title="bbox 1858 5170 3359 5238; baseline -0.004 -11"><span class='ocrx_word' id='word_1_755' title='bbox 1858 5173 1995 5229; x_wconf 85' lang='lat' dir='ltr'><strong>Xlll.</strong></span> <span class='ocrx_word' id='word_1_756' title='bbox 2037 5173 2207 5227; x_wconf 71' lang='lat' dir='ltr'><strong>Luam</strong></span> <span class='ocrx_word' id='word_1_757' title='bbox 2236 5184 2367 5226; x_wconf 79' lang='lat' dir='ltr'><strong>wtas</strong></span> <span class='ocrx_word' id='word_1_758' title='bbox 2418 5172 2471 5225; x_wconf 86' lang='lat' dir='ltr'><strong>in</strong></span> <span class='ocrx_word' id='word_1_759' title='bbox 2502 5171 2832 5225; x_wconf 82' lang='lat' dir='ltr'><strong>Kalendario</strong></span> <span class='ocrx_word' id='word_1_760' title='bbox 2856 5170 3078 5223; x_wconf 82' lang='lat' dir='ltr'><strong>Juliano</strong></span> <span class='ocrx_word' id='word_1_761' title='bbox 3106 5183 3359 5238; x_wconf 75' lang='lat' dir='ltr'><strong>expansa.</strong></span> 
     </span>
    </p>
   </div>
   <div class='ocr_carea' id='block_1_114' title="bbox 1889 5262 3396 5330">
    <p class='ocr_par' dir='ltr' id='par_1_114' title="bbox 1889 5262 3396 5330">
     <span class='ocr_line' id='line_1_115' title="bbox 1889 5262 3396 5330; baseline -0.003 -12"><span class='ocrx_word' id='word_1_762' title='bbox 1889 5264 2182 5319; x_wconf 80' lang='lat' dir='ltr'><strong>Januarius</strong></span> <span class='ocrx_word' id='word_1_763' title='bbox 2218 5266 2270 5317; x_wconf 92' lang='lat' dir='ltr'><strong>in</strong></span> <span class='ocrx_word' id='word_1_764' title='bbox 2306 5262 2581 5327; x_wconf 78' lang='lat' dir='ltr'><strong>Kalendis,</strong></span> <span class='ocrx_word' id='word_1_765' title='bbox 2610 5279 2719 5316; x_wconf 87' lang='lat' dir='ltr'><strong>una</strong></span> <span class='ocrx_word' id='word_1_766' title='bbox 2750 5263 2890 5327; x_wconf 88' lang='lat' dir='ltr'><strong>dies,</strong></span> <span class='ocrx_word' id='word_1_767' title='bbox 2938 5262 3064 5314; x_wconf 90' lang='lat' dir='ltr'><strong>luna</strong></span> <span class='ocrx_word' id='word_1_768' title='bbox 3094 5262 3285 5330; x_wconf 85' lang='lat' dir='ltr'><strong>prima.</strong></span> <span class='ocrx_word' id='word_1_769' title='bbox 3337 5262 3396 5313; x_wconf 91' lang='lat' dir='ltr'><strong>ln</strong></span> 
     </span>
    </p>
   </div>
   <div class='ocr_carea' id='block_1_115' title="bbox 1826 5355 3399 5427">
    <p class='ocr_par' dir='ltr' id='par_1_115' title="bbox 1826 5355 3399 5427">
     <span class='ocr_line' id='line_1_116' title="bbox 1826 5355 3399 5427; baseline -0.001 -18"><span class='ocrx_word' id='word_1_770' title='bbox 1826 5355 1995 5413; x_wconf 85' lang='lat' dir='ltr'><strong>Nonis</strong></span> <span class='ocrx_word' id='word_1_771' title='bbox 2027 5358 2217 5427; x_wconf 90' lang='lat' dir='ltr'><strong>quinta</strong></span> <span class='ocrx_word' id='word_1_772' title='bbox 2247 5357 2382 5420; x_wconf 90' lang='lat' dir='ltr'><strong>dies,</strong></span> <span class='ocrx_word' id='word_1_773' title='bbox 2418 5356 2546 5409; x_wconf 90' lang='lat' dir='ltr'><strong>luna</strong></span> <span class='ocrx_word' id='word_1_774' title='bbox 2579 5355 2632 5409; x_wconf 86' lang='lat'><strong>5.</strong></span> <span class='ocrx_word' id='word_1_775' title='bbox 2661 5358 2718 5409; x_wconf 86' lang='lat' dir='ltr'><strong>In</strong></span> <span class='ocrx_word' id='word_1_776' title='bbox 2750 5356 2957 5418; x_wconf 79' lang='lat' dir='ltr'><strong>idibus,</strong></span> <span class='ocrx_word' id='word_1_777' title='bbox 3006 5356 3072 5409; x_wconf 76' lang='grc'><strong>15</strong></span> <span class='ocrx_word' id='word_1_778' title='bbox 3103 5355 3241 5420; x_wconf 89' lang='lat' dir='ltr'><strong>dies,</strong></span> <span class='ocrx_word' id='word_1_779' title='bbox 3271 5355 3399 5408; x_wconf 82' lang='lat' dir='ltr'><strong>luna</strong></span> 
     </span>
    </p>
   </div>
   <div class='ocr_carea' id='block_1_116' title="bbox 1828 5446 3395 5521">
    <p class='ocr_par' dir='ltr' id='par_1_116' title="bbox 1828 5446 3395 5521">
     <span class='ocr_line' id='line_1_117' title="bbox 1828 5446 3395 5521; baseline -0.004 -16"><span class='ocrx_word' id='word_1_780' title='bbox 1828 5451 1914 5505; x_wconf 83' lang='lat' dir='ltr'><strong>l5.</strong></span> <span class='ocrx_word' id='word_1_781' title='bbox 1948 5449 2005 5504; x_wconf 90' lang='lat' dir='ltr'><strong>In</strong></span> <span class='ocrx_word' id='word_1_782' title='bbox 2050 5449 2224 5521; x_wconf 89' lang='lat' dir='ltr'><strong>pridie</strong></span> <span class='ocrx_word' id='word_1_783' title='bbox 2270 5446 2539 5501; x_wconf 86' lang='lat' dir='ltr'><strong>Kalendas</strong></span> <span class='ocrx_word' id='word_1_784' title='bbox 2571 5447 2875 5515; x_wconf 81' lang='lat' dir='ltr'><strong>Februarii,</strong></span> <span class='ocrx_word' id='word_1_785' title='bbox 2922 5450 2983 5502; x_wconf 78' lang='lat'><strong>&#39;51</strong></span> <span class='ocrx_word' id='word_1_786' title='bbox 3018 5448 3155 5514; x_wconf 89' lang='lat' dir='ltr'><strong>dies,</strong></span> <span class='ocrx_word' id='word_1_787' title='bbox 3180 5448 3307 5501; x_wconf 91' lang='lat' dir='ltr'><strong>luna</strong></span> <span class='ocrx_word' id='word_1_788' title='bbox 3344 5448 3395 5500; x_wconf 86' lang='lat' dir='ltr'><strong>l.</strong></span> 
     </span>
    </p>
   </div>
   <div class='ocr_carea' id='block_1_117' title="bbox 1826 5538 3394 5605">
    <p class='ocr_par' dir='ltr' id='par_1_117' title="bbox 1826 5538 3394 5605">
     <span class='ocr_line' id='line_1_118' title="bbox 1826 5538 3394 5605; baseline -0.002 -11"><span class='ocrx_word' id='word_1_789' title='bbox 1826 5541 1882 5594; x_wconf 92' lang='lat' dir='ltr'><strong>ln</strong></span> <span class='ocrx_word' id='word_1_790' title='bbox 1915 5540 2171 5595; x_wconf 81' lang='lat' dir='ltr'><strong>Kalendis</strong></span> <span class='ocrx_word' id='word_1_791' title='bbox 2227 5539 2531 5605; x_wconf 84' lang='lat' dir='ltr'><strong>Februarii,</strong></span> <span class='ocrx_word' id='word_1_792' title='bbox 2584 5543 2813 5602; x_wconf 67' lang='lat' dir='ltr'><strong>S‘Zdies,</strong></span> <span class='ocrx_word' id='word_1_793' title='bbox 2849 5542 2976 5595; x_wconf 91' lang='lat' dir='ltr'><strong>luna</strong></span> <span class='ocrx_word' id='word_1_794' title='bbox 3026 5540 3079 5594; x_wconf 74' lang='grc'><strong>2.</strong></span> <span class='ocrx_word' id='word_1_795' title='bbox 3124 5541 3175 5593; x_wconf 93' lang='lat' dir='ltr'><strong>In</strong></span> <span class='ocrx_word' id='word_1_796' title='bbox 3205 5538 3394 5600; x_wconf 90' lang='lat' dir='ltr'><strong>Nonis,</strong></span> 
     </span>
    </p>
   </div>
   <div class='ocr_carea' id='block_1_118' title="bbox 1824 5631 3399 5702">
    <p class='ocr_par' dir='ltr' id='par_1_118' title="bbox 1824 5631 3399 5702">
     <span class='ocr_line' id='line_1_119' title="bbox 1824 5631 3399 5702; baseline -0.003 -14"><span class='ocrx_word' id='word_1_797' title='bbox 1824 5632 1893 5688; x_wconf 74' lang='lat'><strong>36</strong></span> <span class='ocrx_word' id='word_1_798' title='bbox 1928 5634 2066 5697; x_wconf 88' lang='lat' dir='ltr'><strong>dies,</strong></span> <span class='ocrx_word' id='word_1_799' title='bbox 2091 5632 2219 5687; x_wconf 90' lang='lat' dir='ltr'><strong>luna</strong></span> <span class='ocrx_word' id='word_1_800' title='bbox 2245 5633 2298 5687; x_wconf 87' lang='grc'><strong>6.</strong></span> <span class='ocrx_word' id='word_1_801' title='bbox 2328 5632 2382 5687; x_wconf 90' lang='lat' dir='ltr'><strong>In</strong></span> <span class='ocrx_word' id='word_1_802' title='bbox 2422 5632 2621 5700; x_wconf 87' lang='lat' dir='ltr'><strong>Idibus,</strong></span> <span class='ocrx_word' id='word_1_803' title='bbox 2670 5634 2739 5689; x_wconf 73' lang='lat' dir='ltr'><strong>M</strong></span> <span class='ocrx_word' id='word_1_804' title='bbox 2764 5634 2901 5700; x_wconf 87' lang='lat' dir='ltr'><strong>dies,</strong></span> <span class='ocrx_word' id='word_1_805' title='bbox 2935 5634 3060 5689; x_wconf 84' lang='lat' dir='ltr'><strong>luna</strong></span> <span class='ocrx_word' id='word_1_806' title='bbox 3095 5632 3178 5689; x_wconf 71' lang='grc' dir='ltr'><strong>Η.</strong></span> <span class='ocrx_word' id='word_1_807' title='bbox 3203 5631 3258 5687; x_wconf 93' lang='lat' dir='ltr'><strong>ln</strong></span> <span class='ocrx_word' id='word_1_808' title='bbox 3287 5631 3399 5702; x_wconf 83' lang='lat' dir='ltr'><strong>pri-</strong></span> 
     </span>
    </p>
   </div>
   <div class='ocr_carea' id='block_1_119' title="bbox 1468 5808 2055 5878">
    <p class='ocr_par' dir='ltr' id='par_1_119' title="bbox 1468 5808 2055 5878">
     <span class='ocr_line' id='line_1_120' title="bbox 1468 5808 2055 5878; baseline -0.009 -12"><span class='ocrx_word' id='word_1_809' title='bbox 1468 5812 1486 5843; x_wconf 81' lang='grc'>⁶</span> <span class='ocrx_word' id='word_1_810' title='bbox 1541 5811 1712 5868; x_wconf 82' lang='lat' dir='ltr'><strong>Levit.</strong></span> <span class='ocrx_word' id='word_1_811' title='bbox 1747 5828 1903 5878; x_wconf 83' lang='lat' dir='ltr'><strong>xxm,</strong></span> <span class='ocrx_word' id='word_1_812' title='bbox 1940 5808 2055 5865; x_wconf 74' lang='lat'><strong>5-7.</strong></span> 
     </span>
    </p>
   </div>
  </div>
