3882 6486
118 394 208 452 221

123 509 439 566 diminuitur.
462 502 514 556 in
542 517 650 571 qua
701 508 1101 555 consumuntur
1128 510 1206 549 xu
1250 493 1400 546 horae
1427 498 1480 543 et
1500 485 1669 549 assis,

125 604 169 657 id
195 612 269 655 est
299 600 467 667 prima
491 610 618 664 pars
642 609 709 648 ex
741 609 814 646 xu
842 589 1141 660 particulis.
1176 584 1230 639 In
1254 599 1358 653 qua
1379 584 1465 634 die
1487 580 1552 632 ad
1586 593 1675 630 ve—

126 707 336 764 sperum,
356 689 400 743 si
418 689 544 741 luna
562 701 650 739 xiv
669 683 973 747 accidisset,
991 693 1165 751 agnus
1179 675 1321 745 apud
1338 673 1554 727 Judaaos
1573 669 1669 721 im-

128 761 423 837 molabatur.
455 773 552 829 Sin
578 782 758 827 autem
784 769 1052 826 excedens
1073 781 1357 829 numerus,
1384 767 1467 818 xv‘
1479 761 1561 815 vel
1581 775 1670 815 xvt

129 874 236 925 luna
262 868 452 922 fuisset
474 865 715 926 inventa,
742 863 797 915 in
835 872 1061 928 vespere
1088 854 1331 925 ejusdem
1356 851 1461 906 diei
1490 851 1545 904 in
1582 863 1675 902 xlv

130 964 202 1015 die
230 959 471 1014 secundae
504 957 648 1009 lunae
689 955 881 1008 eodem
918 965 1104 1005 mense
1128 955 1268 1001 natae
1295 944 1361 999 ad
1388 955 1675 1012 vesperum

130 1052 308 1107 Pascha
362 1048 739 1104 celebrabatur
777 1064 791 1111 ;
834 1052 1038 1114 septem
1098 1041 1291 1095 diebus
1329 1034 1675 1091 comedentes

131 1159 315 1215 azyma,
342 1156 515 1210 usque
539 1140 607 1193 ad
638 1139 777 1193 diem
804 1152 894 1190 χχι
930 1134 985 1187 in
1012 1145 1320 1200 vesperum.
1352 1126 1520 1180 Nobis
1544 1134 1677 1193 ergo

132 1213 357 1286 similiter
385 1229 430 1283 si
456 1229 693 1291 eveniat,
728 1234 789 1279 ut
821 1240 897 1277 vu
934 1222 1206 1276 Kalendas
1237 1218 1438 1287 Aprilis
1470 1224 1521 1268 et
1560 1213 1677 1267 dies

134 1321 387 1378 Dominica
424 1329 479 1373 et
529 1319 657 1372 luna
698 1332 791 1371 xtv
831 1315 1160 1376 inveniatur,
1205 1327 1297 1365 xiv
1342 1309 1552 1363 Pascha
1587 1321 1678 1362 ce-

132 1412 425 1468 lebrandum
470 1419 574 1466 est.
617 1407 720 1463 Sed
754 1417 809 1463 et
836 1408 883 1463 si
913 1422 979 1461 xv
1016 1405 1100 1459 vel
1150 1417 1276 1467 xvi,
1324 1409 1377 1455 et
1407 1417 1581 1471 usque
1610 1401 1677 1455 ad

132 1521 194 1560 xx
233 1506 351 1559 luna
402 1501 569 1557 fuerit
614 1502 832 1557 inventa
861 1544 875 1566 ,
916 1513 1015 1565 pro
1051 1495 1354 1552 reverentia
1383 1493 1680 1548 Dominicae

134 1595 526 1651 resurrectionis
556 1610 678 1663 qua:
708 1593 760 1646 in
794 1593 882 1647 die
912 1589 1195 1643 Dominica
1230 1587 1369 1641 facta
1392 1595 1496 1646 est,
1522 1585 1681 1639 nobis

134 1688 358 1743 similiter
390 1685 777 1740 celebrandum
800 1694 920 1749 est;
954 1682 1025 1736 ita
1062 1690 1240 1733 tamen
1270 1688 1327 1731 ut
1354 1677 1678 1745 principium

136 1783 333 1837 Pascha:
354 1781 516 1835 linem
549 1778 911 1834 solemnitatis
936 1792 1150 1841 eorum,
1173 1776 1225 1830 id
1249 1784 1333 1829 est
1363 1775 1678 1828 vicesimam

698 385 767 442 IN
805 384 863 441 S.
906 378 1229 438 ANATOLII
1263 370 1589 433 CANONEM
1628 365 1859 426 EGIDII
1892 361 2214 420 BCCHERH
2254 349 2820 413 COMMENTARIUS.

1705 487 1753 543 Α
1782 480 1973 537 lendas
1991 475 2256 535 Januarii,
2282 472 2445 527 simili
2474 482 2702 523 numero
2732 467 2990 521 horarum
3021 475 3084 515 ac
3112 472 3353 513 momen-

3238 338 3347 393 2‘22

1782 584 1962 629 torum
1995 570 2199 626 ﬁnitur.
2231 567 2306 622 lta
2354 572 2414 618 ut
2456 580 2551 617 vui
2584 560 2856 615 Kalendas
2884 553 3130 611 Januarii
3160 554 3350 606 horam

1780 677 1835 722 et
1871 665 2017 722 horae
2047 662 2329 719 dimidium
2363 660 2496 714 hora
2531 654 2746 709 habeat.
2781 651 2859 703 Eo
2891 663 3067 717 usque
3114 659 3354 713 namque

1779 761 1898 816 dies
1925 774 1978 814 et
2018 775 2121 813 nox
2154 758 2553 812 diminuuntur.
2606 752 2670 807 Et
2708 766 2784 805 xu
2817 750 2967 802 hora:
2996 758 3118 815 quae
3151 741 3205 795 in
3234 754 3355 792 ver-

1780 852 1892 906 nali
1940 848 2267 919 aequinoctio
2298 848 2352 900 in
2402 843 2669 916 principio
2708 837 2922 893 Domini
2949 829 3355 904 dispensatione

1780 946 2089 1002 constitutae
2122 951 2269 1004 sunt,
2297 941 2352 994 in
2384 954 2478 992 vui
2527 934 2798 991 Kalendas
2827 930 2956 985 Julii
2988 936 3148 983 nocte
3190 924 3355 980 dimi.

1780 1048 1947 1101 nuta,
1974 1038 2089 1092 sole
2114 1033 2437 1089 ascendente
2459 1046 2554 1100 per
2582 1027 2826 1098 singulos
2853 1040 2993 1095 quos
3016 1036 3181 1090 supra
3211 1017 3355 1072 dixi-

1781 1150 1905 1188 mus
1957 1108 2159 1202 gradus
2204 1142 2383 1193 xvm,
2417 1125 2471 1178 in
2524 1122 2847 1178 duodecimo
2895 1115 3129 1187 longiori
3178 1112 3357 1183 spatio

1782 1225 2127 1295 reperiantur
2173 1221 2458 1290 adiunctae.
2496 1216 2560 1270 Et
2587 1217 2782 1269 iterum
2834 1227 2914 1266 xu
2960 1211 3109 1264 hora:
3151 1222 3274 1276 quze
3300 1205 3357 1258 in

1781 1317 2079 1373 autumnali
2110 1312 2435 1384 aequinoctio
2466 1311 2598 1365 solis
2631 1312 2899 1361 descensu
2928 1302 3262 1371 repleantur,
3299 1297 3355 1350 in

1781 1426 1878 1463 vut
1910 1407 2178 1462 Kalendas
2199 1403 2443 1459 Januarii
2472 1418 2567 1456 sex
2597 1402 2746 1454 horae
2774 1399 2827 1452 in
2859 1411 2933 1451 xu
2978 1393 3166 1448 divisze
3200 1391 3352 1444 inve—

1782 1502 2001 1555 niantur
2030 1498 2338 1567 disjunctte,
2357 1503 2515 1549 nocte
2535 1507 2663 1546 xvnt
2695 1491 2747 1544 in
2777 1504 2855 1542 xu
2889 1487 3093 1541 divisas
3116 1489 3355 1537 tenente.

1782 1591 1913 1659 Quae
1940 1591 1995 1645 in
2026 1606 2121 1645 vui
2144 1588 2413 1644 Kalendas
2435 1584 2563 1640 Julii
2593 1583 2841 1639 similiter
2863 1596 2916 1634 v1
2940 1579 2994 1633 in
3022 1592 3103 1631 xu
3135 1572 3361 1647 partitas

1786 1684 2023 1740 tenebat.

2196 1769 2358 1826 XVII.
2402 1769 2586 1835 Operis
2617 1765 2905 1821 conclusio.

133 1874 315 1937 lunam,
360 1887 472 1925 non
500 1870 746 1926 excedat.
785 1869 850 1923 Et
873 1869 995 1924 ideo
1019 1884 1126 1924 non
1162 1883 1354 1938 parum
1384 1866 1679 1935 deliquisse
1713 1845 1754 1899 Β
1797 1939 1817 1941 ἡ
1854 1863 2019 1920 XVII.
2045 1862 2170 1941 ⁹Ηοε
2222 1871 2400 1917 autem
2434 1876 2540 1914 non
2598 1860 2814 1929 ignores
2841 1897 2857 1920 ,
2908 1851 3053 1923 quod
3085 1850 3188 1903 ista
3228 1862 3364 1917 qua—

134 1964 350 2018 diximus
382 1978 500 2027 eos,
528 1962 621 2031 qui
654 1960 953 2029 anticipare
985 1960 1066 2013 vel
1093 1959 1355 2013 excedere
1389 1957 1535 2011 hunc
1577 1972 1679 2009 nu-

133 2071 320 2108 merum
369 2054 568 2108 divina:
622 2053 886 2107 insertum
933 2052 1231 2121 Scriptura;
1281 2050 1399 2106 ausi
1428 2058 1577 2105 sunt.
1617 2048 1683 2103 Et

133 2150 191 2201 ab
218 2165 307 2201 vni
330 2146 604 2201 Kalendas
629 2146 830 2216 Aprilis
880 2146 935 2199 in
964 2159 1063 2198 vtn
1094 2144 1365 2199 Kalendas
1390 2142 1563 2197 Julias
1589 2158 1685 2211 per

134 2257 191 2294 xv
234 2240 349 2295 dies
403 2241 538 2293 hora
572 2238 926 2304 diminuitur;
955 2253 1049 2307 per
1079 2238 1187 2292 duo
1215 2246 1488 2291 momenta
1516 2244 1571 2290 et
1604 2233 1683 2287 di-

135 2331 363 2396 midium,
400 2340 454 2385 et
492 2340 703 2385 sextam
748 2337 958 2398 partem
1008 2327 1303 2391 momenti,
1338 2326 1453 2381 sole
1495 2340 1686 2380 ascen-

134 2426 275 2478 dente
296 2439 392 2493 per
419 2422 665 2493 singulos
694 2421 833 2475 dies.
870 2420 935 2474 Et
974 2420 1043 2473 ab
1075 2435 1171 2473 vui
1208 2416 1478 2472 Kalendas
1511 2413 1684 2469 Julias

135 2517 180 2570 in
206 2532 297 2570 vui
328 2515 600 2570 Kalendas
642 2512 893 2569 Octobris
917 2513 1165 2568 similiter
1196 2527 1291 2581 per
1347 2526 1414 2564 xv
1445 2510 1584 2577 dies,
1632 2515 1684 2561 et

136 2617 348 2677 quatuor
385 2608 572 2673 horas,
616 2606 751 2660 hora
788 2605 1146 2671 diminuitur;
1182 2603 1542 2659 descendente
1571 2600 1689 2655 sole

137 2698 183 2751 in
202 2714 524 2769 unaquaque
554 2699 643 2752 die
678 2714 773 2769 per
821 2698 1071 2754 eumdem
1105 2710 1393 2751 numerum
1444 2706 1691 2747 momen-

137 2800 333 2859 torum;
360 2803 414 2848 et
448 2793 686 2862 spatium
706 2790 853 2861 quod
879 2798 1151 2860 superest,
1174 2803 1349 2858 usque
1380 2786 1432 2841 in
1465 2801 1560 2839 vnt
1586 2783 1690 2839 Ka-

1787 1939 1913 2021 tuor
1943 1939 2063 2027 qua:
2101 1956 2340 2011 diximus
2392 1963 2699 2022 temporum
2731 1948 3001 2009 conﬁnia,
3036 1945 3164 1998 licet
3213 1956 3365 1993 men-

1787 2051 1928 2106 sium
1964 2049 2308 2119 sequentium
2348 2045 2605 2101 Kalendis
2636 2043 3102 2115 approximentur,
3158 2049 3361 2091 unum-

1790 2142 2042 2213 quodque
2090 2148 2271 2195 tamen
2314 2137 2550 2193 medium
2602 2134 2893 2205 temporis,
2927 2132 2977 2186 id
3009 2140 3093 2184 est
3126 2129 3277 2183 verni
3312 2136 3368 2180 et

1791 2235 2019 2297 uastatis.
2060 2230 2307 2287 autumni
2339 2238 2393 2284 et
2439 2228 2634 2284 hiemis
2668 2234 2866 2281 teneat.
2918 2224 2982 2278 Et
3012 2238 3120 2276 non
3165 2221 3362 2276 exinde

1793 2336 2097 2395 temporum
2150 2321 2421 2394 principia
2477 2320 2843 2383 inchoantur,
2891 2317 3034 2371 unde
3092 2312 3365 2367 mensium

1790 2418 2044 2473 Kalendae
2078 2416 2385 2470 initiantur.
2427 2412 2531 2468 Sed
2569 2413 2642 2466 ita
2691 2408 3119 2478 unumquodque
3151 2415 3366 2474 tempus

1791 2510 2155 2566 inchoandum
2190 2516 2294 2571 est,
2318 2516 2379 2560 ut
2409 2522 2437 2560 a
2460 2505 2635 2575 prima
2669 2504 2755 2557 die
2788 2502 2934 2557 veris
2966 2510 3177 2569 tempus
3198 2496 3367 2566 tequi-

1792 2604 2036 2661 noctium
2072 2602 2315 2665 dividat;
2344 2610 2398 2654 et
2435 2599 2640 2653 aestatis
2674 2613 2773 2651 vui
2821 2593 3091 2650 Kalendas
3122 2588 3285 2652 Julii,
3313 2596 3369 2642 et

1796 2695 2042 2752 autumni
2070 2709 2167 2747 vnt
2197 2691 2469 2746 Kalendas
2503 2689 2779 2749 Octobris,
2816 2697 2869 2742 et
2903 2687 3098 2742 hiemis
3129 2700 3226 2737 vui
3258 2680 3368 2735 Ka-

1796 2786 1987 2841 lendas
2022 2782 2268 2838 Januarii
2306 2781 2555 2835 similiter
2586 2779 2868 2834 dividitur.

140 3000 3348 3032 Μ

1201 3171 1621 3262 IEGlDlI
1704 3165 2279 3258 BUCHERII

601 3375 669 3434 In
700 3375 760 3435 S.
790 3368 1073 3459 Anatolii
1104 3367 1520 3432 Alexandrini
1554 3364 1871 3427 Cononem
1906 3360 2266 3425 Paschalem
2310 3358 2844 3423 Commentarios.

634 3686 861 3743 CAPUT
902 3685 1189 3741 PRIMUM.

144 3781 277 3839 Sitne
324 3784 583 3854 genuinus
638 3782 875 3854 Anatolii
921 3777 1469 3854 Canna-Paschalis,
1521 3775 1700 3829 Curre

201 3848 444 3924 scriptus,
482 3871 514 3907 a
561 3853 748 3922 Ruﬁno
784 3853 987 3924 Latine
1012 3848 1559 3924 redditus._Rationes
1606 3864 1702 3899 cur

199 3917 455 3995 ejusmodi
517 3917 705 3995 Cauon
751 3921 990 3995 Anatolii
1044 3937 1167 3995 ηοηΔ
1200 3920 1461 3995 videatur.
1518 3917 1699 3987 Ipsum

204 3989 449 4051 Anatolio
501 3994 737 4047 tribuunt
798 3993 1074 4051 Eusebius,
1128 3990 1294 4052 Beda,
1352 3989 1699 4051 Culmannus,

204 4065 511 4135 Wilfridus.
544 4065 691 4118 Beda
719 4081 785 4119 ea:
820 4064 915 4117 hoc
941 4060 1164 4118 Canone
1194 4061 1464 4129 complura
1490 4060 1559 4113 ad
1600 4075 1703 4113 uer-

205 4140 316 4191 bum
340 4139 498 4191 citat.

205 4252 535 4312 Anatolium,
586 4264 778 4317 genere
807 4248 1235 4303 Alexandrinum
1261 4287 1277 4309 ,
1307 4243 1699 4317 GraaceCano-

145 4340 246 4377 nem
290 4338 451 4378 suum
505 4315 792 4390 scripsisse
852 4318 1296 4390 nemo_duhitat.
1353 4316 1420 4390 Et
1475 4315 1700 4370 dubium

145 4409 289 4447 omne
334 4392 528 4445 eximit
551 4388 837 4452 Eusebius,
891 4390 983 4458 qui
1030 4388 1228 4442 bonam
1282 4388 1446 4458 hujus
1494 4396 1701 4457 partem

146 4462 313 4519 Grtece
337 4464 494 4516 citat.
523 4459 839 4516 Versionem
867 4456 1010 4514 hanc
1038 4457 1286 4513 Latinam
1317 4456 1516 4511 Ruﬁno
1551 4472 1704 4528 aeque

146 4549 322 4587 omnes
378 4532 695 4595 ascribunt,
749 4544 922 4598 eoque
974 4545 1166 4598 parum
1218 4537 1554 4591 accuratam,
1605 4544 1705 4583 nec

146 4604 264 4659 satis
290 4605 454 4657 fidam
498 4597 846 4656 existimant.
872 4597 1016 4653 Sane
1042 4597 1249 4664 Graca,
1285 4614 1405 4667 quae
1441 4597 1578 4652 libro
1607 4615 1702 4662 vu,

146 4688 254 4743 cap.
284 4674 353 4727 26
393 4673 524 4743 βε)
579 4671 837 4743 Historia:
890 4685 1003 4743 suae
1048 4668 1418 4743 ecclesiastica:
1477 4667 1705 4723 feliciter

148 4738 360 4798 inseruit
391 4738 681 4803 Eusebius,
722 4750 777 4795 et
804 4738 1109 4794 Rufinianis
1158 4739 1408 4793 uberiora
1457 4747 1604 4804 sunt,
1653 4749 1706 4794 et

148 4814 284 4868 aliter
331 4813 567 4867 subinde
594 4813 906 4879 clariusque
944 4808 1359 4878 concipiUntur;
1388 4809 1563 4879 utivel
1597 4810 1705 4878 pri-

149 4901 223 4937 ma
252 4885 659 4952 comparatione
704 4878 876 4936 cuivis
918 4880 1290 4952 perspicuum,
1316 4890 1417 4952 est.
1458 4878 1570 4952 Hoc
1609 4894 1705 4933 no-

148 4956 277 5007 mine
310 4947 420 5007 no'n
454 4969 612 5023 nego,
641 4952 816 5006 labem
846 4947 1161 5023 nonnullam
1196 4948 1247 5023 in
1280 4949 1506 5023 hujusce
1531 4947 1705 5003 Cano-

1725 3687 1765 3742 C
1799 3682 2008 3736 decima
2044 3678 2192 3733 nullo
2226 3679 2483 3746 scrupulo
2516 3676 2721 3739 indicit,
2762 3676 2813 3728 in
2846 3692 2956 3742 quo
2983 3690 3105 3746 cum
3141 3673 3377 3741 Quarta-

1800 3751 2129 3812 decinianis.
2165 3764 2258 3803 seu
2289 3744 2882 3801 Tessareskaadecatitis
2916 3747 2984 3799 ab
3017 3744 3269 3799 Ecclesia‘
3293 3761 3375 3797 re-

1795 3822 1975 3891 jectis,
2013 3820 2142 3875 facit
2184 3819 2342 3891 :etsi
2378 3813 2430 3871 iii
2482 3817 2558 3871 illi
2608 3826 2925 3891 perpetuum
2972 3831 3077 3869 non
3125 3816 3190 3869 sit
3211 3831 3378 3891 ;‘nec

1802 3884 1904 3947 nisi
1947 3884 2027 3947 ter
2062 3901 2174 3945 toto
2205 3884 2684 3957 decemnovenn‘ali
2708 3884 2886 3957 ’cyclo
2918 3895 3184 3939 recurrat.
3231 3884 3377 3939 Prte-

1803 3975 1946 4018 terea
2001 3961 2244 4016 eamdem
2286 3958 2571 4013 Paschalis
2614 3956 2951 4011 Dominicam
3008 3972 3038 4008 a
3072 3972 3168 4009 xui
3224 3957 3375 4016 luna,

1801 4035 1990 4087 saltem
2033 4040 2295 4090 exeunte,
2333 4030 2385 4082 in
2430 4046 2498 4082 xx
2536 4029 2798 4081 duntaxat
2833 4026 3112 4089 diffundit;
3160 4028 3378 4079 tametsi

1804 4103 2108 4172 Scriptura,
2143 4109 2199 4155 et
2223 4115 2346 4154 cum
2378 4115 2439 4152 ea
2454 4098 2799 4152 Alexandrini
2832 4097 2973 4152 inter
3005 4112 3143 4172 quos
3173 4096 3381 4172 studuit

1801 4165 2102 4237 Anatolius,
2135 4186 2165 4225 a
2198 4186 2289 4225 xlv
2324 4172 2375 4223 in
2412 4183 2505 4222 χιιι
2540 4178 2720 4236 aperte
2751 4175 3080 4237 propagent;
3109 4166 3287 4220 Latini
3324 4165 3377 4219 in

1800 4245 2117 4299 vicesimam
2160 4256 2379 4309 quoque
2424 4240 2717 4309 secundam
2764 4238 3066 4309 extendere
3096 4238 3235 4309 nihil
3282 4252 3379 4289 ve—

1805 4324 2043 4367 reantur.
2079 4312 2159 4366 Ad
2183 4307 2312 4366 haec
2343 4310 2554 4364 litteras
2587 4307 2950 4363 Dominicales
2978 4317 3031 4361 et
3056 4307 3380 4375 bissextum,

1803 4385 1975 4438 aliave
2024 4384 2281 4452 pleraque
2312 4394 2420 4435 tam
2458 4380 2685 4452 confuse
2724 4380 3027 4444 constituit,
3058 4389 3117 4432 ut
3149 4394 3253 4432 non
3283 4378 3383 4431 do-

1804 4456 1873 4509 cti
1924 4448 2157 4519 alicujus
2194 4448 2263 4505 ἐι
2318 4450 2488 4505 sancti
2544 4448 2742 4512 Patris,
2798 4452 3011 4518 qualem
3068 4454 3384 4517 supponunt

1805 4540 1995 4579 omnes
2041 4522 2391 4586 Anatolium;
2443 4521 2536 4575 sed
2584 4520 2739 4573 rudis
2784 4530 2836 4574 et
2885 4520 3078 4591 ignari,
3134 4520 3384 4591 ferteque

1806 4612 1833 4648 a
1865 4596 2089 4649 veritate
2132 4592 2399 4649 catholica
2433 4590 2573 4644 devii
2620 4588 3124 4659 scriptoris'potius
3153 4606 3274 4645 esse
3303 4588 3384 4640 vi-

1805 4666 2014 4719 deatur.
2053 4664 2127 4717 De
2152 4679 2262 4733 quo
2290 4664 2447 4732 plura
2482 4677 2609 4715 mox
2638 4664 2813 4729 capite
2843 4663 3023 4733 tertio.

1877 4729 2208 4793 Germanum
2260 4729 2618 4787 nihilominus
2648 4732 2883 4785 Anatolii
2928 4742 3143 4800 partum
3189 4729 3383 4784 fortius

1806 4809 1922 4861 lizee
1958 4807 2233 4860 evincunt.
2276 4802 2460 4856 Primo
2490 4802 2709 4857 Eusebii
2743 4802 3097 4856 Caesariensis
3132 4802 3223 4869 qui
3258 4816 3380 4852 eum

1808 4878 1988 4931 videre
2019 4880 2214 4944 potuit,
2242 4873 2563 4935 auctoritas,
2592 4873 2795 4944 quique
2845 4888 2951 4944 non
2981 4874 3121 4944 exile
3151 4870 3384 4944 Cononis

1809 4941 2041 5014 hujusce
2067 4944 2423 5014 fragmentum
2454 4942 2687 4997 Anatolii
2726 4941 3386 5014 nomineprofert,plaue

148 5024 219 5076 nis
252 5034 458 5077 textum
507 5012 745 5092 i'rrepere
794 5021 1055 5092 potuisse.
1102 5018 1208 5074 Sed
1254 5012 1482 5092 quaestio
1519 5028 1603 5074 est
1636 5036 1704 5074 an
1740 5033 1782 5087 ι)
1810 5012 1937 5072 huic
1977 5012 2242 5092 opusculo
2289 5013 2591 5092 con-ferme,
2628 5013 2856 5092 nisi.u_b.i
2894 5012 3272 5092 ﬁdes__v_acillat
3302 5012 3387 5091 iri-

149 5103 312 5149 textus
352 5096 476 5154 iste,
517 5090 753 5163 seposita
794 5091 974 5145 Rufini
1016 5104 1219 5163 parum
1251 5098 1397 5163 certa
1439 5090 1700 5163 interpre-

150 5160 663 5235 tationeLgenuinus
707 5163 842 5216 alias
885 5176 949 5215 ac
967 5176 1138 5235 verus
1177 5160 1249 5235 sit
1272 5161 1506 5235 Anatolii
1541 5161 1705 5226 fetus,

153 5250 293 5303 «luem
346 5228 617 5288 Eusebius
643 5234 909 5287 Cononem
944 5230 1006 5283 de
1028 5228 1309 5297 Paschate,
1346 5229 1708 5303 Hieronymus

163 5301 399 5358 Volumen
436 5321 594 5372 super
618 5303 845 5367 Pascha,
878 5308 1091 5355 vocant.

212 5373 282 5427 Ex
317 5371 602 5444 principiis
646 5375 862 5442 quidem
885 5386 1033 5444 sane
1071 5371 1380 5444 paradoxis,
1410 5382 1710 5444 praeterque

153 5441 485 5498 communem
519 5441 707 5498 eorum
741 5444 832 5512 qui
866 5443 931 5496 de
956 5441 1220 5496 Paschate
1244 5441 1554 5512 Christiano
1584 5442 1716 5496 scri-

153 5524 363 5584 pserunt
412 5516 726 5584 opinionem
762 5511 1096 5584 constitutis,
1124 5528 1244 5581 qua:
1278 5511 1461 5566 Conon
1489 5513 1576 5567 hic
1602 5528 1714 5582 prae

156 5598 205 5636 se
237 5583 356 5648 fert,
394 5583 564 5638 videri
598 5584 733 5638 forte
768 5584 941 5653 possit
972 5583 1309 5653 adulterinus
1340 5593 1392 5637 et
1420 5585 1713 5653 suppositi-

156 5653 285 5716 tius;
324 5664 380 5709 et
420 5656 649 5708 alterius
682 5652 861 5722 potius
886 5668 1049 5723 quam
1074 5652 1309 5708 Anatolii
1342 5662 1452 5708 tam
1487 5652 1712 5719 laudati,

155 5729 251 5776 tam
298 5727 557 5779 catholici
605 5721 918 5792 scriptoris.
956 5721 1025 5776 Ut
1057 5738 1121 5776 ex
1157 5724 1343 5778 multis
1371 5724 1462 5778 hic
1498 5724 1712 5778 interim

158 5807 309 5859 pauca
350 5796 575 5867 seligam
626 5813 639 5849 :
680 5793 899 5849 Pascha:
946 5792 1281 5849 Dominicam
1342 5796 1467 5849 luna
1519 5805 1712 5865 quarta

1812 5081 2081 5158 terpret'is.
2111 5089 2270 5158 idem
2298 5083 2427 5139 facit
2459 5094 2512 5137 et
2543 5082 2705 5147 Beda,
2739 5082 2894 5158 initio
2928 5083 3089 5135 libelli
3120 5081 3387 5158 Deﬁa’gui-

1814 5151 1988 5212 noétio
2011 5168 2058 5211 et
2085 5157 2145 5210 de
2170 5156 2371 5209 ratione
2402 5164 2711 5222 temporum,
2741 5154 2915 5222 capite
2942 5162 3155 5221 quarto.
3187 5151 3388 5206 Deinde

1813 5231 2147 5284 Colmannus
2201 5227 2485 5279 Scotorum
2543 5224 2862 5291 episc0pus,
2931 5224 3072 5291 apud
3132 5223 3385 5277 eumdem

1816 5300 2013 5354 Bedatn
2046 5299 2183 5352 libro
2215 5312 2272 5348 ut
2304 5293 2556 5347 Historia:
2584 5293 2866 5363 Anglorum
2891 5292 3257 5346 ecclesiastica:
3302 5306 3387 5343 ca-

1856 5374 1926 5425 ite
1965 5369 2056 5432 ‘25,
2090 5367 2397 5421 Anatolium
2434 5366 2632 5427 virum,
2687 5372 2745 5416 ut
2789 5367 2886 5427 ait,
2933 5372 3182 5417 sanctum
3231 5371 3284 5415 et
3330 5365 3384 5414 in

1857 5390 1926 5425 lle
1965 5390 2056 5432 20,
2090 5390 2397 5421 Allatuuum
2437 5390 2632 5427 Virum,
2687 5390 2745 5416 ιιι
2789 5390 2886 5427 ait,
2933 5390 3182 5417 annuum
3231 5390 3284 5415 cs
3331 5390 3384 5414 ιιι

1817 5390 2046 5496 bistoria
2099 5437 2463 5492 ecclesiastica
2516 5435 2984 5499 laudatissimum,
3037 5435 3105 5486 ab
3138 5449 3227 5486 xiv
3260 5433 3387 5485 luna

1819 5513 1882 5566 ad
1916 5528 1987 5564 xx
2013 5509 2219 5563 Pascha
2252 5507 2634 5562 celebrandum
2665 5504 2952 5559 tradidisse
2982 5503 3194 5559 asserit.
3230 5503 3385 5568 Quod

1819 5584 1981 5636 etiam
2036 5578 2337 5634 catholicus
2389 5577 2686 5646 Anglorum
2749 5576 3030 5646 presbyter
3076 5574 3384 5646 Wilfridus,

1820 5661 2006 5706 contra
2049 5648 2409 5705 Colmannutn
2438 5644 2536 5718 pro
2565 5644 2827 5701 Paschate
2854 5644 3236 5718 Alexandrino,
3268 5645 3386 5697 dis-

1821 5729 2017 5790 putans
2049 5761 2064 5785 ,
2094 5735 2202 5774 non
2234 5722 2394 5774 modo
2424 5716 2676 5790 admittit,
2714 5718 2805 5771 sed
2858 5725 2920 5790 et
2942 5719 3162 5790 insuper
3189 5716 3259 5790 ab
3288 5729 3383 5767 xm

1823 5786 1949 5846 luna
1991 5796 2055 5845 ad
2086 5806 2369 5859 vesperum
2406 5790 2633 5845 subinde
2662 5788 2867 5843 Pascha
2898 5788 3090 5844 Scotos
3131 5786 3386 5841 inclinare
