3882 6550
524 399 632 454 223

1549 393 1784 453 Αῖςιιιιι
1825 394 2146 453 BUCHERII
2183 392 2722 454 COMMENTARIUS

3628 397 3716 451 228

524 517 836 583 exprobrat,
877 517 1020 587 quod
1059 535 1124 574 ex
1153 517 1378 588 hujusce
1405 515 1633 571 Cononis
1668 515 1976 570 Auatoliani
2009 531 2095 570 ra-
2123 520 2167 574 Α
2197 533 2288 568 seu
2324 517 2493 588 ipsam
2537 516 2861 588 circulorum
2910 513 3114 568 zodiaci
3141 521 3213 588 _¢_!l
3238 511 3621 588 aequinoctialis
3647 519 3717 569 iu-

527 587 769 658 t_ionib_us
797 603 1188 658 nonnunquam
1221 587 1354 642 edici
1385 603 1666 658 necessum
1699 595 1803 658 est.
1851 588 2090 655 Denique

528 653 666 727 Beda
702 656 817 724 ipse
845 653 1100 727 pleraque
1129 659 1192 712 ad
1223 659 1448 712 verbum
1487 672 1551 710 ex
1583 657 1706 727 hoc
1729 657 1940 710 Canone
1987 653 2089 710 sw-

530 726 651 792 pius
683 727 969 795 exscribit,
1010 725 1062 782 et
1096 730 1346 782 Anatolio
1373 726 1638 780 attribuit.
1691 725 1822 780 Nam
1857 727 2087 795 primum

527 803 640 866 toto
675 793 784 850 fere
815 797 880 849 de
912 799 1238 866 aequinoctio
1287 797 1484 858 libello,
1532 797 1604 849 ita
1649 796 1714 850 de
1747 793 1978 850 Anatolii
2035 797 2088 848 in

524 863 737 934 figendo
783 863 1108 933 mquiuoctio
1157 867 1423 921 sententia
1479 867 1759 934 disputat,
1813 877 1870 920 ut
1911 866 2089 934 quivis

525 933 682 1005 facile
726 938 1029 1003 pervident,
1061 939 1247 991 istlnec
1277 953 1400 990 eum
1446 953 1550 989 non
1570 933 1798 989 aliunde
1827 933 1988 1005 quam
2023 952 2089 989 ex

528 1003 629 1073 hoc
685 1006 848 1059 etiam
904 1008 1166 1060 mendoso
1218 1015 1580 1073 corruptaque
1626 1003 1858 1059 Canoue'
1900 1004 2089 1058 Latino

525 1071 742 1128 haurire
789 1077 1048 1144 potuisse.
1102 1077 1176 1129 De
1218 1093 1325 1142 quo
1374 1071 1739 1129 nos‘uberius
1784 1077 1958 1144 capite
2007 1091 2089 1129 se-

521 1144 729 1210 quenti.
785 1144 1018 1198 Rursum
1065 1145 1203 1199 idem
1242 1146 1381 1198 Beda
1418 1145 1488 1197 De
1530 1147 1730 1199 ratione
1778 1157 2086 1213 temporum,

523 1214 701 1281 capite
753 1214 844 1279 40,
883 1215 1242 1269 disertissime
1271 1217 1466 1269 saltum
1517 1215 1658 1268 lunas
1689 1215 1786 1269 abs
1815 1216 2086 1278 Anatolio,

524 1299 628 1335 non
670 1283 866 1355 inline
888 1286 969 1338 vel
1016 1286 1189 1354 capite
1222 1285 1936 1355 cyclidecemuovennalis,
1995 1287 2086 1340 scd

521 1368 664 1425 anno
693 1352 813 1421 ejus
841 1354 1052 1425 decimo
1077 1352 1270 1425 quarto
1300 1354 1390 1423 qui
1430 1353 1766 1425 estultimus
1806 1355 2086 1425 ogdoadis,

520 1423 774 1476 collocari
825 1424 1055 1478 scribit:
1100 1424 1343 1490 Faciens,
1386 1423 1594 1491 inquit,
1630 1423 1778 1477 illam
1816 1423 2088 1478 ascendere

521 1494 638 1564 (seu
665 1493 892 1564 saltare)
932 1500 986 1547 in
1012 1496 1345 1564 arquinoctia,
1372 1494 1434 1546 de
1465 1505 1645 1546 octava
1674 1495 1727 1547 in
1761 1496 2084 1564 vigesimum.

520 1560 676 1626 Quod
745 1563 886 1618 idem
952 1560 1111 1633 plane
1181 1565 1410 1620 Canonis
1476 1565 1640 1632 hujus
1700 1560 1920 1618 exhibet
1965 1565 2086 1619 dia-

521 1647 787 1700 gramma.

590 1700 828 1772 Denique
878 1704 1179 1759 clarissime
1230 1704 1369 1758 idem
1418 1705 1579 1762 Beda.
1614 1705 1799 1761 eodem
1841 1703 1980 1758 libro
2012 1704 2087 1758 De

519 1772 723 1826 ratione
757 1783 1066 1842 temporum,
1097 1789 1216 1843 cap.
1241 1775 1330 1839 55,
1363 1775 1624 1830 Cononem
1647 1778 1788 1830 hunc
1813 1775 2086 1828 Anatolia-

2196 581 2592 647 tersectiouetu,
2640 586 2692 638 iu
2735 601 2822 638 ut
2869 593 2962 638 aut
2995 599 3105 638 χχιι
3139 582 3314 636 Martii
3358 581 3552 636 Juliani
3593 585 3715 642 diem

2194 656 2307 725 (qui
2338 672 2459 708 eum
2497 673 2599 709 xxv
2638 665 2692 709 et
2719 672 2842 709 xxvi
2874 655 3204 725 Phamenoth
3250 653 3610 725 concurrunt),
3649 659 3717 710 in-

2192 723 2430 789 currisse
2485 740 2643 778 nemo
2685 725 2977 794 negaverit.
3028 723 3309 789 Quomodo
3349 737 3475 790 ergo
3516 723 3621 787 sol,
3662 743 3716 780 ex

2193 795 2426 848 Anatolii
2465 811 2625 849 sensu
2669 804 2774 848 tam
2807 797 2952 849 clare
2980 795 3065 848 hic
3095 809 3370 862 expresso,
3406 802 3642 860 quartam
3672 798 3715 849 iu

2192 866 2370 918 Ariete
2398 866 2538 919 diem
2575 875 2701 919 tunc
2729 865 3061 932 percurrisse
3088 863 3294 933 potuit?
3326 863 3392 914 At
3420 864 3464 915 si
3495 878 3586 930 pro
3611 881 3717 919 uvt

2193 935 2546 996 Phamcnoth,
2593 951 2685 990 seu
2718 934 2892 988 Martii
2924 951 3058 1000 χχιι,
3096 935 3414 993 substituas,
3467 943 3523 986 ut
3566 935 3715 1001 decet,

2191 1021 2317 1058 xxix
2368 1005 2734 1069 Phamcnoth,
2789 1005 2962 1058 Martii
3000 1021 3124 1067 xxv,
3157 1005 3312 1072 plane
3374 1018 3554 1056 verum
3613 1007 3715 1068 erit,

2191 1076 2357 1129 solem
2407 1075 2460 1127 in
2505 1076 2680 1144 primo
2723 1076 2924 1128 zodiaci
2983 1083 3278 1142 segmento,
3332 1073 3473 1142 quod
3512 1073 3716 1127 Arietem

2191 1145 2542 1212 appellamus,
2567 1155 2813 1214 quartam
2837 1147 2947 1211 jam
2976 1145 3116 1214 diem
3143 1145 3366 1196 omnino
3393 1145 3716 1210 percurrisse,

2190 1224 2282 1267 aut
2309 1215 2551 1283 quintam
2586 1212 2935 1284 percurrere.
2990 1212 3054 1265 Et
3095 1214 3328 1284 Anatolii
3380 1228 3571 1266 sensus
3615 1216 3716 1278 erit,

2192 1286 2360 1352 ipsam
2395 1285 3200 1348 circulorum_intersrctioncm
3233 1283 3400 1335 Martii
3449 1299 3532 1335 xxi
3566 1287 3719 1350 potius

2190 1371 2351 1422 quam
2408 1369 2517 1407 sxu
2571 1355 2871 1417 committi,
2921 1355 3062 1423 quod
3117 1355 3186 1406 ab
3219 1353 3620 1415 Alexandrinis,
3673 1367 3719 1409 ut

2192 1441 2333 1488 reor,
2372 1425 2643 1490 hauserat,
2693 1426 2784 1493 qui
2838 1425 3022 1494 paucis
3075 1434 3195 1492 post
3242 1423 3398 1476 annis
3445 1423 3495 1476 id
3537 1424 3719 1490 publice

2193 1504 2366 1547 tenue:
2383 1503 2500 1548 unt.

2261 1563 2530 1628 Secundo,
2555 1564 2700 1617 addit
2721 1563 2821 1617 hoc
2847 1563 3032 1616 eodem
3061 1563 3337 1630 opusculo,
3359 1562 3385 1630 §
3405 1562 3436 1614 8
3459 1580 3471 1616 :
3496 1560 3594 1616 Sed
3613 1565 3717 1632 quid

2189 1635 2410 1694 mirum,
2451 1635 2497 1687 si
2532 1635 2581 1685 in
2620 1651 2706 1686 XXI
2742 1639 2866 1684 luna
2895 1634 3212 1695 erraverint,
3248 1633 3335 1702 qui
3379 1645 3482 1702 tres
3524 1633 3718 1686 atldide~

2191 1714 2310 1757 runt
2345 1704 2454 1756 dies
2490 1711 2610 1755 ante
2650 1703 3044 1772 wq'inoctium,
3089 1706 3139 1754 in
3177 1703 3364 1771 quibus
3393 1701 3595 1755 Pascha
3631 1707 3718 1755 int-

2190 1775 2380 1825 molari
2405 1789 2552 1841 posse
2591 1774 2890 1840 deﬁniunt?
2923 1772 3073 1836 Quod
3103 1784 3302 1825 certum
3330 1783 3408 1824 est
3435 1775 3717 1827 omnimodis

521 1857 648 1894 num
689 1841 866 1920 verbis
895 1844 1043 1920 hisce
1075 1841 1355 1920 continuat
1385 1865 1400 1920 ξ
1425 1846 1525 1900 Sed
1563 1857 1610 1899 et
1650 1847 1802 1920 homo
1832 1843 2083 1920 Ecclesia:
2116 1866 2154 1920 Β
2185 1847 2342 1920 etiam
2365 1844 2544 1920 putari
2575 1844 2879 1920 absurdum.
2912 1841 3012 1920 Per
3041 1844 3406 1920 eos._qui.tre_s
3430 1854 3550 1920 apte
3581 1847 3720 1920 tequi-

519 1922 733 1964 sanctus
777 1914 1088 1976 Anatolius,
1133 1915 1185 1966 in
1234 1913 1400 1983 opere'
1428 1934 1522 1969 suo
1560 1914 1819 1982 paschali,
1862 1932 1978 1967 cum
2019 1918 2081 1970 de

518 1984 844 2050 wquinoctiis
883 1994 929 2038 e!
970 1984 1230 2055 solstitgtis,
1267 1985 1426 2055 deque
1469 1988 1716 2038 horarum
1755 2002 1816 2037 ac
1853 2002 2082 2055 momen-

519 2061 690 2105 torum
715 2055 1042 2108 incrementis
1069 2053 1411 2108 subtilissiine
1438 2055 1776 2124 disputasset,
1800 2055 1874 2110 ita
1900 2054 2080 2123 dispu-

519 2123 769 2175 tationem
795 2141 968 2185 suam,
1003 2125 1160 2178 simul
1191 2134 1238 2177 et
1277 2131 1445 2191 ipsum
1483 2123 1716 2179 libellum
1748 2127 2077 2181 terminavit:

523 2191 689 2266 ¢__H_oc
707 2204 879 2247 autem
902 2213 1002 2248 non
1023 2198 1248 2264 ignores,
1266 2203 1401 2266 quod
1428 2198 1540 2264 ipsa
1563 2209 1791 2266 quatuor
1813 2213 1927 2266 qua:
1954 2211 2082 2264 pra:-

517 2261 776 2334 diximus,
817 2261 1106 2332 temporum
1143 2261 1392 2333 conﬁnia,
1423 2261 1538 2320 licet
1572 2261 1835 2320 mensium
1866 2261 2082 2334 sequen-

517 2333 652 2406 tium
687 2331 945 2388 Kalendis
976 2331 1426 2405 approxinientur,
1461 2337 1862 2406 unumquodque
1907 2331 2081 2389 tamen

515 2401 742 2474 medium
779 2401 1088 2474 temporum,
1125 2406 1180 2458 id
1215 2415 1294 2459 est
1324 2401 1454 2459 veris
1484 2417 1533 2460 et
1567 2401 1800 2468 ws'tatis',
1839 2407 2080 2460 autumni

513 2483 560 2545 et
597 2473 779 2545 hiemis
818 2473 989 2528 teneat
1025 2495 1041 2530 :
1075 2485 1122 2528 et
1160 2493 1262 2528 non
1298 2477 1486 2530 exinde
1533 2488 1817 2545 temporum
1854 2477 2082 2544 conﬁnia

516 2542 843 2608 inclinentur,
886 2545 1020 2598 unde
1060 2547 1314 2599 mensium
1348 2545 1607 2601 Kalenda:
1636 2542 2079 2600 initiantur.Sed

514 2612 593 2686 ita
621 2615 1021 2686 unumquodque
1047 2626 1248 2676 tempus
1275 2618 1625 2670 inchoandum
1653 2628 1753 2676 est,
1781 2624 1888 2669 uta
1910 2619 2081 2685 prima

513 2682 597 2755 die
619 2685 752 2755 veris
779 2682 975 2755 tempus
1005 2687 1374 2755 wquinoctium
1395 2686 1629 2750 dividat;
1666 2697 1713 2740 et
1738 2682 1960 2749 testatis,
1984 2703 2077 2741 νιιι

516 2749 788 2805 Kalendas
811 2749 946 2807 Julii
969 2773 985 2817 ;
1019 2749 1074 2808 et
1093 2759 1361 2821 autumni,
1388 2773 1480 2810 νιιι
1504 2755 1774 2810 Kalendas
1797 2756 2078 2819 Octobris;

513 2833 563 2874 et
600 2823 804 2884 hiemis,
852 2840 945 2877 νιιι
990 2824 1260 2879 Kalendas
1287 2826 1537 2879 Januarii
1575 2828 1819 2880 similiter
1855 2827 2101 2883 dividat.»

515 2891 639 2966 llazc
669 2892 772 2966 ille.
801 2893 930 2959 Qua:
961 2897 1115 2963 plane
1140 2897 1324 2950 eadem
1357 2910 1407 2950 et
1435 2908 1673 2951 extrema
1702 2907 1829 2951 sunt
1855 2899 2081 2966 hujusce

512 2962 753 3016 Cononis
779 2962 1153 3031 nostriverba,
1179 2966 1263 3020 cui
1288 2968 1509 3035 proinde
1532 2984 1638 3020 non
1665 2982 1885 3036 parvam
1919 2962 2076 3022 (idem

519 3042 791 3084 astruuut.

582 3100 712 3166 Qua:
747 3113 924 3178 autem
974 3105 1059 3178 hic
1107 3106 1159 3158 in
1194 3106 1528 3178 contrarium
1575 3107 1874 3161 alieruutur
1918 3122 2078 3178 argu-

511 3181 710 3237 menta,
749 3173 884 3226 infra
931 3175 1104 3243 capite
1146 3177 1302 3229 tertio
1347 3179 1682 3232 commodius
1713 3173 2071 3233 excutientur.
2103 3217 2147 3275 Ο

1117 3264 1346 3320 CAPUT
1406 3266 1468 3319 ΙΙ.

511 3349 626 3426 Quo
658 3351 838 3405 Martii
860 3353 1068 3426 Juliani
1096 3356 1180 3408 die
1214 3358 1582 3426 atquinoctium
1612 3359 1740 3426 ﬁgat
1771 3362 2070 3417 Anatolius.

581 3421 786 3496 Putant
819 3425 1048 3496 plerique
1070 3427 1247 3492 ﬁxisse
1272 3421 1328 3478 ’xt
1368 3427 1492 3481 Kal.
1519 3421 1738 3496 Aprilis.
1785 3429 1964 3484 Verius
1995 3445 2076 3486 ta-

579 3508 692 3543 men
751 3492 931 3560 ﬁxisse
965 3492 1363 3548 demonstratur
1410 3515 1524 3550 cum
1565 3492 1773 3552 lia’sare
1810 3516 1903 3555 νιιι
1948 3505 2070 3556 Kal.

579 3562 798 3631 Aprilis.
841 3561 1118 3631 Refellitur
1161 3568 1296 3618 ratio
1342 3568 1627 3620 contraria.
1670 3573 1750 3621 An
1793 3571 2072 3625 Anatolius

578 3630 945 3705 ea‘Rtolem-wi
985 3635 1223 3700 opinione
1250 3636 1515 3705 loquatur.
1563 3635 1814 3691 Videntur
1844 3641 2075 3694 Alexan-

579 3701 722 3752 drini
749 3703 1117 3769 wquinoctium
1141 3706 1293 3757 civile
1315 3701 1411 3758 ’νιιι
1444 3704 1570 3760 Kal.
1598 3709 1797 3770 Aprilis
1826 3726 1943 3762 cum
1967 3709 2074 3765 Cat-

579 3785 698 3850 sare
741 3773 1038 3838 retinuisse,
1070 3789 1230 3844 usque
1262 3776 1331 3828 ad
1360 3775 1638 3830 Nicwnam
1675 3781 1930 3847 synodum
1965 3783 2072 3834 cir-

575 3848 726 3895 riter.

577 3930 937 4006 Quaestionum
984 3947 1122 4006 nanc
1175 3950 1280 3988 non
1335 3936 1493 3991 hodie
1542 3937 1811 4006 primum,
1859 3941 1952 3995 sed
2004 3944 2072 3998 ab

504 4002 744 4074 antiquis
774 4003 884 4074 jam
923 4004 1044 4074 inde
1079 4007 1413 4074 temporibus
1446 4002 1669 4072 motam,
1703 4002 1834 4063 satis
1871 4011 2071 4067 intelli-

505 4072 683 4147 gimus
717 4089 778 4147 cx
807 4071 960 4128 Beda:
987 4073 1061 4147 De
1087 4071 1412 4147 aequinoctio
1441 4071 1875 4134 vernali’libello.
1911 4080 2066 4147 Sunt,

505 4141 612 4202 ait,
668 4145 757 4211 qui
809 4141 1500 4199 contendunt'Anatolium
1555 4151 1607 4200 in
1661 4149 1758 4202 hac
1814 4141 2069 4208 sententia

506 4211 723 4289 (nempe
749 4214 813 4265 de
844 4214 1150 4289 tequ’inoctii
1180 4215 1288 4282 die)
1348 4233 1678 4289 nequaquam
1712 4221 2065 4289 undecimum,

505 4281 593 4358 sed
638 4292 877 4334 octavum
925 4281 1285 4358 Kalendarum
1324 4281 1587 4358 Aprilium
1631 4289 1766 4340 diem
1814 4281 2064 4358 posuisse:

507 4346 572 4423 Et
615 4358 790 4423 tamen
838 4368 902 4404 ex
944 4353 1218 4407 hodiernis
1256 4346 1612 4423 scriptoribus
1654 4360 1741 4411 vix
1779 4346 1944 4413 unum
1984 4346 2066 4415 vi;

503 4419 654 4497 dcas,
698 4421 790 4489 qui
816 4436 924 4497 non
974 4438 1069 4497 pro
1111 4419 1433 4497 indubitata
1463 4437 1764 4497 supponat,
1819 4431 2064 4497 tequino-

501 4487 1035 4566 ctium_éx_Ana_t_olii_
1064 4503 1272 4566 tuente,
1309 4510 1362 4566 xi
1389 4487 1663 4566 ⁸Κειιριιῖιιιε
1697 4487 1928 4566 Apriles,
1966 4517 2059 4556 seu

2185 1914 2412 1966 noctium
2456 1914 2562 1966 dies
2601 1913 2937 1975 addiderunt,
2970 1911 3319 1966 Caesariensis
3372 1913 3425 1964 in
3464 1911 3718 1966 Palaestina

2181 1983 2396 2038 concilii
2446 1982 2633 2037 Patres
2681 1983 2962 2036 Anatolius
3016 1982 3101 2035 hic
3156 1982 3424 2050 intelligit.
3481 1983 3578 2048 Qui
3616 1985 3718 2036 licet

2181 2055 2322 2110 diem
2354 2053 2661 2122 aequinoctii
2709 2053 2886 2106 civilis
2943 2053 2994 2105 in
3027 2052 3198 2105 Martii
3249 2053 3512 2106 \icesimo
3553 2055 3719 2121 quinto

2180 2137 2233 2178 et
2276 2127 2375 2195 ipsi
2409 2131 2786 2195 agnoscerent;
2822 2133 2930 2195 tres
2975 2132 3151 2175 latncu
3198 2125 3429 2195 praevias
3472 2123 3584 2177 dies
3617 2125 3718 2191 qui-

2182 2193 2562 2249 bus—Christus
2597 2202 2717 2260 post
2760 2193 3063 2245 institutum
3097 2193 3405 2246 venerabile
3443 2209 3717 2246 sacramen-

2183 2274 2293 2318 tum
2340 2265 2799 2332 comprcln-nsus,
2835 2278 3028 2330 passus
3067 2271 3118 2316 et
3146 2265 3391 2331 sepultus
3442 2261 3558 2332 fuit,
3590 2273 3718 2316 extra

2181 2336 2408 2389 limitem
2453 2331 2758 2403 paschalem
2817 2333 3026 2386 excludi
3088 2333 3391 2386 noluerant.
3418 2331 3552 2403 _Nec
3581 2333 3717 2403 enim

2181 2406 2269 2459 alii
2297 2405 2364 2458 de
2389 2400 2587 2473 quibus
2621 2403 2671 2455 id
2702 2403 2805 2456 diei
2843 2403 3032 2473 possit,
3067 2413 3380 2458 occurrunt.
3415 2401 3547 2455 Nam
3573 2400 3716 2473 Judaei

2179 2487 2228 2528 et
2259 2470 2691 2528 Christianorum
2729 2470 2905 2539 primi,
2939 2470 3114 2526 Latini
3152 2473 3359 2533 saltent,
3395 2475 3488 2542 qui
3517 2475 3579 2526 ad
3607 2471 3719 2525 Mar-

2180 2546 2236 2599 tii
2267 2561 2419 2604 xvut.
2450 2553 2507 2598 ut
2537 2544 2668 2608 dixi,
2701 2543 2928 2611 primum
2958 2543 3088 2598 solis
3119 2545 3170 2598 in
3198 2544 3439 2596 Arietcm
3473 2543 3716 2598 incessnm

2178 2617 2492 2678 allixcrant,
2522 2629 2628 2666 non
2663 2623 2870 2666 tantum
2919 2622 3048 2676 tres,
3082 2615 3172 2667 sed
3205 2621 3408 2682 septem
3443 2616 3556 2668 dies
3587 2615 3718 2666 addi-

2177 2685 2385 2738 derant.
2434 2684 2741 2736 Anatolium
2792 2683 2973 2751 igitnr,
3004 2687 3047 2737 si
3084 2683 3339 2744 absurde,
3387 2684 3460 2738 ita
3489 2684 3622 2737 enim
3655 2683 3718 2734 in-

2180 2757 2317 2819 nuit,
2352 2755 2576 2824 pranios
2626 2762 2733 2806 tres
2788 2755 2865 2824 ad?
2905 2754 3162 2807 hactenus
3215 2764 3534 2824 usurpatum
3582 2754 3715 2824 civile

2177 2822 2558 2893 mquiuoctium
2601 2824 2715 2877 dies
2748 2822 2959 2876 additos
2989 2824 3279 2886 existimat,
3318 2823 3370 2876 in
3422 2823 3716 2893 ρι’ἰδοιιυω-

2178 2896 2316 2948 saris
2357 2893 2713 2963 aequinoctio,
2762 2895 2904 2962 quod
2942 2909 3063 2947 cum
3097 2909 3201 2944 xxv
3229 2893 3404 2946 Martii
3448 2910 3713 2962 compone-

2180 2966 2356 3028 batur,
2395 2965 2594 3017 haerere
2639 2979 2917 3017 necessum
2961 2975 3062 3026 est,
3097 2979 3200 3017 non
3241 2964 3368 3015 illud
3409 2963 3578 3016 Mat-tu
3620 2979 3712 3016 ιλιι

2176 3037 2422 3104 deligere.
2477 3033 2628 3098 Quod
2669 3044 3043 3104 argumentum
3096 3049 3226 3087 sane
3276 3033 3542 3096 validum,
3591 3033 3708 3104 lli-aa

2177 3102 2393 3174 quoque
2421 3118 2520 3158 suo
2551 3104 2638 3156 illo
2663 3104 2728 3156 de
2745 3102 3072 3174 Equinoctii
3103 3104 3190 3156 die
3213 3106 3477 3172 Opusculo
3511 3103 3710 3172 profert,

2179 3173 2232 3229 et
2265 3175 2478 3244 quidem
2510 3189 2574 3227 ex
2600 3187 2787 3225 eorum
2816 3174 2907 3241 qui
2933 3173 3043 3240 jam
3077 3183 3186 3226 tum
3221 3175 3504 3227 nobiscum
3540 3175 3710 3227 seutic~

2179 3247 2326 3306 baut,
2365 3244 2666 3311 objectione
2696 3259 2758 3295 ac
2791 3258 2972 3297 sensu.

2246 3309 2460 3368 Tertius
2513 3314 2664 3381 isque
2711 3314 2988 3380 palmaris,
3032 3310 3266 3366 Anatolii
3311 3311 3468 3366 locus
3496 3324 3570 3366 est
3613 3309 3709 3380 δε,

2175 3384 2246 3436 ibi
2301 3387 2446 3436 enim
2505 3397 2600 3450 per
2648 3397 2836 3435 omnes
2894 3382 3028 3451 cycli
3075 3383 3166 3451 sui
3223 3383 3710 3436 decemnovennalis

2175 3469 2366 3517 annos,
2398 3452 2704 3519 mquinoctii
2740 3450 2954 3521 quoque
3001 3450 3084 3504 sui
3129 3454 3268 3506 diem
3309 3452 3606 3521 feriuntque
3636 3451 3713 3503 de-

2175 3523 2492 3586 ter-minans,
2520 3535 2731 3589 semper
2761 3521 2825 3573 ad
2851 3520 3027 3574 Martii
3058 3537 3183 3583 xxv,
3212 3538 3492 3590 nunquam
3528 3520 3589 3575 ad
3618 3535 3710 3572 nu

2175 3592 2312 3647 fixus
2345 3607 2407 3645 ac
2438 3593 2624 3644 lirmus
2647 3593 2830 3651 haeret,
2851 3600 2909 3644 ut
2935 3592 2987 3644 in
3014 3591 3131 3660 ejus
3160 3593 3338 3646 tabula
3359 3593 3538 3645 videre
3561 3599 3708 3659 poles.

2175 3663 2420 3731 Cumque
2481 3660 2674 3731 smpius
2741 3670 2972 3726 repetat.
3039 3661 3245 3715 Pascha
3304 3678 3578 3731 nunquam
3626 3660 3712 3731 nisi

2175 3729 2496 3786 transmisso
2531 3730 2640 3797 jam
2690 3731 3020 3798 aequinoctio
3046 3733 3145 3784 rite
3173 3729 3452 3786 celebrari
3469 3747 3637 3800 posse,
3667 3729 3708 3781 id

2173 3803 2288 3870 ipse
2335 3809 2477 3854 tanta
2526 3800 2783 3870 religione
2826 3817 3065 3869 peueque
3114 3803 3499 3870 superstitione
3549 3801 3712 3854 obser-

2171 3869 2278 3930 vat,
2322 3880 2379 3923 ut
2428 3870 2672 3923 citimum
2719 3869 2921 3923 Pascha
2961 3869 3297 3925 Dominicum
3361 3887 3469 3925 non
3521 3886 3586 3924 ru
3630 3885 3709 3922 seu

2207 3940 2427 3994 ostridie
2476 3940 3172 4010 :equinoctiiCzesariani,
3231 3943 3330 3997 sed
3385 3959 3442 3996 vr
3498 3943 3710 4010 primum

2207 3957 2427 3994 ostrnne
2476 3957 2782 4008 :equmoctu
2839 3957 3172 4006 causariam,
3231 3957 3330 3997 seu
3385 3959 3442 3996 vi
3498 3957 3710 4010 ριίιιιιιιιι

2170 3957 2439 4066 Kalendas
2467 4010 2674 4077 Apriles
2709 4009 2926 4064 indicat.
2964 4011 3159 4075 Credo,
3189 4027 3297 4080 quo
3326 4012 3532 4066 certius
3567 4010 3711 4078 aequi-

2171 4082 2337 4136 noctii
2365 4081 2505 4134 diem
2552 4081 2604 4132 in
2641 4080 2916 4134 Paschalis
2959 4081 3041 4134 sui
3074 4084 3353 4134 sanctione.
3400 4083 3710 4136 transmitte-

2169 4163 2273 4213 ret,
2319 4160 2578 4218 tantoque
2623 4149 2712 4202 lux
2753 4151 2989 4204 tenebris
3017 4153 3408 4205 dmttiuarctttr.
3464 4151 3537 4204 Ita
3591 4149 3706 4202 nihil

2169 4221 2391 4282 certius,
2442 4235 2605 4287 quam
2657 4221 3041 4288 inquiuocdum
3089 4238 3212 4275 eum
3255 4221 3435 4276 Martii
3480 4237 3580 4275 xxv
3625 4221 3706 4272 abs

2169 4290 2415 4343 Anatolio
2446 4290 2824 4357 compositum.

2236 4361 2683 4413 Adversariorum
2737 4361 2890 4422 ratio,
2936 4373 2999 4413 ex
3030 4361 3262 4414 Anatolii
3295 4361 3479 4416 verbis
3511 4361 3704 4418 hausta.

2167 4432 2301 4484 satis
2323 4431 2434 4494 jam
2466 4432 2593 4482 olim
2623 4429 2691 4499 ab
2720 4429 2860 4492 aliis,
2889 4437 3022 4484 teste
3051 4431 3211 4495 Beda,
3244 4432 3442 4499 rejecta
3471 4443 3570 4496 est,
3597 4445 3703 4484 cum

2167 4501 2448 4561 dixerunt,
2506 4498 2784 4551 Eusebium
2841 4505 2953 4568 (seu
2987 4516 3144 4568 quem
3191 4498 3377 4567 alium)
3431 4518 3547 4554 cum
3591 4503 3706 4551 hanc

503 4573 615 4637 xxii
641 4557 1039 4637 MartiiJuliani
1081 4546 1366 4637 committi.
1389 4563 1623 4637 Probant
1651 4546 1829 4620 verbis
2094 4546 2136 4599 υ
2165 4571 2397 4622 Anatolii
2435 4546 2856 4620 lucubratione»;
2903 4571 2952 4621 in
2981 4546 3215 4625 liistoria
3249 4587 3343 4625 ccc
3362 4546 3613 4626 esiastica
3645 4585 3705 4620 re-

502 4626 597 4709 Est
639 4645 760 4709 ergo
801 4630 859 4709 in
903 4631 1072 4709 primo
1115 4649 1250 4709 anno
1293 4635 1500 4686 initium
1535 4637 1693 4703 primi
1721 4626 1909 4709 mensis
1943 4626 2061 4709 (pa;

501 4699 703 4776 scholis
737 4701 962 4776 scilicet)
995 4703 1131 4776 quod
1165 4713 1239 4754 est
1262 4720 1364 4776 AXIX
1405 4699 1660 4776 annorum
1697 4707 1883 4760 circuli
1909 4699 2061 4776 prliu-

498 4768 716 4843 cipium,
748 4768 1029 4843 secundum
1052 4770 1329 4843 [Egyptios
1359 4775 1586 4843 quidem,
1616 4777 1806 4829 mensis
1841 4768 2063 4834 Phame-

499 4839 646 4898 noth,
678 4853 799 4892 nrt
838 4840 956 4904 die;
978 4839 1143 4914 juxta
1164 4839 1474 4914 Macedones
1504 4860 1639 4910 vero,
1664 4845 1844 4914 Dystri
1873 4853 2060 4904 mensis

499 4922 609 4959 xxn
633 4924 650 4981 :A
682 4920 737 4959 ut
763 4919 938 4981 autem
968 4910 1189 4981 Romani
1223 4912 1528 4981 loquuntur,
1559 4910 1830 4968 undecima
1864 4917 2062 4972 Kalen-

496 4983 592 5058 das
617 4979 846 5058 Apriles,
873 4991 976 5034 etc.
1030 4980 1131 5036 Sed
1163 4979 1323 5036 verba
1357 4985 1469 5037 haec
1515 5001 1632 5039 esse
1664 4998 1919 5058 corrupta
1944 4990 2058 5058 jam

496 5048 800 5101 ostendam.

572 5115 700 5189 Dico
728 5118 910 5185 igitur,
938 5117 1169 5174 Anatolii
1199 5123 1521 5178 sententiam
1551 5122 1657 5189 hic,
1687 5124 1918 5181 Caesaris
1943 5128 2058 5184 sive

498 5185 775 5265 quigenis
803 5202 924 5265 esse
953 5189 1300 5265 planissime;
1334 5193 1474 5247 diem
1523 5185 1779 5265 nimirum
1812 5199 2059 5265 tequino-

494 5256 591 5336 ctii
639 5256 1748 5336 committi,'Phamctrothuxxu,_Dystri
1804 5256 1928 5330 xxv,
1965 5284 2056 5321 νιιι

496 5324 765 5397 Kalendas
791 5328 1024 5397 Apriles,
1052 5345 1147 5383 seu
1177 5330 1350 5384 Martii
1371 5349 1492 5386 xxv.
1514 5324 1589 5386 'Id
1619 5324 1798 5390 iribus
1826 5324 2060 5393 maxime

495 5396 659 5471 claris
703 5406 758 5450 et
786 5396 1130 5471 incorruptis
1187 5408 1364 5471 textus
1415 5403 1586 5471 ipsius
1633 5405 1869 5458 Anatolii
1928 5407 2059 5462 locis

494 5463 742 5519 edicitur.
786 5466 970 5520 Primo
998 5463 1166 5522 dicit:
1203 5468 1312 5522 Isto
1340 5472 1423 5524 die
1437 5463 1573 5526 'sxv't
1613 5475 1941 5529 Phamenoth
1973 5479 2057 5530 sol

496 5550 601 5585 non
645 5537 796 5612 modo
845 5540 1075 5616 primum
1128 5538 1383 5609 Signiferi
1429 5554 1752 5616 segmentum
1794 5548 2056 5616 ingressus

499 5609 778 5683 reperitur,
807 5609 906 5685 "sed
946 5611 1107 5685 etiam
1139 5621 1384 5685 quartam
1411 5609 1526 5685 jam
1563 5614 1613 5667 in
1651 5614 1744 5666 illo
1781 5609 1917 5669 diem
1942 5634 2058 5685 per-

495 5675 746 5745 currisse.
807 5677 949 5731 Sane
987 5675 1220 5733 Anatolii
1261 5675 1584 5745 aevofcirca
1627 5699 1826 5739 annum
1856 5675 2056 5742 Christi

497 5743 772 5826 vulgarem
807 5755 860 5826 et
891 5749 1212 5804 hodiernum
1244 5743 1512 5826 276,7quo
1546 5756 1656 5826 luce
1685 5756 1752 5807 ab
1779 5771 1845 5809 eo
1871 5757 2057 5811 elucu-

492 5813 652 5870 brat'a
682 5815 956 5883 existimo,
998 5813 1436 5877 astronomicum'
1465 5824 1602 5878 veris
1646 5827 2050 5894 mquiuoctium,

2165 4641 2286 4706 fert,
2314 4639 2449 4710 diem
2483 4653 2575 4704 pro
2600 4638 2683 4689 die
2710 4648 2975 4710 mutasse;
3006 4650 3054 4692 et
3084 4643 3220 4710 quod
3256 4656 3445 4694 uetera
3476 4644 3594 4693 bene
3620 4657 3703 4708 po-

2163 4710 2267 4762 sita
2301 4709 2514 4781 videret,
2541 4723 2641 4781 uno
2671 4709 2818 4760 verbo
2845 4709 3102 4777 corrigere
3132 4711 3373 4776 voluisse,
3403 4713 3540 4781 quod
3578 4712 3623 4762 in
3652 4725 3704 4759 ea

2164 4781 2334 4831 minus
2355 4779 2576 4846 perfecte
2596 4778 2792 4828 dictum
2821 4791 3178 4846 conspexerat.
3207 4781 3288 4834 Ne
3310 4778 3461 4834 illum
3489 4780 3703 4834 videlicet

2161 4865 2312 4918 quem
2361 4849 2582 4918 laudare
2626 4860 2987 4916 proposuerat,
3028 4849 3208 4918 palam
3254 4852 3535 4904 notabilem
3580 4866 3705 4901 mon-

2161 4917 2374 4989 straret,
2412 4919 2457 4969 si
2501 4917 2620 4989 ejus
2652 4933 2782 4989 pura
2830 4919 3002 4989 verba,
3031 4917 3124 4983 et,
3172 4933 3226 4971 ut
3268 4923 3376 4989 ipse
3418 4923 3700 4988 scripserat,

2161 4990 2270 5041 suis
2322 4988 2522 5041 inderet
2575 4986 2848 5040 Historiis.
2901 4987 3027 5042 Scio
3071 4986 3456 5045 lledanristud
3509 4986 3607 5044 sibi
3645 4992 3702 5041 de

2163 5057 2400 5128 Eusebio
2451 5057 2775 5126 persuadere
2809 5074 2940 5128 quon
3001 5075 3175 5128 posse.
3246 5061 3350 5114 Sed
3391 5078 3489 5116 nos
3520 5060 3700 5114 similia

2160 5128 2327 5181 multa
2371 5127 2738 5200 Graeculorum
2798 5127 2966 5182 fuisse
3002 5127 3206 5184 Scimus
3251 5131 3484 5200 ingenia,
3524 5131 3698 5183 haeresi

2161 5199 2456 5267 praesertim
2504 5196 2846 5264 iniecturum,
2881 5200 3182 5266 cujusmodi
3223 5196 3389 5255 fuisse
3420 5199 3696 5254 Eusebium

2159 5270 2312 5341 clare
2349 5269 2507 5341 docet
2541 5267 2836 5341 Duronius.
2893 5267 3302 5341 Neque__magis
3352 5281 3523 5341 urget,
3566 5267 3697 5337 quod

2160 5339 2341 5394 subdit
2371 5339 2509 5391 idem
2539 5338 2675 5391 Beda
2703 5358 2713 5392 :
2745 5343 2976 5409 mirum,
3001 5340 3046 5393 si
3076 5338 3343 5395 Victorem
3370 5338 3695 5409 capuanmn,

2159 5411 2250 5477 qui
2283 5420 2336 5460 ct
2369 5409 2482 5476 ipse
2517 5424 2566 5459 χι
2587 5448 2600 5468 ,
2677 5424 2780 5462 ιιοιι
2813 5423 2903 5460 νιιι
2942 5408 3206 5464 Kalendas
3237 5408 3694 5479 Aprilcsiu_Ana-

2160 5480 2290 5530 tolio
2317 5479 2460 5547 legit,
2494 5479 2614 5530 talis
2645 5479 2936 5548 impostura
2969 5479 3200 5534 latnt-rit.
3240 5477 3370 5534 Nam
3404 5497 3507 5534 non
3538 5477 3698 5548 Victof

2158 5545 2481 5624 rent_tnodo,
2517 5548 2569 5600 in
2612 5563 2689 5624 ea_
2704 5545 2881 5624 adhuc
2917 5552 3090 5624 {etatis
3133 5552 3279 5624 illius
3314 5551 3544 5624 caligine
3558 5590 3572 5610 ,
3610 5545 3692 5624 sed

2157 5629 2210 5672 et
2238 5619 2522 5687 plerosque
2549 5619 2892 5673 acutissimus
2921 5619 3084 5687 hujus
3121 5622 3225 5674 aevi
3250 5620 3546 5676 doctissimi
3575 5619 3692 5671 scri-

2157 5700 2339 5758 ptores
2370 5688 2878 5758 eadcmritnpostura
2911 5689 3113 5745 fefellit.
3148 5691 3452 5744 Anatolium
3484 5691 3688 5742 laudare

2157 5757 2371 5812 volebat
2419 5757 2702 5829 Eusebius.
2741 5757 2858 5810 l‘ton
2900 5769 3126 5829 poterat,
3186 5764 3286 5816 nisi
3337 5771 3427 5814 aut
3470 5773 3685 5827 azquino'

2159 5831 2321 5884 etiam
2369 5829 2505 5882 male.
2546 5827 2612 5880 ab
2639 5826 2853 5884 Nicaeus
2893 5826 3099 5900 synodo
3143 5832 3305 5887 tixu’m
3351 5826 3576 5894 dicem;
3607 5829 3691 5880 an,
