3882 6508
137 423 224 478 235

137 537 333 594 Anatolii
365 545 561 590 textum
608 536 673 589 ad
705 535 895 606 synodi
929 535 1254 606 sententiam
1300 537 1490 589 saltem
1528 549 1657 604 pro-
1686 540 1730 594 Α

138 612 255 663 xime
289 615 578 660 revocaret.
631 604 908 660 Posterius
938 606 1116 674 priore
1151 604 1366 659 facilius
1411 615 1466 658 et
1498 620 1657 659 accc-

135 681 254 749 ptius
291 674 670 749 cretlidit._Nec
717 677 1081 749 ver_o_des_u_nt
1125 676 1424 749 etiamnum
1474 677 1659 749 aliqua

137 744 461 815 corruptionis
495 746 656 800 illatae
683 746 933 815 vestigia.
977 744 1110 798 Nam
1146 745 1316 815 codex
1357 746 1662 798 manuscri-

137 829 233 888 ptus
263 813 322 869 ex
355 832 463 884 quo
495 817 611 869 haec
645 813 1057 888 exscripsimus,
1081 831 1174 867 vui
1199 813 1467 867 Kalendas
1501 815 1659 888 Apri-

135 885 210 950 les,
236 903 290 939 ex
320 902 439 940 vera
491 902 554 938 ac
581 887 754 954 prima
800 885 1049 949 lectione,
1087 900 1191 937 non
1222 901 1294 949 xi,
1331 888 1477 939 clare
1508 885 1662 939 exhi-

133 960 218 1010 bet.
251 956 479 1011 Tametsi
513 971 627 1010 xxtt
657 955 835 1027 Dystri
868 955 1008 1010 diem
1035 971 1099 1008 ex
1127 970 1293 1024 prava
1321 956 1660 1011 correctione

131 1030 347 1081 retineat.

181 1097 421 1164 Caeterum
449 1111 548 1150 cur
573 1095 859 1160 Eusebius,
893 1105 986 1148 aut
1029 1095 1073 1149 si
1103 1095 1228 1162 quis
1263 1095 1422 1159 alius,
1457 1096 1661 1148 Anato-

130 1168 234 1220 lium
279 1166 543 1235 corrigere
591 1181 900 1235 aggressus,
954 1181 1067 1218 xxii
1119 1166 1334 1232 potius,
1373 1179 1535 1233 quam
1567 1181 1657 1218 xxI

129 1237 299 1299 Martii,
345 1233 440 1304 pro
486 1252 588 1288 xxv
631 1233 996 1299 su'bstituerit,
1027 1251 1146 1304 onon
1196 1236 1329 1288 satis
1378 1235 1654 1302 pervideo.

127 1306 305 1360 Nicaena
347 1303 626 1373 siquidem
677 1307 917 1374 synodus
979 1306 1044 1359 ad
1089 1303 1266 1358 Martii
1299 1321 1390 1357 xxi
1439 1319 1531 1358 seu
1560 1321 1657 1366 xu,

129 1393 214 1430 non
244 1392 288 1429 xi
315 1375 579 1428 Kalendas
609 1377 818 1443 Apriles
852 1375 1235 1443 aequinoctium
1280 1374 1466 1437 atlixit,
1499 1384 1551 1429 et
1585 1376 1658 1429 ita

127 1449 340 1514 deinceps
365 1444 602 1499 Ecclesia
643 1445 884 1498 retinuit.
913 1445 1053 1510 Quin
1083 1445 1154 1498 ita
1181 1461 1398 1514 quoque
1421 1447 1660 1499 sensisse

127 1517 301 1568 videtur
342 1517 659 1577 Anatolius,
729 1517 947 1584 quando
995 1517 1110 1583 ipsa
1156 1514 1332 1568 Martii
1375 1531 1501 1575 xxv,
1550 1531 1656 1583 qua

127 1602 256 1640 suum
295 1585 376 1639 ille
414 1587 578 1639 civile
618 1586 732 1654 ﬁgit
756 1587 1168 1653 aequinoctium,
1198 1585 1368 1639 solem
1399 1587 1450 1638 in
1482 1587 1660 1653 primo

125 1655 505 1709 dodecatemorii
563 1663 865 1724 segmento,
917 1664 1165 1723 quartam
1212 1654 1324 1723 jam
1362 1657 1502 1708 diem
1538 1654 1658 1708 δια-

126 1726 444 1796 πορευόμενον
467 1741 564 1778 seu
613 1737 1051 1794 praetergressum
1100 1740 1221 1779 esse
1272 1741 1336 1780 ac
1371 1739 1660 1792 superasse

126 1807 273 1864 aperte
309 1796 514 1858 scribit,
572 1797 805 1848 innuens
851 1796 1097 1863 quintam
1146 1804 1275 1848 tunc
1319 1809 1655 1863 percurrere.

125 1864 273 1954 neque
300 1865 615 1954 satisfaciet,
649 1866 752 1954 qui.
772 1866 915 1918 dicet
937 1865 1206 1954 Elelemazi
1235 1867 1544 1954 opinantem
1575 1865 1655 1944 vi-
1692 1901 1732 1954 Β

126 1937 210 1988 deri
253 1946 486 1990 secutum
543 1935 874 1988 Anatolium.
937 1934 1047 1988 Cur
1081 1936 1226 1989 enim
1279 1936 1385 1997 illc,
1434 1935 1479 1988 si
1523 1936 1657 1990 scri-

127 2005 259 2073 ptoris
306 2005 506 2060 ethnici
559 2015 612 2058 et
665 2006 767 2057 150
805 2005 962 2058 annis
1008 2006 1298 2060 anterioris
1344 2005 1657 2073 opinionem

126 2086 417 2142 Sepieretur,
451 2077 625 2129 snlem
665 2093 769 2128 xxv
796 2074 971 2128 Martii
1001 2086 1252 2144 quartam
1285 2075 1659 2129 dodccatcmo—

126 2145 173 2198 iii
202 2147 341 2213 primi
376 2154 588 2214 partem
631 2146 742 2213 jam
775 2147 1118 2213 percurrisse,
1158 2155 1211 2198 et
1243 2161 1351 2199 non
1386 2147 1566 2214 potius
1590 2162 1654 2198 ex

124 2217 322 2282 ejusdem
377 2232 542 2269 sensu
591 2232 892 2284 percurrere
932 2215 1207 2270 dixisset?
1249 2216 1330 2268 An
1369 2224 1551 2270 tantus
1578 2217 1657 2268 vir

126 2286 164 2337 in
197 2296 289 2338 tam
321 2287 429 2339 acri
471 2287 657 2340 studio
701 2287 768 2339 ad
804 2286 923 2340 caeli
952 2295 1005 2339 et
1031 2285 1434 2354 horologiorum
1475 2296 1657 2340 motus

125 2372 204 2408 non
226 2357 542 2410 attenderit?
575 2355 768 2410 Verum
812 2355 1073 2424 quidquid
1110 2356 1177 2409 de
1203 2358 1305 2409 hoc
1333 2355 1510 2409 subsit
1539 2361 1657 2423 (pa-

126 2441 215 2478 rum
249 2431 382 2479 enim
439 2428 712 2494 interest),
761 2437 967 2480 certum
999 2435 1082 2480 est
1114 2425 1428 2479 Anatolium
1465 2441 1570 2478 non
1600 2427 1654 2478 in

128 2495 263 2562 primo
303 2498 456 2564 primi
519 2497 787 2566 segmenti
837 2498 1004 2565 gradu
1061 2496 1446 2565 aequinoctium
1500 2496 1656 2550 civile

127 2567 439 2630 constituere;
490 2567 591 2621 sed
623 2566 704 2620 vel
739 2567 789 2620 in
819 2567 1030 2634 quinto,
1068 2577 1124 2619 ut
1149 2581 1248 2619 nos
1277 2567 1495 2634 quidem
1532 2582 1654 2634 pro-

127 2634 314 2690 babilius
342 2637 760 2701 existimamus;
795 2638 876 2689 vel
901 2645 1070 2698 certe,
1101 2646 1160 2688 ut
1198 2636 1314 2701 alii,
1345 2636 1399 2690 in
1423 2647 1652 2704 quarto;

128 2705 234 2759 sicut
279 2706 544 2760 Cursarem
591 2715 645 2759 et
683 2705 947 2760 Metonem
1005 2706 1058 2758 in
1110 2716 1338 2771 octavo,
1396 2705 1655 2758 etEudo-

127 2789 222 2828 xum
250 2792 306 2830 ex
330 2775 548 2830 Gemini
575 2777 840 2830 sententia
879 2775 932 2828 in
961 2785 1115 2828 sexto
1149 2775 1524 2834 constituisse,
1558 2793 1653 2829 su-

126 2858 196 2910 pra
216 2845 261 2898 in
287 2855 518 2900 tractatu
555 2846 630 2899 De
668 2845 979 2898 Judworum
1003 2862 1140 2898 anno
1166 2847 1341 2914 capite
1374 2846 1531 2898 tertio
1559 2847 1647 2900 de-

126 2915 430 2970 clanvimus.

176 2983 469 3054 Priusquam
523 2995 688 3054 caput
742 2985 846 3040 hoc
893 2985 1047 3050 ﬁnio,
1082 2985 1388 3040 consrdcret
1416 2983 1504 3039 bic
1535 3001 1648 3040 ηιθ-

126 3069 217 3107 cum
259 3057 453 3119 lector,
529 3073 661 3109 num
724 3056 1095 3109 Alexainlrina:
1151 3056 1350 3110 scholae
1401 3056 1652 3111 doctores

125 3127 459 3192 equinoctiutn
494 3127 660 3181 cirile
685 3126 736 3179 in
770 3127 944 3180 startii
972 3142 1075 3179 xxv
1099 3127 1206 3180 buc
1231 3141 1402 3196 usque
1432 3141 1539 3178 non
1570 3142 1654 3180 re-

127 3197 354 3266 tinuerint,
383 3197 629 3266 quando.
666 3196 759 3266 qui
789 3197 929 3250 inter
977 3212 1071 3250 eos
1115 3212 1219 3249 non
1275 3197 1494 3250 intimus
1536 3205 1652 3250 erat

126 3265 538 3327 Anatolius,’tam
599 3265 858 3320 tenaciter
904 3281 970 3320 eo
1019 3267 1109 3320 die
1157 3267 1394 3331 retinet;
1439 3267 1653 3320 tametsi

126 3338 275 3398 quinto
307 3339 514 3406 (saltem
549 3343 768 3405 quarto)
810 3337 969 3405 primi
1000 3336 1421 3390 dodecateiuorii
1463 3337 1652 3404 gradui

125 3409 399 3472 respondere
431 3407 737 3476 pervident.
775 3406 932 3472 Quod
959 3406 1004 3459 si
1033 3416 1137 3468 est,
1167 3416 1295 3476 tunc
1325 3423 1542 3474 quoque
1570 3407 1653 3460 di-

125 3479 306 3546 cendum
333 3475 764 3530 Alexandrinum
795 3476 1160 3545 patriarcham
1193 3475 1531 3546 Dionysium,
1564 3478 1652 3530 vix

126 3545 327 3598 undecim
377 3550 538 3601 annis
593 3558 716 3601 ante
768 3547 907 3599 hanc
938 3546 1175 3600 Anatolii
1217 3545 1650 3599 lucubrationem

125 3611 208 3665 lato
228 3616 476 3677 iunctum.
501 3617 890 3670 octaeteridein
918 3632 1070 3669 suam
1093 3616 1398 3684 pasclialem
1418 3616 1484 3669 ad
1509 3617 1652 3669 hunc

122 3685 380 3750 aequinoctii
420 3686 744 3750 Cessat-iani,
781 3704 887 3741 non
937 3685 1138 3740 Nicatni
1183 3697 1278 3740 aut
1311 3685 1648 3748 Ptoleinaict,

124 3753 229 3825 diem
254 3758 528 3825 adaptasse
557 3775 572 3810 :
600 3756 866 3825 Siquidem
896 3766 1021 3810 ante
1047 3758 1432 3824 atquinoctium
1457 3767 1511 3809 et
1535 3757 1651 3825 ipse

129 3819 290 3880 Pascha
319 3819 583 3881 celebrari
619 3819 724 3880 non
761 3827 897 3891 vult,
930 3837 989 3879 ut
1015 3819 1176 3896 supra
1207 3826 1540 3882 monuimus.

685 3939 914 3994 CAPUT
954 3937 1042 3994 ιιι.

127 4021 311 4082 Termini
333 4034 608 4101 paschales
636 4042 685 4085 et
720 4033 919 4100 aliquot
943 4033 1218 4101 paradoxa
1247 4033 1505 4087 Anatolii.
1539 4033 1646 4090 Pa-

173 4101 342 4154 radoxa
374 4105 425 4156 in
449 4105 598 4165 sole;
625 4105 676 4155 in
706 4105 898 4156 litteris
937 4105 1389 4167 llominicalibus;
1415 4107 1468 4158 in
1496 4106 1642 4158 luna.

173 4167 467 4242 {‘rincipium
493 4174 632 4242 cycli
662 4174 806 4227 illius
836 4175 1129 4236 diversum;
1153 4176 1276 4226 item
1298 4177 1466 4228 saltus
1485 4181 1642 4230 lunw.

173 4237 385 4295 omni.
413 4237 699 4296 aurEorum
720 4261 1056 4296 numerorum
1082 4247 1214 4296 situs
1234 4260 1252 4308 ;
1275 4246 1479 4298 diversa
1503 4247 1645 4300 luna:

176 4321 297 4365 atas.
329 4315 464 4377 Quid
512 4316 602 4366 hic
635 4313 782 4366 Beda
825 4315 1032 4382 opinari
1068 4315 1324 4366 videatur.
1370 4315 1644 4369 Diversum

175 4393 302 4452 caput
323 4395 365 4436 et
392 4387 513 4451 finis
551 4385 744 4436 mensis
771 4386 928 4452 primi
971 4401 1061 4436 seu
1088 4386 1370 4452 paschalis.
1409 4386 1644 4438 Anatolii

177 4450 417 4506 Dominica
446 4454 719 4521 paschalis
744 4450 780 4506 ai
801 4470 885 4507 xvr
917 4454 1044 4506 luna
1066 4450 1133 4506 ad
1153 4471 1243 4507 xx.
1270 4454 1484 4507 Putavit
1508 4460 1645 4508 Anu-

172 4523 303 4593 tolius
337 4528 483 4577 annis
518 4539 613 4577 XIX
647 4535 701 4575 ut
741 4527 944 4584 lunam,
975 4525 1052 4576 ita
1079 4533 1128 4576 et
1173 4525 1504 4577 Dominicam
1555 4543 1645 4593 pa-

173 4591 366 4664 schalem
398 4598 448 4647 in
473 4612 528 4648 se
559 4595 768 4647 revolvi.
797 4593 987 4664 Cyclas
1014 4595 1248 4647 Anatolii
1270 4610 1387 4646 cum
1416 4591 1645 4648 Alexan-
1677 4597 1720 4650 D

172 4661 411 4716 drinorum
461 4661 880 4733 Latinorumque
927 4664 1086 4731 cyclis
1131 4666 1365 4718 aureisve
1411 4668 1642 4721 numeris

173 4735 473 4811 compositus.
511 4735 664 4804 Cycli
691 4735 1002 4788 Anatoliani
1032 4737 1083 4788 in
1113 4733 1441 4788 Kalendario
1467 4737 1644 4805 dispo-

174 4811 293 4856 81116.

172 4871 424 4947 dexteris
457 4875 825 4944 compotistis,
852 4885 960 4929 tam
987 4875 1193 4930 Latinis
1215 4890 1379 4944 quam
1402 4874 1641 4947 Alexano

122 4936 274 5006 drinis,
299 4943 347 4996 in
375 4947 488 4999 sole
515 4936 731 5000 et'luna
766 4936 992 4999 multum
1025 4947 1200 4999 diﬂ‘ert
1232 4936 1528 5001 Anatolius.

175 5008 219 5084 lu
245 5015 345 5067 sole
371 5017 589 5084 quidem
628 5034 640 5068 :
679 5018 866 5084 t°quia
899 5018 1285 5084 aequinoctium
1315 5015 1492 5078 civile,
1530 5033 1637 5072 non

124 5087 166 5130 ut
200 5081 524 5155 Alexandrini
572 5095 626 5139 et
672 5081 886 5139 Nicaeus
933 5081 1194 5155 svnodus,
1231 5087 1282 5138 in
1315 5085 1492 5139 Martii
1523 5103 1636 5152 xxi,

123 5157 207 5213 aut,
223 5163 272 5225 ιιι
294 5152 462 5209 Latini
495 5157 656 5225 prisci
687 5173 809 5209 cum
840 5152 1060 5218 Judaeis,
1083 5157 1134 5208 in
1162 5157 1428 5225 xvm,sed
1456 5157 1507 5209 in
1535 5174 1638 5215 xxv

124 5233 215 5296 tum
236 5221 432 5279 Caesare
467 5221 732 5286 decernit,
772 5237 828 5279 ut
851 5227 962 5296 jam
995 5227 1246 5280 vidimus.
1290 5223 1399 5278 Nec
1427 5235 1550 5280 ante
1575 5229 1638 5281 il-

125 5286 322 5366 lhud,‘nec
364 5296 416 5366 in
469 5297 585 5359 illo,
633 5297 731 5350 sed
775 5286 873 5350 nec
918 5297 1178 5366 postridie
1221 5297 1440 5364 quidem
1493 5297 1637 5352 illius

125 5353 585 5437 Pascltajcelebrari
634 5368 748 5419 vult
781 5385 793 5418 :
824 5353 970 5420 lania
1017 5367 1159 5420 inest
1208 5353 1281 5418 illi
1324 5369 1634 5437 aequinoctii

123 5434 243 5507 tuam
266 5435 428 5507 civilis
452 5445 602 5507 certo
639 5437 976 5491 transiliendi
1012 5437 1344 5490 sollicitudo.
1385 5434 1635 5500 Quandiu

124 5500 194 5558 (ait
219 5500 243 5572 ς
264 5503 312 5576 β)
343 5506 619 5576 aequalitas
653 5507 791 5559 inter
824 5507 989 5560 lucem
1017 5518 1066 5560 et
1094 5506 1331 5560 tenebras
1357 5507 1630 5573 perdurat,

123 5582 235 5623 iteca
259 5573 362 5628 luce
387 5573 667 5638 diminuta,
703 5576 911 5632 Pascha
955 5593 1058 5630 non
1097 5593 1207 5629 esse
1251 5575 1632 5630 immolandum

124 5645 376 5714 ostenditur.
408 5646 617 5702 Idcirco
656 5664 786 5716 ergo
829 5656 946 5716 post
996 5648 1368 5716 aequinoctium
1423 5645 1632 5700 Pascha

125 5716 332 5788 ιυιιιιυιιιΐί
362 5719 690 5786 praecipitur,
740 5719 866 5785 quia
921 5733 1008 5771 xw
1064 5717 1192 5770 luna
1245 5730 1368 5771 ante
1397 5724 1630 5788 (equino-

126 5789 262 5858 ειιωη,
296 5798 339 5838 et
378 5789 432 5841 in
474 5790 610 5858 inqui
650 5789 786 5842 octio
825 5797 988 5842 totam
1031 5802 1231 5841 noctem
1275 5805 1378 5841 non
1417 5789 1618 5858 implet.

127 5845 216 5902 Pun
240 5845 587 5922 ωᾳιιὲηοιοιξιιίη
618 5876 732 5917 vero
757 5860 882 5912 luna
908 5874 1018 5925 xiv,
1037 5875 1140 5914 una
1161 5860 1248 5915 die
1272 5859 1479 5929 adjecta
1492 5845 1626 5930 '(no-

1681 3241 1723 3300 C

1058 416 1120 468 IN
1160 417 1214 472 S.
1259 415 1577 470 ANATOLII
1615 415 1939 470 CANONEM
1977 415 2406 472 PASCHALEM.

3241 422 3350 478 226

1761 534 1836 603 ta)
1863 535 2004 604 quod
2033 544 2110 587 est
2151 535 2455 603 mquinoctii
2483 544 2875 600 transgressus;
2918 535 3039 589 licet
3071 537 3140 589 ad
3174 553 3350 593 rerum

1767 606 1963 669 lumen,
1995 606 2050 656 id
2071 615 2150 658 est
2174 616 2347 657 ortum
2379 607 2529 669 solis,
2556 616 2606 658 et
2630 605 2736 657 diei
2757 607 3078 674 principium
3108 623 3208 660 non
3231 625 3350 676 per-

1769 677 2015 747 tenderit,
2047 686 2224 728 tamen
2254 685 2368 743 post
2405 692 2458 728 se
2494 677 2731 728 tenebras
2761 691 2864 729 non
2898 676 3236 747 derelinquat.
3272 677 3347 733 Ita

1768 745 1884 809 ille;
1919 747 2120 814 quibus
2167 747 2406 799 citimarn
2459 761 2614 799 suam
2666 747 2974 814 paschalein
3006 745 3348 803 Dominicam

1769 816 1985 885 [inlinisi
2029 816 2270 869 secundo
2317 817 2386 869 ab
2413 815 2741 885 aequinoctio
2774 817 3070 873 commisso
3094 818 3201 884 die,
3249 835 3347 875 seu

1767 883 1943 938 Martii
1979 901 2146 947 xxvn,
2177 883 2510 940 constituit.“

1835 954 1891 1026 2"
1957 955 2187 1008 Litteras
2237 953 2603 1026 Dom‘inicales
2647 965 2696 1008 et
2746 957 2984 1011 bissexta
3034 958 3193 1026 longe
3240 959 3346 1014 alia

1767 1025 1978 1078 ratione
2011 1027 2304 1092 dispensat.
2338 1024 2472 1079 Nam
2523 1042 2552 1079 e
2604 1028 2976 1080 novemdeeim
3034 1024 3195 1082 annis
3230 1031 3344 1084 bis-

1767 1097 1989 1150 sextiles
2015 1095 2277 1148 duntaxat
2305 1097 2443 1150 duos
2473 1096 2647 1164 ponit,
2681 1111 2755 1149 vn
2796 1097 3004 1151 scilicet
3034 1107 3087 1152 et
3115 1114 3251 1164 xvii,
3289 1110 3349 1153 ut

1766 1165 1820 1218 in
1854 1165 2038 1219 tabula
2068 1165 2198 1237 ejus
2221 1166 2460 1234 paschali
2494 1166 2678 1237 videre
2715 1174 2816 1220 est.
2851 1167 3013 1237 Atqui
3051 1183 3146 1221 xix
3189 1172 3349 1226 annis

1764 1245 2021 1314 quatuor,
2044 1245 2101 1288 ut
2132 1235 2687 1314 ininiiuum,subinde
2711 1235 2955 1314 quinque
2983 1240 3344 1314 conveniunt.

1765 1304 2015 1374 Cumque
2059 1307 2400 1375 septuaginta
2450 1321 2549 1360 sex
2597 1304 2755 1359 annis
2792 1307 3099 1361 bissextiles
3124 1311 3349 1364 omnino

1767 1391 1858 1430 ιιι
1890 1377 2246 1444 itnputcntur,
2273 1391 2336 1429 ex
2364 1378 2484 1443 ejus
2517 1376 2762 1430 doctrina
2795 1377 3014 1431 nonnisi
3048 1387 3173 1431 octo
3197 1394 3349 1433 coni-

1764 1443 2030 1513 peterent.
2067 1443 2140 1499 Ita
2172 1461 2373 1498 annum
2423 1449 2655 1500 solarem
2704 1446 2772 1499 ab
2807 1445 3025 1500 Juliano
3070 1449 3346 1504 diversum

1766 1525 2025 1584 tantoque
2047 1516 2352 1569 breviorem
2388 1517 2514 1570 facit
2544 1557 2556 1568 .
2586 1531 2650 1569 ac
2674 1517 2900 1585 proinde
2924 1519 3208 1585 paschales
3239 1518 3346 1572 Do-

1765 1587 1995 1639 minicas
2043 1586 2185 1638 veris
2234 1586 2534 1648 ditior-mes,
2570 1601 2800 1654 quaeque
2831 1587 3031 1654 saapius
3076 1588 3127 1640 in
3181 1589 3346 1644 let-ias

1765 1656 2039 1728 simplices
2089 1656 2399 1728 incurrunt,
2449 1656 2916 1728 instituitstlerte
2960 1657 3177 1711 nonnisi
3211 1675 3348 1728 qua-

1766 1735 1890 1778 tuor
1935 1726 2211 1793 prioribus
2257 1726 2806 1780 enneadecaetcridos
2859 1741 2972 1780 sua:
3005 1730 3185 1790 annis,
3216 1726 3343 1783 item

1764 1796 2000 1875 septimo
2029 1804 2083 1848 et
2115 1803 2307 1849 octavo
2335 1810 2458 1850 cum
2485 1797 2714 1850 veritate
2739 1797 3033 1863 consentit,
3074 1798 3180 1852 nisi
3207 1800 3347 1854 forte

1765 1882 1895 1918 casu
1928 1875 2170 1934 juvetur.

1834 1934 1886 1988 In
1935 1933 2064 1988 luna
2119 1949 2246 2006 vero
2287 1934 2460 2006 magis
2508 1934 2954 2006 etiam_diil‘ert:
2992 1935 3043 1988 1ο
3075 1933 3213 2001 Quia
3249 1936 3346 2006 qui

1759 2004 2304 2058 enneadecaetcridos
2350 2005 2560 2072 primus
2608 2004 2709 2072 ipsi
2748 2015 2831 2058 est
2874 2021 3073 2066 annus.
3108 2004 3344 2061 Alexan-

1759 2075 1932 2129 dainis
1957 2085 2043 2129 est
2071 2075 2417 2136 undecimus,
2452 2073 2661 2127 Latinis
2688 2083 2740 2127 et
2769 2073 3012 2130 Victorio
3041 2086 3226 2130 nostro
3254 2095 3345 2132 se-

1758 2145 2102 2216 cundus.VAb
2143 2158 2287 2198 anno
2330 2143 2598 2216 siquidem
2628 2145 2867 2212 vulgaris
2893 2146 3094 2199 Christi
3123 2150 3345 2216 epocbze

1759 2217 1864 2268 276
1897 2215 2107 2286 cyclum
2139 2229 2301 2286 suum
2336 2215 2569 2276 orditur,
2605 2224 2728 2286 octo
2759 2226 2884 2267 ante
2911 2215 3343 2273 Alexandrinum

1759 2284 1943 2351 annis,
1976 2297 2036 2339 ut
2064 2285 2344 2353 deinceps,
2370 2299 2436 2339 ac
2467 2284 2770 2354 praesertim
2808 2286 2986 2353 capite
3029 2286 3063 2339 4
3111 2288 3340 2342 demon-

1758 2365 2110 2479 ειῗοωὸῗάεη
2151 2423 2205 2478 in
2241 2424 2381 2478 saltu
2435 2423 2596 2478 lunae.
2629 2422 2787 2481 Hunc
2812 2425 2956 2479 enim
2986 2425 3342 2481 Alexandrini

1757 2511 1902 2550 anno
1932 2496 2069 2566 cycli
2105 2494 2191 2566 sui
2220 2493 2734 2566 decemnovennalis
2763 2512 2877 2553 xu.
2908 2497 3001 2565 qui
3029 2505 3112 2566 est
3138 2495 3341 2550 Ruina-

1757 2565 2377 2620 norum’liodiernorum
2407 2565 2638 2632 primus,
2676 2566 3050 2629 constituunt;
3081 2565 3256 2620 Latini
3289 2577 3345 2622 et

1758 2635 2034 2690 Victorius
2065 2651 2156 2689 χιι
2189 2649 2312 2697 suo,
2341 2634 2456 2702 ipse
2492 2651 2592 2705 xrvr
2617 2637 2742 2689 item
2779 2651 2879 2689 suo
2927 2645 2985 2689 ut
3014 2652 3079 2690 ex
3114 2637 3233 2705 ejus
3262 2646 3342 2690 ta—

1758 2706 1883 2760 bula
1915 2714 2094 2774 patet;
2125 2720 2246 2774 qua:
2281 2719 2346 2758 eo
2377 2719 2521 2757 anno
2549 2704 2617 2758 ab
2649 2721 2743 2760 vm
2780 2705 2833 2758 in
2866 2722 2933 2760 xx
2955 2704 3163 2774 saltum
3191 2706 3338 2760 facit.

1756 2775 1831 2830 De
1861 2773 1972 2845 quo
2006 2773 2168 2829 etiam
2201 2774 2438 2847 Cyrillus
2468 2775 2671 2847 aliquid
2703 2774 2732 2847 ς
2761 2776 2792 2828 ι
2825 2785 2879 2830 et
2924 2776 2954 2826 7
2984 2777 3068 2831 sui
3101 2773 3340 2846 Prologi,

1756 2844 1973 2900 tametsi
2022 2860 2316 2914 suppresso
2365 2844 2599 2897 Anatolii
2653 2844 2897 2911 nomine,
2930 2847 3204 2911 insinuat;
3242 2844 3340 2900 ex-

1754 2917 1997 2986 pressius
2030 2925 2209 2986 autem
2239 2914 2377 2986 Beda
2401 2914 2474 2967 De
2503 2917 2707 2968 ratione
2740 2927 3053 2984 temporum,
3087 2932 3208 2986 cap.
3230 2918 3297 2969 40
3323 2937 3334 2971 :

1759 2983 2015 3055 Denique,
2042 2985 2138 3050 ait,
2170 2983 2476 3050 Anatolius,
2514 2987 2604 3054 qui
2635 2983 2900 3039 verissime
2939 2988 2992 3038 in
3026 2983 3340 3054 tequinoctio

1753 3072 1909 3109 verno
1940 3056 2153 3109 initium
2190 3057 2446 3108 mensium
2476 3065 2524 3109 et
2556 3065 2713 3124 caput
2744 3056 2932 3109 circuli
2965 3058 3125 3109 totius
3157 3061 3339 3110 termi-

1755 3142 1979 3194 numque
2006 3125 2260 3190 decernit,
2296 3125 2531 3194 nouipse
2555 3125 2689 3178 hanc
2719 3127 2774 3178 in
2804 3127 2996 3192 capite,
3025 3135 3081 3178 ut
3105 3125 3335 3179 Romani

1757 3193 1982 3259 scilicet,
2007 3195 2085 3249 rel
2111 3195 2232 3264 ﬁne,
2268 3205 2325 3248 ut
2349 3193 2612 3265 Egyplii,
2642 3195 2724 3249 sui
2755 3197 2942 3248 circuli
2969 3197 3336 3248 decemnovcn-

1763 3267 1922 3329 nalis,
1947 3265 2035 3319 sed
2065 3267 2116 3317 in
2147 3280 2232 3318 le
2261 3265 2375 3332 ejus
2400 3281 2560 3329 anno,
2589 3267 2680 3334 qui
2707 3275 2784 3318 est
2810 3267 3027 3318 ultimus
3057 3266 3335 3334 ogdoadis,

1761 3338 2105 3389 mutationem
2137 3335 2278 3388 luna:
2301 3336 2475 3402 posuit
2503 3350 2520 3386 :
2550 3337 2748 3403 faciens
2785 3335 2932 3386 illam
2964 3336 3240 3388 ascendere
3273 3339 3338 3389 de

1760 3421 1855 3458 vm
1890 3407 1944 3458 in
1981 3422 2068 3459 xx.
2103 3404 2227 3458 Haec
2259 3407 2367 3458 ille.
2405 3403 2542 3459 Hinc
2569 3407 2645 3469 tit,
2679 3417 2733 3458 ut
2764 3406 2912 3458 aurei
2946 3405 3157 3458 nurneri
3191 3407 3338 3460 Ana-

1761 3477 1950 3528 toliani
1985 3492 2015 3530 a
2051 3491 2135 3528 xvr
2170 3476 2235 3528 ad
2277 3491 2366 3528 xIx
2412 3491 2632 3529 sursum
2668 3492 2776 3528 uno
2808 3477 2893 3528 die
2923 3476 2975 3527 in
3005 3474 3338 3532 Kalendario

1758 3544 1972 3598 .luliano
2000 3555 2446 3614 promoveantur.

1828 3617 1883 3669 δι’
1925 3615 2156 3670 Dissidet
2192 3616 2246 3668 in
2283 3615 2401 3683 ipso
2453 3630 2743 3669 aureorum
2795 3630 3150 3669 numerorum
3203 3617 3333 3681 situ,

1759 3696 1832 3748 et,
1853 3687 1998 3754 quod
2024 3686 2149 3738 inde
2175 3686 2439 3807 sequitur,
2461 3686 2512 3737 in
2544 3695 2701 3740 aetate
2728 3687 2868 3738 lunae
2901 3687 3332 3740 determinanda.
3359 3737 3362 3744 .

1764 3755 1898 3807 Nam
1927 3771 2052 3807 cum
2087 3771 2192 3807 xxx
2224 3754 2254 3807 ἃ
2279 3756 2397 3807 artii
2434 3756 2520 3807 die
2552 3758 2762 3807 cvclum
2795 3773 2954 3807 suum
2985 3757 3220 3807 primum
3255 3759 3336 3807 bis

1764 3755 1898 3810 Nam
1927 3771 2052 3810 cum
2087 3771 2192 3808 xxx
2224 3754 2397 3808 Martii
2434 3756 2520 3809 die
2552 3758 2762 3825 cyclum
2795 3773 2954 3809 suum
2985 3757 3220 3824 primum
3255 3759 3336 3812 bis

1755 3842 2012 3896 expresse
2039 3827 2336 3894 componit,
2358 3828 2524 3880 semel
2558 3837 2736 3880 textus
2766 3827 2848 3880 sui
2881 3825 2909 3896 ς
2941 3827 3030 3891 ll,
3057 3843 3250 3880 rursus
3281 3828 3334 3880 in

1755 3895 1951 3950 tabulae
1979 3912 2091 3950 sua:
2113 3911 2258 3949 anno
2293 3896 2484 3966 primo.
2525 3895 2628 3961 Qui
2671 3911 2793 3951 cum
2829 3895 3153 3966 respondeat
3181 3901 3333 3966 cyclo

1753 3967 2241 4021 Alexandrinorum
2277 3979 2354 4028 xr,
2386 3965 2705 4020 Latinorum
2756 3967 3018 4032 secundo,
3049 3965 3334 4020 illurn’tri—

1754 4038 1880 4100 duo,
1909 4037 2074 4090 biduo
2107 4036 2251 4089 hunc
2282 4045 2568 4104 prawertat
2617 4050 2898 4089 necessum
2945 4047 3048 4090 est.
3093 4035 3235 4090 Idem
3267 4040 3333 4090 de

1753 4108 1963 4161 czetcris
1997 4106 2156 4160 annis
2196 4106 2460 4173 judicium
2506 4114 2623 4168 est;
2671 4121 2904 4176 quorum
2941 4107 3079 4159 situs
3119 4118 3172 4159 et
3197 4116 3331 4159 astas

1753 4186 1862 4230 tam
1893 4193 1957 4230 ex
1991 4177 2398 4244 comparatione
2447 4190 2570 4229 cum
2624 4177 2800 4245 primo
2823 4177 2934 4243 jam
2965 4176 3132 4238 dicto,
3163 4192 3328 4245 quam

1751 4261 1816 4300 ex
1863 4246 2060 4300 tabulae
2093 4242 2366 4312 paschalis
2411 4242 2648 4299 Anatolii
2681 4242 2841 4299 versu
2891 4242 3329 4314 perpendic'ulai-i

1749 4328 1944 4386 quarto
1976 4325 2029 4370 et
2060 4317 2251 4368 ultimo
2283 4316 2502 4386 perinde
2531 4315 2842 4386 colligitur;
2879 4317 3028 4386 saltu
3056 4326 3231 4370 tamen
3261 4317 3330 4371 ad

1749 4385 2077 4455 posteriores
2102 4401 2196 4439 sex
2226 4385 2453 4438 canonis
2488 4400 2662 4438 annus
2689 4385 2965 4453 adjuncto.
3001 4385 3122 4451 Quo
3162 4389 3241 4449 lit,
3269 4399 3330 4442 ut

1748 4457 1985 4508 Anatolii
2012 4456 2153 4509 luna:
2169 4455 2566 4509 Alexandrinas
2589 4457 2908 4524 plerumque
2935 4457 3099 4510 biduo
3122 4459 3330 4510 triduo-

1749 4542 1833 4590 ve,
1864 4525 2082 4578 Latinas
2111 4540 2221 4578 uno
2251 4526 2442 4579 saltem
2470 4526 2577 4590 die,
2603 4542 2993 4594 nonnunquam
3026 4529 3210 4588 biduo,
3241 4545 3327 4581 ra-

1750 4595 1966 4650 rissime
1993 4596 2170 4649 triduo
2200 4606 2551 4664 praecurrant.
2573 4595 2953 4665 Cycliquidern
2972 4595 3210 4650 Anatolii
3228 4614 3324 4660 xu,

1749 4681 1838 4719 xw
1861 4675 1914 4718 et
1943 4681 2032 4728 xv,
2069 4674 2176 4719 tam
2204 4665 2440 4730 tertium,
2471 4666 2743 4734 quintum,
2772 4676 2825 4720 et
2856 4677 3067 4719 sextum
3097 4667 3328 4720 Alexan—

1747 4735 2051 4797 drinorum,
2084 4751 2249 4804 quam
2292 4734 2610 4788 Latinorum
2658 4752 2778 4801 xm,
2818 4752 2883 4788 xv
2910 4745 2964 4788 et
2994 4753 3102 4801 xvr,
3139 4739 3321 4789 triduo

1747 4806 2068 4875 anticipant.
2107 4807 2176 4859 At
2211 4823 2263 4859 ix
2294 4815 2348 4858 et
2377 4821 2487 4858 xvu
2517 4805 2775 4870 Anatolii,
2809 4805 3204 4860 Alexandrinos
3229 4822 3322 4859 xix

1745 4884 1800 4930 et
1827 4891 1921 4928 vru
1952 4878 2261 4945 quatriduo,
2296 4875 2519 4928 Latinos
2569 4893 2598 4928 x
2643 4885 2697 4929 et
2745 4891 2877 4929 xviii
2917 4878 3131 4929 nonnisi
3161 4878 3326 4929 biduo

1746 4955 2096 5014 prazvertunt,
2128 4958 2185 5001 ut
2228 4957 2414 5000 nostra
2449 4948 2513 4999 ad
2544 4946 2737 5014 capitis
2773 4945 2996 5014 hujusce
3045 4946 3203 4999 linem
3248 4953 3326 4999 ta-

1747 5017 1870 5069 bula
1894 5018 2252 5070 demnnstrat.
2284 5013 2496 5084 Magna,
2523 5013 2714 5080 fateor,
2744 5013 3067 5083 dispariles;
3099 5025 3151 5068 et
3179 5015 3319 5069 dilli-

1745 5086 1950 5140 cilioris
1984 5086 2051 5139 de
2100 5095 2253 5140 tanto
2299 5086 2418 5138 viro
2447 5087 2589 5138 lidei.
2623 5086 2725 5138 Sed
2754 5085 2897 5138 lunae
2928 5095 3059 5138 aetas
3091 5087 3321 5153 singulis

1745 5157 1941 5209 tabula:
1990 5156 2327 5210 Anatoliante
2353 5157 2512 5209 annis
2546 5156 2627 5208 bis
2653 5170 2930 5224 expressa,
2966 5157 3123 5209 iidem
3159 5159 3317 5209 istam

1743 5228 1827 5280 vel
1858 5229 1926 5279 ab
1949 5228 2133 5280 invitis
2165 5237 2470 5293 extorquet.

1817 5296 1959 5350 Beda
1994 5297 2210 5364 quidem
2259 5295 2336 5346 De
2367 5295 2571 5346 ratione
2597 5304 2908 5361 temporum,
2948 5308 2996 5348 c.
3026 5294 3080 5359 4,
3113 5309 3315 5349 annum

1742 5367 1877 5436 cycli
1905 5366 2216 5419 Anatoliani
2248 5381 2336 5418 xiv
2369 5379 2492 5436 cum
2522 5365 2714 5417 ultimo
2743 5364 3023 5436 ogdoadis.
3053 5367 3102 5416 id
3131 5374 3233 5427 est,
3259 5383 3318 5420 ut

1742 5435 1885 5500 reor,
1918 5446 2110 5490 octavo
2153 5435 2667 5496 Alexandrinorum,
2699 5443 2755 5486 ut
2804 5435 2962 5503 paulo
2998 5444 3124 5489 ante
3156 5436 3318 5488 audi-

1740 5507 1943 5568 vimus,
1992 5522 2058 5560 ac
2097 5506 2322 5574 proinde
2359 5504 2595 5574 primum
2625 5505 2760 5575 cycli
2790 5505 2934 5558 illius
2965 5519 3088 5558 cum
3120 5508 3316 5561 horum

1741 5592 1829 5631 xiv
1857 5579 2136 5645 componit
2156 5595 2169 5629 :
2189 5585 2350 5645 atque
2376 5576 2449 5629 ita
2477 5576 2634 5629 lunas
2664 5575 2898 5628 Anatolii
2927 5590 3052 5628 cum
3080 5575 3318 5630 Alexan-

1739 5648 1913 5702 drinis
1959 5656 2012 5701 et
2068 5646 2277 5701 Latinis
2324 5661 2462 5716 pene
2508 5658 2720 5700 coaevus
2764 5646 3018 5716 instituit.
3065 5645 3170 5700 Sed
3220 5663 3316 5700 cur

1739 5719 1922 5772 minus
1962 5718 2038 5771 illi
2067 5719 2305 5782 credam,
2325 5714 2404 5770 fut
2434 5716 2668 5770 maxime
2702 5714 2915 5778 vellem,
2948 5717 3047 5770 tria
3073 5718 3314 5772 obstant.

1739 5789 1793 5841 1ο
1821 5787 2030 5842 Saltum
2059 5803 2200 5842 intra:
2228 5787 2370 5841 Beda
2411 5787 2524 5854 ipse
2551 5800 2674 5839 cum
2699 5784 2922 5856 Cyrillo,
2956 5797 3010 5839 ut
3037 5786 3149 5856 jam
3180 5788 3312 5851 dixi,

1738 5861 1794 5915 in
1834 5875 1924 5914 XIV
1967 5860 2101 5930 cycli
2130 5859 2364 5913 Anatolii
2409 5871 2551 5911 anno
2577 5872 2833 5926 expresse
2865 5858 3073 5912 statuit.
3106 5860 3160 5910 ttl
3189 5874 3311 5913 cuiu
