3882 6502
505 397 613 456 227

1542 393 1774 451 Αἰϐιιιιι
1807 390 2135 451 BUCHERII
2175 391 2215 447 C
2228 393 2731 451 UMMENTARIUS

3651 401 3741 455 2'28

504 527 679 579 altero
706 529 852 574 stare
878 514 1093 584 nequit;
1128 515 1206 567 sic
1236 513 1380 565 enim
1415 513 1555 566 lunae
1581 513 1755 567 saltus
1783 513 1848 584 ad
1885 527 2087 565 annum
2120 512 2165 565 Α
2194 513 2410 566 riuutur
2441 529 2455 565 :
2481 512 2780 565 dummodo
2804 527 2911 584 nec
2936 509 3074 584 infra
3106 527 3198 566 xiv
3223 526 3504 584 necisupra
3529 530 3591 567 xx
3621 517 3743 573 luna:

504 594 705 651 tabula:
739 583 1074 643 Anatolianaa
1106 600 1193 637 xrv
1221 584 1323 637 rite
1358 586 1590 652 positus,
1618 584 1670 635 in
1698 583 1943 651 ejusdem
1973 597 2082 635 xvii

505 666 635 735 (qui
663 676 787 717 cum
819 655 1189 735 Alexandrino
1216 670 1313 735 vui
1351 655 1584 735 primum
1617 653 2087 735 concurriticonf

503 722 587 792 ira
634 730 1062 801 suppositionem
1115 722 1522 801 transferendus
1576 722 2088 801 esset._2'_0b_stat

503 819 637 861 :etas
670 794 833 861 lunae,
881 809 990 852 tam
1027 805 1241 850 exserte
1282 796 1378 848 abs
1409 796 1692 857 Anatolio,
1729 796 1844 849 sive
1876 795 1928 847 in
1966 794 2085 863 ipso

504 871 816 946 aequinoctii
837 867 1148 946 dim-Martii
1174 882 1297 946 xxv,
1326 866 1440 920 sive
1472 866 1523 946 in
1552 865 1834 946 Paschatis
1864 864 1955 946 die
1982 879 2085 917 no—

504 935 646 1005 tata:
703 957 824 1012 qua:
874 940 1001 993 huic
1033 937 1190 1012 Βεὼρ
1218 938 1378 1012 dictoa
1393 937 1542 1012 nulla
1576 937 1786 1012 ratione
1813 935 2087 1012 quadrare

504 1005 796 1090 potest,_-nt
822 1026 915 1090 per
937 1025 996 1090 se
1022 1010 1217 1090 liquet.
1258 1010 1312 1090 3°
1344 1006 1575 1090 Oiistant
1610 1008 1801 1088 litterae
1837 1005 2084 1058 Domini-

501 1076 668 1151 cales,
694 1076 790 1137 his
822 1076 947 1135 item
986 1080 1071 1133 hic
1101 1080 1347 1151 signatae.
1384 1076 1516 1151 Nam
1548 1077 1797 1147 quamvis
1826 1092 1919 1131 eas
1949 1090 2088 1129 non-

503 1159 608 1213 nisi
656 1154 852 1209 tabula:
889 1151 1171 1226 prioribus
1220 1150 1411 1210 annis,
1445 1150 1569 1202 item
1617 1164 1687 1201 vn
1719 1157 1773 1200 et
1802 1163 1895 1199 vui
1927 1161 2085 1226 veras

504 1241 824 1300 agnoscam,
855 1224 977 1300 aliis
1021 1236 1236 1288 semper
1265 1234 1563 1300 e_rronea5°2
1598 1234 1693 1273 eas
1725 1228 1905 1300 tamen
1933 1224 2085 1285 ejus-

505 1289 651 1353 iiiodi
679 1294 999 1366 planissime
1028 1290 1633 1366 manu_scriptus_co_dex
1658 1289 1907 1366 exhibet_:
1928 1303 2085 1366 pror-

504 1387 601 1427 sus
636 1358 697 1422 ut
740 1368 823 1418 vel
870 1366 1014 1417 hunc
1060 1362 1143 1414 vel
1187 1361 1380 1417 Bedam
1434 1361 1543 1414 falli
1588 1375 1809 1413 necesse
1844 1359 1933 1412 sit.
1974 1358 2085 1427 Ego

502 1440 677 1496 codici
720 1436 895 1505 magis
927 1433 1220 1505 assentior,
1251 1442 1428 1505 etper
1458 1448 1517 1505 se
1541 1431 1653 1505 lido_
1679 1430 2083 1505 constantique,

503 1520 558 1565 et
590 1498 863 1576 expressis
902 1504 1136 1576 Anatolii
1174 1498 1355 1555 verbis
1380 1500 1764 1576 conlormiori.
1798 1498 1895 1576 llic
1938 1500 2085 1576 enim

508 1582 537 1653 ς
561 1583 594 1635 6
619 1568 744 1641 ﬁne,
769 1587 824 1631 et
846 1574 1234 1653 aequinoctium
1262 1582 1319 1652 et
1344 1573 1699 1653 plenilunium
1736 1572 1787 1623 in
1818 1568 2087 1653 Paschate

505 1641 665 1721 plane
703 1641 1121 1721 transmittenda
1161 1643 1367 1721 sciscit,
1400 1652 1460 1721 u_t
1489 1641 2084 1721 orniiemtetiebrartim

505 1711 828 1792 potestatem
865 1719 958 1792 lux
1007 1722 1248 1783 superet.
1282 1712 1437 1792 Quod
1488 1729 1542 1792 et
1588 1712 1824 1782 Cyrillus
1870 1711 2084 1792 Prologi

503 1783 588 1847 sui
618 1791 646 1863 §
678 1793 709 1845 4
736 1789 953 1863 innuit;
1003 1802 1128 1841 cum
1160 1795 1267 1838 tam
1301 1787 1374 1863 de
1392 1784 1709 1839 Latinorum
1750 1798 1913 1863 quam
1940 1783 2089 1835 Ana-

2194 584 2337 638 diem
2391 584 2749 652 contingant;
2801 582 2965 651 idque
3014 583 3129 637 sive
3180 583 3445 637 terminus
3476 588 3742 652 paschalis,

2193 654 2287 723 qui
2313 663 2394 708 est
2428 670 2515 707 xiv
2548 654 2699 717 luna,
2725 654 3111 721 aequinoctium
3142 663 3460 723 praecurrat.
3491 656 3598 709 sive
3634 661 3743 712 sub-

2194 722 2477 790 sequatur,
2504 725 2619 779 sive
2653 725 2707 778 in
2755 724 2890 777 illud
2932 725 3198 778 incurrat.
3230 722 3308 776 En
3350 724 3469 792 ejus
3502 727 3674 789 Verba,
3700 742 3744 781 et

2195 794 2352 848 unica
2382 796 2671 863 omnisque
2702 795 2883 864 regula
2916 814 2929 848 :
2966 794 3080 847 Hoc
3122 793 3328 847 Pascha
3362 812 3393 864 ᾳ
3421 811 3474 849 vr
3505 794 3744 853 Kalendas

2193 865 2394 933 Aprilis
2430 907 2445 922 .
2485 882 2646 934 usque
2693 866 2746 918 in
2782 882 2833 919 Ix
2863 864 3135 918 Kalendas
3179 864 3335 935 Maii.
3370 863 3509 935 Ergo
3536 865 3748 922 Domini-

2193 952 2501 1006 camisuam
2537 936 2845 1004 paschalem
2887 938 3128 990 citimam
3160 952 3213 988 vt
3246 934 3514 991 Kalendas
3546 937 3745 1006 Aprilis,

2195 1022 2287 1059 seu
2327 1005 2503 1060 Mantii
2539 1022 2688 1060 xxvu
2719 1023 2977 1075 expresse
3004 1007 3189 1077 alligit,
3222 1022 3367 1060 anno
3397 1009 3531 1077 cycli
3566 1005 3642 1062 sui
3670 1027 3747 1065 xix

2195 1092 2288 1130 seu
2323 1078 2536 1139 ultimo,
2568 1079 2744 1131 littera
2774 1077 3095 1132 Dominicali
3127 1094 3227 1131 sua
3258 1093 3431 1146 eaque
3460 1095 3673 1133 errones
3697 1082 3745 1145 ll,

2197 1148 2320 1200 luna
2374 1150 2501 1202 item
2556 1164 2654 1202 sua
2698 1164 2829 1203 xvn.
2866 1147 3314 1203 Remotissimam
3343 1158 3547 1211 autem,
3581 1166 3630 1203 ix
3658 1150 3748 1204 Ka-

2194 1218 2383 1272 lendas
2438 1218 2583 1283 Maii,
2614 1234 2707 1273 seu
2764 1220 2968 1288 Aprilis
3020 1234 3177 1282 xxiii,
3219 1219 3394 1272 littera
3455 1219 3748 1277 Dominicali

2193 1304 2420 1361 errouea
2462 1290 2527 1361 A,
2558 1305 2702 1343 anno
2732 1292 2867 1361 cycli
2907 1290 2991 1343 sui
3025 1306 3135 1352 xw,
3178 1290 3307 1361 luna
3341 1304 3437 1344 sua
3469 1307 3560 1344 xx.
3592 1290 3749 1357 Quare

2196 1358 2615 1414 Dominicalium
2670 1358 3006 1429 paschalium
3060 1360 3333 1416 cancellos
3382 1360 3574 1416 diebus
3599 1378 3748 1419 xxvm

2195 1431 2462 1485 duntaxat
2507 1431 2803 1496 concludit,
2834 1446 2865 1485 a
2900 1430 3077 1485 Martii
3112 1446 3261 1485 xxvu
3289 1431 3354 1484 ad
3387 1430 3584 1490 Aprilis
3611 1449 3748 1497 xxm,

2196 1511 2360 1573 atque
2415 1502 2550 1556 adeo
2604 1500 2815 1557 Pascha
2866 1504 2919 1556 in
2980 1503 3095 1556 solo
3126 1516 3335 1573 niense
3393 1499 3750 1573 [Egyptioruut

2194 1570 2539 1636 Pharmuth‘i,
2588 1575 2669 1627 al
2709 1573 2829 1639 ejus
2869 1573 2978 1636 die,
3023 1572 3087 1625 ad
3116 1571 3208 1639 28,
3241 1570 3603 1641 nunquani‘in
3631 1573 3751 1629 Pha-

2199 1644 2419 1697 meuoth
2446 1644 2704 1699 admittit.
2736 1642 2853 1698 Nisi
2885 1642 3023 1698 forte
3047 1643 3171 1712 Quis
3193 1654 3451 1711 praeterea
3475 1644 3615 1699 diem
3642 1647 3752 1700 Mar

2196 1713 2255 1766 tii
2290 1730 2437 1780 xth,
2470 1715 2562 1783 qui
2596 1724 2678 1769 est
2707 1714 2933 1768 ultimus
2957 1728 3051 1769 seu
3076 1715 3390 1767 tricesimus
3416 1713 3751 1781 Phamenotb,

2196 1798 2357 1856 quem
2409 1785 2719 1856 tequinoctii
2772 1794 3176 1852 transgressum
3230 1785 3300 1838 ab
3342 1799 3410 1837 eo
3457 1788 3634 1841 vocari
3657 1787 3752 1856 jam

506 1853 645 1917 tolii'
673 1861 815 1917 saltu
864 1874 1052 1934 agens,
1091 1858 1543 1934 supputationem
1597 1869 1788 1934 eorum
1841 1853 2089 1934 inconove-
2125 1874 2169 1934 Β
2198 1853 2620 1934 (Ιίιίίιῐιιιείιιιιιο
2648 1857 2812 1934 etiam
2840 1855 3005 1934 .limiti
3040 1856 3275 1925 quadam
3325 1857 3541 1934 ratione
3588 1853 3754 1934 accenf

507 1935 746 1989 nientem
794 1922 939 1991 esse,
972 1922 1231 1997 nimisque
1259 1941 1562 1997 properare,
1592 1925 1749 1996 plane
1792 1939 1861 1979 ex
1888 1922 2093 1978 codicis

506 2005 682 2060 nostri
711 2003 981 2057 sententia
1014 1999 1315 2067 subiungit.

575 2074 695 2127 Non
756 2087 894 2140 nego
940 2065 1145 2131 tamen,
1183 2065 1330 2140 visos
1378 2066 1682 2140 aliquando
1721 2065 1856 2140 mihi
1899 2079 2098 2120 aureos

505 2144 746 2200 Anatolii
794 2137 1071 2203 numeros,
1106 2141 1159 2193 in
1193 2138 1387 2193 Martio
1432 2147 1486 2192 et
1530 2137 1780 2191 Paschali
1825 2152 2031 2202 mense,
2063 2152 2094 2190 a

504 2217 733 2271 librario
778 2229 889 2267 uno
935 2227 1155 2267 sursum
1195 2211 1282 2264 die
1310 2210 1448 2263 male
1478 2218 1808 2278 protrusos;
1833 2208 1996 2275 idque
2025 2222 2092 2261 ex

508 2287 538 2360 ς
569 2296 833 2342 tractatus
859 2284 980 2353 ejus
1013 2283 1072 2335 Η
1103 2282 1239 2360 satis
1273 2280 1453 2349 colligi
1482 2277 1980 2360 posse_videba_tur,
2001 2278 2091 2331 ubi

504 2348 707 2413 aureus
740 2348 1003 2409 numerus
1037 2354 1247 2423 primus
1266 2367 1391 2405 cum
1415 2348 1601 2419 primo
1631 2348 1809 2423 Martii
1830 2349 1919 2423 die
1946 2362 2094 2423 com:

503 2429 747 2499 ponitur.
778 2425 1007 2499 Aciiicet
1037 2418 1113 2476 ἐ).
1146 2424 1289 2476 lunae
1318 2418 1476 2499 tetate
1509 2422 1747 2499 _xxv1nad
1782 2418 2092 2499 aequinoctii

504 2490 817 2553 Auatoliani
847 2496 992 2549 diem
1026 2504 1232 2554 notata,
1268 2508 1392 2547 cum
1426 2490 1619 2545 ultimo
1654 2490 1957 2554 Februarii,
1984 2505 2093 2542 uno

506 2570 717 2624 scilicet
745 2567 907 2621 citius
933 2566 1041 2630 die,
1071 2564 1323 2633 componi
1364 2563 1630 2625 videatur,
1659 2563 1764 2633 hoc
1787 2571 1969 2633 tamen
1996 2574 2094 2629 po-

508 2642 620 2695 tius
662 2637 985 2693 meudosum
1024 2631 1222 2689 docent
1251 2634 1319 2687 59
1350 2633 1487 2697 dies,
1519 2648 1658 2702 quos
1686 2631 1995 2702 Anatolius,
2036 2640 2095 2683 ut

506 2709 712 2773 caeteri,
761 2724 793 2761 a
834 2708 1011 2776 primo
1044 2703 1289 2759 Januarii
1321 2700 1667 2776 adiultimum
1703 2700 1991 2776 Februarii
2009 2716 2094 2754 re-

506 2792 595 2835 cte
628 2771 913 2841 numerat;
941 2792 1064 2845 qua:
1088 2776 1234 2845 justa
1267 2784 1349 2829 est
1376 2775 1609 2845 duorum
1641 2774 1786 2827 luna:
1821 2771 2091 2845 mensium

506 2852 807 2922 quantitas.
842 2843 980 2922 Hinc
1028 2843 1253 2922 quoque
1278 2843 1493 2922 rectius
1528 2860 1728 2922 aureus
1759 2857 2031 2922 numerus
2050 2843 2087 2922 .l

508 2912 564 2976 in
589 2920 766 2975 Martii
802 2912 1131 2989 primum—et
1160 2912 1409 2989 ultimum
1444 2915 1586 2989 diem
1615 2914 1986 2989 devolvendus
2012 2912 2094 2966 vi-

506 2992 767 3056 dehatur;
802 2985 864 3045 ut
905 2990 1035 3042 luna
1081 2989 1198 3042 haec
1247 2986 1375 3039 anui
1430 2988 1610 3051 tertia,
1648 2985 1939 3056 tricenaria
1982 2998 2089 3037 non

506 3063 692 3119 minus
716 3055 882 3131 quam
909 3059 1106 3129 prima,
1133 3059 1290 3131 juxta
1324 3058 1627 3131 naturalem
1650 3055 2087 3131 alternationem,

506 3149 630 3189 esse
666 3126 867 3202 possit;
913 3126 1026 3184 non
1080 3126 1150 3184 ad
1183 3128 1373 3202 Martii
1405 3144 1555 3202 xxx,
1593 3126 2089 3202 seu‘ipenuitiinum

2197 1925 2623 1998 sendumputet.
2650 1925 2740 1998 S_i_e
2765 1926 2910 1980 enim
2935 1927 3054 1981 dies
3080 1942 3211 1998 xxix
3235 1927 3617 1998 conﬁcientur,
3630 1930 3753 1998 quod

2196 2010 2304 2069 non
2360 1996 2633 2069 existimo.
2674 1996 2873 2053 Verum
2944 2008 3056 2069 tam
3121 1996 3300 2069 Latini
3376 2000 3545 2065 prisci
3604 1996 3751 2069 quam

2196 2066 2570 2139 Alexandrini,
2624 2083 2688 2123 ex
2743 2078 2937 2122 natura
2983 2067 3082 2133 rei,
3126 2068 3347 2137 triginta
3400 2066 3669 2139 quinque;
3710 2080 3755 2124 rt

2199 2134 2473 2209 Victorius
2502 2140 2721 2208 triginta
2747 2149 2985 2208 quatuor
3008 2134 3270 2209 assignat,
3303 2134 3755 2195 tota—hebdomade

2195 2206 2535 2275 diﬁusiores;
2579 2206 2729 2279 quos
2769 2206 2890 2278 ipse
2937 2206 3161 2279 proinde
3201 2209 3398 2278 rejicit.
3434 2209 3550 2264 lmo
3583 2228 3646 2265 ne
3669 2210 3755 2263 Pa-

2199 2287 2342 2331 trum
2384 2280 2601 2349 quidem
2641 2281 3058 2335 Caesariensium
3095 2280 3342 2345 limitem,
3391 2283 3607 2336 tametsi
3646 2298 3752 2335 xm

2196 2350 2407 2421 dierum
2442 2350 2747 2416 duntaxat,
2794 2352 3079 2405 admittere
3111 2351 3247 2414 vult,
3276 2366 3399 2403 cum
3436 2350 3467 2421 ᾗ
3500 2354 3563 2405 15
3600 2354 3664 2406 ita
3694 2355 3756 2404 lo-

2196 2420 2381 2487 quitur
2410 2440 2423 2473 :
2463 2422 2695 2485 Quidam
2727 2422 2971 2491 Africani
3006 2422 3216 2474 rimarii
3244 2423 3339 2475 has
3364 2422 3420 2474 in
3443 2420 3545 2475 suo
3576 2424 3754 2476 calculo

2197 2492 2425 2544 rationes
2482 2494 2739 2561 probant,
2773 2493 3092 2561 principium
3136 2493 3405 2560 quoddam
3443 2494 3664 2564 Pascha:
3703 2494 3756 2564 ﬁ-

2197 2576 2414 2632 nemque
2447 2574 2843 2632 componentes;
2881 2564 2935 2615 td
2964 2573 3061 2627 est,
3102 2578 3193 2615 nec
3236 2575 3357 2615 ante
3402 2580 3455 2616 xt
3505 2562 3755 2619 Kalendas

2196 2630 2427 2703 Apriles,
2463 2630 2572 2687 nec'
2602 2644 2717 2703 post
2764 2650 2858 2687 χχι
2913 2635 3095 2686 lunam
3133 2646 3181 2685 et
3236 2651 3289 2687 χι
3339 2632 3616 2688 Kalendas
3646 2636 3758 2689 Maii
3820 2664 3825 2669 -

2200 2702 2408 2756 Pascha
2440 2702 2822 2757 immolandum
2852 2720 2982 2759 esse.
3015 2705 3158 2769 Quos
3196 2707 3441 2757 terminos
3487 2723 3588 2759 non
3613 2705 3757 2760 solum

2198 2788 2299 2824 non
2345 2776 2653 2845 sequendos,
2699 2776 2789 2828 sed
2832 2785 2881 2828 et
2930 2775 3265 2828 detestandos
3322 2793 3383 2829 ac
3431 2779 3755 2831 succidenda:

2196 2860 2307 2897 esse
2333 2846 2682 2899 decernimus.
2728 2845 2803 2899 Ita
2834 2846 2968 2915 ipse.

2267 2917 2332 2970 5°
2374 2915 2561 2971 Dillert
2614 2918 2667 2971 in
2723 2918 2865 2970 lunae
2911 2926 3068 2971 aetate
3096 2916 3392 2971 Dominicce
3420 2918 3659 2986 paschalt
3686 2938 3759 2975 as-

2197 2988 2482 3057 signanda.
2534 2987 2712 3042 Latini
2764 2986 3105 3042 Dominicam
3144 2987 3367 3043 Pascha:
3398 2991 3640 3044 citimam
3668 3008 3757 3046 non

2196 3070 2322 3112 ante
2356 3058 2539 3112 lunam
2571 3074 2723 3113 suam
2754 3074 2866 3125 xvi,
2896 3058 3247 3113 Alexandrini
3278 3075 3385 3112 non
3417 3072 3549 3113 ante
3576 3079 3660 3128 xv,
3686 3064 3757 3115 in-

2197 3130 2404 3183 dicunt.
2440 3129 2558 3198 Ipse
2587 3131 2751 3183 etiam
2788 3130 2917 3182 luna
2949 3145 3042 3183 xtv
3071 3130 3327 3193 admittit,
3360 3140 3417 3183 ut
3445 3140 3596 3197 patet
3623 3134 3758 3187 annis

507 3195 902 3279 relinquenda;
933 3202 1058 3279 iicet
1098 3211 1152 3279 _c_t
1181 3200 1235 3253 in
1263 3195 1751 3279 tabul_a_paschali,
1784 3208 1837 3250 et
1868 3195 1984 3279 ςιιι
2024 3211 2089 3279 ex
2121 3217 2166 3279 ρ
2199 3200 2342 3279 cycli
2370 3195 2541 3279 ipsi-us
2582 3216 2648 3279 i_t_,_
2677 3218 2704 3252 v
2734 3208 2787 3279 et
2812 3215 2966 3264 xviii,
3002 3201 3066 3279 in_
3103 3217 3227 3279 quo
3261 3217 3383 3279 cuiu
3422 3195 3759 3279 Quamnam-

505 3267 892 3346 parte-sciscat
918 3273 1224 3346 Anatolius.
1251 3267 1556 3346 Accedebat
1579 3279 1858 3346 praeterea,
1894 3267 1979 3321 his
1997 3267 2098 3346 ad-

507 3337 717 3410 inissis,
738 3345 850 3414 jatn
884 3344 1042 3398 lunas
1078 3342 1313 3395 Anatolii
1338 3337 1665 3414 Latinorum
1690 3350 1751 3414 et
1768 3337 2095 3393 Alexandri-

507 3431 711 3472 norum
741 3411 911 3469 'lunis
962 3414 1261 3481 coacviores
1309 3422 1586 3481 utcunque
1640 3411 1775 3472 lieri,
1806 3424 1917 3463 uno
1952 3418 2097 3463 certe

507 3495 695 3543 minus
728 3487 816 3540 die
849 3498 1202 3553 praecurrere.
1236 3480 1435 3547 Quare,
1468 3480 1527 3536 ut
1574 3482 1648 3534 ita
1688 3481 1948 3553 facerem,
1978 3495 2096 3553 om—

509 3564 645 3613 nino
672 3551 993 3626 pendebant.
1038 3553 1236 3626 verum
1286 3554 1491 3626 adverti
1527 3567 1613 3605 me
1647 3551 1869 3626 tu_m_in
1917 3552 2097 3617 majus

507 3621 923 3684 incommodum
973 3625 1293 3694 impingere.
1340 3621 1524 3679 Lunas
1578 3621 1862 3691 paschales
1901 3636 1986 3674 xiv
2017 3632 2097 3694 ter

507 3698 797 3753 Anatolius
829 3695 999 3750 ternis
1034 3692 1147 3750 sua:
1174 3694 1369 3748 tabula:
1400 3694 1580 3758 annis,
1610 3709 1669 3756 ll,
1701 3708 1731 3744 ν
1756 3702 1809 3747 et
1838 3707 1973 3744 xviii
2003 3692 2096 3745 de-

512 3769 705 3824 ﬁnivit.
739 3766 797 3822 Si
827 3780 1027 3820 aureos
1056 3767 1177 3834 ejus
1204 3781 1460 3819 numeros
1491 3780 1600 3818 uno
1623 3764 1711 3816 die
1732 3763 2093 3824 devolvimus,

509 3856 589 3895 cie
632 3841 744 3910 jam
803 3852 913 3910 non
971 3833 1201 3910 decimae
1240 3846 1468 3910 quartae,
1505 3836 1605 3910 sed
1655 3834 1880 3910 decima;
1926 3833 2097 3886 tertia:

509 3902 708 3971 erunt;
743 3907 889 3979 quod
939 3908 1060 3976 ejus
1107 3902 1410 3979 rationibus
1451 3907 1790 3979 adversatur.
1826 3902 1971 3979 idem
2014 3912 2097 3979 est

510 3983 579 4036 de
632 3974 801 4036 ternis
846 3974 1069 4048 quoque
1109 3978 1386 4033 vicesimis
1413 3977 1762 4048 paschalibus
1796 3975 1916 4048 ejus
1951 3974 2096 4048 Iunis

506 4053 798 4125 judicium,
817 4044 995 4125 Priori
1018 4050 1181 4125 igitur
1198 4044 1479 4125 sententia:
1504 4050 1682 4125 potius
1707 4044 2094 4125 insistendum,

510 4121 565 4177 et
606 4122 896 4177 dicendum
929 4121 1241 4174 Anatolium
1271 4122 1355 4175 sui
1386 4121 1472 4175 hic
1515 4123 1569 4173 in
1614 4130 1723 4171 tam
1756 4121 2009 4170 intricata
2037 4130 2095 4169 re

512 4195 743 4247 oblitum
794 4192 941 4261 (nisi
975 4192 1115 4246 forte
1142 4191 1451 4258 librarium,
1485 4190 1631 4261 quod
1666 4203 1773 4243 non
1812 4190 1986 4257 puto)
2034 4200 2095 4240 se

512 4265 884 4332 lectoremque
914 4262 1269 4317 confundere.

583 4336 639 4388 4ο
679 4330 865 4387 Dilfert
895 4334 1184 4404 Anatolius
1210 4333 1263 4386 in
1293 4334 1471 4404 capite
1496 4340 1551 4385 et
1576 4330 1683 4387 ﬁne
1729 4330 1890 4404 primi
1936 4342 2094 4404 nie_n-_

512 4406 620 4479 sis;
654 4421 844 4479 quem_
867 4404 1046 4457 Latini
1076 4419 1108 4479 _a
1138 4401 1318 4458 Martii
1363 4397 1455 4479 die
1501 4397 2093 4479 quiiiio,__Alexandritii

511 4477 582 4530 ab
606 4470 798 4529 Octavo
833 4475 1043 4529 ineunt.
1075 4473 1193 4543 Ipse
1233 4476 1477 4529 omnium
1512 4470 1821 4526 tardissime
1851 4472 1919 4525 ab
1943 4470 2093 4543 deci-

512 4561 624 4610 mo,
646 4548 771 4615 quia
798 4541 1113 4599 tardissime
1130 4560 1348 4616 quoque
1372 4546 1486 4616 tigit
1506 4541 2092 4616 wIIUlIlOQllum:_A_lll|0

510 4611 764 4687 cyclisni
802 4632 854 4669 .\'l
884 4611 1224 4687 Dominicam
1256 4611 1784 4686 pasch'alem’indicit
1812 4629 1864 4667 tv
1895 4611 2092 4666 Kalen-

510 4684 610 4741 das
644 4687 876 4756 Apriles,
910 4702 1003 4740 seu
1041 4684 1215 4739 Martii
1254 4684 1381 4740 xxix
1426 4686 1576 4747 luna,
1607 4700 1710 4756 sua
1748 4700 1839 4748 xx,
1870 4699 1934 4738 ac
1966 4695 2093 4756 pro-

512 4758 639 4812 inde
665 4753 848 4810 lunam
876 4759 1034 4811 istam
1066 4760 1133 4809 ab
1156 4772 1189 4809 x
1218 4757 1398 4811 Martii
1428 4756 1658 4811 orditur.
1687 4755 1846 4807 Anno
1869 4753 2090 4823 quidem

509 4829 647 4898 cycli
679 4845 769 4881 XIX
802 4829 1045 4881 citimam
1084 4829 1409 4898 pasclialem‘
1438 4841 1593 4881 suam
1624 4824 1961 4898 Dominicam
1990 4838 2091 4876 no-

512 4893 589 4952 tat
615 4916 666 4952 γι
690 4898 960 4952 Kalendas
990 4893 1212 4967 Aprilis,
1244 4916 1337 4953 seu
1361 4896 1539 4951 Martii
1568 4893 1944 4967 xxvu.Verum
1966 4909 2091 4947 cum

513 4972 698 5024 lunam
735 4971 893 5023 istam
931 4966 1053 5024 xvni
1076 4970 1341 5024 duntaxat
1372 4976 1640 5033 numeret,
1675 4968 1834 5037 plane
1860 4966 2092 5037 pt'imam

512 5042 731 5094 nonnisi
762 5057 792 5094 a
816 5041 991 5110 Martii
1034 5057 1086 5094 xi
1122 5041 1359 5105 deducit,
1392 5039 1655 5110 postridie
1680 5036 1920 5110 ineuntis
1943 5036 2093 5110 luna:

505 5110 617 5179 jam
646 5112 825 5165 dictaa.
861 5109 963 5165 Ubi
994 5111 1045 5164 id
1078 5114 1375 5166 notandum
1392 5106 1573 5172 'venit,
1597 5108 1909 5163 Anatoliqu
1942 5106 2091 5179 illam

509 5177 1007 5236 Alexandrinorum
1041 5191 1095 5235 et
1130 5184 1382 5237 Ecclesia:
1423 5181 1703 5235 hodiernae
1736 5179 1978 5249 regulam
2010 5177 2093 5230 ui-

513 5250 590 5304 llll
622 5254 845 5317 morari,
886 5254 1196 5322 paschalem
1223 5270 1343 5307 eam
1373 5268 1498 5306 esse
1522 5260 1774 5320 quartam
1799 5249 2089 5322 decimam,

511 5338 634 5389 quae
683 5326 766 5377 vel
812 5327 863 5377 in
893 5321 1085 5392 ipsum
1122 5324 1533 5391 aequinoctium,
1563 5326 1644 5377 vel
1694 5321 1939 5391 proxime
1972 5327 2093 5387 post

513 5392 691 5463 ipsum
740 5395 993 5449 incurrit.
1043 5392 1176 5447 Nam
1223 5394 1613 5463 azquinoctium
1664 5394 1780 5462 ipse
1825 5406 1950 5445 cum
1988 5404 2090 5442 xxv

510 5462 693 5535 Martii
730 5466 1025 5535 componit.
1062 5464 1176 5518 lmo
1213 5462 1382 5518 unum
1416 5476 1673 5533 praeterea
1697 5464 1861 5526 diem,
1899 5474 2093 5535 nempe

510 5532 690 5606 Martii
722 5532 1075 5606 xxiii—(quem
1104 5532 1429 5606 tequinoctii
1466 5547 1869 5606 transgressum
1909 5533 2093 5606 appel-

512 5604 633 5672 lat),
677 5616 802 5658 ante
847 5604 1479 5675 legitimam'Paschatis
1529 5604 1701 5661 citiini
1751 5604 2087 5675 iunctionem

513 5675 810 5729 transmitti
860 5674 993 5742 vult,
1025 5690 1083 5733 ut
1133 5690 1284 5733 tanto
1321 5679 1573 5732 tenebras
1618 5679 1711 5741 lux
1746 5686 1984 5744 superet.
2014 5674 2091 5729 Ita

513 5747 662 5799 nulla
695 5746 768 5799 illi
800 5758 894 5802 aut
920 5751 1172 5817 perexilis
1196 5758 1280 5804 est
1305 5752 1716 5803 ncomeniarum
1744 5758 1798 5800 et
1830 5746 2093 5799 termino-

513 5831 633 5869 rmn
670 5819 1003 5886 paschalium
1041 5824 1197 5888 ratio,
1233 5821 1327 5875 sed
1367 5820 1774 5875 Dominicarum
1804 5821 2088 5883 duntaxat,

513 5902 633 5957 qua:
662 5906 691 5943 a
722 5887 899 5946 Martii
939 5908 1083 5947 xxvii
1115 5895 1179 5947 ad
1211 5894 1413 5963 Aprilis
1451 5908 1586 5947 xxut
1621 5892 1885 5946 inclusive
1933 5904 2087 5959 repe-

2201 3271 2376 3324 manis
2405 3271 2552 3325 facit.
2589 3270 2725 3324 Hinc
2748 3271 2807 3325 tit
2833 3281 2891 3324 ut
2913 3273 3159 3325 eamdem
3192 3271 3415 3325 Pascha:
3441 3274 3755 3328 Dominicam

2200 3357 2478 3410 nunquam
2534 3342 2673 3397 ultra
2728 3357 2799 3395 xx
2849 3341 3035 3395 lunam
3068 3342 3353 3403 dill'undat,
3390 3361 3517 3397 cum
3548 3350 3759 3400 Alexan-

2197 3412 2338 3485 drini
2373 3414 2441 3485 ad
2475 3429 2588 3478 xxi,
2634 3412 2819 3485 Latini
2854 3414 2920 3465 ad
2962 3428 3079 3485 xxii
3108 3415 3270 3466 etiam
3313 3427 3630 3485 propagent.
3665 3416 3758 3469 Cur

2201 3483 2250 3536 id
2292 3483 2474 3557 faciat,
2506 3486 2771 3557 rationem
2810 3484 2925 3557 ipse
2955 3483 3188 3557 reddere
3228 3483 3541 3557 conatur,‘§
3578 3498 3758 3541 tracta-

2201 3563 2289 3608 tus
2315 3555 2401 3607 sui
2433 3556 2484 3608 8.
2512 3553 2579 3609 Et
2608 3557 2662 3608 in
2688 3555 2793 3609 hoc
2822 3553 2969 3607 Scoti
3004 3552 3166 3621 prisci
3195 3569 3317 3607 cum
3352 3571 3418 3609 eo
3451 3552 3756 3620 sentiebant,

2198 3624 2243 3678 si
2274 3624 2430 3678 Bedae
2466 3625 2616 3690 ﬁdes,
2649 3626 2739 3679 lib.
2770 3640 2831 3678 ιιι
2870 3622 3125 3677 Historiae
3151 3628 3437 3694 Anglorum
3461 3630 3755 3688 ecclesiast.,

2198 3711 2316 3764 cap.
2351 3695 2440 3751 25.
2484 3694 2538 3749 In
2587 3696 2779 3750 ultimo
2820 3696 3015 3749 tabulae
3059 3695 3294 3748 Anatolii
3342 3699 3758 3764 perpendiculari

2198 3781 2360 3821 versu
2407 3767 2502 3836 qui
2551 3768 2693 3821 lunai
2724 3774 2938 3821 aetatem
2994 3768 3048 3818 in
3100 3766 3337 3834 paschali
3372 3764 3655 3822 Dominica
3682 3769 3762 3822 de-

2199 3840 2398 3905 signat,
2440 3849 2549 3892 tres
2591 3837 2741 3902 anni,
2783 3851 2977 3905 nempe
3009 3852 3125 3899 vni,
3169 3851 3222 3889 xi
3259 3850 3311 3890 et
3342 3853 3458 3902 xiv,
3492 3840 3671 3892 lunatn
3699 3853 3759 3892 xx

2197 3908 2478 3973 exhibent,
2518 3909 2701 3961 nullus
2732 3923 2825 3961 xxi
2852 3917 2948 3961 aut
2980 3923 3119 3960 xxii.

2267 3978 2330 4030 6°
2372 3977 2614 4047 Denique
2642 3978 2823 4033 diﬂ'ert
2854 3980 3139 4032 Anatolius
3165 3978 3217 4051 in
3249 3977 3363 4051 ipsa
3387 3980 3659 4047 paschalis
3684 3997 3761 4051 cy-

2196 4050 2263 4102 cli
2298 4052 2668 4113 revolutione;
2700 4065 2865 4118 quam
2915 4065 3039 4103 cum
3097 4049 3311 4101 nodnisi
3358 4054 3521 4104 annis
3554 4053 3655 4105 ὅδὲ
3677 4049 3759 4105 ao-

2196 4121 2332 4173 solvi
2368 4130 2576 4174 certum
2625 4122 2717 4180 sit,
2749 4121 2926 4173 lunari
2975 4120 3127 4189 cyclu
3176 4119 3384 4174 scilicet
3433 4121 3490 4174 in
3542 4126 3756 4177 solarem

2195 4194 2381 4255 ducto,
2414 4207 2510 4245 seu
2547 4206 2638 4243 xix
2669 4192 2827 4245 annis
2858 4192 2910 4243 in
2944 4205 3135 4253 xxviii,
3170 4191 3287 4258 ipse
3321 4200 3505 4244 tamen
3537 4210 3654 4246 eam
3676 4210 3760 4246 an-

2197 4276 2391 4315 norum
2434 4277 2525 4315 xix
2556 4262 2841 4316 intervallo
2874 4261 3190 4333 concludit;
3231 4270 3403 4324 ratus,
3430 4262 3645 4331 opinor,
3678 4279 3759 4333 pa-

2197 4349 2285 4387 res
2313 4348 2437 4388 esse
2461 4333 2998 4401 quartadecimarum
3028 4342 3082 4384 et
3113 4331 3522 4386 Dominicarum
3556 4331 3762 4403 pascha-

2196 4403 2328 4457 lium
2383 4405 2771 4466 revolutioues,
2821 4418 2943 4472 quae
2993 4410 3106 4455 toto
3131 4403 3270 4455 coelo
3315 4403 3594 4458 ditl‘erunt.
3640 4404 3759 4458 llinc

2196 4473 2366 4546 ipse§
2400 4474 2468 4527 l9.
2498 4493 2512 4529 :
2546 4472 2649 4528 Sed
2692 4474 2811 4546 hoc,
2852 4475 3048 4546 inquit,
3084 4473 3147 4525 ab
3191 4474 3312 4546 aliis
3355 4476 3680 4542 sapientibus
3718 4483 3759 4527 et

2199 4544 2517 4599 acutiissimis
2536 4547 2661 4598 viris
2683 4544 3003 4613 impossibile
3024 4560 3133 4597 esse
3152 4544 3435 4612 deﬁnitur;
3454 4548 3591 4613 quod
3616 4549 3663 4599 in
3680 4547 3759 4597 illo

2123 4635 2168 4690 ι)
2199 4628 2423 4690 angusto
2476 4632 2541 4690 ac
2570 4616 2874 4690 brevissimo
2909 4630 3026 4690 x1x_
3051 4631 3309 4690 annorum
3350 4616 3538 4690 circuli
3582 4618 3757 4686 spatio,

2198 4688 2405 4740 Pascha
2437 4689 2797 4751 verissimum,
2823 4687 2875 4739 id
2901 4695 2977 4739 est
3008 4686 3061 4738 in
3094 4686 3178 4738 die
3201 4685 3504 4757 Dominica,
3538 4685 3757 4757 azquino-

2194 4760 2357 4810 ctium
2390 4757 2778 4827 transgrediens
2807 4758 3142 4809 inveniretur.
3172 4756 3273 4811 Sed
3310 4774 3428 4821 nos,
3457 4769 3513 4810 ut
3560 4756 3762 4826 manife-

2193 4830 2328 4881 stius
2356 4830 2474 4898 ﬁat,
2501 4826 2640 4899 quod
2664 4826 2772 4879 illis
2794 4827 3216 4880 incredulitatem
3240 4828 3465 4891 inducit,
3488 4841 3595 4883 etc.
3629 4827 3759 4881 Rur-

2195 4915 2316 4952 sum
2358 4900 2385 4971 §
2428 4902 2492 4953 15
2516 4898 2531 4951 ⁷;
2556 4898 2659 4951 Hic
2689 4899 2921 4951 circulus
2952 4914 3044 4971 xix
3089 4914 3353 4971 annorum
3387 4917 3418 4951 a
3455 4899 3759 4971 quibusdam

2195 4973 2235 5022 Α
2244 4970 2464 5038 [ι-ἰεάιιίε
2489 4972 2746 5033 rimariis,
2771 4972 2860 5039 qui
2885 4970 3164 5037 ampliores
3190 4970 3365 5039 (nota)
3387 4970 3613 5022 circulos
3648 4985 3754 5022 con-

2194 5042 2536 5110 scripserunt,
2561 5058 2661 5095 non
2686 5046 2960 5111 probatur,
2983 5042 3107 5108 quia
3126 5055 3305 5111 eorum
3325 5041 3757 5109 suspicationibus

2194 5112 2400 5165 videtur
2449 5114 2581 5165 satis
2626 5110 2736 5166 esse
2784 5113 3104 5165 contrarius.
3144 5110 3339 5165 Verum
3388 5115 3433 5165 si
3476 5111 3757 5165 Africanos

2196 5184 2327 5237 istos
2356 5184 2609 5237 rimarios
2634 5193 2855 5238 secutus
2884 5182 3098 5246 fuisset,
3125 5182 3437 5237 bissextiles
3470 5196 3645 5235 annos
3677 5195 3759 5232 ra-

2194 5255 2365 5309 riores
2403 5254 2721 5320 admittere,
2763 5254 3175 5322 litterarumque
3219 5251 3640 5307 Dominicalium
3684 5266 3761 5303 se-

2195 5326 2329 5378 riem
2360 5327 2432 5379 ita
2465 5327 2746 5381 succidere
2775 5339 2843 5398 ac
2862 5321 3195 5398 confundere
3225 5332 3449 5398 coactus
3476 5338 3588 5376 non
3635 5321 3760 5398 luis:

2194 5405 2310 5461 set;
2357 5398 2577 5467 quando
2624 5412 2747 5451 vere
2792 5395 2885 5449 illa
2930 5404 3044 5448 tam
3087 5395 3237 5450 brevi
3281 5394 3484 5448 circulo
3515 5394 3760 5448 concludi

2194 5480 2301 5519 non
2330 5476 2530 5537 potest.

2264 5534 2389 5593 Hace
2414 5537 2598 5591 omnia
2632 5536 2868 5591 Anatolii
2890 5536 3107 5606 placita,
3130 5552 3295 5606 quam
3326 5536 3603 5606 paradoxa
3637 5534 3755 5592 sint,

2193 5626 2354 5663 nemo
2386 5624 2493 5662 non
2515 5609 2659 5662 videt
2683 5626 2697 5662 :
2724 5624 2789 5661 ex
2810 5608 2914 5662 illis
2930 5608 3146 5678 quidem
3173 5623 3423 5677 magnam
3462 5610 3513 5660 in
3528 5606 3759 5678 _lectons

2193 5682 2466 5735 intellectu
2496 5680 2874 5733 confusionem
2902 5675 3033 5732 oriri
3075 5675 3359 5732 necessum
3393 5686 3491 5732 cst.
3526 5675 3755 5729 Prorsu:

2194 5764 2249 5805 ut
2290 5768 2357 5804 an
2386 5751 2625 5803 Anatolii
2654 5751 2787 5821 tanti
2818 5750 2925 5821 viri
2958 5764 3079 5803 esse
3103 5751 3463 5821 possittthtion
3489 5747 3755 5821 immerito

2192 5822 2628 5891 quaesiverimus.
2660 5818 2766 5875 Sed
2799 5830 2881 5874 tot
2906 5818 3069 5891 Beda;
3090 5820 3333 5889 adeoque
3356 5818 3577 5872 Eusebii
3611 5818 3754 5891 testi-

2193 5890 2397 5961 monia,
2427 5908 2549 5963 qua:
2577 5892 2765 5948 eadem
2796 5891 2957 5948 \erba
2988 5890 3247 5957 referunt,
3281 5900 3334 5945 et
3360 5890 3757 5958 manuscriptus
