3882 6496
493 389 582 443 εει
1623 398 1678 451 S.
1723 398 2046 455 ANATOLII
2089 401 2559 458 ALEXANDRINI

1079 481 1306 570 csrﬁr
1361 516 1447 570 Iv.

493 671 529 724 Α
559 689 661 742 quo
694 673 956 745 hodierna:
983 675 1180 729 Christi
1203 678 1406 744 epor/ia:
1433 697 1568 732 anno
1599 680 1840 733 Canonis
1863 682 1945 732 sui
1967 682 2060 733 du-

561 754 644 818 cat
674 746 1216 818 iiiitiitnt_Anatolius.
1252 747 1560 802 Here/trtius
1593 750 1795 818 cyclum
1823 751 2057 804 Anatolii

561 815 626 866 ab
676 833 818 886 anno,
867 815 1063 868 Christi
1114 818 1316 886 vulgari
1349 819 1451 872 277
1494 815 1725 874 inchoat.
1762 820 1945 874 Potius
1993 823 2056 874 ab

562 902 698 937 anno
725 885 848 939 276.
885 885 1218 957 Argumentis
1258 888 1525 944 llervartii
1557 891 1916 960 respondetur.

559 1021 659 1076 Vix
682 1023 849 1074 ullum
875 1023 1414 1095 dubitareexistimo,
1441 1026 1573 1095 quin
1599 1025 1862 1080 Cononem
1895 1041 2053 1078 suum

490 1094 1038 1146 decemuoveunalem
1109 1094 1395 1149 Anatolius
1464 1094 1589 1150 ante
1654 1097 2055 1150 Alexandrinos

489 1163 734 1235 ediderit.
774 1162 906 1235 Quis
952 1165 1094 1217 enim
1122 1165 1225 1218 sibi
1274 1168 1618 1233 persuadeat,
1655 1169 1897 1235 potuisse
1945 1175 2052 1220 tam

489 1233 778 1286 confusum
821 1233 1000 1295 edere,
1031 1235 1074 1287 si
1110 1243 1218 1288 tam
1264 1238 1596 1300 Ordinatum,
1631 1233 1939 1302 cuiusmodi
1973 1245 2055 1290 est

489 1303 912 1364 Alexandrinus,
945 1315 1070 1358 ante
1109 1307 1298 1359 oculos
1329 1307 1650 1361 habuisset?
1682 1307 1849 1370 Adde,
1888 1305 2056 1360 Eusc-

489 1375 660 1436 binm,
697 1372 1062 1432 Timotheum.
1095 1375 1374 1444 Cyrillum,
1411 1376 1731 1436 Victorinum,
1765 1376 1964 1431 Bedam
2003 1387 2057 1431 et

488 1445 625 1498 alios
655 1444 706 1496 id
753 1444 970 1514 scriptis
1002 1445 1118 1499 suis
1163 1446 1297 1500 satis
1327 1448 1553 1502 inuuere
1587 1465 1600 1501 :
1651 1463 1885 1515 moxque
1912 1448 2056 1502 clare

490 1515 713 1582 patebit.

559 1582 1114 1657 Georgiusgllervart,
1153 1585 1317 1641 Novae
1357 1587 1724 1657 Chronologia:
1774 1602 1894 1655 cap.
1924 1586 2050 1650 256,

489 1653 718 1724 (Iunonis
765 1655 928 1722 hujus
975 1655 1282 1711 Anatoliani
1329 1658 1542 1711 initium
1587 1653 1868 1724 a'vulgari
1910 1672 2054 1710 anno

487 1722 690 1796 Christi
741 1724 866 1787 277,
929 1724 1084 1778 Probi
1133 1727 1478 1796 imperatoris
1526 1722 1786 1792 secundo,
1815 1727 2051 1790 deducit,

487 1795 735 1858 duasque
774 1797 1010 1867 rationes
1039 1795 1240 1862 profert
1267 1809 1280 1844 :
1305 1797 1504 1860 Primo,
1547 1799 1673 1867 quia
1719 1806 1794 1850 tot
1823 1798 2055 1850 diversa-

489 1879 606 1915 rum
646 1865 876 1928 gentium
921 1867 1046 1917 anni
1081 1876 1187 1918 tam
1231 1868 1444 1928 diversi,
1475 1865 1566 1920 adi
1593 1884 1709 1920 eum
1755 1885 1948 1920 annum
2001 1869 2055 1920 in

490 1932 705 2007 Eusebii
743 1934 1014 1988 Chronico
1041 1939 1288 2004 appositi,
1321 1954 1458 1990 anno
1493 1938 1703 1990 indubie
1730 1939 1900 2006 primo
1923 1939 2055 2007 cycli

487 2004 754 2073 paschalis
790 2007 1026 2058 Anatolii
1073 2019 1194 2059 sunt
1231 2009 1638 2060 accommodati.
1678 2004 1805 2060 Post
1851 2004 2057 2060 enunie-

489 2077 744 2128 ratianem
765 2076 902 2127 enim
929 2078 1116 2128 tiaram
1141 2094 1398 2128 annorum
1429 2094 1550 2130 mox
1572 2079 1626 2129 in
1657 2077 1868 2131 Eusebii
1889 2078 2056 2130 Chro-

488 2145 613 2216 nico
658 2144 1029 2216 subsequitur:
1072 2146 1351 2200 Anatolius
1392 2146 1716 2201 Laodicenus
1758 2149 2052 2216 episcopus,

485 2214 910 2294 philosophorum
955 2216 1250 2294 disciplinis
1299 2218 1561 2284 eruditus,
1613 2214 1898 2272 multorum
1953 2235 2054 2271 ser-

488 2301 637 2337 mone
665 2285 976 2338 celebratur:

561 2355 820 2415 Secundo,
853 2357 1034 2409 scribit
1066 2355 1347 2410 Anatolius
1383 2373 1523 2410 anno
1565 2357 1701 2426 cycli
1741 2358 1824 2410 sui
1864 2358 2054 2425 primo,

487 2428 677 2496 mensis
700 2426 858 2492 primi
881 2427 1200 2478 neomeniam
1227 2444 1343 2496 qua:
1361 2430 1518 2481 totius
1536 2428 2056 2481 enneadecaeteridos

487 2493 700 2567 initium
737 2505 834 2556 est,
865 2496 918 2547 in
960 2493 1285 2549 Phamenotli
1335 2513 1480 2558 xxvr,
1513 2498 1693 2567 Dystri
1729 2507 1904 2550 autem
1944 2513 2054 2552 X\’ll

486 2574 535 2614 et
555 2563 739 2617 Martii
773 2582 929 2630 um,
964 2568 1246 2619 incurrere.
1280 2568 1344 2620 Id
1373 2581 1544 2620 autem
1563 2563 1858 2621 secundum
1884 2578 2057 2620 astro-

489 2635 748 2686 nomicam
773 2637 1066 2710 ceritatem
1101 2654 1238 2689 anno
1269 2637 1467 2691 Christi
1513 2639 1638 2710 επ,
1678 2639 1863 2710 melius
1896 2655 2054 2706 quam

489 2714 606 2775 octo
656 2705 823 2775 annis
850 2707 1076 2769 tardius,
1109 2723 1288 2775 nempe
1318 2725 1455 2761 anno
1500 2707 1698 2762 Christi
1760 2708 1887 2772 285,
1911 2705 2055 2761 icon-

487 2772 747 2856 venit._lta
779 2775 1041 2856 Georgius
1077 2772 1318 2856 liervart.

561 2845 666 2897 Sed
698 2861 797 2899 nos
823 2861 889 2899 ex
928 2845 1043 2914 jam
1068 2847 1249 2911 dictis,
1285 2847 1596 2902 necessario
1628 2848 1698 2902 ab
1727 2862 1873 2901 anno
1909 2857 2057 2902 ante-

3601 403 3696 456 εει

2087 525 2129 580 Α
2160 524 2380 577 cedente
2397 524 2500 577 2'76
2518 523 2843 576 ordiendum
2869 521 3189 590 opinamur:
3215 521 3266 573 l°
3290 518 3424 586 Quia
3455 522 3702 574 Anatolia-

2167 610 2296 646 num
2315 595 2433 654 eius
2456 595 2581 647 anni
2602 593 2808 647 Pascha
2837 593 2908 644 ita
2937 592 3192 660 postulat,
3213 591 3325 643 sive
3344 591 3576 644 lunarem
3602 593 3703 646 sive

2169 665 2396 717 solarem
2419 665 2564 717 illius
2589 665 2797 728 cycluln
2825 662 3136 715 consideres
3155 680 3168 724 ;
3187 661 3374 713 eodem
3401 675 3584 728 nempe
3607 663 3702 721 die,

2165 735 2364 802 Aprilis
2407 751 2494 788 XVI
2529 725 2812 794 indictum,
2844 748 2953 801 quo
2985 741 3036 786 et
3077 731 3428 802 Alexandrini
3456 725 3704 784 et—Latiui

2167 801 2431 866 indicunt,
2475 805 2687 861 tametsi
2721 819 2912 857 omnes
2940 803 2992 854 in
3027 803 3168 856 luna:
3195 811 3353 855 aetate
3380 801 3703 856 dissentiant.

2165 872 2280 927 Non
2304 885 2387 928 est
2411 886 2589 930 autem
2614 873 2926 934 verisimile,
2959 872 3270 925 Anatolium
3301 880 3442 923 recte
3470 871 3523 923 in
3546 871 3707 939 primo

2165 959 2310 997 anno
2340 946 2606 1000 deviasse.
2647 947 2704 997 2°
2737 943 3082 998 Conveniunt
3105 952 3157 995 et
3185 942 3348 995 trium
3379 941 3616 1009 proxime
3640 957 3708 996 se.

2163 1015 2441 1082 quentium
2472 1031 2737 1070 annorum
2773 1015 2964 1082 littera;
2991 1011 3376 1071 Dominicales.
3406 1020 3464 1065 ut
3483 1023 3710 1082 etiannu-

2165 1081 2283 1137 rum
2332 1087 2542 1154 septimi
2587 1097 2640 1139 et
2694 1085 2890 1140 octavi.
2926 1081 3081 1154 Quod
3136 1083 3179 1137 si
3215 1081 3708 1154 paschales_Domi._

2165 1156 2298 1208 nica:
2326 1151 2554 1210 subinde
2588 1157 2814 1210 diversae
2856 1163 3002 1215 sunt,
3037 1153 3088 1206 id
3133 1168 3196 1208 ex
3221 1151 3464 1206 diversis
3493 1151 3709 1205 Anatolii

2165 1227 2374 1291 placitis
2399 1228 2611 1280 oritur:
2646 1226 2795 1280 verbi
2831 1223 3023 1292 gratia,
3059 1224 3204 1292 quod
3239 1223 3366 1277 luna
3397 1237 3485 1292 xiv
3519 1219 3708 1292 Pascha

2163 1297 2436 1364 legitimus
2459 1297 2689 1360 sanciat;
2708 1291 2852 1363 quod
2877 1291 3262 1362 aequinoctium
3281 1302 3406 1347 ante
3423 1291 3596 1346 Martii
3617 1305 3710 1345 xxv

2163 1377 2214 1420 et
2241 1367 2480 1420 citimam
2497 1366 2717 1420 Pascha:
2739 1365 3072 1420 Dominicam
3101 1375 3226 1419 ante
3253 1378 3399 1417 xxv"
3430 1376 3548 1432 non
3567 1377 3712 1432 agno-

2164 1447 2311 1506 seat;
2343 1438 2484 1506 quod
2514 1437 2826 1491 neomenias
2859 1444 2982 1489 ante
3012 1433 3150 1506 alios
3180 1435 3400 1496 indicat,
3421 1442 3477 1486 ct
3508 1430 3709 1506 similia.

2164 1505 2228 1577 Et
2251 1501 2430 1562 tamen
2459 1507 2635 1577 adhuc
2660 1522 2804 1577 anno
2829 1506 2963 1577 cycli
2987 1505 3072 1577 sui
3097 1514 3311 1577 quarto,
3330 1517 3454 1577 curn
3487 1501 3712 1577 utrisque

2163 1576 2502 1631 Dominicum
2530 1576 2737 1632 Pascha
2770 1573 2953 1630 Idibus
2981 1573 3182 1645 Aprilis
3214 1575 3318 1630 rite
3343 1573 3548 1628 sciscit.

2231 1645 2341 1702 Nec
2387 1647 2653 1702 Hervartii
2714 1639 3044 1715 argumenta
3091 1645 3258 1715 Valde
3298 1651 3571 1715 premunt.
3619 1639 3712 1715 Qui

2160 1717 2306 1772 enim
2335 1733 2479 1772 anno
2509 1717 2614 1770 277
2641 1712 2844 1782 ﬂoruit,
2875 1717 3051 1782 potuit
3080 1725 3134 1768 et
3161 1713 3268 1770 276
3303 1712 3586 1772 ﬂoruisse.
3618 1712 3714 1764 imo

2163 1796 2292 1867 tunc
2329 1788 2565 1867 maxime
2593 1782 2945 1867 ccepisse.__Et
2987 1786 3080 1867 qui
3113 1787 3324 1857 cyclum
3356 1798 3504 1867 anno
3526 1782 3638 1867 β’ἵῖ
3664 1782 3711 1867 in

2096 1896 2133 1948 Β
2165 1853 2781 1948 Ιυοεῐηοςιιιίιιίιηεοῂυε
2807 1853 3065 1948 editionis
3097 1853 3297 1935 annum
3340 1853 3714 1948 diversisuc'ha-

2166 1929 2467 2003 racteribus
2496 1923 2750 2003 inSignit;
2777 1929 2912 1982 nihil
2948 1929 3148 2003 obstat,
3181 1925 3325 2003 quin
3355 1924 3480 1993 ejus
3514 1923 3712 2003 initium

2163 1999 2231 2052 ab
2253 1999 2561 2070 anteriore
2590 1996 2752 2053 etiam
2781 2012 2944 2070 anno
2991 1998 3128 2070 bene
3163 1996 3432 2050 deducere
3465 1996 3649 2070 possit,
3675 1996 3714 2070 si

2165 2069 2400 2123 rationes
2436 2070 2509 2122 ita
2541 2068 2677 2124 forte
2705 2069 2943 2137 exigant.
2989 2067 3493 2137 Deniquepossunt
3533 2063 3713 2137 diversi

2164 2139 2252 2193 isti
2283 2140 2621 2193 diversarum
2651 2133 2889 2207 gentium
2923 2139 3052 2191 anni
3083 2133 3180 2206 pro
3206 2133 3591 2207 Manichaeanae
3615 2133 3712 2207 hie-

2164 2223 2345 2263 reseos
2371 2218 2517 2271 ortu,
2554 2201 2726 2278 qui'in
2756 2223 2960 2262 annum
3007 2201 3170 2261 istum
3197 2205 3302 2278 277
3333 2221 3363 2258 a
3389 2205 3594 2278 sanctis
3624 2201 3713 2254 Pa-

2163 2279 2339 2333 trib‘us
2368 2279 2468 2333 rite
2499 2276 2798 2340 confertur,
2827 2287 2977 2332 tanto
3009 2278 3180 2347 magis
3211 2276 3487 2340 adnotari,
3508 2282 3713 2347 Δ(ιιιειιιιο

2163 2363 2224 2402 ea
2260 2348 2572 2403 confusiore
2615 2349 2852 2404 Anatolii
2877 2348 3029 2419 cyclo
3054 2341 3452 2419 celebriorem.
3495 2341 3644 2410 Quod
3669 2352 3712 2396 et

2162 2435 2229 2472 ex
2275 2429 2429 2492 parte
2470 2419 2713 2492 Scaliger
2737 2428 2862 2492 ante
2889 2414 2989 2472 nos
3037 2418 3285 2492 advertit.
3322 2414 3511 2492 Neque
3543 2429 3711 2492 verum

2161 2485 2611 2554 esu—Anatolium
2624 2485 3198 2546 'enneadecaeteridos
3241 2502 3350 2540 suae
3401 2485 3711 2556 principium

2165 2559 2218 2612 in
2245 2576 2382 2620 χχιι,
2413 2561 2506 2615 sed
2537 2561 2718 2630 potius
2747 2560 2801 2612 in
2833 2576 2935 2613 xxv
2969 2569 3024 2630 et
3053 2574 3178 2630 utri
3205 2556 3379 2610 Martii
3407 2555 3715 2630 ἠείδη-σλιπ

2163 2638 2308 2698 patet
2333 2647 2398 2684 ex
2429 2622 2604 2700 capite
2627 2631 2866 2685 secundo
2899 2629 3059 2698 hujus
3092 2627 3511 2700 Commentarii,
3539 2634 3592 2700 et
3617 2622 3714 2678 Cla-

2165 2696 2278 2754 rius
2310 2701 2472 2754 etiam
2498 2696 2573 2753 ex
2615 2702 2728 2770 ipsa
2766 2696 2997 2753 Anatolii
3028 2700 3209 2753 tabula
3242 2698 3510 2770 paschali,
3543 2696 3648 2770 imo
3669 2701 3715 2745 ct

2161 2784 2225 2822 ex
2254 2772 2425 2838 ipsius
2453 2762 2780 2833 lenm-cum
2814 2772 2971 2840 primi
2997 2770 3200 2824 mensis
3225 2762 3568 2822 nectneniam
3594 2762 3715 2818 Mai-

2163 2841 2224 2893 tii
2264 2856 2371 2895 xxx
2403 2841 2606 2912 deligit.

1753 3204 2501 3296 FRAGMENTA

1249 3405 1337 3465 Ex
1392 3402 1668 3463 Anatolii
1735 3399 2151 3462 Alexandrini
2190 3400 2371 3462 libris
2404 3398 2952 3462 Arithmeticorum

1053 3556 1271 3616 (Ρωιιισ.
1320 3551 1613 3604 Bibliotheca
1635 3553 1827 3610 (ἱππεία,
1855 3551 1933 3600 ed.
1978 3550 2049 3599 Hs

2165 3557 2330 3610 s.,tom.
2361 3550 2446 3610 Ill,
2468 3551 2751 3614 Hamburgi,
2779 3551 2914 3612 1793,
2938 3566 2979 3614 p.
3013 3553 3142 3614 £62.)

554 3837 695 3904 Quid
724 3838 797 3894 sit
825 3836 1244 3890 mathematica?

557 3931 870 3984 Aristoteles
913 3929 1213 3986 consistere
1255 3940 1470 3981 omnem
1538 3921 1938 3993 philosophiam
1998 3923 2050 3975 in

486 4026 694 4080 theoria
749 4035 804 4078 et
861 4023 1095 4092 practica
1139 4021 1431 4090 opinatur,
1491 4017 1784 4087 practicam
1831 4016 2048 4086 quidem

486 4119 732 4173 dividens
763 4122 816 4171 in
841 4116 1076 4170 ethicam
1106 4125 1160 4168 et
1190 4113 1461 4183 politicam
1483 4153 1498 4176 ,
1529 4111 1797 4166 theoriam
1837 4123 1967 4163 vero
1998 4110 2050 4162 in

487 4207 830 4276 theologiam,
861 4205 1134 4275 physicam
1165 4212 1218 4257 et
1248 4201 1682 4256 mathematicam
1707 4217 1720 4266 ;
1749 4199 2053 4254 clarissime

486 4310 540 4353 et
569 4299 884 4354 doctissime
918 4295 1272 4365 philosophia:
1314 4305 1518 4364 partem
1552 4309 1674 4350 esse
1706 4293 2053 4348 mathemati-

486 4403 605 4441 cam
635 4387 1047 4441 demonstravit.

557 4478 714 4544 Quod
771 4477 1012 4532 Chaldaei
1064 4476 1282 4546 quidem
1327 4476 1749 4537 astronomiam,
1808 4473 2047 4547 Egyptii

483 4586 616 4626 vero
645 4571 992 4630 geometriam
1026 4578 1080 4623 et
1108 4568 1502 4622 arithmeticam
1536 4568 1998 4639 (invenerunt)....

554 4664 600 4717 A
624 4679 733 4733 quo
761 4662 1139 4716 mathematica
1165 4660 1244 4714 sic
1272 4660 1551 4716 nominata
1579 4660 1719 4715 fuit?

559 4755 897 4824 Peripatetici
924 4754 1143 4825 quidem
1174 4753 1444 4808 aliirmant
1482 4754 1538 4807 in
1578 4752 1852 4808 rhetorica
1872 4793 1888 4819 ,
1914 4767 2045 4821 poe-

483 4848 612 4911 tica,
636 4847 1061 4916 summatimque
1105 4844 1314 4900 musica
1358 4845 1565 4912 vulgari
1600 4859 1873 4914 quemque
1887 4859 2046 4914 posse

483 4940 710 5003 versari,
730 4938 979 5008 quamvis
995 4952 1102 4992 non
1127 4937 1409 4992 didicerit:
1432 4953 1552 5006 quae
1580 4947 1759 4992 autem
1782 4939 2045 5009 appellata

481 5042 611 5085 sum
645 5029 1044 5095 mathematica,
1076 5029 1342 5084 neminem
1382 5029 1664 5084 scientiam
1711 5029 1926 5084 illorum
1963 5029 2046 5083 ul-

482 5122 592 5174 lam
638 5137 829 5190 capere
871 5136 1067 5190 posse,
1119 5121 1224 5176 nisi
1267 5121 1417 5191 prius
1451 5121 1717 5176 didicerit.
1756 5120 2042 5191 Propterea

482 5215 711 5268 istarum
737 5213 1091 5267 scientiarum
1117 5213 1378 5268 theoriam
1394 5217 1578 5269 vocari
1608 5211 2041 5269 mathematicam

482 5304 887 5358 existimabant.
902 5301 1236 5374 Pythagorici
1255 5319 1433 5358 autem
1452 5303 1777 5373 imposuisse
1791 5303 2046 5358 dicuntur

483 5393 588 5448 hoc
600 5410 792 5447 nomen
807 5395 1020 5462 proprie
1033 5393 1133 5448 soli
1146 5395 1448 5463 geometria:
1456 5402 1508 5448 et
1519 5394 1887 5448 arithmeticae.
1899 5392 2046 5446 Anti-

481 5485 666 5555 quitus
676 5484 842 5547 enim,
860 5486 1148 5555 separatim
1167 5498 1360 5553 cuique
1371 5498 1532 5538 suum
1553 5499 1745 5539 nomen
1763 5486 2040 5555 proprium

481 5586 628 5642 erat;
658 5590 943 5631 commune
969 5588 1145 5630 autem
1173 5590 1368 5630 nomen
1392 5575 1596 5628 nullum
1616 5583 1732 5629 erat
1756 5575 2039 5630 ambabus.

420 5679 431 5737 9
481 5669 632 5739 Quas
646 5669 861 5739 quidem
880 5670 961 5724 sic
975 5669 1367 5723 mathematica:
1381 5669 1599 5723 nomine
1613 5668 1827 5723 vocavit
1843 5667 2042 5737 Archy-

481 5771 586 5826 tas,
617 5760 761 5830 quod
790 5761 1067 5814 scientiam
1105 5761 1386 5815 hominum
1420 5760 1598 5829 captui
1635 5758 2040 5814 accommodato

485 5855 537 5908 in
565 5854 667 5908 illis
706 5851 1044 5920 inveniebat;
1071 5869 1195 5909 nam
1229 5853 1373 5910 circa
1400 5862 1623 5918 aeterna,
1655 5851 2039 5918 immutabilia,

2075 3835 2119 3890 (ἶ.
2225 3831 2288 3882 Τί
2316 3832 2431 3883 ἐστι
2498 3831 2893 3902 μαθηματική;

2241 3924 2612 3995 Ἀριστοτέλης
2641 3924 2961 3977 συνεστάναι
2997 3923 3095 3993 τὴν
3122 3925 3300 3977 πᾶσαν
3329 3923 3642 3994 φιλοσοφίαν
3663 3927 3718 3976 ἐκ

2158 4016 2388 4087 θεωρίας
2418 4017 2510 4069 καὶ
2541 4017 2788 4089 πράξεως
2817 4017 3078 4088 οἰόμενος,
3114 4019 3208 4070 καὶ
3242 4015 3337 4086 τὴν
3369 4017 3469 4086 μὲν
3498 4033 3716 4088 πρακτι-

2161 4108 2258 4178 κὴν
2291 4108 2512 4179 διαιρῶν
2544 4111 2624 4173 είς
2654 4109 2848 4179 ἠθικὴν
2896 4109 2992 4162 καὶ
3026 4108 3322 4179 πολιτικὴν,
3361 4109 3461 4177 τὴν
3499 4109 3556 4162 δὲ
3590 4109 3714 4161 θεω-

2160 4202 2280 4273 ρίαν
2297 4203 2376 4265 εἰς
2396 4202 2457 4254 τὸ
2472 4201 2769 4270 θεολογικὸν
2787 4202 2958 4255 καὶτὸ
2979 4203 3205 4271 φυσικὸν
3233 4202 3324 4253 καὶ
3344 4200 3401 4252 τὸ
3421 4195 3718 4272 μαθηματι-

2158 4295 2269 4360 κὸν,
2298 4295 2441 4367 μάλα
2473 4295 2655 4365 σαφῶς
2682 4297 2774 4350 καὶ
2809 4295 3068 4365 ἐντέχνως
3101 4293 3416 4365 φιλοσοφίαν
3442 4291 3610 4348 οὖσαν
3631 4293 3718 4362 τὴν

2151 4385 2539 4458 ’μαθηματικὴν
2569 4387 2930 4440 ἀποδείκνυσι.

2227 4481 2346 4532 Ὅτι
2377 4479 2627 4532 Χαλδαῖοι
2653 4480 2748 4549 μὲν
2779 4479 3160 4550 ἀστρονομίαν,
3187 4477 3471 4545 Αἰγύπτιοι
3498 4477 3554 4530 δὲ
3586 4495 3715 4544 γεω-

2159 4571 2381 4642 μετρίαν
2415 4570 2508 4623 καὶ
2557 4569 2921 4641 ἀριθμητικήν
2962 4569 3336 4642 (ὲξεῦρον).....

2237 4660 2366 4713 Ἀπὸ
2415 4661 2556 4724 τίνος
2605 4658 2662 4712 δὲ
2697 4659 3050 4731 μαθηματικὴ
3091 4659 3380 4731 ὠνομάσθη

2222 4754 2285 4806 Οἱ
2338 4753 2437 4824 μὲν
2485 4752 2592 4806 άπὸ
2625 4752 2717 4805 τοῦ
2743 4752 3051 4822 Περιπάτου
3092 4753 3388 4821 φάσκοντες
3423 4749 3714 4824 ῥητορικῆς

2157 4845 2252 4914 μὲν
2283 4845 2376 4896 καὶ
2394 4844 2706 4916 ποιητικῆς,
2735 4845 2981 4914 σνμπᾶσι
3005 4861 3065 4896 τε
3090 4844 3188 4915 τῆς
3223 4843 3502 4915 δημώδους
3531 4858 3714 4914 μουσιο

2154 4937 2256 5006 κῆς
2291 4934 2549 4989 δύνασθαί
2592 4953 2710 4988 τινα
2743 4937 2976 4988 συνεῖναι
3011 4936 3104 4989 καὶ
3133 4935 3206 5007 μὴ
3251 4936 3503 5006 μαθόντα.
3553 4935 3634 4988 Τὰ
3663 4935 3714 4986 δὲ

2154 5026 2458 5096 καλούμενα
2485 5025 2590 5079 ἴδια
2624 5025 2918 5097 μαθήματα
2939 5025 3148 5089 οὐδενὸς
3169 5026 3370 5097 εἴδησιν
3401 5015 3711 5096 λαμϐάνέιν,

2158 5119 2230 5188 μὴ
2288 5118 2350 5171 οὑ
2400 5118 2662 5190 πρότερον
2739 5119 2798 5171 ὲν
2846 5117 3078 5188 μαθήσει
3146 5117 3434 5188 γενόμενον
3492 5116 3708 5169 τούτων.

2151 5213 2246 5265 Διὰ
2293 5211 2447 5264 τοῦτο
2488 5210 2871 5282 μαθηματικὴν
2907 5207 3187 5262 καλεῖσθαι
3225 5208 3325 5277 τὴν
3362 5205 3714 5278 περὶτούτων

2151 5304 2382 5372 θεωρίαν
2430 5303 2827 5373 ὐπλάμὸανον.
2887 5302 3085 5355 Θέσθαι
3127 5301 3186 5354 δὲ
3234 5300 3481 5368 λέγονται
3529 5299 3590 5351 τὴ
3623 5298 3711 5364 τῆς

2153 5397 2536 5468 μαθηματικῆς
2566 5396 2734 5466 ὗνομα
2759 5396 3042 5468 ίδιαίτερον
3059 5395 3150 5448 ἐπὶ
3184 5395 3349 5465 μόνης
3379 5392 3709 5463 γεωμετρίας

2149 5489 2244 5542 καὶ
2271 5488 2636 5560 ἀριθμητικῆς
2659 5491 2706 5540 οἱ
2736 5487 2844 5541 άπὸ
2877 5487 2969 5540 τοῦ
2999 5487 3332 5558 Πυθαγόρου.
3366 5488 3438 5540 Τὸ
3474 5486 3582 5558 γὰρ
3615 5486 3707 5538 πά-

2147 5579 2236 5632 λαι
2267 5580 2434 5651 χωρὶς
2471 5578 2703 5648 ἑκατέρα
2723 5577 2926 5631 τούτων
2950 5578 3276 5648 ὠνομάζετο.
3312 5579 3498 5632 Κοινὸν
3544 5577 3601 5631 δὲ
3627 5577 3710 5631 οὺο

2147 5669 2236 5723 δὲν
2264 5667 2332 5741 ῆν
2364 5672 2563 5740 ἀμφοῖν
2588 5670 2774 5740 ὄνομα.
2817 5668 3069 5723 Ἐκάλεσε
3089 5669 3144 5723 δὲ
3172 5669 3487 5741 (Ἀρχύτας)
3514 5667 3702 5728 οὕτως.

2144 5761 2227 5812 ὅτι
2273 5761 2332 5813 τὺ
2374 5759 2788 5830 ἐπιστημονικὸν
2828 5761 2923 5814 καὶ
2964 5760 3100 5832 πρὸς
3135 5760 3368 5832 μάθησιν
3394 5758 3702 5830 ἐπιτηδείως

2145 5850 2266 5920 ἕχον
2309 5851 2572 5919 εὑρίσγλιιυ
2602 5852 2661 5901 δυ
2690 5847 2915 5919 αὐταῖς,
2957 5852 3084 5922 περὶ
3108 5850 3216 5922 γὰρ
3247 5850 3390 5905 ἀΐδια
3426 5849 3516 5906 καὶ
3545 5847 3698 5919 ἄτρεο
