3882 6480
168 258 251 314 955

1052 245 1473 304 FRAGMENTA
1516 245 1608 301 EX
1651 244 1877 301 LIBBlS
1912 245 2358 302 ARITHMEI'IC.

3220 251 3326 312 ιιι

169 399 253 436 πτα
292 377 370 432 καὶ
405 371 659 446 εἰλικρινῆ
691 371 818 426 ὅντα
862 370 1332 442 ἀναστρεφομένας
1376 370 1581 441 ἑώρων,
1613 371 1671 421 ὲν

1798 383 2019 438 iuraque
2045 385 2140 424 eas
2174 369 2402 435 versari,
2429 369 2680 426 videbant
2704 369 3070 443 Pythagorici,
3112 374 3165 429 in
3208 377 3329 446 qui-

166 467 228 535 οἷς
252 470 362 540 μόνα
390 466 686 537 ἐπιστήμην
719 465 984 536 ἐνόμιζον.
1026 466 1088 517 Οἱ
1123 463 1178 517 δὲ
1215 461 1463 534 νεώτεροι
1511 478 1666 534 περι-

167 564 366 616 έσπασαν
400 557 484 612 ἐπὶ
511 557 694 611 πλεῖον
722 557 818 628 τὴν
853 555 1241 627 προσηγορίαν,
1265 555 1326 609 οὐ
1358 555 1516 625 μόνον
1539 556 1668 626 περὶ

168 657 242 726 τὴν
274 650 534 721 ἀσώματον
576 649 670 703 καὶ
711 649 906 720 νοητὴν
950 647 1081 720 ὕλην
1113 646 1383 711 ἀξιοῦντες
1411 664 1669 718 πραγμα-

168 744 365 800 τεύεσθαι
393 742 479 795 τὸν
515 740 922 812 μαθηματικὸν,
956 740 1090 812 ἁλλᾲ
1122 740 1213 794 καὶ
1247 741 1375 812 ’περὶ⁸
1407 741 1503 811 τὴν
1535 743 1670 809 ὲφα-

168 837 389 907 τεταμένην
414 834 507 904 τῆς
536 834 852 904 σωματικῆς
882 834 974 887 καὶ
1005 833 1268 904 αἰσθητῆς
1293 833 1498 898 οὐσίας.
1529 835 1674 888 Θεωο

167 927 344 1000 ρητικδς
362 924 459 998 γὰρ
490 925 692 993 ὀφείλει
724 923 879 987 εἶναι,
911 925 1002 978 καὶ
1028 927 1197 995 φορᾶς
1222 925 1432 997 ἄστρων
1463 927 1556 980 καὶ
1580 928 1673 980 τά-

165 1038 263 1091 χονς
285 1018 443 1072 αὐτῶν
480 1017 728 1087 μεγέθων
769 1035 829 1070 τε
862 1017 956 1070 καὶ
983 1019 1274 1089 σχημάτων
1312 1021 1406 1075 καὶ
1438 1022 1675 1091 ἀποστη-

168 1112 331 1182 μάτων.
365 1110 477 1161 Ἔτι
525 1109 582 1162 δὲ
626 1109 1008 1174 ὲπισκεπτικδς
1053 1111 1161 1165 τῶν
1206 1113 1347 1166 κατὰ
1385 1114 1484 1178 τὰς
1527 1114 1675 1183 ὄψεις

165 1201 313 1256 παθῶν
335 1242 347 1262 ,
379 1202 608 1272 ἐρευνῶν
632 1202 730 1266 τὰς
758 1204 932 1268 αἰτίας
964 1204 1030 1257 δι’
1059 1205 1124 1270 ἃς
1156 1207 1249 1259 καὶ
1273 1207 1369 1277 οὐχ
1393 1209 1552 1263 ὁποῖα
1583 1212 1675 1263 καὶ

165 1295 329 1363 πηλίκα
368 1294 433 1347 τὰ
478 1295 812 1365 ὑποκείμενα
863 1295 1085 1350 τοιαῦτα
1126 1300 1216 1351 καὶ
1263 1300 1560 1371 τηλικαῦτα
1613 1305 1676 1356 ἐκ

165 1385 322 1448 παντὸς
355 1385 708 1456 διαστήματος
755 1387 1059 1458 θεωρεῖται,
1105 1390 1370 1460 τηροῦντα
1413 1391 1509 1461 μὲν
1553 1394 1675 1456 τοὺς

166 1478 270 1546 πρὸς
294 1477 479 1547 ἄλληλα
524 1478 745 1546 λόγους,
779 1478 990 1547 ψευδεῖς
1029 1479 1082 1534 δὲ
1119 1482 1413 1549 φαντασίας
1446 1484 1537 1536 καὶ
1577 1485 1676 1554 τῆς

163 1567 326 1631 τάξεως
347 1568 435 1621 καὶ
477 1567 578 1638 τῆς
616 1568 815 1633 θέσεως
838 1571 1184 1642 ἐμποιοῦντα.
1235 1572 1400 1628 Τοῦτο
1431 1575 1526 1645 μὲν
1558 1580 1676 1630 κατ’

162 1658 345 1726 οὐρανὸν
384 1658 472 1710 καὶ
505 1659 660 1730 ἀέρα,
695 1658 850 1712 τοῦτο
879 1659 936 1713 δὲ
973 1664 1029 1714 ἐν
1055 1662 1378 1734 κατόπτροις
1414 1664 1508 1718 καὶ
1545 1668 1676 1720 πᾶσι

1772 460 1874 516 bus
1897 462 2236 517 solummodo
2281 462 2580 519 consistere
2631 464 2911 519 scientiam
2944 467 3328 536 opinabantur.

1772 554 2118 612 Reccntiores
2156 571 2286 610 vero
2319 555 2624 625 philosophi
2673 557 2776 611 hoc
2814 573 3011 612 nomen
3053 561 3334 620 extensius

1771 647 2084 714 dilatavere,
2116 647 2188 701 ita
2213 657 2271 701 ut
2297 664 2404 703 non
2439 657 2644 702 tantum
2693 649 2838 703 circa
2878 649 3250 720 incorpoream
3279 663 3334 706 et

1772 738 2102 806 spit-itualem
2141 739 2497 793 substantiam
2530 739 2734 792 versari
2770 742 3208 796 mathematicum
3233 758 3334 796 vo-

1772 827 1990 891 luerint,
2053 829 2145 883 sed
2179 830 2339 884 etiam
2384 831 2527 885 circa
2575 831 2930 885 substantiam
2967 848 3240 902 corporeae
3279 843 3333 887 et

1773 921 2015 975 sensibili
2043 922 2278 976 materias
2299 922 2619 990 proximam.
2646 923 2812 978 Debet
2835 924 2980 977 enim
3004 926 3336 980 nosselheo-

1775 1010 1908 1064 riam
1966 1011 2201 1065 siderum
2246 1026 2461 1074 cursus,
2514 1011 2850 1077 velocitatis,
2899 1015 3334 1082 magnitudinum

1773 1101 2071 1156 formarum
2101 1117 2165 1156 ac
2190 1101 2600 1166 distantiarum;
2629 1103 2787 1156 debet
2828 1103 2988 1156 etiam
3023 1105 3336 1159 examinare

1774 1196 2046 1264 quomodo
2084 1194 2272 1249 oculos
2323 1193 2554 1248 alliciant
2607 1203 2774 1256 astra,
2829 1196 3198 1264 investigando
3237 1212 3337 1252 cur

1774 1304 1897 1342 cum
1918 1287 2120 1356 qualia,
2153 1296 2246 1340 aut
2273 1295 2476 1352 quanta
2525 1286 2632 1338 sint
2665 1286 2841 1339 sidera
2875 1286 3182 1349 observata,
3227 1303 3334 1340 non

1776 1382 1899 1436 talia
1957 1389 2213 1448 tantaque
2251 1393 2317 1432 ex
2377 1377 2524 1431 omni
2589 1378 2842 1431 distantia
2899 1379 3334 1446 conspiciantur,

1776 1488 1898 1527 cum
1937 1473 2051 1527 haec
2091 1480 2236 1526 astra
2285 1469 2501 1540 quidem
2534 1480 2749 1524 servent
2796 1479 3014 1525 mutuas
3063 1470 3336 1536 rationes,

1776 1565 1869 1619 sed
1907 1564 2192 1618 mendaces
2226 1570 2476 1631 aspectus
2498 1561 2609 1615 sive
2648 1562 2877 1623 ordinis,
2920 1563 3033 1615 sive
3079 1561 3340 1630 positura'

1775 1653 2028 1709 efﬁciant.
2055 1654 2318 1722 Aspectus
2344 1652 2480 1706 tales
2501 1652 2758 1716 siderum,
2784 1652 2944 1706 modo
2968 1652 3086 1706 caeli
3114 1661 3168 1706 et
3198 1651 3342 1707 aeris

161 1753 247 1814 τοῖς
273 1749 432 1814 λείοις,
476 1752 580 1804 κάν
621 1754 730 1816 τοῖς
753 1752 1028 1821 διαφανέσι
1048 1755 1105 1807 δὲ
1137 1754 1243 1807 τῶν
1265 1758 1555 1827 ὁρωμένων
1583 1759 1678 1812 καὶ

1798 1756 1951 1802 datus
1987 1746 2337 1812 determinat,
2382 1746 2543 1801 modo
2584 1747 2822 1815 specula,
2870 1754 2965 1800 aut
3017 1747 3193 1800 omnis
3245 1761 3341 1800 su-

161 1843 538 1914 τοιουτοτρόποις
578 1843 808 1914 σώμασι.
849 1845 992 1916 Πρὸς
1023 1845 1229 1912 τούτοις
1264 1849 1560 1920 μηχανικὸν
1602 1846 1677 1904 εἷ-

161 1949 226 1985 ναι
245 1932 322 1985 τὸν
347 1933 512 2005 ἄνδρα
541 1935 648 1987 δεῖν
680 1933 849 2005 ῷοντο
880 1938 973 1991 καὶ
1004 1939 1269 2010 γεωδέτην
1307 1943 1401 1995 καὶ
1441 1941 1673 2011 λογικόν.

165 2024 256 2076 Ἔτι
291 2023 341 2077 δὲ
369 2025 456 2078 καὶ
501 2026 630 2097 περὶ
663 2027 761 2091 τὰς
792 2029 970 2093 αίτίας
1001 2033 1099 2104 τῆς
1137 2033 1407 2102 ἐμμελοῦς
1438 2035 1685 2107 κράσεως

162 2113 243 2165 τῶν
269 2115 502 2184 φθόγγων
526 2118 620 2172 καὶ
642 2119 741 2189 τῆς
765 2121 892 2193 περὶ
913 2123 1071 2193 μέλος
1105 2126 1405 2192 συνθέσεως
1432 2129 1685 2200 ἀσχολού-

164 2220 308 2271 μενον,
337 2205 471 2278 ἅπερ
505 2206 735 2278 σώματά
759 2212 924 2274 ἐστιν,
953 2213 1104 2286 ῆτήν
1130 2233 1192 2284 γε
1218 2218 1452 2290 ἐσχάτην
1482 2220 1680 2290 ἀναφο-
1720 2233 1722 2236 ’

164 2297 240 2366 ph
263 2299 342 2352 ἐπὶ
372 2300 466 2372 τὴν
497 2304 762 2376 αἰσθητὴν
795 2304 925 2376 ὓλην
955 2312 1199 2364 ποιεῖται

213 2453 268 2506 Τί
286 2455 392 2509 ἐστι
424 2457 778 2532 μαθηματική

212 2546 560 2622 Μαθηματική
590 2554 734 2607 ζεστιν
767 2557 1042 2630 ἐπιστήμη
1073 2559 1374 2633 θεωρητικὴ
1402 2562 1479 2634 τῷ
1507 2566 1687 2638 νοήσει

162 2651 206 2688 τε
253 2640 332 2690 καὶ
377 2642 624 2714 αἰσθήσει
677 2647 1210 2721 καταλαμϐανομένῳ
1264 2653 1399 2725 πρὸς
1449 2655 1545 2726 τὴν
1581 2657 1688 2711 τῶν

162 2731 530 2788 ὑποπιπτόντων
555 2735 718 2792 δόσιν.
748 2740 883 2810 Ἤδη
907 2740 1442 2814 δὲχαριεντιζόμενός
1475 2761 1558 2812 τις
1573 2747 1688 2818 ἅμα

164 2824 235 2926 καὶ
250 2823 330 2877 τοῦ
371 2828 574 2881 σκοποῦ
611 2831 890 2902 τυγχάνων
934 2834 1319 2907 μαθηματικὴν
1351 2837 1453 2908 ἔφη
1487 2841 1690 2914 ταύτην

162 2928 288 2970 ειναι.

245 3052 284 3102 τ’
321 3053 483 3133 γη
513 3053 641 3133 (te:
657 3055 856 3133 πρῶτα
885 3060 1259 3133 κορύσσεταυ
1285 3063 1472 3133 αὐτὰρ
1492 3067 1692 3121 ἔπειτα

165 3122 367 3194 οἱφανῷ
389 3122 672 3192 ἐστήριξε
699 3122 849 3194 κάρα
884 3122 982 3181 κά).
1017 3130 1115 3183 ἐπὶ
1145 3133 1313 3199 χθονὶ
1333 3122 1550 3198 βαίνει.

648 3214 786 3271 Hou.
818 3216 988 3274 Iliad.
1018 3235 1090 3285 tv,
1125 3223 1230 3277 442
1255 3233 1309 3278 et
1335 3227 1462 3281 445.

168 3365 383 3436 Ἀρχεται
431 3371 537 3438 μὲν
575 3372 683 3440 γὰρ
722 3369 832 3422 ἀπὸ
864 3369 1090 3442 σημείου
1127 3373 1221 3425 καὶ
1251 3375 1546 3446 γραμμῆς,
1579 3372 1696 3430 εἶτα

164 3455 207 3507 δὲ
249 3459 334 3528 τὴν
377 3459 610 3532 οὐρανοῦ
667 3460 762 3512 καὶ
819 3463 1149 3532 συμπάντων
1194 3464 1500 3535 ἀσχολεῖται
1561 3485 1699 3539 πρα-

165 3552 366 3619 γμάτων.

221 3644 346 3698 Πόσα
373 3646 508 3717 μέρη
561 3644 946 3717 μαθηματικῆς
966 3664 982 3708 ;

219 3737 313 3807 Τῆς
347 3740 437 3808 μὲν
488 3739 825 3810 τιμιωτέρας
881 3741 975 3792 καὶ
1017 3738 1237 3813 πρώτης
1278 3740 1701 3815 ὁλοσχερέστερα

171 3829 282 3900 μέρη
310 3830 396 3884 δύο
433 3830 772 3903 ἀριθμητικὴ
812 3832 906 3884 καὶ
937 3832 1264 3902 γεωμετρία.
1319 3833 1431 3903 Τῆς
1477 3834 1533 3887 δὲ
1577 3839 1707 3907 περὶ

165 3923 218 3973 2‘1
240 3923 450 3993 αἰσθητὰ
479 3922 882 3994 ἀσχολουμένης
905 3921 993 3988 ἓξο
1013 3925 1046 3993 ἡ
1077 3923 1353 3997 λογιστικὴ
1369 3965 1384 3988 ,
1418 3929 1703 4010 γεωδεσία⁹

167 4011 347 4086 ὀπτικὴ,
378 4015 637 4085 κανονικὴ
658 4055 672 4077 ,
711 4015 1017 4086 μηχανικὴ,
1063 4016 1451 4088 ἀστρονομική.
1496 4019 1615 4072 ’Ὀτι
1649 4019 1705 4072 δὲ

167 4107 213 4156 τὸ
228 4109 459 4161 τακτικὸν
485 4107 820 4178 καλούμενον
841 4106 964 4161 οὔτε
992 4108 1052 4160 τὸ
1085 4109 1542 4180 ἁρχιτεκτονικὸν,
1575 4109 1700 4164 οὔτε

167 4197 215 4248 τὸ
233 4199 456 4269 όημῶδες
484 4198 817 4271 μουσικὸν.ἧ
852 4200 909 4253 τὸ
934 4200 1062 4270 περὶ
1088 4200 1186 4263 τὰς
1218 4200 1427 4268 φύσεις,
1451 4202 1564 4256 ἀλλ’
1587 4204 1706 4257 οὐδὲ

167 4288 216 4339 τὸ
229 4291 510 4362 ὁμωνύμως
532 4291 861 4362 καλούμενον
888 4293 1205 4366 μηχανικὸν,
1225 4293 1298 4357 ὡς
1319 4293 1516 4348 οἴονταί
1541 4313 1704 4360 τινες,

172 4379 287 4451 μέρη
319 4382 699 4454 μαθηματικῆς
742 4384 869 4447 είσι,
911 4384 1189 4453 προϊόντος
1210 4384 1301 4438 τοῦ
1333 4385 1492 4454 λόγου
1522 4387 1707 4456 σαφῶς

168 4485 215 4522 τε
237 4474 318 4526 καὶ
344 4475 656 4546 ἐμμεθόδως
685 4475 946 4545 δείξομεν.

227 4697 330 4750 Ὀτι
358 4699 386 4750 ό
416 4699 614 4763 κύκλος
641 4699 750 4769 ἔχει
782 4701 1004 4771 στερεὰς
1034 4701 1129 4772 μὲν
1154 4706 1224 4770 η’,
1267 4700 1494 4754 ἐπίπεδα
1525 4700 1581 4754 δὲ
1613 4701 1693 4766 ἓξ,

171 4788 339 4852 γωνίας
364 4790 418 4843 δὲ
448 4791 495 4845 δ’
508 4832 521 4843 .

227 4879 344 4932 Τίνα
373 4881 482 4934 τίσι
508 4881 856 4954 προσεγγίζει
880 4881 989 4937 τῶν
1023 4883 1389 4956 μαθημάτων;

227 4965 518 5039 Συνεγγίςει
550 4973 747 5043 μᾶλλον
771 4975 839 5044 τῇ
873 4973 971 5043 μὲν
1002 4974 1324 5048 ἁριθμετικῇ
1350 4978 1383 5047 ὴ
1417 4974 1702 5050 λογιστική

172 5057 249 5110 ml.
271 5061 300 5130 ἡ
326 5066 600 5138 κανονικήο
631 5066 726 5120 καὶ
756 5067 866 5138 γὰρ
895 5065 1032 5138 αὕτη
1063 5069 1121 5120 ὲν
1155 5069 1411 5140 ποσότητι
1459 5069 1701 5124 λαϐοῦσα

175 5151 290 5203 κατᾶ
307 5153 490 5224 λόγους
512 5197 528 5221 ,
577 5157 842 5229 ἀριθμοὺς
867 5159 960 5213 καὶ.
999 5159 1284 5227 ἀναλογίας
1331 5161 1594 5232 πρόσεισι.
1621 5163 1699 5234 Τῇ

173 5238 218 5292 ἴε
241 5249 537 5322 γεωμετρίᾳ
570 5251 602 5321 ἠ
627 5252 825 5324 ὀπτικὴ
852 5254 944 5306 καὶ
965 5255 998 5326 ἡ
1020 5254 1298 5323 γεωδεσία.
1346 5253 1703 5326 Ἀμφοτέραις

173 5327 217 5380 δὲ
243 5337 324 5387 καὶ
347 5338 435 5390 ἐπὶ
461 5339 620 5394 πλέον
643 5342 676 5413 ἡ
709 5343 979 5416 μηχανικὴ
1002 5345 1096 5399 καὶ
1122 5348 1156 5418 ή
1194 5343 1573 5417 ἀστρολογικὴ.

230 5426 386 5499 Ὀτιή
419 5430 770 5504 μαθηματικὴ
791 5434 890 5498 τὰς
919 5435 1090 5508 ἀρχὰς
1125 5437 1222 5508 μὲν
1254 5437 1368 5508 ἔχει
1410 5437 1469 5503 ἐξ
1510 5435 1704 5491 ὑπόθε-

180 5529 288 5580 πως
311 5521 397 5574 καὶ
429 5522 559 5592 περὶ
587 5524 856 5580 ὑπόθεσιν.
879 5527 1105 5596 Λέγεται
1131 5529 1186 5582 δὲ
1216 5529 1467 5591 ὑπόθεσις
1499 5529 1700 5601 τριχῶς

513 5657 783 5723 Parnm"
836 5660 951 5722 Gn.
1000 5663 1080 5724 Χ.

1780 1839 2025 1909 perﬁcies
2044 1838 2230 1908 polita,
2256 1839 2336 1893 vel
2363 1839 2771 1902 translucentia,
2789 1839 2871 1892 vel
2897 1838 2999 1892 alia
3032 1837 3340 1906 hujusmodi

1782 1944 2008 1998 corpora
2035 1931 2390 1985 constituunt.
2422 1930 2790 1986 Machinarum
2821 1931 3043 1998 insuper
3069 1930 3342 1983 hominem

1782 2022 2012 2090 peritum
2042 2035 2163 2075 esse
2187 2021 2442 2074 volebant
2482 2036 2582 2075 nec
2624 2035 2734 2073 non
2775 2027 3102 2089 geometram
3134 2034 3199 2072 ac
3222 2018 3341 2072 dia—

1783 2111 2064 2176 lecticum;
2091 2109 2224 2178 quin
2254 2111 2418 2165 etiam
2459 2111 2792 2182 symphonia:
2824 2124 3041 2174 vocum,
3083 2125 3146 2165 ac
3191 2124 3343 2164 com-

1783 2202 2070 2273 positionis
2119 2201 2356 2256 musices
2399 2203 2581 2257 causis
2626 2217 2846 2272 operam
2890 2201 3200 2272 impendere
3250 2201 3346 2254 dc-

1784 2294 1912 2360 bet;
1956 2309 2078 2363 quae
2113 2295 2330 2363 quidem
2372 2294 2555 2348 omnia
2597 2308 2824 2362 corpora
2867 2305 3016 2358 sunt,
3065 2293 3151 2347 vel
3194 2308 3346 2348 sum-

1788 2402 1934 2442 mam
1965 2386 2180 2455 quidem
2209 2401 2331 2441 cum
2359 2385 2599 2441 sensibili
2633 2386 2857 2440 materia
2899 2384 3213 2440 relationem
3244 2385 3346 2438 ba-

1789 2481 1938 2536 bent.

1859 2570 1999 2637 Quid
2023 2570 2094 2627 sit
2127 2570 2585 2626 mathemathica?

1859 2645 2236 2718 Mathematica
2257 2670 2338 2717 est
2367 2662 2587 2716 scientia
2609 2661 2846 2717 theorica
2863 2677 3041 2718 rerum
3059 2677 3181 2732 qua:
3195 2660 3351 2717 intela

1791 2753 2023 2825 ligentiaa
2036 2760 2089 2808 et
2104 2767 2360 2808 sensuum
2378 2761 2536 2821 captu
2555 2746 2944 2818 percipiuntur,
2955 2761 3141 2804 earum
3155 2763 3212 2808 ut
3230 2753 3352 2806 aliis

1793 2845 1983 2900 notitia
2013 2844 2275 2900 tradatur.
2313 2842 2542 2898 Facetus
2571 2843 2788 2912 quidam
2807 2885 2822 2907 ,
2853 2859 3108 2898 successu
3152 2845 3352 2909 elatus,

1795 2935 2235 2991 mathematicam
2268 2933 2400 2987 dicit
2426 2947 2547 2988 esse
2577 2933 2718 2986 banc
2743 2933 3022 2987 scientiam
3045 2973 3063 2998 ,
3093 2948 3215 3002 qua

1867 3067 2043 3122 Parva
2077 3075 2216 3120 metu
2241 3065 2430 3135 primo,
2462 3080 2583 3118 mox
2610 3081 2718 3119 sese
2747 3064 2938 3117 attollit
2959 3065 3025 3135 Ain
3048 3081 3208 3118 auras
3231 3106 3249 3128 ,

1720 3163 1763 3221 ο
1868 3133 2267 3208 Ingrediturque
2290 3135 2424 3199 solo,
2455 3146 2504 3188 et
2537 3145 2692 3204 caput
2717 3136 2855 3188 inter
2876 3133 3056 3186 nubila
3081 3136 3281 3188 condit.

2417 3225 2594 3296 (Vino.
2634 3226 2849 3281 zEneid.
2877 3241 2950 3291 Iv,
2983 3227 3105 3293 176,
3138 3226 3283 3296 177).

1865 3388 2058 3458 lncipit
2078 3388 2222 3442 enim
2246 3401 2277 3440 a
2299 3393 2499 3455 puncto
2520 3394 2574 3440 et
2596 3385 2758 3452 linea,
2787 3400 2913 3441 mox
2948 3385 3148 3442 caelum
3179 3388 3356 3458 ipsum

1797 3496 1860 3534 ac
1886 3481 2067 3535 omnia
2104 3478 2465 3550 amplectitur.

1869 3667 2010 3734 Quot
2037 3669 2426 3724 mathematica:
2457 3669 2676 3739 partes?

1869 3757 2160 3813 Nobilioris
2185 3759 2404 3829 quidem
2434 3770 2487 3815 et
2509 3761 2705 3830 prioris
2739 3762 3134 3818 mathematicae
3179 3774 3362 3833 partes

1804 3854 2086 3922 praecipua:
2101 3855 2218 3908 duae
2232 3863 2388 3908 sunt:
2412 3853 2744 3912 arithmetica
2768 3852 3360 3929 scilicet'etgeometria.

1803 3941 2192 3997 Mathematica:
2205 3957 2334 3996 vero
2348 3957 2468 4011 qua:
2484 3945 2756 4000 scnsibilia
2773 3947 3115 4016 amplectitur
3131 3963 3222 4002 sex
3243 3965 3365 4016 par-

1805 4044 1886 4087 tes
1928 4033 2153 4095 adsunt,
2191 4031 2395 4088 scilicet
2437 4035 2804 4103 computatio,
2847 4038 3127 4107 geodesia,
3165 4041 3363 4108 optica,

1806 4125 2032 4188 musica,
2061 4124 2394 4186 mechanica,
2416 4127 2783 4190 astronomia;
2814 4129 2958 4198 quod
2994 4140 3173 4184 autem
3192 4146 3366 4200 neque

1807 4215 2025 4276 tactica,
2055 4229 2228 4284 neque
2259 4214 2640 4281 architectura,
2671 4231 2845 4286 neque
2871 4219 3105 4288 vulgaris
3135 4221 3366 4284 musica,

1809 4319 1981 4374 neque
2005 4303 2244 4375 physica,
2274 4318 2450 4372 neque
2473 4305 2636 4360 etiam
2666 4322 2757 4362 ars
2781 4307 2871 4362 illa
2893 4323 3015 4378 qua:
3045 4315 3366 4381 homouyme

1809 4405 2033 4451 vocatur
2077 4395 2420 4459 mechanica,
2471 4399 2866 4454 mathematicae
2907 4399 3014 4453 sint
3060 4409 3272 4468 partes,
3311 4410 3366 4454 ut

1737 4499 1779 4553 ι)
1807 4489 2025 4559 quidatn
2064 4486 2324 4552 credunt,
2372 4487 2513 4543 infra
2553 4490 2824 4545 sermonis
2864 4490 3073 4545 lucidus
3104 4492 3237 4546 ordo
3276 4492 3364 4546 dc-

1805 4580 2148 4635 monstrabit.

1871 4695 2027 4762 Quod
2056 4695 2292 4751 circulus
2323 4694 2482 4750 habet
2525 4693 2696 4749 solida
2731 4702 2873 4758 octo,
2908 4697 3222 4765 superficies
3251 4713 3368 4763 sex,

1803 4788 2030 4858 angulos
2050 4797 2397 4858 quatuor.....

1877 4877 2012 4944 Quae
2035 4878 2233 4947 quibus
2258 4876 2652 4931 mathematica:
2673 4876 2915 4944 partibus
2939 4876 3186 4944 proxima
3209 4875 3236 4930 2

1880 4970 2247 5027 Ατὶιὴιῐιειὶοαι
2288 4969 2566 5040 propiores
2613 4975 2741 5022 sunt
2789 4969 3120 5036 computatio
3163 4978 3217 5022 et
3255 4983 3362 5023 mu-

1809 5062 1960 5130 sica;
1993 5063 2108 5124 haec
2137 5063 2282 5117 enim
2316 5059 2636 5130 quantitatis
2655 5058 2927 5129 particeps
2950 5060 3248 5115 secundum
3283 5078 3356 5116 ra-

1813 5158 2008 5221 tiones,
2029 5169 2283 5210 numeros
2304 5165 2356 5208 et
2376 5152 2678 5222 analogiam
2697 5152 2773 5206 illi
2795 5155 3210 5226 appropinquat.
3229 5154 3360 5212 Geo-

1811 5250 2021 5305 metriae
2051 5263 2179 5304 vero
2205 5245 2492 5302 viciniores
2515 5244 2691 5314 Optica
2720 5255 2775 5300 et
2795 5246 3066 5317 geodesia.
3093 5246 3372 5306 Ambabus

1808 5353 1989 5398 autem
2028 5339 2287 5412 proximat
2323 5336 2637 5393 mechanica
2669 5343 2723 5391 et
2756 5338 3070 5408 astrologia.

1880 5432 2035 5500 Quod
2075 5429 2457 5486 mathematica
2487 5427 2752 5498 principia
2786 5427 2944 5483 habet
2977 5431 3044 5482 ab
3087 5429 3367 5500 hypothcsi

1811 5533 1864 5582 et
1898 5525 2043 5582 circa
2080 5522 2425 5594 hypothesin.
2452 5520 2659 5577 Dicitur
2681 5520 2995 5591 hypothesis
3025 5521 3216 5592 triplex
3236 5563 3251 5589 ,
3285 5525 3368 5580 vel
