3882 6480
524 248 628 307 235

1586 242 2088 304 THEOGNOSTUS
2121 247 2675 307 ALEXANDRINUS.
3627 256 3718 311 136

523 375 685 427 etiam
747 372 1045 442 multiplex.
1102 370 1261 425 Juxta
1324 372 1560 440 primum
1623 370 1844 425 modum
1911 372 2070 440 hypo«

2187 371 2219 441 ἢ
2252 372 2343 426 καὶ
2380 373 2676 445 πολλαχῶς.
2724 373 2861 427 Καθ’
2897 373 2992 427 ἕνα
3021 374 3120 445 μὲν
3145 372 3343 446 τρόπον
3372 375 3405 445 ὴ
3437 374 3721 447 δραματικὴ

525 468 745 521 theseon
797 464 1093 519 dramatica
1145 463 1403 533 peripetia
1466 471 1547 517 est
1598 480 1609 514 :
1658 464 1737 517 sic
1806 460 2080 531 Euripidis

524 556 800 627 tragmdia:
860 556 1184 627 hypotheses
1242 569 1364 610 esse
1424 554 1697 609 dicuntur.
1762 553 1918 607 Juxta
1994 569 2079 609 se-

521 649 750 701 cundam
797 646 1243 715 signlﬁcationem
1291 646 1344 699 in
1394 644 1660 699 rhetorica
1687 646 1949 713 reperitur
1992 661 2079 701 re-

520 757 639 794 rum
675 741 725 793 in
752 741 927 808 specie
956 738 1285 807 disquisitio,
1320 737 1613 792 secundum
1637 753 1799 807 quam
1824 740 2078 808 SOphistze

518 834 704 886 dicunt
747 832 1047 901 ponendam
1088 845 1207 885 esse
1258 830 1603 901 hypothesin.
1655 830 1816 883 Juxta
1862 830 2074 884 tertiam

520 923 962 992 signiﬁcationem
1013 922 1323 991 hypothesis
1372 920 1573 974 dicitur
1615 921 1938 990 principium
1986 921 2079 975 de-

519 1014 949 1077 monstrationis,
968 1014 1155 1082 petitio
1172 1027 1351 1067 rerum
1376 1014 1427 1067 in
1456 1015 1828 1083 probationem
1852 1012 2080 1082 alicujus

516 1105 840 1174 argumenti.
889 1103 1016 1167 Sic,
1064 1113 1123 1157 ut
1165 1103 1478 1172 perhibent,
1531 1104 1866 1159 Democritus
1914 1104 2081 1174 hypo-

517 1195 653 1249 thesi
685 1211 817 1249 usus
839 1204 941 1258 est,
965 1198 1162 1251 atomis
1189 1196 1391 1250 scilicet
1414 1204 1467 1249 ct
1498 1210 1703 1259 vacuo;
1738 1194 2078 1263 Asclepiades

516 1288 738 1341 materia
771 1298 821 1341 et
852 1288 1033 1356 poris;
1081 1274 1467 1341 mathematica
1494 1302 1623 1357 ergo
1662 1286 1816 1356 juxta
1860 1286 2075 1341 tertium

513 1393 732 1433 sensum
763 1379 1129 1448 hypothcseon
1161 1378 1443 1447 accipitur.

586 1471 738 1536 Quod
777 1471 1170 1526 arithmeticam
1200 1488 1307 1526 non
1352 1474 1500 1535 solus
1533 1472 1702 1527 coluit
1728 1470 2075 1543 Pythagoras,

515 1558 607 1612 scd
641 1558 801 1611 etiam
835 1558 1172 1613 celeberrimi
1201 1560 1318 1628 ejus
1347 1560 1621 1631 discipuli,
1650 1561 1741 1630 qui
1778 1560 1954 1615 dicere
1983 1576 2075 1616 so-

514 1652 698 1715 lebant
725 1669 739 1704 :

622 1741 811 1794 Omnia
847 1744 1153 1796 conveniunt
1186 1758 1490 1796 nantem...

581 1830 734 1896 Quod
758 1832 916 1887 ﬁnem
945 1834 1159 1903 quidem
1186 1835 1349 1889 habet
1372 1834 1676 1903 proximum
1706 1836 2071 1907 principaliter

511 1922 850 2004 arithmetica
885 1926 1233 1979 scientiarum
1269 1925 1557 1988 theoriam,
1594 1941 1698 1994 qua
1736 1927 1917 1981 nullus
1948 1927 2070 1981 ﬁnis

510 2016 685 2084 major
712 2025 803 2069 aut
836 2017 1113 2085 pulchrior
1135 2024 1235 2071 est.
1270 2017 1619 2086 Consequens
1646 2027 1823 2072 autem
1843 2018 1965 2074 ﬁnis
1989 2029 2071 2074 est

509 2108 758 2178 colligere
787 2109 949 2163 simul
976 2109 1235 2179 quidquid
1263 2110 1316 2163 in
1342 2110 1643 2165 substantia
1666 2110 1884 2166 deﬁnita
1922 2113 2070 2169 inve-

506 2201 671 2255 nitur.

577 2292 710 2358 Quis
732 2291 934 2361 aliquid
961 2291 1167 2346 invenit
1194 2291 1333 2346 inter
1368 2293 1815 2348 mathematicos?

577 2384 644 2439 Ut
673 2384 943 2439 Eudemus
972 2396 1177 2451 narrat,
1204 2365 1257 2439 in
1292 2385 1589 2456 Astrologia
1623 2402 1741 2449 sua,
1764 2382 2067 2455 (Euopides

504 2475 710 2531 invenit
761 2477 971 2546 primus
1028 2478 1235 2533 zodiaci
1283 2478 1569 2544 circulum,
1617 2488 1670 2534 et
1713 2481 1840 2534 anni
1886 2481 2067 2548 magni

502 2568 949 2635 conversionem;
1000 2568 1196 2625 Thales
1250 2570 1380 2624 solis
1413 2570 1656 2641 eclipsim
1690 2613 1705 2637 ,
1746 2582 1799 2626 et
1846 2588 2065 2628 cursum

502 2660 621 2730 ejus
654 2659 794 2714 inter
824 2661 1078 2731 tropicos,
1109 2677 1323 2730 semper
1359 2662 1442 2717 sui
1470 2663 1818 2730 dissimilem;
1866 2662 2065 2718 Anaxi-

503 2752 729 2806 mander
760 2761 958 2807 terram
1000 2768 1121 2808 esse
1162 2768 1360 2823 corpus
1406 2754 1660 2809 libratum
1710 2757 1765 2811 in
1811 2770 1965 2821 aere,
2014 2765 2068 2811 et

503 2842 648 2895 circa
690 2842 875 2897 mundi
921 2858 1075 2897 axem
1117 2844 1351 2911 moveri;
1404 2845 1763 2901 Anaximenes
1806 2846 1988 2901 lunam
2034 2863 2065 2902 a

503 2934 617 2989 sole
656 2934 837 2988 lumen
894 2936 1181 3004 accipere,
1240 2943 1294 2990 et
1352 2936 1570 2990 modum
1624 2936 1861 2992 defectus
1912 2938 2060 3007 ejus;

504 3026 682 3079 caeteri
706 3040 834 3080 vero
863 3026 951 3081 his
989 3027 1119 3081 olim
1160 3027 1394 3085 inventis
1423 3028 1640 3084 inventa
1688 3029 1790 3084 alia
1841 3030 2062 3085 addide-

502 3125 648 3171 runt.

571 3209 724 3275 Quod
752 3210 925 3280 primo
952 3212 1128 3267 sidera
1156 3211 1262 3267 ﬁxa
1298 3222 1583 3268 moventur
1618 3215 1762 3270 circa
1788 3230 1941 3270 axem
1969 3230 2065 3285 per

2186 466 2523 535 περιπέτεια,
2552 465 2670 518 καθ’
2697 465 2754 518 ὃν
2780 466 3024 534 λέγονται
3048 460 3186 520 εἶναι
3214 467 3489 530 ὑποθέσεις
3506 465 3606 519 τῶν
3627 468 3720 519 E5-

2186 556 2392 626 ριπίδου
2436 557 2744 628 δραμάτων.
2792 557 2927 610 Καθ’
2966 558 3147 627 ἕτερον
3179 559 3235 611 δὲ
3276 557 3653 629 σημαινόμενον
3691 559 3721 628 ἡ

2184 649 2241 699 ὲν
2279 650 2536 719 ῥητορικῇ
2567 649 2673 701 τῶν
2704 650 2794 701 ἐπὶ
2820 649 3015 720 μέρους
3040 649 3290 721 ζήτησις,
3326 649 3443 702 καθ’
3472 649 3529 701 ὃν
3554 648 3723 716 λέγου-

2187 756 2267 791 σιν
2295 741 2343 791 oi
2372 740 2619 809 σοφισταὶ
2648 740 2826 793 θετέον
2850 740 3118 794 ὑπόθεσιν.
3154 739 3308 793 Κατά
3332 740 3387 792 δὲ
3402 739 3581 809 τρίτην
3607 740 3724 791 ὑπο.

2182 830 2340 902 ϐολὴν
2370 831 2623 895 ὑπόθεσις
2658 832 2872 901 λέγεται
2907 834 2939 903 ἡ
2987 834 3124 905 ἀρχὴ
3151 834 3248 904 τῆς
3280 830 3619 894 ἀποδείξεως,
3651 832 3719 883 ai-

2180 941 2337 995 τησις
2368 919 2502 977 οὖσα
2537 925 2874 996 πραγμάτων
2908 926 2985 986 είς
3014 926 3357 995 κατασκευήν
3396 940 3553 986 τινος.
3584 921 3721 974 Οὕτω

2184 1015 2281 1086 μὲν
2326 1014 2539 1083 λέγεται
2585 1016 2920 1088 Δημόκριτον
2961 1017 3212 1069 ὑποθέσει
3256 1015 3489 1087 χρῆσθαι
3520 1014 3721 1085 ἀτόμοις

2181 1104 2272 1157 καὶ
2309 1105 2468 1175 κενῷ,
2499 1106 2589 1158 καὶ
2644 1106 3038 1177 Ἀσκληπιάδης
3073 1106 3255 1174 ὄγκοις
3297 1107 3389 1159 καὶ
3416 1105 3614 1175 πόροις.
3665 1105 3720 1157 Ἠ

2180 1190 2273 1247 οὖν
2290 1194 2641 1267 μαθηματικὴ
2672 1196 2800 1267 περὶ
2826 1198 2923 1268 τὴν
2947 1197 3135 1267 τρίτην
3167 1197 3391 1266 εῖληται.

2254 1465 2374 1516 Ὅτι
2411 1463 2507 1533 τὴν
2533 1464 2894 1535 ἀριθμητικὴν
2926 1464 2984 1516 οὐ
3016 1463 3173 1533 μόνος
3204 1464 3363 1534 ἐτίμα
3401 1464 3719 1535 Πυθαγόρας⁹

2183 1553 2315 1609 ἀλλά
2344 1554 2436 1608 καὶ
2461 1554 2509 1607 οἱ
2540 1554 2727 1607 τούτου
2758 1554 3021 1625 γνώριμοι
3054 1554 3407 1621 ἐπιλέγοντες*

2387 1644 2616 1715 ,ἀριθμῶ
2641 1645 2708 1699 δὲ
2734 1664 2795 1700 τε
2826 1648 2993 1701 παντ’
3030 1646 3319 1700 ἐπέοικεν.

2248 1846 2365 1900 Ὀτι
2391 1846 2541 1909 τέλος
2579 1846 2675 1916 μὲν
2708 1846 2820 1915 ἔχει
2853 1845 3137 1899 ἀκόλουθον
3178 1845 3510 1917 ἀριθμητικὴ
3543 1846 3724 1916 κυρίως

2183 1939 2300 2010 μὲν,
2332 1938 2431 2007 τὴν
2462 1938 2888 2010 ἐπιστημονικὴν
2921 1937 3150 2009 θεωρίαν
3177 1933 3244 2009 ἦς
3272 1938 3420 1991 οὐδὲν
3443 1938 3592 2001 τέλος
3616 1937 3722 1991 οὔτε

2179 2028 2361 2098 μεῖζον
2389 2025 2513 2080 οὔτε
2543 2027 2758 2080 κάλλιόν
2794 2030 2958 2080 ἐστιν.
3000 2027 3306 2097 Ἐπομένως
3334 2028 3412 2089 δὲ,
3441 2028 3724 2099 συλλήϐδην

2174 2118 2499 2173 καταλαϐεῖν
2530 2118 2670 2171 πόσα
2689 2120 2752 2189 τῇ
2785 2117 3058 2190 ὡρισμένῃ
3091 2118 3248 2188 οὐσίᾳ
3270 2118 3628 2190 συμϐέᾶηκεν.

2243 2296 2338 2360 Τίς
2370 2314 2424 2349 τι
2444 2287 2600 2368 εὗρεν
2623 2296 2681 2347 ὲν
2706 2295 3129 2365 μαθηματικοϊς;

2242 2389 2488 2459 Εὔδημος
2519 2388 2718 2457 ἱστορεῖ
2751 2387 2810 2438 ὲν
2833 2388 2951 2449 ταῖς
2978 2387 3377 2458 ἀστρολογίαις,
3408 2384 3495 2436 ὅτι
3524 2385 3717 2438 Οἰνοπίο

2172 2482 2268 2553 δης
2298 2474 2420 2553 εὗρε
2452 2478 2666 2550 πρῶτος
2692 2477 2789 2547 τὴν
2817 2475 2911 2528 τοῦ
2941 2476 3203 2541 ζωδιακοῦ
3236 2474 3491 2539 διάζωσιν
3524 2476 3611 2527 καὶ
3639 2475 3722 2544 τὴν

2171 2573 2265 2626 τοῦ
2328 2571 2557 2643 μεγάλου
2611 2567 2855 2621 ἐνιαυτοῦ
2913 2568 3246 2639 περίστασιν.
3289 2566 3473 2636 Θαλῆς
3503 2567 3558 2619 δὲ
3590 2568 3722 2637 ἡλίου

2172 2664 2402 2733 ἔλλειψιν
2450 2662 2543 2716 καὶ
2573 2659 2670 2731 τὴν
2701 2659 2839 2713 κατά
2882 2658 3088 2729 τροπὰς
3128 2657 3291 2712 αὑτοῦ
3338 2658 3607 2729 περίοδον.
3660 2657 3723 2719 ὡς

2170 2756 2269 2809 οὐκ
2305 2755 2399 2825 ἴση.
2421 2755 2506 2807 ἀεὶ
2534 2750 2842 2823 σμμϐαίνει.
2893 2748 3302 2819 Ἀναξίμανδρος
3331 2748 3387 2800 δὲ
3411 2749 3498 2801 ὅτι
3534 2749 3669 2801 ἐστὶν
3694 2749 3721 2817 ἡ

2170 2848 2241 2918 γῆ
2270 2846 2538 2918 μετέωρος
2563 2843 2657 2897 καὶ
2690 2844 2917 2896 κινεῖται
2947 2841 3074 2911 περὶ⁵
3103 2839 3163 2891 τὸ
3189 2838 3281 2891 τοῦ
3312 2839 3517 2909 κόσμου
3554 2838 3718 2909 μέσον.

2183 2938 2533 3009 Ἀναξιμένης
2568 2936 2656 3000 δὲ,
2708 2935 2789 2986 ὅτι
2825 2936 2857 3003 ή
2894 2932 3088 3002 σελήνη
3131 2933 3195 2984 ἐκ
3230 2929 3323 2983 τοῦ
3350 2930 3508 3001 ἡλίου
3541 2930 3647 3000 ἔχει
3672 2928 3722 2980 τὸ

2173 3032 2288 3102 φῶς
2315 3030 2408 3083 καὶ
2436 3029 2560 3082 τίνα
2595 3026 2831 3079 ἐκλείπει
2856 3025 3074 3096 τρόπον.
3114 3024 3177 3075 Οἱ
3205 3022 3261 3075 δὲ
3297 3022 3474 3076 λοιποὶ
3514 3021 3719 3091 ἐξευρη-

2086 3133 2127 3190 C
2164 3124 2348 3197 μένοις
2375 3120 2579 3182 τούτοις
2606 3116 2869 3181 ἐπέταξαν
2894 3116 3074 3187 ἕτερα.

2238 3219 2358 3271 Ὅτι
2382 3216 2431 3267 οἱ
2462 3212 2715 3274 ἀπλανεῖς
2743 3208 3011 3263 κινοῦνται
3033 3206 3159 3280 περὶ
3192 3205 3281 3259 τὸν
3306 3204 3393 3258 διὰ
3423 3204 3531 3257 τῶν
3562 3204 3720 3257 πόλων

502 3303 656 3371 polos
704 3312 1105 3368 transeuntem;
1152 3306 1389 3361 secundo
1422 3308 1565 3376 quod
1608 3308 1847 3362 errantia
1888 3308 2064 3363 sidera

2187 3308 2327 3374 ἱξονα
2357 3305 2602 3376 μένοντα,
2635 3305 2683 3355 οί
2708 3302 2764 3355 δὲ
2788 3298 3122 3370 πλανώμενοι
3148 3299 3274 3369 περὶ
3292 3298 3383 3350 τὸν
3411 3297 3506 3350 τοῦ
3546 3296 3720 3361 ζωδια-

504 3394 648 3447 circa
686 3398 1179 3464 perpendicularem
1218 3413 1372 3453 axem
1411 3400 1617 3454 zodiaci
1656 3415 1775 3454 sese
1814 3399 2061 3469 fugiunt;

503 3486 647 3553 quod
687 3487 900 3541 demum
945 3489 1173 3543 ﬁxorum
1212 3499 1265 3544 et
1302 3491 1597 3545 errantium
1635 3492 1871 3545 siderum
1911 3492 2064 3555 axis,

502 3576 921 3647 penledecagoui
967 3580 1105 3637 latus
1148 3590 1249 3644 est,
1293 3581 1438 3654 quod
1468 3581 1627 3637 habet
1652 3582 1851 3652 gradus
1879 3582 2066 3651 viginti

502 3675 754 3735 quatuor.

2166 3397 2264 3453 κοῦ
2296 3397 2429 3468 πρὸς
2449 3396 2609 3466 ὀρθὰς
2639 3394 2765 3447 ὄντα
2787 3393 2948 3459 ἄξονα
2974 3388 3118 3459 αὐτῷ
3149 3389 3441 3458 ἀπέχουσιν
3470 3388 3715 3459 ἀλλήλων·

2166 3490 2247 3541 ὅτι
2284 3487 2375 3540 τὸν
2420 3486 2527 3539 τῶν
2559 3484 2809 3540 ἀπλανῶν
2864 3482 2955 3537 καὶ
3010 3481 3115 3534 τῶν
3165 3479 3531 3549 πλανωμένων
3573 3479 3719 3543 ἄξονα

2172 3575 2735 3646 πεντεκαιδεκαγώνου
2766 3574 3001 3643 πλευρὰν
3032 3570 3086 3623 οἵ
3107 3571 3209 3622 είσι
3235 3572 3415 3641 μοῖραι
3441 3569 3719 3623 εἰκοσιτέσ⁹

2173 3686 2352 3742 σαρες.

515 3830 3708 3863 Μ

1647 4000 1831 4043 ειιιοΔ
1872 3999 2096 4043 ΔΝΝΟΜ
2155 3999 2384 4043 DOMINI
2438 3999 2597 4040 CCLX

612 4135 2012 4297 THEOGNOSTUS
2173 4131 3637 4293 ALEXANDRINUS

1845 4528 2449 4649 NOTITIA
2532 4552 2539 4561 '

1242 4718 1531 4783 (GALLAND.,
1576 4716 1869 4771 Bibliotheca
1905 4722 2116 4770 veterum
2136 4716 2362 4778 Patrum,
2391 4712 2480 4775 IlI,
2508 4713 2705 4776 Proles.
2733 4726 2842 4777 pag.
2870 4713 3019 4777 ιω.)

502 4969 542 5027 Ι.
592 4969 704 5051 Cur
748 4972 1057 5046 Theognosti
1106 4975 1246 5029 haud
1292 4977 1623 5032 meminerint
1674 4977 1934 5035 Eusebius
1982 4991 2031 5036 et
2079 4979 2452 5051 Hieronymus.
2517 4978 2649 5051 Ejus
2689 4988 2862 5034 tamen
2911 4977 3149 5033 meminit
3199 4992 3317 5031 cum
3370 4972 3529 5028 laude
3564 4972 3719 5025 Δεήσ-

578 5045 781 5097 ιῐαδὶιιε.

507 5111 593 5189 ΙΙ.-
619 5111 826 5170 Scholia
868 5114 1245 5189 Alexandrina:
1288 5116 1501 5189 prajfuit
1548 5129 1663 5187 post
1706 5117 1964 5173 Picrium.
2017 5119 2095 5174 De
2122 5130 2345 5189 tempore
2387 5137 2486 5189 quo
2514 5120 2742 5182 claruit,
2783 5118 3085 5189 disseritur.
3139 5114 3423 5189 Sacrorum
3471 5112 3715 5189 librorum

574 5184 911 5260 interpretem
953 5186 1076 5260 egit.
1133 5183 1352 5256 Scripsit
1381 5183 1794 5259 llypot'yposeon
1839 5190 2003 5244 libros
2033 5206 2129 5257 vn,
2170 5183 2284 5259 jam
2314 5183 2512 5243 dudum
2540 5191 2858 5260 deperditus.
2912 5188 3115 5242 Horum
3148 5185 3435 5241 summaria
3463 5183 3638 5251 capita
3658 5191 3716 5230 ex

578 5252 769 5323 Phjotio
793 5252 1083 5323 proposita.

509 5320 610 5401 111ἱ
644 5320 948 5401 Ιιιεᾳιιά-ᾄε
998 5325 1317 5401 Theognosto
1358 5328 1535 5401 Plzotii
1584 5345 1828 5401 censura
1853 5329 2099 5401 diluitur.
2153 5330 2389 5401 Gregorii
2423 5328 2651 5399 Nysseni
2699 5330 2762 5383 de
2795 5328 2971 5382 eodem
3000 5328 3245 5401 scriptore
3274 5325 3414 5401 locus
3444 5333 3713 5401 expensus.

581 5390 795 5472 Ῑηῖίῖθίά
847 5390 1158 5465 Τίιεοθηοείῖ
1201 5398 1329 5467 ﬁdes
1370 5399 1713 5468 Ρναεάίεαιῑινο
1760 5398 1894 5468 Ejus
1936 5390 2355 5472 Ηγροιγροεὲοη
2404 5390 2701 5471 [νιῖθηιεηια
2730 5416 2795 5453 ea:
2821 5414 3007 5469 magno
3047 5390 3337 5453 Athanasio
3379 5394 3643 5459 descripta
3670 5393 3715 5439 ct

576 5463 828 5519 exhibita.

577 5604 619 5657 Ι.
660 5603 731 5658 De
776 5603 1122 5677 TheOgnosto
1168 5607 1533 5666 Alexandrino
1582 5611 1719 5665 nihil
1776 5610 2064 5677 Eusebius,

507 5692 641 5746 nihil
693 5693 818 5748 item
863 5695 1240 5770 Hieronymus.
1303 5699 1369 5755 Et
1408 5699 1795 5774 Hieronymum
1846 5703 2062 5775 quidem

2172 5619 2437 5665 tacentem
2470 5610 2613 5666 haud
2647 5611 2832 5664 mirari
2860 5610 3037 5664 subit:
3066 5609 3157 5679 qui
3183 5607 3424 5663 videlicet
3448 5606 3619 5658 decem
3638 5617 3715 5655 ec-

2172 5701 2477 5758 clesiasticw
2502 5700 2751 5757 Historia:
2777 5702 2935 5757 libros
2962 5702 3030 5758 ab
3056 5700 3286 5758 Eusebio
3316 5698 3575 5769 Pamphili
3591 5709 3713 5751 con-

2986 5794 2997 5819 ἱ
