3882 6478
151 312 236 365 257
1568 299 1684 356 ΝΟΊ

1797 302 1869 355 Α.
3225 300 3330 360 238

150 431 345 499 scriptos
369 427 589 480 maxime
616 425 718 480 sibi
746 428 1049 496 adjumcnto
1084 430 1247 501 fuisse
1272 428 1555 500 proﬁtetur
1590 426 1666 497 (l)
1700 428 1743 482 A
1770 424 1835 477 de
1883 422 2258 480 incarnatione
2299 418 2428 488 Dei,
2482 438 2711 496 eamque
2757 423 3068 495 possibilem
3098 438 3218 480 esse
3247 440 3335 481 ar-

148 525 194 579 iu
234 523 289 577 iis
328 522 449 577 viris
487 521 792 576 illustribus
835 524 1218 591 recensendis,
1266 525 1359 594 qui
1400 533 1526 579 ante
1574 539 1673 579 sua
1776 516 1909 585 guit.
1962 514 2221 571 Ultimum
2264 516 2497 583 denique
2533 517 2598 570 de
2622 516 2720 570 Dei
2744 518 3007 570 creatione
3036 515 3332 586 inscripsit.

70 638 85 659 .
150 626 355 684 tempora
405 615 457 667 in
485 598 726 669 Ecclesia
751 613 1017 682 ﬂoruere;
1070 626 1130 670 ut
1168 599 1446 687 propterea
1483 618 1677 674 silente
1845 607 1933 664 ιιι.
1970 607 2139 664 Porro
2188 612 2305 666 haec
2349 625 2591 665 reterens
2645 608 2893 674 Photius,
2947 608 3335 679 complurajn

152 682 347 765 Eusebio
392 708 596 763 siluerit
654 717 708 763 et
744 709 937 764 doctor
982 682 1279 766 maximus.
1327 711 1397 765 At
1438 709 1674 781 episcopi
1776 699 2122 773 Theognosto
2162 703 2538 774 reprehendit;
2590 701 2733 773 quod
2766 700 3053 770 Origenem
3094 710 3336 756 assecta-
3410 682 3415 697 ’

149 801 462 857 Caesariensis
526 810 838 870 suspectum
908 802 1124 857 videtur
1177 818 1297 858 esse
1354 803 1673 868 silentium;
1779 807 1886 865 tus,
1917 800 2059 855 haud
2088 815 2259 870 pauca
2290 815 2354 855 ex
2387 799 2507 869 ejus
2534 798 2686 853 libris
2716 798 2857 865 Περὶ
2899 795 3101 866 ἀρχῶν
3139 798 3337 851 hause-

150 895 433 965 quippe,qui
454 893 781 948 Arianorum
810 893 991 949 fautor
1015 909 1079 950 ac
1101 903 1384 965 patronus,
1401 895 1677 967 prazterire
1777 892 1877 956 rit,
1929 907 2157 947 erronea
2187 893 2347 961 plane
2376 901 2538 962 atque
2567 908 2598 947 a
2621 891 2846 946 veritate
2886 890 3081 944 aliena.
3134 888 3334 943 Verum

147 986 449 1041 consueverit
476 1000 600 1055 qua:
632 985 782 1039 illius
818 995 977 1040 secta:
999 986 1252 1057 dogmata
1288 995 1567 1057 utcunque
1593 988 1677 1042 in-
1776 982 1845 1037 ab
1888 982 1988 1036 hac
2025 978 2287 1036 Photiana
2324 996 2555 1037 censura
2597 984 2916 1050 scriptorem
2942 991 3190 1034 nostrum
3218 978 3339 1031 vin-

149 1077 346 1145 lringere
382 1077 708 1145 potuissent,
755 1086 815 1131 ut
859 1078 1111 1147 superius
1149 1094 1215 1134 ex
1246 1078 1442 1134 Photio
1473 1078 1550 1150 (2)
1582 1079 1676 1134 de-
1776 1071 2029 1127 dicarunt
2077 1072 2179 1126 viri
2232 1072 2408 1134 docti,
2461 1070 2725 1140 Georgius
2766 1069 2952 1124 Bullus
2981 1069 3090 1139 (l5)
3123 1077 3177 1122 et
3201 1066 3340 1122 Pru—

149 1167 568 1233 monstravimus;
606 1167 852 1238 adeoque
881 1168 1154 1224 immerito
1174 1170 1353 1225 Caveo
1385 1171 1460 1242 (5)
1488 1181 1542 1227 et
1572 1170 1677 1225 Fa-
1777 1161 1994 1217 dentius
2044 1161 2297 1218 Maranus
2328 1162 2439 1233 (l4)
2477 1180 2491 1215 :
2522 1176 2752 1231 quorum
2802 1161 2952 1229 prior
2992 1168 3047 1213 et
3078 1159 3210 1214 illud
3243 1159 3341 1214 ad-

147 1258 287 1312 hricio
310 1256 381 1328 (4)
407 1256 582 1312 visum
611 1268 695 1314 est
724 1259 969 1329 iniquum
998 1258 1220 1316 Baronii
1248 1248 1538 1332 judicium,
1566 1280 1676 1335 quo
1776 1258 1957 1324 vertit,
1996 1256 2249 1312 Photium
2301 1271 2410 1327 prae
2460 1254 2725 1310 acerrimo
2762 1254 3021 1308 adversus
3052 1251 3339 1322 Origenem

147 1346 397 1404 Eusebium
430 1346 782 1420 Theognosti,
808 1350 1185 1423 theologorum
1204 1354 1559 1419 celeberrimi,
1578 1332 1677 1410 no-
1776 1350 1924 1417 odio,
1976 1358 2031 1405 et
2058 1351 2111 1404 in
2141 1347 2544 1418 Theognostum
2574 1346 2692 1416 ejus
2717 1344 2981 1400 asseclam
3010 1352 3064 1399 et
3090 1332 3340 1399 defenso-

149 1455 245 1494 men
272 1451 319 1495 et
344 1442 541 1511 scripta
570 1442 697 1498 dolo
721 1443 864 1499 malo
888 1445 1301 1515 praetermisisse
1352 1450 1672 1516 pronuntia-
1777 1459 1891 1497 rem
1931 1441 2099 1497 fuisse
2130 1442 2409 1511 iniquum;
2466 1448 2857 1508 proptereaque
2899 1436 3101 1505 scripta
3129 1435 3251 1505 eius
3284 1435 3338 1489 ίιι

148 1535 207 1589 vit
226 1534 474 1605 (5);quod
500 1535 758 1591 nimirum
788 1536 882 1592 τοῦ
900 1538 1184 1610 ὁμοουσὶου
1210 1548 1464 1596 strenuus
1484 1541 1678 1598 fuisset

1807 1533 1973 1587 nalam
2005 1540 2211 1603 partem
2236 1531 2543 1601 accepisse,
2579 1545 2673 1587 seu
2717 1529 2895 1600 potius
2920 1526 2989 1581 ab
3019 1526 3142 1582 aliis
3167 1527 3340 1596 accipi

147 1637 364 1681 assertor.
414 1625 548 1697 Ejus
595 1636 775 1684 tamen
810 1644 933 1685 cum
979 1631 1203 1687 honoris
1243 1632 1557 1702 praefatione
1591 1650 1675 1689 se-
1777 1628 2033 1682 Voluisse.

147 1718 230 1772 mel
274 1718 571 1789 iterumque
614 1721 862 1776 meminit
910 1737 1141 1792 magnus
1170 1722 1534 1791 Athanasius;
1587 1727 1674 1780 cui
1707 1763 1749 1823 Β
1846 1717 1965 1774 Non
1996 1719 2169 1774 solum
2210 1733 2338 1774 vero
2361 1719 2415 1773 in
2442 1717 2620 1773 Photii
2649 1713 3122 1786 reprehensionem
3156 1711 3343 1767 incidit

144 1810 305 1865 dicitur
337 1809 411 1881 (6)
453 1811 595 1882 ἀνὴρ
623 1810 820 1880 λόγιος,
851 1812 929 1865 vir
957 1812 1204 1877 disertus,
1243 1823 1296 1868 et
1324 1814 1400 1883 (7)
1425 1814 1669 1884 Θεὸγνω-

1807 1809 2177 1882 .‘heognostus,
2215 1812 2308 1866 sed
2335 1810 2387 1865 in
2419 1826 2485 1865 eo
2511 1809 2768 1865 nonnulla
2794 1820 3013 1878 quoque
3035 1803 3340 1874 displicuis-

148 1916 245 1963 στος
281 1902 307 1954 ὁ
336 1900 632 1971 Θαυμάσιος
656 1904 748 1956 καὶ
781 1902 1082 1968 σπουδαῖος,
1118 1904 1460 1959 admirandus
1489 1905 1579 1960 ille
1610 1924 1672 1961 ac

1810 1919 1839 1957 e
1862 1903 2122 1974 Gregorio
2145 1903 2389 1974 Nysseno
2409 1911 2744 1972 compertum
2770 1899 3054 1953 habemus.
3084 1895 3175 1951 Sic
3194 1896 3338 1951 enim

144 1992 373 2047 studiosus
404 1991 778 2063 Tlteognostus.
1779 1994 1867 2048 ille
1917 2002 2106 2049 contra
2140 1991 2470 2048 Eunomium
2503 1993 2745 2049 scribens
2777 1990 2887 2061 (15)
2916 2008 2929 2043 :
2958 1989 3068 2042 Kal
3091 1987 3161 2051 οὐ,
3182 1987 3342 2058 μόνος

198 2080 249 2133 ll.
289 2081 495 2137 Scholas
542 2083 888 2139 catecheticae
928 2084 1308 2141 Alexandrinae
1356 2086 1670 2157 praefectum

1812 2104 1836 2137 v
1866 2084 2035 2155 τούτῳ
2077 2082 2416 2156 πεπλάνηται
2445 2083 2586 2138 κατὰ
2625 2083 2723 2154 τὴν
2767 2080 2993 2137 ἀτοπίαν
3022 2078 3115 2132 τοῦ
3143 2078 3345 2148 δόγμαο

145 2173 284 2230 iuisse
308 2174 712 2247 Theognostum
747 2187 872 2248 post
903 2176 1164 2242 Pierium,
1221 2194 1285 2233 ex
1310 2177 1558 2249 Philippo
1589 2178 1673 2235 Si—

1810 2195 1867 2241 ος
1910 2178 2192 2249 Εὐνόμιος,
2240 2177 2353 2231 ἀλλ’
2388 2176 2504 2231 ἔστι
2541 2176 2632 2229 καὶ
2669 2177 2726 2227 ἐν
2756 2177 2868 2237 τοῖς
2898 2170 3226 2241 Θεογνώστῳ
3249 2187 3343 2222 πε-

144 2264 241 2319 dete
266 2264 336 2335 (8)
363 2266 767 2335 comperimus;
826 2268 1071 2339 adeoque
1097 2283 1196 2339 pro
1221 2267 1475 2323 Dodvvelli
1512 2270 1674 2325 ratio-

1814 2272 2100 2342 υνημένοις
2139 2272 2199 2325 τὸ
2240 2269 2351 2325 ἴσον
2377 2271 2577 2342 εὑρεῖν,
2605 2269 2663 2333 ὃς
2692 2268 2823 2338 φησὶ
2848 2266 2939 2320 τὸν
2962 2264 3096 2318 Θεὸν
3133 2259 3253 2313 τόδε
3285 2260 3347 2315 τὸ

144 2354 275 2409 nibus
315 2356 390 2424 (9)
430 2355 578 2410 Caro
625 2356 927 2426 imperante
974 2358 1235 2415 claruisse
1277 2360 1421 2415 circa
1470 2375 1671 2415 annum

1812 2366 1887 2418 τᾶν
1915 2364 2337 2427 κατασκευάσαι,
2382 2363 2597 2433 πρῶτον
2635 2361 2726 2414 τὸν
2753 2359 2879 2413 Υἱδν
2902 2346 3014 2411 οἷόν
3039 2373 3161 2409 τινα
3188 2355 3345 2408 κανό-

144 2461 381 2503 ccuntt.
438 2445 694 2519 Origenis
726 2466 857 2505 vero
906 2452 1084 2520 ipsum
1112 2450 1283 2507 fuisse
1322 2452 1673 2523 discipulum,

1815 2470 1845 2506 α
1872 2451 2405 2526 προῦποστήσασθαι.
2447 2450 2502 2507 Id
2537 2459 2658 2507 est:
2703 2468 2723 2502 ε
2753 2449 2959 2519 Neque
2983 2447 3038 2501 in
3070 2448 3173 2501 hoc
3197 2446 3348 2500 solus

144 2538 212 2592 vel
252 2540 435 2594 saltem
469 2540 594 2609 ejus
626 2556 849 2612 operum
883 2544 1371 2612 studiosissimum,
1421 2548 1553 2604 satis
1586 2548 1673 2603 in-
1782 2543 2054 2597 aberravit
2081 2542 2148 2596 ad
2176 2541 2467 2597 absurdam
2518 2538 2843 2596 sententiam
2871 2535 3202 2601 Eunomius;
3250 2534 3348 2589 sed

145 2644 280 2683 nuere
326 2630 556 2686 Photius
602 2633 814 2689 videtur
860 2634 991 2706 (l0).
1061 2634 1315 2693 Proxime
1363 2647 1508 2693 certe
1552 2648 1676 2709 post
1782 2634 1922 2688 idem
1970 2636 2132 2689 etiam
2187 2633 2424 2702 reperire
2470 2640 2553 2687 est
2602 2630 2655 2686 in
2686 2630 2839 2685 libris
2865 2629 3216 2701 Theognosti,
3250 2629 3348 2699 qui

145 2720 389 2793 Origenem
413 2726 695 2781 exstitisse
726 2726 1132 2799 Theognostum
1163 2745 1230 2786 ex
1259 2746 1324 2786 eo
1347 2732 1672 2803 colligimus,
1781 2726 1977 2781 Filium
2000 2741 2033 2780 a
2070 2726 2199 2789 Deo,
2239 2740 2363 2780 cum
2393 2724 2493 2779 hoc
2523 2723 2850 2777 universum.
2878 2718 3208 2776 constituere
3231 2718 3347 2772 vel-

146 2816 263 2882 quod
315 2827 541 2873 sanctus
594 2819 926 2893 Athanasius
976 2831 1265 2893 utrumque
1316 2824 1674 2895 conjungens,
1783 2819 1889 2883 let,
1944 2817 2215 2888 primum,
2265 2816 2432 2872 veluti
2479 2813 2770 2886 quamdam
2827 2812 3026 2883 opiticii
3074 2826 3348 2879 normam,

146 2907 371 2973 παλαιοὺς
408 2911 632 2982 ἄνδρας,
661 2914 860 2982 priscos
884 2914 1044 2977 viros,
1078 2916 1310 2986 appellat
1352 2917 1486 2987 (ll).

1815 2908 2238 2978 raesuppositum
2272 2907 2442 2962 fuisse
2472 2905 2624 2961 dicit.
2662 2922 2681 2956 ι
2725 2902 2793 2957 Ει
2821 2903 2936 2958 hate
2958 2901 3176 2973 quidem
3208 2901 3348 2973 Nys-

201 3000 410 3070 Scripsit
456 3012 643 3057 autem
693 3012 884 3059 auctor
919 3013 1101 3061 noster
1142 3007 1303 3076 plena
1343 3008 1579 3064 dictione
1611 3024 1677 3065 ac
1783 3000 1901 3055 seni
1932 3014 2163 3055 censura
2196 2997 2372 3068 potior
2417 2995 2681 3052 Photiana
2720 2992 3081 3050 existimanda
3114 2992 3345 3047 videtur.

146 3091 259 3161 stilo
286 3095 572 3164 perspicuo
597 3095 764 3152 libros
794 3112 871 3151 vn
921 3098 1326 3156 Institutionum
1348 3102 1678 3174 theologica-
1702 3119 1746 3177 ο
1782 3089 1850 3144 At
1895 3090 2044 3144 illam
2088 3088 2248 3143 diluit
2284 3087 2422 3141 alter
2462 3085 2635 3141 nostri
2677 3086 2971 3139 catecheta:
2998 3080 3350 3136 Alexandrini

147 3196 261 3246 rum,
299 3184 407 3251 jam
452 3186 553 3239 diu
599 3187 941 3256 deperditos;
994 3207 1229 3260 quorum
1266 3173 1672 3264 inscriptionem
1714 3173 1744 3177 γ
1779 3192 2043 3254 patronus
2070 3181 2183 3251 (16)
2217 3200 2230 3234 :
2266 3189 2379 3233 tum
2424 3180 2551 3248 quia
2596 3175 2977 3247 Theognostus
3004 3174 3075 3229 ab
3102 3173 3349 3227 Athana-

146 3274 203 3327 ita
227 3273 373 3331 refert
402 3277 551 3331 idem
577 3277 802 3336 Photins
833 3282 944 3352 (12)
975 3302 988 3336 ;
1013 3283 1117 3336 Τοῦ
1152 3286 1420 3356 μακαρίου
1437 3286 1678 3355 Θεογνώ-

1816 3278 1861 3330 io
1904 3284 1963 3331 ut
1992 3269 2475 3329 Consubstantialis
2521 3268 2776 3324 defensor
2817 3275 2873 3321 et
2913 3266 3090 3327 testis,
3144 3265 3349 3319 citatus

146 3379 247 3417 στου
269 3366 654 3441 Ἀλεξανδρέως
677 3371 772 3425 καὶ
799 3354 1678 3444 ὲξηγητοῦεΥποτυὴώσειςΒεαιί

1816 3378 1893 3434 st;
1944 3375 2058 3421 tum
2091 3368 2219 3436 quia
2242 3364 2420 3434 ipsum
2449 3360 2581 3416 illud
2606 3358 2980 3415 testimonium
3010 3355 3155 3426 quod
3186 3354 3349 3409 refert

147 3454 436 3530 Theognosti
479 3462 856 3527 Alexandrini,
905 3481 1177 3520 sacrorum
1226 3468 1478 3522 librorum
1513 3470 1677 3523 inter-
1776 3458 2092 3529 Gregorius,
2136 3455 2374 3510 Verbum
2401 3451 2682 3518 describit,
2714 3450 2972 3506 utideam
3016 3448 3163 3502 illam
3187 3456 3241 3501 et
3263 3462 3349 3500 re-

144 3554 295 3615 pretis,
322 3552 711 3625 ngotyposes.
750 3554 816 3611 Et
863 3557 1007 3611 illam
1060 3558 1278 3627 quidem
1321 3576 1508 3616 vocem
1550 3561 1674 3633 ἐξη-
1776 3552 1977 3622 gulam,
2008 3549 2164 3619 cujus
2189 3548 2256 3603 ad
2284 3547 2561 3616 exemplar
2594 3546 2777 3600 omnia
2805 3544 3031 3600 creavit.

147 3642 282 3711 τητοῦ
333 3647 537 3701 scholae
584 3647 925 3704 eatechetica:
946 3653 1321 3719 praefecturam
1341 3632 1678 3723 docendique
1850 3643 1974 3707 Sed,
2006 3650 2067 3696 ut
2089 3642 2232 3696 dicta
2265 3640 2484 3696 demum
2517 3637 2929 3701 concludamus,
2957 3650 3080 3707 qua:
3102 3632 3346 3691 nonnulli

147 3747 314 3790 munus
364 3738 648 3807 publicum
694 3740 971 3807 denOtare,
1023 3742 1309 3814 ipsumque
1344 3745 1521 3813 operis
1551 3748 1678 3800 titu-
1779 3747 2019 3793 veterum
2056 3735 2111 3789 in
2143 3733 2491 3804 Theognosto
2538 3730 2959 3801 reprehensione
3008 3727 3169 3794 digna
3193 3737 3352 3797 puta-

147 3822 236 3880 lum
265 3833 311 3886 ’ἴ
327 3833 673 3897 ποτυπὼσεις
701 3848 734 3888 a
761 3834 1035 3891 Clemente
1068 3838 1351 3893 decessore
1377 3840 1678 3909 sumpsisse

1815 3837 1927 3892 unt,
1960 3826 2096 3881 nihil
2125 3825 2191 3880 de
2219 3823 2477 3895 praeclaro
2500 3820 2681 3891 magni
2708 3819 2993 3875 Athanasii
3014 3818 3226 3888 judicio
3250 3818 3348 3872 de-

146 3913 545 3992 Theognostum,
572 3940 698 3980 cum
726 3925 1001 3983 Dodwello
1029 3930 1427 3987 existimamus.
1480 3932 1667 4004 Singu.
1779 3921 1995 3977 trahere
2018 3919 2232 3985 valent;
2265 3915 2359 3987 qui
2388 3915 2535 3970 hunc
2565 3916 2765 3971 schoue
2797 3913 3179 3967 Alexandrinae
3205 3926 3349 3981 pra:-

147 4011 292 4071 lorum
317 4035 443 4076 vero
470 4022 740 4078 librorum
769 4035 1107 4096 argumenta,
1154 4028 1342 4083 eodem
1366 4026 1559 4085 Photio
1588 4046 1675 4085 re-
1779 4016 1978 4071 fectum
2008 4014 2178 4068 υίνυηι
2207 4009 2580 4065 αάηιίηηάκηῑ
2611 4006 2863 4077 θυρεηδίν
2891 4005 3135 4074 θάθοσιυθ
3160 4005 3347 4074 ³ΡΡΓῘ⁶

148 4120 401 4177 censeme,
448 4123 583 4169 sunt
612 4114 901 4184 ejusmodi.
955 4115 1139 4171 Primo
1181 4118 1319 4173 libro
1351 4119 1419 4173 de
1444 4118 1551 4173 Deo
1574 4116 1677 4173 Pa-
1780 4125 1867 4163 me
1890 4106 2254 4162 orthodoxum
2303 4102 2474 4158 fuisse
2504 4100 2774 4172 perhibet.
2820 4097 2896 4152 Ea
2925 4098 3203 4153 enimvero
3230 4113 3352 4167 qua:

149 4202 214 4251 tre
238 4200 352 4271 egit,
380 4220 622 4275 eumque
644 4222 765 4261 esse
794 4223 975 4262 rerum
1005 4209 1276 4279 opiﬁcem,
1310 4225 1484 4280 neque
1514 4223 1678 4265 mate—
1778 4216 1846 4255 ex
1884 4198 2004 4268 ejus
2045 4197 2201 4252 libris
2246 4194 2584 4265 deprompsit
2624 4201 2850 4248 sanctus
2876 4192 2965 4246 ille
2993 4190 3191 4262 praesul
3224 4191 3351 4246 Ale-

148 4290 260 4347 riam
301 4295 373 4350 illi
415 4308 752 4354 coaeternam
786 4317 908 4356 esse
961 4300 1373 4357 demonstravit.
1432 4301 1681 4359 Secundo

1818 4292 2102 4356 andrinus,
2133 4304 2362 4360 quaeque
2386 4302 2450 4343 ex
2480 4301 2547 4343 eo
2576 4286 2846 4355 descripta
2880 4298 2982 4339 suo
3007 4284 3128 4339 loco
3154 4290 3348 4354 protu-

148 4387 492 4443 necessitatem
522 4390 827 4446 existentize
854 4389 976 4446 Filii
1002 4395 1257 4449 ostendit.
1297 4392 1478 4450 Tertio
1507 4392 1680 4463 Spiri-
1710 4456 1743 4463 Δ
1781 4388 1965 4451 limus,
2012 4384 2271 4440 evincunt
2294 4382 2413 4453 ejus
2440 4380 2751 4436 testimonio
2775 4377 2945 4449 premi
2977 4377 3233 4440 Arianos,
3268 4377 3349 4445 ip-

147 4480 239 4529 tum
263 4490 503 4535 sanctum
534 4495 674 4544 esse,
700 4485 1032 4553 argumentis
1051 4485 1230 4541 evicit.
1262 4484 1467 4552 Quarto
1492 4456 1561 4542 de
1583 4502 1680 4541 an-
1710 4456 1755 4512 D
1784 4493 2015 4557 sumque
2060 4477 2237 4548 palam
2284 4473 2663 4545 praedicantem
2704 4468 2899 4524 Filium
2939 4466 3221 4522 ὁαοούσιον
3253 4466 3349 4522 de-

148 4566 256 4635 κειῑε
297 4581 349 4626 et
391 4572 736 4630 daemonibus
782 4579 1144 4647 pertractavit.
1204 4578 1408 4642 Quinto
1440 4588 1494 4634 et
1528 4590 1679 4635 sexto
1785 4578 2108 4628 monstrant.

304 4770 951 4857 Ejeronvuprwfaadl‘ih.
985 4778 1061 4833 De
1086 4781 1212 4834 viris
1242 4780 1437 4834 illustr.
1490 4772 1497 4779 ’
1858 4779 2199 4857 (9)__p_odvv.,
2241 4778 2279 4831 ι.
2325 4793 2374 4833 c.
2422 4777 2475 4829 in
2521 4781 2636 4829 not.
2685 4771 2751 4826 ad
2795 4770 2988 4841 fragm.
3022 4767 3164 4822 Phil.
3199 4766 3341 4829 Sid.,

200 4841 266 4923 (ἓ)
305 4841 788 4923 ghm..__ei'bt_.¢od.
823 4849 945 4923 iam
982 4920 1004 4923 _
1022 4919 1081 4923 __
1266 4918 1288 4923 _
1534 4922 1537 4923 ί

526 4841 788 4923 etiam.
823 4849 945 4923 ie7.
982 4920 1004 4923 _
1022 4919 1081 4923 __
1266 4918 1288 4923 _
1534 4922 1537 4923 ν
1782 4841 2059 4923 pagis”.

200 4870 266 4907 μ)
305 4870 480 4907 ι-ιιυι.,
523 4870 788 4903 owt.cou.
824 4870 945 4905 121.

198 4913 265 4997 εἷς)
299 4914 425 4997 (lay.
450 4915 742 4997 ﬁnal-litt.
761 4920 837 4997 ad
858 4936 948 4974 an.
979 4919 1104 4997 εξξ»,
1136 4928 1242 4974 tom
1266 4918 1453 4997 I,_pag.
1482 4922 1602 4977 Mi.

1136 4928 1242 4974 tom
1266 4918 1453 4997 I,_pag.
1482 4922 1602 4977 Mi.
1782 4870 2160 4997 Ρὲῗξορῗῖέῇοι.
2196 4916 2337 4997 Bibl.
2365 4916 2485 4972 cod.

199 4982 269 5121 ξι)
305 4985 547 5053 Fabric.,
579 4988 722 5044 Bibl.
752 4989 843 5044 Gr.
872 4999 1003 5045 tom.
1032 4990 1123 5055 IX,
1151 5005 1275 5062 pag.
1298 4982 1432 5046 4'08".

221 5055 268 5121 5)
303 5055 503 5113 Baron.
532 5058 598 5113 ad
627 5075 755 5114 ann.
784 5059 905 5121 109,
939 5058 967 5121 ᾗ
994 5062 1083 5116 59.

1151 5005 1275 5062 pag.
1298 4982 1432 5046 4'08".
1853 4982 1965 5062 (ll)
2005 4991 2228 5053 Athan.,
2259 4989 2294 5043 l.
2325 5003 2375 5042 c.
2406 5002 2526 5056 pag.
2558 4983 2674 5038 702.

1854 5062 1965 5121 (Ιὲ)
2005 5060 2160 5115 Phot.
2192 5059 2228 5112 ι.
2261 5073 2311 5110 c.

303 5055 503 5138 ῌξῃδοη.
532 5058 755 5138 ad‘ann.
784 5059 905 5127 109,
927 5058 1083 5138 _59.
1152 5055 1169 5059 “
1226 5055 1251 5062 ⁷
1405 5132 1469 5138 η
1544 5131 1573 5138 Α
2005 5060 2160 5138 Rhet.
2192 5059 2311 5138 με.

199 5064 268 5121 (5)
303 5064 503 5113 Baron.
532 5064 598 5113 ad
627 5075 755 5114 ann.
784 5064 905 5127 109,
939 5064 967 5132 §
994 5064 1083 5116 59.

201 5124 269 5191 (6)
304 5127 502 5180 Athan.
526 5170 543 5193 ,
576 5128 651 5181 De
682 5130 884 5186 Decret.
918 5131 1040 5185 Nic.
1072 5147 1188 5200 syn.
1219 5147 1369 5186 num.
1402 5132 1472 5187 25
1494 5176 1507 5197 ,
1537 5131 1673 5203 Opp.

144 5198 254 5254 tom.
280 5191 317 5258 Ι,
341 5209 480 5265 part.
506 5218 554 5262 ι,
588 5215 709 5265 pag.
738 5202 863 5256 250.

1884 5064 1965 5121 l2)
2005 5064 2160 5115 Phot.
2192 5064 2228 5112 ι.
2261 5073 2311 5110 c.

1854 5064 1966 5201 ita)
2008 5132 2183 5194 Bull.,
2239 5127 2445 5197 Defens.
2484 5125 2580 5195 fid.
2626 5121 2749 5178 Nic.
2796 5130 2924 5178 seet.
2989 5135 3049 5187 ιι,
3096 5134 3216 5187 cap.
3276 5116 3340 5168 itl

1807 5202 1847 5265 i§
1890 5202 2001 5265 7-9,
2037 5216 2155 5265 pag.
2192 5198 2313 5255 155.
2355 5212 2469 5265 seq.
2520 5264 2531 5265 ί
2612 5264 2625 5265 7
3109 5258 3168 5265 __
3218 5256 3276 5265 η
3318 5256 3332 5265 _

198 5207 254 5254 τη.
281 5202 317 5258 Ι,
341 5209 480 5265 part.
506 5218 554 5262 ι,
588 5215 709 5269 pag.
738 5202 863 5256 250.
1586 5202 1589 5203 '

290 5268 683 5383 ll'd.n:p’i‘st7.n;,
733 5274 798 5327 ad
835 5272 1116 5342 Serapion.
1140 5312 1156 5339 ,
1184 5286 1335 5327 num.
1367 5272 1433 5339 9,
1465 5283 1598 5327 tom.
1630 5272 1672 5337 l,

1801 5202 1847 5275 ξς
1890 5202 2001 5266 7-9,
2037 5216 2155 5270 pag.
2192 5202 2313 5255 155.
2343 5212 2469 5279 seq.
2710 5265 2720 5276 _

1801 5354 1831 5383 η
1853 5267 2462 5383 (ἐιίιᾲῃῦὶξιιὲἓΰςξιῗυι,
2502 5264 2556 5318 ,1.
2590 5264 2650 5320 C.
2687 5265 2779 5319 ltb.
2813 5278 2862 5317 Iv
2885 5303 2900 5329 ,
2929 5273 3064 5330 ;cap.
3108 5258 3177 5312 ‘24
3315 5256 3334 5309 Ι

145 5346 257 5395 Pim-
290 5345 348 5401 ιι,
375 5354 499 5410 pag.
539 5340 658 5395 702.
970 5340 986 5342 “

147 5405 265 5485 η’(8)
299 5411 439 5485 Phil.
494 5410 637 5475 Sid.,
690 5410 831 5485 Hist.
879 5410 1051 5470 Serm.
1095 5414 1167 5469 ει
1212 5414 1353 5485 apud
1387 5412 1573 5469 Dodw.
1608 5414 1674 5470 ad

1779 5354 1834 5398 et
1862 5344 2071 5467 2.}:3.
2109 5340 2232 5399 551,
2265 5353 2382 5399 seu.
2432 5407 2441 5417 .

1559 5454 1573 5469 .
1608 5414 1674 5470 ad
1852 5413 1963 5485 (ίὸ)
2004 5426 2157 5485 υνδε.
2194 5408 2377 5485 Nyss.,
2410 5407 2502 5461 ιιι).
2537 5422 2607 5485 ι)εὴ
2642 5414 2826 5485 contr.
2857 5402 3089 5485 Eunom.

145 5471 339 5536 Dissert.
368 5481 510 5538 lren.
550 5471 667 5553 pag.
693 5480 818 5538 488.
1245 5471 1264 5485 ⁸
1295 5471 1299 5472 ν

1851 5471 1963 5553 (l6)
2004 5471 2209 5536 Maran.
2240 5471 2278 5533 ἰ.
2309 5495 2357 5533 c.
2386 5494 2507 5548 cap.
2540 5478 2611 5531 25
2641 5475 2667 5549 ᾗ
2699 5478 2748 5539 l,
2786 5491 2905 5545 pag.
2941 5471 3066 5527 557.
