3882 6504
552 620 3732 674 W

1688 802 1874 847 εωαΑ
1916 805 2137 847 ANNUM
2178 804 2403 848 DOMINI
2436 806 2623 848 CCLX.

1656 978 2641 1207 MALCHIO

1013 1292 1612 1384 ECCLESIE
1680 1294 2095 1387 ANTIO(

2206 1298 2506 1385 [ΕΝᾹΞ
2582 1298 3313 1390 PRESBYTER.

2137 1518 2206 1529 -

1832 1664 2482 1779 NOTITIA.

1274 1883 1558 1944 (Gutum,
1595 1880 1891 1935 Bibliotheca
1909 1889 2119 1935 veterum
2144 1885 2370 1944 Patrum,
2404 1885 2491 1947 Ill,
2518 1887 2715 1951 Proleg.
2740 1902 2787 1950 p.
2812 1888 3009 1952 um.)

2133 2058 2200 2070 ,-

535 2202 587 2256 1.
631 2201 933 2275 .llatchion,
963 2204 1043 2275 vir
1076 2204 1487 2270 disertissimus,
1513 2222 1613 2275 quo
1640 2214 1867 2274 tempore
1906 2207 2121 2262 claruit.
2157 2208 2409 2264 Doctrina
2441 2218 2491 2263 et
2520 2206 3120 2273 eruditione'prtestans.
3158 2201 3407 2275 Ecclesia
3440 2202 3749 2275 Antioche”

553 2275 560 2287 '
602 2272 867 2346 presbyter
902 2274 1199 2346 ordinatur.
1244 2276 1447 2332 Acriter
1478 2272 1713 2346 disputat
1744 2272 2003 2332 adversus
2047 2278 2276 2332 Paulum
2316 2280 2739 2336 Samosatenum.
2773 2276 2904 2346 Ejus
2943 2274 3193 2329 memoria
3226 2275 3280 2327 in
3320 2273 3622 2329 Graecorum
3657 2273 3747 2328 Me—

600 2343 823 2411 nologiis
855 2345 1124 2398 recolitur.

530 2411 640 2487 Il._
664 2411 883 2487 Tempus
915 2414 1203 2483 inquiritur
1233 2433 1333 2486 quo
1363 2416 1624 2487 celebrata
1654 2415 1757 2485 [uit
1792 2419 2053 2486 posterior
2082 2418 2316 2485 synodus
2353 2422 2709 2487 Antiochum,
2750 2417 2839 2472 ubi
2877 2415 3060 2470 habita
3104 2414 3419 2469 Malchionis
3463 2413 3746 2483 disputatio.

602 2483 880 2536 Pearsonii
905 2488 1163 2539 sententia
1187 2483 1254 2540 de
1281 2505 1383 2541 uno
1405 2485 1627 2541 concilio
1655 2483 1973 2541 Antiocheno
1997 2483 2265 2542 evertitur.

532 2552 594 2607 II
607 2552 653 2607 I.
697 2552 992 2625 Epist_olam
1024 2558 1331 2624 synodicam
1352 2557 1616 2611 Malchion
1640 2556 1831 2611 litteris
1854 2560 2187 2625 consignasse
2214 2561 2532 2623 perhibetur.
2562 2560 2677 2625 Quo
2701 2574 2838 2613 anno
2866 2558 3013 2610 illam
3037 2556 3399 2623 perscripserit
3425 2563 3629 2610 auctor.
3657 2549 3749 2605 Ea-

596 2625 715 2676 dem
736 2637 800 2676 ea:
828 2622 1326 2683 Eusebio‘exhibita.
1362 2626 1688 2697 Fragmenta
1711 2644 1775 2682 ea:
1804 2628 1953 2683 Actis
1982 2622 2355 2700 disputationis
2390 2622 2795 2685 Malchioniante
2827 2622 3084 2697 subjecta.

598 2762 640 2813 l.
669 2760 1062 2824 Malchion,vir
1082 2758 1494 2827 disertissimus,
1519 2760 1695 2831 inquit
1715 2760 1980 2817 Eusebius
2002 2762 2100 2834 (l),
2130 2767 2173 2825 Α
2208 2764 2320 2819 haec
2348 2764 2608 2835 temporis
2649 2766 2856 2819 notatio
2896 2778 2965 2817 ex
3012 2760 3239 2831 epistola
3284 2761 3531 2830 ejusdem
3563 2761 3748 2817 concilii

527 2851 666 2922 ἁνηρ
696 2850 766 2903 τά
800 2868 861 2903 τε
891 2850 1025 2904 ἄλλα
1057 2850 1254 2919 λόγιος,
1288 2852 1433 2906 circa
1460 2851 1665 2908 Christi
1697 2869 1900 2908 annum
1928 2869 2100 2909 cccxx

526 2946 791 2999 claruisse
812 2945 1163 3014 comperitur.
1196 2942 1509 2998 Graecorum
1538 2945 1729 3000 litteris
1755 2947 2100 3000 vehementer

526 3037 797 3101 excultus,
829 3037 1029 3091 scholae
1061 3035 1373 3104 sophistica:
1403 3036 1545 3105 apud
1579 3025 1923 3092 Antiochiam
1962 3053 2100 3107 pra:-

526 3127 663 3195 fuit,
702 3130 847 3194 sive,
884 3139 945 3183 ut
983 3128 1227 3198 loquitur
1259 3127 1616 3199 Hieronymus
1663 3132 1773 3199 (2),
1818 3132 1874 3184 in
1913 3132 2097 3185 eadem

527 3220 652 3273 urbe
699 3220 1017 3274 rhetoricam
1068 3220 1440 3289 ﬂorentissime
1488 3221 1687 3275 docuit.
1740 3218 1924 3293 Neque
1968 3237 2097 3278 vero

523 3311 773 3365 doctrina
809 3311 989 3366 solum
1026 3320 1080 3366 et
1120 3312 1428 3367 eruditione
1459 3313 1707 3368 saeculari
1734 3315 1987 3369 excelluit
2017 3316 2097 3368 vir

522 3400 802 3470 egregius,
834 3401 929 3455 sed
961 3403 1124 3455 etiam
1163 3402 1234 3456 ob
1261 3402 1587 3456 eminentem
1620 3402 1943 3459 Christiana:
1973 3404 2097 3460 ﬁdei

525 3495 893 3549 sinceritatem
915 3535 930 3559 ,
964 3497 1282 3566 presbyterii
1316 3498 1583 3551 honorem
1625 3497 1679 3550 in
1712 3497 1830 3566 ejus
1857 3497 1960 3551 loci
1992 3498 2099 3553 Ec-

525 3587 689 3640 clesia
724 3596 807 3641 est
844 3598 1211 3642 consecutus:
1253 3587 1329 3640 Οὐ
1366 3588 1469 3659 μὴν
1513 3588 1648 3641 ἀλλὰ
1690 3590 1784 3642 καὶ
1813 3590 1882 3642 δι’
1927 3592 2096 3662 ὑπερ-

526 3676 823 3732 ϐάλλουσαν
840 3680 945 3750 ’τῆς
972 3682 1053 3743 εἰς
1069 3679 1299 3750 Χριστὸν
1316 3680 1549 3743 πίστεως
1577 3682 1932 3753 γνησιότητα,
1964 3700 2096 3753 πρε-

526 3771 808 3842 σϐυτερίου
840 3772 942 3844 τῆς
972 3772 1159 3826 αὐτόθι
1186 3772 1474 3843 παροικίας
1497 3772 1816 3844 ἠξιωμένος.

598 3864 816 3939 Synodo
845 3866 1195 3921 Antiocheam
1225 3864 1545 3935 posteriori,
1575 3881 1738 3934 quam
1768 3875 2095 3935 postremam

524 3969 682 4014 vocat
713 3958 983 4015 Eusebius
1009 3959 1085 4029 (5)
1105 3998 1121 4023 ,
1152 3957 1470 4020 τελευταίας
1528 3958 1986 4030 συγκρατηθείσης
2027 3988 2096 3998 —

525 4053 777 4117 συνόδου,
836 4051 1083 4107 interfuit
1133 4050 1436 4119 Malchion;
1506 4053 1560 4107 in
1610 4066 1782 4120 eaque
1837 4052 2097 4106 adversus

524 4143 755 4199 Paulum
814 4142 1233 4198 Samosatenum
1287 4144 1380 4213 qui
1436 4142 1692 4199 Ecclesiae
1745 4142 2097 4199 Antio'cbena:

524 4234 812 4303 episcopus
846 4233 1158 4287 Artemonis
1194 4234 1442 4287 haeresim
1491 4234 1856 4300 instaurarat,
1901 4235 2098 4289 acriter

522 4326 849 4393 disputavit,
874 4326 1268 4395 excipientibus
1301 4335 1499 4382 cuncta
1536 4328 1803 4394 notariis;
1839 4328 2097 4398 solusque

522 4416 766 4470 omnium
807 4417 1051 4471 occultos
1086 4417 1325 4473 hominis
1363 4434 1557 4475 sensus
1594 4435 1657 4474 ac
1695 4419 1911 4476 fraudes
1949 4420 2100 4476 dete-

522 4522 650 4577 gere
693 4507 884 4561 valuit.
934 4505 1051 4573 Qua
1100 4508 1317 4578 quidem
1369 4524 1435 4563 ex
1480 4509 1850 4567 confutatione
1889 4521 2094 4566 tantam

522 4596 751 4667 gloriam
802 4600 988 4653 retulit
1026 4610 1214 4653 noster
1251 4608 1460 4664 auctor,
1503 4600 1682 4669 inquit
1714 4600 1962 4657 Valesius
1996 4603 2093 4675 (4),

524 4700 584 4744 ut
613 4706 677 4745 ea
715 4691 782 4745 de
817 4707 981 4746 causa
1020 4692 1075 4745 in
1107 4691 1420 4763 Menologiis
1448 4692 1761 4749 Grmcorum
1796 4696 1884 4752 die
1926 4713 2091 4752 xxviii

522 4781 771 4839 Octobris
802 4785 1110 4839 consecrari
1132 4786 1411 4840 meruerit.

588 4873 653 4929 ll.
697 4873 777 4930 Ex
828 4875 931 4931 hac
978 4885 1159 4931 autem
1210 4876 1265 4931 in
1302 4878 1501 4932 tabulis
1541 4878 1742 4934 Grecis
1776 4880 2093 4950 consignata

520 4965 843 5021 Malchionis
873 4967 1135 5021 memoria
1155 5009 1169 5033 ,
1200 4967 1622 5023 existimaverim
1662 4969 1912 5039 equidem
1949 4970 2091 5025 cele—

520 5055 734 5111 bratam
762 5057 947 5112 fuisse.
966 5058 1107 5113 hanc
1132 5059 1399 5129 synodum
1431 5075 1575 5114 anno
1601 5076 1793 5115 cccxxx
1812 5062 2093 5117 desinente

522 5160 688 5219 atque
744 5150 1063 5220 insequente
1109 5161 1475 5223 prorogatam.
1545 5152 1910 5210 Conﬁrmatur
1964 5170 2091 5210 vero

595 5345 671 5421 (ξ)
711 5346 935 5421 Euseb,
973 5346 1304 5421 flistaeccl”
1341 5349 1434 5403 lib.
1460 5366 1572 5413 vn,
1603 5366 1721 5421 cap.
1754 5351 1840 5406 29.

593 5415 669 5490 (2)
709 5416 951 5490 llieron.,
990 5419 1065 5472 De
1090 5418 1187 5472 vir.
1213 5422 1439 5487 illustr.,
1466 5436 1585 5490 cap.
1628 5415 1711 5474 7i.

591 5484 669 5613 (3)
712 5487 929 5548 Euseb"
959 5491 992 5544 I.
1030 5507 1079 5541 α.

616 5556 669 5613 4)
710 5556 886 5613 Vales.
921 5562 973 5612 in
1014 5577 1079 5613 nu

616 5556 669 5618 τί)
710 5556 886 5613 Vales.
921 5562 973 5612 in
1014 5566 1126 5613 not.
1156 5557 1221 5611 ad
1254 5557 1485 5621 Euseb,
1511 5560 1547 5613 l.
1582 5577 1631 5614 c.

709 5626 1032 5699 Erulegmn.,
1060 5646 1177 5694 cap.
1214 5630 1307 5690 ειη
1349 5628 1375 5699 ς
1411 5631 1432 5682 l

517 5670 668 5818 55(6)
709 5670 1467 5797 hggng’zat’c.‘"annos,
1519 5701 1566 5753 l.
1598 5699 1718 5759 vm.
1768 5701 1916 5769 inin,
1966 5718 2085 5775 pag.

590 5834 665 5905 t7)
704 5833 855 5904 Pagi,
881 5835 1015 5893 Crit.
1054 5839 1118 5894 ad
1148 5854 1275 5895 ann.
1308 5839 1433 5906 271,
1466 5838 1571 5910 52.

2201 2854 2460 2928 Dionysio
2510 2855 2749 2926 pontiﬁci
2802 2853 3046 2909 Romano
3085 2854 3345 2922 inscripta
3376 2894 3390 2917 ,
3426 2852 3525 2908 sed
3571 2853 3749 2906 reddita

2200 2946 2361 3002 Felici
2407 2947 2525 3017 ejus
2566 2948 2908 3011 successori,
2945 2945 3103 3016 quod.
3133 2946 3223 2998 ille
3263 2960 3579 3013 supremum
3629 2944 3749 2998 dictu

2201 3039 2399 3094 obierit
2430 3039 2532 3093 sub
2564 3038 2722 3093 tinem
2756 3037 3069 3093 Decembris
3099 3036 3340 3105 ejusdem
3382 3037 3515 3089 anni
3551 3050 3751 3097 ccutx,

2200 3138 2260 3184 ut
2304 3130 2556 3198 superius
2598 3138 2878 3184 ostensum
2916 3128 3014 3198 (5).
3053 3127 3218 3196 quue
3268 3127 3467 3181 iterum
3517 3128 3749 3182 astruitut

2198 3238 2266 3277 ex
2307 3222 2470 3276 citata
2512 3221 2739 3290 epistola
2787 3220 3043 3290 synodica
3069 3260 3084 3285 ,
3111 3219 3205 3273 ubi
3242 3219 3429 3274 Patres
3471 3218 3539 3274 de
3582 3215 3750 3271 Firmi-

2198 3311 2345 3365 liano
2383 3311 2734 3381 Cappadocia:
2781 3310 3024 3364 antistite
3061 3310 3225 3363 verba
3264 3308 3529 3363 facientes
3560 3326 3573 3361 :
3620 3306 3751 3360 Nunc

2197 3419 2398 3473 quoque
2417 3442 2431 3466 ,
2474 3402 2724 3471 inquiunt
2752 3400 2849 3472 (6),
2878 3410 3124 3455 venturus
3162 3408 3275 3453 erat
3306 3396 3683 3463 Firmilianus;
3705 3406 3749 3449 et

2189 3492 2307 3561 jam
2339 3492 2559 3547 Tarsum
2586 3510 2748 3563 usque
2775 3501 3096 3563 pervenerat.
3126 3489 3229 3545 Sed
3260 3507 3377 3543 cum
3400 3506 3498 3543 nos
3521 3490 3635 3560 jam
3654 3503 3751 3541 con-

2198 3587 2509 3639 venissemus
2532 3626 2545 3651 ,
2570 3587 2771 3639 interea
2799 3584 2900 3637 loci
2937 3584 3061 3637 dum
3084 3582 3234 3636 illum
3269 3583 3586 3636 accersimus
3607 3623 3620 3647 ,
3643 3582 3748 3633 dum

2196 3678 2309 3745 ejus
2362 3678 2637 3730 adventum
2682 3684 3079 3745 exspectamus,
3138 3674 3268 3727 abiit
3325 3691 3351 3727 e
3414 3675 3547 3728 cita.
3608 3671 3749 3742 Atqui

2197 3767 2369 3823 Graeci
2401 3769 2455 3821 in
2495 3768 2797 3839 hlenologio
2842 3768 2929 3821 die
2964 3782 3134 3821 xxvm
3178 3766 3427 3821 Octobris
3475 3765 3533 3821 S.
3572 3764 3749 3818 Firmi-

2196 3854 2328 3908 liani
2357 3854 2616 3907 Caesareae
2657 3854 2713 3907 in
2748 3852 3087 3923 Cappadocia
3121 3851 3359 3921 episcopi
3392 3850 3592 3906 festum
3624 3849 3747 3903 diem

2198 3954 2381 4014 agunt.
2428 3944 2635 4011 Quare,
2666 3952 2727 3998 ut
2768 3944 2887 4014 jure
2922 3944 3099 4012 arguit
3136 3940 3335 4011 Pagius
3367 3940 3466 4011 (7),
3501 3944 3548 3996 si
3586 3956 3647 3996 eo
3676 3940 3749 3992 die

2196 4033 2549 4089 Firmilianus
2586 4035 2651 4088 ad
2689 4049 2917 4103 superos
2950 4033 3199 4098 transiit,
3230 4042 3357 4088 tunc
3390 4033 3507 4102 jam
3540 4046 3747 4103 congre-

2129 4111 2170 4165 Β
2200 4137 2319 4198 gata
2348 4138 2465 4181 erat
2496 4127 2735 4197 synodus
2763 4126 3119 4181 Antiochena.

2276 4236 2457 4304 Atque
2494 4250 2559 4289 ex
2588 4236 2676 4290 his
2707 4235 2985 4289 enimvero
3022 4233 3180 4302 longo
3215 4231 3500 4286 aberrasse
3548 4229 3753 4283 Pearso-

2203 4324 2354 4378 nium
2380 4324 2706 4395 colligimus,
2738 4325 2831 4393 qui
2864 4322 3083 4376 unicum
3117 4331 3324 4375 tantum
3354 4320 3643 4375 concilium
3663 4318 3754 4369 Au-

2203 4416 2511 4473 tiochenum
2535 4419 2589 4472 in
2606 4433 2769 4473 causa
2794 4415 3131 4473 Samosateni
3149 4425 3395 4471 coactum
3422 4430 3569 4469 anno
3582 4424 3750 4468 ccmt

2202 4511 2485 4580 agnoscit;
2519 4526 2549 4564 a
2586 4526 2693 4579 quo
2726 4521 3008 4579 propterea
3054 4510 3246 4564 merito
3276 4508 3544 4563 dissident
3579 4508 3653 4560 vel
3678 4504 3748 4559 sui

2200 4606 2556 4670 contribules,
2602 4604 2791 4659 Bullus
2835 4603 2909 4674 (8)
2954 4612 3008 4658 et
3046 4602 3334 4658 Dodvellus
3363 4602 3464 4671 (9),
3507 4610 3567 4655 ut
3609 4598 3750 4653 'l'ille-

2202 4693 2842 4766 montium(l0)aliosque
2863 4694 3198 4750 omittamus.
3222 4693 3404 4764 Neque
3430 4692 3658 4747 advertit
3683 4688 3750 4739 vir

2201 4796 2395 4841 caetera
2417 4788 2629 4851 doctus,
2660 4788 2800 4842 hanc
2822 4787 3087 4859 synodum
3115 4802 3222 4856 qua
3250 4786 3317 4841 de
3342 4786 3574 4857 agimus,
3605 4780 3750 4834 Euse-

2202 4877 2293 4931 bio
2324 4886 2637 4946 postremam
2664 4887 2949 4948 eapropter
2980 4878 3177 4933 dictam
3212 4888 3271 4931 ut
3306 4876 3468 4932 modo
3495 4874 3747 4932 vidimus.

2199 4969 2345 5040 quod
2407 4971 2595 5039 primae
2650 4970 2897 5025 videlicet
2952 4972 3292 5025 meminisset
3349 4969 3478 5040 (ll),
3541 4967 3596 5021 in
3653 4976 3746 5033 qua

2202 5062 2428 5116 maxime
2462 5064 2789 5117 eminuerunt
2814 5061 3161 5116 Firmilianus
3184 5046 3448 5117 Caesarea:
3481 5057 3747 5129 Cappado-

2201 5169 2319 5206 cum
2372 5155 2671 5224 episcopus,
2730 5155 3009 5225 Gregorius
3056 5154 3475 5223 Thaumaturgus
3524 5151 3746 5218 aliique;

2263 5359 2335 5429 (8)
2376 5358 2538 5423 Bull.,
2583 5357 2761 5411 Iudic.
2807 5353 2954 5410 Eccl.
2991 5356 3152 5421 cat/1.,
3185 5370 3303 5423 cap.
3346 5355 3402 5419 5,
3440 5353 3469 5428 5
3518 5354 3585 5419 7,
3628 5365 3737 5421 pag.

2117 5444 2158 5498 ε
2191 5430 2280 5483 ‘28.

2265 5499 2341 5581 (9)
2378 5496 2843 5581 Dodvtthissert.
2883 5498 3023 5566 sing.
3068 5495 3133 5548 ad
3166 5510 3289 5565 opp.
3325 5493 3508 5548 Pears.
3539 5508 3657 5561 cap.
3693 5488 3739 5548 6.

2200 5570 2655 5711 ξέῗὸμΐῗίιέιξιί,
2704 5635 3054 5711 Menunecclq
3108 5650 3237 5689 tom.
3290 5632 3379 5698 ιν,
3431 5641 3544 5688 not.
3591 5632 3620 5685 ι
3657 5640 3743 5683 sur

2196 5706 2329 5764 Paul
2359 5706 2423 5761 de
2460 5708 2693 5771 Samos,
2725 5723 2843 5776 pag.
2877 5706 2997 5758 666.

2269 5779 2378 5852 (tl)
2419 5777 2640 5847 Euseb,
2679 5772 2818 5832 Il’ist'.
2852 5775 3004 5843 ecct.,
3033 5776 3125 5831 lib.
3154 5789 3251 5843 vn,
3276 5789 3395 5844 cap.
3430 5772 3516 5826 28.

3756 5238 3763 5305 ἓ
