3882 6536
208 406 301 462 349

899 404 1314 460 MALCHIONIS
1350 404 1684 462 EPISTOLA
1719 405 1995 462 CONTRA
2032 382 2328 464 PAULUM'
2369 403 2708 461 SAMOSAT.

3302 410 3409 465 250
3450 364 3461 379 ‘

208 534 422 591 quorum
446 528 624 574 tamen
662 520 800 574 alter
842 531 1071 576 mortem
1106 521 1436 591 oppetierat,
1473 538 1582 591 quo
1617 531 1752 577 tem-
1780 529 1826 585 Α
1854 521 2135 577 Fabricius
2180 520 2312 589 (l6),
2360 521 2454 589 qui
2499 518 2807 588 Hieronymi
2858 519 3228 573 auctoritatem
3268 538 3408 589 quo-

208 627 321 679 pore
351 619 534 665 coacta
563 610 665 664 fuit
687 619 987 678 postrema;
1015 612 1148 668 alter
1170 629 1295 668 vero
1318 615 1371 668 in
1393 614 1633 683 ejusdem
1661 631 1749 669 ae-

210 705 268 757 tis
292 702 533 769 nuspiam
576 712 871 771 comparet,
903 712 1017 757 tum
1044 715 1099 759 et
1144 705 1257 773 ipse
1290 705 1519 761 fortasse
1552 706 1748 761 defun-

209 810 329 849 ClllS.
355 790 623 847 Nimirum
660 793 714 847 in
750 794 929 863 priore
947 834 961 859 ,
989 811 1133 851 anno
1161 794 1361 851 Christi
1397 814 1586 853 ccum
1615 801 1752 853 cele-

209 887 364 948 brata,
392 883 784 939 Samosatenus
823 886 1093 955 dogmatis
1128 887 1212 941 sui
1252 888 1540 943 novitatem
1567 890 1749 944 occul-

207 984 308 1029 tare
335 974 560 1029 adnisus
578 1015 594 1039 ,
629 974 898 1029 indemnis
920 976 1128 1042 evasit;
1157 976 1213 1030 in
1240 979 1539 1046 posteriore
1570 988 1749 1033 autem

208 1064 337 1117 circa
369 1078 573 1117 annum
617 1080 788 1119 ccux
844 1066 1325 1131 habita,Ecclesise
1371 1069 1752 1123 communione

208 1154 507 1209 interdictus
539 1164 702 1225 atque
733 1157 801 1212 ah
830 1158 1120 1227 episcopali
1157 1161 1284 1214 sede
1310 1160 1553 1229 dejectus
1584 1160 1752 1216 fuisse

208 1246 518 1316 perhibetur.

268 1336 344 1389 l-ll.
383 1335 650 1392 Damnato
700 1339 882 1409 itaque
927 1339 1094 1396 Paulo
1144 1352 1197 1398 et
1240 1342 1450 1400 Domno
1495 1346 1749 1412 suﬂ‘ecto,

209 1430 374 1483 Patres
398 1428 725 1484 Antiocheni
750 1447 939 1497 unum,
967 1434 1045 1487 ait
1074 1432 1340 1490 Eusebius
1365 1437 1497 1507 (12),
1523 1453 1587 1493 ex
1614 1455 1755 1491 com-

209 1522 335 1575 muni
359 1523 617 1575 sententia
645 1522 715 1575 ad
748 1522 1062 1593 Dionysium
1104 1526 1354 1583 Romana:
1379 1530 1524 1583 urbis
1556 1531 1754 1598 episco-

208 1635 313 1686 pum
334 1626 382 1671 et
401 1617 470 1670 ad
506 1615 805 1670 Maximum
833 1618 1251 1673 Alexandrinum
1287 1623 1607 1692 scripserunt
1638 1628 1751 1693 epi-

206 1710 397 1763 stolam.
447 1709 605 1765 lianc
648 1719 828 1764 autem
871 1711 1153 1781 epistolam
1198 1714 1512 1783 synodicam
1562 1716 1754 1772 litteris

207 1801 539 1870 consignasse
578 1799 934 1855 Malchionem
961 1840 976 1863 ,
1000 1802 1156 1857 testis
1185 1812 1268 1858 est
1300 1804 1604 1862 luculentus
1638 1806 1755 1862 Hie-

1849 615 2138 670 dammodo
2192 614 2404 667 elevare
2464 611 2901 681 aggrediuntur:
2962 611 3085 665 licet
3143 614 3411 681 posterior

1850 708 2043 762 melius
2096 707 2414 771 consultus,
2481 704 2800 759 sententiam
2850 704 3103 773 deinceps
3158 706 3407 769 mutarit,

1849 799 2201 855 Malchionem
2250 797 2495 868 ejusdem
2537 797 2778 864 epistola:
2818 797 3087 867 synodicae
3134 805 3409 851 auctorem

1850 907 2149 963 agnoscens
2190 891 2325 961 (l7).
2376 889 2434 943 In
2479 905 2640 956 quam
2678 888 2893 957 quidem
2926 887 3243 941 sententiam
3288 904 3414 943 con-

1850 985 2082 1041 cessisse
2120 997 2338 1053 quoque
2387 983 2456 1035 cl.
2502 980 2837 1035 Harduiuum
2872 980 3006 1051 (18),
3043 982 3182 1035 duce
3226 985 3411 1051 procul

1850 1078 2013 1133 dubio
2044 1076 2393 1147 Hieronymo,
2430 1075 2702 1129 novimus.

1919 1170 2218 1234 Caeterum,
2253 1183 2377 1222 cum
2408 1166 2586 1220 tradat
2620 1165 2883 1221 Eusebius
2910 1166 3039 1236 (l9),
3078 1175 3409 1235 postremum

1850 1260 1999 1315 istud
2048 1260 2447 1314 Antiochenum
2518 1258 2808 1312 concilium
2862 1257 3189 1312 celebratum
3244 1261 3413 1314 fuisse

1854 1350 2169 1421 temporibus
2230 1348 2503 1403 Aureliani
2560 1350 2926 1418 imperatoris,
2974 1365 3134 1417 quem
3195 1351 3413 1418 quidem

1851 1460 1994 1499 anno
2017 1460 2187 1499 ccux
2216 1443 2358 1497 circa
2385 1458 2621 1498 mensem
2660 1442 2893 1511 Aprilem
2938 1440 3163 1496 Claudio
3210 1442 3253 1495 ll
3287 1460 3413 1500 suc-

1850 1537 2081 1592 cessisse
2110 1551 2231 1591 cum
2265 1534 2609 1589 Tillemontio
2638 1532 2749 1603 (9.0)
2778 1548 3064 1588 censemus
3089 1552 3102 1599 ;
3135 1544 3413 1603 propterea

1850 1631 2039 1684 eodem
2060 1644 2203 1683 anno
2225 1636 2476 1683 currente
2500 1627 2853 1695 perscriptam
2878 1626 3047 1680 fuisse
3069 1643 3098 1679 a
3121 1627 3417 1682 Malchione

1854 1718 1995 1773 hanc
2028 1718 2340 1789 synodieam
2381 1716 2666 1785 epistolam
2704 1716 3109 1782 existimamus,
3136 1732 3257 1770 cum
3296 1717 3417 1771 Dio-

1856 1810 1994 1881 nysii
2025 1809 2254 1863 Romani
2284 1808 2553 1878 pontiﬁcis
2580 1808 2761 1862 obitus
2800 1808 3050 1862 nuntium
3075 1808 3416 1862 Antiochiam

207 1908 447 1963 ronymus
481 1893 596 1963 (13)
626 1910 641 1947 :
674 1892 776 1948 Sed
812 1905 861 1947 et
904 1895 1012 1948 alia
1032 1935 1047 1959 ,
1074 1897 1267 1967 inquit,
1290 1900 1505 1966 grandis
1534 1901 1755 1967 epistola
1788 1871 1827 1925 Β
1856 1871 2096 1955 nondum
2127 1871 2479 1969 pervenisset.

206 1999 260 2036 ea:
291 1999 507 2051 persona
554 1985 778 2053 synodi,
808 1985 871 2038 ab
911 2001 969 2039 eo
1010 1988 1206 2056 scripta
1249 1989 1317 2041 ad
1358 1989 1665 2060 Dionysium
1706 2000 1755 2045 et

209 2072 501 2140 Maximum,
526 2074 781 2131 Romanae
805 2087 854 2131 et
876 2078 1253 2135 Alexandrino?
1274 2080 1523 2136 Ecclesia:
1550 2084 1753 2151 episco-

94 2171 98 2175 “
207 2184 305 2236 pos,
331 2168 606 2237 dirigitur.
638 2167 822 2238 Neque
852 2171 1050 2224 mirum
1077 2187 1236 2237 sane,
1266 2175 1537 2229 antistites
1568 2176 1757 2230 Antio-

208 2261 387 2315 chenos
418 2261 470 2314 id
504 2262 753 2315 muneris
779 2260 1067 2318 Malchioni
1096 2267 1377 2330 detulisse,
1402 2268 1518 2322 viro
1548 2270 1758 2323 scilicet

208 2350 584 2417 disertissimo;
626 2352 829 2422 quique
856 2364 1096 2425 suscepta
1130 2358 1483 2426 disputatione
1510 2359 1755 2414 adversus

213 2441 450 2508 Paulum,
495 2452 562 2498 ut
614 2445 805 2500 scribit
847 2446 1114 2504 Eusebius
1149 2451 1283 2521 (14),
1329 2451 1473 2506 solus
1525 2453 1755 2505 omnium

210 2534 413 2589 occultos
444 2536 677 2591 hominis
720 2555 898 2593 sensus
934 2538 1247 2610 fraudesque
1284 2542 1515 2612 detegere
1548 2544 1755 2607 valuit;

212 2635 260 2678 ut
292 2637 571 2697 propterea
615 2630 837 2685 minime
875 2631 1127 2686 audiendi
1164 2633 1273 2687 sint
1309 2630 1519 2688 Caveus
1554 2632 1666 2704 (l3)
1703 2642 1757 2688 et

1923 1992 2093 2047 Porro
2123 1992 2391 2062 ejusmodi
2425 1989 2811 2045 ecclesiastica:
2840 1990 3180 2060 antiquitatis
3221 2006 3417 2044 monu-

1857 2093 2098 2138 mentum
2130 2098 2194 2136 ex
2234 2080 2467 2135 Eusebio
2498 2079 2788 2135 Valesiano
2822 2082 3237 2150 descripsimus,
3268 2084 3419 2137 addi-A

1857 2176 1928 2228 tis
1952 2190 2169 2244 quoque
2202 2170 2518 2243 fragmentis
2541 2173 2805 2241 ejusdem,
2838 2181 2896 2226 ut
2923 2174 3153 2237 videtur,
3180 2176 3420 2243 epistola:

1856 2282 1976 2336 qua:
2029 2267 2170 2337 apud
2232 2265 2519 2320 Leontium
2582 2264 2899 2336 Byzantium
2953 2277 3236 2320 servantur
3283 2267 3417 2337 (2|).

1854 2358 2119 2412 Prreterea
2170 2348 2501 2426 subjecimus
2549 2373 2613 2411 ex
2664 2358 2853 2411 eodem
2898 2354 3124 2412 Leontio
3169 2368 3222 2411 et
3260 2357 3421 2411 Petro

1856 2452 2094 2506 Diacono
2130 2450 2264 2521 (2‘2),
2295 2465 2416 2519 qum
2463 2458 2721 2519 superant
2755 2464 2822 2502 ex
2866 2450 3015 2503 Actis
3040 2450 3420 2519 disputationis

1856 2544 2051 2597 habitu;
2090 2558 2121 2597 a
2173 2542 2477 2597 Malehione
2522 2552 2713 2599 contra
2761 2546 3216 2609 Samosatenum,
3263 2542 3421 2612 cujus

1853 2637 2019 2709 paulo
2049 2647 2173 2692 ante
2196 2638 2565 2693 meminimus.

1272 3014 2244 3147 MALCHIONIS

630 3270 1229 3362 ECCLESIIE
1334 3270 2155 3363 ANTIOCHENIE
2233 3273 2979 3362 PRESBYTERI

1473 3484 2163 3599 EPISTOLA

410 3706 503 3767 Ex
542 3720 814 3784 persona
847 3703 1263 3768 Antiochense
1314 3704 1547 3785 synodi
1604 3704 1976 3785 perscripta,
2036 3705 2344 3769 adversus
2387 3706 2656 3769 Paulum
2692 3708 3196 3772 Samosatenum.

1141 4162 1293 4230 Apud
1322 4161 1609 4217 Eusebium
1655 4160 1802 4216 Hist.
1846 4162 1970 4217 πει.
2000 4162 2092 4216 lib.
2121 4169 2357 4232 vu,‘cap.
2384 4161 2472 4217 30.
2518 4162 2527 4177 ’

283 4272 523 4341 Διονυσίῳ
553 4271 647 4325 καὶ
676 4270 911 4342 Μαξίμῳ
940 4273 1033 4325 καὶ
1062 4275 1175 4335 τοῖς
1203 4273 1341 4326 κατὰ
1371 4273 1470 4343 τὴν
1509 4271 1757 4342 οἰκουμέ-

1930 4273 2186 4345 Dionysio
2226 4283 2280 4327 et
2307 4273 2565 4336 Maximo,
2599 4282 2652 4326 et
2677 4272 2931 4326 omnibus
2974 4287 3068 4342 per
3106 4271 3428 4328 universum

226 4380 307 4433 νην
335 4366 458 4417 πᾶσι
484 4363 914 4435 συλλειτουργοίς
944 4364 1099 4435 ἡμῶν
1130 4364 1447 4428 ἐπισκόποις
1479 4366 1571 4416 καὶ
1604 4380 1764 4436 πρεσ-

230 4454 443 4527 ϐυτέροις
468 4458 566 4511 καὶ
596 4456 888 4519 διακόνοις·
924 4458 1016 4509 καὶ
1046 4457 1191 4529 πάσῃ
1229 4460 1295 4527 τῇ
1339 4458 1443 4509 ὑπὸ
1476 4459 1565 4510 τὸν
1596 4458 1763 4529 οὐρα-

228 4548 301 4600 νὸν
334 4550 587 4621 καθολικῇ
632 4549 943 4621 Ἐκκλησίᾳ,
973 4550 1189 4613 Ἕλενος
1221 4550 1315 4603 καὶ
1360 4549 1645 4619 Ὑμέναιος
1674 4551 1766 4603 καὶ

230 4639 453 4711 Θεόφιλος
481 4644 579 4696 καὶ
608 4642 894 4705 Θεότεκνος
928 4643 1020 4695 καὶ
1050 4642 1325 4712 Μάξιμοςο
1360 4642 1599 4713 Πρόκλος
1624 4660 1636 4671 ·
1672 4644 1767 4695 Νι-

232 4732 379 4802 ardua;
404 4736 497 4787 καὶ
526 4733 772 4795 Αὶλιανὸς
818 4732 964 4800 (25)·
1010 4732 1104 4784 καὶ
1142 4731 1350 4795 Παῦλος
1386 4734 1479 4785 καὶ
1524 4732 1767 4797 Βώλανος

234 4822 311 4875 καὶ
339 4825 685 4896 Πρωτογένης
716 4824 810 4876 καὶ
854 4822 1023 4895 Ἰέραξ
1047 4822 1140 4875 καὶ
1169 4822 1424 4892 Εὑτύχιος
1450 4824 1544 4876 καὶ
1568 4823 1769 4876 Θεόδω-

235 4928 310 4979 ρος
334 4915 419 4968 καὶ
446 4913 704 4983 Μαλχίων
745 4913 838 4965 καὶ
868 4911 1095 4973 Λούκιος
1117 4927 1130 4940 ’
1162 4911 1257 4964 καὶ
1288 4912 1337 4963 οἱ
1365 4911 1541 4965 λοιποὶ
1571 4913 1768 4977 πάντες

294 5134 392 5204 (l‘l)
426 5134 651 5197 Euseb,
683 5133 821 5204 Hist.
852 5132 1033 5204 eccles.
1069 5132 1167 5185 lib.
1193 5148 1291 5195 vn,
1328 5146 1449 5204 cap.
1477 5131 1569 5189 50.

432 5203 789 5277 llieron.,_De
840 5203 935 5257 vir.
966 5203 1186 5277 iljustm
1220 5218 1339 5271 cap.
1372 5202 1457 5255 7i.

295 5273 393 5340 (Ii)
432 5276 652 5330 Euseb..
688 5273 723 5325 I.
755 5288 804 5326 c.
836 5288 956 5342 cap.
988 5273 1075 5326 9.9.

240 5338 396 5464 Bg?»
433 5348 584 5409 Cav.,
622 5342 767 5397 Hist.
803 5338 920 5397 litt:
947 5343 1013 5398 ad
1052 5358 1179 5399 ann.
1213 5340 1350 5406 270,
1388 5350 1518 5396 tom.
1560 5338 1613 5406 Ι,
1647 5357 1771 5413 pag.

242 5482 397 5603 16(116)
432 5483 645 5540 Fabric.
664 5525 679 5549 ,
709 5482 853 5538 Bibl.
884 5482 1008 5537 eccl.
1034 5483 1088 5537 in
1129 5490 1242 5536 not.
1268 5482 1333 5536 ad
1361 5480 1581 5536 Hieron.
1606 5521 1620 5546 ,
1650 5497 1771 5553 pag.

436 5622 670 5703 fabris"
703 5623 842 5703 Binbl.
867 5620 956 5703 Gr.
988 5631 1119 5703 tom.
1143 5621 1236 5703 ξι,
1266 5638 1391 5703 pag.

243 5692 399 5813 αξη(18)
439 5693 721 5817 ξιοῖᾱυίιιη
752 5694 961 5748 Concil.
1005 5702 1136 5749 tom.
1171 5692 1226 5759 l,
1266 5690 1400 5750 edit.
1437 5690 1620 5749 Venet.
1654 5707 1771 5764 pag.

335 5803 347 5817 .
378 5779 441 5815 no
470 5804 481 5816 .
547 5802 562 5816 .

335 5803 347 5818 ο
378 5779 481 5817 n0t.
512 5779 562 5817 1.

302 5831 404 5902 (19)
425 5826 629 5891 'Buseb.
662 5834 698 5889 l.
723 5849 770 5933 cy.
804 5848 923 5906 cap.
951 5832 1039 5889 50.

1863 4366 2049 4419 orbem
2085 4364 2475 4419 comministris
2510 4364 2742 4428 nostris,
2775 4364 3066 4432 episcopis,
3102 4365 3430 4436 presbyteris

1863 4469 1914 4510 et
1947 4457 2219 4520 diaconis;
2245 4466 2297 4510 et
2322 4456 2583 4510 universa:
2605 4453 2858 4510 Ecclesia:
2875 4454 3156 4509 catholicze
3178 4471 3299 4525 quae
3328 4456 3430 4509 sub

1865 4546 2003 4601 ccelo
2022 4554 2123 4610 est,
2147 4543 2381 4599 Helenus
2398 4555 2450 4599 et
2480 4542 2820 4615 Hymenaeus,
2840 4543 3190 4613 Theophilus,
3210 4543 3432 4598 Theote-

1867 4636 2315 4702 cnus,l\laximus,
2330 4636 2612 4699 Proculus,
2630 4634 2903 4699 Nicomas,
2922 4635 3187 4697 Ailianus,
3207 4635 3428 4699 Paulus,

1866 4729 2120 4793 Bolanus,
2143 4726 2496 4797 Protogenes,
2521 4726 2740 4789 Hierax,
2768 4726 3085 4796 Eutychius,
3111 4726 3430 4781 Theodorus

1866 4831 1918 4875 et
1948 4821 2215 4875 Malchion
2245 4832 2297 4874 et
2330 4819 2562 4887 Lucius;
2590 4829 2642 4874 et
2668 4820 2862 4888 reliqui
2904 4834 3093 4872 omnes
3126 4818 3217 4887 qui
3247 4819 3431 4872 nobis-

1867 4930 1989 4968 cum
2032 4922 2159 4968 sunt
2194 4913 2493 4968 vicinarum
2532 4912 2748 4966 urbium
2786 4919 2841 4966 et
2881 4909 3281 4982 provinciarum
3311 4911 3430 4979 cpi-

1870 5196 1878 5201 _
1949 5132 2052 5200 (20)
2093 5131 2302 5186 Tillem.
2322 5171 2336 5192 ,
2366 5128 2507 5182 Hist.
2540 5129 2629 5181 des
2651 5140 2784 5195 einp.
2806 5168 2821 5194 ,
2848 5136 2981 5183 tom.
3014 5125 3107 5191 lll,
3136 5135 3249 5181 not.
3276 5127 3309 5181 5
3336 5141 3433 5182 sur

1870 5204 2077 5267 Aurel.,
2111 5219 2230 5270 pag.
2256 5201 2378 5254 532.

1935 5265 2287 5339 (2|)Leont.
2308 5271 2456 5339 Byz.,
2489 5269 2581 5321 lib.
2612 5283 2670 5339 tu
2701 5277 2873 5322 contr.
2901 5265 3273 5339 Nestor.,_stili
3304 5266 3397 5320 ﬁn.

1943 5344 2056 5411 (2'2)
2094 5341 2239 5395 Petr.
2267 5337 2448 5397 Diae.
2490 5340 2585 5394 lib.
2624 5338 2701 5393 De
2732 5339 2995 5391 incarnat.
3044 5338 3112 5392 ad
3151 5337 3429 5408 Fulgcnt.,

1874 5429 1993 5469 can.
2021 5412 2073 5465 6.

1942 5431 2446 5551 l(,é3:)).Aiftt.llardc.
2470 5479 2525 5534 ln
2555 5481 2741 5536 codice
2766 5478 2991 5539 Mazar.,
3020 5477 3429 5551 FuketJSavil.

1877 5564 1931 5609 et
1956 5548 2093 5605 Med.
2126 5548 2373 5615 Λέλιανὸς
2399 5552 2611 5621 legitur.
2650 5551 2876 5603 Rulinus
2902 5564 3119 5621 quoque
3154 5548 3433 5621 IElianum

1716 5674 1719 5677 λ
1806 5621 1853 5680 D
1879 5632 2059 5687 vocat,
2084 5632 2245 5688 atque
2293 5622 2362 5675 ita
2398 5617 2509 5676 fere
2542 5620 2877 5689 Nicephorus
2906 5628 2959 5671 et
2982 5617 3282 5687 Syncellus.
3313 5619 3432 5671 Cae-

1884 5705 2056 5748 terum
2090 5692 2440 5756 Athanasius,
2471 5694 2521 5744 in
2572 5692 2711 5744 libro
2760 5689 2831 5741 De
2877 5690 3089 5757 synodis
3120 5689 3347 5741 Arimini
3382 5695 3433 5739 et

1885 5763 2164 5824 Seleuciar,
2195 5772 2420 5826 testatur
2451 5764 2502 5814 in
2547 5762 2649 5814 hac
2681 5759 2886 5830 synodo
2915 5758 2980 5812 '30
3026 5758 3189 5816 fuisse
3226 5759 3431 5822 Patres,

1885 5834 1977 5905 qui
2010 5832 2236 5888 Paulum
2268 5832 2705 5887 Samosatensem
2731 5831 3118 5897 deposuerunt.
3144 5830 3335 5884 Vsus.
