3882 6546
481 364 589 418 255

1672 368 2091 431 MALCHIONIS
2120 371 2540 427 ANTIOCHENI

3599 373 3692 429 256

484 480 763 538 lacerabat
798 503 812 540 :
844 485 910 541 de
939 502 999 542 se
1027 495 1206 541 autem
1241 489 1354 557 ipse
1392 489 1675 558 magniﬁce
1700 491 2042 560 loquebatur,

2147 492 2269 556 τοὺς
2298 493 2397 563 μὲν
2429 495 2509 557 είς
2547 493 2635 547 τὸν
2668 491 2867 564 Κύριον
2894 492 3051 565 ἡμῶν
3090 491 3293 564 Ἰησοῦν
3318 491 3550 563 Χριστὸν
3574 496 3697 545 mb-

485 591 591 629 non
625 587 683 630 ut
711 578 1020 648 episcopus,
1065 580 1156 635 sed
1195 591 1253 634 ut
1297 581 1534 650 sophista
1588 583 1809 651 quidam
1855 591 1908 637 et
1944 580 2047 635 im-

482 678 690 736 postor.
724 668 1028 736 Quinetiam
1052 673 1286 741 psalmos
1310 673 1362 725 in
1390 674 1649 727 honorem
1677 673 1889 727 Domini
1916 672 2044 727 Jesu

483 758 685 814 Christi
710 762 829 815 cani
866 763 1075 826 solitos,
1114 764 1271 833 quasi
1300 765 1546 819 novellos
1582 774 1635 819 et
1667 780 1696 818 a
1728 765 2044 819 recentiori-

482 849 586 904 bus
610 851 920 906 bnminihus
941 856 1276 922 compositos
1305 853 1556 907 abolevit.
1590 851 1840 907 Mulieres
1865 861 2043 905 autem

482 958 679 1011 magno
707 942 928 998 Pascha:
949 944 1035 998 die
1068 944 1123 997 in
1155 944 1329 998 media
1358 943 1585 999 ecclesia
1610 942 1848 1012 psalmos
1880 957 2045 1013 quos-

481 1034 604 1087 dam
642 1050 839 1089 canere
883 1036 948 1088 ad
997 1036 1083 1089 sui
1117 1036 1291 1105 ipsius
1336 1036 1549 1091 laudem
1591 1036 1855 1101 instituit;
1898 1035 2043 1105 quod

480 1127 701 1195 quidem
755 1131 1099 1186 audientibus
1158 1132 1439 1187 horrorem
1480 1134 1675 1189 merito
1727 1133 2037 1187 incusserit.

2155 601 2270 647 σας,
2294 584 2368 648 ὡς
2387 585 2448 656 δὴ
2478 585 2770 656 νεωτέρους
2794 585 2886 638 καὶ
2909 585 3179 655 νεωτέρων
3205 584 3405 655 ἀνδρῶν
3428 585 3698 655 συγγράμο

2155 688 2314 741 ματα·
2347 674 2423 734 είς
2454 673 2640 726 ἑαυτὸν
2666 672 2721 725 δὲ
2746 676 2802 726 ὲν
2826 672 2966 746 μέσῃ
2991 676 3054 744 τῇ
3084 672 3359 745 ἐκκλησίᾳ,
3390 677 3458 744 τῇ
3504 675 3696 747 μεγάλῃ

2149 763 2240 815 τοῦ
2270 764 2456 834 Πάσχα
2487 766 2667 836 ἡμέρᾳ
2709 765 3013 836 ψαλμῳδεῖν
3053 770 3313 834 γυναῖκας
3366 770 3694 836 παρασκευά-

2150 852 2276 919 ζων,
2304 849 2377 907 ὧν
2402 856 2494 908 καὶ
2526 857 2763 920 ἀκούσας
2793 856 2857 910 ἄν
2898 875 2980 920 τις
3028 857 3284 929 φρίξειεν.
3319 852 3418 911 Οἷα
3465 859 3556 911 καὶ
3586 861 3697 921 τοὺς

2150 945 2491 1009 θωπεύοντας
2517 948 2676 1000 αὑτὸν
2697 949 3024 1012 ἐπισκόπους
3044 949 3149 1002 τῶν
3171 950 3380 1021 ὁμόρων
3401 948 3586 1021 ἀγρῶν
3601 949 3700 1021 (38)

2145 1056 2203 1091 τε
2237 1039 2328 1091 καὶ
2354 1038 2555 1091 πόλεων
2588 1039 2679 1091 καὶ
2719 1038 3137 1111 πρεσϐυτέρους,
3168 1043 3225 1093 ὲν
3281 1043 3399 1104 ταῖς
3445 1040 3582 1111 πρὸς
3619 1040 3699 1094 τὸν

2144 1129 2270 1183 λαὸν
2292 1128 2526 1201 ὁμιλίαις
2554 1129 2771 1200 καθίησι
2797 1130 3151 1200 διαλέγεσθαι.

483 1217 779 1288 Episcopos
809 1237 1028 1291 quoque
1067 1222 1370 1277 vicinorum
1410 1240 1670 1295 pagorum
1695 1235 1749 1280 et
1776 1225 2073 1289 civitatum,
2113 1238 2212 1277 nec
2240 1236 2354 1275 non
2400 1230 2453 1276 et
2494 1222 2834 1292 presbyteros
2873 1232 3233 1279 assentatores
3268 1238 3396 1279 suos
3437 1222 3699 1287 submisit,

481 1311 575 1379 qui
608 1312 659 1365 in
686 1316 799 1387 suis
828 1313 894 1367 ad
926 1315 1183 1383 populum
1218 1316 1571 1371 conciobibus
1604 1317 1791 1371 eadem
1828 1318 1895 1371 de
1922 1317 2039 1385 ipso
2079 1314 2454 1383 prmdicarent.

550 1401 635 1457 lll.
670 1403 882 1458 Etenim
905 1405 1101 1460 Filium
1128 1407 1220 1461 Dei
1245 1422 1276 1461 e
1300 1408 1438 1462 caelo
1461 1408 1824 1474 descendisse,
1856 1407 2044 1461 nobis-

481 1508 605 1548 cum
641 1497 884 1550 conﬁteri
914 1498 1112 1562 renuit,
1137 1509 1197 1554 ut
1225 1500 1430 1569 aliquid
1454 1501 1627 1556 obiter
1654 1500 2044 1570 praemittamus

480 1602 547 1641 ex
575 1588 639 1642 iis
666 1604 787 1657 quaa
814 1588 953 1643 infra
984 1590 1207 1645 uberius
1240 1603 1592 1662 exponentur.
1618 1591 1801 1662 Neque
1838 1591 1889 1644 id
1913 1591 2045 1645 sim-

483 1680 606 1749 plici
636 1682 938 1735 assertione
957 1692 1163 1749 nostra,
1193 1685 1287 1739 sed
1308 1700 1374 1739 ex
1400 1686 1531 1754 ipsis
1552 1702 1674 1756 quae
1708 1686 1775 1739 ad
1813 1699 1906 1739 vos
1940 1683 2043 1736 mi-

483 1774 656 1829 simus
687 1775 864 1830 Gestis
881 1790 988 1829 non
1024 1779 1192 1831 semel
1220 1778 1528 1833 declaratur
1564 1797 1579 1834 :
1624 1779 1859 1833 maxime
1890 1793 2040 1840 vero,

2219 1404 2320 1456 Τὸν
2344 1404 2441 1475 μὲν
2471 1403 2579 1475 γάρ
2612 1403 2737 1456 Υίὸν
2779 1404 2871 1458 τού
2908 1404 3039 1458 Θεοῦ
3069 1407 3129 1458 ού
3163 1405 3403 1476 βούλεται
3431 1409 3699 1477 συνομολο-

2149 1500 2261 1563 γεῖν
2294 1496 2354 1560 ἐξ
2393 1496 2619 1568 ούρανοῦ
2659 1496 3095 1567 κατεληλυθέναι,
3136 1499 3221 1552 ἵνα
3259 1515 3312 1551 τι
3355 1498 3699 1569 προλαϐόντες

2148 1586 2253 1638 τῶν
2315 1586 2611 1656 μελλόντων
2654 1587 3027 1659 γραφήσεσθαι
3078 1587 3277 1658 θῶμεν·
3324 1590 3416 1641 καὶ
3452 1588 3606 1643 τοῦτο
3645 1590 3699 1644 ού

2149 1678 2289 1747 λόγῳ
2320 1678 2459 1750 ψιλῷ
2494 1680 2805 1751 ῥηθήσεται,
2840 1679 2956 1733 ἀλλ’
3001 1679 3059 1745 ἐξ
3110 1673 3183 1734 ὧν
3226 1681 3553 1752 ἐπέμψαμεν
3581 1682 3700 1735 ὁπο-

2150 1770 2440 1838 μνημάτων
2473 1770 2581 1847 (59)
2606 1769 2875 1825 δείκνυται
2910 1770 3253 1842 πολλαχόθεν·
3283 1773 3396 1842 οὐχ’
3425 1774 3624 1842 ἥκιστα
3652 1773 3699 1827 δὲ

484 1861 576 1914 ubi
602 1863 734 1916 dicit
761 1861 947 1918 Jesum
973 1864 1253 1921 Christum
1287 1882 1317 1922 e
1356 1877 1495 1923 terra
1528 1877 1705 1922 ortum
1742 1868 1933 1923 fuisse.
1974 1871 2042 1922 At

2147 1859 2276 1911 ὅπου
2297 1858 2442 1927 λέγει
2459 1859 2659 1930 Ἰησοῦν
2672 1860 2902 1931 Χριστὸν
2933 1861 3174 1915 κάτωθεν
3198 1863 3349 1932 (39').
3370 1864 3433 1916 Οἱ
3462 1863 3519 1916 δὲ
3536 1866 3610 1926 είς
3624 1864 3701 1917 αύ-

482 1970 612 2009 vero
644 1955 719 2008 illi
758 1956 852 2026 qui
895 1957 950 2011 in
1001 1959 1119 2027 ejus
1165 1958 1425 2013 honorem
1456 1962 1698 2029 psalmos
1737 1970 1961 2028 canunt,
1993 1970 2046 2015 et

484 2061 666 2101 coram
704 2049 903 2117 populo
927 2064 1050 2104 eum
1087 2050 1478 2120 depraedicant,
1516 2053 1691 2121 ipsum
1741 2069 1902 2123 quem
1945 2054 2047 2107 im-

481 2139 696 2208 pietatis
727 2140 1002 2196 doctorem
1049 2142 1375 2206 habuerunt,
1420 2144 1669 2214 angelum
1707 2161 1829 2202 esse
1860 2146 2046 2201 dicunt

481 2246 513 2286 e
546 2234 684 2288 ccclo
707 2234 1007 2303 delapsum.
1031 2234 1208 2304 Atque
1238 2236 1354 2290 haec
1378 2236 1467 2290 ille
1498 2239 1739 2291 omnium
1766 2238 2045 2293 hominum

482 2326 904 2394 superbissimus
934 2343 1041 2381 non
1063 2329 1345 2398 prohibet;
1376 2330 1470 2384 sed
1499 2330 1722 2385 interest
1753 2328 2043 2400 ipse,°cum

481 2416 758 2470 dicuntur.
800 2416 938 2483 Quid
970 2418 1061 2472 hic
1092 2419 1297 2473 referre
1335 2420 1529 2474 attinet
1575 2421 2041 2486 subintroductas,

482 2515 540 2560 ut
569 2507 893 2562 Antiocheni
926 2517 1144 2573 vocant,
1200 2510 1476 2574 mulieres,
1513 2520 1622 2565 tam
1662 2513 1833 2582 ipsius
1880 2530 2043 2584 quam

481 2598 917 2667 presbyterorum
939 2598 1057 2666 ejus
1084 2613 1150 2653 ac
1186 2598 1579 2655 diaconorum?
1616 2602 1676 2656 In
1714 2603 1912 2672 quibus
1936 2620 2043 2660 non

482 2686 587 2741 hoc
608 2688 807 2752 solum,
839 2688 934 2742 sed
970 2688 1130 2742 etiam
1154 2688 1256 2742 alia
1291 2690 1616 2767 insanabilia
1635 2691 1883 2760 crimina,
1911 2709 2047 2764 quo-

481 2793 603 2830 rum
630 2777 882 2833 conscius
915 2788 999 2833 est
1024 2788 1079 2833 et
1105 2796 1337 2850 quorum
1375 2781 1523 2847 ipsos
1555 2798 1678 2838 reos
1710 2799 1831 2840 esse
1859 2788 2045 2841 convi-

481 2870 574 2936 cit,
614 2871 971 2927 nihilominus
1011 2874 1141 2944 tegit
1192 2889 1255 2929 ac
1297 2874 1623 2943 dissimulat,
1674 2887 1733 2932 ut
1783 2879 1903 2936 illos
1942 2880 2043 2936 sibi

480 2962 748 3018 obnoxios
771 2964 1000 3033 habeat;
1032 2974 1199 3035 utque
1225 2968 1353 3021 dum
1383 2968 1486 3023 sibi
1509 2969 1641 3037 ipsis
1666 2978 1932 3039 metuunt,
1964 2973 2046 3043 ip-

482 3072 604 3112 sum
636 3057 706 3111 oh
738 3073 800 3111 ea
846 3073 968 3126 quae
1012 3059 1176 3129 impie
1218 3060 1331 3138 agit
1371 3076 1433 3115 ac
1480 3061 1738 3131 loquitur,
1791 3079 2045 3120 accusare

480 3162 591 3201 non
623 3148 876 3204 audeant.
905 3148 986 3204 Ad
1018 3150 1133 3205 haec
1162 3151 1368 3207 divitiis
1398 3168 1494 3208 eos
1522 3155 1889 3223 locupletavit.
1936 3155 2043 3211 Cu-

476 3240 568 3309 jus
598 3241 675 3294 rei
701 3256 866 3295 causa
892 3242 960 3295 ab
988 3242 1053 3297 iis
1083 3244 1176 3312 qui
1214 3244 1345 3298 talia
1376 3246 1788 3315 concupiscunt,
1832 3259 2045 3303 amatur
2068 3220 2113 3276 (ἶ

480 3340 643 3402 atque
675 3334 990 3402 suspicitur.
1037 3332 1199 3401 Quid,
1261 3336 1504 3406 inquam,
1538 3339 1727 3393 attinet
1761 3340 1876 3394 haec
1907 3341 2045 3396 scri-

481 3423 649 3477 bere“!
694 3422 910 3479 Scimus
940 3425 1147 3495 utique,
1203 3425 1399 3481 fratres
1433 3428 1794 3495 dilectissimi,
1838 3431 2047 3498 episco-

481 3529 610 3582 pum
643 3522 699 3568 et
732 3515 1044 3569 universum
1072 3516 1277 3571 clerum
1312 3518 1576 3572 honorum
1629 3535 1851 3589 operum
1872 3537 2047 3576 exem-

483 3608 633 3677 plum
670 3608 1001 3662 multitudini
1028 3610 1265 3677 prazbere
1286 3609 1501 3665 debere.
1530 3609 1713 3681 Neque
1736 3613 1865 3667 illud
1889 3614 2045 3684 igno-

485 3714 692 3764 ramus,
738 3708 869 3769 quot
915 3716 980 3754 ex
1014 3702 1301 3769 eiusmodi
1352 3705 1638 3758 mulierum
1691 3707 2044 3763 contubernio

486 3794 680 3862 partim
741 3792 795 3845 in
836 3809 1073 3863 praeceps
1105 3794 1241 3864 lapsi
1285 3795 1414 3860 sint,
1439 3797 1636 3866 partim
1676 3798 1729 3851 in
1774 3801 2040 3869 suspicio-

485 3900 609 3939 nem
638 3885 897 3940 veuerint.
929 3884 1113 3955 Itaque
1154 3880 1315 3941 etiam
1342 3889 1388 3944 si
1428 3890 1551 3958 quis
1574 3893 1920 3959 concesserit,
1961 3895 2043 3947 ni-

557 4089 668 4157 (58)
714 4089 1125 4163 _’E:trgxd:tov_q-
1141 4086 1259 4140 τῶν
1285 4090 1755 4163 ὀέὀρωκάπξῷν.
1790 4090 2043 4163 Chorepi.

557 4107 668 4157 (οδ)
725 4107 1113 4154 ιπισκοπους
1141 4107 1259 4140 των
1285 4107 1514 4211 οὲορων
1542 4107 1755 4159 αγρωγ.
1790 4107 2043 4163 unorept-

488 4159 1009 4232 scoposintclligere
1043 4160 1269 4232 videtur.
1327 4175 1416 4232 los
1442 4160 1584 4232 enim
1621 4161 1903 4229 distinguit
1927 4166 2043 4232 epi-

489 4233 624 4285 stola
655 4231 721 4283 ab
752 4231 1019 4298 episcopis
1049 4229 1285 4300 urbium.
1325 4227 1433 4282 llos
1468 4230 1630 4300 igitur
1665 4231 1716 4283 in
1765 4227 2042 4287 concinni-

487 4301 605 4375 bus,
629 4302 702 4375 ad
719 4301 997 4375 populum,
1026 4298 1219 4352 similia
1245 4316 1310 4354 ac
1336 4298 1587 4375 mulieres
1630 4300 2040 4375 illaspsaltrias,

488 4373 555 4425 de
575 4367 741 4424 Paulo
792 4367 1000 4423 dixisse
1052 4378 1315 4439 asserunt
1348 4367 1534 4424 Patres
1570 4388 1583 4423 :
1614 4367 2044 4439 quod'Chr'isto-4

488 4444 793 4512 pllOl‘SOllllS
828 4456 932 4493 non
958 4440 1257 4512 intellexit._
1276 4437 1469 4512 VALES.

558 4512 671 4584 (59)
723 4508 1200 4584 Ὑπομνημάτων.
1219 4509 1389 4584 Quod
1408 4526 1568 4581 supra
1593 4513 2035 4584 robservavimus,

2146 1950 2234 2003 τὸν
2250 1950 2539 2019 ψάλλοντες
2565 1953 2656 2005 καὶ
2686 1954 3118 2024 ἐγκωμιάζοντες
3147 1958 3202 2008 ἐν
3225 1955 3302 2025 τῷ
3322 1955 3457 2026 λαῷ,
3491 1957 3699 2024 ἄγγελον

2144 2043 2234 2097 τὸν
2263 2044 2433 2113 άσεόἧ
2465 2044 2774 2102 διδάσκαλον
2807 2046 3012 2099 ἑαυτῶν
3052 2045 3109 2113 ἐξ
3140 2047 3366 2118 ούρανοῦ
3418 2048 3698 2119 κατεληλυ-

2147 2134 2295 2189 θέναι
2331 2136 2565 2204 λέγουσι.
2600 2137 2709 2189 Καὶ
2730 2136 2903 2191 ταῦτα
2934 2138 2993 2189 ού
3024 2136 3241 2204 κωλύει,
3275 2138 3412 2192 ἀλλὰ
3440 2140 3536 2192 καὶ
3566 2139 3697 2207 λεγο-

2149 2227 2327 2297 μένοις
2374 2229 2634 2299 πάρεστιν
2683 2230 2712 2281 ὁ
2757 2229 3121 2301 ὑπερήφανος.
3177 2230 3287 2294 Τὰς
3327 2230 3383 2283 δὲ
3432 2232 3698 2284 συνεισάκ-

2144 2334 2267 2380 τους
2294 2317 2404 2388 (40)
2434 2317 2595 2371 αὐτοῦ
2629 2320 2890 2387 γυναῖκας
2924 2320 2998 2383 ὼς
3045 2322 3332 2391 Ἀντιοχεῖς
3368 2321 3693 2392 ὀνομάζουσι,

2146 2408 2238 2462 καὶ
2268 2409 2372 2462 τῶν
2418 2410 2543 2480 περὶ
2570 2409 2732 2463 αύτδν
2767 2410 3150 2483 πρεσϐυτέρων
3195 2412 3287 2465 καὶ
3322 2411 3603 2477 διακόνων,
3628 2409 3695 2476 οἷς

2146 2501 2238 2553 καὶ
2268 2499 2424 2553 τούτο
2451 2501 2628 2554 καὶτὰ
2655 2501 2787 2555 ἄλλα
2811 2503 3177 2573 ἁμαρτήματα
3211 2502 3401 2556 ἀνίατα
3428 2504 3556 2557 ὄντα
3586 2522 3696 2572 συγ-

2145 2594 2394 2666 κρύπτει,
2416 2594 2666 2659 συνειδὼς
2681 2596 2772 2649 καὶ
2793 2596 3037 2664 ἐλέγξας,
3054 2597 3199 2659 ὅπως
3221 2598 3416 2660 αὐτοὺς
3434 2599 3695 2669 ὑπόχρεως

2144 2684 2260 2757 ἔχῃ,
2298 2686 2422 2757 περὶ
2443 2678 2517 2738 ὧν
2550 2685 2728 2755 λόγοις
2754 2687 2847 2738 καὶ
2865 2686 3045 2757 ἔργοις
3070 2687 3262 2752 ἀδικεῖ,
3297 2689 3370 2760 μὴ
3399 2689 3696 2760 τολμῶντας

2145 2780 2464 2850 κατηγορεῖν
2490 2776 2566 2848 τῷ
2598 2778 2715 2833 καθ’
2754 2781 2979 2843 ἑαυτοὺς
3027 2780 3193 2851 φόϐῳ·
3236 2780 3372 2834 ἀλλὰ
3422 2783 3519 2835 καὶ
3560 2781 3695 2835 πλου-

2145 2868 2287 2932 σίους
2308 2869 2598 2941 ἀπέφηνεν·
2619 2872 2700 2939 ἐφ’
2731 2863 2773 2938 ᾧ
2798 2871 2934 2941 πρὸς
2954 2870 3060 2924 τῶν
3080 2871 3146 2925 τὰ
3166 2870 3386 2925 τοιαῦτα
3410 2871 3694 2942 ζηλούντων

2145 2961 2373 3030 φιλεῖται
2414 2962 2507 3035 καὶ
2552 2960 2901 3031 θαυμάζεται·
2943 2962 2997 3014 τί
3038 2961 3103 3015 ἂν
3151 2962 3321 3017 ταῦτα
3375 2965 3690 3033 γράφοιμεν;

2157 3054 2521 3124 Ἐπιστάμεθα
2546 3054 2622 3118 δὲ,
2657 3054 2948 3125 ἀγαπητοὶ,
2974 3055 3053 3108 ὅτι
3081 3055 3171 3108 τὸν
3204 3054 3499 3109 ἐπίσκοπον
3526 3054 3616 3109 καὶ
3643 3054 3694 3108 τὸ

2144 3147 2402 3219 ίερατεῖον
2435 3148 2579 3201 ἅπαν
2602 3146 2945 3219 παράδειγμα
2974 3142 3108 3200 εἶναι
3136 3145 3216 3198 δεῖ
3243 3146 3320 3217 τῷ
3351 3147 3547 3219 πλήθει
3576 3147 3692 3200 πάν-

2144 3255 2251 3291 των
2275 3238 2453 3291 καλῶν
2484 3237 2679 3308 ἔργων’
2713 3237 2804 3291 καὶ
2848 3236 2967 3289 οὐδὲ
3011 3238 3185 3289 ὲκεῖνο
3238 3237 3559 3307 ἀγνοοῦμεν,
3595 3239 3691 3290 ὅσοι

2148 3329 2252 3382 ὑπὸ
2306 3329 2398 3382 τοῦ
2452 3328 2787 3397 συνεισάγειν
2822 3330 3033 3392 ἑαυτοῖς
3061 3331 3321 3398 γυναῖκας
3348 3328 3616 3393 ἐξέπεσον·
3650 3328 3689 3380 οἱ

2144 3421 2189 3474 δ’
2220 3421 2650 3491 ὑποπτεύθησαν·
2683 3420 2809 3473 ὥστ’
2836 3422 2885 3472 εί
2932 3420 3023 3474 καὶ
3066 3420 3184 3490 δοίη
3218 3420 3328 3491 (41)
3362 3439 3447 3484 τις
3477 3421 3618 3491 αὐτῷ
3638 3419 3690 3473 τὸ

2149 3513 2310 3586 μηδὲν
2340 3513 2565 3582 ἀσελγὲς
2614 3516 2805 3577 ποιεῖν,
2843 3513 2978 3567 ἀλλὰ
3007 3515 3106 3585 τήν
3147 3531 3210 3582 γε
3243 3514 3498 3568 ὑπόνοιαν
3524 3516 3615 3586 τὴν
3636 3517 3689 3567 ὲκ

2143 3608 2237 3662 τοῦ
2287 3608 2524 3661 τοιούτου
2566 3607 2883 3677 πράγματος
2925 3604 3196 3677 φυομένην
3272 3607 3439 3677 ἐχρῆν
3482 3604 3691 3673 εύλαὸηυ

2144 3700 2322 3770 θῆναι,
2346 3703 2551 3773 μήτινα
2567 3704 2908 3775 σκανδαλίσῃ,
2933 3707 3057 3767 τοὺς
3077 3704 3132 3756 δὲ
3159 3704 3252 3757 καὶ
3279 3703 3559 3775 μιμεῖσθαι
3581 3717 3690 3773 προ-

2141 3792 2423 3863 τρέψηται.
2464 3794 2588 3857 Πῶς
2614 3794 2721 3866 γὰρ
2767 3794 2833 3848 ἂν
2884 3794 3228 3865 ἐπιπλήξειεν
3269 3794 3301 3865 ἢ
3334 3794 3689 3865 νουθετήσειεν

2142 3885 2359 3965 ἕτερον,
2384 3886 2457 3958 μὴ
2498 3887 2943 3956 συγκαταϐαίνειν
2984 3887 3234 3941 έπιπλέον
3262 3888 3341 3950 είς
3378 3888 3575 3941 ταύτὸν
3613 3902 3689 3955 γυ-

2140 4094 2357 4148 bantur.
2396 4091 2452 4145 ld
2490 4108 2576 4147 me
2610 4092 2791 4146 docuit
2824 4107 2998 4146 canon
3041 4092 3074 4145 5
3105 4091 3319 4145 concilii
3352 4089 3575 4156 Niczeni,
3602 4090 3683 4157 qui

2142 4164 2197 4217 in
2236 4163 2606 4217 vetustissimo
2643 4164 2825 4216 codice
2866 4161 3176 4216 Corbeiensi
3220 4162 3362 4215 hanc
3412 4163 3569 4216 habet
3612 4161 3685 4214 in-

2143 4234 2489 4300 scriptionem
2517 4251 2529 4286 :
2563 4232 2637 4286 De
2662 4233 3090 4295 subintroductis,
3126 4233 3180 4284 id
3213 4243 3287 4284 est
3327 4233 3581 4301 adoptitis
3612 4247 3685 4301 so-

2144 4304 2371 4357 roribus.
2404 4301 2479 4355 Ex
2521 4302 2718 4370 quibus
2746 4303 3059 4370 explicanda
3097 4310 3180 4357 est
3217 4303 3302 4355 lex
3343 4301 3563 4357 llonorii
3602 4300 3679 4362 41,

2143 4374 2196 4427 in
2232 4374 2416 4429 codice
2466 4371 2733 4426 Theodos.
2766 4372 2831 4425 de
2859 4372 3126 4439 episcopis
3168 4381 3220 4425 et
3262 4372 3493 4427 clericis.
3540 4370 3680 4431 Eum,

2143 4446 2230 4513 qui
2262 4443 2579 4512 probabilem
2623 4441 2812 4495 surculo
2836 4442 3185 4513 disciplinam
3226 4444 3356 4513 agit,
3412 4442 3683 4513 decc/arari

2146 4509 2407 4567 consortio
2442 4514 2659 4566 sororia:
2695 4509 3062 4580 appellationis
3101 4529 3204 4565 non
3248 4512 3413 4576 decet,
3455 4521 3558 4566 etc.
3604 4509 3681 4563 Sic

485 4573 671 4639 errare
693 4573 1191 4653 vulgo'iute‘rpretes
1216 4573 1269 4632 in
1301 4573 1634 4653 hujus‘vocis
1666 4573 2037 4653 explicatione,
2074 4573 2118 4628 Ῑ)
2145 4586 2304 4639 etiam
2339 4584 2538 4637 devota:
2578 4582 2688 4638 Deo
2717 4573 2950 4653 virgines
2974 4583 3235 4652 quosdam
3276 4583 3377 4637 sibi
3401 4573 3681 4637 extraneos

488 4656 540 4709 id
574 4648 916 4724 perSpicuitnt
949 4650 1005 4702 ﬁt
1029 4650 1128 4724 hoc
1153 4650 1291 4703 loco.
1316 4648 1449 4703 Nam
1477 4663 1529 4707 et
1570 4648 1785 4724 Langus
1813 4664 1865 4709 et
1896 4648 2042 4710 Mus;

487 4727 645 4779 culus
677 4733 731 4777 et
776 4721 1305 4787 Christophorsonus
1341 4721 1739 4779 commentarios
1776 4727 2041 4795 interpre-

489 4796 582 4850 [an
614 4803 773 4856 sum;
818 4806 940 4845 cum
985 4800 1103 4842 acta
1139 4805 1232 4843 seu
1270 4801 1414 4859 gesta
1457 4803 1662 4847 vertere
1704 4795 2039 4849 debuissent.

487 4868 616 4919 Acta
646 4873 821 4917 autem
851 4862 937 4914 illa
963 4860 1151 4931 synodi
1179 4861 1524 4916 Antiochena:
1546 4864 1675 4918 nihil
1704 4866 1848 4918 aliud
1866 4876 2041 4926 erant,

488 4951 651 5005 quam
678 4932 971 5000 disputatio
998 4930 1336 5005 Malchionis
1380 4932 1637 5005 adversus
1678 4933 1905 4989 Paulum
1947 4936 2044 4989 Sa-

490 5002 850 5065 mosatenum,
877 5016 1055 5072 quasi!
1079 5002 1305 5055 notariis
1329 5012 1548 5069 excepta
1580 5003 1772 5069 fuerat,
1793 5014 1849 5059 ut
1877 5021 2040 5072 supra

489 5074 623 5127 dixit
678 5069 960 5144 Eusebius.
1010 5069 1089 5144 ξπ
1154 5072 1235 5144 iis,
1264 5072 1413 5144 Actis
1444 5074 1749 5144 testimonia
1796 5069 2041 5144 quaedam

490 5144 697 5213 profert
727 5141 1308 5213 LeontiusByzantius
1352 5143 1404 5194 in
1452 5143 1590 5198 libro
1635 5160 1693 5198 ιιι
1724 5141 1909 5199 contra
1937 5144 2041 5199 Ne-

491 5211 742 5283 storium,
780 5228 954 5281 eaque
984 5211 1316 5283 distinguere
1350 5213 1560 5266 videtur
1606 5230 1637 5267 a
1678 5215 2043 5283 disputatione

490 5282 809 5339 Malchionis
840 5293 1030 5337 contra
1069 5282 1291 5335 Paulum
1335 5302 1347 5336 :
1390 5284 1481 5337 ubi
1519 5284 1679 5339 etiam
1727 5282 1917 5340 doctus
1954 5287 2039 5341 in-

492 5362 698 5421 terpres
730 5352 1127 5406 commentarios
1162 5354 1338 5407 vertit.
1376 5354 1447 5406 Ιι).

564 5424 696 5493 (59')
725 5424 925 5492 Supple
950 5422 1293 5493 γεγενῆσθαι.
1328 5423 1486 5478 Εωτ.
1519 5422 1759 5478 Ριιτιιοιη

566 5490 687 5562 (40)
708 5490 1165 5559 Σωλὲισάκτουςὲ.
1190 5490 1327 5558 Quid
1362 5505 1541 5547 essent
1574 5494 1905 5547 συνείσακτοι
1930 5509 2042 5548 mu-

497 5564 675 5625 lieres,
722 5563 832 5630 jam
881 5565 1085 5631 pridem
1135 5562 1622 5633 notavitFJoannes
1665 5562 1901 5633 Langus,
1960 5567 2040 5617 vir

494 5633 943 5693 doctissimus,ad
991 5634 1190 5688 librum
1248 5649 1299 5687 vt
1353 5632 1657 5703 Nicephori,
1711 5632 1828 5703 cap.
1866 5634 2037 5695 50,et

494 5713 616 5773 post
642 5705 790 5756 illum
830 5703 890 5756 Β.
920 5704 1211 5759 Rhenanus
1239 5704 1302 5758 ad
1329 5704 1419 5757 lib.
1462 5720 1535 5757 vtt
1568 5702 2034 5769 Ruﬁni.rQuorum

496 5774 668 5829 dnctis
706 5774 1171 5829 observationibus
1221 5774 1355 5828 nihil
1405 5783 1507 5835 est,
1553 5774 1695 5842 quod
1752 5776 2031 5828 addamus.

499 5842 815 5915 llujusmodi
848 5845 1103 5902 mulieres
1144 5860 1175 5899 a
1205 5846 1413 5902 clericis
1438 5844 1593 5915 vulgo
1624 5859 1836 5902 sorores
1877 5846 2036 5901 voca;

2144 4654 2528 4723 adjungebant,
2594 4668 2731 4721 quos
2782 4650 3222 4723 fratreslvocare
3284 4659 3675 4723 consueverant.

2143 4720 2639 4793 Quam‘nequitiam
2668 4723 2978 4793 perstringit
3010 4720 3367 4792 Hieronymus
3395 4723 3446 4793 i_n
3475 4720 3678 4792 epistola

2142 4796 2208 4849 ad
2240 4792 2587 4848 Eustochium
2609 4791 2683 4847 de
2704 4794 2943 4862 custodia
2983 4793 3305 4862 virginitatis
3341 4811 3354 4846 :
3388 4791 3578 4846 Frater
3605 4806 3678 4843 so-

2144 4882 2309 4918 rorem
2334 4864 2583 4931 virginem
2630 4863 2838 4915 deserit.
2874 4861 3117 4917 Caelibern
3163 4865 3357 4931 spernit
3396 4865 3533 4933 virgo
3576 4877 3678 4930 ger-

2142 4949 2389 4996 manum;
2420 4934 2634 5002 fratrem
2665 4933 2851 5003 quierit
2882 4943 3208 4986 extraneum.
3251 4934 3320 4987 Et
3362 4950 3475 4986 cum
3515 4934 3564 4984 in
3597 4946 3672 4983 eo-

2141 5010 2256 5060 dem
2286 5005 2546 5073 proposito
2590 5016 2697 5057 esse
2736 5020 2788 5056 se
2823 5004 3088 5067 simulent,
3130 5016 3371 5073 quarunt
3406 5004 3675 5056 alienorum

2141 5075 2381 5146 spiritale
2418 5074 2687 5147 sglatium,
2751 5084 2807 5126 at
2850 5075 2996 5147 domi
3035 5073 3258 5127 habeant
3304 5074 3509 5147 carnale
3552 5085 3673 5147 com:

2141 5138 2409 5218 mercium.
2436 5143 2761 5218 Dicebaptur
2789 5144 3397 5218 etiant‘commanentes
3428 5138 3674 5218 ejusmodi

2141 5217 2413 5270 mulieres.
2461 5212 2549 5268 Sic
2593 5216 2734 5267 enim
2786 5214 3098 5268 inscribitur
3130 5229 3303 5268 canon
3347 5214 3435 5267 ille
3458 5208 3671 5266 'concilii

2139 5286 2341 5341 Nicceni
2378 5286 2431 5338 in
2464 5285 2833 5339 vetustissimo
2865 5283 3048 5338 codice
3077 5284 3137 5338 C.
3180 5282 3393 5339 Justelli
3442 5282 3511 5335 De
3548 5295 3673 5333 com-

2140 5356 2487 5409 manentibus.
2528 5356 2794 5423 Agapetas
2841 5369 3056 5422 quoque
3102 5370 3196 5410 eas
3238 5354 3522 5414 vocabant,
3553 5360 3672 5404 teste

2139 5424 2488 5495 Hieronymo_
2512 5426 2563 5477 in
2605 5427 2748 5479 dicta
2786 5425 3032 5495 epistula,
3072 5426 3163 5479 ubi
3198 5425 3458 5480 acerrime
3500 5423 3550 5475 in
3589 5430 3671 5474 eas

2139 5490 2425 5549 invehitur.
2450 5490 2647 5547 VALES.

2208 5565 2317 5638 (Ill)
2349 5567 2529 5638 ’ᾨσζε
2559 5563 2659 5638 καί
2696 5566 2745 5617 εὶ
2774 5563 2940 5638 δοίη,
2960 5562 3177 5638 Rectius
3206 5564 3258 5638 i_n
3278 5564 3483 5638 ‘codice
3525 5558 3667 5638 Mat”

2138 5635 2272 5690 Fuk.
2300 5634 2355 5690 et
2389 5635 2526 5688 Med.
2559 5634 2753 5700 legitur
2784 5634 2859 5698 ὦς
2895 5637 2943 5686 τ’
2978 5638 3025 5687 εί
3074 5636 3166 5689 καὶ
3211 5634 3345 5703 δοίη.
3392 5634 3666 5703 Atque_ita

2138 5705 2471 5777 Nicephorus
2519 5712 2574 5777 et
2621 5703 2922 5777 Syncellus,
2977 5707 3082 5763 nisi
3140 5708 3283 5776 quod
3315 5700 3666 5775 apostrophen

2116 5792 2244 5833 -non
2271 5776 2486 5832 habent.
2520 5776 2596 5831 in.
