3882 6526
163 329 253 399 tsi

1071 338 1405 396 EPISTOLA
1440 339 1723 396 CONTRA
1761 337 2051 396 PAULUM
2088 338 2432 396 SAMOSAT.

3255 345 3362 400 953

164 463 308 527 ναικὶ,
343 462 415 534 μὴ
438 462 621 534 ὀλισθῇ
664 462 1061 533 φυλαττόμενον
1097 463 1173 525 ὡς
1211 461 1516 534 γέγραπται
1564 460 1696 532 (42)’

1807 461 1874 514 hil
1912 461 1982 516 ab
2020 476 2085 515 eo
2118 471 2272 530 turpe
2309 461 2598 527 committi,
2636 461 3001 530 suspicionem
3035 472 3214 517 tamen
3242 479 3365 532 quae

158 561 286 621 ὅστις
332 559 456 629 μίαν
493 560 586 628 μὲν
627 559 929 628 ἀπέστησεν
971 557 1091 628 ἤδη,
1124 557 1216 610 δύο
1239 558 1298 610 δὲ
1349 555 1703 627 ἀκμαζούσας

163 650 240 702 καὶ
260 649 537 720 εὐπρεπεῖς
559 648 658 720 τὴν
682 648 804 717 δψιν
853 647 962 718 ἔχει
1005 647 1122 718 μεθ’
1160 646 1371 700 ἑαυτοῦ*
1423 644 1526 698 κᾶν
1565 645 1701 716 ἀπίῃ

165 755 267 801 που,
296 739 702 809 συμπεριφέρει·
728 737 822 792 καὶ
848 737 1019 791 ταῦτα
1039 737 1255 808 τρυφῶν
1277 736 1370 789 καὶ
1394 735 1697 806 ὑπερεμπι-

163 828 403 898 πλάμενος
433 828 578 900 (45);

1809 553 1933 608 inde
1970 554 2120 608 nasci
2163 553 2318 615 solet,
2360 553 2527 606 vitari
2575 554 2892 622 oportebat;
2940 568 3007 608 ne
3038 569 3363 624 quemquam

1806 645 2118 710 oﬁenderet,
2143 659 2278 700 neve
2311 645 2522 715 aliquos
2562 646 2626 699 ad
2659 646 3014 701 imitationem
3053 646 3136 701 sui
3166 661 3362 716 provo-

1805 744 1971 790 caret.
2007 734 2125 800 Quo
2161 735 2303 789 enim
2348 735 2512 791 modo
2547 735 2843 805 increpabit
2875 737 3040 790 alium
3081 745 3134 791 ct
3171 737 3362 791 admo-

1805 824 1970 889 nebit,
2001 832 2058 877 ut
2095 838 2126 878 a
2177 823 2530 892 frequentiori
2559 826 2804 881 mulieris
2836 827 3226 881 consuetudine
3270 826 3365 881 ab.

162 921 355 983 stineat,
382 937 449 975 ne
473 922 614 978 forte
637 935 874 988 corruat,
900 925 1039 980 sicut
1067 924 1327 994 scriptum
1360 931 1462 988 est,
1499 921 1567 983 is,
1615 920 1708 990 qui
1761 935 1926 972 unam
1971 919 2184 988 quidem
2220 920 2332 990 jam
2363 921 2603 984 dimisit,
2657 921 2792 975 duas
2818 936 2944 974 vero
2976 931 3130 975 aetate
3175 921 3362 974 ﬁorcn-

165 1025 231 1071 tes
259 1023 307 1066 et
327 1012 499 1068 forma
527 1016 844 1085 conspicuas
869 1033 1053 1072 secum
1083 1017 1263 1084 habet,
1314 1025 1367 1072 et
1400 1027 1726 1084 quocunque
1771 1010 2156 1080 proﬁciscitur,
2207 1011 2593 1077 circumducit;
2629 1011 2788 1081 idque
2830 1012 3078 1100 deliciis.
3110 1012 3364 1067 ditlluens

163 1118 206 1163 et
231 1107 391 1178 epulis
424 1122 546 1162 sese
568 1109 944 1181 ingurgitans?

215 1196 303 1253 Ὧν
317 1202 473 1253 ἕνεκα
491 1201 804 1266 στενάζουσι
824 1203 920 1274 μὲν
945 1206 1040 1258 καὶ
1070 1202 1341 1274 ὀδύρονται
1365 1202 1562 1263 πάντες
1576 1199 1698 1252 καθ’

159 1289 383 1353 ἑαυτούς’
418 1288 561 1342 οὕτω
599 1291 655 1344 δὲ
694 1291 790 1362 τὴν
817 1293 1100 1366 τυραννίδα
1131 1295 1226 1347 καὶ
1265 1291 1581 1346 δυναστείαν
1612 1289 1700 1342 αὑ-

159 1385 234 1438 τοῦ
294 1382 644 1454 πεφόϐηνται,
681 1385 821 1438 ὥστε
853 1389 1173 1456 κατηγορεῖν
1210 1384 1282 1456 μὴ
1314 1383 1534 1455 τολμᾷν.
1587 1383 1701 1435 Ἀλ-

160 1475 214 1527 lvi
236 1473 389 1528 ταῦτα
429 1475 553 1544 μὲν,
585 1475 660 1538 ὡς
690 1478 1118 1548 προειρήκαμεν,
1149 1476 1371 1530 εὖθυνεν
1405 1477 1469 1530 ἄν
1497 1493 1580 1539 τις
1609 1475 1700 1528 τὸν

159 1564 321 1635 ἄνδρα,
351 1563 409 1616 τὸ
437 1562 570 1631 γοῦν
599 1565 850 1637 φρόνημα
878 1565 1161 1620 καθολικὸν
1201 1567 1412 1638 ἔχοντα,
1443 1565 1537 1619 καὶ
1572 1582 1701 1632 συγ-

158 1654 630 1726 καταριθμούμενον
658 1658 786 1727 ἡμῖν
805 1673 820 1687 ·
854 1656 943 1710 τὸν
966 1658 1022 1710 δὲ
1047 1658 1475 1730 ὲξορχησάμενον
1500 1656 1606 1728 (44)
1640 1655 1700 1709 τὸ

161 1749 423 1818 μυστήριον
447 1747 544 1801 καὶ
573 1748 990 1819 ἐμπομπεύοντα
1011 1748 1122 1819 (45)
1139 1754 1202 1822 τῇ
1228 1751 1394 1821 μιαρᾷ
1413 1749 1696 1820 αἱρέσειτῇ

1871 1194 1958 1248 IV.
1988 1193 2080 1250 His
2106 1195 2172 1252 de
2204 1198 2384 1253 causis
2408 1212 2598 1252 omnes
2618 1197 2832 1266 quidem
2863 1199 3001 1267 apud
3027 1216 3086 1254 se
3109 1201 3357 1269 privatim

1798 1288 2158 1359 ingemiscunt
2211 1300 2371 1359 atque
2421 1291 2730 1357 suspirant;
2764 1290 2854 1344 sed
2895 1293 3187 1359 potentiam
3234 1293 3352 1361 ejus

1803 1395 1868 1434 ac
1904 1381 2240 1451 tyrannidem
2274 1381 2409 1434 adeo
2443 1381 2816 1445 reformidant,
2839 1390 2896 1435 ut
2923 1397 3180 1436 accusare
3209 1383 3356 1436 illum

1802 1487 1910 1526 non
1939 1475 2190 1527 audeant.
2228 1473 2426 1529 Verum
2457 1476 2522 1529 de
2567 1476 2672 1539 his,
2718 1476 2859 1530 sicut
2910 1486 3067 1532 antea
3094 1478 3356 1543 diximus,

1803 1567 2191 1620 examinaverit
2230 1566 2461 1622 fortasse
2500 1567 2695 1638 aliquis
2721 1575 2774 1621 et
2812 1569 2863 1621 in
2903 1569 3164 1638 judicium
3201 1586 3361 1624 voca-

1805 1658 1942 1712 verit
1980 1658 2254 1712 hominem
2321 1660 2598 1715 catholicae
2650 1651 3026 1729 profésSionis,
3096 1662 3359 1730 nobisque

1805 1751 1926 1804 lidei
1983 1765 2047 1805 ac
2105 1751 2390 1806 ministerii
2442 1753 2700 1809 soeietate
2748 1755 3224 1821 conjunctum.Ab
3255 1757 3358 1810 hoc

165 1839 377 1910 Ἀρτεμᾶ
407 1840 482 1907 (τί
513 1840 624 1912 γὰρ
657 1841 716 1893 οὐ
743 1839 848 1912 χρὴ
885 1840 1036 1911 μόλις
1059 1841 1149 1895 τὸν
1172 1842 1384 1913 πατέρα
1411 1840 1570 1895 αὐτοῦ
1602 1841 1697 1912 δη-

1807 1857 1949 1906 rero,
1985 1841 2078 1911 qui
2124 1843 2340 1911 prodito
2388 1854 2551 1912 atque
2591 1845 2804 1913 ejurato
2853 1847 3130 1916 religionis
3159 1856 3358 1900 nostra

156 1927 347 1998 ὶὼσαις)
393 1930 549 1984 οὐδὲν
588 1933 696 1985 δεῖν
725 1932 1002 2004 ἡγούμεθα
1029 1933 1229 1986 τούτων
1259 1934 1383 1996 τοὺς
1407 1932 1698 2004 λογισμοὺς

155 2026 394 2077 ἀπαιτεῖν.

1801 1934 2077 2006 mysterio,
2111 1943 2165 1989 et
2199 1935 2264 1988 ad
2293 1937 2677 1989 exsecrandatn
2706 1945 3074 2007 transgressus
3109 1938 3356 1993 lneresim

1801 2027 2036 2082 Artemze
2061 2025 2268 2096 (quidni
2291 2027 2432 2080 enim
2462 2039 2742 2096 parentem
2786 2030 2928 2084 illius
2952 2031 3108 2085 vobis
3138 2031 3354 2086 tandem

157 2115 425 2170 indicemus
442 2117 486 2183 ?)
524 2115 584 2170 in
621 2132 684 2172 ea
730 2131 790 2173 se
841 2118 1130 2189 plurimum
1166 2118 1430 2190 jactavit;
1458 2119 1528 2174 ab
1557 2119 1682 2187 hoc,
1737 2119 1981 2189 inquam,
2031 2119 2298 2173 rationem
2339 2134 2542 2174 eorum
2585 2121 2829 2176 omnium
2879 2122 3199 2193 exigendam
3234 2138 3356 2178 esse

157 2224 246 2263 non
271 2210 670 2268 existimamus.

209 2306 317 2359 Εἶτ’
332 2307 426 2359 ἐπὶ
446 2309 610 2360 τέλει
625 2305 736 2374 τῆς
744 2306 1091 2376 ἐπιστολῆς,
1108 2306 1271 2363 ταῦτ’
1285 2308 1690 2378 ἐπιλέγουσιν

165 2392 591 2466 Ἦναγκὰσῦημεν
629 2391 721 2449 οὖν
765 2397 1208 2467 ἀντιτασσόμενον
1268 2397 1426 2450 αὐτὸν
1469 2397 1546 2468 τῷ
1579 2396 1698 2468 Θεῷ

155 2485 228 2538 καί
250 2486 316 2556 μὴ
343 2487 564 2541 εἴκοντα
609 2487 1030 2560 ὲκκηρύξαντες,
1064 2489 1252 2562 ἕτερον
1291 2491 1404 2544 ἀντ’
1431 2489 1594 2543 αὐτοῦ
1626 2493 1693 2561 τῇ

157 2574 381 2645 καθολικῇ
447 2575 750 2646 Ἐκκλησία
806 2575 1143 2647 καταστῆσαι
1209 2575 1524 2633 ἐπίσκοπον.
1560 2573 1694 2627 Θεοῦ

159 2665 351 2736 προνοίᾳ
383 2665 458 2729 ὡς
492 2665 856 2737 πεπείσμεθα,
898 2666 988 2720 τὸν
1026 2665 1118 2720 τοῦ
1155 2668 1420 2740 μακαρίου
1456 2665 1562 2737 (46)
1584 2669 1690 2737 Δη-

161 2756 423 2826 μητριανοῦ
475 2758 574 2810 καὶ
619 2757 894 2828 ἐπιφανῶς
951 2759 1280 2830 προστάντος
1343 2758 1448 2830 πρὸ
1505 2757 1694 2811 τούτου

157 2854 234 2921 τῆς
255 2854 409 2923 αὐτῆς
440 2853 736 2924 παροικίας
786 2852 899 2905 υἱὸν
941 2851 1166 2922 Δόμνον,
1211 2852 1380 2905 ἆπασι
1416 2853 1526 2914 τοῖς
1566 2850 1698 2922 πρέ-

158 2959 317 2996 πουσιν
344 2944 636 3014 ὲπισκόπῳ
663 2943 843 3006 καλοῖς
880 2943 1318 3015 κεκοσμημένον·
1356 2941 1698 3014 ἐδηλώσαμεν

158 3050 203 3086 τε
222 3036 350 3105 ὑμῖν,
383 3037 535 3100 ὅπως
574 3035 1048 3108 τούτῳγράφητε,
1085 3037 1179 3089 καὶ
1219 3035 1286 3089 τὰ
1327 3035 1475 3106 παρὰ
1514 3034 1699 3088 τούτου

1870 2305 1934 2362 ν.
1972 2305 2039 2360 In
2067 2307 2171 2376 ﬁne
2215 2313 2386 2361 autem
2427 2307 2661 2373 epistola:
2706 2308 2816 2362 haec
2863 2309 3122 2377 adjiciunt
3155 2327 3174 2364 :
3201 2311 3356 2367 Hunc

1809 2398 1974 2469 igitur
2011 2398 2117 2452 Deo
2139 2399 2336 2452 bellum
2365 2398 2707 2463 indicentem,
2735 2415 2833 2454 nec
2854 2401 3042 2455 cedere
3065 2402 3353 2469 volentem,

1799 2505 1921 2544 cum
1956 2504 1985 2542 a
2020 2488 2403 2543 communione
2456 2500 2638 2543 nostra
2673 2491 3097 2556 abdicassemus,
3135 2509 3355 2549 necesse

1798 2582 2088 2638 habuimus
2148 2582 2314 2636 alium
2356 2581 2484 2650 ejus.
2501 2582 2623 2636 loco
2666 2581 2918 2638 Ecclesiae
2945 2585 3224 2640 catholicae
3250 2587 3356 2656 epi-
3431 2648 3436 2656 ρ

1797 2688 2020 2742 scopum
2046 2673 2316 2738 ordinare,
2350 2689 2458 2727 non
2491 2674 2695 2744 absque
2723 2673 2926 2740 divina,
2964 2684 3022 2728 ut
3059 2677 3353 2740 credimus,

1796 2761 2132 2830 providentia
2187 2781 2200 2815 :
2254 2761 2583 2816 Demctriani
2635 2762 2842 2818 scilicet
2872 2764 3038 2818 beatae
3080 2767 3356 2819 memoria:

1807 2853 2044 2922 episcopi
2086 2853 2176 2922 qui
2207 2861 2330 2908 ante
2370 2855 2510 2908 hunc
2547 2871 2736 2924 magna
2767 2871 2891 2910 cum
2925 2856 3083 2910 laude
3111 2858 3354 2911 eamdem

1797 2944 1938 2999 rexit
1987 2943 2304 3010 Ecclesiam,
2336 2946 2502 2998 ﬁlium
2535 2946 2836 3012 Domuum;
2886 2947 3062 3001 virum
3102 2950 3355 3004 omnibus

1801 3051 1922 3106 quae
1952 3035 2264 3105 episcopum
2309 3035 2518 3101 decent,
2547 3037 2762 3090 dotibus
2813 3048 3151 3092 exornatum.
3199 3039 3354 3105 Quod

161 3127 415 3180 κοινωνικὰ
456 3127 694 3199 δέχησθε
740 3129 1040 3200 γράμματα
1070 3126 1199 3197 (47).
1236 3125 1324 3196 Τῷ
1359 3126 1414 3180 δὲ
1455 3126 1691 3196 Ἀρτεμᾶ

1807 3124 2006 3193 ιιιίιὶθῐη
2053 3124 2254 3178 idcirco
2293 3125 2448 3179 vobis
2479 3125 2924 3193 signiﬁcavimus,
2959 3136 3092 3182 utet
3117 3129 3182 3182 ad
3229 3147 3352 3184 cum

160 3209 286 3279 sine;
313 3219 710 3273 ἐπιπελλέτω’
747 3221 841 3273 καὶ
881 3221 928 3273 οἱ
963 3219 1031 3273 τὰ
1099 3218 1336 3289 Ἀρτεμᾶ
1377 3215 1696 3288 φρονοῦντες

161 3308 302 3381 τούτῳ
335 3313 786 3368 κοινωνείτωσαν.

218 3514 316 3591 (L2)
353 3515 450 3581 Ὠς
471 3514 815 3591 τέτραπξαιτ
849 3513 1098 3591 Intelligit
1141 3516 1342 3578 locum,
1387 3517 1479 3591 qui
1526 3515 1696 3571 habe-

165 3592 233 3636 tur
275 3587 323 3638 in
354 3601 473 3654 cap.
520 3601 630 3640 xxv
690 3585 1074 3651 Ecclesiastici,
1109 3597 1201 3641 aut
1227 3595 1372 3642 certe
1408 3585 1594 3641 locum
1631 3585 1704 3642 ex'

165 3670 258 3722 cap.
289 3671 336 3708 vt
365 3655 718 3709 Proverbior.
749 3655 946 3709 VALES.

219 3725 316 3794 (45)
361 3725 1011 3794 Ὑπερεμπιπλάμενος.
1044 3723 1234 3780 Melius
1267 3726 1321 3780 in
1352 3725 1536 3781 codice
1561 3723 1696 3780 Maz.

165 3803 208 3846 et
227 3787 349 3867 Fuit.
385 3787 648 3867 scribitur
677 3787 1287 3867 ὑπερέμπιρπλὰμενος,
1322 3812 1484 3867 quam
1512 3812 1698 3867 vocem

166 3880 254 3936 non
290 3866 673 3936 intellexerunt
705 3865 1042 3934 interpretes.
1068 3865 1317 3936 Argttunt
1341 3865 1528 3921 Patres
1561 3865 1699 3919 Pau-

167 3933 275 3999 lum,
303 3935 439 4004 quod
481 3934 756 3989 formosas
797 3933 1051 3990 mulieres
1077 3933 1290 4004 semper
1318 3953 1500 3991 secum
1533 3936 1697 3989 habe-

169 4014 256 4075 ret;
288 4007 438 4074 idque
464 4007 602 4059 luxu
635 4007 903 4071 dililnens,
934 4015 987 4060 et
1017 4007 1142 4060 vino
1183 4015 1344 4075 atque
1372 4007 1545 4074 epulis
1576 4021 1696 4060 sese

169 4074 493 4144 ingurgitans,
523 4091 650 4145 quae
682 4077 920 4130 libidinis
948 4077 1210 4130 incentiva
1237 4074 1382 4130 Sunt.
1418 4079 1492 4131 lo.

221 4145 318 4214 (t4)
357 4145 899 4216 Ἑξορχησάμενον.
932 4145 1178 4200 Valesius
1211 4146 1282 4199 ita
1315 4148 1694 4216 interpretatur

171 4217 296 4290 quasi
367 4217 417 4290 in
480 4218 668 4290 aliquo
723 4218 908 4290 codice
952 4217 1192 4290 “legisset
1231 4217 1689 4290 ﬁgopgtadpsvov.

170 4283 238 4356 Er
252 4287 565 4356 corrigendis
581 4283 666 4339 'ad
687 4287 877 4339 calcem
899 4283 1687 4356 edit.'Cantabr.-4Lectionem

171 4355 352 4426 quidem
386 4355 672 4426 vulgatam
698 4356 954 4410 exhibent
979 4371 1194 4424 quoque
1220 4355 1498 4426 Syncellus
1523 4371 1576 4415 et
1600 4360 1694 4414 Ni-

171 4425 448 4497 CBleQI‘ll§_:
488 4425 586 4480 sed
635 4427 759 4497 vim,
785 4426 930 4497 vocis
981 4425 1408 4497 ἐξορχησάμενον
1447 4431 1579 4484 satis
1603 4447 1697 4484 ex-

173 4495 337 4562 pressit
377 4495 624 4552 Valesius
655 4496 833 4567 verbis
853 4496 964 4567 i_llis
994 4495 1495 4567 predito_mysterio.
1524 4499 1695 4553 Inter-

173 4567 496 4640 pretationctn
536 4566 824 4640 conﬁrmat
852 4564 1170 4640 Qudaeus‘ex
1204 4564 1558 4640 Lu‘ciano,et
1599 4570 1698 4640 Sy-

176 4634 302 4706 ttcsio
338 4636 387 4688 in
417 4638 712 4690 Comment.
758 4635 818 4687 L.
844 4634 910 4689 G.
945 4651 994 4706 v.
1027 4636 1425 4706 νἘξορχεῖσΘαι.
1473 4639 1548 4692 De
1580 4634 1700 4695 aliis

175 4700 308 4778 hujus
343 4706 922 4778 vocisacceptionibus
951 4705 1069 4778 vide
1108 4700 1537 4778 sis'Hesychium
1565 4712 1694 4764 edit.

175 4775 344 4827 noviss.
373 4791 424 4827 v.
472 4775 1005 4846 'EEopxﬁeopatLubi
1038 4785 1214 4829 tamen
1246 4775 1436 4846 praeter
1479 4795 1590 4832 rem
1634 4796 1699 4833 ex

176 4853 330 4917 nostra
360 4845 876 4917 epistolafynodica
897 4845 1049 4917 locus
1081 4845 1184 4900 iste
1214 4845 1483 4902 laudatur.
1515 4847 1700 4917 Neque

177 4911 361 4988 omittas
390 4911 548 4968 velim
594 4911 1072 4988 llarpocrationem
1102 4931 1156 4969 v.
1203 4911 1660 4988 Ἐξορχησάμενός
1679 4935 1692 4950 ο

176 4981 230 5031 ad
271 4998 419 5050 quem
469 4988 597 5039 item
658 4981 836 5038 locum
887 4985 1037 5053 plura
1073 4981 1565 5043 noster’Valésiu's.
1599 4981 1699 5043 Adi

178 5056 458 5128 quoqueji
492 5056 659 5117 lubet,
692 5054 912 5128 Suidam
947 5071 1025 5128 v_.__
1046 5056 1472 5128 Ἐξορχησὰμην.

237 5123 337 5200 ςιίό)
375 5125 938 5200 ’ξέκποιιπιςιὲσιιντιιζ
966 5123 1302 5200 Νίσονιίυὶιιε
1331 5123 1701 5200 ἑιςὸγιιρςῐιυε

181 5187 350 5264 halent
391 5187 876 5264 ἐμπομπεύσαντα.
907 5195 1009 5249 Sed
1047 5187 1111 5248 in'
1135 5197 1319 5251 codice
1361 5187 1520 5262 Mai,
1564 5198 1697 5254 Fuk.

180 5272 233 5337 ac
249 5261 445 5337 bledica,
475 5261 894 5336 ἐμπομπεύοντα
924 5265 1179 5337 scribitur
1195 5269 1413 5320 rcctius.
1434 5269 1700 5323 Caeterum

181 5332 226 5381 in
261 5332 539 5404 Itujusrloci
569 5332 812 5390 versione
845 5335 1196 5404 corrigendus
1223 5347 1306 5391 est
1335 5337 1562 5390 Ruﬁnus
1599 5339 1701 5391 hoc

183 5403 354 5476 modo:
385 5403 486 5456 Hic
525 5421 659 5469 vero,
683 5408 771 5476 qui
800 5403 1045 5476 abjttruto
1075 5407 1197 5472 ﬁdei
1237 5409 1482 5476 mysterio
1505 5410 1573 5460 ad
1595 5408 1704 5475 pol-

183 5472 472 5546 lntia-intum
523 5491 577 5528 se
615 5472 1129 5529 Artemcevhazresim
1156 5472 1414 5546 contulit.
1440 5477 1505 5530 Et
1541 5472 1701 5546 paulo

185 5551 279 5604 post
311 5544 396 5616 ubi
420 5545 697 5616 ileguntur
747 5546 1069 5616 ltmcﬁverba
1102 5563 1114 5598 :
1146 5545 1245 5598 Hic
1271 5563 1409 5612 vero,
1433 5544 1702 5616 qni—inrti-

186 5623 292 5682 gnus
315 5612 520 5667 habitus
546 5626 616 5668 est
635 5632 744 5671 esse
773 5617 826 5668 in
859 5615 1095 5668 Ecclesia
1120 5617 1398 5682 catholica,
1423 5612 1701 5671 tinet/tenta

187 5681 435 5756 scribatur.
473 5683 618 5754 Lego
663 5689 892 5756 Aricina:
935 5685 1149 5750 scribat,
1174 5697 1252 5756 fut
1296 5681 1406 5740 fere
1442 5689 1699 5756 scriptum

191 5745 362 5806 habent
384 5753 490 5811 duo
514 5745 863 5812 vctustissimi
899 5745 1145 5812 codices,
1173 5755 1251 5810 Ex
1282 5759 1480 5827 quibus
1536 5745 1700 5813 etiam

1801 3218 2070 3279 scribatis,
2098 3228 2151 3272 et
2183 3218 2250 3272 ab
2276 3233 2341 3272 eo
2365 3219 2872 3274 communicatorias
2897 3220 3100 3276 litteras
3124 3225 3357 3293 accipia-

1797 3309 1887 3363 tis.
1921 3305 2017 3361 liic
2045 3324 2173 3363 vero
2208 3308 2274 3362 ad
2303 3307 2577 3362 Artemam
2619 3308 2839 3371 scribat,
2869 3311 2910 3363 si
2949 3311 3124 3377 lubet;
3165 3322 3218 3366 et
3263 3315 3355 3384 qui

1798 3401 2074 3455 Artemam
2104 3407 2402 3466 sectantur,
2428 3416 2552 3454 cum
2579 3416 2644 3457 eo
2668 3403 3091 3456 communicent.

1802 3517 2084 3588 sequentia
2131 3516 2447 3588 corrigenda
2466 3525 2607 3588 sunt
2633 3515 2684 3569 in
2713 3517 2858 3571 hunc
2892 3519 3110 3572 modum
3147 3536 3160 3572 :
3201 3521 3356 3574 Ar’te-

1802 3585 1899 3640 ma}
1927 3589 2143 3649 scribat,
2179 3596 2226 3639 et
2268 3585 2413 3638 illius
2454 3586 2663 3639 Iiwresis
2691 3598 2967 3641 sectatores
3003 3592 3051 3640 ei
3073 3594 3356 3644 communi-

1801 3667 1935 3712 cent.
1965 3657 2053 3712 Sic
2075 3655 2216 3710 enim
2253 3657 2412 3710 habet
2435 3654 2678 3710 Graecum
2703 3660 2976 3725 exetnplar
3003 3661 3353 3726 cpistolae,,ex

1800 3744 1909 3797 quo
1943 3729 2056 3782 haec
2089 3741 2350 3798 conversa
2375 3737 2517 3782 sunt.
2537 3726 2723 3798 iAtqu_e
2761 3728 2832 3798 ita
2858 3729 3058 3798 diserte
3091 3730 3354 3798 scriptum

1809 3795 1972 3852 habet
2003 3797 2403 3852 vetustissimus
2452 3797 2621 3851 codex
2674 3795 2853 3850 Ruﬁni
2910 3797 2966 3850 in
3031 3795 3357 3855 bibliotheca

1806 3867 1862 3922 S.
1893 3867 2168 3922 Germani.
2204 3864 2401 3920 VALES.
3213 3885 3223 3894 “
3358 3919 3363 3930 ,

1876 3939 1984 4009 (46)
2011 3938 2120 4009 Τοῦ
2144 3935 2490 4009 μᾳκὰρίτου.
2508 3933 2564 4009 l_n
2587 3936 2773 4009 codice
2793 3934 2956 4009 M_ed.,
2978 3935 3112 3990 Fuk.
3131 3947 3188 4009 et
3210 3937 3352 3994 Maz.

1799 4017 1854 4063 et
1879 4004 2019 4077 apud
2047 4004 2412 4079 Nicephorum
2430 4016 2486 4079 _et
2510 4004 2816 4076 Synccllum
2845 4006 3040 4079 legitur
3062 4006 3154 4060 τοῦ
3183 4026 3356 4079 μακα-

1801 4075 2072 4150 pinu—Luce
2101 4078 2327 4150 multum
2360 4075 2561 4150 refert,
2586 4085 2707 4128 tttro
2736 4075 3221 4150 modo_s_cribatur.
3271 4081 3348 4150 in.

1869 4147 1979 4217 (Ᾱῖ)
2006 4147 2170 4214 Παρὰ
2208 4147 2419 4198 τούτου
2452 4145 2523 4217 τὰ
2553 4146 2861 4217 κοινωνικὰ
2889 4144 3351 4217 δέχησθεγγράμ..

1792 4216 1969 4287 μαι-ας
2037 4216 2561 4287 Communicatorias
2591 4285 2601 4287 _
2630 4216 2878 4287 litteras_
2900 4226 3095 4287 vocant
3128 4216 3350 4287 Latini,

1797 4284 2025 4357 quarum
2063 4302 2195 4341 usus
2217 4294 2300 4339 est
2320 4285 2731 4353 antiquissimus
2756 4286 2806 4338 in
2841 4284 3097 4357 Ecclesia.
3122 4286 3352 4341 Easdem

1803 4356 1964 4412 etiam
2004 4358 2259 4426 formatos
2291 4356 2563 4416 dixerunt,
2593 4365 2898 4426 utgtestatur
2919 4356 3255 4426 Augustinus
3299 4361 3350 4411 itt

1801 4423 2029 4497 epistola
2061 4427 2180 4480 165.
2205 4425 2407 4497 Duplex
2438 4434 2615 4497 autem
2647 4423 2750 4497 fuit
2777 4441 2964 4497 carum
3005 4423 3193 4494 genus.
3223 4428 3355 4481 Aliae

1804 4495 1946 4551 enim
1989 4498 2200 4551 clericis
2240 4507 2292 4549 et
2333 4495 2486 4548 laicis
2511 4496 2929 4562 peregrinaturis
2977 4497 3264 4560 dabantur,
3296 4508 3355 4551 ut

1804 4583 1834 4621 a
1881 4567 2174 4636 peregrinis
2216 4566 2481 4634 episcopis
2523 4565 2589 4616 ad
2633 4567 3067 4636 communionem
3102 4568 3353 4620 admitte—

1805 4635 2170 4691 rentur.’Alia:
2206 4644 2381 4697 erant,
2399 4649 2537 4756 ﬂuas
2563 4635 2798 4702 episcopi
2826 4637 3083 4689 testandae
3111 4653 3356 4691 commu-

1805 4708 1987 4756 nimiis
2017 4722 2128 4756 sua:
2159 4721 2319 4756 causa
2366 4720 2393 4756 a
2475 4704 2610 4756 alios
2649 4705 2932 4756 mittebant
2971 4707 3276 4756 eoisconos.
3300 4715 3354 4756 et

1805 4708 1987 4760 nionis
2017 4722 2128 4760 sua:
2159 4721 2319 4760 causa
2366 4704 2451 4774 ad,
2475 4704 2610 4756 alios
2649 4705 2932 4758 mittebant
2971 4707 3276 4774 episcopos,
3300 4715 3354 4759 et

1802 4793 1939 4846 quas
1979 4776 2080 4844 ipsi
2124 4777 2365 4828 vicissim
2406 4773 2619 4846 ab_aliis
2654 4775 2988 4846 accipiebant
3019 4792 3032 4827 :
3062 4777 3126 4829 de
3153 4773 3356 4844 quibus

1804 4842 1892 4900 ltic
1923 4842 2162 4916 loquitur
2195 4847 2454 4914 synodus.
2479 4842 2566 4896 Ea:
2590 4854 2769 4896 autem
2795 4845 2956 4912 paulo
2992 4855 3112 4912 post
3135 4842 3354 4916 ordina-

1801 4919 2002 4969 tionem
2033 4916 2172 4970 mitti
2200 4917 2447 4968 solebant
2475 4929 2504 4966 a
2544 4931 2733 4967 recens
2761 4916 3026 4968 ordinatis
3055 4915 3350 4982 episc-:pis.

1803 4985 1879 5038 De
1931 4987 2014 5040 his
2047 4984 2448 5053 intelligendus
2501 4984 2712 5036 videtur
2756 4983 3087 5052 Augustinus
3140 4987 3193 5036 in
3240 4985 3353 5051 epi-

1802 5056 1938 5110 stola
2000 5051 2122 5120 162,
2173 5051 2474 5124 Cvprianus
2530 5055 2583 5105 in
2637 5051 2862 5120 epistola
2925 5055 2992 5107 ad
3041 5053 3350 5107 Cornelium

1802 5143 1922 5195 pag.
1966 5126 2056 5186 9'2,
2103 5126 2333 5193 demque
2372 5125 2596 5191 epistola
2633 5125 2888 5195 synodica
2922 5125 3136 5178 concilii
3162 5124 3354 5195 Sardi-

1803 5192 1998 5250 cetisis.
2030 5196 2084 5249 Si
2117 5192 2447 5264 quisitamen
2474 5201 2668 5264 cuncta
2699 5193 2810 5264 haec
2860 5194 2973 5245 loca
2998 5196 3063 5246 dc
3105 5192 3354 5247 {crinalis

1801 5269 1962 5319 etiam
1999 5263 2293 5333 intelligere
2317 5263 2565 5325 voluerit,
2599 5263 2847 5331 equidem
2880 5279 2984 5316 non
3017 5265 3348 5332 repugnabo.

1803 5334 1976 5388 Porro
2026 5335 2258 5388 notanda
2298 5341 2381 5386 est
2421 5333 2522 5386 hoc
2560 5333 2679 5386 loco
2721 5334 2947 5400 diligens
2980 5335 3189 5387 cautela
3223 5350 3349 5394 san-

1801 5416 2010 5459 ctorum
2057 5404 2298 5468 Patrum,
2325 5402 2416 5471 qui
2461 5402 2704 5470 deposito
2750 5404 2998 5456 liwretico
3049 5403 3353 5466 sacerdote,

1802 5491 1996 5528 nomen
2022 5474 2272 5527 catholici
2310 5473 2547 5542 episcopi
2573 5476 2666 5542 qui
2698 5472 2749 5524 in
2785 5473 2904 5541 ejus
2944 5475 3118 5527 locum
3151 5474 3350 5527 substi-

1804 5555 1952 5598 tutus
1970 5544 2164 5605 fuerat,
2184 5546 2392 5598 cunctis
2410 5543 2681 5612 episcopis
2707 5544 3045 5612 signiﬁcant;
3073 5555 3129 5597 ut
3149 5544 3348 5597 scilicet

1804 5617 1976 5668 sciant
2019 5630 2048 5667 a
2083 5629 2191 5683 quo
2234 5613 2630 5666 ecclesiasticas
2669 5614 2876 5683 litteras
2905 5617 3170 5682 accipere,
3203 5625 3255 5668 et
3284 5615 3348 5664 ad

1802 5700 1964 5754 quem
1989 5682 2226 5755 scribere
2244 5685 2492 5755 debeant.
2515 5682 2768 5755 Eamdem
2792 5683 2862 5736 ob
2881 5699 3099 5739 causam
3128 5685 3350 5755 Cypria—

1804 5753 1908 5811 nus
1941 5755 2086 5809 misit
2108 5753 2358 5809 Cornelio
2391 5769 2540 5823 papae
2569 5753 2788 5808 nomina
2817 5753 3204 5810 catholicorum
3233 5766 3348 5821 ept-
