3882 6478
552 264 657 319 259

1216 267 1636 324 MALCEZI‘JNIS
1674 268 2010 323 EPlSTOLA
2050 270 2332 327 CONTRA
2381 274 2662 334 PAULUM
2703 279 3045 337 SAMOSAT.

3657 292 3745 346 260

556 499 933 578 Fragmenta
966 502 1283 580 Epistolas,
1319 510 1387 563 ut
1424 503 1709 597 videtur,
1748 503 2041 597 ejusdem
2082 507 2324 597 §ynodi
2352 510 2787 597 Antiochense,
2816 515 2957 594 ejus
2991 514 3287 577 videlicet
3329 515 3521 594 partis
3585 534 3748 597 quam

1382 591 1628 642 constat
1678 581 1881 643 fuisse
1948 584 2025 643 ab
2082 581 2362 649 Eusebio
2423 581 2931 667 praetermissam.

1208 680 1363 745 Apud
1391 680 1667 736 Leontium
1701 685 2044 756 Byzantium,
2077 692 2169 744 lib.
2216 710 2274 748 ιιι
2309 706 2488 749 contra
2522 695 2757 762 Nestor.,
2784 697 2877 750 sub
2914 698 3090 767 ﬁnem.

570 812 571 815 η
620 771 711 823 Ait
760 770 922 840 igitur
963 770 1017 824 in
1067 776 1474 830 commentariis
1505 776 1595 847 (de
1622 776 1794 834 Paulo
1852 782 2446 855 loquuntur)servare
2491 791 2809 859 dignitatem
2860 790 3162 861 sapientiae.

1970 872 2039 926 Et
2073 886 2187 942 post
2214 878 2321 932 alia
2361 896 2379 932 :
2804 894 2813 901 '

620 950 675 1005 Si
701 960 882 1005 autem
905 952 1202 1007 secundum
1230 952 1610 1013 formationem
1634 969 1689 1016 et
1713 963 2109 1032 generationem
2138 979 2185 1036 Α
2213 972 2554 1040 sapientiam,
2591 981 2649 1027 ιη
2690 988 2790 1027 nos
2837 969 3131 1039 credimus,
3175 972 3618 1039 διιδειαηιῑαιίιετ,
3664 973 3742 1029 κά

548 1043 831 1113 copulatus
880 1052 1016 1109 eral,
1057 1044 1263 1099 homini
1312 1047 1415 1102 hoc
1461 1050 1732 1107 accidere.
1760 1051 1831 1105 Et
1872 1071 2056 1109 rursus
2089 1070 2109 1110 :

544 1134 663 1191 Non
704 1138 850 1191 enim
903 1146 1321 1208 congeneratam
1372 1140 1543 1199 fuisse
1591 1160 1714 1198 cum
1773 1146 2112 1203 humanitate

2220 1064 2518 1118 secundum
2553 1064 2889 1134 qualitatem.

1959 1237 2050 1308 Et]
2066 1250 2180 1307 post
2218 1240 2326 1294 alia
2347 1255 2367 1293 :

614 1318 754 1386 Quid
792 1330 975 1376 autem
1014 1325 1127 1380 vult
1174 1325 1354 1380 dicere
1384 1326 1545 1381 aliam
1577 1343 1699 1383 esse
1746 1341 1799 1385 et
1840 1332 2108 1386 diversam

546 1415 928 1471 formationem
959 1420 1163 1474 Christi
1190 1437 1218 1475 a
1250 1432 1463 1486 nostra,
1500 1423 1806 1478 volentibus
1848 1425 2005 1478 nobis
2051 1424 2105 1478 in

544 1508 647 1562 hac
698 1510 933 1564 maxima
965 1528 1069 1565 una
1106 1528 1164 1567 re
1202 1514 1419 1569 differre
1456 1515 1628 1586 ipsius
1659 1516 2103 1571 constitutionem

2214 1351 2245 1389 a
2280 1345 2486 1399 nostra,
2516 1336 2659 1405 quod
2691 1335 2897 1392 scilicet
2922 1336 2977 1391 in
3014 1337 3133 1409 ipso
3157 1338 3229 1393 sit
3264 1336 3502 1391 Verbum
3533 1337 3667 1406 quod
3696 1338 3742 1391 in

2212 1429 2371 1484 nobis
2394 1428 2557 1483 homo
2583 1428 2805 1483 interior
2830 1428 2966 1499 (48).

2013 1629 2079 1683 Et
2113 1636 2287 1697 postea
2307 1640 2324 1677 :

612 1719 669 1773 Si
722 1720 903 1776 dicere
954 1722 1227 1778 habitasse
1278 1722 1334 1777 in
1382 1739 1448 1779 eo
1498 1725 1839 1795 sapientiam,
1872 1726 2014 1780 sicut
2043 1725 2098 1779 in

541 1811 693 1864 nullo
723 1812 850 1875 alio,
881 1812 983 1867 hoc
1011 1815 1228 1867 modum
1260 1814 1476 1883 quidem
1506 1816 1914 1871 inbabitationis
1944 1832 2100 1871 eum-

540 1903 662 1954 dem
687 1902 947 1965 declarat,
969 1918 1221 1958 mensura
1250 1918 1378 1958 vero
1404 1913 1457 1958 et
1479 1905 1822 1960 multitudine
1848 1905 2098 1960 excellit:

540 1994 692 2047 verbi
726 1995 921 2063 gratia,
950 1995 1115 2065 duplo
1150 1996 1294 2064 plus,
1326 2005 1421 2051 aut
1461 1998 1952 2068 quomodocunque
1988 2014 2104 2052 am-

538 2086 701 2153 plius,
725 2087 822 2141 vel
841 2088 1021 2143 minus
1044 2088 1208 2159 duplo
1236 2105 1401 2159 quam
1435 2089 1549 2156 alii,
1583 2100 1943 2160 cognoscente
1984 2091 2102 2160 ipso

2198 1735 2229 1776 a
2262 1718 2547 1788 sapientia.
2587 1715 2702 1771 Hoc
2733 1724 2911 1769 autem
2948 1714 3139 1769 nolunt
3188 1715 3441 1770 catholici
3487 1726 3541 1769 et
3582 1714 3733 1769 eccle-

2199 1811 2407 1869 siastici
2434 1823 2690 1873 canones,
2707 1806 2802 1862 sed
2825 1805 3006 1877 potius
3024 1806 3144 1860 illos
3164 1806 3380 1876 quidem
3407 1806 3735 1875 participasse

2200 1902 2521 1973 sapientiam
2574 1898 2707 1953 foris
2748 1897 3126 1966 inspirantem,
3174 1911 3295 1965 quae
3345 1897 3454 1951 alia
3500 1907 3581 1951 est
3616 1894 3737 1964 apud

2201 1999 2383 2068 ipsos;
2412 1994 2584 2063 ipsam
2610 2006 2742 2046 vero
2772 1991 3088 2060 sapientiam
3123 2007 3214 2058 per
3235 2007 3293 2046 se
3312 1992 3487 2062 ipsam
3516 1992 3741 2046 substan-

2202 2089 2403 2143 tialiter
2426 2086 2481 2140 in
2508 2099 2710 2154 corpus
2741 2099 2808 2137 ex
2834 2082 3005 2137 Maria
3039 2083 3270 2139 venisse.

1946 2179 2015 2234 Et
2042 2188 2158 2250 post
2190 2177 2301 2232 alia
2335 2192 2352 2229 :

603 2292 683 2346 Ac
712 2292 916 2356 dicunt,
955 2308 1065 2347 non
1111 2306 1231 2347 esse
1275 2292 1412 2347 duos
1443 2292 1602 2348 ﬁlios.
1634 2291 1692 2346 Si
1715 2301 1893 2347 autem
1922 2293 2093 2348 Filius

531 2391 619 2439 est
639 2383 729 2438 Dei
746 2382 906 2439 Jesus
931 2383 1215 2451 Christus;
1238 2382 1411 2440 Filius
1438 2399 1569 2439 vero
1593 2384 1755 2438 etiam
1785 2383 2089 2453 sapientia;

2199 2300 2253 2346 et
2293 2289 2439 2345 aliud
2463 2295 2547 2343 est
2580 2285 2864 2356 sapientia,
2894 2292 2948 2340 et
2973 2283 3118 2339 aliud
3145 2282 3301 2340 Iesus
3330 2284 3616 2340 Christus:
3640 2283 3733 2339 duo

2201 2391 2331 2438 sunt
2365 2381 2483 2436 ﬁlii.

1987 2480 2057 2533 Et
2087 2492 2265 2535 postea
2298 2493 2317 2530 :

1987 2497 2057 2533 ιιι
2086 2497 2265 2551 postea
2298 2497 2317 2530 :

604 2572 1019 2641 Copulationem
1048 2572 1158 2644 (49)
1187 2588 1315 2628 vero
1344 2589 1467 2628 cum
1511 2574 1776 2645 sapientia
1830 2573 1983 2628 aliter
2009 2574 2093 2627 in-
2128 2577 2170 2634 Β
2198 2588 2305 2626 non
2340 2580 2519 2625 autem
2547 2567 2844 2624 secundum
2874 2565 3230 2621 substantiam
3270 2564 3325 2620 in
3370 2579 3600 2635 corpore
3646 2562 3738 2618 lor-

530 2668 729 2738 tcllige,
774 2667 1072 2721 secundum
1122 2666 1464 2734 disciplinam
1490 2674 1544 2719 et
1594 2666 2091 2735 participationem;

2204 2672 2426 2718 matam.

1946 2778 2015 2831 Et
2046 2786 2162 2847 post
2192 2776 2302 2829 alia
2336 2790 2353 2827 :

605 2870 791 2941 Neque
828 2870 971 2926 Deus
998 2871 1091 2940 qui
1130 2886 1326 2941 corpus
1360 2872 1656 2927 humanum
1695 2872 1901 2929 ferebat
1926 2882 1980 2928 et
2004 2872 2091 2925 in-

527 2966 738 3033 duerat,
765 2966 1077 3036 passionum
1115 2970 1474 3022 humanarum
1504 2969 1874 3039 principaliter
1899 2984 2091 3039 expers

527 3067 680 3125 erat;
712 3073 889 3128 neque
921 3073 1121 3128 corpus
1175 3060 1473 3114 humanum
1509 3060 1821 3115 divinorum
1866 3074 2091 3130 operum

525 3152 895 3222 principaliter
932 3167 1126 3222 expers
1162 3161 1280 3207 erat
1314 3153 1371 3207 in
1414 3167 1480 3208 eo
1520 3154 1576 3207 in
1618 3168 1728 3224 quo
1750 3160 1885 3218 erat,
1915 3161 1970 3207 et
1998 3166 2091 3222 per

2199 2885 2361 2941 quem
2394 2870 2509 2924 hac
2555 2883 2717 2939 opera
2758 2866 3006 2923 faciebat.
3045 2866 3330 2922 Formatus
3372 2877 3457 2921 est
3486 2867 3732 2937 principa-

2197 2965 2318 3018 liter
2339 2972 2412 3033 _ut
2444 2964 2607 3017 homo
2654 2962 2707 3016 in
2758 2972 2968 3027 ventre;
2998 2969 3051 3016 et
3096 2963 3415 3017 secundario
3447 2963 3561 3033 (50)
3611 2963 3733 3016 Deus

2195 3066 2313 3112 erat
2368 3057 2419 3110 in
2448 3064 2653 3110 ’ventre
2704 3053 3124 3123 συνουσιωμένος
3177 3052 3255 3123 τῷ
3298 3053 3639 3125 ἀνθρωπίνῳ,
3690 3053 3734 3105 id

2197 3159 2298 3211 est,
2330 3147 2579 3218 copulata
2613 3146 2912 3200 substantia
2941 3144 3061 3210 eius
3088 3160 3211 3199 cum
3245 3146 3487 3201 homine.

2098 3240 2186 3295 Ill.

748 3338 840 3397 Ex
893 3335 1066 3399 Actis
1117 3336 1573 3415 disputationis
1618 3339 1846 3402 habitas
1890 3357 1926 3402 a
1974 3338 2339 3401 Malchione
2389 3339 2605 3397 contra
2664 3332 2929 3394 Paulum
2986 3334 3498 3395 Somosatenum.

1147 3436 1296 3505 Apud
1327 3435 1538 3491 Petrum
1571 3438 1865 3493 Diaconum
1903 3439 1994 3492 lib.
2030 3439 2105 3491 De
2138 3436 2409 3490 Incarnat.
2441 3434 2513 3505 ad
2541 3432 2900 3503 Fulgentium,
2930 3449 3047 3502 cap.
3077 3431 3127 3485 6.

1191 3528 1196 3533 ’
1504 3506 1653 3561 Inter
1680 3525 1836 3578 Opera
1864 3508 1923 3564 S.
1956 3508 2225 3578 Fulgentii
2259 3507 2417 3575 epist.
2456 3504 2542 3557 16.

591 3595 672 3650 Ex
706 3596 1041 3661 simplicibus
1077 3597 1152 3670 (l)
1186 3600 1244 3653 lit
1267 3610 1412 3655 certe
1438 3601 1823 3670 compositum,
1858 3601 1999 3656 sicut
2022 3602 2077 3655 in

519 3687 739 3742 Christo
766 3685 914 3753 Jesu,
942 3688 1032 3757 qui
1062 3704 1124 3742 ex
1156 3688 1266 3743 Deo
1298 3689 1476 3745 Verbo
1500 3701 1555 3745 et
1577 3691 1817 3745 humano
1843 3706 2071 3761 corpore

520 3779 665 3848 quod
694 3788 776 3833 est
816 3793 881 3833 ex
914 3780 1119 3834 semine
1146 3779 1336 3844 David,
1376 3796 1517 3835 unus
1546 3780 1723 3837 factus
1751 3789 1850 3848 est,
1876 3798 2083 3852 nequa-

518 3884 682 3939 quam
718 3870 948 3925 ulterius
978 3871 1245 3927 divisione
1280 3872 1485 3941 aliqua,
1524 3873 1619 3928 sed
1656 3874 1863 3929 unitate
1899 3876 2082 3930 subsi-

518 3970 686 4016 stens.
737 3962 818 4016 Tu
861 3977 991 4016 vero
1039 3961 1239 4017 videris
1270 3962 1403 4016 mihi
1450 3963 1751 4018 secundum
1795 3964 1900 4019 hoc
1940 3965 2082 4019 nolle

518 4054 967 4122 compositionem
1018 4052 1201 4118 fateri;
1232 4063 1288 4107 ut
1329 4070 1437 4109 non
1478 4055 1780 4109 substantia
1815 4054 1885 4109 sit
1927 4054 1982 4109 in
2015 4070 2080 4111 eo

517 4142 685 4200 Filius
715 4145 827 4212 Dei,
849 4145 942 4200 sed
970 4146 1232 4215 sapientia
1261 4147 1558 4201 secundum
1585 4147 2074 4217 participationem.

518 4232 632 4289 Hoc
660 4237 803 4290 enim
841 4236 1051 4300 dixisti,
1073 4237 1200 4306 quia
1228 4237 1493 4307 sapientia
1530 4237 1875 4308 dispendium
1901 4238 2077 4308 patia-

2190 3610 2298 3664 tur,
2317 3608 2369 3653 et
2394 3597 2512 3651 ideo
2535 3594 2833 3663 composita
2858 3608 2977 3648 esse
3009 3608 3117 3647 non
3141 3592 3312 3661 possit
3343 3612 3356 3647 :
3386 3608 3492 3651 nec
3522 3598 3731 3665 cogitas,

2189 3692 2330 3762 quod
2373 3690 2554 3745 divina
2606 3688 2868 3759 sapientia
2904 3688 3046 3743 sicut
3072 3696 3359 3757 antequam
3389 3702 3449 3742 se
3474 3689 3734 3742 exinanis-

2189 3791 2290 3846 set,
2335 3780 2656 3835 indiminuta
2701 3779 3028 3849 permansit;
3077 3780 3149 3832 ita
3177 3788 3232 3834 et
3274 3778 3328 3831 in
3366 3779 3473 3833 hac
3497 3778 3731 3833 exinani-

2189 3874 2334 3928 tione
2371 3886 2532 3941 quam
2563 3869 2727 3940 gessit
2763 3867 3207 3934 misericorditer,
3236 3867 3563 3922 indiminuta
3587 3876 3731 3936 atque
3814 3932 3815 3935 η

2186 3962 2588 4018 indemutabilis
2639 3960 2865 4015 exstitit.
2923 3957 2991 4012 Et
3041 3959 3145 4013 hoc
3194 3959 3354 4012 etiam
3404 3958 3568 4025 dicis,
3598 3954 3729 4026 quod

2185 4052 2449 4123 sapientia
2487 4050 2755 4104 habitaret
2781 4050 2836 4103 in
2861 4064 2948 4115 eo,
2974 4049 3116 4104 sicut
3139 4048 3445 4102 habitamus
3470 4058 3525 4102 et
3557 4062 3653 4102 nos
3683 4046 3730 4098 in

2186 4145 2460 4209 domibus,
2492 4152 2561 4197 ut.
2596 4144 2730 4198 alter
2777 4143 2831 4197 in
2871 4144 3040 4197 altero
3064 4140 3210 4211 (52);
3253 4142 3346 4195 sed
3392 4154 3573 4208 neque
3618 4154 3730 4210 pars

2182 4239 2377 4293 domus
2401 4252 2501 4291 nos
2529 4252 2739 4300 sumus,
2769 4250 2870 4290 nec
2896 4234 3071 4289 nostri
3092 4248 3218 4303 pars
3240 4232 3436 4287 domus
3463 4240 3571 4289 est.

2087 4327 2175 4385 ιν.

1563 4419 1647 4476 Ex
1674 4422 1861 4476 iisdem
1893 4422 2039 4477 Actis
2072 4423 2213 4492 apud
2240 4422 2516 4478 Leontium
2551 4421 2589 4474 Ι.
2632 4436 2678 4474 c.

585 4507 776 4565 Nonne
807 4521 932 4565 ante
959 4510 1229 4574 dicebam.
1262 4514 1406 4583 quod
1444 4528 1553 4569 non
1598 4515 1850 4569 concedis
1880 4514 2077 4570 Filium

511 4602 852 4673 unigenitum
875 4602 967 4673 qui
998 4614 1082 4658 est
1113 4619 1179 4659 ex
1205 4606 1505 4660 agternitate
1533 4614 1660 4660 ante
1685 4622 1899 4661 omnem
1928 4623 2073 4662 crea-

512 4752 797 4807 scoporum
829 4737 994 4792 totius
1015 4736 1237 4808 Africa.
1268 4746 1329 4791 ut
1366 4738 1553 4793 scribit
1573 4740 1628 4792 in
1653 4738 1877 4808 epistola
1904 4739 2067 4793 citata

511 4808 579 4862 ad
610 4805 959 4861 Cornelium.
1015 4805 1203 4862 Patres
1240 4822 1459 4877 quoque
1489 4805 1824 4864 Sardicénsis
1850 4810 2065 4864 concilii

509 4879 753 4931 eamdem
799 4877 1165 4931 adhibuerunt
1206 4877 1558 4947 diligentiam.
1598 4878 1700 4932 Sed
1757 4886 1811 4933 et
1851 4880 2066 4948 quoties

510 4948 743 5019 mortuis
768 4948 1037 5019 episcopis
1064 4948 1154 5001 alii
1190 4948 1244 5019 in
1267 4963 1454 5019 eorum
1483 4948 1658 5004 locum
1685 4949 1895 5019 fuerant
1920 4949 2066 5002 ordi-

510 5017 642 5079 nati,
669 5032 856 5071 eorum
887 5018 1107 5071 nomina
1137 5018 1360 5087 reliquis
1379 5019 1644 5087 episcopis
1668 5019 1908 5073 indicare
1931 5034 2065 5071 con-

509 5098 757 5140 sueverat
788 5087 1086 5151 ordinator,
1111 5097 1170 5141 ut
1190 5089 1471 5143 scirentad
1498 5104 1634 5157 quos
1667 5090 1924 5153 scribere,
1947 5097 2001 5142 et
2034 5103 2065 5142 a

508 5158 707 5225 quibus
748 5159 1003 5228 pacilicas
1037 5160 1242 5212 litteras
1273 5160 1516 5228 accipere
1547 5159 1923 5228 deberentLut
1979 5158 2065 5210 di-

509 5228 713 5280 scimus
751 5243 816 5297 es
845 5226 1128 5297 Theophili
1167 5226 1409 5296 epistolis
1437 5228 1799 5296 paschalibus.
1832 5226 2032 5282 VALES.
2060 5258 2065 5269 ι

577 5297 687 5362 (48)
738 5295 852 5351 Nos
905 5295 1148 5362 dicimus,
1175 5300 1313 5367 quod
1356 5295 1493 5350 sicut
1538 5298 1691 5367 llatth
1741 5300 1970 5367 exterior
2015 5305 2066 5351 et

506 5366 727 5418 interior
757 5377 878 5421 sunt
916 5384 1018 5420 una
1057 5366 1316 5435 persana;
1353 5369 1427 5420 sic
1456 5368 1599 5420 Deus
1640 5366 1860 5420 Verbum
1892 5377 1939 5421 et
1966 5369 2065 5420 Im-

509 5438 736 5508 munitas
772 5448 1041 5507 assumpta
1079 5447 1198 5490 sunt
1228 5453 1332 5489 una
1359 5453 1599 5506 persona,
1628 5438 1765 5507 quod
1805 5447 1955 5508 negat
1981 5439 2063 5491 llic

509 5504 736 5559 Paulus.
762 5510 894 5562 CAN.

580 5576 692 5643 (49)
739 5578 1101 5645 Συνάφειαν,
1173 5576 1554 5631 humanitatem
1619 5577 1793 5631 aiebat
1857 5576 2060 5631 Paulus

507 5647 712 5697 unitum
774 5663 881 5700 esse
924 5664 1037 5700 cum
1095 5648 1374 5716 sapientia,
1400 5648 1536 5700 sicut
1568 5647 1848 5711 disciplina
1877 5652 2062 5702 unitur

507 5731 624 5767 cum
652 5716 878 5770 discent:
902 5734 989 5771 uer
1009 5719 1481 5787 participationem.
1512 5719 1643 5772 CAN.

2188 4526 2386 4581 turam,
2409 4517 2464 4571 in
2501 4524 2613 4568 toto
2642 4513 2923 4566 Salvatore
2946 4510 3255 4574 οὑσιῶσθαι,
3290 4509 3342 4565 id
3390 4518 3496 4575 est,
3529 4510 3726 4565 unitum

2178 4624 2299 4664 esse
2341 4605 2639 4662 secundum
2675 4602 3073 4658 substantiam?

2240 4744 2352 4811 (50)
2396 4740 2744 4811 Secundario.
2774 4738 2930 4811 Κατςὰ
2972 4738 3220 4811 δξᾷτερον
3259 4740 3433 4808 λόγον.
3467 4740 3723 4796 Tcnmu.

2242 4809 2351 4881 (5t)
2386 4810 2466 4863 Ea:
2494 4810 2839 4881 simplicibus.
2860 4809 3329 4881 Huic‘fragmento
3360 4812 3462 4865 ista
3498 4814 3724 4881 praemit-

2174 4877 2461 4936 tit‘Petrus
2495 4877 2767 4933 Diaconus
2854 4898 2867 4933 :
2907 4897 2924 4928 ι
2963 4877 3291 4934 Hinc—etiam
3338 4897 3369 4935 a
3403 4877 3607 4936 san—etis
3631 4880 3725 4933 Pa-

2171 4952 2345 5006 trihus
2372 4950 2697 5004 adunatione
2721 4965 2786 5002 ex
2816 4948 3100 5002 divinitate
3133 4960 3187 5004 et
3219 4950 3555 5004 humanitate
3578 4951 3725 5004 Chri-

2171 5031 2288 5076 stus
2326 5022 2582 5073 Duminus
2613 5028 2796 5073 noster
2828 5020 3162 5086 compositus
3187 5022 3528 5089 praedicatur.
3569 5018 3716 5086 Quod

2170 5092 2360 5145 nolens
2401 5089 2601 5143 Paulus
2619 5089 3007 5144 Samosatenus
3033 5089 3299 5153 confiteri,
3330 5090 3621 5144 damnatus
3648 5100 3725 5141 est

2172 5162 2240 5213 ab
2273 5161 2609 5214 Antiocheno
2638 5158 2890 5230 concilio,
2916 5157 3213 5213 Malchione
3252 5162 3567 5230 presbytero
3592 5159 3725 5225 ejus—

2170 5230 2291 5284 dem
2325 5230 2673 5284 Antiochcnae
2697 5229 2970 5295 Ecclesiae,
2990 5231 3106 5283 viro
3138 5245 3232 5298 per
3257 5229 3437 5284 omnia
3469 5232 3721 5284 eruditis-

2172 5300 2331 5365 simo,
2356 5309 2411 5353 et
2440 5301 2508 5353 ab
2533 5300 2801 5355 universis
2839 5299 3208 5355 sacerdotibus
3227 5301 3319 5368 qui
3353 5308 3541 5354 contra
3575 5312 3722 5353 etim-

2171 5370 2292 5422 dem
2346 5368 2572 5423 Paulum
2627 5377 2989 5425 convenerant
3046 5379 3174 5423 tunc
3219 5373 3421 5434 electo;
3450 5372 3546 5436 qui
3577 5381 3719 5424 sum-

2169 5454 2318 5493 mum
2361 5440 2750 5509 disputationis
2781 5450 3051 5494 certamen
3094 5453 3122 5492 a
3156 5440 3388 5493 concilio
3423 5445 3717 5496 memorato

2169 5510 2493 5579 suscipiens,
2546 5511 2618 5562 ita
2671 5511 2919 5563 eumdem
2984 5509 3293 5563 luereticum
3345 5509 3483 5563 inter
3531 5516 3718 5566 extera

2168 5579 2464 5647 redarguit,
2498 5580 2684 5633 dicens
2716 5593 2731 5631 :
2769 5579 2849 5631 Ea:
2876 5579 3221 5647 simplicibus,
3268 5598 3287 5630 ι
3325 5588 3431 5647 etc.

2241 5645 2351 5771 (δῇ)
2376 5648 2442 5701 Ut
2461 5649 2594 5702 alter
2618 5653 2671 5701 in
2694 5648 2879 5704 altero.
2900 5645 3040 5703 Ed‘iti
3058 5646 3261 5707 Lovan.
3276 5646 3498 5704 etDasil.
3514 5653 3571 5700 ut
3588 5645 3718 5699 alter

2257 5737 2286 5771 α
2334 5734 2443 5771 era.

2172 5719 2226 5771 in
2257 5719 2443 5772 altera.
