3882 6488
124 388 208 444 275
1011 377 1100 432 DE
1141 379 1298 434 VITA
1340 379 1425 434 ET
1469 378 1777 435 SCRIPTIS
1820 378 1879 435 S.
1924 379 2307 435 lllPPOLYTl.

3195 385 3300 438 274

121 505 220 568 222,
247 505 391 556 vitam
419 499 633 554 duxisse
654 540 666 561 ,
701 514 768 554 ex
799 500 917 568 ejus
950 497 1162 554 Conone
1189 497 1441 553 Pascltali
1473 513 1622 554 com-
1654 503 1694 558 Λ
1725 497 2077 554 doctissimus
2097 499 2470 569 Stephannsle
2499 497 2690 570 Moyne
2720 499 2834 571 (23)
2856 500 3131 564 observat,
3152 506 3296 572 quod

118 607 285 669 pertum
319 595 387 648 lit.
432 591 727 646 Plurimum
781 605 962 646 autem
1016 592 1328 662 profecisse
1367 592 1419 645 in
1471 592 1616 646 omni

120 687 407 745 scientiarum
433 695 622 754 genere
649 692 799 737 tanto
832 683 933 738 sub
965 683 1224 754 magistro
1251 682 1617 754 Hippolytum,

117 795 208 851 qua:
231 783 482 846 superant,
510 774 628 844 ejus
653 774 918 830 doctrinae
940 786 1288 830 monumenta
1319 775 1619 830 luculenter

116 872 347 932 evincunt;
391 875 448 920 ut
484 875 763 935 propterea
797 867 878 919 vir
904 867 1286 920 disertissimus
1333 865 1400 919 ab
1430 863 1618 918 Hiero-

114 975 240 1033 nymo
268 959 384 1029 (ll),
408 959 700 1028 quinetiam
753 959 1146 1012 sacratissimus
1181 968 1230 1011 et
1268 975 1487 1028 magnus
1522 957 1618 1009 do-

114 1064 212 1117 ctor,
242 1051 557 1120 veritatisque
593 1051 736 1104 testis
762 1050 936 1119 ﬁdelis
979 1053 1047 1104 ab
1072 1050 1360 1105 Anastasio
1389 1049 1500 1121 (12)
1531 1060 1616 1104 at~

111 1161 189 1216 que
217 1145 445 1200 Ecclesia:
485 1145 676 1198 doctor
719 1144 1052 1211 γλυκύτατος
1093 1146 1187 1198 καὶ
1241 1144 1614 1208 εὐνούστατος,

108 1236 408 1300 dulcissimus,
435 1243 484 1289 et
518 1233 920 1306 benignissimus
962 1235 1030 1288 ab
1066 1235 1172 1288 alio
1213 1237 1438 1304 antiquo
1480 1237 1615 1290 scri-

109 1337 226 1398 ptore
247 1326 344 1396 (l5)
366 1327 485 1397 jure
513 1328 831 1396 appelletur.
882 1326 965 1380 Ad
1011 1328 1125 1382 haec
1157 1336 1292 1382 teste
1327 1326 1390 1379 1).
1419 1325 1611 1381 llicro-

106 1433 230 1489 nymo
265 1417 365 1488 (ιιι)
415 1432 523 1472 ηοη
573 1417 750 1472 solum
802 1433 1056 1487 magnam
1105 1417 1316 1472 dicendi
1357 1418 1464 1471 vim
1511 1419 1614 1472 sub

103 1508 330 1577 disciplina
403 1507 458 1560 S.
491 1506 712 1574 lrenzei,
780 1507 874 1562 sed
920 1507 1239 1563 immensam
1288 1523 1506 1578 quoque
1558 1509 1611 1562 in

102 1599 382 1668 philosophia
431 1607 484 1653 et
560 1598 803 1668 profanis
877 1598 1121 1652 scientiis
1188 1599 1438 1652 nmitiam
1507 1599 1610 1653 sibi

103 1691 408 1759 comparavit;
444 1706 507 1744 ea
539 1691 685 1744 enim
715 1699 872 1745 astate
900 1692 1099 1746 summi
1131 1691 1184 1745 in
1214 1690 1454 1746 Ecclesia
1486 1693 1610 1758 viri,

100 1782 494 1850 quemadmodum
532 1797 692 1836 nemo
727 1783 959 1852 ignorat,
991 1783 1156 1852 hujus
1184 1787 1398 1854 generis
1429 1785 1612 1839 erudi-

1729 605 1913 644 revera
1942 590 2001 655 ὲξ
2027 591 2234 644 ἐκείνου
2254 591 2596 661 possitetiam
2615 591 2803 646 referri
2833 592 2901 646 ad
2926 591 3296 664 Hippolytum,

1725 690 1780 736 et
1813 681 1926 736 sive
1948 683 2014 737 ad
2045 693 2260 754 tempus
2292 682 2580 750 referatur,
2616 684 3021 755 intelligendum
3053 687 3141 752 sit,
3176 687 3298 744 Ori-

1726 788 1913 843 genem
1946 774 2050 828 isto
2101 784 2345 842 tempore
2380 774 2680 828 imitatione
2727 774 2998 846 Hippolyti
3022 819 3036 843 ,
3085 777 3152 832 de
3187 796 3298 848 quo

1726 874 1850 918 ante
1879 874 2062 933 egerat
2091 863 2393 928 Eusebius,
2446 867 2870 922 commentarios
2915 869 3078 923 etiam
3122 870 3173 922 in
3209 886 3299 924 sa-

1724 970 1872 1009 cram
1903 955 2236 1023 Scripturam
2273 971 2495 1024 parasse
2547 965 2601 1009 et
2632 955 2952 1013 adornasse.
2983 959 3297 1014 Audiendus

1723 1061 1942 1114 quoque
1969 1057 2050 1099 est
2077 1048 2488 1100 recentissimus
2521 1056 2742 1111 auctor,
2775 1049 2867 1117 qui
2899 1051 3000 1104 hac
3024 1051 3090 1105 de
3126 1067 3182 1105 re
3223 1053 3293 1106 ita

1722 1136 1943 1190 disserit
1976 1136 2089 1205 (24)
2117 1155 2132 1191 :
2170 1135 2361 1190 Omnia
2393 1137 2617 1192 suadent
2658 1154 2778 1192 vera
2809 1155 2941 1202 esse,
2976 1157 3297 1212 quiscunque

1723 1240 1912 1284 veteres
1941 1230 2005 1283 de
2043 1229 2284 1300 Origenis
2307 1229 2645 1285 aemulatione
2679 1229 3034 1297 tradiderunt,
3067 1233 3293 1286 Ambro-

1721 1325 1799 1376 sio
1831 1323 2110 1387 excitante,
2136 1323 2225 1392 qui
2252 1323 2431 1376 studia
2466 1323 2564 1392 ipsi
2591 1335 2899 1393 proponeret
2937 1323 3294 1394 Hippolyti..-

1726 1413 2011 1485 Utriusque
2047 1423 2222 1467 autent
2260 1417 2531 1469 consensio
2572 1424 2679 1468 tum
2724 1433 2925 1486 quoque
2964 1418 3170 1484 ﬁrmari
3202 1434 3297 1485 po—

1722 1515 1854 1566 test.
1897 1523 2016 1559 cum
2046 1504 2296 1575 Origenes
2324 1506 2540 1560 Romam
2582 1509 2887 1573 adveniens,
2919 1510 3163 1578 pontiﬁce
3195 1507 3298 1562 Ze-

1719 1601 1962 1668 phyrina,
1988 1599 2200 1650 circiter
2228 1615 2425 1650 annum
2459 1598 2586 1659 220,
2625 1616 2722 1652 non
2757 1599 2909 1652 modo
2939 1601 3206 1668 privatim,
3240 1611 3296 1654 at

1718 1689 1923 1757 publice
1945 1691 2103 1742 etiam
2137 1687 2481 1759 Hippolytum
2511 1690 2852 1745 disserentem
2885 1694 3121 1758 audivit,
3154 1695 3295 1763 ejus-

1717 1797 1816 1852 que
1851 1783 1927 1834 rei
1960 1783 2313 1834 testimonium
2352 1782 2668 1853 Hippolytus
2699 1787 2806 1853 ipse
2837 1785 3046 1855 reliquit
3082 1787 3136 1838 in
3173 1804 3292 1840 στας

102 1875 255 1928 tionem
296 1889 416 1928 vero
463 1875 717 1943 theologo
767 1890 1109 1944 nequaquam
1142 1877 1289 1931 velut
1331 1878 1606 1948 indignam
1643 1867 1682 1920 Β
1713 1875 1870 1940 tione,
1892 1891 2050 1944 quant
2080 1876 2143 1927 de
2177 1875 2332 1928 laude
2367 1875 2432 1928 D.
2464 1876 2763 1930 Saluatoris
2791 1876 2992 1941 habuit,
3022 1895 3283 1948 quamque

101 1967 413 2022 traduxerunt.
450 1965 608 2033 Quod
651 1977 832 2022 autem
878 1969 1202 2024 sacratiorcs
1249 1970 1458 2024 litteras
1489 1986 1611 2040 spe-

101 2069 206 2125 ctat,
245 2060 418 2131 ingens
462 2061 814 2130 scriptorum,
848 2077 969 2128 quae
1007 2063 1107 2116 hoc
1153 2063 1204 2115 in
1246 2078 1441 2132 genere
1494 2064 1601 2118 cla-

99 2155 342 2221 hom-erat,
372 2170 655 2220 numerus,
691 2154 903 2208 abunde
946 2155 1256 2216 confirmat,
1303 2165 1465 2226 quam
1510 2173 1605 2212 cx-

99 2245 296 2299 cellenter
347 2247 400 2298 in
447 2246 519 2300 iis
563 2255 812 2300 versatus
863 2245 1043 2301 fuerit.
1115 2247 1331 2303 Diversa
1391 2249 1610 2316 insuper

94 2354 241 2407 opera,
274 2353 385 2409 qua:
419 2355 521 2408 pro
563 2337 888 2392 inveniendo
933 2353 995 2393 ac
1041 2339 1458 2394 determinando
1502 2340 1606 2394 Pa-

97 2429 250 2482 schalis
292 2429 374 2483 die
406 2436 813 2497 composuerat,
844 2428 1094 2483 eumdem
1129 2429 1427 2484 doctrinam
1473 2439 1608 2484 tem.

95 2534 238 2588 porum
311 2520 550 2591 perfecte
629 2520 922 2584 calluisse,
1009 2521 1311 2577 luculenter
1381 2522 1608 2576 demon-

96 2621 223 2666 strant
247 2613 370 2683 (15).

141 2704 372 2761 Aubertus
395 2707 618 2764 Mirmus
645 2710 754 2778 (16)
781 2707 946 2763 refert
974 2706 1321 2777 Hippolytum
1358 2719 1604 2761 nostrum

96 2798 196 2852 inter
245 2799 537 2870 discipulos
585 2800 878 2856 Clementis
923 2800 1296 2865 Alexandrini,
1339 2808 1394 2854 et
1437 2799 1606 2852 Baro-

94 2889 182 2943 nius
203 2890 296 2962 (l7)
318 2892 443 2948 dicit
479 2907 546 2948 se
577 2894 770 2964 legisse
800 2893 946 2963 quod
977 2892 1271 2962 discipulus
1301 2894 1457 2962 fuerit
1487 2893 1605 2948 Cle—

93 2983 232 3033 mentis
254 2983 617 3048 Alexandrini,
667 2984 880 3053 ejusque
923 2984 1261 3052 persuasione
1304 3001 1358 3036 se
1382 2984 1604 3038 Romam

94 3072 332 3126 contulerit.
361 3073 463 3127 Sed
501 3074 650 3128 haud
683 3075 909 3137 addunt,
939 3091 1046 3145 qua
1081 3075 1404 3130 auctoritate
1432 3077 1603 3132 innixi

93 3160 128 3212 id
153 3163 349 3220 tradant.
401 3164 647 3220 Ulterius
693 3167 874 3220 adhuc
921 3182 1242 3236 progressus
1286 3177 1369 3222 est
1404 3169 1604 3238 perdo-

93 3261 176 3307 ctus
210 3254 454 3322 Georgius
502 3258 730 3322 Bullus,
787 3259 881 3328 qui
929 3260 1170 3314 scribere
1219 3276 1327 3313 non
1381 3261 1601 3316 dubita-

93 3346 252 3413 t‘it(l8)
279 3367 291 3402 :
321 3347 469 3413 Quod
507 3365 700 3417 magno
735 3365 986 3402 consensu
1020 3350 1338 3402 tradiderint
1375 3352 1600 3420 scripto-

95 3451 150 3488 res
171 3439 479 3496 ecclesiastici
512 3452 732 3504 veteres,
766 3441 1109 3510 Hippolytum
1132 3443 1294 3511 fuisse
1317 3442 1604 3500 Clementis

94 3528 378 3587 Alexandrini
421 3536 775 3604 discipulum.
827 3535 1027 3592 Verum
1091 3553 1214 3592 cum
1266 3537 1409 3592 nulla
1458 3539 1600 3593 anti-

92 3636 269 3687 quorum
295 3626 407 3682 loca
433 3629 663 3692 excitet,
699 3629 879 3699 potior
905 3630 1066 3685 nobis
1095 3639 1177 3683 est
1208 3629 1384 3683 Photii
1415 3637 1604 3683 aucto-

92 3712 188 3768 ritas
217 3731 302 3784 pro
338 3719 502 3774 unico
529 3728 885 3790 praceptore,
923 3719 982 3778 S.
1007 3721 1212 3776 [remeo
1244 3719 1474 3788 scilicet,
1520 3737 1600 3779 te-

94 3808 255 3862 stantis.

137 3897 246 3954 Cum
315 3904 454 3974 apud
511 3903 767 3959 eumdem
834 3903 1087 3959 Photium
1149 3908 1311 3961 etiam
1372 3909 1602 3980 legimus

95 3984 459 4065 S.liippolytum
490 3995 747 4066 Origenis
796 3995 1116 4051 familiarem
1159 3996 1362 4064 fuisse,
1414 4001 1519 4056 hoc
1550 4012 1603 4058 et

92 4082 266 4139 aliorum
296 4087 576 4157 sulfragiis
601 4087 914 4144 confirmari
946 4105 1105 4158 posse
1135 4090 1365 4145 videtur.
1413 4091 1604 4149 Hiero-

90 4187 235 4242 nymus
251 4181 384 4234 enim
405 4182 516 4252 (l9)
535 4190 593 4236 et
614 4181 950 4251 Nicephorus
968 4182 1080 4252 (20)
1105 4183 1372 4248 scribunt,
1399 4183 1603 4255 Hippo-

89 4266 232 4334 lytum,
255 4270 476 4344 Origene
499 4283 796 4344 pratsente,
819 4275 1118 4329 orationem
1146 4291 1357 4330 sacram
1392 4277 1457 4330 de
1483 4278 1600 4331 lan-

88 4357 206 4414 dibus
228 4361 342 4418 Jesu
373 4364 584 4420 Christi
617 4364 891 4420 habuisse.
924 4364 1016 4419 llle
1068 4367 1215 4422 addit
1253 4366 1599 4422 Ambrosium

87 4447 132 4501 ad
145 4467 386 4510 sacrorum
404 4458 673 4512 librorum
689 4457 1186 4526 interpretationem
1205 4459 1488 4529 Origenem
1512 4460 1596 4513 in-

89 4540 320 4611 citasse,in
343 4549 747 4602 aemulationem
767 4546 1056 4619 Hippolyti,
1075 4549 1234 4603 editis
1252 4549 1365 4618 jam
1390 4550 1442 4604 in
1461 4551 1598 4605 divi-
1634 4555 1678 4610 D

89 4645 159 4686 nas
172 4631 451 4706 Scripturas
465 4638 880 4692 commentariis
904 4638 1042 4691 bene
1064 4637 1494 4691 meriti.Monent
1510 4654 1600 4691 an-

91 4731 166 4775 tem
185 4723 429 4784 Henricus
453 4727 708 4782 Valesius
725 4727 836 4797 (21)
870 4736 924 4783 et
945 4726 1136 4780 Petrus
1157 4727 1346 4781 Daniel
1371 4727 1599 4782 Huetius

89 4811 186 4882 (22),
214 4815 590 4892 Hieronymum
641 4819 858 4874 Eusebii
889 4819 1053 4873 verba
1075 4820 1256 4873 minus
1282 4831 1425 4874 recte
1447 4821 1602 4875 intel-

89 4905 320 4975 lexisse,et
344 4930 534 4968 vocem
573 4914 778 4967 ἐκείνου
798 4954 812 4975 ,
838 4927 959 4982 qum
989 4911 1129 4980 apud
1163 4912 1324 4966 istum
1363 4915 1426 4967 ad
1462 4925 1598 4968 teut--

91 5011 163 5064 Pus
187 5007 450 5072 pertineat,
471 5023 756 5077 perperam
781 5007 845 5062 ad
870 5004 1217 5077 Hippolytum
1246 5007 1516 5063 retulisse.
1533 5009 1600 5064 At

139 5140 225 5215 (ll)
258 5142 475 5215 Hieron.
496 5145 658 5215 epist.
687 5145 737 5215 ly.
759 5143 813 5209 2,
839 5145 906 5199 ad
928 5144 1118 5215 Lucin.

138 5212 507 5285 _(l_2)_Anastas.
533 5212 908 5285 'inCollectan.
934 5216 1075 5285 apud
1095 5214 1365 5283 Gallaud.,
1393 5225 1524 5272 tom.
1552 5217 1596 5271 ll

91 5276 286 5356 Bibliptb.
307 5284 439 5351 re,
475 5302 533 5356 p.
556 5283 681 5340 tes.

139 5351 720 5426 (l3)_Anonyﬁ._inter
755 5353 890 5425 Opp.
938 5354 996 5409 S.
1023 5355 1179 5411 Joan.
1207 5355 1488 5426 Chrysost.
1540 5358 1593 5411 in

89 5423 266 5494 appetiti.
284 5422 581 5486 ιοωξνιιι,
611 5441 731 5494 pag.
758 5426 824 5481 79
839 5422 1057 5482 'nuviss.
1083 5427 1210 5481 edit.

137 5492 557 5566 (igilieronym1
575 5492 661 5566 ep.
684 5492 750 5549 ad
773 5495 966 5550 Luciu.
991 5496 1144 5562 7l,et
1159 5497 1226 5551 ad
1244 5495 1424 5565 Magn.
1450 5495 1536 5550 '70.

138 5562 226 5632 HS)
259 5562 456 5621 Euseb:
503 5563 578 5618 Η.

90 5626 278 5706 Catalog.
299 5652 415 5706 cap.
440 5635 537 5706 (ili.

139 5703 479 5772 l'lGiAubert.
507 5703 628 5761 Μὶν.
654 5703 775 5760 Not.
802 5706 867 5760 ad
896 5705 1113 5761 Hieron.
1141 5709 1213 5763 De
1246 5710 1338 5762 vir.
1370 5709 1589 5774 illustr.,

89 5782 225 5909 ς.
258 5844 449 5905 Baron.
497 5848 565 5904 ad
587 5864 713 5904 ann.
737 5849 860 5915 229,
888 5862 1035 5903 num.
1063 5850 1114 5904 4.

655 5605 668 5618 .
707 5566 799 5620 lib.
843 5582 894 5630 v,
933 5583 1050 5636 cap.
1074 5567 1162 5629 22,
1201 5566 1510 5640 Hieronym.
1541 5568 1592 5620 in

1714 1966 2071 2038 προσομιλίαν
2101 1969 2482 2022 denominavit.
2515 1970 2668 2033 Quod
2697 1971 2835 2023 enim
2867 1987 2966 2022 non
2997 1987 3145 2024 nemo
3168 1970 3292 2024 sub-

1711 2059 1882 2123 dit,ia
1915 2058 2129 2113 Oriente
2153 2059 2205 2109 id
2237 2060 2538 2128 contigisse,
2576 2061 2784 2114 mininte
2805 2071 2882 2114 est
2912 2064 3289 2125 necessarium,

1710 2151 1950 2220 quamvis
1984 2150 2102 2218 ﬁeri
2129 2151 2376 2218 potuerit,
2403 2167 2520 2203 cum
2558 2150 2874 2220 Hippolytus
2911 2154 3291 2206 Alexandriam

1709 2241 1891 2310 petiit,
1945 2242 2163 2310 indeque
2213 2242 2413 2295 rediens
2459 2243 2733 2310 rpistolam
2775 2244 2842 2296 ad
2897 2243 3160 2298 Romanos
3223 2246 3288 2299 ab

1710 2331 1966 2400 Dionysio
2011 2332 2252 2400 episcopo
2302 2332 2660 2385 Alexandrino
2703 2332 2902 2386 attulit.
2943 2331 3122 2405 Neque
3172 2351 3288 2387 vero

1707 2432 1806 2491 est,
1834 2439 1926 2476 cur
1951 2423 2176 2477 alterum
2204 2423 2543 2493 Hippolytum
2580 2426 2906 2495 e/ﬁngamus,
2930 2442 3028 2495 l[uo
3064 2435 3290 2495 tempore

1709 2524 1886 2569 noster
1915 2515 2224 2569 Parmensis
2261 2516 2640 2569 Alexandriam
2681 2533 2910 2570 remeare
2949 2520 3152 2586 potuit,
3200 2519 3288 2572 nbt

1711 2604 2013 2659 adolescens
2056 2605 2334 2659 institutus
2383 2606 2546 2675 fuisse
2591 2608 2796 2661 videtur
2824 2624 2889 2662 ea:
2934 2608 3144 2663 Canoue
3179 2610 3288 2662 Pa-

1707 2696 1895 2762 schali,
1927 2697 2080 2767 cujus
2108 2698 2368 2752 rationem
2408 2700 2762 2754 Alexandrini
2785 2701 2887 2754 sibi
2925 2701 3282 2756 vindicabant.

1777 2787 1852 2843 De
1877 2797 2121 2858 tempore
2141 2805 2250 2859 quo
2281 2789 2602 2861 Hippolytus
2636 2791 2838 2860 ﬂoruit,
2868 2795 3150 2848 sententia:
3191 2810 3289 2848 au-

1706 2892 1918 2938 ctorum
1953 2882 2137 2936 itidem
2168 2883 2541 2953 discrepantes
2589 2894 2735 2938 sunt.
2772 2883 3064 2952 Eusebius,
3099 2885 3289 2940 Hiero-

1706 2988 1936 3044 nymus,
1997 2971 2312 3044 Syncellus,
2361 2985 2524 3044 atque
2581 2975 2673 3029 alii
2732 2975 2978 3029 referunt
3031 2991 3155 3029 eum
3218 2976 3286 3029 ad

1706 3065 2000 3119 Alexandri
2047 3065 2233 3120 Severi
2281 3067 2605 3134 imperium,
2659 3066 2750 3134 qui
2795 3082 2938 3120 anno
2983 3065 3288 3122 Servatoris

1709 3159 1882 3212 nostri
1912 3157 2019 3211 222
2049 3174 2273 3228 regnare
2307 3158 2488 3228 cmpit.
2543 3160 2600 3210 1n
2655 3156 2928 3227 Enthymii
2962 3156 3082 3212 Vita
3137 3160 3280 3212 anti-

1707 3269 1842 3320 quus
1873 3252 2098 3320 ipsisque
2129 3250 2380 3318 apostolis
2434 3250 2716 3318 familiaris
2765 3251 2960 3306 dicitur
2984 3293 3001 3318 ,
3034 3252 3286 3319 idemque

1709 3343 1762 3396 in
1797 3342 1984 3413 Cyrilli
2017 3342 2449 3412 Scythopolitani
2483 3341 2602 3395 Vita
2633 3341 2689 3396 S.
2727 3341 2884 3396 Saba:
2916 3344 2982 3398 de
3017 3358 3082 3397 co
3118 3344 3285 3397 habe-

1708 3445 1819 3501 tur,
1847 3435 2014 3506 quod,
2037 3437 2498 3506 quemadmodum
2535 3436 2698 3505 paulo
2727 3437 2978 3506 superius
3032 3437 3284 3492 animad-

1709 3525 2003 3592 vertimus,
2051 3542 2156 3579 non
2209 3526 2530 3596 simpliciter
2572 3526 2797 3596 intelligi
2847 3535 3042 3596 potest.
3095 3527 3282 3599 Longe

1706 3619 1850 3673 cnim
1899 3627 2140 3672 remotus
2175 3619 2274 3672 fuit
2303 3619 2370 3672 ab
2417 3619 2787 3688 apostolorum
2821 3617 3066 3688 ipsorum
3103 3628 3280 3674 aetate.

1709 3711 2017 3781 Stephanus
2040 3712 2088 3765 le
2114 3709 2306 3783 Moyne
2333 3712 2433 3764 loc.
2468 3711 2560 3765 cit.
2592 3712 2870 3765 existimat
2904 3711 3282 3783 Hippolytum,

1705 3803 1936 3874 Philippi
1973 3805 2201 3870 Arabis,
2234 3805 2325 3873 qui
2357 3819 2501 3859 anno
2551 3805 2753 3858 Christi
2799 3805 2906 3859 254
2943 3805 3284 3874 imperatoris

1707 3891 2025 3965 dignitatem
2059 3904 2140 3949 est
2172 3904 2522 3957 consecutus,
2562 3904 2776 3964 tempus
2824 3896 3100 3966 attigisse,
3137 3899 3282 3966 quod

1709 3987 1800 4040 ubi
1828 3986 2202 4051 admittamus,
2225 3985 2517 4040 dicendum
2547 3995 2632 4039 cst
2654 4003 2778 4040 eum
2805 3986 3098 4041 admodum
3125 3997 3284 4042 attate

1707 4077 2008 4148 profectum
2044 4076 2234 4132 fuisse.
2289 4076 2396 4130 Nec
2446 4077 2767 4148 martyrium
2803 4077 2950 4132 illius
2985 4088 3110 4148 apte
3151 4095 3282 4134 con-

1705 4169 1854 4224 venit
1885 4169 2221 4238 temporibus
2253 4167 2520 4237 Philippi,
2571 4169 2648 4222 uti
2696 4185 2761 4222 ex
2812 4170 2978 4238 paulo
3019 4180 3138 4240 post
3173 4181 3282 4224 tra-

1705 4263 1897 4320 dendis
1957 4263 2178 4334 patebit.
2233 4261 2289 4317 ld
2349 4262 2513 4316 dubio
2564 4271 2744 4327 caret,
2799 4278 2923 4317 eum
2984 4265 3283 4333 imperante

1705 4357 2013 4411 Alexandro
2061 4356 2262 4411 Severo
2296 4357 2497 4410 vixisse
2541 4364 2594 4408 et
2648 4355 2968 4425 scripsisse;
3019 4358 3281 4427 temporis

1705 4462 1889 4507 autem
1913 4451 2050 4504 ratio
2077 4465 2183 4504 non
2215 4459 2469 4502 accurate
2495 4447 2704 4501 deliniri
2729 4455 2923 4517 potest.

2233 4561 2630 4618 ARTlCllLUS
2669 4561 2730 4616 ll.

1991 4676 2054 4713 DE
2095 4673 2222 4712 SEDE
2263 4671 2564 4710 EPISCOPALI
2605 4672 2651 4711 S.
2693 4671 2993 4710 llll‘POLYTI.

1780 4748 2105 4803 Charactere
2158 4747 2450 4816 episcopali
2635 4747 2978 4818 Hippolytum
3031 4760 3279 4802 nostrum

1709 4842 1877 4897 fuisse
1925 4841 2242 4912 insignitum
2293 4840 2583 4909 perhibent
2633 4839 2902 4895 Eusebius
2948 4840 3058 4910 ('25)
3117 4851 3281 4910 atque

1712 4939 1772 4992 Ι).
1806 4934 2168 5004 Hieronymus
2211 4934 2321 5004 (26)
2352 4954 2364 4988 :
2399 4934 2495 4990 sed
2540 4936 2744 4990 incerta
2775 4934 3000 4988 omnino
3030 4942 3114 4989 est
3160 4935 3291 5004 ejus.

1779 5069 1887 5141 (l8)
1911 5069 2048 5143 [ξμιι.
2074 5070 2391 5143 Defens.ﬁd.
2413 5069 2762 5143 Alica-tt..ch
2784 5083 2996 5143 t_u,cap.
3019 5067 3277 5143 8,p._‘__’20.

1779 5137 1890 5212 (l9)
1927 5137 2402 5212 Hieron.'loc.’ci_t_.
2436 5139 2565 5212 Eus.
2600 5137 2667 5193 Η.
2701 5137 2767 5192 Ε.
2798 5138 2928 5212 LVI,
2954 5153 3083 5212 cap.
3116 5139 3205 5191 23.

1776 5208 2179 5330 ϐοὶ-,ἓίεερὴη
2229 5210 2302 5263 Η.
2347 5208 2412 5263 Ε.
2468 5211 2560 5264 lib.
2609 5225 2693 5276 tv,
2729 5224 2849 5277 cap.
2904 5210 2992 5274 51,
3059 5219 3190 5262 tom.
3239 5210 3278 5270 l,

1777 5298 1827 5330 α-
1865 5299 1934 5330 οἱ)
1976 5321 1989 5330 .

1741 5298 1827 5336 aa.
1865 5298 1989 5336 οου.

1705 5298 1827 5352 pag.
1865 5298 1989 5336 oon.

1773 5352 1890 5419 (21)
1929 5350 2136 5412 Vales.,
2165 5348 2286 5403 Not.
2321 5349 2374 5402 in
2405 5348 2604 5403 Euseb.
2644 5348 2737 5402 lib.
2765 5362 2814 5400 vr
2873 5347 2945 5400 11.
2977 5345 3074 5412 Ε.,
3107 5363 3156 5401 c.
3186 5346 3278 5401 23.

1774 5422 1886 5492 (22)
1929 5419 2089 5492 liuet.
2120 5419 2428 5492 Origenian.
2459 5420 2550 5473 lib.
2595 5433 2634 5482 ι,
2662 5434 2783 5492 cap.
2820 5419 2875 5492 2Ρ
2921 5419 3029 5492 §§.

1774 5487 1887 5560 (25)
1927 5491 2155 5561 Moyne,
2198 5487 2586 5561 Pyrolegomena
2633 5489 2701 5542 ad
2734 5487 2904 5541 Varia
2931 5487 3156 5551 'Sacra,
3226 5491 3280 5542 in

1705 5559 2185 5618 exorcitatinncula
2217 5559 2286 5613 de
2314 5559 2372 5614 S.
2411 5559 2720 5629 Hippolyto.

1770 5632 1884 5702 (24)
1905 5633 2092 5702 Simon
2117 5631 2182 5684 de
2199 5627 2495 5699 Magistris,
2513 5627 2564 5682 in
2583 5627 2892 5702 Pt':efat_.ad_
2907 5627 3297 5702 lianielemsea.

1703 5698 1937 5758 eundum
1958 5700 2120 5763 LXX,
2145 5698 2306 5755 num.
2326 5717 2419 5761 vn.
2463 5718 2514 5769 p.
2545 5715 2696 5759 xxvr,
2728 5700 2854 5752 edit.
2880 5698 3280 5756 liomanJ'i'i‘z.

1773 5774 1884 5841 (25)
1927 5771 2145 5837 Euseb,
2180 5769 2249 5827 ΙΙ.
2287 5770 2350 5823 Ε.
2384 5771 2475 5824 lib.
2512 5787 2585 5834 vr,
2622 5769 2858 5841 θυμω.

1774 5840 1886 5912 (26)
1930 5841 2146 5898 Hieron.
2190 5842 2262 5897 De
2301 5859 2397 5897 νιν.
2438 5841 2516 5895 ill.
2545 5857 2662 5910 cap.
2695 5840 2782 5895 (il.
