3882 6476
184 336 272 390 277

1100 333 1184 389 DE
1222 334 1382 389 VITA
1422 337 1509 391 ΕΤ
1552 335 1862 391 SCRIPTIS
1902 336 1959 391 S.
2003 336 2390 394 HIPPOLYTI.

3260 314 3369 399 τις

184 454 235 506 de
255 451 394 503 laude
414 446 621 501 Domini
643 446 961 515 Saluatoris,
986 450 1038 503 in
1067 466 1171 519 qua
1194 461 1447 519 prasente
1479 451 1702 523 Origene
1731 458 1775 513 Α
1806 462 1923 506 stus
1953 450 2324 518 Heumannus,
2354 468 2418 507 ac
2441 468 2580 507 nova
2615 453 2823 509 ratione
2853 454 3042 516 utitur,
3087 454 3225 510 hanc
3252 471 3367 510 rem

183 559 229 597 se
249 542 375 611 loqui
402 542 453 595 in
473 540 691 594 ecclesia
719 541 1005 610 signiﬁcat.
1026 540 1167 595 Hinc
1188 544 1392 597 videtur
1414 544 1575 611 fuisse
1592 545 1704 613 epi-

182 650 340 702 scopus
374 634 425 685 in
470 631 679 686 Oriente
704 671 719 694 .
751 641 799 687 et
834 633 1016 701 forsan
1054 634 1107 686 in
1155 634 1387 700 Arabia,
1438 634 1507 688 ad
1544 651 1703 704 quam

186 724 399 795 Origenes
425 740 560 777 anno
587 724 797 779 circiter
828 726 935 779 217
960 735 1202 781 evocatus
1228 737 1399 793 est,ut
1428 727 1567 797 apud
1593 728 1703 781 Eu-

179 818 346 869 sebium
370 815 438 869 Il.
476 814 540 868 E.
566 815 654 870 ltb.
684 833 755 879 tv,
792 834 909 887 cap.
937 818 1023 884 l9,
1062 819 1299 889 legimus.
1336 819 1434 873 llis
1460 822 1533 873 ita
1560 821 1702 889 posi-

181 909 251 971 tis,
278 922 432 960 nonne
465 905 524 964 S.
559 906 873 978 Hippolytus
908 910 1177 978 episcopus
1207 910 1377 965 Arabs
1407 912 1564 980 facile
1603 928 1701 979 po-

179 999 261 1051 tuit
288 1000 349 1051 ad
372 1000 628 1053 visitanda
659 1001 1017 1069 apostolorum
1044 1002 1371 1073 aliorumque
1408 1012 1701 1073 martyrum

177 1091 381 1158 sepulcra
406 1090 621 1145 Romam
650 1094 840 1157 venire,
873 1095 929 1149 in
956 1094 1122 1149 Portu
1140 1095 1375 1150 Romano
1396 1097 1460 1150 ab
1481 1097 1699 1152 ethnicis

176 1186 521 1252 comprehendi,
539 1196 588 1239 et
618 1186 810 1241 ibidem
832 1190 1087 1257 martyrio
1108 1190 1284 1258 afﬁci?
1307 1191 1444 1255 Quid
1464 1194 1511 1245 si
1535 1193 1696 1259 plebs,

174 1278 541 1331 determinatam
590 1280 742 1333 istius
790 1283 1040 1351 martyris
1087 1282 1385 1337 cathedram
1425 1285 1695 1353 ignorans,

174 1374 286 1422 hunc
303 1372 626 1440 peregrinum
652 1374 947 1441 episcopum
970 1391 1001 1427 a
1026 1374 1138 1428 loco
1168 1378 1412 1446 martyrii
1437 1376 1700 1442 Portuen-

173 1478 261 1514 sem
290 1464 745 1531 cognominaverit,
779 1475 828 1519 et
876 1466 960 1519 hic
999 1467 1273 1537 popularis
1315 1486 1463 1523 error
1493 1471 1561 1523 ad
1594 1470 1700 1525 ali-

172 1569 277 1620 quos
305 1556 603 1621 posterioris
637 1557 732 1609 a'i'i
758 1558 1034 1625 scriptores
1076 1562 1377 1626 transierit,
1407 1564 1483 1615 vel
1524 1564 1696 1633 potius

171 1644 248 1695 illa
273 1645 544 1713 appellatio
584 1650 805 1716 posteris
838 1653 1163 1706 occasionem
1189 1654 1428 1721 dederit,
1458 1656 1527 1709 ad
1561 1654 1698 1709 Por-

170 1742 370 1788 tuensem
431 1737 589 1807 hujus
631 1742 883 1811 martyris
923 1742 1277 1812 episcopatum
1317 1748 1651 1801 asserendum
1675 1749 1701 1802 ?

1803 544 2074 599 diﬁicilem
2124 546 2452 614 explicandi.
2505 545 2771 600 Nimirum
2820 548 2907 600 vir
2943 547 3206 611 eruditus,
3258 556 3367 601 tota

1804 632 1928 687 licet
1968 633 2288 703 antiquitate
2335 644 2689 705 repugnante,
2735 635 2898 691 unius
2920 636 3068 690 vocis
3092 637 3254 691 varia
3279 652 3370 691 ac-

1803 722 2037 791 ceptioni
2084 724 2352 779 subnixus
2395 734 2449 778 et
2496 724 2708 789 ﬁdens,
2757 727 3116 795 comprobare
3177 726 3371 780 nititur

1800 811 2182 867 dissertatione
2195 828 2337 866 anno
2358 814 2512 879 I758,
2540 814 2839 885 Goettinga
2851 817 2995 870 edita
3014 817 3097 883 (41
3109 820 3149 883 ),
3166 815 3395 887 Ηὶρροτ..

1802 903 1972 973 lytum
2018 901 2189 958 fuisse
2238 904 2455 973 quidem
2478 905 2817 975 episcopum,
2850 921 2961 960 non
2991 915 3170 960 tamen
3203 908 3370 961 eccle-

1801 993 2098 1055 siasticum,
2132 1004 2187 1046 at
2218 993 2441 1047 civilem.
2493 994 2667 1059 Quam
2700 995 2756 1049 in
2786 996 3105 1050 sententiam
3136 998 3368 1066 paucula

1800 1085 2001 1139 excitat
2023 1085 2141 1138 loca
2167 1100 2232 1138 ex
2258 1083 2459 1139 Gracis
2478 1084 2797 1155 Latinisque
2830 1087 3209 1156 scriptoribus,
3226 1089 3370 1143 unde

1801 1175 2017 1245 colligat
2062 1174 2233 1229 fuisse
2280 1176 2573 1244 aliquando
2602 1177 2839 1231 civilium
2871 1193 3155 1232 numerum
3191 1179 3370 1232 homi-

1802 1284 1916 1332 nes,
1947 1268 2041 1336 qui
2070 1268 2470 1336 appellarentur
2511 1270 2779 1338 episcopi;
2826 1270 2988 1339 idquc
3030 1271 3267 1325 nominis
3312 1272 3369 1325 in

1800 1358 1993 1427 primis
2014 1373 2125 1413 ora
2157 1359 2443 1414 maritima
2494 1372 2657 1429 atque
2689 1361 2824 1415 adeo
2851 1370 3102 1429 portuum
3128 1362 3370 1415 custodi-

1798 1450 1901 1504 bus
1930 1450 2100 1505 fuisse
2130 1451 2393 1506 tributum
2423 1470 2435 1504 :
2474 1461 2531 1505 ut
2560 1453 2785 1522 proinde
2817 1462 3000 1507 noster
3026 1450 3367 1522 Hippolytus,

1799 1552 1921 1596 ortu
1972 1542 2204 1598 fortasse
2259 1543 2562 1607 Romanus,
2609 1559 2674 1598 eo
2723 1560 2884 1598 sensu
2926 1544 3147 1598 Romani
3186 1554 3367 1613 portus

1798 1636 2071 1703 episcopus
2114 1636 2419 1690 censendus
2463 1635 2644 1690 fuerit.
2703 1635 2867 1701 Quin,
2917 1637 2960 1690 si
3012 1636 3191 1691 virum
3217 1639 3371 1692 criti-

1798 1740 1923 1780 cum
1952 1725 2166 1792 audias,
2202 1727 2285 1781 vel
2317 1727 2431 1795 ipsa
2462 1735 2639 1782 statua
2666 1728 2982 1793 Zmarmorea
3016 1727 3303 1800 Hippolyto
3338 1744 3373 1783 ει

170 1824 404 1895 Quidquid
426 1831 495 1883 ,ετ
525 1831 589 1884 de
618 1832 715 1885 hac
742 1794 1040 1900 σξηίεεηζνα
1064 1794 1274 1904 "gum,
1304 1855 1459 1908 quam
1486 1851 1697 1909 promer
1728 1794 1770 1848 Β
1800 1816 2115 1885 propinquis
2147 1817 2345 1886 posita,
2398 1829 2560 1886 atque
2598 1833 2663 1872 ex
2694 1815 2921 1872 Romani
2968 1830 3157 1889 portus
3210 1822 3385 1875 rude-

167 1917 360 1969 certiora
391 1918 672 1987 cujuslibet
690 1935 1000 1991 argumenta
1024 1925 1241 1981 libenter
1262 1930 1577 1997 deseremus,
1602 1948 1701 1985 nos

164 2008 210 2059 in
236 2008 376 2060 titulo
398 2013 714 2080 martyrium
746 2014 805 2068 S.
839 2014 1116 2085 Hippolyti
1141 2035 1260 2071 cum
1288 2021 1503 2075 vetustis
1531 2038 1592 2074 ac
1616 2039 1697 2076 re-

164 2097 446 2153 centioribus
495 2100 894 2174 lllartyrologiis
924 2108 977 2159 in
1012 2106 1173 2161 Porta
1201 2109 1438 2164 Romano
1469 2112 1696 2167 colloca-

164 2203 317 2244 mus...
349 2190 573 2247 Addunt
602 2196 797 2259 adhuc,
823 2198 968 2267 quod
990 2216 1091 2254 non
1116 2201 1269 2255 inviti
1301 2203 1621 2258 Orientalem
1647 2216 1694 2259 et

168 2278 530 2337 Occidentalem
558 2284 712 2355 hujus
734 2290 903 2342 sancti
927 2293 1176 2361 martyris
1196 2295 1549 2365 episcopatum
1578 2314 1695 2351 cum

162 2369 362 2426 Baronio
400 2385 450 2427 et
501 2375 725 2446 (Jghello
756 2378 868 2449 (59)
897 2381 1182 2437 admittant
1208 2424 1223 2447 ,
1257 2384 1424 2439 ethoc
1452 2387 1697 2442 ultimum

161 2470 358 2529 systema
379 2481 541 2517 suum
568 2483 662 2534 pro
693 2484 834 2521 mera
861 2469 1163 2539 conjectura
1201 2473 1344 2525 dent.

213 2554 463 2611 Auctores
523 2558 782 2613 Historia:
842 2560 1124 2617 litterariis
1184 2563 1485 2619 Galliarum
1553 2570 1697 2639 regni

160 2657 352 2702 censent
382 2649 439 2703 S.
476 2650 829 2722 Hippolytum
862 2664 1153 2723 martyrem
1190 2656 1393 2711 nullam
1444 2661 1697 2719 habuisse

160 2738 294 2791 lixam
324 2740 535 2806 sedem,
551 2741 643 2796 sed
668 2741 1123 2811 quemadmodum
1144 2746 1263 2815 ejus
1287 2746 1487 2800 sodalis
1506 2747 1691 2813 Caius,

159 2829 391 2894 gentium,
424 2832 549 2886 sive
584 2833 864 2887 nationum
894 2832 1064 2888 fuisse
1086 2835 1398 2906 episcopum
1427 2838 1563 2906 (40).
1605 2838 1695 2894 Sic

158 2931 309 2974 autem
342 2923 743 2978 ratiocinantur
771 2942 781 2974 :
810 2924 1037 2991 Quando
1065 2928 1329 2984 Eusebius
1350 2928 1693 3002 Hippolytum

158 3010 266 3065 dicit
307 3013 538 3069 alterius
582 3016 863 3085 cujusdam
895 3017 1184 3085 Ecclesia,
1230 3030 1349 3075 utut
1381 3022 1695 3076 indetermi-

1798 1909 1952 1964 ribus
2000 1924 2145 1963 anno
2193 1909 2326 1964 1551
2375 1910 2595 1977 ellossa,
2660 1910 2969 1967 istiusmodi
3037 1914 3383 1968 sententiam.

1798 2002 2117 2066 conﬁrmat;
2144 2000 2345 2069 quippe
2369 2017 2511 2070 qua,
2540 2003 2637 2069 ait,
2660 2002 2865 2057 nullam
2891 2003 3050 2073 plane
3073 2013 3256 2059 notam
3279 2020 3370 2059 ec-

1796 2093 2116 2148 clesiastica
2137 2093 2418 2163 dignitatis
2441 2108 2551 2163 pra
2578 2110 2636 2149 se
2664 2094 2819 2149 ferat.

1864 2184 2107 2241 Perbelle
2157 2200 2308 2240 sane.
2366 2185 2523 2241 Nunc
2564 2200 2716 2251 vero,
2769 2186 2814 2240 si
2848 2186 2955 2242 diis
2986 2186 3180 2255 placet,
3229 2186 3370 2241 inter

1797 2276 2054 2333 Ecclesia
2079 2277 2292 2345 Patres,
2338 2278 2431 2348 qui
2478 2279 2678 2333 saculo
2724 2278 2892 2333 tertio
2924 2278 3144 2333 ineunte
3170 2278 3370 2332 ﬂorue-

1798 2380 1959 2435 runt,
2006 2372 2262 2427 novimus
2311 2371 2700 2426 recensendum
2747 2369 3133 2441 Hippolytum;
3191 2373 3367 2424 virum

1797 2464 1939 2517 haud
1970 2462 2151 2518 Plinio
2203 2464 2496 2517 absimilem
2530 2464 2665 2534 (ὁὶ),
2701 2464 2816 2533 qui,
2850 2472 2909 2517 ut
2937 2464 3026 2519 ille
3058 2466 3237 2533 portui
3262 2463 3369 2515 Mi-

1797 2570 1941 2617 seno,
1977 2552 2141 2608 fuerit
2170 2552 2418 2608 Romano
2445 2553 2769 2623 prafectus;
2806 2554 3100 2624 episcopus
3122 2554 3367 2623 quidem,

1797 2647 1890 2700 sed
1919 2646 2133 2713 civilis;
2170 2661 2297 2713 ora,
2346 2646 2589 2717 inquam,
2640 2646 2925 2699 maritima
2964 2646 3245 2713 inspector,
3273 2661 3367 2696 cu-

1797 2748 1963 2805 rator,
1990 2740 2437 2809 superintendens.
2479 2739 2701 2794 Scilicet
2725 2746 2910 2793 noster
2936 2736 3255 2808 Hippolytus
3287 2739 3367 2789 vir

1798 2833 1899 2900 fuit
1924 2850 2127 2902 magna:
2155 2833 2475 2902 dignationis
2514 2833 2567 2885 in
2598 2832 2722 2885 urbe
2745 2831 2932 2896 Roma,
2962 2830 3242 2884 honoribus
3268 2846 3365 2898 pa-

1798 2926 1927 2977 riter
1958 2941 2019 2977 ac
2043 2925 2244 2978 divitiis
2284 2925 2549 2988 eminens,
2591 2924 2915 2995 Romanique
2955 2932 3136 2993 portus
3175 2922 3365 2993 pracfe-

1798 3026 1945 3080 ctus;
1996 3026 2056 3070 ut
2099 3025 2405 3086 propterea,
2432 3032 2541 3086 quo
2575 3032 2799 3072 munere
2830 3032 2931 3072 suo
2964 3018 3065 3072 rite
3111 3016 3365 3086 fungere-

156 3111 291 3169 nata,
315 3104 658 3174 episcopum,
690 3106 899 3161 lubenti
922 3109 1105 3163 animo
1131 3110 1421 3176 credimus,
1445 3112 1691 3166 eumdem
1722 3126 1764 3184 ο
1799 3116 1909 3173 tur,
1958 3107 2274 3161 sublimiora
2319 3106 2643 3162 Christiana
2688 3107 2967 3177 religionis
2994 3108 3250 3179 mysteria
3278 3123 3364 3161 re-

157 3208 245 3246 non
274 3196 533 3251 habuisse
561 3198 722 3251 lixam
753 3200 956 3263 sedem,
994 3201 1088 3255 sed
1119 3203 1419 3271 putandum
1454 3220 1595 3269 esse,
1621 3206 1694 3260 si-

152 3295 229 3365 cut
283 3287 720 3359 condiscipulum
770 3307 930 3347 suum
970 3290 1186 3359 Caium,
1251 3296 1533 3351 nationum
1585 3299 1697 3368 epi-

155 3388 368 3442 scopum.
404 3376 538 3432 Hae
570 3379 813 3447 profecto
849 3381 1034 3450 opinio
1064 3384 1466 3453 simplicissima
1490 3387 1698 3458 absque

153 3472 499 3527 contr-aversio
535 3472 690 3527 nobis
724 3473 957 3539 videtur,
983 3483 1143 3544 atque
1168 3492 1291 3532 cum
1319 3478 1490 3533 sancti
1524 3481 1695 3535 nostri

154 3559 349 3618 historia
383 3564 637 3635 apprime
669 3568 963 3636 conspirat.
995 3566 1111 3623 Hoc
1137 3570 1283 3623 enim
1316 3570 1516 3639 posito,
1550 3570 1695 3625 haud

151 3654 361 3722 amplius
414 3657 470 3709 in
535 3657 746 3711 ratione
785 3658 1057 3712 reddenda
1106 3675 1297 3715 sumus
1352 3661 1537 3727 anxii,
1598 3677 1696 3716 cur

152 3756 344 3802 sanctus
371 3746 704 3819 Hippolytus
739 3750 903 3804 modo
936 3752 991 3803 in
1034 3749 1283 3819 Oriente,
1318 3754 1490 3809 modo
1508 3756 1564 3808 in
1592 3752 1696 3809 0c-

153 3836 354 3904 cidente,
384 3841 851 3910 quemadmodum
881 3855 949 3895 ex
985 3842 1174 3910 paucis
1198 3844 1318 3914 ejus
1347 3846 1510 3914 gestis
1529 3888 1545 3915 ,
1574 3862 1696 3917 qua

152 3929 207 3983 ad
240 3942 475 3988 nostram
521 3934 769 3989 notitiam
816 3945 1211 4004 pervenerunt,
1252 3946 1483 4005 constat,
1530 3955 1694 4011 appau

151 4025 313 4079 ruerit.
340 4024 500 4091 Quod
555 4034 731 4080 autem
768 4028 821 4082 in
857 4026 1075 4083 Oriente
1121 4038 1368 4085 versatus
1402 4029 1592 4095 fuerit,
1626 4048 1692 4088 ex

151 4113 236 4167 hoc
272 4117 452 4172 nullus
493 4116 783 4172 dubitandi
816 4119 968 4175 locus
1016 4120 1374 4189 relinquitur.
1402 4122 1531 4192 quia
1578 4124 1703 4193 ipse

149 4206 246 4259 suis
287 4208 338 4261 in
380 4208 648 4279 operibus
698 4221 973 4266 asseverat
1022 4211 1308 4283 Origenem
1354 4214 1409 4267 in
1466 4229 1696 4270 numero

149 4311 343 4354 suorum
378 4302 701 4356 auditorum
730 4300 932 4367 fuisse,
974 4306 1121 4374 quod
1152 4320 1283 4360 sane
1314 4305 1368 4359 in
1403 4305 1703 4362 Occidente

148 4391 366 4449 accidere
411 4392 567 4449 haud
599 4395 793 4463 potuit.
826 4394 1012 4464 Neque
1041 4395 1204 4451 etiam
1249 4397 1304 4451 in
1334 4396 1561 4453 dubium
1604 4413 1691 4452 ne-

146 4485 303 4538 vocari
328 4495 510 4556 potest
552 4485 683 4556 quin
710 4486 898 4554 etiam,
939 4498 1225 4557 postquam
1268 4486 1687 4557 Lugdunensem
1720 4473 1764 4527 θ

146 4570 416 4632 Ecclesiam
468 4576 799 4646 reliquerat,
854 4578 910 4632 in
985 4578 1274 4634 Occidente
1323 4588 1691 4635 commoratus

144 4663 305 4723 fuerit.
335 4667 517 4739 Hujus
548 4669 631 4723 rei
671 4668 1056 4724 conﬁrmanda
1104 4680 1482 4741 argumentum
1539 4672 1689 4725 omni

145 4760 433 4828 exceptione
484 4761 667 4828 majus
713 4761 843 4815 illud
897 4770 1010 4826 est,
1070 4763 1216 4831 quod
1268 4763 1322 4817 in
1373 4773 1687 4833 computum

144 4857 422 4920 temporum
479 4868 689 4907 morem
714 4852 1033 4907 Latinorum
1063 4862 1345 4924 sequatur,
1377 4855 1689 4923 posthabito

145 4938 222 4993 illo
258 4944 749 4999 Alexandrinorum
772 4986 786 5009 ,
836 4959 947 5015 quo
986 4960 1176 5001 omnes
1228 4944 1531 5002 Orientales
1565 4957 1687 5002 ute-

144 5030 335 5090 bantur.

201 5126 275 5179 Ab
302 5129 564 5185 omnibus
608 5130 695 5185 bis
732 5130 1035 5195 sententiis,
1089 5132 1205 5187 sive
1244 5132 1575 5201 coniecturis
1600 5136 1683 5189 di-

143 5217 290 5272 scedit
326 5222 411 5274 vir
456 5222 617 5291 longe
644 5223 1016 5289 doctissimus,
1048 5224 1476 5295 Christophorus
1501 5227 1685 5297 Augu-

199 5371 299 5441 (39)
338 5374 648 5449 Baron.,ad
682 5391 808 5449 ann.
838 5376 967 5443 229,
998 5392 1150 5449 num.
1178 5376 1267 5434 IV.
1302 5376 1533 5449 Ughella
1564 5377 1680 5435 ltal.

144 5436 434 5497 Sacrstom.
468 5445 509 5509 I,
542 5436 645 5499 col.
678 5446 802 5509 ΗΟ,
840 5436 965 5500 nov;
1000 5448 1127 5501 edit.

167 5510 303 5587 ua)
337 5512 682 5587 Be‘nedictini
724 5532 754 5570 e
799 5529 1105 5587 congregat.
1141 5516 1198 5571 S.
1225 5516 1395 5571 Mauri
1446 5517 1500 5570 in
1536 5516 1678 5572 Hist.

142 5578 291 5657 Inter.
312 5584 385 5657 de
403 5583 460 5637 la
486 5582 714 5657 France,
742 5594 872 5640 tom.
906 5578 946 5650 Ῐ,
979 5578 1113 5654 part.
1144 5612 1183 5650 ι,
1216 5603 1337 5657 pag.
1372 5588 1493 5642 365.

203 5651 304 5726 (il)
343 5652 647 5726 lleumanai
677 5651 1011 5726 Dissertatio,
1046 5657 1097 5709 in
1130 5651 1236 5726 qua
1260 5651 1480 5711 docetur
1506 5658 1593 5710 ubi
1630 5667 1681 5711 et

144 5722 295 5784 qualis
339 5724 630 5794 episc0pus
676 5726 836 5782 fuerit
891 5722 1244 5799 Hippolytus,
1307 5728 1485 5785 saeculi
1538 5730 1677 5783 tertii

1798 3198 2025 3266 serarit;
2056 3198 2122 3253 de
2152 3198 2420 3269 theologia
2445 3209 2498 3253 et
2521 3200 2912 3265 incarnatione,
2937 3199 3002 3254 de
3025 3198 3136 3253 Deo
3162 3208 3215 3252 et
3241 3214 3364 3253 car-

1798 3294 1883 3347 nis
1915 3294 2312 3348 resurrectione
2333 3295 2630 3364 peregerit;
2663 3294 3053 3349 commentaria
3091 3294 3147 3347 in
3171 3308 3375 3349 omnes

1796 3384 1967 3440 ferme
2011 3400 2196 3440 sacras
2232 3387 2516 3455 utriusque
2543 3385 2786 3441 Faderis
2815 3386 3042 3456 paginas
3089 3385 3360 3451 ediderit;

1797 3477 1864 3532 de
1890 3478 2203 3547 apostolicis
2246 3478 2629 3533 traditionibus
2659 3478 2969 3547 scripserit;
3019 3478 3371 3532 demonstra-

1795 3571 1998 3625 tionem
2048 3580 2350 3640 temporum
2400 3570 2626 3626 Pascha
2671 3571 3039 3637 elucubrarit;
3100 3570 3375 3624 adversus

1794 3661 2032 3729 Judaos,
2060 3663 2308 3717 ethnicos
2334 3663 2725 3733 bareticosque
2756 3662 2955 3733 stylum
2982 3663 3222 3729 acuerit;
3267 3664 3375 3731 qui

1797 3763 2055 3823 praterea
2100 3754 2167 3808 de
2213 3755 2373 3810 rebus
2415 3754 2615 3810 divinis
2664 3754 2976 3824 frequenter
3000 3754 3065 3807 ad
3102 3755 3373 3823 populum.

1796 3859 2075 3900 sermones
2120 3845 2404 3912 habuerit;
2451 3846 2793 3915 potissimum
2831 3860 2962 3901 vero
3005 3846 3118 3915 (45)
3158 3862 3358 3916 προσο-

1798 3936 1979 4007 μιλίαν
2008 3936 2072 3989 de
2099 3936 2255 3990 laude
2290 3936 2503 3991 Domini
2530 3936 2844 4005 Saluatoris,
2870 3938 2924 3989 in
2947 3953 3070 4007 qua,
3103 3948 3358 4007 prasente

1796 4026 2037 4097 Origene,
2073 4044 2127 4081 se
2167 4028 2309 4097 loqui
2330 4029 2596 4099 signiﬁcat
2626 4029 2683 4081 in
2707 4028 2957 4094 ecclesia;
3009 4028 3096 4083 cui
3123 4028 3360 4098 denique

1793 4134 1903 4173 non
1936 4121 2111 4175 solum
2154 4129 2331 4175 statua
2358 4136 2662 4176 marmorea
2707 4121 2903 4191 posita,
2955 4121 3048 4175 sed
3094 4129 3268 4175 statua
3300 4122 3354 4173 in

1793 4211 2047 4265 cathedra
2089 4212 2314 4280 sedens;
2356 4227 2465 4283 quo
2490 4213 2744 4266 nimirum
2778 4212 3101 4281 episcOpalis
3127 4211 3246 4280 ejus
3271 4211 3354 4266 di-

1795 4304 1975 4372 gnitas
2016 4304 2387 4369 ecclesiastica,
2432 4318 2541 4358 non
2581 4302 2771 4368 civilis,
2799 4302 3028 4372 ejusque
3060 4317 3260 4358 munus
3288 4305 3357 4356 ad

1792 4391 1888 4447 Dei
1917 4393 2176 4463 populum
2205 4393 2260 4447 in
2288 4392 2527 4448 Ecclesia
2556 4393 2768 4447 dicendi
2815 4401 3068 4448 testatum
3120 4392 3357 4462 posteris

1792 4485 2209 4555 relinqueretur.
2285 4486 2425 4552 Quid
2482 4486 2772 4542 absurdius
2828 4485 3010 4541 dictu?
3085 4483 3223 4541 Hinc
3268 4486 3355 4540 Cl.

1793 4577 2191 4635 Schroeckhius
2225 4580 2337 4650 (44)
2370 4580 2511 4635 hanc
2535 4578 2836 4635 Heumanni
2864 4578 3233 4643 conjecturam
3260 4593 3353 4633 sa-

1790 4669 1861 4724 tis
1889 4669 2167 4740 ingeniose
2215 4672 2578 4741 excogitatam
2632 4687 2697 4727 ac
2746 4680 3066 4727 exornatam
3108 4670 3356 4741 quidem,

1791 4760 1885 4815 sed
1914 4760 2058 4816 haud
2082 4762 2428 4817 verisimilem
2452 4763 2766 4816 arbitratur.

1859 4849 2052 4907 Nostra
2088 4858 2247 4905 atate
2275 4849 2553 4906 Romanus
2581 4852 2752 4905 editor
2776 4850 3015 4904 Danielis
3052 4849 3356 4904 secundum

1791 4940 2140 5012 Septuaginta
2168 4956 2235 4996 ex
2263 4941 2525 5011 Tetraplis
2565 4942 2814 5010 Origenis
2859 4942 3233 4996 demonstrare
3265 4957 3365 4995 co-r

1788 5046 1948 5090 natus
1994 5043 2099 5100 est,
2149 5036 2294 5105 quod
2332 5036 2392 5089 S.
2428 5034 2744 5105 Hippolytus
2781 5050 2889 5089 non
2924 5035 3102 5090 solum
3152 5032 3348 5087 Portus

1790 5126 2019 5181 Romani
2044 5128 2333 5196 episcopus
2363 5126 2654 5191 exstiterit,
2687 5126 2781 5181 sed
2813 5125 2958 5193 quod
2986 5126 3148 5179 etiam
3176 5124 3349 5193 ipsius

1783 5221 2036 5276 dimcesis
2070 5220 2137 5273 ad
2165 5235 2283 5273 eam
2311 5227 2512 5289 partem
2544 5218 2799 5274 Romana:
2848 5219 3017 5284 urbis,
3057 5233 3176 5287 qua
3201 5216 3369 5287 regio.

1785 5381 2016 5458 scliptor
2047 5376 2469 5432 ecclesiasticus.
2520 5374 2663 5431 Inter
2687 5376 2902 5430 Primit.
2933 5375 3192 5447 Gotting.,
3218 5393 3343 5449 pag.

1780 5450 1905 5514 2’m,
1942 5458 1994 5503 et
2021 5464 2135 5517 seq.

1851 5518 1963 5604 tt?)
2003 5516 2308 5604 Struma!-
2341 5515 2591 5604 ';.?-.r.as
2614 5516 2767 5604 .245.-

1852 5585 1964 5657 (45)
2005 5587 2318 5657 Hieronym.
2354 5585 2425 5639 De
2458 5585 2581 5657 i’irl
2608 5587 2827 5657 illustr.,
2858 5600 2980 5655 cap.
3008 5587 3097 5643 6|.

1852 5656 1966 5725 (Μ)
2001 5658 2155 5713 Joan.
2212 5656 2399 5711 Matth.
2446 5656 2798 5721 Schroeckh.,
2865 5658 3179 5711 Christliche

1786 5729 2031 5795 schichte,
2062 5736 2196 5797 part.
2234 5744 2303 5791 tv,
2335 5743 2451 5798 pag.
2491 5727 2594 5782 155
2627 5728 2875 5783 secunda
2903 5729 3032 5784 edit.

3242 5657 3335 5711 Gc-
