3882 6512
175 355 261 411 281
1096 344 1184 400 ΒΕ
1221 343 1381 400 VITA
1408 344 1509 398 ἘΤ
1550 340 1859 398 SCRIPTlS
1899 338 1957 395 S.
1996 337 2379 394 HlPPOLYTl.
3255 337 3367 394 282

176 470 280 527 anni
303 466 565 522 Portuensi
596 464 825 520 antistiti
853 464 1276 521 vetustissimam
1306 464 1561 521 Ecclesia;
1582 480 1695 519 sua:
1722 466 1768 521 Α
1797 458 2159 529 superiorem,
2196 467 2253 512 ut
2280 457 2325 513 si
2354 456 2466 526 jam
2499 471 2529 511 a
2556 455 2757 511 Grmcis
2786 456 2965 510 Roma:
2989 456 3260 525 episwpus
3284 458 3368 512 di-

173 562 472 631 dignitatem,
512 574 572 613 ac
612 558 882 628 praecipue
926 558 1182 627 templum
1219 556 1278 612 S.
1309 557 1585 612 Adalberti
1634 555 1691 609 in
1794 559 2007 605 ceretur
2044 549 2365 619 Hippolytus
2388 588 2404 613 ,
2436 548 2633 601 mirum
2672 564 2779 602 non
2811 556 2894 603 est
2922 548 2967 603 si
2990 548 3074 602 vir
3105 547 3368 617 peritissi-

174 652 388 706 Tiherina
419 650 611 713 insula,
648 665 771 719 quae
793 665 887 719 per
918 650 971 704 id
1000 650 1265 720 temporis
1286 649 1565 704 dicebatur
1589 647 1695 719 Ly-
1794 657 1952 705 mus,
1984 657 2109 697 cum
2157 643 2362 711 optime
2409 649 2595 695 nosset
2642 638 2991 712 Hippolytum
3037 655 3145 695 non
3199 640 3368 697 fuisse

172 744 351 806 caonia,
380 752 704 812 repugnante
736 741 1047 796 Crescentio
1075 742 1329 811 episcopo
1354 741 1528 812 Sylvae
1551 740 1695 795 Cau-
1794 731 2100 787 Romanum
2134 732 2480 802 Pontificch
2508 732 2784 801 scripserit
2809 773 2822 793 ο
2866 733 3057 805 ἐτέρας
3095 748 3199 785 που
3247 732 3369 786 Ἐκ·-

171 834 303 896 didre,
319 833 541 887 asseruit
577 832 630 886 in
672 832 793 902 ipso
827 831 1176 888 Lateranensi
1217 833 1449 888 concilio
1476 849 1536 896 ιι,
1584 848 1693 900 quo
1794 825 2049 895 κλησεας.
2090 824 2310 878 alterius
2345 822 2946 892 cujusdamEcclesiw.
2973 840 3095 894 quae
3134 824 3367 880 manife-

169 939 326 980 cxaeto
350 926 607 979 sententia
636 925 912 995 pontiﬁcis
942 926 1149 996 prolata
1177 936 1278 980 est.
1329 924 1557 992 Quando
1596 942 1695 979 au-
1794 916 1933 972 ﬁlius
1982 913 2342 984 Hieronymus
2380 923 2465 967 εει
2500 913 2916 982 ἱιιιθτρωῑειιυεε
2957 928 3142 966 nomen
3181 912 3368 982 (ΙυίΡΡε

168 1028 251 1068 tem
303 1014 650 1069 suburbirarii
700 1014 939 1084 episcopi
1001 1031 1392 1085 nonnunquam
1464 1017 1693 1086 episcopi
1792 1009 1941 1063 urbis
1973 1010 2108 1063 scire
2148 1024 2251 1061 non
2284 1006 2453 1075 potui.
2495 1005 2650 1071 Quod
2682 1020 2809 1059 vero
2843 1004 3232 1075 Hieronymus,
3272 1005 3368 1059 diu

171 1107 295 1161 Urbis
332 1108 584 1161 nominati
635 1117 796 1171 sunt,
846 1123 1005 1161 nemo
1047 1124 1153 1161 non
1194 1109 1373 1174 videt,
1404 1119 1608 1178 quanto
1639 1108 1690 1163 id

1831 1106 1984 1155 lomaz
2019 1108 2390 1155 commoratus
2414 1138 2429 1163 ,
2463 1096 2733 1167 Hippolyti
2764 1096 2944 1153 sedem
2970 1099 3219 1167 ignorare
3255 1112 3364 1152 non

166 1216 326 1253 nomen
363 1199 569 1254 facilius
601 1201 889 1255 adlneserit
916 1201 1183 1269 episcopis
1216 1198 1413 1255 Portus
1438 1201 1689 1268 Romani,
1793 1203 2016 1263 Ροεεοιεν
2058 1208 2181 1261 qum
2214 1190 2481 1261 ίὲιιοτίηίο
2521 1190 2680 1244 "nnis
2708 1190 3005 1253 exmmwru
3028 1190 3139 1259 iam
3164 1205 3226 1245 ea
3252 1198 3371 1245 “‘0‘

165 1292 238 1358 qui
252 1301 383 1345 trans
394 1290 627 1345 Tiberim
646 1300 791 1345 tanta
807 1308 929 1345 cum
945 1301 1209 1361 potestate
1227 1291 1541 1347 obtinebant
1556 1293 1688 1364 (54).

1835 1300 1938 1349 iur,
1964 1292 2249 1352 propterea
2284 1282 2432 1352 quod
2464 1280 2825 1352 Hieronymus
2848 1283 2901 1335 in
2922 1280 3137 1354 Oriente
3163 1283 3368 1349 diutius

164 1380 479 1445 Quamobrem
519 1381 904 1453 intelligimus,
933 1381 1076 1437 unde
1116 1383 1403 1451 repetenda
1447 1383 1517 1438 sit
1557 1398 1691 1438 con-
1792 1385 2159 1431 commoratus
2192 1383 2278 1431 est
2302 1416 2315 1439 ν
2346 1390 2508 1445 quam
2542 1373 2746 1428 Βοῐῐκηο
2785 1394 2803 1425 ι

162 1470 371 1535 suetudo,
409 1488 514 1540 qua
545 1471 875 1528 Portuenses
907 1483 959 1527 et
992 1473 1165 1544 Sylva:
1190 1475 1427 1545 episcopi
1458 1485 1691 1545 quotau—
1861 1464 2137 1522 HaClellus
2168 1467 2240 1521 CL
2274 1467 2360 1520 Vir
2386 1464 2572 1519 Simon
2603 1466 2668 1519 de
2696 1466 2988 1535 MagistI‘iS-

160 1563 227 1617 nis
262 1562 468 1618 donaria
512 1566 761 1635 quaedam
804 1566 857 1619 in
906 1565 1169 1621 Vaticano
1211 1568 1409 1637 templo
1456 1568 1693 1638 excipie-
2318 1555 2718 1613 ARTlCULUS
2762 1557 2846 1611 1"-

158 1654 288 1719 haut,
317 1664 451 1724 quod
486 1673 552 1711 ex
599 1658 967 1714 monumentis
1005 1659 1242 1715 basilica:
1277 1661 1419 1715 haud
1461 1661 1533 1716 ita
1575 1661 1692 1732 pri-
2102 1668 2170 1706 DE
2210 1668 2484 1708 illi!!me
2520 1668 2566 1709 S.
2605 1667 2919 1718 HIPPOLYTI,
2959 1662 3066 1707 etc.

156 1745 250 1798 dem
300 1748 552 1815 evulgatis
596 1748 829 1819 quisque
876 1752 1175 1822 agnoverit.
1234 1751 1347 1806 Hac
1404 1752 1569 1807 etiam
1623 1753 1691 1808 de
1724 1810 1765 1822 _
1862 1740 1939 1796 De
1966 1741 2130 1797 rebus
2157 1740 2215 1796 S.
2251 1740 2519 1812 Hippolyti
2548 1742 2722 1796 nostri
2754 1742 2808 1795 in
2858 1741 3172 1811 episcopatu
3202 1740 3383 1811 gestis,

156 1847 289 1888 causa
328 1835 520 1891 factum
575 1849 692 1905 est,
734 1850 794 1894 ut
833 1810 1117 1895 Formosus
1161 1842 1340 1897 adhuc
1374 1842 1688 1899 Parmensis
1723 1810 1766 1866 Β
1792 1842 2269 1887 monumentorum
2297 1832 2451 1901 copia
2477 1830 2721 1886 destituti
2757 1832 2892 1886 nihil
2927 1832 3151 1886 omnino
3177 1832 3369 1903 singil-

155 1926 417 1997 episcopus,
444 1946 554 1999 quo
580 1940 821 2001 tempore
843 1934 1026 1987 omnia
1056 1934 1274 1988 barbari
1300 1934 1688 2004 depraadabau-
1790 1924 1937 1979 Ιίηίιη
1998 1922 2212 1978 adicere
2273 1938 2588 1993 Ροεευῐηυδ·
2636 1921 2835 1977 verum
2902 1925 3047 1992 Ψιοά
3098 1923 3373 1993 reliquum

154 2029 235 2084 tur,
265 2031 504 2092 metuque
552 2022 951 2079 Saracenorum
997 2025 1190 2080 incolre
1224 2024 1447 2081 Portum
1489 2025 1688 2082 Roma-
1790 2017 2055 2072 habemus
2091 2030 2159 2070 ex
2189 2014 2309 2085 eius
2335 2015 2593 2084 operibus
2627 2014 2786 2070 nobis
2825 2014 3022 2069 ὃυίῖὶείι
3045 2016 3111 2069 ad
3143 2030 3370 2084 persua-

152 2131 251 2169 uum
277 2116 661 2181 deseruerunt,
687 2118 985 2188 exportarit
1015 2134 1215 2188 corpus
1256 2118 1529 2192 Hippolyti
1564 2138 1688 2177 cum
1789 2108 2025 2163 dentium
2046 2148 2061 2173 ι
2090 2107 2236 2176 (ἰυοά
2260 2107 2308 2161 is
2330 2108 2385 2160 ίη
2421 2107 2732 2177 episcopatu
2764 2122 2926 2162 οωηθ
2960 2114 3175 2176 "imitus
3204 2107 3269 2161 ad
3294 2106 3370 2160 ίη·

153 2203 247 2257 aliis
271 2219 297 2257 a
324 2202 484 2259 Portu
515 2205 769 2261 Romano
790 2248 804 2273 ,
833 2207 923 2262 ubi
963 2207 1242 2263 conditum
1274 2208 1450 2263 fuerat
1469 2252 1484 2276 ,
1519 2210 1570 2264 in
1604 2213 1686 2265 lo-
1790 2201 2080 2258 struendos
2110 2200 2295 2256 lideles
2322 2199 2825 2270 defendendamquc
2847 2200 3111 2256 adversus
3136 2200 3371 2255 hmreses

151 2312 275 2360 cum,
302 2314 403 2366 quo
434 2298 553 2353 ﬁeri
582 2308 791 2369 poterat
814 2301 1159 2356 remotiorem
1192 2303 1273 2356 sui
1306 2303 1650 2373 episcopatus
1671 2346 1687 2371 ,
1788 2307 2147 2364 quascunque
2178 2291 2456 2347 veritatem
2489 2292 2852 2346 orthodoxam
2891 2292 3231 2361 impenderit.

150 2390 193 2443 in
221 2388 510 2444 Tiberinam
561 2407 755 2461 nempe
795 2392 1064 2457 insulam,
1091 2394 1180 2447 ubi
1210 2397 1507 2464 episcopum
1554 2395 1689 2450 Ρον-
1857 2386 2157 2456 Martyrum
2204 2385 2327 2440 albo
2364 2383 2713 2455 Hippolytum
2758 2383 3063 2439 inscribunt
3106 2381 3367 2453 Hierony-

152 2490 338 2533 tuensem
372 2483 621 2536 habuisse
658 2484 989 2543 domicilium
1021 2486 1072 2538 in
1114 2485 1332 2539 ecclesia
1372 2484 1431 2543 S.
1460 2484 1685 2540 Joannis

1832 2495 1913 2535 IUS
1942 2479 2078 2550 (59),
2111 2477 2361 2535 Gelasius
2394 2476 2547 2547 (60),
2567 2475 2943 2531 Theodoretus
2969 2474 3083 2545 (61)
3114 2475 3319 2544 aliique
3350 2492 3365 2529 :

150 2571 254 2623 inter
284 2572 403 2626 duos
437 2584 627 2642 pontes
659 2574 890 2646 legimus
918 2576 1053 2646 (55).
1083 2575 1216 2632 Illud
1244 2587 1425 2632 autem
1460 2579 1513 2633 in
1544 2579 1686 2633 reci-
1786 2580 2118 2642 quapropter
2157 2570 2215 2624 in
2257 2568 2644 2640 Martyrologio
2688 2566 2938 2623 Romano
2987 2566 3101 2639 (62)
3148 2568 3370 2638 legitur,

151 2670 233 2715 tata
274 2663 592 2735 epigraphe,
633 2681 793 2735 quam
837 2665 1128 2721 Formosus
1173 2667 1350 2721 loculo
1405 2683 1686 2723 sacrorum
1788 2664 1891 2719 sub
1911 2663 2221 2718 Alexandro
2250 2662 2613 2731 imperatore,
2641 2661 2712 2715 ob
2740 2661 3057 2730 przeclaram
3082 2660 3205 2715 ﬁdei
3235 2676 3367 2715 con-

148 2755 388 2822 pignorum
450 2757 769 2828 inscripsit,
818 2759 983 2814 etiam
1041 2759 1486 2830 deprehenditur,
1541 2760 1688 2830 quod
1788 2754 2082 2811 fessionem
2110 2795 2124 2820 ,
2153 2753 2405 2809 manibus
2428 2753 2767 2823 pedibusque
2799 2752 2977 2821 ligatis
3011 2752 3063 2806 in
3094 2752 3258 2807 altam
3289 2751 3366 2807 fo-

148 2845 325 2899 nomina
368 2845 682 2918 Hippolyti,
731 2849 983 2923 Taurini,
1051 2851 1394 2917 Herculiani,
1432 2853 1685 2935 exhibet,
1787 2862 1942 2902 veam
1984 2846 2142 2916 aquis
2184 2845 2401 2915 plenam
2444 2843 2841 2914 praecipitatum
2893 2844 3249 2909 occubuisse,
3281 2844 3368 2899 cui

148 2951 238 3004 qua:
263 2937 365 3007 ipsa
402 2939 661 3010 leguntur
685 2940 739 2994 in
768 2942 1060 2996 veterrima
1095 2942 1384 2998 Liberiano
1416 2934 1686 2997 Kalenda4
1787 2948 1843 2994 et
1868 2938 2006 2994 alios
2036 2939 2091 2992 in
2118 2937 2385 3007 martyrio
2423 2937 2604 2992 socios
2629 2952 2696 2991 ex
2722 2936 2873 2991 Actis
2911 2934 2967 2990 S.
2998 2936 3191 2991 Aureae
3222 2938 3365 2991 addit

148 3031 210 3081 rio
245 3033 335 3085 hac
374 3030 615 3087 formula
647 3050 661 3085 :
701 3031 844 3093 Non.
883 3033 1028 3104 Sept.
1078 3035 1268 3089 Aconti
1303 3035 1360 3088 in
1412 3035 1609 3098 Porto,
1636 3044 1685 3089 et
1788 3028 2212 3100 Baronius(65).
2235 3026 2381 3083 Inter
2400 3028 2712 3099 apocrypha
2735 3037 2913 3082 tamen
2938 3037 3051 3081 tum
3074 3027 3367 3098 Hippolyti,

149 3116 321 3185 Nonui,
382 3130 432 3175 et
504 3121 840 3187 Herculani,
901 3135 953 3192 et
1025 3123 1265 3180 Taurini.
1337 3124 1684 3197 Hippolytum
1715 3152 1759 3212 ρ
1789 3139 1915 3179 eum
1958 3122 2015 3177 S.
2040 3121 2232 3177 Aureae
2270 3121 2402 3175 Acta
2454 3119 2786 3185 recensenda
2828 3134 2949 3175 esse
2988 3120 3228 3175 dubitari
3278 3122 3365 3175 vix

148 3212 302 3281 quippe
328 3214 556 3271 honoris
581 3232 747 3272 causa
774 3218 979 3273 dictum
1006 3219 1177 3273 fuisse
1220 3218 1468 3274 Nonnum
1504 3228 1688 3272 osten-
1728 3210 1756 3212 ⁷
1790 3224 2005 3286 potest,
2040 3224 2229 3284 utpote
2254 3228 2405 3283 quas,
2433 3221 2494 3267 ut
2522 3211 2663 3267 idem
2695 3210 3159 3281 inqbitBaronius
3180 3251 3196 3276 ,
3226 3229 3365 3265 men-

147 3304 305 3370 dimus,
325 3308 784 3377 quemadmodum
801 3319 994 3365 auctor
1020 3326 1121 3364 suo
1138 3326 1252 3364 :evo
1276 3311 1413 3366 satis
1437 3310 1683 3366 idoneus:
1789 3309 1873 3363 dis
1912 3308 2064 3378 plena
2111 3308 2168 3362 in
2204 3307 2387 3361 multis
2434 3304 2759 3360 restituenda
2792 3304 2922 3376 (64).
2976 3303 3035 3359 1η
3090 3304 3366 3360 Maximini

148 3393 322 3451 Nosnos
340 3401 824 3471 vocamus,inquit,
847 3402 1071 3471 majores
1091 3402 1151 3455 ob
1176 3403 1689 3467 reverentiammam
1788 3416 1919 3455 vero
1955 3411 2046 3454 aut
2083 3399 2225 3455 Decii
2250 3398 2629 3470 persecutione
2651 3414 2775 3453 eum
2816 3398 3061 3470 martyrii
3103 3414 3365 3454 coronam

146 3487 412 3560 intelligitur
448 3502 679 3562 paterna
734 3495 1024 3547 reverentia
1064 3493 1198 3562 (56,.
1248 3494 1365 3548 Itali
1419 3493 1685 3558 retinent,
1790 3491 2040 3561 adeptum
2066 3490 2235 3547 fuisse
2262 3491 2573 3547 verosimile
2604 3490 2729 3547 inde
2758 3492 3021 3557 redditur,
3050 3492 3195 3561 quod
3222 3508 3364 3546 anno

145 3593 238 3633 cum
271 3597 390 3638 avos
439 3584 749 3655 appellant,
776 3594 830 3640 et
859 3602 1028 3656 prope
1063 3585 1235 3649 (ἔτποί
1277 3585 1684 3663 εἰεηὶίίοωυυηι,
1787 3584 2081 3638 Alexandri
2118 3584 2464 3653 imperatoris
2494 3587 2702 3656 primo,
2740 3596 3030 3655 temporum
3067 3584 3364 3649 Cononem,

147 3685 240 3725 cum
272 3670 613 3748 Hippolytum
647 3674 875 3730 παλαιόν
908 3677 1110 3731 dixere.
1144 3676 1455 3746 Aliquando
1495 3674 1687 3729 Nunus
1787 3674 2201 3747 Paschalemque
2236 3679 2438 3747 cyclum
2465 3680 2668 3743 edidit,
2700 3680 2789 3734 cui
2825 3680 2931 3734 alia
2968 3679 3235 3749 opuscula
3272 3679 3363 3733 ad-

146 3762 323 3819 eﬂertur
352 3783 460 3822 non
484 3784 652 3825 secus
676 3780 841 3840 atque
873 3768 928 3823 in
963 3769 1134 3823 veteri
1157 3784 1427 3824 marmore
1462 3767 1571 3839 (57)
1600 3788 1612 3823 :
1788 3766 1956 3832 didit,
1987 3777 2048 3822 ut
2071 3784 2138 3823 ex
2169 3768 2412 3838 ejusdem
2446 3788 2672 3842 operum
2709 3772 2956 3843 catalogo
2992 3772 3175 3826 videre
3202 3780 3305 3826 est.

185 3871 365 3912 DONA’M
399 3874 545 3915 anno
588 3876 685 3915 suo
727 3875 1011 3915 TERTULLO
1047 3875 1153 3919 cun
1190 3875 1328 3915 FlLlA
1371 3876 1423 3914 ιη
1462 3876 1611 3915 mea.
1859 3860 2126 3915 Caeterum
2150 3878 2270 3932 quae
2299 3865 2594 3933 scriptores
2620 3865 2685 3919 de
2716 3874 2957 3935 tempore
2983 3864 3227 3935 martyrii
3262 3866 3359 3919 hu-

199 3946 332 4004 rNon
360 3959 579 4006 tantum
610 3952 791 4022 itaque
821 3951 956 4007 falsa
985 3961 1068 4008 est
1087 3953 1156 4006 ab
1183 3950 1488 4023 Lemoynio
1524 3967 1693 4012 exeo:
1784 3952 1877 4023 jus
1905 3952 2156 4019 tradunt,
2190 3953 2404 4009 diversa
2435 3963 2595 4023 atque
2621 3954 2825 4009 incerta
2850 3964 2996 4011 sunt.
3022 3954 3129 4008 Alii
3155 3954 3205 4009 id
3230 3953 3353 4008 refe

145 4036 269 4107 sima
300 4041 602 4109 derivatio,
636 4044 728 4113 qui
761 4043 931 4113 (ilium
960 4043 1198 4113 explicat
1238 4041 1489 4096 Nonnum
1530 4044 1686 4113 quasi
1788 4052 1917 4098 runt
1944 4043 2012 4098 ad
2046 4059 2248 4098 annum
2275 4044 2480 4099 Christi
2520 4042 2645 4099 250.
2686 4044 2790 4099 Sed
2829 4045 3194 4100 severioribus
3225 4045 3363 4098 criti-

144 4137 262 4215 exp:
282 4135 555 4206 (58),dum
575 4136 687 4207 agit
707 4136 774 4191 de
790 4136 1026 4205 hocipso
1049 4135 1318 4207 Hippolyti
1338 4135 1682 4206 cognomine,
1788 4136 1868 4199 cis
1898 4152 2006 4191 non
2036 4137 2232 4205 placet,
2264 4136 2411 4206 quod
2444 4137 2496 4190 in
2533 4136 2920 4208 Martyrologio
2950 4136 3198 4192 Romano
3222 4152 3355 4189 mar.

144 4224 215 4276 sed
241 4228 437 4284 veritati
475 4228 776 4283 contraria.
818 4227 1074 4284 Salmasii
1112 4246 1174 4282 ex
1220 4227 1379 4299 μόνος
1412 4227 1684 4282 deducen-
1791 4230 1988 4301 tyrium
2023 4229 2079 4283 ὃ.
2115 4227 2386 4299 Hippolyti
2419 4229 2719 4284 collocetur
2748 4229 2851 4284 sub
2875 4228 3103 4297 imperio
3125 4228 3360 4287 Alexan—

142 4310 221 4379 tis,
269 4318 607 4389 aliorumque
663 4325 842 4390 etyma
908 4318 1044 4373 nihil
1110 4334 1412 4385 moramur,
1467 4316 1687 4387 quando
1786 4320 1871 4375 dri
1899 4320 2112 4384 Severi,
2142 4337 2266 4377 cum
2290 4330 2421 4376 tunc
2462 4322 2608 4375 nulla
2650 4321 2952 4391 persecutio
2979 4320 3172 4384 fuerit,
3203 4320 3348 4389 quin-

144 4418 268 4461 usutn
293 4410 655 4481 inquirimus,
689 4425 795 4465 non
825 4411 1113 4481 originem.
1152 4410 1269 4466 Hoc
1290 4412 1454 4482 igitur
1480 4424 1682 4465 conce-
1788 4414 1899 4468 imo
1929 4414 2044 4483 ipse
2073 4414 2363 4482 imperator
2391 4413 2715 4468 Christianis
2746 4412 2966 4467 faveret.
3005 4412 3154 4467 Unde
3192 4411 3360 4466 Ruin.

142 4495 298 4555 damus
328 4500 532 4585 (hircis
588 4504 984 4574 scriptoribus,
1040 4514 1099 4559 ut
1148 4507 1405 4575 quoniam
1450 4505 1683 4563 Romani
1714 4494 1759 4549 Ῑ)
1788 4506 1961 4562 artius
2006 4508 2059 4560 iu
2108 4504 2432 4560 Praefatione
2478 4506 2545 4561 ad
2600 4507 2732 4559 Acta
2784 4518 3078 4575 martyrum
3123 4507 3359 4571 sincera,

142 4590 379 4653 pontifices
416 4592 772 4665 Hippolytum
804 4593 1159 4650 Portuensem
1198 4595 1427 4666 ejusque
1463 4614 1682 4655 succes-
1786 4614 1908 4669 pag.
1936 4613 2125 4663 vaut,
2161 4598 2411 4655 eumdem
2440 4599 2755 4666 scrupulum
2786 4600 3056 4668 proponit,
3091 4609 3144 4653 et
3177 4610 3337 4654 utcuu

142 4692 261 4736 seres
281 4685 488 4741 eximiis
520 4686 851 4756 quibusdam
894 4687 1232 4742 ornamentis
1266 4689 1553 4744 honestare
1583 4705 1681 4744 vo-
1783 4706 1890 4760 que
1912 4690 2182 4744 discutere
2215 4699 2447 4745 conatur
2470 4690 2573 4745 hoc
2606 4690 2810 4744 modo':
2856 4689 3217 4744 Alexandrum
3249 4689 3359 4744 He-

142 4765 348 4841 lorrunt,
380 4777 457 4831 illi
507 4792 620 4832 non
656 4793 687 4832 a
726 4776 899 4833 Portu
931 4780 1111 4834 sedem
1140 4778 1450 4850 Hippolyti,
1486 4781 1578 4836 sed
1612 4781 1681 4836 ab
1782 4781 2037 4851 liogabali
2071 4798 2419 4843 successorem
2450 4780 2768 4837 Christianis
2795 4781 2986 4851 favisse
3018 4798 3164 4835 nemo
3192 4792 3357 4850 potest

143 4856 255 4917 Urbe
275 4866 379 4935 ipsa
410 4868 779 4932 nominarint,
811 4870 1269 4939 quemadmodum
1303 4885 1490 4928 nostra
1520 4874 1677 4929 exhi-
1781 4875 2035 4944 inﬁciari,
2063 4876 2166 4929 nisi
2196 4892 2370 4929 omnes
2396 4876 2641 4945 antiquos
2669 4875 2948 4943 scriptores
2979 4874 3192 4943 rejicere
3216 4874 3355 4927 uelit.

143 4948 211 5007 bet
246 4959 521 5030 epigraphe
561 4962 959 5016 commentario
1013 4963 1313 5031 praemissa.
1365 4961 1551 5034 Neque
1594 4980 1674 5022 re-
1784 4966 1931 5022 Unde
1960 4967 2151 5023 mirum
2178 4976 2255 5020 est
2281 4976 2355 5020 tot
2382 4980 2638 5036 martyres
2669 4967 2762 5021 sub
2790 4966 2901 5035 ejus
2930 4967 3145 5033 imperio
3174 4982 3354 5031 passos

143 5049 392 5106 centiorem
423 5069 550 5108 cum
593 5053 907 5125 Scaligero,
936 5053 1031 5110 sed
1064 5056 1490 5112 vetustissimam
1536 5058 1679 5115 hanc
1781 5079 1813 5115 a
1849 5061 2112 5115 nonnullis
2152 5060 2424 5114 recenseri.
2458 5060 2539 5112 An
2579 5060 2633 5113 id
2666 5061 2733 5113 ad
2763 5059 3036 5127 prtefectos
3062 5098 3077 5123 ,
3099 5074 3225 5128 quos
3256 5057 3350 5109 sub

144 5151 237 5195 esse
260 5145 460 5214 opinari
492 5148 659 5213 licet,
700 5162 865 5218 atque
909 5147 1130 5203 Eusebii
1170 5150 1521 5207 Caesariensis
1562 5166 1677 5208 :evo
1778 5154 1891 5223 ejus
1921 5153 2138 5223 imperio
2166 5152 2479 5207 swvissimos
2505 5151 2666 5219 fuisse
2695 5150 2864 5213 aiunt,
2885 5147 3211 5218 referendum
3239 5145 3353 5201 est!

196 5322 290 5393 (54)
326 5326 463 5382 Bull.
496 5326 624 5383 Bas.
654 5327 826 5384 Vatic.
857 5344 895 5395 ι,
930 5330 1021 5384 21.

196 5390 287 5449 (55)
322 5397 455 5449 Cod.
484 5397 616 5449 Hea.
649 5397 807 5449 Suec.
842 5399 961 5449 Val.
993 5399 1121 5449 585-
1155 5416 1207 5449 ι).
1237 5400 1327 5449 21.

1851 5337 1963 5408 (59)
2005 5335 2343 5407 Hicronym.,
2376 5333 2538 5388 Praef.
2573 5335 2625 5388 in
2662 5332 2992 5387 Matthatum.

1849 5408 1959 5449 mm
2000 5407 2176 5449 Calas-
2205 5416 2263 5449 nt
2293 5421 2413 5449 stin-
2445 5415 2575 5449 inm-
2610 5403 2675 5449 IV
2706 5404 2955 5449 Biblintlr-

195 5390 287 5459 (55)
322 5397 455 5451 Cod.
484 5397 616 5468 Heg.
649 5397 807 5454 Suec.
842 5390 961 5455 Vat.
993 5399 1122 5462 585,
1155 5416 1207 5470 p.
1237 5400 1327 5454 ei.
1849 5390 1959 5477 (eo;
2000 5390 2177 5461 Getas.
2205 5390 2263 5458 in
2293 5390 2413 5474 sup.
2445 5415 2575 5459 tom.
2610 5403 2675 5457 Iv
2703 5404 2956 5458 Bibliotlt.
2988 5400 3103 5457 pp.

195 5461 287 5547 (‘56)
323 5465 451 5539 Pag.
485 5470 737 5524 vocabul.
773 5470 1033 5537 Nonnos;
1067 5471 1237 5542 Caug.
1260 5470 1495 5526 Clossar.
1531 5470 1670 5526 Med.
1848 5478 1958 5547 (61)
2000 5476 2320 5547 Ilieodoret.
2350 5475 2547 5547 dialog.
2581 5472 3057 5547 '5,De_impatibil.

195 5486 287 5534 (ου)
324 5486 451 5539 rag.
485 5486 737 5524 vocabul.
773 5486 1033 5537 tvonnos;
1067 5486 1237 5542 hang.
1260 5486 1495 5526 utossar.
1531 5486 1670 5526 Mea.
1871 5486 1958 5547 61)
2000 5486 2320 5530 'l'heodoret.
2350 5486 2547 5545 diatog.
2581 5486 2649 5535 ὁ,
2670 5486 2741 5527 tre
2772 5486 3033 5542 impauuu

145 5523 287 5619 Lai“...
329 5604 383 5619 η,
574 5609 589 5619 ,
824 5609 928 5619 ,η
1848 5486 1958 5619 lli?)
2000 5546 2342 5619 lilartyrolog.
2376 5545 2571 5619 Roma
2592 5545 2678 5597 die
2707 5544 2777 5597 22
2802 5544 3033 5619 A_ugust.

328 5604 639 5685 Eleeyood._,
669 5625 791 5685 pag.
824 5609 972 5685 586;
1045 5681 1059 5685 _
1328 5682 1340 5685 _
1386 5682 1426 5685 __
1584 5683 1607 5685 ἡ

1338 5683 1340 5685 2
1386 5682 1426 5685 __
1584 5683 1607 5685 κ
1848 5602 1959 5685 (65)
2001 5602 2198 5670 Baron.
2228 5602 2450 5670 advanu.
2486 5602 2607 5682 129,
2639 5630 2789 5669 num.
2823 5613 2871 5665 7.

146 5672 587 5816 “(liinL‘S‘tepeham
612 5672 913 5754 le'Mbyne,
940 5680 1242 5753 Prolegom.
1277 5682 1343 5738 ad
1385 5682 1545 5738 Varia
1572 5683 1675 5738 Sa-

1848 5672 1958 5759 (64)
1999 5686 2346 5759 Martyrolog.
2387 5672 2641 5753 Romani,
2673 5685 2759 5741 die
2789 5684 2822 5740 5
2852 5693 2906 5740 et
2935 5683 3005 5738 22
3026 5683 3272 5755 Augusti.

1672 5841 1674 5845 '
1684 5840 1738 5857 ’,Β
