3882 6490
526 333 633 388 285

1535 326 1624 383 DE
1665 328 1826 384 VITA
1860 329 1946 384 ET
1988 328 2295 387 SCRIPTIS
2336 329 2391 385 8.
2432 327 2809 385 HIPPOLYTI.
3646 332 3727 389 284

524 452 667 508 Hinc
712 450 958 505 nonnulli
998 449 1291 521 scriptores
1328 458 1543 521 propter
1584 450 1823 508 favorem
1870 453 2105 508 Alexan-
2133 458 2179 514 Α
2207 462 2291 508 cet
2319 451 2462 507 haud
2495 451 2810 520 simpliciter
2847 448 3224 503 allirmandum
3264 461 3383 502 esse
3418 454 3623 516 putem;
3651 450 3729 502 mi-

524 545 610 599 dri
635 543 976 613 imperatoris
999 558 1124 614 erga
1155 542 1495 598 Christianos
1524 544 1752 600 mallent
1781 546 2098 617 martyrium

527 634 588 691 S.
640 633 913 707 Hippolyti
966 636 1232 690 collocare
1281 636 1385 690 sub
1436 634 1731 691 Alexandri
1786 653 2100 693 successore

525 725 860 789 Maximino;
902 725 1043 781 inter
1072 725 1173 780 hos
1214 723 1517 781 Dodwellus
1558 725 1626 780 ad
1658 742 1860 781 annum
1892 726 1997 781 235
2031 726 2099 779 il-

521 816 631 873 lius
660 818 975 888 martyrium
1010 815 1172 871 refert
1210 815 1344 887 (65).
1379 815 1483 872 Sed
1512 818 1763 887 quamvis
1804 819 1905 874 sub
1930 818 2099 887 impe-

522 916 701 963 ratore
729 908 1024 963 Maximino
1051 908 1350 963 habeamus
1374 909 1806 979 persecutionem
1836 910 2097 965 adversus

520 1001 864 1057 Christianos
906 1002 1269 1057 truculentam
1296 1043 1311 1068 ,
1347 1016 1468 1071 qua:
1504 1002 1776 1072 praecipue
1819 1003 2097 1072 spectabat

520 1094 585 1147 ad
622 1109 812 1147 eorum
863 1094 1172 1159 antistites,
1212 1093 1390 1163 qualis
1430 1093 1591 1148 etiam
1632 1101 1854 1171 sanctus
1895 1105 2097 1167 martyr

518 1191 703 1238 noster
732 1184 866 1249 fuit,
898 1192 1273 1238 asseveranter
1301 1192 1479 1237 tamen
1523 1183 1842 1254 martyrium
1874 1181 1930 1237 8.
1966 1183 2094 1254 Hip-

517 1274 687 1346 polyti
709 1288 817 1328 non
849 1274 1112 1328 audemus
1134 1283 1373 1329 statuere
1407 1274 1509 1329 sub
1540 1273 1770 1343 imperio
1795 1273 2092 1341 Maximini,

516 1375 739 1435 propter
784 1365 1065 1436 epistolam
1099 1365 1303 1436 ipsius,
1342 1381 1464 1434 qua:
1508 1364 1575 1418 ad
1620 1365 1861 1434 reginam
1902 1382 2094 1435 quam-

516 1457 642 1511 dam
688 1457 884 1526 seripta
935 1466 1053 1521 est,
1099 1466 1154 1511 et
1191 1473 1257 1511 ex
1293 1470 1399 1525 qua
1439 1456 1811 1510 Theodoretus
1842 1456 1952 1525 (66)
1984 1456 2094 1511 fra-

517 1558 737 1619 gmenta
766 1550 969 1619 aliquot
1012 1549 1281 1618 allegavit.
1322 1547 1589 1603 Baronius
1623 1547 1734 1616 (67)
1762 1558 1913 1617 putat
1953 1549 2093 1604 hanc

518 1642 761 1712 reginam
810 1640 979 1696 fuisse
1031 1641 1344 1707 Mamaeam,
1403 1640 1744 1709 imperatoris
1798 1638 2091 1695 Alexandri

516 1744 746 1789 matrem
770 1776 784 1799 ,
814 1750 935 1803 qua:
955 1733 1282 1789 Christianis
1317 1741 1593 1801 utcunque
1619 1731 1851 1787 favebat.
1888 1731 2087 1788 Verum

518 1842 664 1881 anno
709 1827 911 1881 Christi
966 1826 1097 1881 1551
1148 1827 1202 1880 in
1264 1841 1394 1896 agro
1457 1824 1666 1880 Verane
1716 1837 1961 1896 repertus
2014 1835 2097 1881 est
2128 1827 2169 1880 Β

516 1917 709 1988 Cyclus
740 1918 1036 1983 Paschalis,
1071 1919 1124 1971 in
1154 1918 1310 1988 cujus
1339 1919 1505 1971 latere
1532 1919 1669 1971 inter
1697 1918 1832 1973 alias
1869 1917 1926 1972 S.
1960 1918 2094 1988 Hip-

513 2007 682 2078 polyti
723 2007 1125 2063 lucubrationes
1159 2007 1471 2061 Exhortatio
1501 2008 1569 2061 ad
1599 2007 1901 2063 Severinum
1926 2018 2088 2065 nota-

513 2109 621 2154 rar.
666 2097 816 2155 Unde
849 2100 1227 2155 Tillemontius
1265 2100 1374 2171 (68)
1420 2100 1749 2170 suspicatur,
1788 2100 1890 2156 hac
1928 2100 2090 2156 Seve-

514 2187 633 2243 rina
674 2189 901 2243 indicari
949 2188 1235 2256 Severam,
1288 2189 1519 2260 Philippi
1564 2192 1909 2261 imperatoris
1952 2207 2089 2247 uxo—

510 2295 662 2345 rem,
727 2296 849 2350 qua:
916 2281 1226 2337 Christiana
1292 2280 1462 2337 fuisse
1518 2283 1862 2351 perhibetur,
1916 2293 1970 2338 et
2020 2284 2087 2338 ad

509 2386 671 2440 quam
693 2372 1044 2429 doctissimus
1067 2372 1329 2444 Origenes
1368 2376 1532 2428 etiam
1572 2374 1781 2431 litteras
1820 2374 1988 2430 dedit.
2028 2374 2085 2430 Si

512 2464 602 2518 illa
634 2463 964 2519 Tillemontii
1000 2466 1241 2536 suspicio
1269 2481 1395 2521 vera
1436 2465 1534 2532 sit,
1570 2467 1714 2521 haud
1743 2467 1907 2521 dubie
1939 2483 2088 2521 mar-

510 2558 708 2627 tyrium
747 2557 806 2611 8.
841 2556 1114 2629 Hippolyti
1153 2575 1328 2629 usque
1363 2560 1430 2614 ad
1479 2576 1682 2615 annum
1715 2560 1917 2615 Christi
1956 2560 2082 2629 250,

506 2649 623 2704 sive
645 2647 711 2702 ad
734 2650 1166 2718 persecutionem
1195 2649 1338 2705 Decii
1364 2652 1707 2721 imperatoris
1729 2651 2083 2707 differendum

503 2747 610 2795 est.
651 2738 733 2793 Ad
789 2741 929 2796 bane
977 2742 1344 2811 suspicionem
1393 2744 1823 2799 conlirmandam
1876 2746 2085 2800 accedit

506 2830 879 2885 testimonium
919 2832 975 2886 S.
1010 2831 1320 2903 Epiphanii.
1371 2836 1463 2904 qui
1509 2836 1702 2891 hmrcsi
1737 2835 1825 2902 57,
1852 2836 1966 2890 sive
1993 2837 2081 2901 57,

504 2930 693 2977 contra
733 2921 1026 2978 Noetianos
1062 2924 1136 2978 ita
1182 2925 1367 2979 scribit
1401 2945 1415 2980 :
1456 2925 1585 2980 Post
1620 2927 1757 2979 hunc
1794 2927 1933 2980 alius
1966 2928 2085 2997 qui-

504 3013 631 3067 dam
656 3016 965 3083 Iucreticus,
1002 3018 1202 3073 Noetus
1232 3022 1469 3085 nomine,
1496 3023 1731 3090 prodiit;
1755 3038 1916 3092 neque
1948 3023 2083 3075 mul-

506 3109 575 3161 tis
602 3107 790 3161 abhinc
818 3111 992 3174 annis,
1017 3112 1105 3163 sed
1138 3121 1258 3165 ante
1285 3113 1375 3166 hos
1398 3123 1602 3166 centum
1628 3115 1735 3183 fere
1758 3132 1819 3168 ac
1843 3116 2080 3186 triginta,

2211 560 2314 600 nus
2351 552 2530 597 tamen
2561 541 2809 603 dilliteor,
2837 555 2959 609 quae
2992 538 3060 593 de
3091 537 3352 608 martyrio
3383 536 3496 606 ejus
3534 551 3730 591 narran-

2208 644 2317 701 tur,
2350 635 2606 705 pleraque
2626 648 2746 688 esse
2775 633 2981 687 incerta
3004 646 3069 685 ac
3096 630 3334 685 tenebris
3359 629 3600 684 involuta.

2278 765 2353 821 De
2396 763 2689 836 Hippolyto
2722 763 2941 834 quidem
2991 772 3226 834 martyre
3271 760 3523 816 nonnulla
3570 761 3733 819 cecinit

2204 853 2554 920 Prudentius,
2582 871 2735 925 quas,
2768 855 2812 909 si
2846 853 3128 925 Hippolyto
3159 853 3412 921 episeopo
3445 852 3604 921 aptari
3632 868 3730 921 pos-

2204 956 2345 1007 sent,
2372 948 2600 1001 certiora
2624 947 2772 1001 Actis
2805 953 3008 1000 essent.
3043 943 3293 997 Nostrum
3328 942 3668 1013 Hippolytum,
3691 945 3732 997 id

2203 1048 2319 1102 est,
2360 1039 2707 1108 episcopum,
2757 1038 2945 1090 invenit
2998 1036 3307 1090 Ruinartius
3345 1034 3456 1105 (71)
3492 1036 3542 1089 in
3574 1041 3732 1105 hymno

2202 1131 2483 1184 Prudentii
2525 1130 2662 1200 (72},
2705 1128 2781 1183 ait
2825 1130 3125 1199 Basnagius
3160 1128 3292 1199 (75).
3345 1127 3402 1183 Si
3451 1136 3637 1183 attente
3668 1139 3734 1183 ta-

2202 1240 2326 1278 men
2360 1222 2628 1277 Huinartii
2662 1222 2928 1277 monitum
2954 1219 3311 1291 ianrudentii
3349 1222 3582 1276 carmina
3604 1222 3734 1291 legis-

2201 1321 2314 1379 set,
2347 1312 2678 1369 contrarium
2706 1312 2775 1367 ab
2798 1328 2862 1367 eo
2894 1311 3034 1367 tradi
3067 1312 3380 1377 didicisset;
3410 1329 3532 1366 nam
3562 1311 3731 1382 Hippo-

2200 1404 2371 1474 lytum
2396 1420 2426 1458 a
2454 1402 2749 1458 Prudentio
2773 1403 3101 1458 celebratum
3135 1403 3203 1457 ab
3224 1403 3412 1465 altero,
3435 1403 3500 1456 de
3524 1419 3623 1472 quo
3646 1405 3733 1473 agi-

2200 1513 2357 1561 mus,
2405 1496 2671 1567 cujusque
2708 1497 2972 1567 opuscula
3008 1495 3273 1551 Eusebius
3310 1505 3363 1549 et
3410 1493 3734 1565 Hieronymus

2199 1600 2527 1655 memorant,
2554 1590 2996 1661 distinguendum
3020 1606 3139 1645 esse
3169 1591 3364 1645 ibidem
3389 1590 3605 1644 adnotat
3629 1588 3734 1642 Rui-

2199 1682 2447 1750 nartius;
2492 1681 2738 1751 quinimo
2776 1692 2884 1736 tres
2939 1680 3181 1751 ejusdem
3227 1679 3467 1734 nominis
3507 1688 3734 1749 martyres

2198 1775 2585 1830 discernendos
2607 1789 2748 1841 esse,
2778 1790 2916 1843 quos
2959 1790 2989 1827 a
3034 1772 3539 1845 Martyrologiorum
3574 1782 3735 1827 aucto-

2198 1867 2349 1921 ribus
2376 1866 2431 1919 in
2464 1881 2633 1920 unum
2664 1865 2924 1920 confusos
2949 1863 3117 1920 fuisse
3148 1864 3417 1919 Barontus
3446 1864 3633 1932 aliique
3655 1871 3737 1915 tra-

2196 1958 2472 2013 diderunt.
2502 1957 2569 2013 Et
2601 1974 2734 2015 sane
2766 1957 3083 2029 Hippolytus
3110 1974 3140 2012 a
3170 1957 3470 2013 Prudentia
3495 1957 3733 2019 laudatus,

2195 2051 2288 2120 qui
2328 2051 2381 2103 in
2417 2048 2584 2104 Portu
2628 2048 2873 2104 Romano
2904 2050 2969 2104 ad
3006 2047 3155 2105 Ostia
3194 2048 3486 2113 Tiberina,
3516 2057 3574 2103 ut
3603 2049 3736 2118 vulgo

2194 2142 2454 2209 creditur,
2481 2145 2807 2213 martyrium
2847 2142 3037 2208 subiit,
3065 2141 3313 2197 diversus
3350 2142 3575 2197 omnino
3600 2155 3627 2194 a
3664 2156 3738 2194 ne-

2194 2245 2309 2291 stro
2354 2244 2457 2291 est.
2496 2236 2597 2290 Hie
2637 2236 2838 2305 quippe
2866 2235 3155 2306 episcopus
3187 2235 3409 2291 incertae
3467 2236 3624 2299 sedis,
3668 2235 3738 2289 ille

2192 2343 2321 2383 vero
2352 2326 2609 2382 Romana:
2638 2326 2890 2382 Ecclesia:
2912 2328 3209 2397 presbyter,
3238 2343 3303 2383 ac
3336 2325 3530 2383 Novati
3556 2327 3737 2397 opinio-

2193 2422 2354 2476 nibus
2400 2419 2697 2490 aliquando
2737 2419 3006 2486 addictus,
3037 2431 3097 2475 et.
3121 2421 3370 2492 martyrii
3415 2430 3617 2476 tantum
3661 2434 3736 2474 co-

2192 2528 2326 2567 rona
2353 2513 2574 2579 clarus;
2610 2523 2795 2589 noster
2821 2527 2951 2567 vero
2990 2528 3097 2567 non
3135 2513 3313 2569 solum
3347 2515 3631 2586 martyrio,
3661 2512 3736 2567 sed

2189 2614 2245 2659 et
2281 2604 2590 2660 eruditione
2612 2615 2666 2660 et
2704 2605 2923 2674 scriptis
2958 2606 3363 2661 celeberrimus.
3402 2606 3499 2660 Ille
3527 2606 3735 2669 demum,

2191 2695 2486 2751 I’rudentio
2515 2706 2649 2752 teste
2669 2738 2685 2765 ,
2712 2696 3016 2752 furentibus
3047 2696 3201 2766 equis
3240 2705 3490 2767 raptatus
3528 2695 3734 2761 interiit;

2193 2796 2377 2841 noster
2407 2802 2563 2852 vero,
2611 2787 2656 2843 si
2701 2788 2834 2842 ﬁdes
2866 2785 3295 2858 Martyrologiis,
3322 2787 3375 2840 in
3418 2786 3627 2843 foveam
3664 2785 3737 2839 de-

2191 2892 2405 2932 mersus
2442 2877 2715 2931 occubuit.

2263 3010 2636 3067 Theodoretus
2668 3013 2811 3068 hunc
2837 3022 3084 3068 sanetum
3107 3013 3385 3068 doctorem
3418 3013 3613 3067 ﬂuente
3643 3011 3736 3065 ion-

2191 3102 2260 3156 tis
2297 3114 2593 3172 comparat,
2624 3097 2754 3159 dum
2781 3105 2994 3175 dialogo
3028 3107 3085 3171 5,
3111 3107 3227 3161 sive
3252 3116 3399 3160 tomo
3437 3105 3501 3159 lV
3528 3104 3733 3175 Operum

504 3202 761 3257 nimirum
800 3203 1119 3273 priusquam
1164 3214 1388 3260 sanctus
1420 3205 1521 3259 hoc
1554 3221 1691 3275 opus
1722 3214 1891 3259 suum
1934 3223 2084 3261 εοιη-
2111 3199 2155 3259 C
2189 3211 2414 3251 suorum
2447 3198 2642 3268 pagina
2668 3197 2767 3252 154
2794 3206 2848 3252 ει
2874 3205 3157 3266 sequente,
3184 3199 3563 3254 testimonium
3592 3196 3737 3267 ipsius

503 3300 746 3359 poneret.
788 3292 857 3346 At
899 3291 955 3347 S.
984 3292 1320 3363 Epiphanius
1362 3297 1505 3350 circa
1554 3311 1757 3350 annum
1800 3297 1905 3352 575
1950 3298 2079 3351 illud

502 3396 638 3449 Opus
668 3383 932 3438 adversus
962 3386 1196 3440 haereses
1227 3388 1585 3456 conscripsit,
1611 3388 1854 3459 adeoque
1879 3399 2080 3445 retror-

505 3488 625 3525 sum
678 3476 1014 3528 numerando
1051 3476 1272 3534 haeresis
1311 3477 1574 3532 Noetiana
1625 3480 1727 3533 sub
1758 3482 2081 3549 imperatore

502 3564 754 3635 Philippo
794 3579 982 3622 exorta
1021 3578 1136 3635 est,
1162 3580 1221 3624 ut
1255 3569 1635 3626 Tillemontius
1677 3571 1907 3627 aﬂirmat
1941 3574 2074 3645 (69).

503 3658 641 3711 Cum
686 3659 867 3729 itaque
899 3661 956 3715 S.
990 3661 1307 3733 Hippolytus
1340 3663 1480 3718 hanc
1517 3662 1671 3719 Nocti
1710 3666 1959 3721 haeresim
1993 3682 2079 3720 re-

504 3758 690 3804 center
710 3763 953 3807 exortam
981 3755 1228 3810 videatur
1255 3757 1636 3826 impugnasse,
1663 3766 1721 3811 ut
1751 3760 1891 3827 apud
1920 3777 2077 3815 eum-

502 3842 624 3895 dem
669 3841 1071 3899 Tillemontium
1125 3846 1160 3900 l.
1202 3862 1250 3900 ε.
1305 3848 1628 3913 ostenditur,
1664 3850 1717 3902 in
1759 3850 1860 3904 ista
1910 3851 2077 3921 hypo-

503 3936 645 3989 thesi
688 3937 1005 4008 martyrium
1056 3938 1227 4008 ipsius
1277 3948 1402 3994 ante
1450 3941 1884 4009 persecutionem
1931 3942 2074 3998 Decii

501 4028 847 4099 imperatoris
873 4032 1123 4087 collocari
1171 4016 1283 4087 non.
1321 4041 1514 4102 potest.
1552 4031 1675 4088 Haec
1715 4044 1890 4089 tamen
1924 4034 2078 4092 Tille-

499 4121 691 4176 montii
720 4136 1037 4192 argumenta
1068 4140 1175 4179 non
1200 4126 1427 4180 omnino
1454 4134 1602 4181 certa
1639 4137 1766 4182 sunt
1786 4169 1800 4194 ,
1830 4129 2077 4198 quando-

499 4213 715 4283 quidem
748 4215 815 4267 ab
845 4216 967 4270 aliis
996 4225 1280 4284 negantur.

568 4304 677 4360 Nec
702 4322 824 4375 qua:
856 4308 921 4361 de
971 4310 1091 4363 loco
1138 4308 1385 4380 martyrii
1436 4310 1730 4376 adduntur,
1755 4328 1819 4367 ea
1866 4314 2074 4369 munita

498 4404 629 4450 sunt
670 4399 1027 4465 auctoritate,
1077 4411 1136 4456 ut
1173 4402 1241 4457 iis
1282 4404 1415 4459 ﬁdes
1466 4404 1653 4459 haberi
1701 4406 1911 4461 debeat.
1964 4407 2075 4463 lmo

498 4486 756 4555 quoniam
794 4488 1061 4547 Eusebius
1088 4502 1142 4547 et
1178 4492 1541 4565 Hieronymus
1567 4495 1634 4550 de
1673 4498 1935 4567 martyrio
1970 4498 2077 4555 hoc

498 4578 728 4645 sileant,
770 4581 1196 4654 ChristOphorus
1234 4563 1588 4642 Heumannus
1640 4587 1753 4659 (70)
1801 4563 2080 4645 existimat
2108 4563 2154 4618 D

496 4667 845 4742 Hippolytum
890 4672 1029 4728 falso
1072 4675 1139 4729 iis
1183 4677 1571 4741 annumerari,
1614 4678 1708 4747 qui
1757 4680 2078 4749 sanguinem

495 4779 657 4817 suum
698 4780 795 4835 pro
824 4780 990 4821 causa
1027 4766 1231 4822 Christi
1273 4766 1645 4837 profuderint,
1674 4784 1848 4838 eoque
1882 4772 2080 4827 verita-

495 4866 603 4911 tem
643 4858 920 4929 religionis
950 4859 1274 4916 Christiana:
1309 4861 1702 4916 conﬁrmarint.
1743 4860 1797 4916 1d
1832 4865 1977 4933 quod
2008 4867 2078 4921 li-

565 4991 976 5117 (z658)3Dodwell,
1004 5036 1018 5061 ,
1048 4993 1331 5052 Dissertat.
1365 4996 1737 5069 Cyprianicar.
1779 5014 1865 5067 xl,
1904 4999 1931 5073 §
1971 5001 2072 5066 50,

532 5078 617 5118 82.
647 5078 737 5118 δι).

493 5078 1315 5209 ῗθῗέϐῗῧῗιιερᾲογειη.ίάἰειοεξ.
1360 5139 1396 5191 2
1448 5147 1502 5193 ει
1542 5139 1616 5203 5,
1668 5140 1782 5196 sive
1828 5152 1960 5198 tom.
2004 5142 2075 5198 IV

494 5200 668 5274 Opp;
688 5219 809 5274 pag.
837 5206 906 5259 88
926 5216 979 5260 et
1010 5208 1131 5262 155.

563 5274 675 5347 (67)
715 5274 913 5347 Daren.
941 5277 994 5330 in
1015 5278 1307 5336 Annal-,ad
1336 5294 1465 5334 ann.
1500 5279 1641 5347 259,
1675 5297 1827 5334 num.
1859 5284 1945 5337 10.

567 5344 679 5422 (68)
717 5343 1032 5422 :l‘illemont,
1069 5357 1199 5403 tom.
1230 5347 1296 5401 lll
1350 5343 1631 5415 Mémoirq'
1654 5368 1775 5422 pag.
1798 5352 1922 5408 245.

566 5414 678 5481 (69)
717 5414 884 5483 Idem,
913 5417 1134 5473 ibidem.

719 5483 1054 5565 ῌεᾳιηειηη.ἱ
1080 5488 1284 5565 laudat.
1318 5489 1623 5565 Dissertat.,
1661 5492 1687 5565 §
1722 5492 1808 5565 12,
1831 5510 1953 5565 pag.
1986 5498 2068 5551 15.

720 5554 1293 5634 Huinartincnsinc.
1335 5560 1496 5634 MDL,
1530 5554 1799 5634 pag."157.

565 5624 679 5699 (7g)
719 5623 979 5699 frudem.
1002 5630 1144 5698 Περὶ
1174 5623 1715 5699 στεφάνωτλ,ἐεῖἰη.
1748 5652 1823 5689 xl.

718 5695 985 5777 ﬁasnage,
1014 5694 1235 5777 Annal”
1389 5702 1516 5764 2‘22.
1553 5720 1703 5760 num.
1734 5705 1788 5759 8.

568 5765 677 5837 (74)
718 5764 822 5822 Ubi
862 5764 1051 5845 beatus
1102 5771 1189 5825 ille
1220 5764 1433 5845 cherus
1472 5783 1557 5828 est
1600 5777 1975 5845 episcoporum
2020 5788 2071 5833 et

495 5836 936 5909 doetorum,qui
965 5848 1227 5911 tanquam
1275 5844 1563 5900 luminaria
1619 5836 1673 5901 i'n
1730 5836 1933 5903 mundo
1986 5864 2070 5903 re-

2186 3298 2239 3341 et
2268 3289 2499 3343 aliorum
2527 3296 2841 3344 sanctorum
2873 3290 3095 3346 Patrum
3121 3300 3311 3347 contra
3351 3292 3631 3347 haereticos
3657 3289 3737 3343 ad-

2186 3381 2334 3435 ducit
2365 3382 2469 3436 hoc
2495 3382 2657 3436 modo
2689 3401 2701 3435 :
2740 3380 2849 3437 Fac
2875 3384 3041 3455 igitur
3078 3392 3295 3453 pateant
3319 3401 3476 3439 aures
3500 3424 3516 3449 ,
3538 3380 3739 3451 etspiri—

2188 3474 2415 3526 tualium
2436 3475 2662 3544 fontium
2684 3478 2885 3546 ﬂuenta
2914 3479 3110 3546 accipe,
3141 3479 3312 3530 sancti
3341 3476 3547 3546 lgnatii
3574 3476 3737 3529 Antio—

2185 3567 2336 3623 cheni
2356 3576 2406 3621 et
2430 3567 2678 3636 martyris
2699 3582 2764 3621 ea:
2788 3568 3011 3635 epistola
3037 3568 3103 3620 ad
3132 3566 3544 3636 Smyrnenses...
3574 3565 3739 3619 I-rentei

2186 3659 2550 3732 Lugdunensis
2584 3661 2813 3729 episcopi
2849 3675 2913 3713 ea:
2954 3662 3106 3713 tertio
3139 3660 3274 3713 libro
3308 3660 3561 3714 adversus
3599 3660 3739 3712 haere—

2184 3772 2335 3809 ses...
2370 3754 2541 3807 sancti
2578 3752 2853 3822 Hippolyti
2891 3753 3119 3821 episcopi
3157 3762 3209 3806 ct
3258 3754 3516 3821 martyris
3554 3768 3616 3806 ea:
3650 3754 3741 3819 epi—

2184 3846 2322 3901 stola
2355 3845 2423 3899 ad
2460 3846 2748 3915 quamdam
2774 3845 3028 3915 reginam.
3081 3844 3140 3899 8.
3174 3844 3629 3915 Chrysostomus,
3660 3859 3740 3898 seu

2183 3938 2364 4008 potius
2386 3936 2527 3991 alius
2557 3937 2815 4003 antiquus
2842 3944 3032 3990 auctor
3060 3934 3161 3989 sub
3184 3934 3303 4003 ejus
3330 3936 3575 4000 nomine,
3609 3934 3742 3989 attri-

2182 4028 2303 4082 buit
2329 4026 2386 4082 S.
2418 4025 2705 4096 Hippolyto
2732 4026 3009 4096 ingenium
3036 4026 3328 4086 excellens,
3362 4025 3738 4095 eloquentiam-

2182 4135 2289 4190 que
2336 4119 2753 4181 suavissimam,
2802 4132 2904 4172 nec
2939 4117 3149 4172 dubitat
3196 4131 3320 4171 eum
3363 4116 3615 4173 conferre
3635 4133 3738 4172 Clllll

2185 4211 2242 4266 8.
2275 4210 2481 4283 lgnatio
2519 4209 2591 4264 M.
2614 4220 2668 4265 et
2699 4208 2757 4264 8.
2783 4208 3043 4281 Dionysio
3075 4209 3357 4266 Corinthio
3399 4213 3489 4268 vel
3532 4215 3739 4267 Alexan-

2181 4304 2342 4358 drino
2370 4304 2505 4374 (74).
2538 4301 2595 4358 8.
2620 4302 2944 4357 Anastasius
2985 4301 3167 4356 surculi
3195 4318 3267 4355 vn
3297 4302 3583 4359 confessor
3603 4320 3738 4359 eum-

2181 4396 2305 4451 dem
2341 4396 2667 4463 condecorat
2697 4395 2852 4451 titulo
2884 4395 3066 4465 magui
3102 4403 3158 4449 et
3188 4396 3547 4451 sacratissimi
3575 4395 3739 4451 docto-

2182 4488 2279 4555 ris,
2312 4488 2467 4544 testis
2501 4488 2675 4543 ﬁdelis
2704 4488 2947 4542 veritatis
2968 4528 2984 4552 ,
3005 4497 3167 4558 atque
3198 4488 3388 4558 organi
3421 4489 3599 4543 sancti
3635 4487 3741 4556 Spi-

2182 4582 2319 4636 ritus
2341 4568 2497 4651 ’(75).
2535 4578 2795 4635 Leontius
2830 4580 3162 4651 Byzantinus
3191 4590 3438 4636 sanctum
3480 4583 3735 4637 doctorem

2180 4684 2430 4729 nostrum
2459 4683 2705 4729 recenset
2749 4674 2891 4727 inter
2926 4673 3325 4729 illustrissimus
3365 4673 3621 4731 Ecclesia:
3650 4673 3738 4727 Pa-

2180 4775 2313 4830 tres.
2351 4766 2444 4836 qui
2472 4782 2502 4820 a
2536 4779 2664 4821 nato
2699 4764 2979 4820 Salvatore
3007 4765 3073 4819 ad
3102 4766 3389 4835 imperium
3413 4784 3589 4838 usque
3608 4766 3711 4821 Con

2179 4859 2403 4914 stantini
2433 4856 2503 4911 M.
2528 4856 2759 4913 ﬂoruere
2788 4856 2921 4927 (76).

2177 4995 2569 5067 splenduerunt
2601 4997 2823 5051 verbum
2853 4996 2975 5051 vita:
3000 4998 3337 5053 continentes
3357 5000 3445 5053 ?...
3485 4996 3583 5053 Ubi
3623 4995 3736 5066 Hip-

2176 5068 2867 5138 polytussuavissimuset
2902 5068 3447 5124 benevolentissimus
3468 5069 3494 5123 ?
3528 5068 3625 5124 Ubi
3650 5068 3737 5120 Ba-

2176 5136 2608 5263 ἓῗίυὲθὶίεὶἓὸιε,
2634 5147 2739 5193 etc.
2764 5136 3138 5208 Chrysostom.
3163 5148 3296 5193 tom.
3327 5138 3391 5193 Vl
3418 5139 3583 5211 0pp.,
3610 5147 3732 5195 orat.

2253 5250 2269 5276 ,
2299 5224 2422 5277 pag.
2448 5224 2573 5262 46v.
2596 5232 2609 5247 ο

2248 5225 2422 5349 ξ’ἵιέῗεέ
2448 5225 2596 5352 Et;
2620 5293 2767 5352 nunc
2797 5285 2850 5333 et
2878 5278 3285 5352 sacratissimus
3306 5280 3395 5335 hic
3422 5290 3476 5337 et
3519 5294 3737 5352 magnus

2177 5351 2387 5418 doctor,
2418 5349 2774 5417 veritatisque
2804 5350 2962 5404 testis
3010 5350 3185 5405 ﬁdelis
3234 5352 3579 5408 concorditer
3616 5349 3733 5405 cum

2176 5423 2301 5476 aliis
2330 5420 2586 5493 omnibus
2616 5421 2844 5493 sgnctis
2872 5420 3154 5493 catholica:
3195 5420 3305 5493 Dei
3328 5436 3393 5477 ac
3434 5422 3738 5493 apostolicae

2177 5491 2611 5547 institutionibus
2638 5489 2917 5553 Ecclesiae,
2948 5492 3087 5546 duas
3107 5491 3405 5547 secundum
3445 5489 3735 5547 u'nitionem

2174 5562 2519 5617 inconfusam
2544 5571 2597 5614 et
2618 5561 2967 5629 impatibilem
2995 5564 3453 5632 quemadmodum
3498 5574 3731 5624 naturas,

2177 5638 2249 5687 ita
2292 5633 2478 5705 etiam,
2508 5632 2997 5705 duasuvoluntates
3037 5675 3071 5705 ,ν
3093 5674 3107 5687 .
3141 5672 3156 5687 .
3194 5673 3209 5688 .
3243 5636 3488 5705 conﬁteri
3514 5635 3729 5705 jubet.)

2175 5708 2429 5759 Anastas.
2451 5704 2521 5774 _in
2556 5700 2775 5757 Collect.
2803 5704 3208 5769 Sirmondiana,
3237 5714 3367 5759 tom.
3420 5700 3591 5774 lll,'p.

2247 5775 2359 5844 (76)
2394 5794 2411 5825 ι
2448 5772 2807 5842 Temporibus
2856 5775 2963 5831 illis
2991 5792 3111 5844 quae
3137 5792 3167 5829 a
3209 5775 3407 5831 Christi
3458 5772 3733 5829 nativitate

2176 5862 2347 5917 usque
2372 5845 2436 5901 ad
2469 5845 2753 5913 imperium
2784 5846 3123 5903 Constantini
3161 5856 3541 5914 numerantur,
3572 5846 3730 5900 bide»
