  <div class='ocr_page' id='page_1' title='image "/cluster/home/n/w/nwhite01/storage/ocr_20150623/10/hvd.32044019207620/148.png"; bbox 0 0 3882 6476; ppageno 0'>
   <div class='ocr_carea' id='block_1_1' title="bbox 200 321 297 377">
    <p class='ocr_par' dir='ltr' id='par_1_1' title="bbox 200 321 297 377">
     <span class='ocr_line' id='line_1_1' title="bbox 200 321 297 377; baseline -0.01 0"><span class='ocrx_word' id='word_1_1' title='bbox 200 321 297 377; x_wconf 72' lang='grc'><strong>285</strong></span> 
     </span>
    </p>
   </div>
   <div class='ocr_carea' id='block_1_2' title="bbox 1144 330 2423 396">
    <p class='ocr_par' dir='ltr' id='par_1_2' title="bbox 1144 330 2423 396">
     <span class='ocr_line' id='line_1_2' title="bbox 1144 330 2423 396; baseline 0.009 -13"><span class='ocrx_word' id='word_1_2' title='bbox 1144 330 1231 386; x_wconf 87' lang='lat' dir='ltr'><strong>DE</strong></span> <span class='ocrx_word' id='word_1_3' title='bbox 1272 331 1433 388; x_wconf 80' lang='lat' dir='ltr'><strong>VITA</strong></span> <span class='ocrx_word' id='word_1_4' title='bbox 1469 332 1558 388; x_wconf 85' lang='lat' dir='ltr'><strong>ET</strong></span> <span class='ocrx_word' id='word_1_5' title='bbox 1599 334 1908 393; x_wconf 78' lang='lat' dir='ltr'><strong>SCRIPTIS</strong></span> <span class='ocrx_word' id='word_1_6' title='bbox 1947 338 2003 393; x_wconf 91' lang='lat' dir='ltr'><strong>S.</strong></span> <span class='ocrx_word' id='word_1_7' title='bbox 2042 339 2423 396; x_wconf 76' lang='lat' dir='ltr'><strong>HIPPOLYTI‘.</strong></span> 
     </span>
    </p>
   </div>
   <div class='ocr_carea' id='block_1_3' title="bbox 3300 348 3409 404">
    <p class='ocr_par' dir='ltr' id='par_1_3' title="bbox 3300 348 3409 404">
     <span class='ocr_line' id='line_1_3' title="bbox 3300 348 3409 404; baseline 0.009 -1"><span class='ocrx_word' id='word_1_8' title='bbox 3300 348 3409 404; x_wconf 63' lang='lat'><strong>$80</strong></span> 
     </span>
    </p>
   </div>
   <div class='ocr_carea' id='block_1_4' title="bbox 1515 580 2110 673">
    <p class='ocr_par' dir='ltr' id='par_1_4' title="bbox 1515 580 2110 673">
     <span class='ocr_line' id='line_1_4' title="bbox 1515 580 2110 673; baseline 0 -3"><span class='ocrx_word' id='word_1_9' title='bbox 1515 580 1901 673; x_wconf 86' lang='lat' dir='ltr'><strong>CAPUT</strong></span> <span class='ocrx_word' id='word_1_10' title='bbox 1975 583 2110 671; x_wconf 88' lang='grc' dir='ltr'><strong>ΙΙ.</strong></span> 
     </span>
    </p>
   </div>
   <div class='ocr_carea' id='block_1_5' title="bbox 940 910 2698 985">
    <p class='ocr_par' dir='ltr' id='par_1_5' title="bbox 940 910 2698 985">
     <span class='ocr_line' id='line_1_5' title="bbox 940 910 2698 985; baseline 0.007 -14"><span class='ocrx_word' id='word_1_11' title='bbox 940 910 1045 972; x_wconf 92' lang='lat' dir='ltr'><strong>DE</strong></span> <span class='ocrx_word' id='word_1_12' title='bbox 1086 911 1436 975; x_wconf 83' lang='lat' dir='ltr'><strong>SCRIPTIS</strong></span> <span class='ocrx_word' id='word_1_13' title='bbox 1492 912 2188 979; x_wconf 83' lang='lat' dir='ltr'><strong>GENUINIS‘SANCTI</strong></span> <span class='ocrx_word' id='word_1_14' title='bbox 2247 919 2698 985; x_wconf 83' lang='lat' dir='ltr'><strong>HIPPOLYTI.</strong></span> 
     </span>
    </p>
   </div>
   <div class='ocr_carea' id='block_1_6' title="bbox 656 1245 1282 1321">
    <p class='ocr_par' dir='ltr' id='par_1_6' title="bbox 656 1245 1282 1321">
     <span class='ocr_line' id='line_1_6' title="bbox 656 1245 1282 1321; baseline 0.005 -21"><span class='ocrx_word' id='word_1_15' title='bbox 656 1245 1052 1304; x_wconf 83' lang='lat' dir='ltr'><strong>ARTICULUS</strong></span> <span class='ocrx_word' id='word_1_16' title='bbox 1089 1249 1108 1303; x_wconf 83' lang='grc' dir='ltr'>ι</span> <span class='ocrx_word' id='word_1_17' title='bbox 1150 1251 1282 1321; x_wconf 77' lang='lat'><strong>(77).</strong></span> 
     </span>
    </p>
   </div>
   <div class='ocr_carea' id='block_1_7' title="bbox 204 1418 1757 1469">
    <p class='ocr_par' dir='ltr' id='par_1_7' title="bbox 204 1418 1757 1469">
     <span class='ocr_line' id='line_1_7' title="bbox 204 1418 1757 1469; baseline 0.006 -10"><span class='ocrx_word' id='word_1_18' title='bbox 204 1418 263 1459; x_wconf 79' lang='lat' dir='ltr'><strong>DE</strong></span> <span class='ocrx_word' id='word_1_19' title='bbox 288 1418 563 1459; x_wconf 75' lang='lat' dir='ltr'><strong>CATALOCO</strong></span> <span class='ocrx_word' id='word_1_20' title='bbox 593 1420 865 1461; x_wconf 72' lang='lat' dir='ltr'><strong>LIBRORUI</strong></span> <span class='ocrx_word' id='word_1_21' title='bbox 892 1424 942 1463; x_wconf 76' lang='lat' dir='ltr'><strong>IN</strong></span> <span class='ocrx_word' id='word_1_22' title='bbox 964 1424 1249 1465; x_wconf 76' lang='lat' dir='ltr'><strong>HIPPOLYTI</strong></span> <span class='ocrx_word' id='word_1_23' title='bbox 1274 1427 1483 1467; x_wconf 81' lang='lat' dir='ltr'><strong>STATUA</strong></span> <span class='ocrx_word' id='word_1_24' title='bbox 1506 1429 1757 1469; x_wconf 74' lang='lat' dir='ltr'><strong>SCULPTO.</strong></span> 
     </span>
    </p>
   </div>
   <div class='ocr_carea' id='block_1_8' title="bbox 264 1556 1761 1637">
    <p class='ocr_par' dir='ltr' id='par_1_8' title="bbox 264 1556 1761 1637">
     <span class='ocr_line' id='line_1_8' title="bbox 264 1556 1761 1637; baseline 0.009 -27"><span class='ocrx_word' id='word_1_25' title='bbox 264 1556 394 1611; x_wconf 83' lang='lat' dir='ltr'><strong>Cum</strong></span> <span class='ocrx_word' id='word_1_26' title='bbox 422 1557 698 1632; x_wconf 85' lang='lat' dir='ltr'><strong>Hippolyti</strong></span> <span class='ocrx_word' id='word_1_27' title='bbox 739 1561 999 1617; x_wconf 90' lang='lat' dir='ltr'><strong>librorum</strong></span> <span class='ocrx_word' id='word_1_28' title='bbox 1031 1564 1309 1635; x_wconf 79' lang='lat' dir='ltr'><strong>catalogus</strong></span> <span class='ocrx_word' id='word_1_29' title='bbox 1333 1607 1348 1633; x_wconf 95' lang='lat'><strong>,</strong></span> <span class='ocrx_word' id='word_1_30' title='bbox 1372 1568 1464 1637; x_wconf 87' lang='lat' dir='ltr'><strong>qui</strong></span> <span class='ocrx_word' id='word_1_31' title='bbox 1497 1568 1549 1621; x_wconf 92' lang='lat' dir='ltr'><strong>in</strong></span> <span class='ocrx_word' id='word_1_32' title='bbox 1586 1579 1761 1625; x_wconf 83' lang='lat' dir='ltr'><strong>statua</strong></span> 
     </span>
    </p>
   </div>
   <div class='ocr_carea' id='block_1_9' title="bbox 202 1650 1761 1731">
    <p class='ocr_par' dir='ltr' id='par_1_9' title="bbox 202 1650 1761 1731">
     <span class='ocr_line' id='line_1_9' title="bbox 202 1650 1761 1731; baseline 0.007 -26"><span class='ocrx_word' id='word_1_33' title='bbox 202 1659 346 1705; x_wconf 78' lang='lat' dir='ltr'><strong>sexto</strong></span> <span class='ocrx_word' id='word_1_34' title='bbox 375 1650 597 1706; x_wconf 89' lang='lat' dir='ltr'><strong>demttm</strong></span> <span class='ocrx_word' id='word_1_35' title='bbox 628 1655 826 1709; x_wconf 69' lang='lat' dir='ltr'><strong>smeulo</strong></span> <span class='ocrx_word' id='word_1_36' title='bbox 853 1656 1029 1724; x_wconf 90' lang='lat' dir='ltr'><strong>posita</strong></span> <span class='ocrx_word' id='word_1_37' title='bbox 1074 1656 1388 1726; x_wconf 90' lang='lat' dir='ltr'><strong>designatus</strong></span> <span class='ocrx_word' id='word_1_38' title='bbox 1430 1668 1534 1721; x_wconf 88' lang='lat' dir='ltr'><strong>est.</strong></span> <span class='ocrx_word' id='word_1_39' title='bbox 1567 1678 1761 1731; x_wconf 88' lang='lat' dir='ltr'><strong>quam-</strong></span> 
     </span>
    </p>
   </div>
   <div class='ocr_carea' id='block_1_10' title="bbox 203 1742 1764 1819">
    <p class='ocr_par' dir='ltr' id='par_1_10' title="bbox 203 1742 1764 1819">
     <span class='ocr_line' id='line_1_10' title="bbox 203 1742 1764 1819; baseline 0.008 -23"><span class='ocrx_word' id='word_1_40' title='bbox 203 1742 335 1807; x_wconf 89' lang='lat' dir='ltr'><strong>dam,</strong></span> <span class='ocrx_word' id='word_1_41' title='bbox 365 1743 581 1798; x_wconf 90' lang='lat' dir='ltr'><strong>etiamsi</strong></span> <span class='ocrx_word' id='word_1_42' title='bbox 611 1761 715 1800; x_wconf 94' lang='lat' dir='ltr'><strong>non</strong></span> <span class='ocrx_word' id='word_1_43' title='bbox 740 1763 1013 1817; x_wconf 88' lang='lat' dir='ltr'><strong>magnam,</strong></span> <span class='ocrx_word' id='word_1_44' title='bbox 1037 1742 1231 1804; x_wconf 84' lang='lat' dir='ltr'><strong>habeat</strong></span> <span class='ocrx_word' id='word_1_45' title='bbox 1246 1751 1649 1819; x_wconf 88' lang='lat' dir='ltr'><strong>auctoritatem,</strong></span> <span class='ocrx_word' id='word_1_46' title='bbox 1669 1770 1764 1809; x_wconf 85' lang='lat' dir='ltr'><strong>ne-</strong></span> 
     </span>
    </p>
   </div>
   <div class='ocr_carea' id='block_1_11' title="bbox 203 1839 1766 1915">
    <p class='ocr_par' dir='ltr' id='par_1_11' title="bbox 203 1839 1766 1915">
     <span class='ocr_line' id='line_1_11' title="bbox 203 1839 1766 1915; baseline 0.007 -25"><span class='ocrx_word' id='word_1_47' title='bbox 203 1850 340 1890; x_wconf 86' lang='lat' dir='ltr'><strong>cesse</strong></span> <span class='ocrx_word' id='word_1_48' title='bbox 368 1846 473 1901; x_wconf 86' lang='lat' dir='ltr'><strong>est,</strong></span> <span class='ocrx_word' id='word_1_49' title='bbox 507 1846 569 1891; x_wconf 93' lang='lat' dir='ltr'><strong>ut</strong></span> <span class='ocrx_word' id='word_1_50' title='bbox 593 1839 907 1907; x_wconf 77' lang='lat' dir='ltr'><strong>priusquam</strong></span> <span class='ocrx_word' id='word_1_51' title='bbox 932 1840 997 1895; x_wconf 93' lang='lat' dir='ltr'><strong>de</strong></span> <span class='ocrx_word' id='word_1_52' title='bbox 1025 1842 1197 1896; x_wconf 95' lang='lat' dir='ltr'><strong>nostri</strong></span> <span class='ocrx_word' id='word_1_53' title='bbox 1222 1843 1438 1912; x_wconf 77' lang='lat' dir='ltr'><strong>scriptis</strong></span> <span class='ocrx_word' id='word_1_54' title='bbox 1463 1845 1766 1915; x_wconf 83' lang='lat' dir='ltr'><strong>disquirere</strong></span> 
     </span>
    </p>
   </div>
   <div class='ocr_carea' id='block_1_12' title="bbox 204 1928 1764 2008">
    <p class='ocr_par' dir='ltr' id='par_1_12' title="bbox 204 1928 1764 2008">
     <span class='ocr_line' id='line_1_12' title="bbox 204 1928 1764 2008; baseline 0.008 -28"><span class='ocrx_word' id='word_1_55' title='bbox 204 1928 538 1997; x_wconf 82' lang='lat' dir='ltr'><strong>incipiamus,</strong></span> <span class='ocrx_word' id='word_1_56' title='bbox 587 1946 841 1986; x_wconf 86' lang='lat' dir='ltr'><strong>mancum</strong></span> <span class='ocrx_word' id='word_1_57' title='bbox 882 1942 1194 1990; x_wconf 85' lang='lat' dir='ltr'><strong>contextum</strong></span> <span class='ocrx_word' id='word_1_58' title='bbox 1246 1935 1391 1991; x_wconf 90' lang='lat' dir='ltr'><strong>illius</strong></span> <span class='ocrx_word' id='word_1_59' title='bbox 1419 1938 1649 2008; x_wconf 86' lang='lat' dir='ltr'><strong>catalogi</strong></span> <span class='ocrx_word' id='word_1_60' title='bbox 1679 1953 1764 1993; x_wconf 87' lang='lat' dir='ltr'><strong>re-</strong></span> 
     </span>
    </p>
   </div>
   <div class='ocr_carea' id='block_1_13' title="bbox 202 2018 654 2092">
    <p class='ocr_par' dir='ltr' id='par_1_13' title="bbox 202 2018 654 2092">
     <span class='ocr_line' id='line_1_13' title="bbox 202 2018 654 2092; baseline 0.007 -20"><span class='ocrx_word' id='word_1_61' title='bbox 202 2018 480 2075; x_wconf 82' lang='lat' dir='ltr'><strong>stituamus</strong></span> <span class='ocrx_word' id='word_1_62' title='bbox 510 2020 654 2092; x_wconf 87' lang='lat'><strong>(78).</strong></span> 
     </span>
    </p>
   </div>
   <div class='ocr_carea' id='block_1_14' title="bbox 262 2154 1768 2226">
    <p class='ocr_par' dir='ltr' id='par_1_14' title="bbox 262 2154 1768 2226">
     <span class='ocr_line' id='line_1_14' title="bbox 262 2154 1768 2226; baseline 0.007 -19"><span class='ocrx_word' id='word_1_63' title='bbox 262 2154 316 2208; x_wconf 87' lang='lat' dir='ltr'><strong>In</strong></span> <span class='ocrx_word' id='word_1_64' title='bbox 343 2165 586 2224; x_wconf 80' lang='lat' dir='ltr'><strong>quatuor</strong></span> <span class='ocrx_word' id='word_1_65' title='bbox 611 2157 886 2226; x_wconf 83' lang='lat' dir='ltr'><strong>prioribus</strong></span> <span class='ocrx_word' id='word_1_66' title='bbox 922 2159 1081 2215; x_wconf 89' lang='lat' dir='ltr'><strong>lineis</strong></span> <span class='ocrx_word' id='word_1_67' title='bbox 1115 2159 1322 2217; x_wconf 82' lang='lat' dir='ltr'><strong>litteras</strong></span> <span class='ocrx_word' id='word_1_68' title='bbox 1354 2163 1644 2219; x_wconf 89' lang='lat' dir='ltr'><strong>nonnullas</strong></span> <span class='ocrx_word' id='word_1_69' title='bbox 1675 2162 1768 2218; x_wconf 91' lang='lat' dir='ltr'><strong>de-</strong></span> 
     </span>
    </p>
   </div>
   <div class='ocr_carea' id='block_1_15' title="bbox 205 2246 1769 2325">
    <p class='ocr_par' dir='ltr' id='par_1_15' title="bbox 205 2246 1769 2325">
     <span class='ocr_line' id='line_1_15' title="bbox 205 2246 1769 2325; baseline 0.007 -27"><span class='ocrx_word' id='word_1_70' title='bbox 205 2246 345 2302; x_wconf 86' lang='lat' dir='ltr'><strong>tritas</strong></span> <span class='ocrx_word' id='word_1_71' title='bbox 371 2264 497 2302; x_wconf 88' lang='lat' dir='ltr'><strong>esse</strong></span> <span class='ocrx_word' id='word_1_72' title='bbox 533 2250 665 2303; x_wconf 86' lang='lat' dir='ltr'><strong>satis</strong></span> <span class='ocrx_word' id='word_1_73' title='bbox 706 2260 948 2318; x_wconf 84' lang='lat' dir='ltr'><strong>apparet.</strong></span> <span class='ocrx_word' id='word_1_74' title='bbox 983 2250 1054 2305; x_wconf 90' lang='lat' dir='ltr'><strong>Ita</strong></span> <span class='ocrx_word' id='word_1_75' title='bbox 1104 2252 1158 2306; x_wconf 92' lang='lat' dir='ltr'><strong>in</strong></span> <span class='ocrx_word' id='word_1_76' title='bbox 1190 2254 1362 2323; x_wconf 87' lang='lat' dir='ltr'><strong>prima</strong></span> <span class='ocrx_word' id='word_1_77' title='bbox 1396 2254 1539 2309; x_wconf 90' lang='lat' dir='ltr'><strong>linea</strong></span> <span class='ocrx_word' id='word_1_78' title='bbox 1570 2255 1769 2325; x_wconf 82' lang='lat' dir='ltr'><strong>legitur</strong></span> 
     </span>
    </p>
   </div>
   <div class='ocr_carea' id='block_1_16' title="bbox 206 2340 1769 2415">
    <p class='ocr_par' dir='ltr' id='par_1_16' title="bbox 206 2340 1769 2415">
     <span class='ocr_line' id='line_1_16' title="bbox 206 2340 1769 2415; baseline 0.007 -24"><span class='ocrx_word' id='word_1_79' title='bbox 206 2340 367 2393; x_wconf 81' lang='grc' dir='ltr'><strong>ΙΟΥΣ.</strong></span> <span class='ocrx_word' id='word_1_80' title='bbox 405 2340 655 2412; x_wconf 84' lang='lat' dir='ltr'><strong>Scaliger</strong></span> <span class='ocrx_word' id='word_1_81' title='bbox 687 2341 800 2412; x_wconf 80' lang='grc'>(79)</span> <span class='ocrx_word' id='word_1_82' title='bbox 831 2344 946 2397; x_wconf 83' lang='lat' dir='ltr'><strong>vult</strong></span> <span class='ocrx_word' id='word_1_83' title='bbox 990 2344 1090 2399; x_wconf 90' lang='lat' dir='ltr'><strong>bas</strong></span> <span class='ocrx_word' id='word_1_84' title='bbox 1115 2345 1326 2400; x_wconf 86' lang='lat' dir='ltr'><strong>litteras</strong></span> <span class='ocrx_word' id='word_1_85' title='bbox 1351 2360 1474 2401; x_wconf 90' lang='lat' dir='ltr'><strong>esse</strong></span> <span class='ocrx_word' id='word_1_86' title='bbox 1506 2346 1769 2415; x_wconf 73' lang='lat' dir='ltr'><strong>reliquias</strong></span> 
     </span>
    </p>
   </div>
   <div class='ocr_carea' id='block_1_17' title="bbox 203 2432 1770 2505">
    <p class='ocr_par' dir='ltr' id='par_1_17' title="bbox 203 2432 1770 2505">
     <span class='ocr_line' id='line_1_17' title="bbox 203 2432 1770 2505; baseline 0.006 -21"><span class='ocrx_word' id='word_1_87' title='bbox 203 2433 339 2486; x_wconf 81' lang='lat' dir='ltr'><strong>verbi</strong></span> <span class='ocrx_word' id='word_1_88' title='bbox 366 2432 642 2503; x_wconf 66' lang='grc' dir='ltr'><strong>ψαλμούς,</strong></span> <span class='ocrx_word' id='word_1_89' title='bbox 668 2434 813 2503; x_wconf 89' lang='lat' dir='ltr'><strong>quod</strong></span> <span class='ocrx_word' id='word_1_90' title='bbox 858 2435 1295 2505; x_wconf 84' lang='lat' dir='ltr'><strong>conjungendum</strong></span> <span class='ocrx_word' id='word_1_91' title='bbox 1322 2437 1391 2491; x_wconf 91' lang='lat' dir='ltr'><strong>sit</strong></span> <span class='ocrx_word' id='word_1_92' title='bbox 1419 2453 1542 2493; x_wconf 91' lang='lat' dir='ltr'><strong>cum</strong></span> <span class='ocrx_word' id='word_1_93' title='bbox 1575 2438 1770 2493; x_wconf 87' lang='lat' dir='ltr'><strong>litteris</strong></span> 
     </span>
    </p>
   </div>
   <div class='ocr_carea' id='block_1_18' title="bbox 206 2527 1769 2598">
    <p class='ocr_par' dir='ltr' id='par_1_18' title="bbox 206 2527 1769 2598">
     <span class='ocr_line' id='line_1_18' title="bbox 206 2527 1769 2598; baseline 0.004 -18"><span class='ocrx_word' id='word_1_94' title='bbox 206 2527 252 2580; x_wconf 91' lang='lat' dir='ltr'><strong>in</strong></span> <span class='ocrx_word' id='word_1_95' title='bbox 283 2530 534 2598; x_wconf 86' lang='lat' dir='ltr'><strong>sequenti</strong></span> <span class='ocrx_word' id='word_1_96' title='bbox 573 2529 717 2583; x_wconf 91' lang='lat' dir='ltr'><strong>linea</strong></span> <span class='ocrx_word' id='word_1_97' title='bbox 764 2529 917 2584; x_wconf 87' lang='lat' dir='ltr'><strong>lectis</strong></span> <span class='ocrx_word' id='word_1_98' title='bbox 943 2530 1136 2596; x_wconf 70' lang='lat' dir='ltr'><strong>NIAZ;</strong></span> <span class='ocrx_word' id='word_1_99' title='bbox 1177 2531 1336 2584; x_wconf 83' lang='grc' dir='ltr'><strong>ΝΙΑΣ</strong></span> <span class='ocrx_word' id='word_1_100' title='bbox 1364 2532 1557 2586; x_wconf 89' lang='lat' dir='ltr'><strong>litteris</strong></span> <span class='ocrx_word' id='word_1_101' title='bbox 1586 2543 1769 2586; x_wconf 87' lang='lat' dir='ltr'><strong>autem</strong></span> 
     </span>
    </p>
   </div>
   <div class='ocr_carea' id='block_1_19' title="bbox 202 2621 1773 2695">
    <p class='ocr_par' dir='ltr' id='par_1_19' title="bbox 202 2621 1773 2695">
     <span class='ocr_line' id='line_1_19' title="bbox 202 2621 1773 2695; baseline 0.003 -22"><span class='ocrx_word' id='word_1_102' title='bbox 202 2622 549 2675; x_wconf 81' lang='lat' dir='ltr'><strong>commutatis</strong></span> <span class='ocrx_word' id='word_1_103' title='bbox 592 2621 648 2674; x_wconf 92' lang='lat' dir='ltr'><strong>in</strong></span> <span class='ocrx_word' id='word_1_104' title='bbox 693 2621 899 2674; x_wconf 80' lang='grc' dir='ltr'><strong>ΝΟΙΑΣ</strong></span> <span class='ocrx_word' id='word_1_105' title='bbox 925 2631 1076 2690; x_wconf 85' lang='lat' dir='ltr'><strong>putat</strong></span> <span class='ocrx_word' id='word_1_106' title='bbox 1115 2623 1332 2679; x_wconf 90' lang='lat' dir='ltr'><strong>ultimas</strong></span> <span class='ocrx_word' id='word_1_107' title='bbox 1367 2624 1465 2678; x_wconf 91' lang='lat' dir='ltr'><strong>has</strong></span> <span class='ocrx_word' id='word_1_108' title='bbox 1510 2639 1633 2679; x_wconf 87' lang='lat' dir='ltr'><strong>esse</strong></span> <span class='ocrx_word' id='word_1_109' title='bbox 1664 2625 1773 2695; x_wconf 88' lang='lat' dir='ltr'><strong>syl-</strong></span> 
     </span>
    </p>
   </div>
   <div class='ocr_carea' id='block_1_20' title="bbox 204 2709 1775 2784">
    <p class='ocr_par' dir='ltr' id='par_1_20' title="bbox 204 2709 1775 2784">
     <span class='ocr_line' id='line_1_20' title="bbox 204 2709 1775 2784; baseline 0.003 -21"><span class='ocrx_word' id='word_1_110' title='bbox 204 2709 342 2765; x_wconf 86' lang='lat' dir='ltr'><strong>labas</strong></span> <span class='ocrx_word' id='word_1_111' title='bbox 370 2711 532 2766; x_wconf 83' lang='lat' dir='ltr'><strong>verbi</strong></span> <span class='ocrx_word' id='word_1_112' title='bbox 564 2712 869 2782; x_wconf 77' lang='grc' dir='ltr'><strong>μετανοίας,</strong></span> <span class='ocrx_word' id='word_1_113' title='bbox 905 2713 981 2766; x_wconf 87' lang='lat' dir='ltr'><strong>ita</strong></span> <span class='ocrx_word' id='word_1_114' title='bbox 1016 2721 1077 2766; x_wconf 93' lang='lat' dir='ltr'><strong>ut</strong></span> <span class='ocrx_word' id='word_1_115' title='bbox 1121 2713 1451 2784; x_wconf 80' lang='lat' dir='ltr'><strong>intelligendi</strong></span> <span class='ocrx_word' id='word_1_116' title='bbox 1492 2716 1601 2769; x_wconf 87' lang='lat' dir='ltr'><strong>sint</strong></span> <span class='ocrx_word' id='word_1_117' title='bbox 1634 2715 1775 2784; x_wconf 76' lang='grc' dir='ltr'><strong>ψαλ-</strong></span> 
     </span>
    </p>
   </div>
   <div class='ocr_carea' id='block_1_21' title="bbox 210 2803 1774 2877">
    <p class='ocr_par' dir='ltr' id='par_1_21' title="bbox 210 2803 1774 2877">
     <span class='ocr_line' id='line_1_21' title="bbox 210 2803 1774 2877; baseline 0.005 -22"><span class='ocrx_word' id='word_1_118' title='bbox 210 2803 292 2872; x_wconf 74' lang='grc' dir='ltr'>μοὶ</span> <span class='ocrx_word' id='word_1_119' title='bbox 319 2804 613 2874; x_wconf 82' lang='grc' dir='ltr'><strong>μετανοίας</strong></span> <span class='ocrx_word' id='word_1_120' title='bbox 646 2806 865 2873; x_wconf 81' lang='lat' dir='ltr'><strong>(psalmi</strong></span> <span class='ocrx_word' id='word_1_121' title='bbox 912 2806 1353 2874; x_wconf 75' lang='lat' dir='ltr'><strong>ptenitentiales).</strong></span> <span class='ocrx_word' id='word_1_122' title='bbox 1383 2808 1555 2875; x_wconf 88' lang='lat' dir='ltr'><strong>Quam</strong></span> <span class='ocrx_word' id='word_1_123' title='bbox 1589 2810 1774 2877; x_wconf 88' lang='lat' dir='ltr'><strong>conje-</strong></span> 
     </span>
    </p>
   </div>
   <div class='ocr_carea' id='block_1_22' title="bbox 208 2898 1777 2969">
    <p class='ocr_par' dir='ltr' id='par_1_22' title="bbox 208 2898 1777 2969">
     <span class='ocr_line' id='line_1_22' title="bbox 208 2898 1777 2969; baseline 0.003 -18"><span class='ocrx_word' id='word_1_124' title='bbox 208 2906 430 2964; x_wconf 89' lang='lat' dir='ltr'><strong>cturam,</strong></span> <span class='ocrx_word' id='word_1_125' title='bbox 455 2914 586 2968; x_wconf 60' lang='lat' dir='ltr'><strong>quae</strong></span> <span class='ocrx_word' id='word_1_126' title='bbox 618 2898 959 2969; x_wconf 82' lang='lat' dir='ltr'><strong>gravissimis</strong></span> <span class='ocrx_word' id='word_1_127' title='bbox 996 2901 1177 2955; x_wconf 86' lang='lat' dir='ltr'><strong>causis</strong></span> <span class='ocrx_word' id='word_1_128' title='bbox 1216 2900 1451 2955; x_wconf 83' lang='lat' dir='ltr'><strong>refutata</strong></span> <span class='ocrx_word' id='word_1_129' title='bbox 1478 2910 1561 2955; x_wconf 91' lang='lat' dir='ltr'><strong>est</strong></span> <span class='ocrx_word' id='word_1_130' title='bbox 1586 2917 1614 2955; x_wconf 91' lang='lat' dir='ltr'><strong>a</strong></span> <span class='ocrx_word' id='word_1_131' title='bbox 1650 2900 1777 2955; x_wconf 85' lang='lat' dir='ltr'><strong>Ste-</strong></span> 
     </span>
    </p>
   </div>
   <div class='ocr_carea' id='block_1_23' title="bbox 208 2989 1779 3063">
    <p class='ocr_par' dir='ltr' id='par_1_23' title="bbox 208 2989 1779 3063">
     <span class='ocr_line' id='line_1_23' title="bbox 208 2989 1779 3063; baseline 0.003 -22"><span class='ocrx_word' id='word_1_132' title='bbox 208 2989 375 3057; x_wconf 87' lang='lat' dir='ltr'><strong>phano</strong></span> <span class='ocrx_word' id='word_1_133' title='bbox 426 2990 675 3061; x_wconf 69' lang='lat' dir='ltr'><strong>Moynio,</strong></span> <span class='ocrx_word' id='word_1_134' title='bbox 728 2990 951 3045; x_wconf 90' lang='lat' dir='ltr'><strong>omnino</strong></span> <span class='ocrx_word' id='word_1_135' title='bbox 981 2990 1173 3046; x_wconf 82' lang='lat' dir='ltr'><strong>falsam</strong></span> <span class='ocrx_word' id='word_1_136' title='bbox 1228 3007 1368 3055; x_wconf 90' lang='lat' dir='ltr'><strong>esse,</strong></span> <span class='ocrx_word' id='word_1_137' title='bbox 1402 2993 1526 3047; x_wconf 91' lang='lat' dir='ltr'><strong>inde</strong></span> <span class='ocrx_word' id='word_1_138' title='bbox 1561 3008 1779 3063; x_wconf 90' lang='lat' dir='ltr'><strong>quoque</strong></span> 
     </span>
    </p>
   </div>
   <div class='ocr_carea' id='block_1_24' title="bbox 208 3082 1780 3151">
    <p class='ocr_par' dir='ltr' id='par_1_24' title="bbox 208 3082 1780 3151">
     <span class='ocr_line' id='line_1_24' title="bbox 208 3082 1780 3151; baseline 0.002 -15"><span class='ocrx_word' id='word_1_139' title='bbox 208 3082 391 3148; x_wconf 88' lang='lat' dir='ltr'><strong>elucet,</strong></span> <span class='ocrx_word' id='word_1_140' title='bbox 424 3082 581 3151; x_wconf 89' lang='lat' dir='ltr'><strong>quod</strong></span> <span class='ocrx_word' id='word_1_141' title='bbox 624 3091 676 3136; x_wconf 92' lang='lat' dir='ltr'><strong>et</strong></span> <span class='ocrx_word' id='word_1_142' title='bbox 721 3082 775 3135; x_wconf 93' lang='lat' dir='ltr'><strong>in</strong></span> <span class='ocrx_word' id='word_1_143' title='bbox 810 3083 1057 3151; x_wconf 90' lang='lat' dir='ltr'><strong>sequenti</strong></span> <span class='ocrx_word' id='word_1_144' title='bbox 1106 3083 1264 3138; x_wconf 90' lang='lat' dir='ltr'><strong>tertia</strong></span> <span class='ocrx_word' id='word_1_145' title='bbox 1296 3084 1438 3137; x_wconf 89' lang='lat' dir='ltr'><strong>linea</strong></span> <span class='ocrx_word' id='word_1_146' title='bbox 1490 3085 1780 3139; x_wconf 88' lang='lat' dir='ltr'><strong>adnotatus</strong></span> 
     </span>
    </p>
   </div>
   <div class='ocr_carea' id='block_1_25' title="bbox 210 3173 1781 3245">
    <p class='ocr_par' dir='ltr' id='par_1_25' title="bbox 210 3173 1781 3245">
     <span class='ocr_line' id='line_1_25' title="bbox 210 3173 1781 3245; baseline -0.001 -18"><span class='ocrx_word' id='word_1_147' title='bbox 210 3182 284 3227; x_wconf 87' lang='lat' dir='ltr'><strong>est</strong></span> <span class='ocrx_word' id='word_1_148' title='bbox 313 3173 482 3229; x_wconf 88' lang='lat' dir='ltr'><strong>nostri</strong></span> <span class='ocrx_word' id='word_1_149' title='bbox 540 3174 593 3227; x_wconf 88' lang='lat' dir='ltr'><strong>in</strong></span> <span class='ocrx_word' id='word_1_150' title='bbox 626 3174 867 3243; x_wconf 87' lang='lat' dir='ltr'><strong>psalmos</strong></span> <span class='ocrx_word' id='word_1_151' title='bbox 912 3175 1371 3241; x_wconf 90' lang='lat' dir='ltr'><strong>commentarius,</strong></span> <span class='ocrx_word' id='word_1_152' title='bbox 1406 3182 1459 3230; x_wconf 90' lang='lat' dir='ltr'><strong>et</strong></span> <span class='ocrx_word' id='word_1_153' title='bbox 1498 3174 1781 3245; x_wconf 85' lang='grc' dir='ltr'>μετανοίας</span> 
     </span>
    </p>
   </div>
   <div class='ocr_carea' id='block_1_26' title="bbox 208 3265 1781 3329">
    <p class='ocr_par' dir='ltr' id='par_1_26' title="bbox 208 3265 1781 3329">
     <span class='ocr_line' id='line_1_26' title="bbox 208 3265 1781 3329; baseline 0.003 -13"><span class='ocrx_word' id='word_1_154' title='bbox 208 3265 443 3329; x_wconf 82' lang='lat' dir='ltr'><strong>verbum,</strong></span> <span class='ocrx_word' id='word_1_155' title='bbox 477 3281 609 3320; x_wconf 87' lang='lat' dir='ltr'><strong>cum</strong></span> <span class='ocrx_word' id='word_1_156' title='bbox 641 3281 831 3319; x_wconf 88' lang='lat' dir='ltr'><strong>novem</strong></span> <span class='ocrx_word' id='word_1_157' title='bbox 860 3274 1070 3319; x_wconf 91' lang='lat' dir='ltr'><strong>tantum</strong></span> <span class='ocrx_word' id='word_1_158' title='bbox 1103 3266 1310 3321; x_wconf 87' lang='lat' dir='ltr'><strong>litteras</strong></span> <span class='ocrx_word' id='word_1_159' title='bbox 1341 3267 1636 3328; x_wconf 88' lang='lat' dir='ltr'><strong>contineat,</strong></span> <span class='ocrx_word' id='word_1_160' title='bbox 1674 3280 1781 3320; x_wconf 92' lang='lat' dir='ltr'><strong>non</strong></span> 
     </span>
    </p>
   </div>
   <div class='ocr_carea' id='block_1_27' title="bbox 212 3355 1785 3425">
    <p class='ocr_par' dir='ltr' id='par_1_27' title="bbox 212 3355 1785 3425">
     <span class='ocr_line' id='line_1_27' title="bbox 212 3355 1785 3425; baseline 0 -16"><span class='ocrx_word' id='word_1_161' title='bbox 212 3364 367 3409; x_wconf 89' lang='lat' dir='ltr'><strong>lotam</strong></span> <span class='ocrx_word' id='word_1_162' title='bbox 403 3355 715 3425; x_wconf 75' lang='lat' dir='ltr'><strong>explevisse</strong></span> <span class='ocrx_word' id='word_1_163' title='bbox 736 3356 933 3409; x_wconf 86' lang='lat' dir='ltr'><strong>lineam</strong></span> <span class='ocrx_word' id='word_1_164' title='bbox 957 3356 1189 3410; x_wconf 90' lang='lat' dir='ltr'><strong>videtur.</strong></span> <span class='ocrx_word' id='word_1_165' title='bbox 1215 3355 1271 3409; x_wconf 89' lang='lat' dir='ltr'><strong>1n</strong></span> <span class='ocrx_word' id='word_1_166' title='bbox 1302 3371 1519 3425; x_wconf 89' lang='lat' dir='ltr'><strong>quaque</strong></span> <span class='ocrx_word' id='word_1_167' title='bbox 1545 3356 1688 3409; x_wconf 91' lang='lat' dir='ltr'><strong>enim</strong></span> <span class='ocrx_word' id='word_1_168' title='bbox 1728 3356 1785 3409; x_wconf 89' lang='lat' dir='ltr'><strong>li-</strong></span> 
     </span>
    </p>
   </div>
   <div class='ocr_carea' id='block_1_28' title="bbox 210 3446 1787 3515">
    <p class='ocr_par' dir='ltr' id='par_1_28' title="bbox 210 3446 1787 3515">
     <span class='ocr_line' id='line_1_28' title="bbox 210 3446 1787 3515; baseline 0.001 -18"><span class='ocrx_word' id='word_1_169' title='bbox 210 3461 299 3499; x_wconf 86' lang='lat' dir='ltr'><strong>nea</strong></span> <span class='ocrx_word' id='word_1_170' title='bbox 321 3446 521 3503; x_wconf 90' lang='lat' dir='ltr'><strong>litteris</strong></span> <span class='ocrx_word' id='word_1_171' title='bbox 548 3446 766 3515; x_wconf 88' lang='lat' dir='ltr'><strong>impleta</strong></span> <span class='ocrx_word' id='word_1_172' title='bbox 795 3446 1064 3501; x_wconf 77' lang='lat' dir='ltr'><strong>sexdecim</strong></span> <span class='ocrx_word' id='word_1_173' title='bbox 1086 3446 1199 3501; x_wconf 79' lang='lat' dir='ltr'><strong>fere</strong></span> <span class='ocrx_word' id='word_1_174' title='bbox 1222 3447 1575 3500; x_wconf 88' lang='lat' dir='ltr'><strong>inveniuntur</strong></span> <span class='ocrx_word' id='word_1_175' title='bbox 1595 3447 1787 3499; x_wconf 74' lang='lat' dir='ltr'><strong>litterae</strong></span> 
     </span>
    </p>
   </div>
   <div class='ocr_carea' id='block_1_29' title="bbox 212 3537 1786 3609">
    <p class='ocr_par' dir='ltr' id='par_1_29' title="bbox 212 3537 1786 3609">
     <span class='ocr_line' id='line_1_29' title="bbox 212 3537 1786 3609; baseline 0 -19"><span class='ocrx_word' id='word_1_176' title='bbox 212 3537 333 3605; x_wconf 81' lang='lat'><strong>(80).</strong></span> <span class='ocrx_word' id='word_1_177' title='bbox 370 3537 692 3606; x_wconf 89' lang='lat' dir='ltr'><strong>Stephanus</strong></span> <span class='ocrx_word' id='word_1_178' title='bbox 744 3540 859 3607; x_wconf 90' lang='lat' dir='ltr'><strong>ipse</strong></span> <span class='ocrx_word' id='word_1_179' title='bbox 893 3538 1159 3609; x_wconf 91' lang='lat' dir='ltr'><strong>conjecit,</strong></span> <span class='ocrx_word' id='word_1_180' title='bbox 1209 3538 1491 3607; x_wconf 86' lang='lat' dir='ltr'><strong>legendum</strong></span> <span class='ocrx_word' id='word_1_181' title='bbox 1538 3552 1659 3591; x_wconf 91' lang='lat' dir='ltr'><strong>esse</strong></span> <span class='ocrx_word' id='word_1_182' title='bbox 1706 3538 1786 3600; x_wconf 77' lang='lat' dir='ltr'><strong>el;</strong></span> 
     </span>
    </p>
   </div>
   <div class='ocr_carea' id='block_1_30' title="bbox 214 3628 1783 3705">
    <p class='ocr_par' dir='ltr' id='par_1_30' title="bbox 214 3628 1783 3705">
     <span class='ocr_line' id='line_1_30' title="bbox 214 3628 1783 3705; baseline -0.001 -24"><span class='ocrx_word' id='word_1_183' title='bbox 214 3630 663 3700; x_wconf 66' lang='grc' dir='ltr'><strong>πρωοπλάστους</strong></span> <span class='ocrx_word' id='word_1_184' title='bbox 693 3632 784 3684; x_wconf 71' lang='grc' dir='ltr'>καὶ</span> <span class='ocrx_word' id='word_1_185' title='bbox 806 3632 934 3705; x_wconf 81' lang='grc' dir='ltr'><strong>περὶ</strong></span> <span class='ocrx_word' id='word_1_186' title='bbox 964 3630 1319 3702; x_wconf 76' lang='grc' dir='ltr'>κοσμογονίας</span> <span class='ocrx_word' id='word_1_187' title='bbox 1350 3629 1435 3683; x_wconf 90' lang='lat' dir='ltr'><strong>vel</strong></span> <span class='ocrx_word' id='word_1_188' title='bbox 1473 3628 1783 3697; x_wconf 78' lang='grc' dir='ltr'><strong>ζωογονίας.</strong></span> 
     </span>
    </p>
   </div>
   <div class='ocr_carea' id='block_1_31' title="bbox 212 3722 1787 3793">
    <p class='ocr_par' dir='ltr' id='par_1_31' title="bbox 212 3722 1787 3793">
     <span class='ocr_line' id='line_1_31' title="bbox 212 3722 1787 3793; baseline -0.001 -18"><span class='ocrx_word' id='word_1_189' title='bbox 212 3722 330 3789; x_wconf 70' lang='lat' dir='ltr'><strong>Quae</strong></span> <span class='ocrx_word' id='word_1_190' title='bbox 344 3724 666 3793; x_wconf 86' lang='lat' dir='ltr'><strong>conjectura</strong></span> <span class='ocrx_word' id='word_1_191' title='bbox 690 3740 798 3779; x_wconf 90' lang='lat' dir='ltr'><strong>non</strong></span> <span class='ocrx_word' id='word_1_192' title='bbox 816 3724 964 3778; x_wconf 91' lang='lat' dir='ltr'><strong>omni</strong></span> <span class='ocrx_word' id='word_1_193' title='bbox 981 3723 1452 3779; x_wconf 88' lang='lat' dir='ltr'><strong>verisimilitudine</strong></span> <span class='ocrx_word' id='word_1_194' title='bbox 1466 3730 1643 3786; x_wconf 89' lang='lat' dir='ltr'><strong>caret;</strong></span> <span class='ocrx_word' id='word_1_195' title='bbox 1662 3736 1787 3774; x_wconf 91' lang='lat' dir='ltr'><strong>nam</strong></span> 
     </span>
    </p>
   </div>
   <div class='ocr_carea' id='block_1_32' title="bbox 214 3813 1788 3885">
    <p class='ocr_par' dir='ltr' id='par_1_32' title="bbox 214 3813 1788 3885">
     <span class='ocr_line' id='line_1_32' title="bbox 214 3813 1788 3885; baseline -0.003 -16"><span class='ocrx_word' id='word_1_196' title='bbox 214 3825 417 3872; x_wconf 88' lang='lat' dir='ltr'><strong>constat</strong></span> <span class='ocrx_word' id='word_1_197' title='bbox 444 3825 705 3871; x_wconf 88' lang='lat' dir='ltr'><strong>nostrum</strong></span> <span class='ocrx_word' id='word_1_198' title='bbox 752 3817 1037 3885; x_wconf 86' lang='lat' dir='ltr'><strong>scripsisse</strong></span> <span class='ocrx_word' id='word_1_199' title='bbox 1077 3816 1130 3868; x_wconf 93' lang='lat' dir='ltr'><strong>in</strong></span> <span class='ocrx_word' id='word_1_200' title='bbox 1160 3816 1535 3869; x_wconf 74' lang='lat' dir='ltr'><strong>Hexaemeron</strong></span> <span class='ocrx_word' id='word_1_201' title='bbox 1564 3822 1617 3867; x_wconf 90' lang='lat' dir='ltr'><strong>ct</strong></span> <span class='ocrx_word' id='word_1_202' title='bbox 1643 3813 1694 3865; x_wconf 94' lang='lat' dir='ltr'><strong>in</strong></span> <span class='ocrx_word' id='word_1_203' title='bbox 1726 3827 1788 3865; x_wconf 91' lang='lat' dir='ltr'><strong>ea</strong></span> 
     </span>
    </p>
   </div>
   <div class='ocr_carea' id='block_1_33' title="bbox 215 3907 1787 3979">
    <p class='ocr_par' dir='ltr' id='par_1_33' title="bbox 215 3907 1787 3979">
     <span class='ocr_line' id='line_1_33' title="bbox 215 3907 1787 3979; baseline -0.003 -17"><span class='ocrx_word' id='word_1_204' title='bbox 215 3925 325 3977; x_wconf 78' lang='lat' dir='ltr'><strong>quze</strong></span> <span class='ocrx_word' id='word_1_205' title='bbox 369 3919 494 3979; x_wconf 90' lang='lat' dir='ltr'><strong>post</strong></span> <span class='ocrx_word' id='word_1_206' title='bbox 544 3907 958 3974; x_wconf 80' lang='lat' dir='ltr'><strong>Hexaemeron;</strong></span> <span class='ocrx_word' id='word_1_207' title='bbox 1009 3908 1255 3962; x_wconf 91' lang='lat' dir='ltr'><strong>omittam</strong></span> <span class='ocrx_word' id='word_1_208' title='bbox 1306 3915 1487 3961; x_wconf 89' lang='lat' dir='ltr'><strong>autem</strong></span> <span class='ocrx_word' id='word_1_209' title='bbox 1538 3913 1787 3972; x_wconf 85' lang='lat' dir='ltr'><strong>respectu</strong></span> 
     </span>
    </p>
   </div>
   <div class='ocr_carea' id='block_1_34' title="bbox 217 3994 1787 4067">
    <p class='ocr_par' dir='ltr' id='par_1_34' title="bbox 217 3994 1787 4067">
     <span class='ocr_line' id='line_1_34' title="bbox 217 3994 1787 4067; baseline -0.004 -15"><span class='ocrx_word' id='word_1_210' title='bbox 217 3998 388 4056; x_wconf 87' lang='lat' dir='ltr'><strong>habito</strong></span> <span class='ocrx_word' id='word_1_211' title='bbox 424 4002 492 4056; x_wconf 91' lang='lat' dir='ltr'><strong>ad</strong></span> <span class='ocrx_word' id='word_1_212' title='bbox 530 4000 835 4054; x_wconf 89' lang='lat' dir='ltr'><strong>litterarum</strong></span> <span class='ocrx_word' id='word_1_213' title='bbox 874 4014 1161 4054; x_wconf 88' lang='lat' dir='ltr'><strong>numerum</strong></span> <span class='ocrx_word' id='word_1_214' title='bbox 1196 3998 1288 4053; x_wconf 70' lang='grc' dir='ltr'>καί</span> <span class='ocrx_word' id='word_1_215' title='bbox 1316 3997 1659 4067; x_wconf 79' lang='lat' dir='ltr'><strong>particulam.</strong></span> <span class='ocrx_word' id='word_1_216' title='bbox 1688 3994 1787 4047; x_wconf 83' lang='lat' dir='ltr'><strong>Mi—</strong></span> 
     </span>
    </p>
   </div>
   <div class='ocr_carea' id='block_1_35' title="bbox 215 4087 1783 4159">
    <p class='ocr_par' dir='ltr' id='par_1_35' title="bbox 215 4087 1783 4159">
     <span class='ocr_line' id='line_1_35' title="bbox 215 4087 1783 4159; baseline -0.004 -15"><span class='ocrx_word' id='word_1_217' title='bbox 215 4106 325 4146; x_wconf 89' lang='lat' dir='ltr'><strong>rum</strong></span> <span class='ocrx_word' id='word_1_218' title='bbox 367 4101 557 4147; x_wconf 89' lang='lat' dir='ltr'><strong>tamen</strong></span> <span class='ocrx_word' id='word_1_219' title='bbox 606 4105 693 4146; x_wconf 91' lang='lat' dir='ltr'><strong>me</strong></span> <span class='ocrx_word' id='word_1_220' title='bbox 738 4089 929 4152; x_wconf 90' lang='lat' dir='ltr'><strong>habet,</strong></span> <span class='ocrx_word' id='word_1_221' title='bbox 958 4089 1103 4159; x_wconf 91' lang='lat' dir='ltr'><strong>quod</strong></span> <span class='ocrx_word' id='word_1_222' title='bbox 1143 4105 1250 4143; x_wconf 91' lang='lat' dir='ltr'><strong>non</strong></span> <span class='ocrx_word' id='word_1_223' title='bbox 1299 4088 1415 4142; x_wconf 86' lang='lat' dir='ltr'><strong>vice</strong></span> <span class='ocrx_word' id='word_1_224' title='bbox 1450 4103 1611 4141; x_wconf 89' lang='lat' dir='ltr'><strong>versa</strong></span> <span class='ocrx_word' id='word_1_225' title='bbox 1644 4087 1783 4141; x_wconf 85' lang='lat' dir='ltr'><strong>scri-</strong></span> 
     </span>
    </p>
   </div>
   <div class='ocr_carea' id='block_1_36' title="bbox 218 4177 1789 4255">
    <p class='ocr_par' dir='ltr' id='par_1_36' title="bbox 218 4177 1789 4255">
     <span class='ocr_line' id='line_1_36' title="bbox 218 4177 1789 4255; baseline -0.004 -18"><span class='ocrx_word' id='word_1_226' title='bbox 218 4193 355 4252; x_wconf 87' lang='lat' dir='ltr'><strong>ptum</strong></span> <span class='ocrx_word' id='word_1_227' title='bbox 389 4184 460 4239; x_wconf 91' lang='lat' dir='ltr'><strong>sit</strong></span> <span class='ocrx_word' id='word_1_228' title='bbox 488 4181 624 4255; x_wconf 77' lang='grc' dir='ltr'>περὶ</span> <span class='ocrx_word' id='word_1_229' title='bbox 657 4180 1037 4251; x_wconf 82' lang='grc' dir='ltr'><strong>κοσμογονίας,</strong></span> <span class='ocrx_word' id='word_1_230' title='bbox 1067 4182 1147 4243; x_wconf 80' lang='grc' dir='ltr'><strong>εἰς</strong></span> <span class='ocrx_word' id='word_1_231' title='bbox 1173 4179 1651 4252; x_wconf 81' lang='grc' dir='ltr'><strong>πρωτοπλάστους.</strong></span> <span class='ocrx_word' id='word_1_232' title='bbox 1680 4177 1789 4231; x_wconf 76' lang='lat' dir='ltr'><strong>Dif-</strong></span> 
     </span>
    </p>
   </div>
   <div class='ocr_carea' id='block_1_37' title="bbox 218 4269 1788 4342">
    <p class='ocr_par' dir='ltr' id='par_1_37' title="bbox 218 4269 1788 4342">
     <span class='ocr_line' id='line_1_37' title="bbox 218 4269 1788 4342; baseline -0.003 -16"><span class='ocrx_word' id='word_1_233' title='bbox 218 4273 345 4328; x_wconf 88' lang='lat' dir='ltr'><strong>ticile</strong></span> <span class='ocrx_word' id='word_1_234' title='bbox 382 4282 489 4338; x_wconf 90' lang='lat' dir='ltr'><strong>est,</strong></span> <span class='ocrx_word' id='word_1_235' title='bbox 546 4288 667 4328; x_wconf 90' lang='lat' dir='ltr'><strong>cum</strong></span> <span class='ocrx_word' id='word_1_236' title='bbox 713 4281 790 4327; x_wconf 92' lang='lat' dir='ltr'><strong>tot</strong></span> <span class='ocrx_word' id='word_1_237' title='bbox 830 4281 1046 4327; x_wconf 80' lang='lat' dir='ltr'><strong>exstent</strong></span> <span class='ocrx_word' id='word_1_238' title='bbox 1088 4271 1357 4342; x_wconf 85' lang='lat' dir='ltr'><strong>Hippolyti</strong></span> <span class='ocrx_word' id='word_1_239' title='bbox 1394 4271 1537 4337; x_wconf 89' lang='lat' dir='ltr'><strong>libri,</strong></span> <span class='ocrx_word' id='word_1_240' title='bbox 1566 4278 1621 4324; x_wconf 89' lang='lat' dir='ltr'><strong>et</strong></span> <span class='ocrx_word' id='word_1_241' title='bbox 1643 4269 1788 4323; x_wconf 81' lang='lat' dir='ltr'><strong>scul-</strong></span> 
     </span>
    </p>
   </div>
   <div class='ocr_carea' id='block_1_38' title="bbox 223 4364 1788 4433">
    <p class='ocr_par' dir='ltr' id='par_1_38' title="bbox 223 4364 1788 4433">
     <span class='ocr_line' id='line_1_38' title="bbox 223 4364 1788 4433; baseline -0.003 -14"><span class='ocrx_word' id='word_1_242' title='bbox 223 4376 330 4433; x_wconf 86' lang='lat' dir='ltr'><strong>ptor</strong></span> <span class='ocrx_word' id='word_1_243' title='bbox 374 4366 541 4420; x_wconf 89' lang='lat' dir='ltr'><strong>libris</strong></span> <span class='ocrx_word' id='word_1_244' title='bbox 590 4365 854 4419; x_wconf 86' lang='lat' dir='ltr'><strong>tribueret</strong></span> <span class='ocrx_word' id='word_1_245' title='bbox 896 4364 1081 4419; x_wconf 88' lang='lat' dir='ltr'><strong>titulos</strong></span> <span class='ocrx_word' id='word_1_246' title='bbox 1115 4364 1383 4419; x_wconf 89' lang='lat' dir='ltr'><strong>obscuros</strong></span> <span class='ocrx_word' id='word_1_247' title='bbox 1418 4375 1581 4432; x_wconf 90' lang='lat' dir='ltr'><strong>atque</strong></span> <span class='ocrx_word' id='word_1_248' title='bbox 1617 4375 1788 4415; x_wconf 85' lang='lat' dir='ltr'><strong>novos</strong></span> 
     </span>
    </p>
   </div>
   <div class='ocr_carea' id='block_1_39' title="bbox 223 4455 1784 4529">
    <p class='ocr_par' dir='ltr' id='par_1_39' title="bbox 223 4455 1784 4529">
     <span class='ocr_line' id='line_1_39' title="bbox 223 4455 1784 4529; baseline -0.003 -18"><span class='ocrx_word' id='word_1_249' title='bbox 223 4458 286 4526; x_wconf 88' lang='lat' dir='ltr'><strong>(e.</strong></span> <span class='ocrx_word' id='word_1_250' title='bbox 314 4473 361 4513; x_wconf 89' lang='lat' dir='ltr'><strong>c.</strong></span> <span class='ocrx_word' id='word_1_251' title='bbox 392 4456 879 4529; x_wconf 75' lang='grc' dir='ltr'><strong>ὲτγαστρίμυθον),</strong></span> <span class='ocrx_word' id='word_1_252' title='bbox 916 4457 1050 4512; x_wconf 88' lang='lat' dir='ltr'><strong>satis</strong></span> <span class='ocrx_word' id='word_1_253' title='bbox 1077 4456 1361 4526; x_wconf 88' lang='lat' dir='ltr'><strong>perspicue</strong></span> <span class='ocrx_word' id='word_1_254' title='bbox 1383 4455 1784 4518; x_wconf 89' lang='lat' dir='ltr'><strong>demonstrare,</strong></span> 
     </span>
    </p>
   </div>
   <div class='ocr_carea' id='block_1_40' title="bbox 224 4546 1791 4618">
    <p class='ocr_par' dir='ltr' id='par_1_40' title="bbox 224 4546 1791 4618">
     <span class='ocr_line' id='line_1_40' title="bbox 224 4546 1791 4618; baseline -0.002 -15"><span class='ocrx_word' id='word_1_255' title='bbox 224 4550 308 4617; x_wconf 90' lang='lat' dir='ltr'><strong>qui</strong></span> <span class='ocrx_word' id='word_1_256' title='bbox 346 4551 472 4605; x_wconf 86' lang='lat' dir='ltr'><strong>libri</strong></span> <span class='ocrx_word' id='word_1_257' title='bbox 501 4549 840 4618; x_wconf 83' lang='lat' dir='ltr'><strong>intelligendi</strong></span> <span class='ocrx_word' id='word_1_258' title='bbox 884 4549 1013 4605; x_wconf 87' lang='lat' dir='ltr'><strong>sint.</strong></span> <span class='ocrx_word' id='word_1_259' title='bbox 1048 4546 1232 4618; x_wconf 88' lang='lat' dir='ltr'><strong>Itaque</strong></span> <span class='ocrx_word' id='word_1_260' title='bbox 1264 4564 1377 4603; x_wconf 89' lang='lat' dir='ltr'><strong>rem</strong></span> <span class='ocrx_word' id='word_1_261' title='bbox 1422 4548 1477 4600; x_wconf 92' lang='lat' dir='ltr'><strong>in</strong></span> <span class='ocrx_word' id='word_1_262' title='bbox 1521 4558 1791 4614; x_wconf 88' lang='lat' dir='ltr'><strong>suspenso</strong></span> 
     </span>
    </p>
   </div>
   <div class='ocr_carea' id='block_1_41' title="bbox 223 4638 1795 4715">
    <p class='ocr_par' dir='ltr' id='par_1_41' title="bbox 223 4638 1795 4715">
     <span class='ocr_line' id='line_1_41' title="bbox 223 4638 1795 4715; baseline -0.003 -18"><span class='ocrx_word' id='word_1_263' title='bbox 223 4643 495 4715; x_wconf 86' lang='lat' dir='ltr'><strong>relinquo;</strong></span> <span class='ocrx_word' id='word_1_264' title='bbox 538 4644 642 4699; x_wconf 85' lang='lat' dir='ltr'><strong>hoc</strong></span> <span class='ocrx_word' id='word_1_265' title='bbox 683 4658 852 4697; x_wconf 89' lang='lat' dir='ltr'><strong>unum</strong></span> <span class='ocrx_word' id='word_1_266' title='bbox 906 4652 1118 4698; x_wconf 90' lang='lat' dir='ltr'><strong>tantum</strong></span> <span class='ocrx_word' id='word_1_267' title='bbox 1164 4640 1536 4705; x_wconf 88' lang='lat' dir='ltr'><strong>contendens,</strong></span> <span class='ocrx_word' id='word_1_268' title='bbox 1566 4639 1674 4693; x_wconf 88' lang='lat' dir='ltr'><strong>illis</strong></span> <span class='ocrx_word' id='word_1_269' title='bbox 1706 4638 1795 4692; x_wconf 89' lang='lat' dir='ltr'><strong>lit-</strong></span> 
     </span>
    </p>
   </div>
   <div class='ocr_carea' id='block_1_42' title="bbox 227 4730 1795 4808">
    <p class='ocr_par' dir='ltr' id='par_1_42' title="bbox 227 4730 1795 4808">
     <span class='ocr_line' id='line_1_42' title="bbox 227 4730 1795 4808; baseline -0.003 -19"><span class='ocrx_word' id='word_1_270' title='bbox 227 4736 348 4791; x_wconf 85' lang='lat' dir='ltr'><strong>teris</strong></span> <span class='ocrx_word' id='word_1_271' title='bbox 387 4734 733 4808; x_wconf 84' lang='lat' dir='ltr'><strong>siguiticatos</strong></span> <span class='ocrx_word' id='word_1_272' title='bbox 762 4733 1349 4795; x_wconf 81' lang='lat' dir='ltr'><strong>esse.commentarios</strong></span> <span class='ocrx_word' id='word_1_273' title='bbox 1381 4733 1618 4805; x_wconf 39' lang='lat' dir='ltr'><strong>inosacra</strong></span> <span class='ocrx_word' id='word_1_274' title='bbox 1643 4730 1795 4787; x_wconf 81' lang='lat' dir='ltr'><strong>Seri-</strong></span> 
     </span>
    </p>
   </div>
   <div class='ocr_carea' id='block_1_43' title="bbox 228 5016 1799 5088">
    <p class='ocr_par' dir='ltr' id='par_1_43' title="bbox 228 5016 1799 5088">
     <span class='ocr_line' id='line_1_43' title="bbox 228 5016 1799 5088; baseline -0.011 -1"><span class='ocrx_word' id='word_1_275' title='bbox 228 5040 399 5087; x_wconf 87' lang='lat' dir='ltr'><strong>ctores</strong></span> <span class='ocrx_word' id='word_1_276' title='bbox 422 5039 477 5085; x_wconf 87' lang='lat' dir='ltr'><strong>et</strong></span> <span class='ocrx_word' id='word_1_277' title='bbox 501 5027 696 5082; x_wconf 88' lang='lat' dir='ltr'><strong>Patres</strong></span> <span class='ocrx_word' id='word_1_278' title='bbox 717 5024 1079 5079; x_wconf 81' lang='lat' dir='ltr'><strong>exstiterunt:</strong></span> <span class='ocrx_word' id='word_1_279' title='bbox 1114 5020 1356 5088; x_wconf 79' lang='lat' dir='ltr'><strong>lgnatius</strong></span> <span class='ocrx_word' id='word_1_280' title='bbox 1378 5019 1467 5071; x_wconf 82' lang='lat' dir='ltr'><strong>ille</strong></span> <span class='ocrx_word' id='word_1_281' title='bbox 1507 5016 1799 5085; x_wconf 79' lang='lat' dir='ltr'><strong>Theopho—</strong></span> 
     </span>
    </p>
   </div>
   <div class='ocr_carea' id='block_1_44' title="bbox 232 5089 1794 5163">
    <p class='ocr_par' dir='ltr' id='par_1_44' title="bbox 232 5089 1794 5163">
     <span class='ocr_line' id='line_1_44' title="bbox 232 5089 1794 5163; baseline -0.009 -10"><span class='ocrx_word' id='word_1_282' title='bbox 232 5118 337 5163; x_wconf 88' lang='lat' dir='ltr'><strong>rus,</strong></span> <span class='ocrx_word' id='word_1_283' title='bbox 364 5102 630 5163; x_wconf 67' lang='lat' dir='ltr'><strong>Irenzeus,</strong></span> <span class='ocrx_word' id='word_1_284' title='bbox 664 5096 912 5150; x_wconf 83' lang='lat' dir='ltr'><strong>Justinus</strong></span> <span class='ocrx_word' id='word_1_285' title='bbox 947 5093 1305 5163; x_wconf 74' lang='lat' dir='ltr'><strong>philosophus</strong></span> <span class='ocrx_word' id='word_1_286' title='bbox 1326 5100 1379 5163; x_wconf 82' lang='lat' dir='ltr'><strong>et</strong></span> <span class='ocrx_word' id='word_1_287' title='bbox 1406 5099 1639 5163; x_wconf 85' lang='lat' dir='ltr'><strong>niartyr_,</strong></span> <span class='ocrx_word' id='word_1_288' title='bbox 1669 5089 1794 5141; x_wconf 74' lang='lat' dir='ltr'><strong>Cle-</strong></span> 
     </span>
    </p>
   </div>
   <div class='ocr_carea' id='block_1_45' title="bbox 232 5157 1797 5237">
    <p class='ocr_par' dir='ltr' id='par_1_45' title="bbox 232 5157 1797 5237">
     <span class='ocr_line' id='line_1_45' title="bbox 232 5157 1797 5237; baseline -0.01 -12"><span class='ocrx_word' id='word_1_289' title='bbox 232 5157 376 5227; x_wconf 82' lang='lat' dir='ltr'><strong>mens</strong></span> <span class='ocrx_word' id='word_1_290' title='bbox 404 5182 459 5225; x_wconf 88' lang='lat' dir='ltr'><strong>et</strong></span> <span class='ocrx_word' id='word_1_291' title='bbox 492 5157 814 5237; x_wconf 82' lang='lat' dir='ltr'><strong>Hippolytus</strong></span> <span class='ocrx_word' id='word_1_292' title='bbox 847 5157 1086 5237; x_wconf 62' lang='lat' dir='ltr'><strong>episcOpi</strong></span> <span class='ocrx_word' id='word_1_293' title='bbox 1118 5157 1372 5227; x_wconf 69' lang='lat' dir='ltr'><strong>Humani,</strong></span> <span class='ocrx_word' id='word_1_294' title='bbox 1397 5178 1419 5212; x_wconf 74' lang='grc' dir='ltr'>ι</span> <span class='ocrx_word' id='word_1_295' title='bbox 1450 5157 1559 5214; x_wconf 84' lang='lat' dir='ltr'><strong>etc.</strong></span> <span class='ocrx_word' id='word_1_296' title='bbox 1603 5157 1797 5213; x_wconf 83' lang='lat' dir='ltr'><strong>Leont.</strong></span> 
     </span>
    </p>
   </div>
   <div class='ocr_carea' id='block_1_46' title="bbox 233 5233 1028 5312">
    <p class='ocr_par' dir='ltr' id='par_1_46' title="bbox 233 5233 1028 5312">
     <span class='ocr_line' id='line_1_46' title="bbox 233 5233 1028 5312; baseline -0.008 -18"><span class='ocrx_word' id='word_1_297' title='bbox 233 5241 448 5312; x_wconf 81' lang='lat' dir='ltr'><strong>Hyzant.</strong></span> <span class='ocrx_word' id='word_1_298' title='bbox 480 5233 721 5307; x_wconf 70' lang='grc' dir='ltr'><strong>Πρᾶξεὶ,</strong></span> <span class='ocrx_word' id='word_1_299' title='bbox 751 5233 1028 5306; x_wconf 56' lang='grc' dir='ltr'><strong>ρδεζᾶὖο.</strong></span> 
     </span>
    </p>
   </div>
   <div class='ocr_carea' id='block_1_47' title="bbox 299 5340 1799 5421">
    <p class='ocr_par' dir='ltr' id='par_1_47' title="bbox 299 5340 1799 5421">
     <span class='ocr_line' id='line_1_47' title="bbox 299 5340 1799 5421; baseline -0.009 -18"><span class='ocrx_word' id='word_1_300' title='bbox 299 5351 409 5421; x_wconf 82' lang='grc'>(77)</span> <span class='ocrx_word' id='word_1_301' title='bbox 441 5351 749 5404; x_wconf 81' lang='lat' dir='ltr'><strong>Articulum</strong></span> <span class='ocrx_word' id='word_1_302' title='bbox 793 5348 945 5421; x_wconf 83' lang='lat' dir='ltr'><strong>hunc</strong></span> <span class='ocrx_word' id='word_1_303' title='bbox 971 5340 1507 5421; x_wconf 41' lang='lat' dir='ltr'><strong>primumﬂaddimus</strong></span> <span class='ocrx_word' id='word_1_304' title='bbox 1536 5354 1602 5421; x_wconf 74' lang='lat' dir='ltr'><strong>ex</strong></span> <span class='ocrx_word' id='word_1_305' title='bbox 1648 5351 1799 5421; x_wconf 48' lang='lat' dir='ltr'><strong>com:</strong></span> 
     </span>
    </p>
   </div>
   <div class='ocr_carea' id='block_1_48' title="bbox 238 5410 1803 5494">
    <p class='ocr_par' dir='ltr' id='par_1_48' title="bbox 238 5410 1803 5494">
     <span class='ocr_line' id='line_1_48' title="bbox 238 5410 1803 5494; baseline -0.009 -20"><span class='ocrx_word' id='word_1_306' title='bbox 238 5410 566 5494; x_wconf 75' lang='lat' dir='ltr'><strong>mentatioue</strong></span> <span class='ocrx_word' id='word_1_307' title='bbox 613 5410 1280 5494; x_wconf 20' lang='lat' dir='ltr'><strong>historico-crijincaﬁdens.</strong></span> <span class='ocrx_word' id='word_1_308' title='bbox 1312 5410 1803 5494; x_wconf 48' lang='lat' dir='ltr'><strong>Hippplytiﬂvitalet</strong></span> 
     </span>
    </p>
   </div>
   <div class='ocr_carea' id='block_1_49' title="bbox 241 5478 1811 5623">
    <p class='ocr_par' dir='ltr' id='par_1_49' title="bbox 241 5478 1811 5623">
     <span class='ocr_line' id='line_1_49' title="bbox 241 5478 1811 5566; baseline -0.009 -21"><span class='ocrx_word' id='word_1_309' title='bbox 241 5492 475 5561; x_wconf 78' lang='lat' dir='ltr'><strong>scriptis.</strong></span> <span class='ocrx_word' id='word_1_310' title='bbox 508 5507 670 5560; x_wconf 88' lang='lat' dir='ltr'><strong>quam</strong></span> <span class='ocrx_word' id='word_1_311' title='bbox 717 5504 861 5543; x_wconf 89' lang='lat' dir='ltr'><strong>anno</strong></span> <span class='ocrx_word' id='word_1_312' title='bbox 905 5486 1044 5540; x_wconf 80' lang='grc'>1858</span> <span class='ocrx_word' id='word_1_313' title='bbox 1069 5483 1351 5566; x_wconf 40' lang='lat' dir='ltr'><strong>&#39;Gottingaa</strong></span> <span class='ocrx_word' id='word_1_314' title='bbox 1379 5478 1547 5535; x_wconf 80' lang='lat' dir='ltr'><strong>edidit</strong></span> <span class='ocrx_word' id='word_1_315' title='bbox 1577 5478 1811 5531; x_wconf 77' lang='lat' dir='ltr'><strong>Carolus</strong></span> 
     </span>
     <span class='ocr_line' id='line_1_50' title="bbox 245 5548 1652 5623; baseline -0.009 -8"><span class='ocrx_word' id='word_1_316' title='bbox 245 5560 566 5617; x_wconf 85' lang='lat' dir='ltr'><strong>Guilielmus</strong></span> <span class='ocrx_word' id='word_1_317' title='bbox 589 5560 814 5623; x_wconf 84' lang='lat' dir='ltr'><strong>Haenel,</strong></span> <span class='ocrx_word' id='word_1_318' title='bbox 842 5557 1255 5612; x_wconf 68' lang='lat' dir='ltr'><strong>Luchovuenms.</strong></span> <span class='ocrx_word' id='word_1_319' title='bbox 1290 5550 1449 5605; x_wconf 81' lang='lat' dir='ltr'><strong>EDIT.</strong></span> <span class='ocrx_word' id='word_1_320' title='bbox 1479 5548 1652 5602; x_wconf 70' lang='lat' dir='ltr'><strong>Pun.</strong></span> 
     </span>
    </p>
   </div>
   <div class='ocr_carea' id='block_1_50' title="bbox 313 5636 1813 5722">
    <p class='ocr_par' dir='ltr' id='par_1_50' title="bbox 313 5636 1813 5722">
     <span class='ocr_line' id='line_1_51' title="bbox 313 5636 1813 5722; baseline -0.013 -17"><span class='ocrx_word' id='word_1_321' title='bbox 313 5653 425 5722; x_wconf 84' lang='lat'><strong>(78)</strong></span> <span class='ocrx_word' id='word_1_322' title='bbox 458 5652 779 5721; x_wconf 85' lang='lat' dir='ltr'><strong>Catalogum</strong></span> <span class='ocrx_word' id='word_1_323' title='bbox 805 5642 1525 5722; x_wconf 57' lang='lat' dir='ltr'><strong>exscr_ipseru_nt_Gruterus</strong></span> <span class='ocrx_word' id='word_1_324' title='bbox 1551 5636 1813 5722; x_wconf 52' lang='lat' dir='ltr'><strong>(Thesau-</strong></span> 
     </span>
    </p>
   </div>
   <div class='ocr_carea' id='block_1_51' title="bbox 174 5706 1811 5793">
    <p class='ocr_par' dir='ltr' id='par_1_51' title="bbox 174 5706 1811 5793">
     <span class='ocr_line' id='line_1_52' title="bbox 174 5706 1811 5793; baseline -0.011 -17"><span class='ocrx_word' id='word_1_325' title='bbox 174 5740 177 5741; x_wconf 44' lang='grc' dir='ltr'><em>ν</em></span> <span class='ocrx_word' id='word_1_326' title='bbox 256 5706 337 5776; x_wconf 64' lang='lat' dir='ltr'><strong>rus</strong></span> <span class='ocrx_word' id='word_1_327' title='bbox 383 5706 823 5793; x_wconf 39' lang='lat' dir='ltr'><strong>inscriptionum,</strong></span> <span class='ocrx_word' id='word_1_328' title='bbox 854 5735 905 5789; x_wconf 90' lang='lat' dir='ltr'><strong>p.</strong></span> <span class='ocrx_word' id='word_1_329' title='bbox 950 5706 1105 5783; x_wconf 62' lang='grc'>130),</span> <span class='ocrx_word' id='word_1_330' title='bbox 1142 5713 1422 5770; x_wconf 83' lang='lat' dir='ltr'><strong>Fabricius</strong></span> <span class='ocrx_word' id='word_1_331' title='bbox 1465 5706 1618 5781; x_wconf 82' lang='lat' dir='ltr'><strong>(Opp.</strong></span> <span class='ocrx_word' id='word_1_332' title='bbox 1654 5706 1811 5776; x_wconf 85' lang='lat' dir='ltr'><strong>Hipp.</strong></span> 
     </span>
    </p>
   </div>
   <div class='ocr_carea' id='block_1_52' title="bbox 1780 1260 3422 1337">
    <p class='ocr_par' dir='ltr' id='par_1_52' title="bbox 1780 1260 3422 1337">
     <span class='ocr_line' id='line_1_53' title="bbox 1780 1260 3422 1337; baseline 0.006 -26"><span class='ocrx_word' id='word_1_333' title='bbox 1780 1274 1826 1330; x_wconf 77' lang='grc' dir='ltr'><strong>Α</strong></span> <span class='ocrx_word' id='word_1_334' title='bbox 1857 1268 1943 1328; x_wconf 90' lang='lat' dir='ltr'><strong>pta</strong></span> <span class='ocrx_word' id='word_1_335' title='bbox 1968 1276 1984 1325; x_wconf 87' lang='lat'><strong>;</strong></span> <span class='ocrx_word' id='word_1_336' title='bbox 2014 1274 2140 1313; x_wconf 93' lang='lat' dir='ltr'><strong>nam</strong></span> <span class='ocrx_word' id='word_1_337' title='bbox 2165 1267 2410 1329; x_wconf 87' lang='lat' dir='ltr'><strong>apparet,</strong></span> <span class='ocrx_word' id='word_1_338' title='bbox 2436 1260 2541 1315; x_wconf 91' lang='lat' dir='ltr'><strong>illis</strong></span> <span class='ocrx_word' id='word_1_339' title='bbox 2567 1261 2831 1318; x_wconf 89' lang='lat' dir='ltr'><strong>absolutis</strong></span> <span class='ocrx_word' id='word_1_340' title='bbox 2872 1262 3208 1334; x_wconf 86' lang='lat' dir='ltr'><strong>dogmaticos</strong></span> <span class='ocrx_word' id='word_1_341' title='bbox 3237 1266 3422 1337; x_wconf 78' lang='lat' dir='ltr'><strong>apolo-</strong></span> 
     </span>
    </p>
   </div>
   <div class='ocr_carea' id='block_1_53' title="bbox 1860 1351 2860 1421">
    <p class='ocr_par' dir='ltr' id='par_1_53' title="bbox 1860 1351 2860 1421">
     <span class='ocr_line' id='line_1_54' title="bbox 1860 1351 2860 1421; baseline 0.005 -18"><span class='ocrx_word' id='word_1_342' title='bbox 1860 1351 2169 1421; x_wconf 82' lang='lat' dir='ltr'><strong>geticosque</strong></span> <span class='ocrx_word' id='word_1_343' title='bbox 2194 1351 2362 1408; x_wconf 91' lang='lat' dir='ltr'><strong>libros</strong></span> <span class='ocrx_word' id='word_1_344' title='bbox 2389 1352 2608 1409; x_wconf 90' lang='lat' dir='ltr'><strong>demum</strong></span> <span class='ocrx_word' id='word_1_345' title='bbox 2633 1354 2860 1409; x_wconf 85' lang='lat' dir='ltr'><strong>laudari.</strong></span> 
     </span>
    </p>
   </div>
   <div class='ocr_carea' id='block_1_54' title="bbox 1932 1487 3425 1561">
    <p class='ocr_par' dir='ltr' id='par_1_54' title="bbox 1932 1487 3425 1561">
     <span class='ocr_line' id='line_1_55' title="bbox 1932 1487 3425 1561; baseline 0.005 -20"><span class='ocrx_word' id='word_1_346' title='bbox 1932 1490 2256 1541; x_wconf 80' lang='grc' dir='ltr'><strong>ΑΛΜΟΥΣ.</strong></span> <span class='ocrx_word' id='word_1_347' title='bbox 2304 1487 2445 1554; x_wconf 86' lang='lat' dir='ltr'><strong>Quin</strong></span> <span class='ocrx_word' id='word_1_348' title='bbox 2487 1489 2569 1544; x_wconf 66' lang='lat' dir='ltr'><strong>ha:</strong></span> <span class='ocrx_word' id='word_1_349' title='bbox 2618 1490 2808 1545; x_wconf 83' lang='lat' dir='ltr'><strong>litterae</strong></span> <span class='ocrx_word' id='word_1_350' title='bbox 2850 1492 2958 1545; x_wconf 90' lang='lat' dir='ltr'><strong>sint</strong></span> <span class='ocrx_word' id='word_1_351' title='bbox 3001 1492 3239 1561; x_wconf 84' lang='lat' dir='ltr'><strong>reliquiae</strong></span> <span class='ocrx_word' id='word_1_352' title='bbox 3279 1494 3425 1549; x_wconf 84' lang='lat' dir='ltr'><strong>vocis</strong></span> 
     </span>
    </p>
   </div>
   <div class='ocr_carea' id='block_1_55' title="bbox 1861 1576 3427 1649">
    <p class='ocr_par' dir='ltr' id='par_1_55' title="bbox 1861 1576 3427 1649">
     <span class='ocr_line' id='line_1_56' title="bbox 1861 1576 3427 1649; baseline 0.004 -20"><span class='ocrx_word' id='word_1_353' title='bbox 1861 1576 2130 1648; x_wconf 74' lang='grc' dir='ltr'><strong>ψαλμούς,</strong></span> <span class='ocrx_word' id='word_1_354' title='bbox 2169 1594 2277 1631; x_wconf 84' lang='lat' dir='ltr'><strong>non</strong></span> <span class='ocrx_word' id='word_1_355' title='bbox 2312 1579 2534 1645; x_wconf 87' lang='lat' dir='ltr'><strong>dubito,</strong></span> <span class='ocrx_word' id='word_1_356' title='bbox 2576 1579 2627 1632; x_wconf 92' lang='lat' dir='ltr'><strong>iu</strong></span> <span class='ocrx_word' id='word_1_357' title='bbox 2669 1596 2808 1649; x_wconf 93' lang='lat' dir='ltr'><strong>quos</strong></span> <span class='ocrx_word' id='word_1_358' title='bbox 2862 1589 3107 1634; x_wconf 90' lang='lat' dir='ltr'><strong>nostrum</strong></span> <span class='ocrx_word' id='word_1_359' title='bbox 3144 1582 3427 1649; x_wconf 87' lang='lat' dir='ltr'><strong>scripsisse</strong></span> 
     </span>
    </p>
   </div>
   <div class='ocr_carea' id='block_1_56' title="bbox 1862 1669 3429 1743">
    <p class='ocr_par' dir='ltr' id='par_1_56' title="bbox 1862 1669 3429 1743">
     <span class='ocr_line' id='line_1_57' title="bbox 1862 1669 3429 1743; baseline 0.003 -19"><span class='ocrx_word' id='word_1_360' title='bbox 1862 1678 2090 1724; x_wconf 87' lang='lat' dir='ltr'><strong>testatur</strong></span> <span class='ocrx_word' id='word_1_361' title='bbox 2116 1669 2493 1742; x_wconf 89' lang='lat' dir='ltr'><strong>Hieronymus.</strong></span> <span class='ocrx_word' id='word_1_362' title='bbox 2526 1670 2709 1741; x_wconf 86' lang='lat' dir='ltr'><strong>Itaque</strong></span> <span class='ocrx_word' id='word_1_363' title='bbox 2738 1671 3030 1743; x_wconf 87' lang='lat' dir='ltr'><strong>respiciens</strong></span> <span class='ocrx_word' id='word_1_364' title='bbox 3055 1672 3118 1726; x_wconf 87' lang='lat' dir='ltr'><strong>ad</strong></span> <span class='ocrx_word' id='word_1_365' title='bbox 3136 1672 3292 1726; x_wconf 65' lang='lat' dir='ltr'><strong>linea:</strong></span> <span class='ocrx_word' id='word_1_366' title='bbox 3307 1689 3429 1741; x_wconf 78' lang='lat' dir='ltr'><strong>spa-</strong></span> 
     </span>
    </p>
   </div>
   <div class='ocr_carea' id='block_1_57' title="bbox 1865 1762 3429 1835">
    <p class='ocr_par' dir='ltr' id='par_1_57' title="bbox 1865 1762 3429 1835">
     <span class='ocr_line' id='line_1_58' title="bbox 1865 1762 3429 1835; baseline 0.001 -21"><span class='ocrx_word' id='word_1_367' title='bbox 1865 1762 2004 1815; x_wconf 89' lang='lat' dir='ltr'><strong>tium</strong></span> <span class='ocrx_word' id='word_1_368' title='bbox 2036 1763 2233 1818; x_wconf 88' lang='lat' dir='ltr'><strong>litteris</strong></span> <span class='ocrx_word' id='word_1_369' title='bbox 2258 1763 2615 1833; x_wconf 89' lang='lat' dir='ltr'><strong>impleudum,</strong></span> <span class='ocrx_word' id='word_1_370' title='bbox 2639 1764 2922 1835; x_wconf 87' lang='lat' dir='ltr'><strong>legendum</strong></span> <span class='ocrx_word' id='word_1_371' title='bbox 2955 1772 3087 1833; x_wconf 89' lang='lat' dir='ltr'><strong>puto</strong></span> <span class='ocrx_word' id='word_1_372' title='bbox 3113 1762 3183 1816; x_wconf 84' lang='grc' dir='ltr'><strong>τὰ</strong></span> <span class='ocrx_word' id='word_1_373' title='bbox 3203 1766 3281 1828; x_wconf 82' lang='grc' dir='ltr'><strong>εἰς</strong></span> <span class='ocrx_word' id='word_1_374' title='bbox 3305 1765 3429 1827; x_wconf 70' lang='grc' dir='ltr'>τοὺς</span> 
     </span>
    </p>
   </div>
   <div class='ocr_carea' id='block_1_58' title="bbox 1862 1855 2129 1926">
    <p class='ocr_par' dir='ltr' id='par_1_58' title="bbox 1862 1855 2129 1926">
     <span class='ocr_line' id='line_1_59' title="bbox 1862 1855 2129 1926; baseline 0 -17"><span class='ocrx_word' id='word_1_375' title='bbox 1862 1855 2129 1926; x_wconf 66' lang='grc' dir='ltr'><strong>ψαλμούς.</strong></span> 
     </span>
    </p>
   </div>
   <div class='ocr_carea' id='block_1_59' title="bbox 1936 1989 3435 2063">
    <p class='ocr_par' dir='ltr' id='par_1_59' title="bbox 1936 1989 3435 2063">
     <span class='ocr_line' id='line_1_60' title="bbox 1936 1989 3435 2063; baseline 0 -21"><span class='ocrx_word' id='word_1_376' title='bbox 1936 1992 2483 2045; x_wconf 82' lang='grc' dir='ltr'><strong>ΓΑΣΤΡΙΜΥΘΟΝ.</strong></span> <span class='ocrx_word' id='word_1_377' title='bbox 2517 1989 2758 2062; x_wconf 82' lang='lat' dir='ltr'><strong>Scaliger</strong></span> <span class='ocrx_word' id='word_1_378' title='bbox 2797 1991 3083 2063; x_wconf 86' lang='lat' dir='ltr'><strong>legendum</strong></span> <span class='ocrx_word' id='word_1_379' title='bbox 3120 2007 3241 2047; x_wconf 88' lang='lat' dir='ltr'><strong>esse</strong></span> <span class='ocrx_word' id='word_1_380' title='bbox 3271 1992 3435 2061; x_wconf 74' lang='grc' dir='ltr'><strong>ἐγγα-</strong></span> 
     </span>
    </p>
   </div>
   <div class='ocr_carea' id='block_1_60' title="bbox 1868 2082 3433 2155">
    <p class='ocr_par' dir='ltr' id='par_1_60' title="bbox 1868 2082 3433 2155">
     <span class='ocr_line' id='line_1_61' title="bbox 1868 2082 3433 2155; baseline 0.001 -21"><span class='ocrx_word' id='word_1_381' title='bbox 1868 2082 2165 2154; x_wconf 71' lang='grc' dir='ltr'>στρίμυθον</span> <span class='ocrx_word' id='word_1_382' title='bbox 2186 2096 2327 2139; x_wconf 90' lang='lat' dir='ltr'><strong>recte</strong></span> <span class='ocrx_word' id='word_1_383' title='bbox 2362 2083 2495 2137; x_wconf 85' lang='lat' dir='ltr'><strong>vidit</strong></span> <span class='ocrx_word' id='word_1_384' title='bbox 2526 2084 2664 2155; x_wconf 81' lang='grc'>(81).</span> <span class='ocrx_word' id='word_1_385' title='bbox 2688 2083 2824 2139; x_wconf 91' lang='lat' dir='ltr'><strong>Cum</strong></span> <span class='ocrx_word' id='word_1_386' title='bbox 2860 2083 3220 2155; x_wconf 80' lang='lat' dir='ltr'><strong>Hieronymus</strong></span> <span class='ocrx_word' id='word_1_387' title='bbox 3248 2085 3301 2137; x_wconf 92' lang='lat' dir='ltr'><strong>in</strong></span> <span class='ocrx_word' id='word_1_388' title='bbox 3338 2099 3433 2138; x_wconf 82' lang='lat' dir='ltr'><strong>ca-</strong></span> 
     </span>
    </p>
   </div>
   <div class='ocr_carea' id='block_1_61' title="bbox 1868 2173 3436 2244">
    <p class='ocr_par' dir='ltr' id='par_1_61' title="bbox 1868 2173 3436 2244">
     <span class='ocr_line' id='line_1_62' title="bbox 1868 2173 3436 2244; baseline 0 -17"><span class='ocrx_word' id='word_1_389' title='bbox 1868 2174 2048 2244; x_wconf 90' lang='lat' dir='ltr'><strong>talogo</strong></span> <span class='ocrx_word' id='word_1_390' title='bbox 2098 2173 2268 2229; x_wconf 86' lang='lat' dir='ltr'><strong>nostri</strong></span> <span class='ocrx_word' id='word_1_391' title='bbox 2316 2175 2580 2229; x_wconf 89' lang='lat' dir='ltr'><strong>librorum</strong></span> <span class='ocrx_word' id='word_1_392' title='bbox 2636 2175 2817 2229; x_wconf 85' lang='lat' dir='ltr'><strong>laudet</strong></span> <span class='ocrx_word' id='word_1_393' title='bbox 2847 2175 3043 2229; x_wconf 90' lang='lat' dir='ltr'><strong>librum</strong></span> <span class='ocrx_word' id='word_1_394' title='bbox 3082 2176 3148 2229; x_wconf 89' lang='lat' dir='ltr'><strong>de</strong></span> <span class='ocrx_word' id='word_1_395' title='bbox 3181 2174 3346 2229; x_wconf 89' lang='lat' dir='ltr'><strong>Saulo</strong></span> <span class='ocrx_word' id='word_1_396' title='bbox 3381 2184 3436 2227; x_wconf 88' lang='lat' dir='ltr'><strong>et</strong></span> 
     </span>
    </p>
   </div>
   <div class='ocr_carea' id='block_1_62' title="bbox 1868 2262 3433 2335">
    <p class='ocr_par' dir='ltr' id='par_1_62' title="bbox 1868 2262 3433 2335">
     <span class='ocr_line' id='line_1_63' title="bbox 1868 2262 3433 2335; baseline -0.001 -18"><span class='ocrx_word' id='word_1_397' title='bbox 1868 2263 2216 2335; x_wconf 80' lang='lat' dir='ltr'><strong>Pythonissa,</strong></span> <span class='ocrx_word' id='word_1_398' title='bbox 2250 2262 2561 2334; x_wconf 89' lang='lat' dir='ltr'><strong>Stephanus</strong></span> <span class='ocrx_word' id='word_1_399' title='bbox 2585 2264 2736 2334; x_wconf 91' lang='lat' dir='ltr'><strong>justo</strong></span> <span class='ocrx_word' id='word_1_400' title='bbox 2780 2265 2903 2335; x_wconf 89' lang='lat' dir='ltr'><strong>jure</strong></span> <span class='ocrx_word' id='word_1_401' title='bbox 2948 2265 3245 2329; x_wconf 88' lang='lat' dir='ltr'><strong>contendit,</strong></span> <span class='ocrx_word' id='word_1_402' title='bbox 3277 2264 3433 2317; x_wconf 87' lang='lat' dir='ltr'><strong>libel-</strong></span> 
     </span>
    </p>
   </div>
   <div class='ocr_carea' id='block_1_63' title="bbox 1873 2353 3436 2425">
    <p class='ocr_par' dir='ltr' id='par_1_63' title="bbox 1873 2353 3436 2425">
     <span class='ocr_line' id='line_1_64' title="bbox 1873 2353 3436 2425; baseline -0.001 -15"><span class='ocrx_word' id='word_1_403' title='bbox 1873 2357 1984 2411; x_wconf 89' lang='lat' dir='ltr'><strong>lum</strong></span> <span class='ocrx_word' id='word_1_404' title='bbox 2019 2356 2123 2410; x_wconf 85' lang='lat' dir='ltr'><strong>huc</strong></span> <span class='ocrx_word' id='word_1_405' title='bbox 2166 2356 2328 2410; x_wconf 89' lang='lat' dir='ltr'><strong>titulo</strong></span> <span class='ocrx_word' id='word_1_406' title='bbox 2362 2356 2685 2425; x_wconf 91' lang='lat' dir='ltr'><strong>inscriptum</strong></span> <span class='ocrx_word' id='word_1_407' title='bbox 2730 2366 3003 2425; x_wconf 87' lang='lat' dir='ltr'><strong>spectasse</strong></span> <span class='ocrx_word' id='word_1_408' title='bbox 3037 2354 3103 2409; x_wconf 88' lang='lat' dir='ltr'><strong>ad</strong></span> <span class='ocrx_word' id='word_1_409' title='bbox 3145 2353 3436 2425; x_wconf 80' lang='lat' dir='ltr'><strong>Pythonis-</strong></span> 
     </span>
    </p>
   </div>
   <div class='ocr_carea' id='block_1_64' title="bbox 1872 2448 3439 2519">
    <p class='ocr_par' dir='ltr' id='par_1_64' title="bbox 1872 2448 3439 2519">
     <span class='ocr_line' id='line_1_65' title="bbox 1872 2448 3439 2519; baseline -0.002 -16"><span class='ocrx_word' id='word_1_410' title='bbox 1872 2465 1989 2503; x_wconf 90' lang='lat' dir='ltr'><strong>sam</strong></span> <span class='ocrx_word' id='word_1_411' title='bbox 2019 2450 2187 2513; x_wconf 91' lang='lat' dir='ltr'><strong>illam,</strong></span> <span class='ocrx_word' id='word_1_412' title='bbox 2218 2465 2340 2518; x_wconf 77' lang='lat' dir='ltr'><strong>quae</strong></span> <span class='ocrx_word' id='word_1_413' title='bbox 2368 2449 2516 2503; x_wconf 89' lang='lat' dir='ltr'><strong>Sauli</strong></span> <span class='ocrx_word' id='word_1_414' title='bbox 2549 2450 2690 2519; x_wconf 86' lang='lat' dir='ltr'><strong>regis</strong></span> <span class='ocrx_word' id='word_1_415' title='bbox 2716 2450 2870 2518; x_wconf 90' lang='lat' dir='ltr'><strong>jussu</strong></span> <span class='ocrx_word' id='word_1_416' title='bbox 2905 2449 3175 2503; x_wconf 89' lang='lat' dir='ltr'><strong>Samuelis</strong></span> <span class='ocrx_word' id='word_1_417' title='bbox 3201 2448 3439 2503; x_wconf 89' lang='lat' dir='ltr'><strong>animam</strong></span> 
     </span>
    </p>
   </div>
   <div class='ocr_carea' id='block_1_65' title="bbox 1873 2539 3177 2611">
    <p class='ocr_par' dir='ltr' id='par_1_65' title="bbox 1873 2539 3177 2611">
     <span class='ocr_line' id='line_1_66' title="bbox 1873 2539 3177 2611; baseline -0.004 -14"><span class='ocrx_word' id='word_1_418' title='bbox 1873 2557 1938 2597; x_wconf 82' lang='lat' dir='ltr'><strong>ex</strong></span> <span class='ocrx_word' id='word_1_419' title='bbox 1969 2541 2110 2597; x_wconf 87' lang='lat' dir='ltr'><strong>Orco</strong></span> <span class='ocrx_word' id='word_1_420' title='bbox 2136 2555 2395 2596; x_wconf 86' lang='lat' dir='ltr'><strong>evocasse</strong></span> <span class='ocrx_word' id='word_1_421' title='bbox 2420 2549 2675 2595; x_wconf 89' lang='lat' dir='ltr'><strong>narratur</strong></span> <span class='ocrx_word' id='word_1_422' title='bbox 2702 2539 2722 2593; x_wconf 88' lang='grc' dir='ltr'>Ι</span> <span class='ocrx_word' id='word_1_423' title='bbox 2760 2539 2911 2594; x_wconf 88' lang='lat' dir='ltr'><strong>Sam.</strong></span> <span class='ocrx_word' id='word_1_424' title='bbox 2942 2556 3062 2611; x_wconf 91' lang='lat' dir='ltr'><strong>cap.</strong></span> <span class='ocrx_word' id='word_1_425' title='bbox 3088 2539 3177 2593; x_wconf 71' lang='lat'><strong>28.</strong></span> 
     </span>
    </p>
   </div>
   <div class='ocr_carea' id='block_1_66' title="bbox 1944 2698 3440 2772">
    <p class='ocr_par' dir='ltr' id='par_1_66' title="bbox 1944 2698 3440 2772">
     <span class='ocr_line' id='line_1_67' title="bbox 1944 2698 3440 2772; baseline -0.003 -16"><span class='ocrx_word' id='word_1_426' title='bbox 1944 2703 2101 2772; x_wconf 84' lang='grc' dir='ltr'><strong>Πρὸς</strong></span> <span class='ocrx_word' id='word_1_427' title='bbox 2132 2702 2508 2770; x_wconf 79' lang='grc' dir='ltr'><strong>Σεϐηρεῒναν.</strong></span> <span class='ocrx_word' id='word_1_428' title='bbox 2554 2698 2811 2770; x_wconf 83' lang='lat' dir='ltr'><strong>Stephan.</strong></span> <span class='ocrx_word' id='word_1_429' title='bbox 2849 2700 3080 2770; x_wconf 73' lang='lat' dir='ltr'><strong>coniecit</strong></span> <span class='ocrx_word' id='word_1_430' title='bbox 3126 2700 3440 2753; x_wconf 75' lang='grc' dir='ltr'><strong>ΣΕΒΗΡΑΝ</strong></span> 
     </span>
    </p>
   </div>
   <div class='ocr_carea' id='block_1_67' title="bbox 1879 2793 3445 2866">
    <p class='ocr_par' dir='ltr' id='par_1_67' title="bbox 1879 2793 3445 2866">
     <span class='ocr_line' id='line_1_68' title="bbox 1879 2793 3445 2866; baseline -0.001 -17"><span class='ocrx_word' id='word_1_431' title='bbox 1879 2797 1991 2862; x_wconf 81' lang='grc' dir='ltr'><strong>ΑΥ,</strong></span> <span class='ocrx_word' id='word_1_432' title='bbox 2022 2809 2183 2866; x_wconf 88' lang='lat' dir='ltr'><strong>atque</strong></span> <span class='ocrx_word' id='word_1_433' title='bbox 2218 2806 2370 2866; x_wconf 89' lang='lat' dir='ltr'><strong>putat</strong></span> <span class='ocrx_word' id='word_1_434' title='bbox 2396 2796 2609 2851; x_wconf 75' lang='lat' dir='ltr'><strong>Severze</strong></span> <span class='ocrx_word' id='word_1_435' title='bbox 2636 2794 2869 2864; x_wconf 79' lang='lat' dir='ltr'><strong>Philippi</strong></span> <span class='ocrx_word' id='word_1_436' title='bbox 2895 2793 3088 2848; x_wconf 83' lang='lat' dir='ltr'><strong>Arabis</strong></span> <span class='ocrx_word' id='word_1_437' title='bbox 3121 2794 3275 2848; x_wconf 78' lang='lat' dir='ltr'><strong>uxori</strong></span> <span class='ocrx_word' id='word_1_438' title='bbox 3305 2794 3445 2848; x_wconf 89' lang='lat' dir='ltr'><strong>hanc</strong></span> 
     </span>
    </p>
   </div>
   <div class='ocr_carea' id='block_1_68' title="bbox 1878 2889 2546 2959">
    <p class='ocr_par' dir='ltr' id='par_1_68' title="bbox 1878 2889 2546 2959">
     <span class='ocr_line' id='line_1_69' title="bbox 1878 2889 2546 2959; baseline -0.001 -16"><span class='ocrx_word' id='word_1_439' title='bbox 1878 2889 2166 2959; x_wconf 80' lang='lat' dir='ltr'><strong>epistulam</strong></span> <span class='ocrx_word' id='word_1_440' title='bbox 2203 2890 2383 2942; x_wconf 82' lang='lat' dir='ltr'><strong>datam</strong></span> <span class='ocrx_word' id='word_1_441' title='bbox 2406 2904 2546 2942; x_wconf 87' lang='lat' dir='ltr'><strong>esse.</strong></span> 
     </span>
    </p>
   </div>
   <div class='ocr_carea' id='block_1_69' title="bbox 1964 3023 3446 3093">
    <p class='ocr_par' dir='ltr' id='par_1_69' title="bbox 1964 3023 3446 3093">
     <span class='ocr_line' id='line_1_70' title="bbox 1964 3023 3446 3093; baseline -0.001 -14"><span class='ocrx_word' id='word_1_442' title='bbox 1964 3024 2140 3079; x_wconf 76' lang='grc' dir='ltr'><strong>Ὠιδαὶ</strong></span> <span class='ocrx_word' id='word_1_443' title='bbox 2173 3027 2260 3091; x_wconf 76' lang='grc' dir='ltr'><strong>εἰς</strong></span> <span class='ocrx_word' id='word_1_444' title='bbox 2291 3026 2492 3091; x_wconf 83' lang='grc' dir='ltr'><em>πάσας</em></span> <span class='ocrx_word' id='word_1_445' title='bbox 2520 3024 2769 3093; x_wconf 54' lang='lat' dir='ltr'><strong>magae.</strong></span> <span class='ocrx_word' id='word_1_446' title='bbox 2804 3023 2998 3079; x_wconf 85' lang='lat' dir='ltr'><strong>Mirum</strong></span> <span class='ocrx_word' id='word_1_447' title='bbox 3028 3025 3261 3088; x_wconf 89' lang='lat' dir='ltr'><strong>videtur,</strong></span> <span class='ocrx_word' id='word_1_448' title='bbox 3302 3024 3446 3093; x_wconf 87' lang='lat' dir='ltr'><strong>quod</strong></span> 
     </span>
    </p>
   </div>
   <div class='ocr_carea' id='block_1_70' title="bbox 1883 3116 3447 3186">
    <p class='ocr_par' dir='ltr' id='par_1_70' title="bbox 1883 3116 3447 3186">
     <span class='ocr_line' id='line_1_71' title="bbox 1883 3116 3447 3186; baseline 0.001 -17"><span class='ocrx_word' id='word_1_449' title='bbox 1883 3125 2069 3170; x_wconf 86' lang='lat' dir='ltr'><strong>noster</strong></span> <span class='ocrx_word' id='word_1_450' title='bbox 2101 3116 2300 3170; x_wconf 91' lang='lat' dir='ltr'><strong>dicitur</strong></span> <span class='ocrx_word' id='word_1_451' title='bbox 2337 3116 2404 3170; x_wconf 89' lang='lat' dir='ltr'><strong>de</strong></span> <span class='ocrx_word' id='word_1_452' title='bbox 2442 3125 2553 3169; x_wconf 89' lang='lat' dir='ltr'><strong>tota</strong></span> <span class='ocrx_word' id='word_1_453' title='bbox 2591 3133 2744 3170; x_wconf 87' lang='lat' dir='ltr'><strong>sacra</strong></span> <span class='ocrx_word' id='word_1_454' title='bbox 2778 3117 3056 3186; x_wconf 89' lang='lat' dir='ltr'><strong>Scriptura</strong></span> <span class='ocrx_word' id='word_1_455' title='bbox 3102 3118 3185 3172; x_wconf 88' lang='lat' dir='ltr'><strong>vel</strong></span> <span class='ocrx_word' id='word_1_456' title='bbox 3214 3118 3279 3171; x_wconf 90' lang='lat' dir='ltr'><strong>de</strong></span> <span class='ocrx_word' id='word_1_457' title='bbox 3306 3134 3447 3186; x_wconf 89' lang='lat' dir='ltr'><strong>quo-</strong></span> 
     </span>
    </p>
   </div>
   <div class='ocr_carea' id='block_1_71' title="bbox 1885 3207 3451 3279">
    <p class='ocr_par' dir='ltr' id='par_1_71' title="bbox 1885 3207 3451 3279">
     <span class='ocr_line' id='line_1_72' title="bbox 1885 3207 3451 3279; baseline 0.001 -17"><span class='ocrx_word' id='word_1_458' title='bbox 1885 3223 1990 3276; x_wconf 85' lang='lat' dir='ltr'><strong>que</strong></span> <span class='ocrx_word' id='word_1_459' title='bbox 2022 3207 2143 3277; x_wconf 89' lang='lat' dir='ltr'><strong>ejus</strong></span> <span class='ocrx_word' id='word_1_460' title='bbox 2187 3208 2327 3261; x_wconf 88' lang='lat' dir='ltr'><strong>libro</strong></span> <span class='ocrx_word' id='word_1_461' title='bbox 2374 3208 2629 3262; x_wconf 89' lang='lat' dir='ltr'><strong>bomilias</strong></span> <span class='ocrx_word' id='word_1_462' title='bbox 2671 3208 2950 3264; x_wconf 77' lang='lat' dir='ltr'><strong>habuisse.</strong></span> <span class='ocrx_word' id='word_1_463' title='bbox 2988 3208 3175 3279; x_wconf 84' lang='lat' dir='ltr'><strong>itaque</strong></span> <span class='ocrx_word' id='word_1_464' title='bbox 3218 3211 3451 3279; x_wconf 85' lang='lat' dir='ltr'><strong>coujecit</strong></span> 
     </span>
    </p>
   </div>
   <div class='ocr_carea' id='block_1_72' title="bbox 1888 3298 3450 3371">
    <p class='ocr_par' dir='ltr' id='par_1_72' title="bbox 1888 3298 3450 3371">
     <span class='ocr_line' id='line_1_73' title="bbox 1888 3298 3450 3371; baseline 0 -18"><span class='ocrx_word' id='word_1_465' title='bbox 1888 3299 2195 3369; x_wconf 89' lang='lat' dir='ltr'><strong>Stephanus</strong></span> <span class='ocrx_word' id='word_1_466' title='bbox 2226 3298 2338 3371; x_wconf 73' lang='lat'><strong>(82)</strong></span> <span class='ocrx_word' id='word_1_467' title='bbox 2375 3298 2509 3369; x_wconf 78' lang='grc' dir='ltr'>ᾠδαὶ</span> <span class='ocrx_word' id='word_1_468' title='bbox 2552 3302 2632 3362; x_wconf 71' lang='grc' dir='ltr'>εἰς</span> <span class='ocrx_word' id='word_1_469' title='bbox 2674 3300 2853 3364; x_wconf 80' lang='grc' dir='ltr'>πάσας</span> <span class='ocrx_word' id='word_1_470' title='bbox 2898 3300 3154 3371; x_wconf 78' lang='grc' dir='ltr'>αἱρέσεις.</span> <span class='ocrx_word' id='word_1_471' title='bbox 3184 3298 3339 3365; x_wconf 85' lang='lat' dir='ltr'><strong>Quod</strong></span> <span class='ocrx_word' id='word_1_472' title='bbox 3370 3301 3450 3353; x_wconf 87' lang='lat' dir='ltr'><strong>vi-</strong></span> 
     </span>
    </p>
   </div>
   <div class='ocr_carea' id='block_1_73' title="bbox 1887 3395 3453 3466">
    <p class='ocr_par' dir='ltr' id='par_1_73' title="bbox 1887 3395 3453 3466">
     <span class='ocr_line' id='line_1_74' title="bbox 1887 3395 3453 3466; baseline 0.001 -17"><span class='ocrx_word' id='word_1_473' title='bbox 1887 3404 2102 3465; x_wconf 86' lang='lat' dir='ltr'><strong>tuperat</strong></span> <span class='ocrx_word' id='word_1_474' title='bbox 2129 3395 2271 3450; x_wconf 83' lang='lat' dir='ltr'><strong>Cave</strong></span> <span class='ocrx_word' id='word_1_475' title='bbox 2301 3395 2412 3464; x_wconf 79' lang='lat'><strong>(85)</strong></span> <span class='ocrx_word' id='word_1_476' title='bbox 2443 3406 2640 3465; x_wconf 90' lang='lat' dir='ltr'><strong>putans</strong></span> <span class='ocrx_word' id='word_1_477' title='bbox 2683 3396 2787 3450; x_wconf 76' lang='lat' dir='ltr'><strong>ista</strong></span> <span class='ocrx_word' id='word_1_478' title='bbox 2827 3396 3037 3451; x_wconf 91' lang='lat' dir='ltr'><strong>ratione</strong></span> <span class='ocrx_word' id='word_1_479' title='bbox 3069 3398 3332 3466; x_wconf 92' lang='lat' dir='ltr'><strong>quadrata</strong></span> <span class='ocrx_word' id='word_1_480' title='bbox 3364 3411 3453 3450; x_wconf 92' lang='lat' dir='ltr'><strong>ro-</strong></span> 
     </span>
    </p>
   </div>
   <div class='ocr_carea' id='block_1_74' title="bbox 1888 3486 3452 3559">
    <p class='ocr_par' dir='ltr' id='par_1_74' title="bbox 1888 3486 3452 3559">
     <span class='ocr_line' id='line_1_75' title="bbox 1888 3486 3452 3559; baseline -0.001 -16"><span class='ocrx_word' id='word_1_481' title='bbox 1888 3489 2071 3543; x_wconf 91' lang='lat' dir='ltr'><strong>tundis</strong></span> <span class='ocrx_word' id='word_1_482' title='bbox 2098 3489 2391 3558; x_wconf 90' lang='lat' dir='ltr'><strong>permutari</strong></span> <span class='ocrx_word' id='word_1_483' title='bbox 2424 3489 2674 3545; x_wconf 80' lang='lat' dir='ltr'><strong>facillime</strong></span> <span class='ocrx_word' id='word_1_484' title='bbox 2700 3504 2877 3558; x_wconf 89' lang='lat' dir='ltr'><strong>posse.</strong></span> <span class='ocrx_word' id='word_1_485' title='bbox 2906 3486 3099 3559; x_wconf 78' lang='lat' dir='ltr'><strong>Negari</strong></span> <span class='ocrx_word' id='word_1_486' title='bbox 3130 3498 3311 3542; x_wconf 87' lang='lat' dir='ltr'><strong>tamen</strong></span> <span class='ocrx_word' id='word_1_487' title='bbox 3341 3504 3452 3542; x_wconf 87' lang='lat' dir='ltr'><strong>non</strong></span> 
     </span>
    </p>
   </div>
   <div class='ocr_carea' id='block_1_75' title="bbox 1889 3581 3455 3652">
    <p class='ocr_par' dir='ltr' id='par_1_75' title="bbox 1889 3581 3455 3652">
     <span class='ocr_line' id='line_1_76' title="bbox 1889 3581 3455 3652; baseline -0.001 -16"><span class='ocrx_word' id='word_1_488' title='bbox 1889 3592 2087 3652; x_wconf 88' lang='lat' dir='ltr'><strong>potest,</strong></span> <span class='ocrx_word' id='word_1_489' title='bbox 2118 3583 2527 3637; x_wconf 83' lang='lat' dir='ltr'><strong>similitudinem</strong></span> <span class='ocrx_word' id='word_1_490' title='bbox 2574 3597 2695 3637; x_wconf 89' lang='lat' dir='ltr'><strong>esse</strong></span> <span class='ocrx_word' id='word_1_491' title='bbox 2740 3582 2881 3635; x_wconf 90' lang='lat' dir='ltr'><strong>inter</strong></span> <span class='ocrx_word' id='word_1_492' title='bbox 2918 3582 3123 3635; x_wconf 87' lang='lat' dir='ltr'><strong>litteras</strong></span> <span class='ocrx_word' id='word_1_493' title='bbox 3167 3581 3455 3649; x_wconf 87' lang='lat' dir='ltr'><strong>utriusque</strong></span> 
     </span>
    </p>
   </div>
   <div class='ocr_carea' id='block_1_76' title="bbox 1889 3673 3455 3749">
    <p class='ocr_par' dir='ltr' id='par_1_76' title="bbox 1889 3673 3455 3749">
     <span class='ocr_line' id='line_1_77' title="bbox 1889 3673 3455 3749; baseline 0 -24"><span class='ocrx_word' id='word_1_494' title='bbox 1889 3676 2037 3749; x_wconf 80' lang='lat' dir='ltr'><strong>verb&#39;i</strong></span> <span class='ocrx_word' id='word_1_495' title='bbox 2083 3684 2310 3741; x_wconf 88' lang='lat' dir='ltr'><strong>tantam,</strong></span> <span class='ocrx_word' id='word_1_496' title='bbox 2342 3685 2399 3730; x_wconf 88' lang='lat' dir='ltr'><strong>ut</strong></span> <span class='ocrx_word' id='word_1_497' title='bbox 2427 3675 2519 3743; x_wconf 86' lang='lat' dir='ltr'><strong>qui</strong></span> <span class='ocrx_word' id='word_1_498' title='bbox 2550 3675 2759 3744; x_wconf 91' lang='lat' dir='ltr'><strong>primus</strong></span> <span class='ocrx_word' id='word_1_499' title='bbox 2800 3673 2966 3729; x_wconf 88' lang='lat' dir='ltr'><strong>edidit</strong></span> <span class='ocrx_word' id='word_1_500' title='bbox 3003 3673 3329 3741; x_wconf 78' lang='lat' dir='ltr'><strong>catalogum,</strong></span> <span class='ocrx_word' id='word_1_501' title='bbox 3363 3673 3455 3725; x_wconf 83' lang='lat' dir='ltr'><strong>lit-</strong></span> 
     </span>
    </p>
   </div>
   <div class='ocr_carea' id='block_1_77' title="bbox 1895 3765 3456 3835">
    <p class='ocr_par' dir='ltr' id='par_1_77' title="bbox 1895 3765 3456 3835">
     <span class='ocr_line' id='line_1_78' title="bbox 1895 3765 3456 3835; baseline -0.001 -15"><span class='ocrx_word' id='word_1_502' title='bbox 1895 3766 2025 3821; x_wconf 89' lang='lat' dir='ltr'><strong>teris</strong></span> <span class='ocrx_word' id='word_1_503' title='bbox 2057 3766 2111 3820; x_wconf 92' lang='lat' dir='ltr'><strong>in</strong></span> <span class='ocrx_word' id='word_1_504' title='bbox 2150 3776 2327 3822; x_wconf 89' lang='lat' dir='ltr'><strong>statua</strong></span> <span class='ocrx_word' id='word_1_505' title='bbox 2361 3766 2592 3830; x_wconf 84' lang='lat' dir='ltr'><strong>detritis,</strong></span> <span class='ocrx_word' id='word_1_506' title='bbox 2635 3780 2823 3819; x_wconf 88' lang='lat' dir='ltr'><strong>errore</strong></span> <span class='ocrx_word' id='word_1_507' title='bbox 2864 3766 3120 3835; x_wconf 88' lang='lat' dir='ltr'><strong>deceptus</strong></span> <span class='ocrx_word' id='word_1_508' title='bbox 3170 3765 3258 3819; x_wconf 89' lang='lat' dir='ltr'><strong>illa</strong></span> <span class='ocrx_word' id='word_1_509' title='bbox 3293 3765 3456 3819; x_wconf 83' lang='lat' dir='ltr'><strong>verba</strong></span> 
     </span>
    </p>
   </div>
   <div class='ocr_carea' id='block_1_78' title="bbox 1892 3856 3459 3927">
    <p class='ocr_par' dir='ltr' id='par_1_78' title="bbox 1892 3856 3459 3927">
     <span class='ocr_line' id='line_1_79' title="bbox 1892 3856 3459 3927; baseline -0.001 -15"><span class='ocrx_word' id='word_1_510' title='bbox 1892 3858 2051 3914; x_wconf 81' lang='lat' dir='ltr'><strong>facile</strong></span> <span class='ocrx_word' id='word_1_511' title='bbox 2080 3869 2419 3914; x_wconf 91' lang='lat' dir='ltr'><strong>commutare</strong></span> <span class='ocrx_word' id='word_1_512' title='bbox 2457 3867 2657 3927; x_wconf 88' lang='lat' dir='ltr'><strong>posset.</strong></span> <span class='ocrx_word' id='word_1_513' title='bbox 2696 3858 2800 3911; x_wconf 85' lang='lat' dir='ltr'><strong>Pro</strong></span> <span class='ocrx_word' id='word_1_514' title='bbox 2840 3856 2983 3927; x_wconf 73' lang='grc' dir='ltr'><strong>ᾠδὰς</strong></span> <span class='ocrx_word' id='word_1_515' title='bbox 3022 3859 3102 3921; x_wconf 76' lang='grc' dir='ltr'><strong>εἰς</strong></span> <span class='ocrx_word' id='word_1_516' title='bbox 3134 3857 3311 3925; x_wconf 78' lang='lat' dir='ltr'><strong>legere</strong></span> <span class='ocrx_word' id='word_1_517' title='bbox 3342 3857 3459 3910; x_wconf 87' lang='lat' dir='ltr'><strong>vult</strong></span> 
     </span>
    </p>
   </div>
   <div class='ocr_carea' id='block_1_79' title="bbox 1817 3948 3457 4021">
    <p class='ocr_par' dir='ltr' id='par_1_79' title="bbox 1817 3948 3457 4021">
     <span class='ocr_line' id='line_1_80' title="bbox 1817 3948 3457 4021; baseline -0.001 -17"><span class='ocrx_word' id='word_1_518' title='bbox 1817 3951 2038 4018; x_wconf 81' lang='lat' dir='ltr'><strong>cidem</strong></span> <span class='ocrx_word' id='word_1_519' title='bbox 2090 3949 2397 4020; x_wconf 84' lang='lat' dir='ltr'><strong>Stephanus</strong></span> <span class='ocrx_word' id='word_1_520' title='bbox 2445 3950 2602 4021; x_wconf 81' lang='grc' dir='ltr'>πρός,</span> <span class='ocrx_word' id='word_1_521' title='bbox 2656 3950 2728 4003; x_wconf 88' lang='lat' dir='ltr'><strong>ita</strong></span> <span class='ocrx_word' id='word_1_522' title='bbox 2780 3958 2839 4003; x_wconf 92' lang='lat' dir='ltr'><strong>ut</strong></span> <span class='ocrx_word' id='word_1_523' title='bbox 2890 3958 3034 4003; x_wconf 91' lang='lat' dir='ltr'><strong>totus</strong></span> <span class='ocrx_word' id='word_1_524' title='bbox 3075 3957 3231 4003; x_wconf 89' lang='lat' dir='ltr'><strong>sonet</strong></span> <span class='ocrx_word' id='word_1_525' title='bbox 3270 3948 3457 4002; x_wconf 90' lang='lat' dir='ltr'><strong>titulus</strong></span> 
     </span>
    </p>
   </div>
   <div class='ocr_carea' id='block_1_80' title="bbox 1897 4037 3459 4113">
    <p class='ocr_par' dir='ltr' id='par_1_80' title="bbox 1897 4037 3459 4113">
     <span class='ocr_line' id='line_1_81' title="bbox 1897 4037 3459 4113; baseline -0.003 -20"><span class='ocrx_word' id='word_1_526' title='bbox 1897 4040 2032 4113; x_wconf 79' lang='grc' dir='ltr'><strong>πρὸς</strong></span> <span class='ocrx_word' id='word_1_527' title='bbox 2066 4040 2244 4103; x_wconf 82' lang='grc' dir='ltr'>πάσας</span> <span class='ocrx_word' id='word_1_528' title='bbox 2278 4038 2376 4103; x_wconf 83' lang='grc' dir='ltr'><strong>τὰς</strong></span> <span class='ocrx_word' id='word_1_529' title='bbox 2419 4039 2677 4111; x_wconf 81' lang='grc' dir='ltr'><strong>αἱρέσεις.</strong></span> <span class='ocrx_word' id='word_1_530' title='bbox 2717 4039 2873 4107; x_wconf 80' lang='lat' dir='ltr'><strong>Quod</strong></span> <span class='ocrx_word' id='word_1_531' title='bbox 2916 4039 3133 4107; x_wconf 89' lang='lat' dir='ltr'><strong>quidem</strong></span> <span class='ocrx_word' id='word_1_532' title='bbox 3168 4037 3459 4108; x_wconf 84' lang='lat' dir='ltr'><strong>sagacissi-</strong></span> 
     </span>
    </p>
   </div>
   <div class='ocr_carea' id='block_1_81' title="bbox 1898 4129 3457 4200">
    <p class='ocr_par' dir='ltr' id='par_1_81' title="bbox 1898 4129 3457 4200">
     <span class='ocr_line' id='line_1_82' title="bbox 1898 4129 3457 4200; baseline -0.003 -14"><span class='ocrx_word' id='word_1_533' title='bbox 1898 4147 2085 4198; x_wconf 83' lang='lat' dir='ltr'><strong>mum;</strong></span> <span class='ocrx_word' id='word_1_534' title='bbox 2135 4131 2238 4200; x_wconf 86' lang='lat' dir='ltr'><strong>ipsi</strong></span> <span class='ocrx_word' id='word_1_535' title='bbox 2283 4139 2462 4184; x_wconf 89' lang='lat' dir='ltr'><strong>tamen</strong></span> <span class='ocrx_word' id='word_1_536' title='bbox 2496 4145 2609 4183; x_wconf 86' lang='lat' dir='ltr'><strong>rem</strong></span> <span class='ocrx_word' id='word_1_537' title='bbox 2659 4130 2713 4185; x_wconf 91' lang='lat' dir='ltr'><strong>in</strong></span> <span class='ocrx_word' id='word_1_538' title='bbox 2768 4144 3033 4199; x_wconf 88' lang='lat' dir='ltr'><strong>suspenso</strong></span> <span class='ocrx_word' id='word_1_539' title='bbox 3074 4129 3457 4198; x_wconf 90' lang='lat' dir='ltr'><strong>relinquimus,</strong></span> 
     </span>
    </p>
   </div>
   <div class='ocr_carea' id='block_1_82' title="bbox 1895 4220 3457 4291">
    <p class='ocr_par' dir='ltr' id='par_1_82' title="bbox 1895 4220 3457 4291">
     <span class='ocr_line' id='line_1_83' title="bbox 1895 4220 3457 4291; baseline -0.004 -12"><span class='ocrx_word' id='word_1_540' title='bbox 1895 4240 2019 4279; x_wconf 91' lang='lat' dir='ltr'><strong>cum</strong></span> <span class='ocrx_word' id='word_1_541' title='bbox 2055 4223 2212 4278; x_wconf 91' lang='lat' dir='ltr'><strong>nobis</strong></span> <span class='ocrx_word' id='word_1_542' title='bbox 2252 4238 2357 4276; x_wconf 94' lang='lat' dir='ltr'><strong>non</strong></span> <span class='ocrx_word' id='word_1_543' title='bbox 2392 4222 2551 4277; x_wconf 88' lang='lat' dir='ltr'><strong>liceat</strong></span> <span class='ocrx_word' id='word_1_544' title='bbox 2583 4231 2814 4277; x_wconf 90' lang='lat' dir='ltr'><strong>statuam</strong></span> <span class='ocrx_word' id='word_1_545' title='bbox 2860 4222 3032 4291; x_wconf 78' lang='lat' dir='ltr'><strong>ipsam</strong></span> <span class='ocrx_word' id='word_1_546' title='bbox 3066 4230 3118 4275; x_wconf 92' lang='lat' dir='ltr'><strong>et</strong></span> <span class='ocrx_word' id='word_1_547' title='bbox 3154 4220 3457 4291; x_wconf 80' lang='lat' dir='ltr'><strong>catalogum</strong></span> 
     </span>
    </p>
   </div>
   <div class='ocr_carea' id='block_1_83' title="bbox 1896 4313 2726 4386">
    <p class='ocr_par' dir='ltr' id='par_1_83' title="bbox 1896 4313 2726 4386">
     <span class='ocr_line' id='line_1_84' title="bbox 1896 4313 2726 4386; baseline -0.001 -16"><span class='ocrx_word' id='word_1_548' title='bbox 1896 4317 1949 4371; x_wconf 90' lang='lat' dir='ltr'><strong>in</strong></span> <span class='ocrx_word' id='word_1_549' title='bbox 1979 4331 2043 4372; x_wconf 92' lang='lat' dir='ltr'><strong>ea</strong></span> <span class='ocrx_word' id='word_1_550' title='bbox 2070 4315 2409 4386; x_wconf 79' lang='lat' dir='ltr'><strong>designatum</strong></span> <span class='ocrx_word' id='word_1_551' title='bbox 2440 4313 2726 4385; x_wconf 86' lang='lat' dir='ltr'><strong>inspicere.</strong></span> 
     </span>
    </p>
   </div>
   <div class='ocr_carea' id='block_1_84' title="bbox 1973 4445 3462 4521">
    <p class='ocr_par' dir='ltr' id='par_1_84' title="bbox 1973 4445 3462 4521">
     <span class='ocr_line' id='line_1_85' title="bbox 1973 4445 3462 4521; baseline -0.007 -13"><span class='ocrx_word' id='word_1_552' title='bbox 1973 4449 2046 4508; x_wconf 87' lang='lat' dir='ltr'><strong>Ut</strong></span> <span class='ocrx_word' id='word_1_553' title='bbox 2070 4451 2229 4521; x_wconf 90' lang='lat' dir='ltr'><strong>plane</strong></span> <span class='ocrx_word' id='word_1_554' title='bbox 2268 4464 2523 4505; x_wconf 81' lang='lat' dir='ltr'><strong>mancum</strong></span> <span class='ocrx_word' id='word_1_555' title='bbox 2568 4458 2731 4519; x_wconf 91' lang='lat' dir='ltr'><strong>atque</strong></span> <span class='ocrx_word' id='word_1_556' title='bbox 2763 4456 3079 4517; x_wconf 90' lang='lat' dir='ltr'><strong>corruptum</strong></span> <span class='ocrx_word' id='word_1_557' title='bbox 3108 4461 3229 4501; x_wconf 89' lang='lat' dir='ltr'><strong>esse</strong></span> <span class='ocrx_word' id='word_1_558' title='bbox 3258 4445 3462 4501; x_wconf 86' lang='lat' dir='ltr'><strong>catalo-</strong></span> 
     </span>
    </p>
   </div>
   <div class='ocr_carea' id='block_1_85' title="bbox 1901 4540 3463 4617">
    <p class='ocr_par' dir='ltr' id='par_1_85' title="bbox 1901 4540 3463 4617">
     <span class='ocr_line' id='line_1_86' title="bbox 1901 4540 3463 4617; baseline -0.006 -19"><span class='ocrx_word' id='word_1_559' title='bbox 1901 4560 2028 4617; x_wconf 89' lang='lat' dir='ltr'><strong>gum</strong></span> <span class='ocrx_word' id='word_1_560' title='bbox 2063 4544 2118 4597; x_wconf 92' lang='lat' dir='ltr'><strong>in</strong></span> <span class='ocrx_word' id='word_1_561' title='bbox 2155 4550 2334 4598; x_wconf 89' lang='lat' dir='ltr'><strong>statua</strong></span> <span class='ocrx_word' id='word_1_562' title='bbox 2379 4542 2721 4611; x_wconf 85' lang='lat' dir='ltr'><strong>designatum</strong></span> <span class='ocrx_word' id='word_1_563' title='bbox 2758 4540 3150 4609; x_wconf 84' lang='lat' dir='ltr'><strong>intelligamus,</strong></span> <span class='ocrx_word' id='word_1_564' title='bbox 3178 4553 3300 4592; x_wconf 92' lang='lat' dir='ltr'><strong>eum</strong></span> <span class='ocrx_word' id='word_1_565' title='bbox 3328 4552 3463 4591; x_wconf 89' lang='lat' dir='ltr'><strong>con-</strong></span> 
     </span>
    </p>
   </div>
   <div class='ocr_carea' id='block_1_86' title="bbox 1900 4631 3460 4706">
    <p class='ocr_par' dir='ltr' id='par_1_86' title="bbox 1900 4631 3460 4706">
     <span class='ocr_line' id='line_1_87' title="bbox 1900 4631 3460 4706; baseline -0.006 -15"><span class='ocrx_word' id='word_1_566' title='bbox 1900 4638 2045 4692; x_wconf 75' lang='lat' dir='ltr'><strong>ferre</strong></span> <span class='ocrx_word' id='word_1_567' title='bbox 2086 4636 2264 4706; x_wconf 88' lang='lat' dir='ltr'><strong>placet</strong></span> <span class='ocrx_word' id='word_1_568' title='bbox 2311 4649 2437 4689; x_wconf 84' lang='lat' dir='ltr'><strong>eum</strong></span> <span class='ocrx_word' id='word_1_569' title='bbox 2486 4633 2750 4703; x_wconf 87' lang='lat' dir='ltr'><strong>catalogis</strong></span> <span class='ocrx_word' id='word_1_570' title='bbox 2788 4633 2959 4687; x_wconf 88' lang='lat' dir='ltr'><strong>nostri</strong></span> <span class='ocrx_word' id='word_1_571' title='bbox 2988 4631 3271 4696; x_wconf 89' lang='lat' dir='ltr'><strong>librorum,</strong></span> <span class='ocrx_word' id='word_1_572' title='bbox 3300 4642 3460 4699; x_wconf 78' lang='lat' dir='ltr'><strong>quem</strong></span> 
     </span>
    </p>
   </div>
   <div class='ocr_carea' id='block_1_87' title="bbox 1902 4723 3217 4797">
    <p class='ocr_par' dir='ltr' id='par_1_87' title="bbox 1902 4723 3217 4797">
     <span class='ocr_line' id='line_1_88' title="bbox 1902 4723 3217 4797; baseline -0.005 -14"><span class='ocrx_word' id='word_1_573' title='bbox 1902 4726 2211 4783; x_wconf 90' lang='lat' dir='ltr'><strong>invenimus</strong></span> <span class='ocrx_word' id='word_1_574' title='bbox 2237 4727 2378 4797; x_wconf 90' lang='lat' dir='ltr'><strong>apud</strong></span> <span class='ocrx_word' id='word_1_575' title='bbox 2404 4724 2697 4781; x_wconf 82' lang='lat' dir='ltr'><strong>Eusebium</strong></span> <span class='ocrx_word' id='word_1_576' title='bbox 2730 4733 2784 4779; x_wconf 90' lang='lat' dir='ltr'><strong>et</strong></span> <span class='ocrx_word' id='word_1_577' title='bbox 2811 4723 3217 4795; x_wconf 79' lang='lat' dir='ltr'><strong>Hieronymum.</strong></span> 
     </span>
    </p>
   </div>
   <div class='ocr_carea' id='block_1_88' title="bbox 1908 5014 3463 5087">
    <p class='ocr_par' dir='ltr' id='par_1_88' title="bbox 1908 5014 3463 5087">
     <span class='ocr_line' id='line_1_89' title="bbox 1908 5014 3463 5087; baseline 0 -18"><span class='ocrx_word' id='word_1_578' title='bbox 1908 5019 2015 5073; x_wconf 84' lang='lat' dir='ltr'><strong>vol.</strong></span> <span class='ocrx_word' id='word_1_579' title='bbox 2054 5020 2094 5085; x_wconf 90' lang='lat' dir='ltr'><strong>l,</strong></span> <span class='ocrx_word' id='word_1_580' title='bbox 2123 5020 2175 5073; x_wconf 91' lang='lat' dir='ltr'><strong>in</strong></span> <span class='ocrx_word' id='word_1_581' title='bbox 2211 5019 2319 5074; x_wconf 88' lang='lat' dir='ltr'><strong>tab.</strong></span> <span class='ocrx_word' id='word_1_582' title='bbox 2360 5035 2418 5081; x_wconf 84' lang='grc' dir='ltr'><strong>ιι,</strong></span> <span class='ocrx_word' id='word_1_583' title='bbox 2458 5034 2519 5085; x_wconf 86' lang='lat' dir='ltr'><strong>a,</strong></span> <span class='ocrx_word' id='word_1_584' title='bbox 2557 5025 2680 5087; x_wconf 87' lang='lat' dir='ltr'><strong>post</strong></span> <span class='ocrx_word' id='word_1_585' title='bbox 2729 5032 2784 5087; x_wconf 88' lang='lat' dir='ltr'><strong>p.</strong></span> <span class='ocrx_word' id='word_1_586' title='bbox 2821 5015 2909 5086; x_wconf 81' lang='grc'><strong>56)</strong></span> <span class='ocrx_word' id='word_1_587' title='bbox 2933 5060 2946 5084; x_wconf 91' lang='grc'>,</span> <span class='ocrx_word' id='word_1_588' title='bbox 2979 5014 3252 5086; x_wconf 85' lang='lat' dir='ltr'><strong>Cave.(De</strong></span> <span class='ocrx_word' id='word_1_589' title='bbox 3286 5017 3463 5086; x_wconf 79' lang='lat' dir='ltr'><strong>script.</strong></span> 
     </span>
    </p>
   </div>
   <div class='ocr_carea' id='block_1_89' title="bbox 1906 5088 2525 5159">
    <p class='ocr_par' dir='ltr' id='par_1_89' title="bbox 1906 5088 2525 5159">
     <span class='ocr_line' id='line_1_90' title="bbox 1906 5088 2525 5159; baseline -0.003 -16"><span class='ocrx_word' id='word_1_590' title='bbox 1906 5091 2059 5155; x_wconf 74' lang='grc' dir='ltr'><strong>εει-1.,</strong></span> <span class='ocrx_word' id='word_1_591' title='bbox 2096 5091 2200 5144; x_wconf 82' lang='lat' dir='ltr'><strong>vol.</strong></span> <span class='ocrx_word' id='word_1_592' title='bbox 2227 5093 2269 5154; x_wconf 90' lang='lat'><strong>1,</strong></span> <span class='ocrx_word' id='word_1_593' title='bbox 2302 5107 2355 5159; x_wconf 90' lang='lat' dir='ltr'><strong>p.</strong></span> <span class='ocrx_word' id='word_1_594' title='bbox 2382 5088 2525 5158; x_wconf 70' lang='lat'><strong>104).</strong></span> 
     </span>
    </p>
   </div>
   <div class='ocr_carea' id='block_1_90' title="bbox 1978 5174 3469 5322">
    <p class='ocr_par' dir='ltr' id='par_1_90' title="bbox 1978 5174 3469 5322">
     <span class='ocr_line' id='line_1_91' title="bbox 1978 5174 3469 5322; baseline -0.004 -89"><span class='ocrx_word' id='word_1_595' title='bbox 1978 5182 2090 5322; x_wconf 50' lang='grc' dir='ltr'><strong>(ξῶ)</strong></span> <span class='ocrx_word' id='word_1_596' title='bbox 2128 5179 2189 5236; x_wconf 87' lang='lat' dir='ltr'><strong>In</strong></span> <span class='ocrx_word' id='word_1_597' title='bbox 2214 5195 2475 5237; x_wconf 88' lang='lat' dir='ltr'><strong>canonetn</strong></span> <span class='ocrx_word' id='word_1_598' title='bbox 2509 5181 2697 5249; x_wconf 88' lang='lat' dir='ltr'><strong>pasch.</strong></span> <span class='ocrx_word' id='word_1_599' title='bbox 2732 5178 2890 5249; x_wconf 87' lang='lat' dir='ltr'><strong>Hipp.</strong></span> <span class='ocrx_word' id='word_1_600' title='bbox 2912 5176 3070 5250; x_wconf 87' lang='lat' dir='ltr'><strong>(apud</strong></span> <span class='ocrx_word' id='word_1_601' title='bbox 3095 5177 3401 5242; x_wconf 88' lang='lat' dir='ltr'><strong>Fabr.,vol.</strong></span> <span class='ocrx_word' id='word_1_602' title='bbox 3428 5174 3469 5243; x_wconf 83' lang='grc' dir='ltr'><strong>Ι,</strong></span> 
     </span>
    </p>
   </div>
   <div class='ocr_carea' id='block_1_91' title="bbox 1908 5268 2102 5324">
    <p class='ocr_par' dir='ltr' id='par_1_91' title="bbox 1908 5268 2102 5324">
     <span class='ocr_line' id='line_1_92' title="bbox 1908 5268 2102 5324; baseline 0 -17"><span class='ocrx_word' id='word_1_603' title='bbox 1908 5268 1960 5324; x_wconf 83' lang='grc' dir='ltr'><strong>ρ.</strong></span> <span class='ocrx_word' id='word_1_604' title='bbox 1999 5268 2102 5322; x_wconf 77' lang='grc' dir='ltr'><strong>ιυ).</strong></span> 
     </span>
    </p>
   </div>
   <div class='ocr_carea' id='block_1_92' title="bbox 1980 5340 3331 5415">
    <p class='ocr_par' dir='ltr' id='par_1_92' title="bbox 1980 5340 3331 5415">
     <span class='ocr_line' id='line_1_93' title="bbox 1980 5340 3331 5415; baseline -0.002 -16"><span class='ocrx_word' id='word_1_605' title='bbox 1980 5344 2092 5415; x_wconf 89' lang='grc'>(80)</span> <span class='ocrx_word' id='word_1_606' title='bbox 2107 5343 2264 5400; x_wconf 83' lang='lat' dir='ltr'><strong>Conf.</strong></span> <span class='ocrx_word' id='word_1_607' title='bbox 2284 5353 2517 5398; x_wconf 89' lang='lat' dir='ltr'><strong>statuam</strong></span> <span class='ocrx_word' id='word_1_608' title='bbox 2532 5342 2866 5414; x_wconf 87' lang='lat' dir='ltr'><strong>designatam</strong></span> <span class='ocrx_word' id='word_1_609' title='bbox 2882 5342 3018 5411; x_wconf 89' lang='lat' dir='ltr'><strong>apud</strong></span> <span class='ocrx_word' id='word_1_610' title='bbox 3039 5356 3137 5398; x_wconf 90' lang='lat' dir='ltr'><strong>nos</strong></span> <span class='ocrx_word' id='word_1_611' title='bbox 3168 5340 3331 5397; x_wconf 69' lang='lat' dir='ltr'><strong>infra.</strong></span> 
     </span>
    </p>
   </div>
   <div class='ocr_carea' id='block_1_93' title="bbox 1986 5435 2948 5506">
    <p class='ocr_par' dir='ltr' id='par_1_93' title="bbox 1986 5435 2948 5506">
     <span class='ocr_line' id='line_1_94' title="bbox 1986 5435 2948 5506; baseline 0 -18"><span class='ocrx_word' id='word_1_612' title='bbox 1986 5437 2097 5505; x_wconf 77' lang='lat'><strong>(81)</strong></span> <span class='ocrx_word' id='word_1_613' title='bbox 2136 5436 2288 5506; x_wconf 85' lang='lat' dir='ltr'><strong>Apud</strong></span> <span class='ocrx_word' id='word_1_614' title='bbox 2323 5435 2536 5490; x_wconf 88' lang='lat' dir='ltr'><strong>Fabric.</strong></span> <span class='ocrx_word' id='word_1_615' title='bbox 2570 5437 2678 5490; x_wconf 92' lang='lat' dir='ltr'><strong>vol.</strong></span> <span class='ocrx_word' id='word_1_616' title='bbox 2701 5438 2744 5505; x_wconf 78' lang='grc' dir='ltr'><strong>ι,</strong></span> <span class='ocrx_word' id='word_1_617' title='bbox 2774 5453 2826 5506; x_wconf 90' lang='lat' dir='ltr'><strong>p.</strong></span> <span class='ocrx_word' id='word_1_618' title='bbox 2858 5435 2948 5489; x_wconf 88' lang='lat'><strong>81.</strong></span> 
     </span>
    </p>
   </div>
   <div class='ocr_carea' id='block_1_94' title="bbox 1987 5526 2557 5597">
    <p class='ocr_par' dir='ltr' id='par_1_94' title="bbox 1987 5526 2557 5597">
     <span class='ocr_line' id='line_1_95' title="bbox 1987 5526 2557 5597; baseline -0.002 -17"><span class='ocrx_word' id='word_1_619' title='bbox 1987 5527 2096 5597; x_wconf 72' lang='lat' dir='ltr'><strong>(se)</strong></span> <span class='ocrx_word' id='word_1_620' title='bbox 2122 5526 2183 5580; x_wconf 89' lang='lat' dir='ltr'><strong>L.</strong></span> <span class='ocrx_word' id='word_1_621' title='bbox 2224 5527 2284 5590; x_wconf 78' lang='lat'><strong>1.,</strong></span> <span class='ocrx_word' id='word_1_622' title='bbox 2320 5542 2372 5596; x_wconf 91' lang='lat' dir='ltr'><strong>p.</strong></span> <span class='ocrx_word' id='word_1_623' title='bbox 2402 5526 2557 5580; x_wconf 90' lang='lat'><strong>1088.</strong></span> 
     </span>
    </p>
   </div>
   <div class='ocr_carea' id='block_1_95' title="bbox 1991 5620 2771 5693">
    <p class='ocr_par' dir='ltr' id='par_1_95' title="bbox 1991 5620 2771 5693">
     <span class='ocr_line' id='line_1_96' title="bbox 1991 5620 2771 5693; baseline -0.003 -17"><span class='ocrx_word' id='word_1_624' title='bbox 1991 5622 2101 5693; x_wconf 78' lang='lat'><strong>(85)</strong></span> <span class='ocrx_word' id='word_1_625' title='bbox 2137 5622 2197 5676; x_wconf 92' lang='lat' dir='ltr'><strong>L.</strong></span> <span class='ocrx_word' id='word_1_626' title='bbox 2235 5622 2295 5691; x_wconf 89' lang='lat' dir='ltr'><strong>l.,</strong></span> <span class='ocrx_word' id='word_1_627' title='bbox 2328 5632 2456 5679; x_wconf 90' lang='lat' dir='ltr'><strong>tom.</strong></span> <span class='ocrx_word' id='word_1_628' title='bbox 2490 5620 2531 5689; x_wconf 88' lang='lat'><strong>1,</strong></span> <span class='ocrx_word' id='word_1_629' title='bbox 2560 5638 2611 5693; x_wconf 92' lang='lat' dir='ltr'><strong>p.</strong></span> <span class='ocrx_word' id='word_1_630' title='bbox 2653 5621 2771 5676; x_wconf 80' lang='lat'><strong>10.6.</strong></span> 
     </span>
    </p>
   </div>
  </div>
