3882 6502
435 348 545 405 287

1226 534 1305 584 10
1316 532 1404 583 ΥΣ
1546 530 1602 584 In
1631 531 2017 586 Hexaemeron.

1225 603 1403 655 ΝΙΑΣ

438 672 498 729 ln
529 674 795 731 Psalmos.

440 745 517 817 De
546 746 891 817 Pythonissa.

438 814 515 869 De
542 809 835 885 brangelio
870 811 1175 885 secundum
1204 809 1471 871 Joannem

508 896 563 941 et
590 884 936 956 Apocalypsi.

435 955 513 1010 De
541 954 973 1026 Charismatibus
1005 954 1140 1026 (84).

434 1025 746 1093 Apostolica
774 1025 1016 1079 traditio.

433 1095 744 1150 Chronicon
770 1095 903 1164 (85).

434 1165 635 1219 Contra
665 1161 879 1220 Graecos
904 1172 960 1219 et
986 1164 1043 1218 in
1073 1163 1353 1219 Platonem
1382 1161 1467 1217 vel

504 1237 666 1289 etiam
697 1234 764 1290 de
787 1234 957 1289 omni.

434 1301 852 1361 Exhortatorius
878 1305 943 1358 ad
973 1303 1307 1363 Severinam.

431 1373 838 1429 Demonstratit)
884 1384 1187 1443 temporum
1245 1373 1467 1429 Paschaa
1535 1368 1851 1443 DeiPascha
1885 1370 2005 1439 (lib.
2039 1368 2100 1441 ιι)
2142 1385 2317 1426 canon
2343 1371 2570 1441 pascha-

504 1444 959 1512 quemadmodum
994 1442 1049 1498 in
1086 1446 1285 1498 tabula.
1561 1511 1565 1512 ί
1613 1442 1699 1494 lis.

430 1508 561 1569 Odia
599 1514 653 1567 in
696 1529 886 1586 omnes
925 1514 1234 1583 Scripturas
1259 1516 1471 1586 (adver-
1541 1511 1817 1567 Adversus
1848 1524 2038 1565 omnes
2069 1508 2324 1566 hatreses.

507 1600 601 1653 sus
628 1598 818 1639 omnes
854 1585 1130 1653 limreses).

431 1653 511 1709 De
541 1652 649 1708 Deo
672 1664 727 1709 et
746 1654 926 1711 carnis
946 1654 1361 1710 resurrectione.

431 1723 509 1780 De
536 1723 679 1781 bono
706 1734 759 1780 et
787 1724 929 1780 unde
950 1725 1174 1781 malum.

1541 1791 1598 1845 In
1630 1790 1915 1846 Canticum
1949 1798 2094 1844 cant.

1411 343 1498 399 DE
1544 342 1827 399 VlTA-ET
1865 340 2175 398 SCRIPTIS
2211 340 2274 396 S.
2310 338 2688 394 HIPPOLYTI.

1546 460 1788 530 Catalog.
1816 465 1957 530 apud
1989 458 2182 514 Euseb.

1545 600 1602 654 In
1632 618 1696 655 ea
1720 617 1841 668 quae
1874 610 1996 670 post
2028 598 2393 657 Hexaemeron
2426 598 2571 666 (con-

1615 680 1700 726 tra
1727 670 2104 740 Marcionem).

1540 1088 1616 1145 De
1644 1089 1852 1145 Pascha
1884 1089 2001 1160 (lib.
2028 1089 2089 1161 ι).

3560 327 3649 383 388

2650 456 2801 524 Apud
2834 453 3138 522 Hieronym.

2651 524 2707 578 lu
2742 524 3132 579 Hexaemeron.

2650 595 2872 661 (Contra
2901 590 3273 662 Marcionem).

2649 665 2724 717 De
2749 663 3000 718 Psalmis.

2649 734 2725 804 De
2753 733 2919 788 Saulo
2945 741 2999 787 et
3017 730 3358 804 Pythonissa.

2648 803 2725 858 De
2746 803 3091 876 Apocalypsi.

2649 1084 2979 1158 Temporum
3008 1098 3265 1145 canones.

2646 1368 2721 1421 De
2742 1366 2976 1433 Pascha,
2998 1380 3172 1423 canon
3196 1362 3488 1436 paschalis.

2644 1508 2919 1563 Adversus
2952 1522 3143 1563 omnes
3165 1506 3421 1561 haereses.

2645 1647 2721 1704 De
2752 1648 3170 1704 resurrectione.

2644 1787 2703 1843 In
2733 1787 2941 1844 Cantic.
2967 1789 3163 1845 cantic.

1540 1862 1595 1927 In
1653 1870 1858 1930 partem
1921 1859 2212 1932 quamdam
2272 1858 2572 1917 Ezechielis

1605 1932 1901 2009 prophetae.

948 2612 1354 2670 [ARTICULUS
1389 2614 1453 2669 11.

428 2720 477 2759 Β.
516 2719 794 2759 ΠῘΡΡΟΙᾸΊῚ
845 2722 997 2759 LIBER
1051 2721 1139 2761 CUI
1189 2723 1419 2761 TlTllLUS
1462 2725 1474 2760 Ξ
1523 2724 1541 2756 ι
1588 2716 1998 2760 DEIONSTRA'I'IO

750 2792 818 2830 υε
851 2793 1080 2833 (1111118Το
1118 2794 1187 2831 ΕΤ
1222 2792 1597 2833 ANTICIIBISTO.
1646 2795 1664 2827 ι

499 2887 740 2942 Plurima
800 2889 1016 2958 scripsit
1039 2888 1401 2960 illippolytus,
1443 2888 1701 2954 Eusebio,
1738 2886 1998 2957 Hierony-

428 2998 541 3046 mo,
568 2981 767 3037 Photio
796 2983 1024 3052 aliisque
1054 2992 1373 3037 memorata.
1409 2981 1663 3048 Quaedam
1702 2996 1889 3035 eorum
1931 2980 1999 3035 ad

426 3090 527 3129 nos
578 3082 971 3144 pervenerunt;
1020 3075 1312 3145 'plcrisque
1364 3083 1543 3128 autem
1594 3090 1692 3143 per
1740 3072 1995 3141 injuriam

425 3176 730 3236 temporum
766 3182 911 3221 nunc
951 3182 1241 3233 caremus;
1299 3176 1394 3222 aut
1439 3166 1745 3237 fragmenta
1786 3173 1995 3219 tantum

425 3264 739 3327 supersunt,
766 3274 887 3327 quae
919 3274 1043 3312 cum
1090 3258 1145 3312 in
1184 3258 1344 3313 editis
1380 3258 1556 3323 libris,
1592 3266 1707 3311 tum
1755 3256 1809 3309 in
1848 3255 1999 3311 codi-

422 3350 581 3405 cibus
648 3352 1038 3421 manuscriptis
1089 3351 1378 3407 habentur.
1428 3351 1568 3406 Sunt
1599 3366 1818 3420 quoque
1862 3364 1997 3403 nou-

423 3440 597 3502 nulla,
630 3455 751 3508 quae
778 3439 1045 3511 Hippolyti
1080 3441 1301 3509 quidem
1332 3455 1529 3495 nomen
1560 3455 1670 3509 prie
1692 3456 1750 3495 se
1782 3438 1991 3505 ferunt;

423 3533 641 3588 illorum
675 3544 853 3587 autem
880 3549 942 3587 ea
974 3542 1057 3587 cst
1086 3534 1246 3597 ratio,
1274 3543 1333 3587 ut
1379 3542 1522 3587 recte
1549 3533 1749 3587 eruditi
1784 3533 1882 3586 viri
1902 3534 1992 3600 ju-

422 3625 744 3691 dicaverint,
770 3626 873 3681 ista
901 3627 1082 3679 minus
1105 3627 1405 3695 composita
1430 3642 1550 3681 esse
1577 3627 1645 3680 ab
1673 3625 1956 3696 Hippolyto
1978 3666 1991 3691 ,

422 3718 519 3775 sed
554 3717 607 3771 in
638 3717 794 3771 libris
827 3717 1009 3772 dubiis
1040 3734 1104 3772 ac
1138 3718 1435 3788 suppositis
1465 3719 1741 3772 numerari
1775 3720 1990 3774 debere.

494 3807 562 3863 Et
604 3810 838 3878 primum
873 3809 1089 3879 quidem
1132 3810 1313 3869 locum
1378 3810 1520 3864 inter
1560 3825 1723 3879 opera
1786 3810 1993 3881 integra

424 3916 522 3957 seu
550 3901 813 3971 ampliora
847 3899 904 3956 S.
938 3900 1214 3974 Hippolyti
1259 3901 1468 3957 obtinet
1500 3900 1893 3955 Demonstratio
1930 3903 1993 3956 de

425 3992 636 4049 Christo
687 4004 738 4048 et
783 3994 1130 4059 Antichristo,
1175 3993 1332 4063 cujus
1385 3995 1680 4048 meminere
1718 3992 1993 4066 Hierony-

422 4102 567 4153 mus,
602 4087 844 4141 Andreas
890 4086 1265 4152 Caesariensis,
1309 4086 1614 4142 Germanus
1661 4086 1789 4154 CP.,
1824 4086 1993 4141 Joan-

422 4194 523 4234 nes
562 4178 948 4245 Damasceuus,
980 4191 1034 4236 et
1065 4178 1333 4248 Photius;
1370 4195 1670 4249 eorumque
1705 4180 1823 4234 loca
1859 4180 1993 4235 infe-

422 4270 540 4326 rius
582 4271 721 4326 inter
761 4282 1002 4328 veterum
1042 4274 1356 4329 testimonia
1400 4273 1618 4342 scriptis
1662 4271 1992 4344 Hippolyteis

421 4362 685 4431 praemisit
706 4360 768 4416 C.
795 4362 857 4418 V.
892 4364 1206 4420 Gallandius
1234 4365 1379 4437 (86);
1417 4374 1473 4419 ut
1495 4374 1777 4435 propterea
1805 4366 1989 4420 mirari

423 4452 617 4508 subeat
672 4452 923 4525 Basnagii
986 4457 1413 4517 conﬁdentiam.
1484 4458 1577 4526 qui
1638 4458 1989 4526 antiquorum

422 4542 750 4612 scriptorum
805 4545 910 4599 ﬁde
966 4547 1298 4614 posthabita,
1352 4548 1595 4602 omnium
1651 4550 1989 4604 eruditorum

420 4634 632 4690 calculo
668 4637 1055 4706 comprobata,
1105 4639 1354 4708 ﬁctitium
1410 4638 1755 4710 Hippolytum
1804 4644 1989 4712 appel-

420 4725 498 4783 lat
542 4724 651 4797 (87)
695 4726 858 4796 hujus
896 4726 1373 4784 Demonstrationis
1417 4742 1715 4787 auctorem.
1768 4734 1989 4791 Utinam

418 4830 550 4872 vero
576 4816 794 4888 legisset
828 4818 937 4883 ille,
984 4820 1469 4890 perpendissetque
1514 4822 1786 4877 sincerum
1827 4825 1987 4893 primi

419 4909 642 4965 editoris
686 4910 974 4979 judicium,
1020 4913 1115 4981 qui
1156 4928 1287 4968 sane
1342 4914 1442 4968 sibi
1490 4924 1777 4982 suspectus
1844 4917 1989 4971 haud

418 5013 541 5055 esse
560 4999 683 5070 jure
712 5006 946 5071 poterat.
984 4998 1077 5058 Sic
1111 5001 1274 5072 igitur
1305 5002 1515 5062 Gudius
1538 5003 1647 5074 (88)
1680 5021 1691 5055 :
1745 5004 1991 5063 «Illustre

492 5178 604 5249 (84)
636 5177 886 5236 Neander
930 5181 1013 5235 vir
1057 5180 1408 5236 doctissimus
1452 5182 1693 5251 dubitat,
1746 5199 1875 5237 num
1922 5184 1989 5240 de

420 5250 841 5305 charismatihus
868 5259 922 5305 et
948 5252 1015 5320 de
1038 5252 1332 5320 apostolica
1368 5253 1659 5308 traditione
1704 5253 1756 5306 in
1789 5255 1980 5309 eodem

419 5320 559 5398 libro
586 5321 943 5398 disputarerit
975 5319 1187 5398 liip’pol.
1223 5324 1280 5374 ln
1311 5323 1522 5376 duobus
1558 5340 1683 5398 vero
1733 5325 1886 5398 libris
1918 5341 1981 5380 ea
2010 5324 2054 5383 C

417 5391 485 5446 de
516 5405 575 5464 re
606 5390 755 5464 illum
785 5392 1111 5464 disseruisse
1143 5402 1292 5460 puto,
1318 5409 1439 5445 cum
1477 5408 1582 5446 non
1608 5395 1817 5464 legatur
1847 5396 1985 5448 ἀπο-

419 5460 640 5533 ετολικλὴ
674 5462 968 5533 παράδοσις
993 5462 1119 5532 περὶ
1148 5464 1519 5533 χαρισμάτων,
1550 5466 1642 5519 sed
1662 5460 1784 5519 rice
1808 5481 1983 5519 versa.

420 5529 497 5589 De
524 5529 722 5598 quibus
752 5529 914 5612 libris
962 5529 1125 5587 latius
1149 5529 1337 5654 "atque
1378 5533 1554 5587 fusius
1588 5535 1829 5605 disputat
1862 5535 1984 5590 Ste-

420 5602 663 5654 nhanus:
694 5601 926 5654 altorum
956 5604 1199 5654 virorum
1269 5610 1515 5654 octorum
1548 5604 1650 5654 hac
1684 5608 1750 5654 de
1777 5621 1834 5654 re
1863 5622 1984 5654 sen-

417 5602 663 5670 phanus;
694 5601 926 5656 aliorum
956 5604 1199 5657 virorum
1231 5601 1515 5657 doctorum
1548 5604 1650 5659 hac
1675 5601 1750 5660 de
1777 5621 1834 5660 re
1863 5622 1986 5660 sen-

419 5671 601 5743 tentia:
626 5672 892 5743 leguntur
937 5674 1077 5743 apud
1108 5672 1471 5743 "Fabricium,
1508 5684 1635 5728 tom.
1675 5675 1715 5739 l,
1749 5692 1867 5743 pag.
1894 5678 1981 5729 85.

415 5740 859 5870 ξὲἓ1.¹9ξ³1)τίοἱὶ
902 5740 1041 5800 Bibl.
1089 5742 1257 5799 Gra'c.
1303 5746 1389 5800 ed.
1435 5742 1697 5814 llarless.,
1728 5740 1843 5801 rel.
1874 5746 1982 5813 VII,

419 5827 689 5888 pag.tuz.

2640 2008 2697 2062 In
2723 2007 2990 2063 Exodum.

2640 2078 2695 2131 In
2727 2078 2981 2133 Genesin.

2639 2147 2695 2201 In
2727 2148 3065 2203 Zachariam.

2637 2218 2694 2271 In
2721 2219 2934 2272 Isaiam.

2637 2287 2712 2341 De
2743 2288 2978 2342 Daniele.

2638 2357 2714 2412 De
2736 2356 3065 2413 Proverbiis.

2638 2426 2715 2482 De
2751 2428 3097 2483 Ecclesiaste.

2639 2496 2715 2552 De
2735 2498 3095 2553 Antichristo.

2026 2615 2075 2674 Α
2107 2610 2283 2667 ΡΙιοιίἰ
2317 2611 2687 2669 testimonium
2736 2616 2965 2671 libenter
3010 2611 3415 2684 adiungendum
3462 2611 3663 2665 curavi-

2102 2722 2226 2760 mus
2258 2704 2408 2773 (89);
2434 2714 2494 2759 ut
2515 2706 2561 2760 si
2591 2707 2846 2763 lectorem
2878 2707 3174 2763 oll‘enderet
3203 2706 3259 2759 in
3284 2706 3386 2759 hoc
3412 2705 3664 2774 opusculo

2100 2798 2510 2868 cogitationum,
2554 2799 2832 2871 ipsiusque
2873 2798 3136 2854 orationis
3164 2797 3510 2867 simplicitas,
3543 2796 3664 2849 nihil

2098 2898 2383 2959 propterea
2417 2892 2691 2947 dubitaret
2722 2892 2851 2960 περὶ
2888 2892 2988 2961 τῆς
3030 2890 3397 2962 γνησιότητος.
3450 2888 3665 2943 Photius

2100 2982 2280 3036 libello
2315 2991 2503 3037 nostro
2534 2994 2791 3053 tanquam
2830 2985 3094 3053 insignem
3132 2992 3317 3036 notam
3368 2981 3663 3049 apponittb

2097 3074 2205 3127 τῶν
2235 3077 2521 3146 νοημάτων
2569 3076 2955 3145 ἁπλούστερον,
2992 3074 3058 3129 Ει
3101 3074 3363 3144 profecto,
3414 3069 3664 3143 quidquid

2100 3165 2386 3239 Hippolyto
2407 3169 2697 3235 tribuebat,
2727 3168 2955 3223 miriﬁce
2987 3168 3297 3238 respondet.
3338 3186 3357 3220 ι

2169 3258 2264 3315 llis
2297 3270 2477 3315 autem
2515 3261 2583 3316 de
2637 3260 2818 3332 operis
2864 3260 3173 3332 integritate
3230 3257 3457 3324 habitis,
3504 3255 3666 3327 pergit

2098 3351 2326 3414 Gudius,
2353 3361 2516 3423 atque
2549 3352 2617 3407 de
2638 3353 2782 3406 illius
2811 3352 2970 3406 titulo
2996 3351 3145 3405 hisce
3168 3349 3348 3403 verbis
3376 3348 3626 3403 edisserit
3650 3362 3663 3399 :

2103 3462 2121 3493 α
2147 3443 2250 3498 Sed
2277 3458 2383 3496 non
2410 3443 2705 3499 omittenda
2736 3452 2821 3498 est
2858 3443 3351 3513 inscriptio,quam
3380 3453 3660 3495 conserva-

2096 3534 2172 3587 vit
2198 3533 2336 3587 idem
2367 3532 2629 3589 Photius:
2656 3533 2799 3603 Περὶ
2834 3533 3091 3601 Χριστοῦ
3114 3532 3212 3587 καὶ
3252 3529 3665 3600 Ἀντιχριστοῦ.

2098 3626 2333 3697 Uterque
2356 3628 2523 3682 codex
2557 3627 2843 3684 Bernensis
2866 3637 2920 3682 et
2948 3625 3315 3688 Ebroicensis,
3357 3626 3506 3679 unde
3536 3638 3663 3692 opus

2095 3723 2447 3791 descriptum,
2500 3722 2751 3777 similiter
2798 3739 2812 3775 :
2852 3720 2992 3789 Περὶ
3031 3720 3137 3774 τοῦ
3188 3717 3463 3786 Σωτῆρος
3505 3715 3663 3785 ἡμῶν

2109 3815 2301 3883 Ἰησοῦ
2329 3815 2606 3884 Χριστοῦ,
2638 3813 2737 3869 καὶ
2775 3814 2908 3881 περὶ
2938 3812 3047 3866 τοῦ
3103 3812 3523 3881 Ἀντιχριστοῦ.
3562 3807 3665 3877 Ego

2096 3922 2225 3960 vero
2254 3906 2482 3962 discessi
2512 3905 2724 3976 magnis
2767 3905 3091 3960 rationibus.
3140 3901 3259 3957 Non
3304 3902 3452 3957 enim
3514 3900 3665 3954 debe-

2099 4000 2223 4053 bam
2277 4000 2609 4055 conscientia
2654 3997 2971 4065 convictus,
3028 3996 3373 4052 librariorum
3428 4007 3663 4047 errorem

2099 4100 2261 4159 atque
2294 4090 2653 4161 ignorantiam
2682 4090 3060 4161 superstitiose
3104 4099 3424 4156 propagare.
3471 4082 3665 4151 llippo-

2099 4179 2242 4250 lytus
2294 4196 2514 4234 causam
2565 4180 2709 4235 dicet
2755 4179 3078 4236 necessaria:
3117 4175 3457 4238 mutationis,
3515 4174 3663 4241 cujus

2096 4271 2260 4325 verba
2286 4282 2445 4325 sunt:
2487 4270 2673 4325 Verum
2715 4273 2964 4342 quoniam
3014 4270 3133 4341 jam
3184 4279 3381 4338 tempus
3417 4277 3565 4339 urget
3598 4266 3662 4319 ad

2098 4380 2179 4427 ea,
2210 4380 2326 4431 qua:
2365 4365 2512 4418 nobis
2556 4376 2867 4434 argumento
2889 4364 3160 4435 proposita
3190 4370 3330 4428 sunt,
3360 4377 3482 4413 cum
3526 4360 3657 4428 su/ji-

2098 4454 2263 4517 ciant,
2294 4470 2413 4523 qut:
2439 4454 2493 4506 in
2527 4455 2747 4509 exordio
2789 4455 2858 4507 ad
2890 4454 2987 4507 Dei
3036 4452 3257 4523 gloriam
3285 4452 3659 4521 pcroravimus,

2098 4562 2305 4615 wquum
2329 4558 2427 4610 est,
2453 4556 2510 4599 ut
2542 4547 2896 4617 aggredienles
2924 4547 3064 4616 ipsas
3097 4544 3301 4597 divinas
3341 4542 3661 4612 Scripturas,

2096 4652 2161 4690 ex
2186 4636 2293 4689 illis
2318 4637 2605 4705 videamus,
2648 4639 2766 4708 quis
2800 4648 2850 4691 et
2897 4637 3069 4708 qualis
3111 4634 3425 4688 Antichristi
3471 4634 3659 4687 adven-

2099 4739 2183 4783 tus
2209 4728 2341 4798 (90).
2370 4728 2510 4795 Quid
2550 4745 2697 4784 nunc
2720 4738 2803 4783 est
2828 4730 3087 4800 apertius,
3117 4743 3283 4797 quam
3318 4742 3429 4780 non
3475 4724 3540 4778 ad
3573 4740 3658 4777 ar-

2097 4829 2411 4889 gumentum
2451 4821 2739 4889 pertinere,
2768 4838 2888 4892 quze
2905 4822 2969 4875 de
2994 4820 3213 4875 Christo
3244 4818 3493 4873 dixerat?
3520 4814 3660 4868 Nihil

2096 4926 2153 4963 se
2189 4910 2424 4979 proﬁteri
2472 4911 2787 4981 planissime
2837 4920 3089 4976 testatur,
3122 4922 3480 4980 praeterquam
3510 4906 3659 4959 Auti-

2095 5002 2284 5060 christi
2308 5002 2855 5065 demonstrationem.
2884 5004 3184 5059 Credamus
3230 5002 3440 5056 auctori
3483 5002 3657 5071 potius

2129 5180 2277 5304 .
2313 5180 2480 5237 Tituli
2510 5181 2565 5236 h.
2592 5181 2630 5235 l.
2665 5181 2846 5236 collati
2870 5181 3123 5237 eumdem
3154 5180 3351 5234 librum
3376 5178 3658 5249 designare

2093 5266 2142 5305 vr
2184 5267 2247 5304 cn
2280 5267 2363 5307 ur.

2091 5322 2270 5446 “(786)
2304 5320 2857 5387 Galland.,Biblioth.
2907 5322 3049 5387 PP.,
3080 5331 3212 5377 tom.
3264 5320 3333 5387 11,
3362 5335 3483 5391 pag.
3524 5318 3649 5379 411,

2144 5462 2273 5546 ,(87)
2302 5463 2557 5546 Basnag.,
2596 5463 2887 5527 Animadv.
2927 5462 2991 5517 ad
3036 5472 3168 5518 tom.
3198 5461 3217 5516 1
3251 5459 3506 5515 Thesauri
3554 5457 3653 5512 Ca-

2105 5536 2610 5683 Πιῗέξῗέἕάίῖρᾶρυά
2640 5602 2853 5657 Fabric.
2887 5614 3017 5658 tom.
3046 5602 3071 5665 1,
3090 5603 3228 5683 Opp.
3261 5604 3317 5661 S.
3360 5600 3649 5673 Hippolyti,

2132 5694 2139 5705 .
2165 5694 2194 5712 η
2241 5675 2274 5709 ι)
2513 5675 2519 5676 “

2131 5692 2491 5809 λῖέεῦῬΙιοιη
2526 5744 2774 5798 Biblioth.
2807 5745 2927 5799 cod.
2964 5762 3088 5803 acu.

2165 5816 2272 5891 (90)
2307 5814 2379 5868 De
2410 5817 2643 5869 Amic/tr.
2679 5830 2794 5885 cap.
2833 5831 2881 5868 ν.
