3882 6500
182 357 270 413 139
1096 354 1180 409 DE
1218 352 1377 409 VlTA
1416 353 1505 408 ET
1551 350 1865 410 SCRIPTIS
1900 351 1957 406 S.
1993 349 2375 407 HIPPOLYTI.
3265 348 3381 406 290

181 487 317 540 quam
365 471 565 536 Pliotio,
623 474 710 527 cui
757 472 1107 529 librariorum
1142 483 1333 545 stupor
1365 474 1542 531 fraudi
1574 473 1697 530 fuit.
1730 489 1777 543 Α
1806 473 1901 542 qui
1932 488 2053 543 qua:
2092 473 2364 543 ignorant,
2391 463 2797 542 blasphemaut,
2850 470 2941 526 sed
2966 484 3091 525 cum
3118 467 3379 525 ﬁdelibus

181 562 320 617 Error
342 564 391 615 in
418 563 511 617 hac
538 564 815 634 ἐπιγραφῇ
850 566 1127 635 antiquior
1158 577 1243 621 est
1264 566 1590 635 octingentis
1611 581 1707 620 an-
1813 563 1869 616 iu
1927 563 2236 628 sanctitate,
2294 562 2503 630 justitia
2551 572 2606 616 et
2652 565 2849 617 timore
2910 560 3005 616 Dei
3047 560 3382 626 viventibus,

181 655 265 708 uis.
295 652 384 707 Sed
408 653 603 708 erroris
641 663 908 709 vetustate
942 671 1050 708 non
1078 671 1380 711 movemur.
1398 654 1533 709 Nam
1559 654 1706 708 Pho-
1776 716 1779 719 _
1808 653 2175 709 communicet
2211 653 2345 723 (95).
2376 654 2679 722 Antequam
2707 668 2834 707 vero
2868 652 2934 705 ad
2970 660 3262 706 tractatum
3294 651 3378 709 De

183 747 243 799 tio
268 754 434 799 testem
467 745 566 799 fide
596 754 759 814 atque
784 756 941 801 mtate
972 746 1132 817 longe
1164 748 1504 816 superiorem
1532 760 1705 816 oppo-
1807 741 2134 795 Antichristo
2167 750 2357 810 pergat
2395 739 2454 795 S.
2487 739 2838 812 Hippolytus,
2864 740 3014 809 prius
3059 740 3196 796 duas
3242 740 3385 796 alias

181 838 332 891 nimus
377 836 755 907 Hieronymum
787 880 803 905 ,
870 839 1029 907 cujus
1088 841 1469 895 auctoritatem
1523 839 1705 910 magni
1806 830 2135 900 QUIBSliOIleS
2192 829 2295 883 Sibi
2335 830 2622 885 δοινεηάίιε
2673 832 2954 900 Proponit:
2987 830 3195 886 εοίῙίοθῑ
3240 847 3381 901 (1υο⁸

180 946 358 999 semper
386 930 541 985 facio.
575 930 667 986 Ille
699 942 879 987 autem
914 933 1156 987 laudavit
1202 934 1390 999 ἁπλῶς
1426 950 1705 991 commen-

1851 922 1970 978 todo
2002 921 2097 976 Dei
2128 918 2365 975 Verbum
2393 931 2521 975 ante
2552 921 2978 977 incarnationem
3009 937 3068 976 se
3102 922 3384 992 prophetis

180 1024 398 1077 tationem
428 1022 493 1076 de
522 1023 876 1082 Antichristo.
912 1026 1025 1082 Hoc
1044 1029 1101 1081 ὲν
1128 1027 1342 1099 παρόδῳ
1374 1028 1703 1083 monendum

1851 1015 2283 1070 Ianifestaverit?
2314 1024 2368 1070 et
2400 1014 2524 1069 dein
2551 1015 2828 1085 qttomodo
2855 1016 2995 1069 idem
3021 1014 3257 1069 Verbum
3284 1015 3384 1070 Dei

178 1114 275 1177 fuit,
305 1129 364 1168 ne
390 1115 508 1184 quis
548 1131 647 1170 nos
671 1116 899 1186 juvenili
929 1120 1234 1173 temeritate
1257 1122 1311 1173 iu
1340 1119 1510 1174 libros
1536 1135 1705 1174 manu

1849 1122 1903 1160 er
1926 1104 2355 1160 incarnationem
2391 1103 2595 1158 factum
2639 1105 2711 1158 sit
2744 1119 2934 1159 servus
2970 1104 3107 1158 Dei?
3139 1103 3382 1160 Primam

176 1215 389 1261 exaratos
419 1208 656 1277 grassari
679 1210 1069 1279 suspicaretur.
1107 1231 1127 1264 s
1158 1210 1433 1267 Hactenus
1460 1210 1701 1266 Gudius:

1850 1199 2161 1254 uaastionem
2202 1198 2363 1252 solvit
2409 1197 2572 1251 ducta
2635 1198 3042 1267 comparatione
3074 1196 3144 1251 ab
3180 1198 3383 1253 instru-

177 1298 305 1367 cujus
333 1308 501 1354 tamen
559 1304 829 1357 sententia
878 1303 1060 1358 minus
1116 1304 1376 1373 probatur
1434 1302 1705 1358 Combeti-

1851 1301 1992 1346 tento
2020 1291 2253 1355 musico,
2283 1290 2468 1359 aitque
2492 1288 2784 1358 prophetas
2807 1304 2929 1343 esse
2959 1290 3132 1342 instar
3148 1289 3384 1343 chorda-‘—

176 1391 242 1445 sio
263 1391 391 1461 (91);
422 1407 656 1462 eumque
682 1394 910 1463 proinde
937 1411 1060 1450 cum
1088 1395 1341 1452 Fabricio
1369 1395 1481 1465 (92)
1505 1406 1560 1451 et
1578 1396 1706 1451 Gal-
1807 1399 1950 1449 Tum.
1977 1392 2031 1437 ει
2063 1380 2300 1436 Verbum
2332 1381 2497 1434 νειυιί
2530 1380 2816 1449 Plectrum:
2847 1380 3005 1449 cuius
3034 1390 3185 1436 ωοιιι
3218 1390 3383 1451 atque

177 1481 326 1535 landio
358 1484 464 1551 (95)
494 1499 597 1539 nos
623 1501 842 1555 quoque
877 1499 1236 1542 assectamur.
1279 1486 1509 1543 Notante
1557 1490 1704 1542 enim

1847 1474 2041 1545 npulsu
2072 1473 2346 1543 incognita
2372 1472 2647 1542 prepheta:
2675 1472 2797 1526 aliis
2823 1472 3144 1526 hominibus
3164 1488 3380 1526 annuu-

176 1572 480 1641 Combetisio,
501 1593 629 1631 cum
656 1594 714 1633 se
736 1577 1062 1650 Hippolytus
1097 1581 1374 1636 dicturum
1394 1582 1702 1652 pollicetur,

1853 1576 2003 1621 arent
2033 1565 2165 1637 (96).
2196 1566 2467 1630 Quantum
2511 1565 2577 1619 ad
2608 1565 2833 1619 alteram
2876 1566 3255 1635 quaestionem,
3295 1582 3386 1620 re-

176 1666 228 1720 de
251 1666 514 1721 revelando
544 1666 749 1723 Christi
778 1670 1011 1726 adventu
1030 1711 1045 1735 ,
1082 1671 1149 1727 de
1172 1672 1311 1727 coelo
1331 1714 1347 1738 ,
1397 1673 1465 1727 dc
1498 1682 1707 1729 sancto-

1849 1658 2035 1726 sondet
2080 1656 2380 1726 TheOphilo
2413 1655 2472 1711 S.
2527 1656 2891 1728 Hippolytus:
2946 1658 3086 1724 Quia
3156 1657 3382 1713 Verbum

177 1773 273 1811 rum
299 1772 410 1811 cum
447 1758 670 1815 Christo
708 1777 907 1832 regno,
946 1778 1182 1834 cumque
1228 1772 1343 1820 tota
1383 1768 1705 1822 tractatione
1804 1766 1957 1803 suam
1999 1748 2419 1803 misericordiam
2446 1788 2461 1812 ,
2497 1758 2546 1801 et
2577 1750 2713 1818 quod
2755 1750 2969 1803 minime
3022 1762 3266 1819 acceptor
3304 1758 3389 1803 est!

176 1850 529 1905 Ληιίειπίεωιη
565 1851 781 1909 Clu-isto
820 1864 1103 1924 opponat;
1136 1871 1246 1911 ηοη
1286 1857 1360 1911 ita
1409 1858 1550 1912 male
1593 1858 1707 1914 sive
1737 1836 1778 1890 B
1807 1856 2172 1910 personarum,
2221 1856 2314 1910 per
2360 1856 2535 1895 omnes
2556 1850 2766 1895 sanctos
2799 1842 3046 1907 ostendit,
3070 1841 3387 1896 illuminans

177 1942 475 2013 Hippolytus,
505 1944 621 1999 sive
645 1945 825 2015 quivis
856 1948 1019 2012 anus.
1045 1950 1385 2018 ρηηοιδνίι,
1411 1950 1546 2021 Περὶ
1576 1952 1708 2022 xm-
1806 1934 1929 1987 illos
1979 1942 2135 2004 atque
2196 1947 2507 2001 componens
2556 1932 2690 1985 velut
2719 1936 2917 2001 peritus
2962 1934 3199 1987 medicus
3231 1934 3300 1987 ad
3320 1951 3388 1988 ea

178 2032 277 2083 ατοῦ
300 2034 386 2085 καὶ
428 2034 820 2105 Ἄντιχριστοῦ.
848 2036 1005 2103 Quod
1031 2038 1102 2093 ita
1126 2049 1247 2107 post
1270 2039 1597 2096 Photianum
1622 2058 1710 2097 co-

1851 2042 1924 2079 ita:
1955 2025 2023 2078 ad
2049 2034 2285 2078 nostram
2315 2024 2610 2078 conducant
2635 2024 2882 2091 salutem,
2912 2027 3101 2095 quippe
3127 2043 3243 2079 cum
3280 2040 3384 2079 non

179 2122 325 2177 dicem
363 2125 522 2179 etiam
577 2127 613 2179 ii
642 2136 1069 2197 τρριιωεεῃιξιηι,
1102 2145 1168 2184 εχ
1214 2132 1411 2200 quibus
1450 2148 1707 2203 expressa
1808 2118 2008 2170 nesciat
2030 2118 2316 2169 humanam
2343 2117 2731 2185 inﬁrmitatem.
2763 2117 2837 2169 Ac
2859 2118 3067 2185 quidem
3084 2118 3389 2187 ignorantes

179 2212 308 2267 Glltlii
336 2217 530 2271 editio:
569 2218 771 2287 quibus
805 2221 1029 2289 proinde
1060 2223 1227 2276 malui
1262 2224 1524 2280 inhaerere
1543 2242 1705 2295 quam
1809 2209 1983 2261 δἀάθί
2021 2208 2267 2262 edoce“:
2323 2218 2556 2262 “mm”
2587 2226 2704 2263 υενο
2737 2211 2805 2262 σά
2857 2226 3031 2263 veram
3066 2226 3215 2263 “‘0’”
3241 2213 3385 2265 "iam

178 2303 272 2370 ejus
298 2307 573 2361 mutationi
609 2307 845 2362 deferre.
880 2308 1268 2382 Hieronymum
1299 2312 1477 2382 (cujus
1500 2322 1556 2367 et
1595 2315 1709 2384 ipse

1853 2302 2080 2355 invertit.
2102 2302 2270 2371 Atque
2305 2301 2387 2354 his
2422 2301 2651 2371 quidem,
2692 2303 2781 2370 qui
2813 2302 2918 2371 [ide
2939 2310 3207 2371 quaerunt,
3229 2304 3386 2369 [aeile

179 2395 328 2461 magni
375 2396 755 2451 auctoritatem
794 2396 965 2467 facio)
1025 2400 1299 2455 adversari
1357 2401 1551 2457 photio
1599 2418 1708 2458 non
1809 2393 2070 2446 invenitur
2085 2392 2207 2455 ;his
2226 2400 2422 2455 autem,
2446 2392 2535 2460 qui
2566 2393 2775 2445 mundis
2799 2392 2963 2444 oculis
2992 2401 3041 2445 et
3067 2394 3389 2445 castocorde

177 2481 306 2537 facile
330 2485 580 2553 dixerim,
613 2489 757 2557 quod
785 2488 1055 2561 Hippolyti
1087 2491 1243 2559 plura
1268 2494 1605 2548 recensendo
1637 2494 1710 2547 De
1810 2487 2005 2539 ostium
2040 2483 2255 2553 pulsare
2277 2483 2604 2548 desiderant,
2628 2484 2905 2553 confestim
2928 2484 3116 2552 aperit.
3158 2483 3389 2537 Nullum

178 2574 459 2629 Antichristo
485 2579 833 2634 solummodo
866 2579 1083 2636 dixerit.
1103 2580 1327 2652 Nempe,
1353 2600 1451 2638 nec
1466 2585 1533 2639 de
1551 2584 1711 2640 Chri-
1807 2578 1948 2631 enim
1972 2594 2189 2631 suorum
2212 2594 2481 2633 servorum
2517 2577 2689 2647 reiicit
2709 2617 2725 2643 .
2758 2578 2911 2647 quasi
2942 2578 3239 2631 divinorum
3270 2594 3387 2647 my-

180 2673 246 2717 sto
278 2666 499 2735 negavit,
529 2669 626 2722 sed
658 2670 737 2723 sic
768 2686 981 2723 summa
1002 2712 1017 2735 ,
1066 2672 1209 2726 unde
1256 2682 1518 2731 tractatus
1568 2687 1712 2732 esset
1810 2671 2091 2723 steriorum
2122 2672 2415 2741 indignum.
2456 2669 2581 2728 Non
2602 2671 2815 2725 divitem
2841 2687 3075 2740 paupere
3087 2671 3255 2740 pluris
3294 2672 3387 2741 fa-

177 2755 356 2821 notior,
390 2759 679 2828 ascripsit;
713 2759 939 2817 Photius
974 2778 1038 2816 ex
1070 2764 1258 2817 codice
1286 2764 1552 2836 integrum
1582 2768 1711 2822 titu-
1811 2762 1904 2825 εει,
1931 2778 2093 2831 necne
2117 2778 2399 2831 pauperem
2423 2778 2519 2831 pro
2550 2762 2664 2831 ejus
2705 2763 2965 2816 tenuitate
2996 2762 3213 2829 spernit.
3260 2760 3385 2815 Non

179 2844 266 2897 lum
296 2850 577 2903 recensuit.
612 2849 813 2905 Deinde
864 2868 929 2905 eo
950 2862 1158 2921 spectat
1183 2863 1295 2908 tota
1332 2857 1613 2919 tractatio,
1654 2867 1714 2912 ut
1813 2853 2035 2907 barbaro
2067 2858 2387 2924 exprobrat,
2432 2871 2523 2909 nec
2551 2858 2843 2909 eunuchum
2894 2856 3046 2924 quasi
3090 2871 3195 2907 non
3217 2857 3388 2907 virum

178 2936 457 2995 Antichristi
482 2958 549 2995 ex
579 2940 879 3011 Scripturis
907 2945 1372 3001 demonstratione
1395 2947 1463 3001 ab
1484 2964 1549 3003 co
1582 2949 1714 3003 ﬁde-
1814 2948 2041 3018 ablegat.
2080 2948 2203 3002 Non
2243 2948 2355 3003 odit
2380 2948 2631 3018 feminam
2659 2950 2722 3001 ob
2738 2948 2925 3016 prima:
2961 2948 3181 3016 originis
3208 2948 3387 3000 inobe—

181 3028 293 3084 libus
315 3034 835 3100 caveat,ethristo
867 3037 1147 3108 adjungat,
1178 3038 1573 3110 amborumque
1598 3041 1713 3097 dis-
1816 3041 2094 3106 dientiam,
2123 3058 2215 3095 nec
2250 3042 2420 3095 virum
2466 3040 2527 3093 ob
2573 3041 3005 3110 transgressionis
3054 3048 3255 3092 reatum
3294 3039 3393 3091 de-

179 3121 349 3177 crimen
415 3140 541 3180 eum
572 3126 629 3180 in
655 3129 816 3181 tinem
841 3130 1078 3197 aperiat;
1109 3130 1252 3198 quod
1290 3129 1565 3185 Christum
1603 3149 1710 3186 non
1740 3175 1782 3233 ϐ
1817 3132 2021 3195 turbat;
2052 3132 2141 3185 sed
2172 3148 2347 3186 omnes
2374 3130 2507 3197 vult,
2538 3146 2812 3200 omnesque
2852 3130 3058 3183 salvere
3096 3130 3384 3183 desiderat.

180 3213 401 3278 excludit,
428 3231 497 3271 ne
526 3217 647 3287 ipse
673 3234 799 3288 pars
840 3221 1144 3289 argumenti
1177 3220 1422 3275 videatur
1449 3263 1464 3286 ,
1494 3232 1547 3276 et
1591 3222 1713 3278 linis
1741 3213 1782 3233 ν
1819 3221 2008 3277 Omnes
2052 3224 2148 3277 Dei
2177 3222 2316 3291 ﬁlios
2356 3234 2605 3293 prastare
2652 3221 2785 3288 vult,
2825 3230 3135 3290 sanctosque
3195 3236 3381 3273 omnes

181 3304 411 3369 genuinus
447 3316 615 3379 atque
664 3310 917 3379 proprius
959 3312 1329 3377 tractationis,
1381 3329 1488 3367 non
1536 3314 1712 3369 solum
1815 3314 1869 3366 in
1924 3330 2084 3366 unum
2120 3314 2381 3367 hominem
2414 3314 2700 3384 perfectum
2747 3324 2932 3375 vocat;
2976 3328 3099 3365 nam
3142 3320 3193 3365 et
3248 3328 3389 3363 unus

183 3398 501 3455 extrinsecus.
1815 3403 1912 3457 Dei
1948 3402 2123 3457 Filius
2153 3413 2250 3467 est,
2302 3403 2453 3472 cujus
2496 3405 2658 3457 etiam
2708 3420 2801 3458 nos
2857 3419 3091 3457 munere-
3122 3417 3213 3471 per
3262 3400 3391 3469 Spia

236 3486 362 3557 Opus
393 3491 534 3545 istud
561 3492 1116 3564 litterisconsiguavit
1144 3504 1367 3549 sanctus
1397 3493 1580 3561 Pater,
1628 3513 1715 3552 ro-
1815 3494 1978 3546 ritum
2015 3494 2071 3549 S.
2112 3497 2287 3565 adepti
2322 3497 2782 3567 regenerationem,
2807 3497 2863 3547 in
2891 3511 3054 3547 unum
3100 3494 3389 3564 perfectum

185 3588 309 3645 gntus
329 3595 355 3633 a
385 3585 621 3650 quodam
670 3583 989 3653 Thcophilo,
1021 3603 1258 3655 quocum
1294 3590 1360 3642 de
1389 3592 1575 3644 eodem
1628 3609 1716 3644 ar-
1816 3600 1877 3636 ac
1910 3586 2163 3639 caelestem
2188 3587 2449 3640 hominem
2483 3602 2658 3640 omnes
2682 3602 2953 3639 occurrere
2979 3594 3219 3653 optamus
3247 3583 3391 3653 (97)..

184 3679 404 3734 gumento
438 3670 619 3726 fuerat
641 3683 764 3727 ante
791 3674 1127 3740 collocutus;
1164 3677 1377 3746 ipsique
1409 3691 1711 3748 preptcrca,
1815 3674 2011 3729 Postea
2050 3677 2237 3745 paucis
2283 3677 2507 3745 exponit
2545 3677 2819 3746 quomodo
2850 3675 3082 3731 Verbum
3110 3676 3224 3739 Dei,
3260 3675 3389 3730 licet

186 3771 315 3824 quem
346 3760 729 3815 charissimum
758 3763 977 3817 fratrem
1015 3767 1278 3835 appellat,
1311 3768 1509 3823 librum
1556 3786 1713 3825 suum
1816 3766 2143 3835 purissimus
2172 3768 2415 3836 spiritus,
2449 3767 2503 3820 in
2547 3778 2704 3822 utero
2737 3765 2976 3837 Virginis
3014 3768 3085 3822 sit
3128 3768 3386 3821 incarna-

186 3858 445 3918 nuncupat.
472 3853 531 3903 In
558 3868 626 3906 eo
650 3862 851 3912 autem.
876 3854 1059 3923 judice
1089 3854 1304 3923 Photio,
1336 3867 1393 3912 ut
1423 3860 1583 3915 modo
1619 3876 1715 3913 au-
1818 3868 1966 3924 tum;
1998 3868 2161 3928 atque
2188 3860 2489 3924 concludit,
2526 3859 2673 3929 quod
2712 3854 2955 3913 Vérbum
2997 3860 3161 3914 carni
3186 3871 3389 3916 nostra

184 3936 402 4005 divimus,
447 3952 665 3997 servata
701 3960 958 3999 sensuum
992 3947 1309 4017 simplicitas
1337 3965 1400 4004 ac
1442 3961 1713 4017 vetustas;
1816 3949 2031 4003 mortali
2077 3950 2287 4004 unitum
2339 3950 2522 4013 fuerit,
2552 3960 2879 4005 utnosttzum
2905 3967 3101 4021 corpus
3139 3954 3389 4008 redderet

186 4043 323 4096 genus
379 4047 504 4088 vero
550 4036 761 4089 dicendi
828 4038 1034 4091 clarum
1087 4040 1141 4094 in
1200 4042 1388 4111 primis
1416 4058 1479 4097 ac
1509 4044 1716 4112 perspi-
1817 4039 2249 4109 incorruptibile,
2276 4041 2553 4097 hominem
2584 4041 2850 4110 perditum
2876 4043 3128 4097 salvaret.
3178 4044 3391 4113 Adjnn-

183 4136 333 4190 cuum,
362 4142 457 4180 nec
483 4142 592 4180 non
624 4129 1057 4198 interpretationi
1095 4150 1418 4204 congruum.
1447 4135 1714 4190 Caeterum
1817 4129 1893 4199 git
1922 4130 2167 4198 quaedam
2191 4130 2258 4184 de
2290 4130 2546 4200 passione
2574 4129 2784 4184 00ῐηὶΠὶ
2810 4132 2977 4186 IIOSll'i
3011 4130 3143 4186 Jesu
3160 4134 3388 4203 Christi.

184 4216 351 4280 epocha
391 4218 553 4289 hujus
598 4220 721 4275 libri
752 4239 975 4291 prorsus
1025 4236 1109 4281 est
1145 4230 1347 4282 incerta
1374 4268 1389 4291 ,
1444 4245 1618 4301 neque
1649 4244 1715 4284 ex
1816 4230 2073 4290 putatque
2107 4220 2345 4290 aliquam
2387 4222 2533 4278 illius
2569 4222 2813 4278 invenire
2860 4224 3270 4281 similitudinem
3329 4231 3387 4284 iu

186 4303 422 4371 adjunctis
446 4310 630 4380 colligi
662 4321 837 4380 potest
873 4329 985 4383 quo
1019 4325 1259 4385 tempore
1291 4318 1349 4372 S.
1390 4316 1549 4373 Pater
1571 4320 1718 4374 hunc

824 4322 837 4365 l.
873 4329 985 4383 quo
1019 4325 1259 4385 tempore
1291 4318 1349 4372 ὃ.
1390 4316 1549 4373 Pater
1571 4320 1718 4374 hunc
1816 4320 1932 4365 δι’ιο
1960 4311 2189 4365 tenoris
2225 4311 2357 4380 (98)·

185 4401 434 4454 lractatum
474 4406 861 4473 composuerit.
1888 4403 1984 4457 His
2022 4404 2319 4474 prmissis
2353 4414 2645 4460 tractatum
2690 4404 2768 4458 De
2811 4405 3140 4461 Antichristo
3178 4409 3386 4479 incipit,

530 4494 783 4563 Analysis
836 4497 991 4565 hujus
1040 4508 1317 4553 tractatus.
1750 4513 1793 4567 ι)
1820 4493 1887 4548 de
1908 4509 2015 4563 quo
2038 4510 2107 4548 ex
2137 4492 2435 4563 Scripturis
2470 4494 2728 4560 ostendit,
2756 4503 2919 4564 atque
2940 4509 3227 4566 sequentes
3251 4516 3391 4566 quae—

240 4574 448 4638 Sanctus
485 4582 810 4656 Hippolytus
842 4586 1042 4641 librum
1075 4588 1150 4642 De
1192 4590 1514 4643 Antichristo
1562 4604 1713 4644 com-
1815 4586 2025 4641 stiones
2047 4585 2256 4640 solvere
2277 4598 2539 4640 conatur:
2570 4584 2838 4639 Nimirum
2858 4587 2982 4656 quis
3008 4598 3062 4643 et
3079 4590 3254 4657 qualis
3277 4589 3392 4642 An-

186 4672 331 4733 Posuit
348 4678 635 4732 occasione
663 4678 916 4748 colloquii
940 4681 1083 4749 quod
1114 4680 1299 4735 habuit
1327 4697 1450 4735 cum
1476 4683 1713 4751 quodam
1817 4678 2049 4732 richristi
2079 4678 2365 4741 adventus,
2391 4694 2499 4747 qua
2521 4687 2677 4732 aetate
2704 4693 2767 4731 ac
2797 4687 3039 4747 tempore
3064 4681 3391 4734 revelabitur

188 4755 447 4831 Thcophilo
478 4767 620 4835 (94),
660 4770 747 4823 cui
776 4769 926 4822 illum
960 4770 1181 4835 dicavit,
1218 4788 1489 4842 quemque
1512 4773 1717 4827 charis-
1818 4769 2037 4838 iniquus
2085 4770 2208 4836 ille;
2260 4772 2551 4836 undeuam,
2598 4783 2653 4826 et
2682 4788 2749 4827 ex
2776 4788 2881 4841 qua
2916 4772 3083 4836 tribu,
3116 4771 3265 4840 quod
3312 4772 3389 4824 illi

189 4849 353 4907 Simum
380 4872 536 4911 suum
568 4858 792 4914 fratrem
824 4863 1076 4931 appellat.
1112 4861 1291 4917 Monet
1333 4873 1513 4917 autem
1548 4864 1717 4933 inpri-
1818 4862 2330 4931 uomen,quomodo
2349 4863 2606 4931 populum
2628 4864 2681 4916 in
2709 4878 2947 4917 errorem
2970 4863 3206 4927 inducet,
3224 4878 3389 4931 quam

190 4944 275 4997 mis
298 4945 644 5021 Theophilum
672 4992 687 5020 ,
733 4970 801 5007 ne
832 4956 1033 5025 scripta
1066 4969 1180 5013 sua
1219 4970 1343 5009 cum
1388 4955 1714 5021 infidelibus,
1820 4952 1949 5005 item
1978 4952 2183 5007 sanctis
2214 4953 2620 5008 tribulationem
2652 4954 2849 5007 inferet
2878 4953 3011 5024 (99).
3054 4952 3186 5006 Dein
3218 4953 3392 5021 expli-

244 5103 650 5181 (9_l).Combetls.
680 5109 735 5163 in
770 5109 913 5181 notis
938 5109 1005 5163 ad
1038 5126 1158 5180 cap.
1192 5126 1245 5177 v,
1276 5109 1413 5164 infra
1438 5126 1561 5181 pag.
1589 5110 1712 5175 419,
1817 5104 2282 5181 Ap‘ItdEpiphan.
2312 5105 2512 5181 haeres:
2534 5105 2623 5181 64,,
2654 5120 2704 5181 p.
2740 5105 2864 5181 540.

190 5174 305 5245 apud
331 5175 596 5242 Galland.,
628 5189 760 5234 tom.
790 5180 852 5233 ll.
1105 5174 1122 5180 ’
1231 5174 1239 5177 ⁷
1438 5174 1456 5180 “
1512 5174 1538 5181 ⁷
1702 5174 1707 5175 ⁷
1868 5174 2004 5245 (95)
2031 5174 2301 5245 Hippolyt.
2342 5176 2547 5245 li,b.7De
2576 5178 2923 5241 Antichristo,
2955 5191 3105 5229 num.
3142 5176 3193 5230 l.

243 5244 340 5319 (9g)
372 5247 582 5319 fabric.
616 5248 911 5319 Hippolyt.,
939 5258 1071 5303 tom.
1111 5249 1132 5301 Ι
1162 5248 1323 5319 0pp.,
1354 5265 1409 5318 p.
1439 5249 1493 5319 2,
1524 5257 1639 5302 not.
1676 5254 1716 5304 '.
1837 5316 1868 5319 *Α
1890 5244 2001 5317 (96)
2042 5265 2061 5298 t
2086 5244 2416 5319 urnamque
2445 5244 2633 5319 Patres
2656 5246 2859 5319 Spiritu
2884 5247 3180 5315 prophetia:
3197 5248 3393 5317 aptati,

244 5316 339 5385 (95)
366 5318 636 5387 Gallaud.,
671 5313 866 5376 1'0]an
890 5320 1144 5374 Biblioth.
1189 5313 1333 5385 PR,
1354 5313 1433 5374 'iu
1460 5318 1719 5390 Prolego-
1818 5313 2087 5390 digneque
2120 5316 2189 5390 ab
2212 5316 2334 5390 ipso
2369 5313 2545 5390 Verbo
2575 5313 2850 5390 honorati,
2875 5313 3268 5390 quolnimirutit
3295 5334 3386 5372 ve-

192 5384 327 5457 men.,
357 5402 473 5457 pag.
503 5384 629 5444 xu;
1321 5384 1327 5385 ⁷
1623 5384 1647 5390 ⁷
1822 5384 1903 5440 lut
1935 5384 2136 5455 organa
2175 5384 2239 5437 in
2260 5385 2453 5457 seipsis
2498 5386 2727 5457 unitum
2755 5384 2968 5456 semper
3000 5384 3237 5440 Verbum
3273 5399 3390 5440 tan—

240 5456 341 5531 ⁴(94)
390 5456 551 5531 Putat
597 5470 720 5529 post
772 5459 1079 5516 Fabricium
1137 5459 1438 5514 Ceillierius
1489 5468 1622 5531 tom.
1678 5458 1720 5513 ΙΙ
1821 5458 2275 5531 quanrplectrum
2332 5456 2615 5531 haberent.
2645 5456 2802 5531 cujus
2843 5467 2977 5512 nutu
3015 5465 3185 5531 atque
3206 5457 3385 5512 atllatu

196 5518 635 5611 hist.'geiiér._des
661 5541 895 5611 auteurs,
928 5530 1209 5610 pagaﬁu,
1239 5543 1350 5584 not.
1382 5528 1721 5611 d,._fortasse
1976 5518 2118 5611 Deus
2144 5526 2345 5611 “fellet,
2403 5525 2519 5579 haec
2572 5518 2850 5611 prophetae
2907 5518 3325 5583 auuuntiabant.
3361 5546 3382 5581 ι

194 5588 311 5671 {tunc
336 5588 685 5671 Theophilum
715 5588 964 5671 eumdem
998 5588 1206 5665 fuisse,
1236 5616 1398 5671 quem
1427 5588 1722 5671 alloquitur
1822 5588 2115 5671 l-lippolyt?
2142 5588 2379 5671 lib._cit.,
2408 5588 2654 5671 numfg.

194 5658 459 5723 Hetliodius
481 5658 797 5741 'episcopus
840 5670 987 5741 Tyri,
1027 5658 1271 5741 aequalis
1302 5658 1611 5741 Hippolyto,
1666 5670 1721 5723 in
2239 5665 2273 5741 l_.
2299 5658 2373 5728 c.,
2409 5682 2560 5741 num.
2599 5667 2654 5722 5.

197 5747 275 5785 suo
301 5745 521 5793 tractatu
544 5735 637 5794 _De
683 5735 1061 5794 resurrectione
1089 5735 1220 5794 3Vos
1252 5735 1387 5795 enini
1408 5735 1721 5793 ‘ser'monum
1896 5739 2005 5807 (98)
2046 5736 2211 5807 idem,
2248 5738 2281 5787 Ι.
2315 5751 2388 5799 c.,
2417 5753 2471 5789 n.
2498 5735 2552 5789 4.

196 5814 456 5875 nostrorum
483 5810 711 5878 judices,
742 5822 887 5879 teque
914 5813 1399 5882 imprimis,optime
1422 5810 1717 5881 Thwphite.
1897 5806 2009 5880 (99)
2052 5806 2217 5871 Idem,
2258 5807 2286 5860 ι.
2329 5824 2401 5872 c.,
2437 5822 2587 5861 num.
2626 5808 2657 5862 5
2692 5839 2714 5854 η
2748 5808 2836 5863 25.
