3882 6500
433 364 524 418 illi

1396 360 1482 415 DE
1514 353 1679 418 V'I'I‘A
1714 353 1801 418 ET
1839 358 2150 416 SCRIPTIS
2188 358 2247 413 S.
2288 358 2678 415 IIIPPOLY'I‘I.

3564 363 3667 420 ΞΜ

432 493 519 540 cat
582 478 822 539 visiones
875 475 1430 537 Nahuchodonosoris
1481 491 1535 537 et
1597 480 1838 536 Daniclis
1891 480 2002 550 hoc
2031 485 2081 543 Α
2109 492 2225 532 cem
2255 492 2481 543 cornua,
2510 492 2632 548 quae
2695 475 2879 532 futura
2937 487 3067 534 sunt
3113 492 3278 550 regna
3309 488 3363 535 et
3400 479 3665 550 imperia;

433 576 594 633 modo
623 576 701 648 (I)
726 594 739 630 :
770 595 788 627 ‹
814 574 952 642 Quia
988 575 1151 645 igitur
1175 589 1296 645 qum
1324 574 1404 629 sic
1433 588 1634 628 arcana
1666 588 1831 628 sensu
1856 548 1999 628 dicta

432 680 594 739 sunt,
649 671 926 726 nonnullis
972 670 1228 725 videntur
1275 678 1435 737 captu
1498 667 1759 733 diIlicilia,
1812 683 2001 722 eorum

432 764 569 821 nihil
601 763 1000 819 abscondemus
1022 802 1039 827 ,
1071 770 1131 815 ut
1172 760 1513 831 intelligant,
1540 759 1634 829 qui
1667 774 1798 813 sana
1824 768 2004 813 mente

434 857 641 930 prmditi
695 863 839 911 sunt.
892 853 1137 907 Leaenam
1187 852 1333 906 enim
1380 850 1609 906 dicendo
1641 850 2003 904 ascendentem

433 967 463 1006 ε
490 954 661 1017 mari,
693 947 1115 1019 Babyloniorum
1142 959 1369 1015 regnum
1403 945 1457 997 in
1490 943 1694 997 mundo
1729 942 2007 1012 signiﬁca.-

432 1043 545 1108 vit,
577 1040 719 1111 quod
754 1039 917 1110 hujus
946 1036 1220 1092 simulacri
1251 1043 1367 1089 erat
1400 1042 1555 1103 caput
1584 1050 1825 1087 auream.
1849 1031 2005 1099 Quod

434 1142 613 1188 autem
649 1131 808 1187 dicit:
858 1129 974 1182 Alce
1015 1128 1129 1197 ejus
1153 1126 1304 1197 quasi
1333 1124 1548 1195 aquilae,
1573 1123 1702 1194 quia
1737 1124 2006 1179 exaltatus

434 1235 518 1281 est
558 1240 652 1280 rex
682 1220 1207 1283 Nabuchodonosor,
1240 1228 1295 1274 et
1322 1220 1585 1273 adversus
1615 1216 1784 1271 Deum
1807 1218 2002 1271 elatus.

436 1320 573 1374 Dum
603 1320 707 1373 ait:
734 1316 946 1371 Evulsa:
976 1324 1096 1368 sunt
1125 1310 1227 1367 alte
1258 1311 1389 1381 ejus,
1416 1312 1544 1381 quia
1576 1309 1695 1380 ejus
1728 1309 1906 1364 ablata
1924 1316 2008 1364 est

436 1411 634 1483 gloria;
672 1402 939 1463 fuitenim
970 1406 1177 1475 ejectus
1207 1420 1237 1458 e
1271 1418 1437 1473 regno
1474 1418 1594 1457 suo.
1633 1401 1871 1455 Dicendo
1912 1416 2009 1454 au-

437 1509 575 1555 tem:
608 1498 711 1553 Cor
730 1497 954 1551 hominis
980 1497 1163 1548 datum
1183 1501 1258 1547 est
1283 1494 1330 1545 ei
1348 1503 1395 1545 et
1419 1508 1575 1560 super
1598 1490 1749 1561 pedes
1783 1491 2009 1544 hominis

438 1590 601 1655 stetit,
638 1588 765 1659 quia
815 1586 1010 1641 ductus
1062 1583 1379 1654 poenitentia
1442 1591 1542 1647 est,
1602 1583 1717 1650 ipse
1771 1582 2011 1651 seipsum

438 1694 759 1751 agnoscens,
795 1678 938 1748 quod
966 1679 1130 1731 homo
1153 1684 1315 1741 esset,
1354 1683 1408 1729 et
1436 1674 1584 1728 dedit
1615 1673 1842 1742 gloriam
1880 1672 2007 1727 Deo.

437 1771 569 1826 Post
594 1773 816 1825 leaenam
852 1784 980 1838 ergo
1008 1766 1307 1821 secundum
1351 1765 1552 1819 animal
1584 1764 1716 1819 vidit
1764 1780 1889 1818 urso
1938 1765 2013 1817 si-

439 1863 583 1925 mile,
635 1862 778 1932 quod
839 1870 969 1916 sunt
1012 1860 1191 1912 Persae
1225 1897 1240 1911 .
1277 1895 1291 1909 .
1326 1894 1340 1909 .
1375 1856 1615 1912 Dicendo
1671 1865 1855 1929 autem
1909 1864 2011 1910 tres

440 1966 595 2011 costis
626 1956 760 2025 (sive
792 1955 1031 2023 ordines)
1066 1955 1119 2006 in
1161 1968 1249 2005 ore
1290 1952 1424 2021 ejus,
1457 1962 1567 2005 tres
1596 1959 1783 2018 gentes
1811 1948 2017 2020 signin-

440 2050 602 2114 cavit,
632 2048 851 2109 Persas,
885 2046 1068 2101 Medos
1100 2054 1153 2100 et
1177 2044 1528 2115 Babylonios,
1572 2041 1735 2111 idque
1779 2040 2017 2095 ostendit

444 2149 729 2209 argentum
782 2137 1100 2207 adjunctum
1155 2150 1291 2189 auro
1322 2134 1373 2187 in
1407 2132 1722 2188 simulacro.
1758 2129 2019 2199 Sequitur

442 2230 602 2285 tertia
650 2230 819 2284 bestia
853 2228 1075 2298 pardus,
1134 2241 1327 2295 nempe
1380 2223 1590 2289 Graeci;
1647 2230 1771 2291 post
1821 2219 2016 2275 Persas

441 2322 586 2378 enim
616 2321 923 2377 Alexander
954 2318 1177 2374 Macedo
1210 2334 1394 2372 rerum
1444 2317 1650 2385 potitus
1701 2324 1784 2368 cst
1830 2313 2017 2367 debel-

410 2413 550 2479 lato
579 2411 761 2475 Dario,
794 2411 885 2481 qui
924 2411 976 2465 in
1030 2409 1326 2465 simulacro
1358 2409 1481 2462 teris
1528 2406 1711 2475 specie
1763 2414 2019 2459 ostensus

443 2512 546 2557 est.
573 2502 809 2557 Dicendo
840 2512 1021 2556 autem
1053 2509 1283 2570 quatuor
1330 2500 1445 2552 alas
1504 2498 1753 2561 volucris,
1788 2494 2019 2564 apertis-

444 2593 583 2647 sime
608 2592 794 2646 docuit
828 2592 1105 2661 quomodo
1139 2589 1429 2643 Alexandri
1458 2589 1748 2658 imperium
1782 2586 2018 2640 divisum

443 2682 580 2748 fuit;
616 2683 843 2738 dicendo
867 2683 1011 2737 enim
1045 2691 1276 2752 quatuor
1302 2682 1477 2750 capita
1503 2721 1517 2745 ,
1545 2687 1802 2750 quatuor,
1829 2677 2021 2747 qui-ex

446 2770 539 2823 illo
577 2778 929 2825 surrexerunt
956 2786 1128 2840 rcges,
1160 2770 1517 2833 memoravit;
1542 2767 1851 2822 Alexander
1875 2767 2021 2821 enim

446 2862 689 2915 moriens
711 2862 997 2931 imperium
1026 2862 1260 2915 solidum
1319 2861 1372 2914 in
1413 2870 1649 2931 quatuor
1678 2869 1861 2929 partes
1884 2859 2023 2914 divi-

448 2951 537 3004 sit.
571 2950 772 3005 Deinde
796 2952 872 3005 ait
900 2970 913 3005 :
943 2950 1127 3006 Bestia
1152 2961 1345 3022 quarta
1370 2934 1621 3006 terribilis
1652 2967 1715 3004 ac
1738 2950 2017 3021 stupenda,

447 3043 625 3096 dentes
655 3044 769 3111 ejus
801 3043 980 3112 ferrei,
1040 3052 1088 3097 et
1149 3060 1345 3114 ungues
1393 3043 1507 3113 ejus
1579 3047 1731 3099 cunei.
1787 3043 2021 3110 Quinam

448 3135 561 3197 isti,
599 3136 703 3189 nisi
761 3134 1014 3201 Romani,
1064 3136 1208 3206 quod
1260 3146 1346 3191 est
1404 3136 1665 3201 ferreum,
1698 3136 1843 3206 quod
1876 3149 2022 3189 nunc
2050 3170 2091 3227 Ο

448 3235 578 3294 stat,
611 3237 901 3298 manetque
931 3228 1243 3298 imperium,
1277 3242 1437 3282 crura
1475 3228 1619 3282 enim
1654 3227 1774 3298 ejus
1808 3226 2020 3294 ferrea;

447 3330 574 3387 pOSI.
595 3317 709 3372 haec
733 3318 876 3371 enim
913 3318 1044 3387 quid
1077 3319 1223 3375 aliud
1252 3328 1491 3389 superat,
1525 3320 1870 3385 charissime,
1893 3336 2025 3390 prte-

448 3418 533 3463 ter
558 3408 783 3479 vestigia
811 3409 1008 3477 pedum
1072 3410 1374 3477 simulacri,
1433 3420 1487 3466 et
1536 3411 1590 3466 in
1651 3412 1852 3481 quibus
1893 3428 2023 3482 pars

450 3499 700 3567 quaedam
729 3498 923 3563 ferrea,
982 3513 1112 3568 pars
1147 3514 1277 3554 vero
1334 3510 1505 3555 testea
1558 3510 1663 3567 est,
1719 3504 2026 3558 commistis

451 3590 594 3644 inter
625 3605 683 3643 se
712 3589 1030 3658 speciebus?
1057 3588 1160 3643 Per
1181 3606 1389 3661 ungues
1412 3592 1609 3662 pedum
1641 3608 1841 3648 arcano
1862 3611 2028 3651 sensu

457 3694 616 3750 reges
645 3696 711 3734 ex
744 3681 836 3734 illo
864 3690 1041 3735 ortum
1098 3682 1383 3738 habituros
1436 3685 1757 3755 designavit,
1803 3688 1879 3742 uti
1932 3687 2030 3743 Das

452 3773 561 3827 nieI
592 3775 666 3827 ait
695 3793 705 3825 :
736 3772 1046 3844 Cogitabam
1103 3774 1343 3842 bestiam,
1379 3786 1428 3830 et
1473 3794 1588 3831 ecce
1620 3795 1817 3832 cornua
1856 3781 2027 3834 decem

454 3872 595 3918 retro
619 3880 757 3931 eam,
789 3865 927 3918 inter
961 3882 1078 3936 qua:
1106 3878 1283 3937 surget
1312 3867 1640 3921 minusculus
1689 3870 1823 3923 stolo
1863 3872 2023 3937 alius,

452 3966 504 4010 et
530 3957 654 4020 tria,
689 3973 805 4027 qua!
844 3966 965 4011 ante
996 3959 1171 4028 ipsum
1205 3969 1377 4025 erant,
1432 3976 1630 4013 cornua
1657 3962 1856 4017 evellet.
1911 3963 2029 4030 Quo

455 4065 566 4104 non
590 4050 758 4115 aliud,
790 4066 954 4120 quam
990 4050 1359 4106 Antichristus
1418 4062 1756 4107 monstratus
1780 4062 1882 4118 est,
1933 4055 2029 4124 qui

455 4154 508 4197 et
537 4143 650 4212 ipse
695 4141 1008 4197 Iudaeorum
1068 4158 1293 4213 regnum
1328 4144 1693 4199 suscitaturus
1744 4155 1869 4200 est:
1925 4148 2027 4202 tria

457 4250 662 4289 cornua
710 4250 805 4305 per
844 4251 969 4289 eum
1007 4236 1192 4292 evulsa
1232 4246 1344 4292 tres
1370 4254 1524 4307 reges
1573 4247 1753 4305 vocat,
1785 4238 2026 4311 Egypti,

456 4325 641 4397 Lybiae
695 4335 749 4381 et
826 4326 1149 4397 Ethiopian,
1218 4344 1355 4397 quos
1434 4324 1719 4384 interliciet
1783 4331 1836 4385 in
1901 4331 2027 4386 belli

458 4434 593 4473 acre.
619 4437 637 4471 ι

2106 583 2275 623 cornu
2330 569 2476 623 aliud
2531 584 2756 639 parvum
2806 584 3178 635 succrescens,
3233 570 3375 641 quod
3407 570 3543 624 inter
3572 570 3661 625 illa

2106 667 2444 721 numeratur,
2495 658 2897 725 Antichristus;
2952 658 3088 728 lapis
3144 658 3454 730 percutiens
3486 666 3672 713 conte-

2111 761 2347 817 reusque
2381 748 2756 812 simulacrum,
2810 748 2901 817 qui
2936 756 3134 803 terram
3159 748 3475 819 adimplevit
3501 758 3555 804 et
3578 748 3670 817 ju-

2105 839 2306 893 dicium
2340 840 2540 893 mundo
2567 839 2747 903 infert,
2780 838 3080 895 Christus.»

2179 930 2448 985 Praeterea
2501 931 2559 985 S.
2602 930 2943 1003 Hippolytus.
2998 940 3285 1002 postquam
3336 933 3672 1003 prophetiam

2106 1023 2261 1079 Isaia:
2290 1026 2354 1079 de
2386 1025 2606 1078 interitu
2628 1023 2926 1079 Jerusalem
2949 1041 3069 1096 cap.
3103 1042 3144 1090 ι,
3178 1042 3231 1081 v.
3269 1025 3322 1094 7,
3352 1035 3407 1081 et
3446 1026 3681 1097 prophe-

2107 1117 2238 1170 tiam
2270 1114 2506 1172 Danielis
2534 1115 2600 1171 de
2630 1116 2946 1180 simulacro,
2974 1132 3068 1173 seu
3113 1126 3291 1174 statua
3317 1125 3478 1172 antea
3511 1116 3683 1188 expli—

2110 1219 2250 1271 cata,
2278 1209 2404 1263 item
2450 1209 2612 1263 aliam
2665 1210 3003 1280 prophetiam
3037 1210 3188 1267 Isaiae
3212 1226 3332 1281 cap.
3358 1227 3529 1280 van,
3556 1228 3612 1266 ν.
3646 1212 3673 1267 ί

2109 1307 2163 1353 et
2196 1314 2336 1369 seq.,
2364 1299 2637 1369 impletum
2691 1315 2816 1354 esse
2847 1301 3022 1370 quoad
3049 1302 3311 1371 majorem
3336 1311 3545 1372 partem
3575 1317 3677 1357 no-

2111 1391 2262 1457 tavit,
2290 1406 2356 1445 ex
2410 1391 2729 1463 Apocalypsi
2788 1394 2960 1447 sancti
2994 1392 3220 1449 Joannis
3266 1395 3441 1465 capite
3487 1412 3603 1451 xvn
3631 1407 3683 1451 et

2112 1498 2269 1540 xvnt:
2310 1483 2632 1538 Antichristi
2675 1484 3075 1539 damnationem
3113 1485 3231 1541 fuse
3262 1486 3540 1552 describit,
3564 1502 3686 1558 quae

2113 1575 2288 1643 capita
2318 1575 2406 1629 hic
2437 1584 2659 1629 sanctus
2688 1573 3009 1645 Hippolytus
3049 1576 3103 1630 in
3143 1586 3368 1632 extenso
3422 1577 3613 1643 refert,
3636 1587 3688 1633 et

2114 1666 2333 1720 demum
2386 1666 2570 1721 subdit
2614 1667 2731 1737 (5):
2765 1668 3104 1735 Apertissime
3138 1670 3191 1722 iu
3227 1670 3309 1723 his
3369 1672 3684 1726 testimoniis

2115 1756 2397 1826 sigillatim
2431 1757 2761 1811 declaratum
2795 1768 2870 1812 est
2934 1758 2997 1813 de
3040 1769 3415 1813 tormentorum
3452 1762 3686 1831 judicio,

2117 1864 2233 1918 qua:
2260 1850 2506 1901 extremis
2552 1849 2867 1915 temporibus
2908 1864 2999 1917 per
3037 1859 3401 1918 tyrannorum,
3441 1852 3531 1921 qui
3565 1864 3688 1906 tunc

2118 1948 2290 2005 erunt,
2322 1938 2577 2007 iujuriam
2604 1938 2753 1991 illaut
2794 1940 3063 1993 incessum
3094 1950 3236 1996 sunt.

2189 2031 2382 2086 Postea
2411 2031 2672 2086 describit
2694 2030 2750 2086 S.
2781 2030 2959 2098 Pater,
3006 2034 3280 2103 quomodo
3315 2049 3373 2089 se
3418 2034 3692 2088 Antichri-

2122 2134 2238 2177 stus
2277 2132 2334 2176 ut
2357 2122 2524 2177 Deum
2562 2123 2836 2177 exhibebit
2867 2125 2943 2200 (4)
2967 2125 3337 2195 populumque
3366 2126 3432 2179 ad
3474 2141 3530 2181 se
3559 2142 3695 2181 con-

2121 2216 2363 2286 gregabit
2417 2214 2492 2287 (ὅ)
2533 2226 2695 2284 atque
2720 2226 3108 2286 persecuturus
3142 2218 3211 2273 sit
3255 2217 3553 2273 Ecclesium
3591 2218 3687 2288 (6).

2122 2306 2349 2362 Mortem
2380 2309 2697 2364 Antichristi
2730 2311 2948 2364 tandem
2982 2310 3169 2365 statuit
3218 2320 3340 2380 post
3376 2311 3493 2365 dies
3538 2311 3693 2381 regni

2122 2402 2295 2471 ipsius
2326 2402 2472 2455 mille
2501 2402 2764 2457 ducentos
2796 2412 2848 2457 et
2881 2405 3181 2473 sexaginta.
3218 2401 3313 2457 IIis
3344 2412 3525 2457 autem
3544 2417 3695 2457 com-

2122 2495 2282 2565 pletis
2326 2494 2481 2548 docet
2537 2494 2772 2549 futuram
2824 2496 3011 2549 mundi
3063 2494 3299 2549 universi
3334 2510 3691 2549 consumma-

2123 2586 2355 2649 tionem,
2414 2585 2677 2655 judicium
2734 2595 3071 2651 extremum,
3128 2602 3464 2658 regnumque
3520 2589 3695 2642 caelo-

2127 2693 2246 2731 rum
2281 2678 2376 2747 (7).

2199 2770 2442 2841 Denique
2483 2770 2541 2825 S.
2603 2768 2922 2841 Hippolytus
2968 2788 3121 2826 suam
3175 2770 3693 2826 demonstrationem

2127 2864 2478 2933 sequentibus
2512 2864 2823 2919 concludit:
2881 2882 2898 2914 ‹
2929 2861 3052 2918 Ilzcc
3091 2864 3185 2919 tibi
3221 2864 3408 2933 paucis
3441 2863 3697 2933 exposui,

2127 2951 2447 3024 Theophile,
2497 2970 2562 3007 ex
2619 2954 2815 3009 divinis
2864 2954 3160 3024 Scripturis
3206 2953 3423 3019 hausta,
3475 2962 3540 3006 ut
3590 2967 3701 3007 ser-

2125 3046 2303 3101 vando
2337 3045 2462 3111 lide,
2498 3061 2619 3116 qua:
2655 3045 2858 3116 scripta
2912 3054 3057 3111 sunt,
3106 3045 3558 3115 prospiciensque
3613 3041 3701 3096 fu.

2127 3148 2270 3203 tura,
2308 3137 2628 3191 inolfensum
2656 3145 2706 3191 te
2734 3136 2843 3191 Deo
2873 3152 2937 3193 ac
2993 3137 3304 3191 hominibus
3356 3152 3569 3199 serves,
3611 3151 3701 3190 ex‘

2127 3229 2616 3298 spectans.beatam
2653 3243 2801 3297 spem
2844 3236 2898 3283 et
2926 3228 3341 3283 illustrationem
3371 3222 3465 3281 Dei
3494 3236 3553 3282 et
3581 3226 3699 3281 Sal-

2129 3320 2335 3375 vatoris
2367 3320 2561 3388 nostri,
2592 3321 2648 3375 in
2675 3336 2783 3390 qua
2814 3320 3088 3376 suscitatis
3116 3322 3319 3376 sanetis
3344 3321 3552 3375 nostris
3577 3336 3698 3375 cum

2126 3415 2207 3468 eis
2243 3412 2515 3467 laetabitur
2535 3412 2843 3483 gloriﬁcans
2875 3411 3121 3478 Patrem;
3153 3412 3253 3483 ipsi
3278 3412 3447 3483 gloria
3470 3412 3529 3467 in
3562 3426 3702 3469 sem-

2127 3503 2335 3574 piterna
2371 3503 2569 3559 saecula
2602 3503 2945 3558 saeculorum.
2974 3504 3198 3558 Amen.»

2652 3634 3048 3692 ARTICULUS
3078 3636 3163 3691 Ill.

2204 3776 2549 3817 S.BIPPOLY1‘I
2587 3774 2892 3816 OPUSCULUM
2943 3776 3010 3814 DE
3056 3776 3306 3815 HISTORIA
3346 3774 3621 3817 ευελκκλε.

2201 3870 2731 3927 Demonstrationem
2771 3871 2837 3926 de
2885 3870 3107 3926 Christo
3144 3882 3198 3926 et
3241 3872 3585 3928 Antichristo
3614 3889 3707 3929 ex-

2131 3958 2260 4029 cipit
2290 3961 2614 4030 opusculum
2641 3961 2697 4013 in
2729 3958 3055 4022 Susannam,
3093 3976 3121 4013 a
3152 3960 3479 4016 Combelisio
3515 3961 3705 4017 Graece

2131 4065 2195 4105 ac
2238 4050 2427 4107 Latine
2450 4053 2726 4124 vulgatum
2792 4051 2911 4122 (8):
2950 4053 3075 4107 hinc
3116 4066 3246 4107 vero
3275 4068 3306 4105 a
3362 4051 3623 4107 Fabricio
3652 4053 3705 4106 in

2131 4157 2285 4197 suam
2310 4143 2602 4198 editionem
2630 4144 2935 4213 conjectum
2992 4144 3104 4214 (9):
3138 4144 3316 4199 versio
3351 4153 3537 4199 autem
3604 4144 3707 4199 La-

2129 4234 2243 4288 tina
2268 4235 2321 4288 in
2352 4233 2678 4289 Bibliotheca
2732 4232 2831 4288 SS.
2873 4233 3093 4287 Patrum
3154 4233 3503 4305 Lugdunensi
3551 4251 3708 4306 repe.

2132 4329 2227 4382 tita
2264 4328 2395 4397 (I0).
2426 4328 2501 4383 De
2526 4329 2691 4398 hujus
2740 4329 2987 4397 opusculi
3044 4329 3349 4399 integritate
3394 4344 3563 4383 nemo
3583 4329 3708 4399 jure

2132 4420 2517 4491 ambigat,.ubi
2559 4420 2801 4475 conferat
2855 4420 2985 4475 illud
3022 4436 3145 4475 cum
3190 4420 3547 4490 prmcedentis
3582 4434 3703 4490 cap.

528 4509 729 4563 Eodem
766 4507 875 4564 fere
930 4510 1092 4564 modo
1136 4509 1194 4565 S.
1247 4509 1565 4584 Ilippolytus
1599 4512 1871 4567 somnium
1920 4512 2028 4568 Na-
2057 4532 2100 4587 (ι
2133 4515 2220 4570 59.
2258 4514 2534 4585 Siquidem
2568 4515 2853 4586 utrobique
2882 4528 3063 4585 parem
3096 4513 3402 4585 Scripturas
3429 4515 3707 4585 interpre.

458 4603 930 4659 buchodonosoris
962 4605 1261 4676 deingenti
1321 4621 1385 4661 ac
1446 4608 1551 4661 alta
1610 4616 1807 4672 statua,
1858 4621 2021 4678 quam

458 4694 645 4751 Daniel
674 4696 979 4766 descripsit,
1029 4699 1413 4768 interpretatur
1442 4700 1539 4770 (2).
1574 4699 1811 4755 Aureum
1839 4713 2022 4772 caput,

458 4788 655 4859 inquit,
689 4790 988 4855 simulacri,
1040 4791 1239 4856 Icarum,
1303 4811 1322 4843 ‹
1350 4791 1628 4863 Babylonii
1682 4801 1874 4859 erant;
1916 4794 2023 4849 hu-

457 4879 595 4933 meri
624 4888 678 4934 ct
712 4881 933 4935 brachia
977 4893 1252 4952 argentea,
1302 4900 1487 4948 ursus,
1542 4884 1725 4940 Persa:
1752 4894 1806 4940 et
1850 4885 2020 4952 Medi;

457 4980 647 5027 venter
691 4972 975 5043 femurque
1001 4990 1235 5038 aeneum,
1285 4976 1509 5046 pardus,
1543 4978 1634 5047 qui
1673 4979 1742 5033 ab
1792 4978 2023 5033 Alexan-

457 5064 557 5118 dro
586 5063 757 5119 Graeci
815 5082 997 5121 rerum
1048 5068 1198 5136 potiti
1262 5079 1420 5135 sunt;
1470 5086 1630 5125 crura
1677 5070 1872 5136 ferrea,
1903 5083 2023 5125 stu-

457 5158 633 5226 penda
660 5157 828 5213 bestia
854 5174 917 5213 ac
939 5159 1215 5223 terribilis,
1260 5156 1512 5224 Romani,
1547 5163 1637 5231 qui
1670 5178 1813 5216 nunc
1838 5177 2022 5215 rerum

458 5245 771 5312 potiuntur;
797 5248 1019 5318 vestigia
1054 5250 1271 5317 pedum,
1298 5260 1432 5305 testa
1462 5250 1792 5321 ferrumque,
1822 5266 1886 5306 ac
1931 5251 2025 5307 de-

531 5445 607 5519 (I)
636 5444 913 5519 _IIippolyt.
942 5450 979 5503 I.
1008 5466 1085 5513 c.,
1118 5467 1269 5504 num.
1300 5450 1370 5504 25
1400 5482 1418 5491 -
1443 5452 1531 5506 28.

553 5517 607 5585 2)
636 5516 800 5584 Idem,
835 5516 990 5585 ibid.,
1021 5536 1172 5574 num.
1198 5521 1288 5574 28.

556 5587 609 5654 5)
641 5587 802 5653 Idem,
835 5588 990 5655 ibid.,
1018 5590 1052 5644 l.
1077 5606 1126 5646 c.
1157 5606 1308 5644 num.
1337 5592 1424 5646 45.

528 5655 773 5725 (4)1dem
800 5660 895 5723 ib.,
921 5677 1071 5715 num.
1104 5662 1190 5715 52.

534 5726 611 5793 (5)
640 5725 718 5797 Id.
758 5728 913 5797 ibid.,
946 5748 1096 5786 num.
1130 5733 1218 5787 54.

535 5796 611 5868 (6)
638 5796 712 5853 Id.
744 5796 905 5871 ibid.,
937 5817 1088 5862 num.
1123 5803 1191 5858 56
1212 5812 1265 5860 et
1299 5819 1414 5874 seq.

2135 4607 2283 4661 tandi
2318 4607 2581 4662 rationem
2618 4606 2774 4663 facile
2797 4617 3073 4679 agnoscet.
3106 4606 3203 4663 His
3244 4607 3453 4662 accedit
3482 4604 3707 4679 Georgii

2135 4696 2369 4767 Syncelli
2402 4699 2799 4766 testimonium,
2835 4700 2926 4770 qui
2948 4700 3209 4769 scriptum
3242 4700 3559 4769 hujusmodi
3580 4716 3707 4771 per-

2132 4789 2328 4859 legisse
2354 4790 2587 4845 videtur.
2645 4791 2736 4846 Sic
2763 4791 2905 4846 enim
2935 4792 3122 4847 scribit
3153 4788 3263 4863 (II)
3291 4810 3304 4846 :
3357 4811 3374 4844 ι
3415 4790 3586 4848 Sacer
3615 4810 3707 4848 au-

2132 4890 2240 4936 tem
2267 4880 2586 4954 Hippolytus
2616 4884 2668 4938 in
2704 4885 2907 4953 scripto
2959 4886 3024 4939 de
3083 4884 3333 4939 Susanna
3368 4893 3421 4939 et
3452 4883 3703 4951 Daniele,

2131 4972 2379 5029 Joachim
2414 4973 2642 5030 Joacimi
2700 4976 2907 5043 lilium,
2952 4977 3059 5031 alio
3091 4978 3309 5033 nomine
3355 4974 3703 5041 Jecboniam,

2132 5081 2257 5120 cum
2290 5076 2398 5120 tres
2434 5083 2607 5122 annos
2649 5076 2771 5137 post
2803 5080 3009 5138 patrem
3069 5070 3408 5138 imperasset,
3470 5070 3709 5142 Babylo-

2132 5172 2255 5211 nem
2283 5173 2406 5212 cum
2460 5158 2684 5228 reliquis
2741 5160 3100 5226 translatum;
3156 5161 3430 5217 Danielem
3478 5179 3613 5217 vero
3644 5178 3709 5217 ac

2134 5259 2244 5305 tres
2285 5265 2484 5319 pueros
2512 5252 2840 5321 captivitatis
2866 5252 3029 5323 hujus
3052 5264 3373 5320 consortes;
3405 5269 3528 5309 eum
3572 5271 3709 5311 vero

2204 5452 2281 5517 (7)
2312 5450 2389 5506 Id.
2428 5452 2585 5515 ibid.,
2618 5468 2770 5506 num.
2802 5451 2891 5505 6I.
2922 5451 3011 5517 62,
3043 5452 3131 5515 65,
3156 5451 3244 5517 64,
3277 5450 3365 5511 65.
3395 5450 3482 5504 66.

2134 5522 2307 5647 50(8))6
2332 5521 2647 5588 Combetis.,
2712 5523 2931 5577 Auctar.
2996 5524 3213 5586 noriss.,
3279 5532 3409 5574 tom.
3470 5520 3510 5586 Ι,
3576 5536 3706 5591 pag.

2206 5632 2495 5734 (§)Viiabr.,
2518 5660 2787 5734 Hippolyt.
2807 5671 2953 5734 tom.
2979 5662 2999 5715 I
3033 5660 3346 5734 0pp.,_pag.
3377 5660 3481 5714 2⁸73
3498 5670 3568 5734 ct‘
3583 5677 3705 5734 seq.

2206 5733 2317 5799 (10)
2342 5732 2484 5803 Bibl.
2526 5731 2641 5785 P‘I’.
2674 5731 2942 5802 Lugdun.,
2982 5744 3112 5786 tom.
3143 5732 3353 5803 XXVII,
3379 5748 3498 5803 pag.
3538 5731 3637 5788 62.

2209 5803 2321 5873 (II)
2347 5802 2738 5873 Chronograph.
2775 5818 2895 5872 pag.
2920 5803 3046 5871 218,
3075 5804 3144 5856 al.
3176 5802 3292 5857 ιη.
