3882 6498
537 357 645 416 295

1512 352 1601 407 DE
1638 349 1801 406 VITA
1833 350 1923 406 ET
1964 347 2210 406 SCRIPT
2217 348 2278 405 IS
2317 348 2374 403 S.
2412 344 2796 403 HlPPOLYTl.
3644 348 3731 407 296

539 477 632 548 lyti
665 476 749 531 sui
777 476 1085 541 volumine;
1125 474 1216 545 qui
1242 483 1425 545 postea
1460 473 1667 529 codicis
1700 472 1948 529 Vaticani
1985 487 2117 541 apo-
2149 475 2186 532 Α
2218 473 2329 535 ire;
2355 470 2487 540 quid
2519 469 2667 524 aliud
2706 468 2811 523 sibi
2851 467 2983 531 vult,
3019 467 3121 522 nisi
3167 466 3313 536 quod
3358 463 3513 521 Luca:
3541 481 3643 531 XVI,
3689 466 3745 522 26

540 568 803 638 graphum
832 577 1043 633 nactus,
1074 566 1218 635 quod
1246 581 1369 620 cum
1396 580 1462 619 eo
1500 565 1920 619 communicavit
1946 562 2122 617 Mont-

539 659 826 714 fauconins
852 657 917 711 γ.
950 658 1039 723 C.,
1070 659 1121 710 in
1156 657 1455 727 posteriore
1485 654 1671 711 Graece
1701 664 1755 710 et
1797 655 1989 710 Latine
2029 671 2121 710 eo-

539 752 664 808 dem
726 750 995 806 Turriano
1041 750 1333 819 interprete
1378 764 1517 819 opus
1563 748 1820 818 vulgavit.
1866 748 2007 803 ldem
2047 749 2116 803 cl.

543 846 720 901 editor
755 844 1063 914 suspicatur
1097 842 1371 896 laudatam
1402 841 1912 895 Demonstrationem
1934 840 2120 894 adver-

538 955 627 992 sus
675 936 892 990 Judwos
949 950 1070 990 esse
1122 935 1449 1005 particulam
1496 935 1995 989 commentariorum
2055 931 2115 987 S.

540 1030 818 1101 llippolyli
859 1031 913 1082 in
947 1027 1212 1090 I’salmos,
1242 1042 1367 1082 cum
1427 1028 1501 1083 sit
1548 1029 1715 1083 veluti
1766 1030 2117 1099 paraphrasis

539 1122 742 1178 Psalmi
790 1140 981 1187 vam,
1009 1123 1162 1192 juxta
1216 1118 1473 1176 Hebrzeos
1498 1137 1647 1188 Lx1x,
1677 1122 1731 1175 in
1776 1136 1886 1191 quo
1935 1120 2116 1189 passio

538 1215 753 1271 Christo
808 1231 838 1269 a
883 1213 1086 1272 Iudaeis
1115 1214 1395 1271 inferenda
1423 1214 1822 1285 praenuntiatur
1852 1229 1880 1267 a
1916 1211 2117 1267 Davide

542 1309 688 1380 regio
718 1308 912 1378 psalle.

1084 1436 1481 1494 ARTICULUS
1523 1436 1586 1493 V.

541 1569 608 1609 DE
635 1569 793 1609 LlBIlO
828 1572 850 1607 1
879 1568 1146 1609 Αυνεῐιευε
1184 1569 1421 1616 οιιιιεεοε,
1449 1570 1545 1608 SEU
1588 1568 1798 1607 CONTRA
1835 1566 2113 1608 PLATONEI

1015 1639 1081 1680 DE
1113 1640 1278 1680 CAUSA
1311 1640 1572 1679 UNIVEBSI.
1608 1634 1626 1676 ἰ

611 1738 817 1806 Quarto
846 1739 965 1792 loco
1001 1736 1414 1791 memorandum
1450 1736 1691 1791 occurrit
1725 1734 1937 1805 insigne
1970 1734 2112 1805 frag-

2225 564 2486 618 Dominus
2504 562 2977 633 pronuntiaverat:
3000 558 3069 612 Et
3097 560 3149 613 in
3180 560 3259 611 his
3280 558 3513 612 omnibus
3530 559 3655 611 inter
3670 574 3745 613 nos

2218 666 2268 711 et
2297 672 2381 709 vos
2409 655 2564 708 chaos
2590 669 2834 724 magnum
2860 653 3129 722 ﬁrmatum
3150 660 3249 716 est,
3267 650 3591 723 ἐστήρικται,
3616 661 3667 705 ut
3686 654 3746 718 hi,

2218 748 2307 819 qui
2334 746 2510 801 uolunt
2530 747 2651 799 hinc
2678 746 2904 798 transire
2925 744 2993 797 ad
3018 759 3124 808 vos,
3153 759 3255 796 non
3281 744 3501 813 possint,
3518 759 3660 813 neque
3680 742 3748 797 itt-

2217 840 2281 893 de
2304 839 2404 892 huc
2428 837 2798 892 transmeare?

2294 947 2312 979 (
2344 927 2450 982 Eos
2502 927 2681 982 dedita
2730 940 2896 997 opera
2942 940 3050 980 non
3099 922 3308 991 refello,
3350 924 3443 993 qui
3498 932 3745 977 tractatuum

2218 1019 2408 1089 istum}
2432 1018 2584 1084 Caio,
2640 1016 2887 1084 Justino,
2936 1017 3162 1079 Irenaeo,
3213 1014 3434 1085 Origeni
3476 1024 3530 1069 et
3571 1014 3749 1070 Meletio

2216 1110 2606 1180 ascripserunt.
2658 1108 2844 1164 Satius
2871 1108 2943 1165 sit
2973 1108 3152 1174 nobis,
3188 1108 3241 1162 in
3274 1108 3616 1177 inscriptione
3640 1108 3750 1178 lapi-

2214 1204 2314 1258 dea
2340 1204 2729 1266 vetustissima,
2753 1216 2875 1271 qua:
2902 1203 3200 1256 etiamnum
3231 1210 3428 1264 exstat,
3456 1202 3590 1255 inter
3614 1216 3749 1271 opera

2218 1296 2491 1367 llippolyti
2517 1296 2834 1351 Portuensis
2853 1294 3095 1366 episcopi
3122 1296 3392 1350 recenseri
3426 1296 3613 1349 librum
3637 1294 3747 1366 πρὸς

2130 1434 2133 1437 .
2218 1387 2498 1453 Πλάτωνα,
2534 1390 2566 1460 ἢ
2614 1391 2742 1462 περὶ
2786 1388 2878 1444 τοῦ
2929 1385 3145 1451 παντός,
3178 1387 3247 1441 ad
3283 1386 3600 1457 (adversus)
3642 1386 3749 1440 Pla-

2217 1492 2409 1545 tonem,
2437 1500 2525 1537 seu
2570 1484 2633 1537 de
2672 1484 2935 1546 universo,
2966 1489 3028 1534 ut
3069 1478 3302 1535 alterum
3331 1481 3481 1536 illius
3510 1490 3748 1550 parentem

2217 1594 2325 1632 non
2357 1586 2687 1647 quaeramus.
2729 1576 2997 1634 Nimirum
3043 1578 3310 1635 accidisse
3356 1584 3567 1647 oportet
3605 1585 3660 1630 ut
3698 1575 3748 1629 li-

2216 1669 2452 1732 brarius,
2495 1685 2618 1724 cum
2663 1670 2717 1724 in
2762 1672 2968 1738 codice,
2995 1687 3158 1742 quem
3187 1686 3298 1740 pra:
3322 1669 3495 1725 oculis
3533 1668 3748 1731 habebat,

2218 1759 2423 1828 primas
2460 1758 2724 1813 duntaxat
2762 1760 3003 1815 nominis
3033 1758 3303 1829 Hippolyti
3335 1757 3543 1812 litteras
3572 1755 3749 1811 Gracas

541 1842 783 1887 utentum
830 1830 1073 1899 exlibro
1115 1830 1362 1883 adversus
1407 1827 1644 1891 Gra’cos,
1675 1828 1764 1897 qui
1809 1827 2113 1880 inscribitur

2219 1827 2633 1916 legeret,"lm:o,
2657 1848 2845 1904 deletis
2868 1848 2951 1903 vel
2970 1827 3293 1918 compend—io
3318 1846 3620 1917 suppressis
3637 1846 3749 1910 aliis,

540 1926 786 1979 adversus
860 1923 1160 1990 Platonem,
1214 1924 1278 1977 de
1314 1940 1477 1977 causa
1506 1923 1770 1985 universi;
1801 1936 1963 1991 quem
1990 1921 2114 1991 qui-

539 2022 660 2073 dem
698 2022 751 2073 in
788 2018 1049 2073 laterculo
1094 2018 1305 2088 lapideo
1347 2026 1704 2072 memoratum
1735 2015 1943 2079 videas,
1978 2014 2113 2087 πρὸς

541 2112 806 2182 Ἓλληνας
845 2111 938 2164 καὶ
985 2110 1120 2183 πρὸς
1163 2110 1441 2177 Πλάτωνα,
1473 2109 1505 2181 ἢ
1540 2109 1635 2163 κα)⁵
1678 2108 1806 2180 περὶ
1837 2108 1929 2162 τοῦ
1974 2125 2112 2161 παν-

539 2204 649 2267 τός.
684 2202 844 2257 Plura
877 2202 942 2258 de
970 2217 1035 2258 eo
1061 2202 1270 2257 erudite
1299 2202 1582 2257 Fabricius
1611 2200 1745 2273 (22).
1784 2197 1979 2269 Scripti
2014 2198 2116 2252 hu-

538 2294 627 2361 ius
657 2292 959 2365 Hippolytei
1003 2292 1317 2363 praestantia
1366 2293 1475 2348 duo
1508 2302 1782 2361 excerpta,
1813 2299 1867 2345 et
1895 2290 2113 2359 quidem

538 2387 697 2441 editis
733 2384 1122 2453 emendatiora,
1157 2394 1374 2442 exstant
1405 2385 1459 2438 in
1494 2382 1783 2438 Parallelis
1828 2381 2116 2437 Damasce-

540 2475 680 2530 nicis
730 2473 1174 2545 Rupefucaldiuis
1225 2492 1347 2545 pag.
1385 2475 1489 2530 755
1536 2482 1591 2529 et
1635 2473 1757 2537 789,
1789 2473 2114 2543 quibuscum

539 2578 825 2636 propterea
856 2568 1061 2622 editum
1098 2566 1484 2622 Fabricianum
1519 2566 1753 2622 contulit
1799 2566 1866 2622 cl.
1896 2566 2116 2636 Callan-

540 2634 555 2636 “
646 2634 657 2636 “
2077 2634 2103 2655 ο

539 2658 685 2712 diUSt
1317 2678 1324 2687 ’
1530 2687 1545 2721 θ

611 2769 1061 2844 Quandoquidem
1098 2788 1228 2829 vero
1259 2773 1327 2829 de
1352 2773 1514 2844 bujus
1552 2773 1734 2843 operis
1770 2782 1994 2828 auctore
2021 2787 2116 2826 va-

542 2866 624 2920 ria
670 2877 783 2921 tum
836 2876 1116 2933 veterum,
1167 2877 1282 2921 tum
1320 2867 1683 2921 recentiorum
1733 2863 2117 2921 circumfertur

544 2959 749 3028 Opinio,
797 2960 851 3013 in
886 2959 1123 3013 medium
1162 2958 1431 3014 adducere
1461 2959 1638 3028 placet
1663 2958 1948 3030 Lequienii
1972 2959 2117 3030 judi-

541 3050 716 3115 cium;
753 3049 909 3119 cujus
953 3049 1172 3119 quidem
1217 3049 1320 3103 viri
1368 3049 1669 3104 doctissimi
1696 3049 2020 3104 sententiam
2050 3047 2118 3101 li-

541 3144 733 3197 benter
766 3143 1161 3212 amplectimur.
1217 3142 1310 3196 Sic
1361 3141 1528 3212 igitur
1570 3142 1660 3196 ille
1686 3142 1799 3213 (25)
1833 3162 1845 3197 :
1888 3160 1907 3193 ι
1936 3140 2117 3196 Lucu-

542 3234 808 3289 brationis
850 3233 1013 3303 hujus
1042 3232 1179 3304 Περὶ
1223 3231 1318 3286 τοῦ
1362 3231 1583 3295 παντός,
1621 3231 1693 3285 De
1727 3232 1988 3298 universo,
2016 3247 2112 3286 ex-

542 3338 786 3396 cerptum
830 3325 974 3378 aliud
1006 3324 1234 3378 habetur
1267 3324 1320 3377 in
1358 3323 1443 3379 bis
1472 3322 1755 3377 Parallelis
1788 3323 2117 3394 RnpefuCal-

542 3417 706 3479 diuis,
757 3416 858 3468 litt.
908 3431 959 3478 τι,
991 3414 1074 3469 tit.
1108 3413 1195 3479 7i,
1248 3414 1338 3467 ubi
1386 3413 1595 3467 Meletio
1645 3415 1966 3469 Antiocheno
2019 3414 2115 3468 tri-

544 3505 750 3558 buitur.
818 3502 1041 3557 Photius
1096 3502 1207 3573 (24)
1268 3504 1369 3557 hoc
1414 3504 1552 3558 idem
1612 3520 1746 3574 opus
1782 3507 2114 3577 assignatum

543 3594 713 3650 fuisse
742 3606 927 3650 narrat
953 3596 1155 3650 sanctis
1177 3595 1413 3663 Justino,
1450 3595 1655 3651 lremeo
1681 3607 1733 3651 et
1759 3596 1891 3652 Caio
1916 3597 2118 3653 Roma-

543 3702 627 3740 na:
672 3686 929 3742 Ecclesia:
956 3688 1292 3758 presbytero.
1338 3688 1561 3758 Josephi
1607 3690 1822 3758 quidem
1855 3704 1961 3743 non
1995 3704 2117 3744 esse

544 3778 713 3833 fetum
741 3779 866 3833 inde
891 3780 1195 3836 certissime
1223 3793 1475 3836 constare
1496 3783 1750 3844 arbitror,
1774 3784 1915 3852 quod
1944 3782 2118 3838 ambae

544 3872 661 3927 ista:
713 3873 942 3939 laciniae,
981 3873 1091 3927 imo
1143 3883 1315 3928 totum
1358 3874 1742 3944 fragmentum,
1793 3876 1935 3945 quod
1991 3874 2115 3930 Ha:-

544 3966 781 4021 schclius
805 3967 857 4020 in
890 3968 1033 4021 notis
1063 3967 1131 4022 ad
1159 3967 1415 4022 Photium
1450 3967 1634 4023 Grarce
1666 3968 1850 4032 edidit,
1878 3984 1942 4021 ac
1964 3966 2114 4021 Cra:-

543 4073 605 4114 ce
632 4058 928 4130 Latineque
951 4059 1256 4131 Stephanus
1276 4062 1351 4116 Le
1372 4061 1564 4133 Moyne
1588 4062 1728 4115 inter
1764 4060 1923 4114 Varia
1939 4078 2113 4127 sacra,

542 4151 936 4218 Christianum,
962 4169 1071 4207 non
1105 4152 1349 4211 Judmum
1385 4163 1660 4209 auctorem
1694 4154 1945 4223 prodant.
1978 4151 2114 4208 Nam

543 4244 823 4300 Christum
850 4260 971 4300 esse
998 4245 1169 4300 Deum
1201 4232 1442 4302 Verbum
1476 4247 1654 4309 docet,
1682 4248 1791 4300 imo
1827 4245 1998 4301 Deutn
2031 4245 2114 4301 fa-

545 4353 691 4392 etum
722 4338 1019 4405 hominem,
1046 4338 1176 4393 Θεὸν
1206 4339 1715 4413 ἐνανθρωπήσαντα.
1766 4339 2115 4409 Evangelicas

545 4430 770 4498 insuper
796 4430 1097 4487 locutiones
1142 4440 1196 4486 et
1242 4431 1537 4487 sententias
1571 4441 1815 4499 usurpat.
1848 4432 1937 4485 Sic
1969 4433 2113 4486 enim

2218 1938 2347 1993 hinc
2379 1940 2676 1995 arbitratus
2706 1941 2798 2006 sit,
2828 1941 2998 1997 fuisse
3026 1942 3288 2011 scriptum
3333 1939 3613 1995 Ἰωσίππου
3642 1938 3750 2009 (9.5),

2218 2029 2360 2084 unde
2402 2046 2539 2100 opus
2568 2029 2805 2100 Josepho
2848 2032 3245 2087 restituendum
3278 2031 3542 2086 intulerit.
3580 2030 3750 2084 Aucto-

2218 2137 2328 2176 rem
2360 2138 2522 2191 porro
2553 2139 2655 2177 non
2682 2122 2923 2179 Platonis
2952 2123 3239 2194 opinidnes
3264 2137 3646 2193 propugnasse,
3677 2120 3751 2175 sed

2218 2214 2394 2283 potius
2422 2214 2789 2284 impugnasse,
2814 2215 3058 2285 adeoque
3090 2215 3376 2286 legendum
3406 2230 3530 2270 esse
3561 2215 3640 2284 (in
3669 2212 3751 2267 Pa-

2217 2305 2417 2360 rallelis
2459 2315 2510 2360 et
2543 2306 2597 2360 in
2640 2307 2819 2376 operis
2862 2307 3257 2377 inscriptione)
3304 2306 3449 2360 κατὰ
3482 2305 3749 2367 Πλάτωνος,

2219 2406 2273 2451 ct
2303 2412 2411 2451 non
2445 2398 2585 2453 κατὰ
2616 2397 2900 2461 Πλάτωνα,
2927 2398 3039 2467 jam
3073 2398 3177 2452 viri
3218 2398 3364 2454 docti
3410 2398 3750 2453 observarunt.

2222 2490 2287 2545 Et
2309 2501 2454 2546 certe
2477 2493 2529 2545 in
2554 2492 2639 2546 his
2664 2491 2981 2562 fragmentis
3008 2489 3410 2546 Platonicorum
3445 2489 3752 2561 philosopho-

2220 2600 2341 2639 rum
2392 2585 2460 2639 de
2507 2584 2719 2639 inferno
2751 2584 2945 2639 fabula:
2987 2599 3051 2638 ac
3085 2582 3274 2638 naenia:
3300 2581 3479 2637 dedita
3512 2596 3660 2651 opera
3682 2594 3749 2633 re-

2218 2676 2474 2732 felluntur
2506 2677 2999 2747 explodunturque,
3033 2676 3229 2732 horum
3290 2676 3411 2731 loco
3464 2672 3750 2735 substitutis,

2217 2787 2339 2840 qua:
2369 2770 2677 2826 Christiana
2712 2771 2845 2825 lich
2883 2770 3066 2835 tradit,
3094 2770 3139 2825 si
3170 2784 3341 2839 pauca
3368 2769 3577 2833 demas,
3605 2780 3707 2837 qua:
3726 2779 3751 2816 a

2217 2863 2492 2919 communi
2514 2862 2909 2917 catholicorum
2930 2863 3177 2918 doctrina
3205 2863 3536 2931 discrepant.
3567 2858 3753 2913 Photius

2217 2958 2468 3012 observat
2490 2970 2627 3025 opus
2649 2955 2792 3009 istud
2820 2955 2873 3008 in
2904 2955 3041 3010 duas
3063 2963 3245 3025 partes
3276 2954 3622 3009 distributum
3649 2952 3753 3005 fuis‘

2218 3065 2296 3114 se,
2338 3051 2396 3103 ὲν
2425 3048 2544 3102 δυσὶ
2572 3047 2855 3117 λογιδίοις·
2888 3048 3023 3118 quin
3051 3047 3214 3102 etiam
3247 3047 3303 3102 in
3340 3046 3657 3116 quibusdam
3678 3058 3751 3097 c0-

2217 3138 2429 3194 dicibns
2460 3137 2727 3207 ejusmodi
2774 3137 3183 3207 inscriptionem
3227 3136 3511 3202 habuisse,
3539 3134 3754 3206 περὶτῆς

2217 3230 2311 3285 τοῦ
2342 3230 2539 3294 παντὸς
2566 3229 2763 3294 αἰτίας,
2798 3230 2860 3284 de
2888 3246 3050 3284 causa
3082 3231 3331 3296 universi,
3354 3238 3409 3285 et
3443 3231 3497 3284 in
3520 3229 3633 3284 aliis
3654 3225 3755 3297 περὶ

2217 3327 2315 3397 τῆς
2348 3325 2439 3378 τοῦ
2467 3324 2664 3387 παντὸς
2691 3324 2899 3388 οὐσίας,
2928 3324 2992 3378 de
3022 3324 3320 3379 substantia
3346 3325 3593 3378 universi.
3625 3320 3755 3375 Plura

2218 3419 2418 3473 videsis
2452 3419 2591 3487 apud
2620 3418 2868 3471 eumdem
2903 3416 3174 3472 Photium.
3209 3436 3228 3467 ι
3265 3414 3541 3471 Hactenus
3571 3413 3630 3467 Υ.
3656 3412 3708 3466 C.

2288 3508 2471 3578 Neque
2527 3509 2614 3563 hic
2669 3508 2941 3578 praeterire
2992 3508 3075 3563 fas
3121 3516 3205 3564 est
3258 3508 3440 3563 locum
3489 3523 3554 3563 ex
3599 3505 3753 3561 eodem

2217 3617 2378 3672 opere
2410 3600 2486 3655 De
2519 3619 2680 3654 causa
2721 3602 2948 3655 uniuersi
2978 3610 3314 3671 excerptum,
3346 3600 3444 3670 qui
3478 3616 3581 3655 non
3612 3603 3756 3653 exstat

2218 3694 2271 3748 in
2319 3709 2385 3748 eo
2418 3694 2739 3763 fragmento,
2766 3695 2911 3765 quod
2942 3694 3103 3748 hodie
3134 3701 3399 3762 superest.
3440 3690 3604 3745 Nobis
3632 3690 3755 3743 illum

2218 3784 2706 3841 servavitJoannes
2734 3786 3092 3857 Philoponus,
3109 3785 3235 3840 licet
3270 3786 3402 3854 ipse,
3438 3785 3516 3838 uti
3548 3790 3598 3837 et
3623 3781 3756 3835 Joan-

2217 3894 2314 3933 nes
2351 3876 2593 3932 Zonaras
2631 3878 2743 3949 ((26)
2794 3893 3100 3947 perperam,
3135 3886 3195 3930 ut
3238 3876 3500 3939 vidimus,
3553 3870 3756 3941 Josepho

2216 3971 2511 4025 ascribunt.
2544 3968 2640 4024 Est
2677 3980 2857 4023 autem
2886 3968 3155 4038 ejusmodi
3188 3968 3302 4039 (27)
3332 3987 3347 4023 :
3375 3968 3450 4021 Τὸ
3481 3963 3590 4030 οὖν,
3612 3979 3755 4034 γενη-

2216 4065 2371 4131 θήτω
2387 4064 2685 4132 στερέωμα
2701 4063 2770 4116 ἐν
2792 4062 2962 4132 μέσῳ
2996 4063 3102 4117 τοῦ
3130 4062 3367 4130 ὕδατος,
3404 4064 3469 4117 οὑ
3492 4057 3674 4133 μεταξὺ
3687 4055 3755 4108 λέ-

2216 4175 2301 4225 γει
2346 4155 2436 4208 τοῦ
2470 4157 2619 4209 κάτω
2650 4154 2841 4218 ὓδατος
2871 4155 2967 4226 τὴν
2988 4155 3079 4208 τοῦ
3115 4154 3493 4227 περεὼματος
3542 4148 3755 4222 γενέσθαι.

2216 4248 2485 4318 (ptio-mdo;
2501 4248 2757 4318 Ἰώσηπος
2786 4247 3073 4318 ὁἙϐραῖος
3098 4249 3154 4301 ἐν
3180 4246 3259 4317 τῷ
3280 4246 3416 4314 Περὶ
3448 4245 3550 4300 τοῦ
3565 4240 3754 4304 παντὸς

2214 4345 2406 4409 αἰτίας
2433 4344 2819 4414 συγγράμματι
2851 4341 3114 4407 βούλεται,
3155 4343 3234 4403 εἰς
3276 4339 3423 4411 τρία,
3451 4339 3636 4407 λέγων,
3664 4336 3755 4401 Str,-

2219 4434 2415 4507 ρῆσθαι
2449 4436 2509 4489 τὸ
2542 4435 2703 4507 ὕδωρ,
2740 4434 2833 4487 καὶ
2864 4434 2927 4487 τὸ
2958 4434 3056 4504 μὲν
3089 4434 3268 4503 τρίτον
3311 4431 3477 4484 αὑτοῦ
3520 4430 3597 4491 εἰς
3631 4426 3753 4495 γένε-

545 4522 613 4575 de
638 4520 747 4576 Deo
778 4520 956 4577 Verbo
985 4539 1146 4579 carne
1174 4522 1317 4579 facto
1345 4524 1586 4595 loquitur
1614 4542 1627 4577 :
1656 4523 1841 4595 Τούτῳ
1862 4526 1890 4577 ὁ
1924 4525 2111 4598 Πατὴρ

2219 4546 2297 4581 σιν
2324 4530 2674 4600 συμπαγῆναι
2705 4527 2800 4581 τοῦ
2834 4526 3211 4599 στερεώματος
3235 4567 3250 4592 ,
3282 4525 3344 4577 τὸ
3372 4524 3429 4577 δὲ
3460 4524 3634 4595 τρίτον
3661 4521 3754 4569 Eva-

545 4616 724 4669 πᾶσαν
774 4616 955 4687 κρίσιν
1004 4616 1223 4683 δέδωκε,
1273 4616 1412 4669 Iluic
1453 4616 1618 4670 Pater
1658 4633 1807 4670 omne
1844 4617 2111 4685 judicium

545 4708 689 4760 dedit
721 4722 740 4761 .'
768 4708 1223 4777 quemadmodum
1252 4709 1457 4763 scilicet
1485 4706 1639 4763 .loan.
1674 4724 1725 4770 v,
1751 4708 1840 4774 22,
1873 4709 2068 4779 legerat
2095 4728 2109 4764 :

546 4799 730 4869 Neque
773 4802 911 4855 enim
960 4800 1124 4857 Pater
1172 4802 1371 4861 iudicat
1417 4818 1757 4872 quemquam,
1810 4806 1899 4857 sed
1953 4818 2105 4860 omne

546 4884 810 4960 judicium
850 4896 993 4950 dedit
1030 4887 1192 4947 Filio.
1235 4893 1475 4963 ltemqtte
1505 4894 1598 4949 ubi
1621 4894 1753 4949 dicit
1781 4913 1793 4949 :
1826 4895 1971 4958 Χάος
2003 4894 2111 4966 γὰρ

545 4986 681 5057 βαθὺ
703 4988 795 5041 καὶ
817 4987 959 5058 μέγα
979 4986 1083 5041 ave
1108 4986 1269 5058 μέσον
1296 4988 1631 5059 ἐστήρικται,
1652 4986 1789 5041 ὥστε
1815 4988 1887 5060 μὴ
1908 4989 2113 5042 δίκαιον

546 5080 976 5151 συμπαθήσαντα
1004 5078 1414 5152 προσδέξασθαι,
1444 5081 1579 5153 μήτε
1607 5080 1786 5134 ἄδικον
1812 5082 2113 5151 τολμήσαν-

543 5187 609 5223 τα
634 5170 879 5224 διελθεῖν.
899 5170 1067 5225 Chaos
1090 5173 1407 5241 profundum
1429 5181 1478 5225 et
1507 5188 1753 5242 magnum
1780 5173 1914 5225 inter
1938 5181 2113 5225 utros-

543 5279 640 5333 que
663 5266 933 5331 ﬁrmatum
961 5274 1056 5329 est,
1094 5274 1151 5317 ut
1192 5282 1353 5335 neque
1388 5266 1568 5334 justus
1608 5265 1727 5318 illos
1755 5266 2110 5318 miserationis

544 5356 731 5423 a/feclu
774 5358 1011 5427 recipiat,
1050 5373 1210 5427 neque
1236 5357 1462 5426 injustas
1488 5358 1556 5410 ad
1586 5357 1676 5411 hos
1718 5358 1909 5410 audeat
1937 5368 2111 5410 trans-

616 5510 728 5580 (22)
767 5510 1070 5576 Fabricius,
1101 5510 1299 5567 Delect.
1329 5528 1535 5581 argum.
1579 5520 1629 5564 et
1674 5509 1876 5579 Syllab.
1923 5512 2105 5581 script.

545 5581 695 5641 εδει..
729 5598 784 5652 ρἒ
812 5581 957 5652 (hiet
986 5598 1103 5652 seq.

617 5649 741 5721 (πεζῇ
766 5651 839 5704 Le
865 5649 1083 5717 Quien.,
1117 5650 1253 5721 Opp.
1282 5651 1597 5706 Damascen.
1632 5660 1763 5706 tom.
1798 5649 1864 5718 Il,
1898 5665 1951 5721 p.
1984 5650 2103 5707 789.

618 5720 729 5787 (24)
769 5722 950 5786 Phot.,
983 5722 1123 5776 Bibl.
1156 5720 1276 5777 cod.
1317 5738 1500 5776 xum.

616 5791 728 5861 αὖ)
769 5790 1035 5847 Scribitur
1090 5794 1341 5863 Ἰώσηπος
1396 5802 1449 5848 et
1495 5792 1829 5866 Ἰὡσηππος,
1895 5795 1988 5850 sed
2055 5804 2107 5850 ct

2215 4624 2469 4692 πομεῖναι
2509 4622 2690 4685 κάτω,
2725 4616 2785 4673 τὸ
2823 4620 2879 4672 δὲ
2923 4619 3104 4672 λοιπὸν
3141 4620 3319 4690 τρίτον
3352 4619 3409 4671 ὲν
3448 4620 3558 4681 τοῖς
3597 4612 3752 4672 νώτοις

2214 4715 2294 4777 εἰς
2335 4713 2466 4783 ὕψος
2517 4712 3076 4784 συνανακουφισθῆναι
3132 4711 3209 4782 τῷ
3260 4709 3611 4784 στερεώματι.
3663 4703 3753 4757 Hoc

2212 4814 2327 4859 est:
2359 4803 2527 4858 tlllud
2553 4804 2736 4874 igitur,
2764 4803 2889 4857 Fiat
2917 4805 3309 4873 ﬁrmamentum
3340 4803 3395 4855 in
3422 4802 3588 4855 medio
3608 4810 3750 4867 aqua.

2212 4912 2321 4950 non
2360 4898 2539 4967 arguit
2565 4907 2812 4951 naturam
2865 4895 3190 4951 ﬁrmamenti
3222 4893 3482 4949 exsistere
3514 4893 3565 4946 in
3601 4888 3751 4944 medio

2213 5004 2369 5058 aqua:
2423 4990 2587 5059 hujus
2638 4989 2937 5051 inferioris,
2965 4998 3025 5043 ut
3058 4987 3331 5057 Iosephus
3378 4985 3631 5041 Hebraeus
3660 4979 3751 5033 vult

2213 5083 2266 5135 in
2300 5082 2459 5145 libro,
2494 5097 2654 5151 quem
2679 5081 3003 5151 conscripsit
3029 5081 3106 5135 De
3130 5097 3292 5134 causa
3319 5078 3567 5142 universi,
3590 5075 3750 5129 dicens

2212 5188 2410 5243 aquam
2451 5173 2775 5241 tripertitam
2820 5188 2961 5239 esse,
3001 5180 3058 5226 et
3090 5188 3253 5226 unam
3304 5170 3522 5241 quidem
3566 5166 3749 5222 tertiam

2210 5264 2329 5333 ejus
2358 5264 2409 5317 in
2434 5264 2759 5319 ﬁrmamenti
2790 5264 3189 5335 generationem
3213 5263 3479 5319 coaluisse
3505 5278 3520 5320 ;
3550 5260 3748 5314 alteram

2210 5370 2339 5409 vero
2362 5358 2574 5410 tertiam
2597 5354 2822 5411 inferius
2853 5356 3213 5422 remansisse;
3243 5353 3473 5423 denique
3505 5350 3747 5406 residuam

2221 5512 2465 5581 Ἰὡσιπος
2492 5529 2557 5568 ac
2600 5508 2901 5577 Ἰώσηπος.

2280 5585 2392 5659 (26)
2432 5578 2628 5641 Zonar.
2665 5586 2716 5639 in
2750 5584 2939 5638 Annal.
2974 5585 3067 5641 lib.
3101 5602 3178 5651 γι,
3232 5585 3259 5657 §
3291 5588 3343 5656 tl,
3387 5604 3507 5659 pag.
3538 5584 3655 5651 267,
3684 5577 3744 5635 al.

2208 5654 2411 5863 :03373'
2432 5724 2741 5797 Philopon.,
2787 5725 2859 5785 De
2886 5726 3067 5781 mundi
3094 5740 3254 5783 creat.
3285 5729 3376 5785 lib.
3409 5744 3495 5795 nt,
3525 5742 3638 5796 cap.
3670 5720 3743 5787 l6,

2251 5837 2258 5845 .
2296 5816 2411 5847 I4U.
