3882 6474
174 359 262 414 2ῦῖ

1111 353 1197 408 DE
1239 353 1401 407 VITA
1439 350 1524 404 ET
1563 349 1874 404 SCRIPTIS
1910 351 1967 406 S.
2010 351 2394 406 HIPPULYTI.

3268 349 3374 405 298

170 479 306 530 aliam
337 473 560 533 tertiam,
587 487 684 542 per
728 471 1144 525 rarelactionem
1194 472 1247 525 in
1291 471 1523 525 sublime
1595 484 1700 521 una
1723 477 1766 530 Α
1797 469 2004 536 primus
2046 471 2285 537 vulgavit
2323 469 2603 525 Fabricius
2629 487 2692 524 ex
2730 468 2932 524 codicis
2972 469 3214 525 Vaticani
3245 485 3375 540 apo-

168 581 270 619 cum
303 563 629 616 firmamento
656 559 918 614 elevatam
945 572 1085 612 esse.
1118 577 1135 608 ι

225 658 468 709 Cmterum
503 670 609 707 rem
641 669 740 709 acu
770 653 1008 724 tetigisse
1039 651 1307 714 videntur,
1333 651 1426 720 qui
1461 649 1524 702 ad
1555 649 1696 703 istud

167 762 281 816 opus
327 744 696 815 llippolyteum
749 743 996 796 adversus
1049 742 1257 796 Gnaeos
1303 753 1351 796 et
1397 741 1694 806 Platonem,

164 838 442 891 existimant
496 836 795 904 respexisse
841 835 1119 888 doctorem
1170 832 1466 886 maximum
1497 872 1511 895 ,
1565 831 1694 884 dum

163 932 224 983 ait
249 929 346 998 (28)
376 948 388 982 :
423 926 643 995 Scripsit
679 937 727 980 et
754 925 1029 980 Miltiades
1051 935 1233 979 contra
1264 934 1433 994 gentes
1457 923 1694 977 volumen

160 1023 406 1089 egregium.
435 1017 750 1088 Hippolytus
777 1034 998 1087 quoque,
1027 1028 1076 1070 et
1105 1017 1410 1086 Apollonius
1448 1015 1696 1069 Romana:

161 1111 280 1163 urbis
321 1120 544 1172 senator,
576 1110 790 1178 propria
820 1109 1076 1178 opuscula
1109 1108 1475 1161 condiderunt.
1509 1107 1695 1162 Imita-

159 1211 230 1256 tus
255 1217 433 1269 nempe
477 1200 640 1256 fuerit
667 1210 890 1255 sanctus
919 1200 1080 1254 Pater
1107 1200 1253 1253 viros
1283 1217 1345 1254 ea
1374 1209 1694 1270 tempestate

159 1294 289 1363 longe
326 1293 690 1357 doctissimos,
723 1293 816 1362 qui
849 1293 1189 1347 ethnicorum
1237 1292 1429 1362 placita
1477 1293 1692 1362 scriptis

155 1388 250 1440 suis
292 1395 526 1440 evertere
559 1387 800 1456 aggressi
854 1394 1015 1452 sunt;
1051 1385 1406 1450 Clementem,
1443 1387 1688 1456 inquam,

155 1478 568 1542 Alexandrinum,
603 1478 793 1534 Caium
825 1479 1061 1534 sodalem
1088 1495 1268 1543 suum,
1299 1478 1554 1534 Ecclesia:
1583 1477 1692 1531 Ro-

154 1586 300 1624 mana:
326 1569 723 1642 presbyterum,
753 1580 808 1625 et
843 1571 1002 1626 alios.
1542 1553 1547 1559 ’

640 1681 1038 1738 ARTICULUS
1071 1683 1160 1738 Vl.

247 1792 550 1832 τιιΑετΑτιιε
583 1792 631 1833 5.
665 1792 947 1832 HIPPOL‘TI
986 1797 1004 1828 ι
1036 1793 1244 1832 CONTRA
1276 1795 1511 1833 NOETUII.
1548 1798 1566 1830 ι

175 1888 198 1961 §
223 1891 255 1944 Ι.
297 1890 576 1948 Tractatus
607 1902 796 1966 contra
829 1891 1059 1966 Noctum
1087 1904 1166 1948 est
1198 1895 1452 1966 genuinus
1480 1897 1654 1948 sancti

672 1963 947 2034 Hippolyti
979 1964 1134 2032 fetus.

206 2075 446 2141 Quintum
478 2077 662 2131 locum
707 2088 935 2148 occupat
964 2080 1176 2149 egregia
1213 2096 1344 2135 sane
1387 2081 1691 2134 lucubratio

145 2182 296 2223 contra
316 2171 558 2224 heresim
586 2169 768 2224 Nocti.
796 2171 860 2226 Et
887 2173 1175 2241 scripsisse
1201 2172 1416 2242 quidem
1438 2160 1690 2243 Hippoly-

144 2271 236 2313 tum
263 2271 439 2314 eontra
473 2275 672 2317 omnes
701 2263 955 2325 haereses,
992 2272 1259 2318 testantur
1285 2263 1552 2318 Eusebius
1580 2265 1688 2333 (29)

143 2362 276 2422 atque
300 2353 665 2424 Hieronymus
693 2356 836 2426 (50);
871 2368 925 2408 at
956 2354 1207 2420 Photins,
1237 2357 1328 2426 qui
1375 2372 1513 2426 opus
1546 2357 1688 2412 istud

143 2447 304 2515 legisse
334 2448 694 2517 comperitur,
719 2463 818 2503 nos
846 2448 1035 2503 edocet
1059 2449 1171 2518 (3|)
1195 2447 1466 2518 Hippolyti
1487 2449 1686 2503 librum

140 2541 365 2594 adversus
395 2541 635 2596 haereses
661 2542 796 2595 duas
833 2551 888 2595 et
914 2541 1134 2611 triginta
1168 2551 1448 2595 exaratum
1481 2540 1684 2606 fuisse;

141 2624 212 2677 ubi
241 2625 291 2678 S.
326 2626 481 2681 Pater
511 2629 726 2682 initium
755 2645 783 2683 a
810 2628 1152 2683 Dosithcanis
1180 2631 1404 2696 ducens,
1435 2631 1486 2684 in
1519 2630 1688 2684 Noctu

139 2718 412 2782 desinebat;
468 2720 570 2789 qui
625 2721 880 2774 nimirum
919 2721 1136 2790 prodire
1165 2722 1332 2790 etrapit
1382 2723 1684 2792 imperante

138 2809 407 2862 Alexandro
455 2810 566 2863 sub
617 2826 822 2864 annum
853 2809 978 2871 250,
1023 2819 1082 2864 ut
1129 2811 1376 2880 proinde,
1402 2814 1543 2881 quod
1593 2829 1687 2865 su-

137 2909 284 2964 perest
311 2901 454 2955 illius
490 2902 701 2972 operis,
733 2919 860 2972 pars
890 2903 1078 2957 ultima
1113 2902 1290 2957 fuerit.
1327 2904 1407 2957 Ad
1443 2904 1562 2972 ejtts
1587 2921 1685 2958 au-

137 2999 219 3042 tem
266 2992 632 3064 integritatem
683 2995 1058 3060 astruemlam,
1090 2995 1219 3049 illud
1257 2996 1309 3049 in
1347 2996 1535 3065 primis
1589 2997 1684 3050 ob-

134 3098 319 3138 servare
341 3094 594 3154 pnestat,
625 3086 805 3141 locum
839 3087 1107 3158 insignem
1143 3087 1386 3154 satisque
1411 3088 1679 3156 prolixum

1800 562 2026 632 grapho,
2047 566 2193 633 quod
2222 566 2342 620 viro
2363 565 2818 636 praestantissimo
2845 563 3252 619 Montfauconio
3282 579 3374 618 ac-

1798 664 2016 724 ceptum
2047 658 2249 712 retulit.
2283 656 2518 713 Alterius
2543 659 2748 713 codicis
2776 659 2948 713 Graeci
2978 656 3254 727 exemplar
3280 657 3372 711 de-

1799 749 1931 802 texit
1975 748 2028 801 in
2063 750 2446 818 antiquissimo
2477 749 2534 803 S.
2569 748 2752 804 Basilii
2781 749 3113 803 monasterio
3146 747 3375 802 Guiliel-

1797 856 1920 893 mus
1937 840 2229 895 eardinalis
2252 841 2480 896 Sirletus
2497 881 2510 904 ,
2544 842 2772 910 ejusque
2797 840 3044 894 meminit
3068 840 3122 892 in
3143 836 3374 908 epistola

1797 930 2052 1001 Liturgize
2080 931 2134 986 S.
2161 932 2324 987 Marci
2355 933 2698 1002 evangelista:
2725 931 3001 1001 praemissa
3039 929 3172 999 (54).

1865 1027 2131 1080 Caeterum
2184 1024 2364 1092 Oper-is
2413 1023 2699 1092 inscriptio
2731 1023 2871 1093 apud
2915 1021 3245 1075 Turrianum
3290 1020 3370 1074 sic

1796 1117 1989 1186 legitur
2015 1135 2027 1170 :
2061 1114 2302 1169 Humilia
2326 1115 2390 1169 de
2414 1115 2520 1168 Deo
2555 1118 2692 1168 trino
2723 1124 2768 1168 et
2798 1131 2921 1178 uno,
2946 1123 2994 1166 et
3026 1113 3090 1166 de
3121 1113 3368 1182 mysterio

1798 1206 2191 1259 Incaruationis
2216 1215 2398 1259 contra
2423 1205 2664 1260 haeresim
2695 1205 2871 1259 Nocti.
2900 1204 2956 1258 In
2983 1206 3170 1260 codice
3185 1215 3368 1260 autem

1799 1296 2057 1350 Vaticano
2101 1303 2182 1349 est
2232 1295 2544 1364 hujusmodi
2591 1315 2604 1350 :
2663 1295 2874 1366 Ὁμιλία
2930 1296 3244 1349 Ἱππολύτου
3290 1297 3384 1356 εἰς’

1794 1389 1890 1458 τὴν
1934 1390 2146 1457 αἵρεσιν
2171 1389 2380 1459 Νοήτου
2406 1406 2568 1452 τινος.
2615 1387 2671 1442 1η
2700 1403 2764 1442 eo
2804 1389 3079 1442 enimvero
3121 1386 3179 1441 S.
3210 1386 3371 1441 Pater

1795 1481 1979 1534 lideles
1999 1479 2267 1534 interdum
2294 1481 2612 1550 alloquitur,
2635 1491 2694 1535 ut
2724 1481 2776 1534 in
2804 1481 3043 1534 homiliis
3070 1479 3182 1532 fieri
3209 1479 3368 1535 solet.

1796 1567 1899 1620 Sed
1941 1568 1994 1620 in
2033 1568 2155 1621 aliis
2201 1583 2422 1638 quoque
2451 1569 2670 1639 scriptis
2710 1568 2899 1623 eadem
2937 1570 3194 1623 methodo
3237 1584 3370 1626 usos

1795 1658 1962 1713 fuisse
1990 1672 2198 1716 veteres
2232 1662 2366 1716 satis
2409 1661 2602 1732 liquet,
2633 1671 2692 1715 ut
2721 1662 2951 1716 advertit
2974 1663 3227 1718 laudatus
3258 1662 3368 1718 Fa-

1794 1750 2016 1803 bricius.

2139 1844 2166 1914 §
2194 1843 2255 1898 11.
2289 1845 2536 1915 Analysis
2561 1847 2716 1914 hujus
2746 1856 3023 1900 tractatus.

1863 1977 2070 2033 Noetus
2109 1980 2265 2049 juxta
2306 1979 2369 2035 S.
2403 1981 2748 2053 Hippolytum
2807 1982 2909 2036 fuit
2943 1998 3138 2052 genere
3171 1983 3368 2054 Smyr-

1793 2085 1942 2125 naeus
1977 2072 2110 2143 (55).
2148 2071 2294 2126 Dixit
2319 2073 2407 2128 hic
2441 2075 2727 2128 [hereticus
2758 2074 3034 2129 Christum
3071 2091 3190 2130 esse
3212 2093 3368 2131 eum-

1791 2167 1912 2219 dem
1962 2164 2201 2227 Patrem,
2255 2165 2545 2236 ipsumque
2599 2164 2812 2221 Patrem
2871 2170 3113 2236 genitum
3162 2184 3283 2224 esse
3312 2180 3366 2224 et

1791 2272 2082 2326 passum...
2111 2255 2293 2311 aiebat
2317 2270 2376 2311 se
2405 2271 2527 2312 esse
2561 2256 2831 2329 Moysem,
2866 2268 2920 2313 et
2953 2257 3173 2312 fratrem
3202 2275 3362 2314 suum

1790 2363 1910 2403 esse
1941 2349 2144 2401 Aaron.
2177 2346 2291 2404 Hoc
2311 2364 2433 2403 cum
2458 2349 2600 2404 beati
2627 2350 2925 2422 presbyteri
2955 2351 3238 2413 audirent,
3273 2370 3367 2405 ae—

1791 2436 2050 2490 cersitum
2093 2450 2279 2490 coram
2323 2435 2567 2492 Ecclesia
2599 2439 3085 2504 examinaverunt;
3121 2441 3209 2497 ille
3236 2458 3363 2496 vero

1791 2526 2021 2594 negabat
2067 2527 2354 2596 principio,
2399 2529 2478 2583 sic
2524 2543 2583 2584 se
2629 2530 2868 2595 sentire;
2920 2542 3104 2600 postea
3140 2548 3267 2586 vero
3307 2534 3362 2587 in

1789 2615 2113 2684 quibusdam
2148 2618 2490 2685 delitescens,
2524 2629 2579 2673 et
2605 2620 2850 2674 collectis
2878 2622 3020 2686 aliis,
3052 2622 3144 2691 qui
3181 2622 3233 2674 in
3267 2636 3367 2677 eo-

1788 2706 1908 2758 dem
1940 2722 2124 2762 errore
2153 2717 2343 2772 erant,
2384 2710 2597 2764 volebat
2634 2720 2818 2780 aperte
2847 2712 3041 2780 dogma
3073 2729 3232 2766 suum
3269 2713 3365 2769 de-

1789 2796 2046 2860 fendere;
2082 2814 2243 2868 quem
2274 2816 2468 2856 rursus
2501 2803 2821 2855 accersitum
2856 2803 3152 2873 presbyteri
3179 2803 3365 2858 redar-

1789 2898 2056 2956 guerunt;
2093 2891 2183 2944 ille
2215 2906 2344 2945 vero
2377 2894 2686 2955 resistebat,
2730 2895 3011 2964 inquiens,
3041 2895 3168 2964 quid
3199 2895 3365 2965 igitur

1788 2983 1914 3036 mali
1973 2984 2131 3045 facio.
2184 2985 2229 3039 si
2275 2983 2551 3040 Christum
2594 2986 2841 3039 honoro?
2889 2987 3017 3042 huic
3063 2986 3361 3058 presbyteri

1787 3077 2183 3141 responderunt
2245 3097 2257 3130 :
2311 3077 2381 3130 Et
2431 3094 2523 3130 nos
2577 3095 2738 3131 unum
2789 3077 2956 3131 Deum
3003 3095 3116 3132 vere
3165 3080 3360 3131 scimus

135 3190 183 3226 et
206 3191 262 3228 eo
285 3177 648 3247 descripsisse
673 3187 922 3232 sanctum
955 3178 1252 3241 Gelasium,
1275 3179 1361 3232 cui
1384 3195 1520 3247 opus
1545 3180 1677 3248 ejus-

1794 3166 2075 3233 Christum,
2117 3171 2308 3226 scimus
2343 3168 2542 3224 Filium
2573 3183 2784 3239 passum
2808 3211 2824 3235 ,
2867 3171 3002 3223 sicut
3037 3187 3224 3239 passus
3255 3181 3354 3232 est.

134 3266 249 3317 modi
275 3266 565 3322 brevitatis
591 3283 721 3338 ergo
753 3267 1013 3321 Memoria
1042 3268 1298 3322 hwresum
1329 3269 1551 3322 dicitur.
1591 3268 1680 3322 Sic

134 3356 376 3421 enimille,
409 3373 714 3412 recensens
749 3359 1046 3410 testimonia
1092 3368 1320 3410 veterum
1371 3357 1434 3409 de
1477 3358 1681 3411 duabus

132 3448 174 3499 in
201 3446 395 3504 Christo
427 3451 648 3504 naturis
677 3451 788 3520 ('52)
819 3471 831 3504 :
863 3449 1140 3520 Hippolyti
1161 3451 1388 3520 episcopi
1412 3461 1461 3504 et
1488 3461 1684 3518 marty-

132 3541 188 3591 ris
222 3543 444 3594 Arabum
477 3543 787 3610 metropolis
817 3545 870 3594 in
897 3541 1154 3595 Memoria
1198 3542 1491 3594 hazrcsum:
1520 3558 1538 3592 ι
1579 3540 1682 3594 llic

129 3633 372 3694 procedens
401 3635 454 3686 in
476 3635 758 3697 mundum,
794 3634 932 3688 Deus
948 3643 996 3688 et
1027 3635 1179 3687 homo
1208 3635 1476 3702 apparuit,
1516 3653 1534 3683 ι
1569 3644 1676 3688 etc.

129 3721 234 3784 Quae
263 3726 477 3793 quidem
516 3726 682 3780 verba
704 3767 720 3790 ,
753 3728 1003 3795 pauculis
1037 3727 1355 3790 immutatis,
1387 3734 1682 3780 occurrunt

130 3817 243 3881 apud
288 3828 545 3872 sanctum
569 3816 935 3888 lilippolytum
971 3833 1091 3888 cap.
1125 3818 1210 3870 18.
1241 3816 1381 3882 Quid
1423 3817 1568 3886 quod
1596 3817 1678 3870 vel

1785 3272 2068 3326 mortuum,
2096 3262 2232 3313 sicut
2265 3271 2502 3314 mortuus
2525 3271 2634 3324 est;
2656 3272 2704 3314 et
2732 3263 3046 3315 suscitatam
3075 3264 3234 3314 tertia
3263 3263 3348 3316 die

1781 3363 1829 3404 et
1863 3354 2120 3406 sedentem
2177 3355 2244 3406 ad
2287 3355 2553 3407 dexteram
2609 3355 2811 3419 Patris,
2867 3363 3240 3424 venturumque
3287 3355 3358 3408 ad

1772 3446 2122 3513 judicandum
2169 3447 2306 3498 rivos
2349 3457 2398 3499 et
2428 3456 2658 3498 mortuos
2685 3446 2835 3516 (36);
2881 3455 3046 3515 atque
3076 3447 3190 3501 hare
3219 3448 3358 3502 dici-

1784 3555 1902 3592 mus
1939 3555 2059 3607 quzn
2094 3540 2405 3593 didicimus.
2439 3539 2591 3594 Tunc
2634 3539 2795 3592 istum
2829 3543 3141 3594 convictum
3183 3542 3359 3608 ejecc-

1781 3639 1908 3684 runt
1933 3647 1999 3686 ex
2025 3631 2294 3696 Ecclesia,
2323 3633 2416 3702 qui
2448 3648 2514 3687 eo
2545 3631 2843 3686 inﬂationis
2869 3638 3033 3698 venit,
3069 3641 3128 3686 ut
3161 3635 3358 3690 docere

1782 3723 2106 3778 institueret.

1847 3813 2150 3883 Antequam
2189 3812 2247 3867 S.
2289 3811 2608 3885 Hippolytus
2643 3814 3045 3869 distinctionem
3083 3814 3356 3869 Persona-

1779 3920 1898 3958 rum
1943 3905 1998 3958 in
2033 3905 2240 3960 unitate
2267 3905 2463 3960 divinae
2489 3915 2697 3959 natura:
2727 3907 2780 3959 in
2817 3904 2917 3959 SS.
2955 3903 3222 3959 Trinitate
3253 3906 3353 3959 de-

1780 4005 2066 4060 monstret,
2092 3997 2246 4066 prius
2271 4007 2589 4066 argumenta
2616 3996 2773 4050 Nocti
2801 4008 2994 4050 contra
3010 3995 3352 4060 Trinitatem,

1779 4105 1875 4143 seu
1901 4089 2306 4144 distinctionem
2331 4090 2638 4144 divinarum
2663 4088 3028 4143 Personarum
3073 4090 3350 4158 proponit,

1777 4192 1828 4236 et
1862 4181 2111 4235 dissolvit
2141 4182 2548 4250 interpretando
2579 4198 2767 4234 verum
2805 4181 2903 4234 SS.
2943 4182 3351 4250 Scripturarum

1779 4290 2021 4339 sensum,
2056 4275 2254 4342 quibus
2291 4268 2549 4329 Noetianl
2572 4275 2968 4336 abutebantur,
3006 4275 3088 4328 vel
3115 4290 3348 4344 quarum

126 4377 205 4414 nea
223 4376 524 4420 sanctorum
551 4359 754 4432 aliquot
791 4364 1021 4416 Patrum
1049 4363 1350 4418 Grarcorum
1375 4374 1424 4416 et
1458 4363 1678 4418 Latiuo-
1777 4376 1980 4420 textum
2016 4367 2284 4420 malitiose
2321 4366 2735 4420 detruncabant.
2781 4364 3048 4419 Refutatis
3082 4363 3234 4418 Noeti
3261 4379 3352 4419 ar-

123 4470 238 4518 nim,
272 4457 335 4510 ad
381 4457 594 4511 calcem
634 4457 872 4525 Operam
909 4454 966 4508 S.
998 4455 1242 4525 Gregorii
1283 4454 1697 4525 Thaumaturgi'
1779 4457 2049 4525 gumentis
2079 4455 2136 4510 S.
2169 4454 2487 4525 Hippolytus
2514 4454 2832 4509 Trinitatem
2861 4463 2915 4509 et
2943 4455 3349 4510 distinctionem

123 4546 228 4601 edit.
252 4548 586 4620 Moguntina:
626 4548 786 4612 1604,
810 4549 867 4612 4,
907 4564 971 4602 ex
1018 4547 1206 4601 Latina
1235 4547 1483 4602 versione
1505 4546 1678 4600 Fran-
1713 4543 1754 4596 ῐ)
1784 4551 2088 4604 divinarum
2131 4547 2494 4604 Personarum
2533 4549 2911 4611 demonstrare
2945 4549 3257 4617 aggreditur
3281 4563 3349 4602 ex

121 4638 228 4693 cisci
272 4640 552 4706 Turriani,
609 4641 868 4710 subjectis
914 4640 1077 4694 etiam
1109 4640 1672 4694 animadversionibus
1778 4643 1908 4711 ipsis
1941 4644 2114 4697 sacris
2141 4641 2456 4710 Scripturis,
2499 4649 2553 4693 et
2577 4641 2628 4693 in
2652 4641 2844 4709 primis
2878 4647 3032 4692 notat
3062 4639 3174 4707 (57)
3203 4638 3344 4708 quod

121 4735 330 4804 ejusdem
366 4740 687 4808 interpretis
725 4755 847 4809 pag.
873 4737 1059 4791 58-7l.
1106 4736 1313 4792 Exinde
1348 4753 1477 4790 vero
1504 4736 1673 4790 editio
1775 4750 1908 4786 unus
1924 4735 1989 4785 sit
2009 4732 2170 4794 Deus,
2193 4749 2340 4802 quem
2364 4750 2464 4786 non
2490 4732 2702 4784 aliunde
2719 4731 3070 4801 agnoscimus,
3089 4746 3252 4800 quam
3278 4746 3345 4785 ex

121 4832 313 4896 repetita
339 4835 391 4886 in
420 4832 777 4888 Bibliothecis
799 4829 1021 4885 Patrum
1047 4830 1356 4885 Coloniensi
1389 4829 1544 4893 1618,
1574 4828 1673 4883 Pa-
1775 4824 1944 4879 sacris
1979 4823 2338 4893 Scripturis...
2390 4822 2738 4891 Quazcunque
2776 4838 2906 4892 ergo
2941 4821 2998 4875 S.
3049 4820 3344 4891 Scriptura;

121 4923 308 4978 risiensi
337 4925 501 4987 1644.
536 4935 590 4979 et
627 4923 974 4994 Lugdunensi
1008 4923 1166 4986 1677,
1189 4939 1286 4977 nec
1315 4927 1502 4977 nonin
1533 4923 1672 4992 Sup-
1774 4917 2086 4986 praedicant,
2144 4915 2413 4981 sciamus;
2449 4925 2501 4969 et
2541 4930 2881 4984 quaecunque
2921 4915 3136 4977 docent,
3173 4928 3342 4983 agno-

119 5013 344 5081 plementi
367 5017 680 5072 Morelliani
708 5015 922 5078 torno],
943 5030 1068 5085 pag.
1098 5013 1218 5069 620.
1241 5012 1426 5070 Graece
1451 5014 1668 5068 demum
1773 5024 2011 5075 scatnus,
2049 5018 2103 5062 et
2135 5009 2273 5063 sicut
2305 5009 2418 5062 vult
2441 5008 2597 5062 Pater
2626 5008 2796 5070 credi,
2831 5008 2910 5061 sic
2937 5006 3262 5070 credamus;
3288 5016 3342 5058 et

130 3905 321 3970 ipsemet
368 3908 636 3974 Sandius,
679 3909 903 3978 reliquis
932 3907 1266 3980 Hippolytcis
1295 3917 1552 3978 tanquam
1581 3925 1680 3962 no—

130 3997 217 4052 this
256 4001 493 4069 rejectis,
548 4001 652 4054 hoc
684 4017 853 4055 unum
903 4011 1086 4055 contra
1115 4002 1338 4055 ha'resin
1374 4000 1530 4054 Νοειὶ
1560 4017 1679 4071 ger-

127 4103 315 4144 manum
347 4092 769 4163 agnoscendum
799 4093 1081 4146 existimat
1118 4093 1253 4160 (5'5).

180 4179 494 4237 Praeclarum
545 4192 726 4237 autem
760 4183 905 4237 hunc
943 4183 1391 4238 commentarium
1423 4184 1472 4234 in
1503 4183 1674 4236 lucem

124 4275 287 4327 extulit
308 4275 593 4329 Gerardus
622 4272 852 4328 Vossius
875 4272 1208 4342 Tungrensis
1239 4273 1377 4326 inter
1411 4272 1679 4326 Hiscella-

1843 5171 1954 5243 (55)
1983 5169 2254 5243 Hippolyt.
2287 5177 2474 5243 contra
2515 5164 2855 5243 Noet._nttm.
2899 5162 2979 5243 1:
3011 5158 3335 5243 Thetidoret.

1771 5229 1866 5298 lib:
1907 5229 1967 5295 ιιι
2000 5229 2199 5294 Hie-ret:
2227 5237 2419 5308 fabul.,
2451 5252 2570 5305 cap.
2597 5236 2649 5298 5,
2683 5236 2843 5308 idem_
2863 5231 3103 5308 adit-mat.
3219 5229 3340 5308 Cpi-

1770 5314 2004 5383 phanius
2023 5326 2156 5383 vero
2175 5299 2530 5383 Ephesinum'
2557 5306 2743 5383 sta_t_uit
2776 5323 2790 5357 :
2815 5301 2875 5356 In
2902 5303 3030 5383 λιθία
3057 5299 3335 5366 oriundus,

1769 5374 1894 5437 urbe
1931 5382 2150 5450 Epheso.
2175 5374 2584 5450 Epiph.h:eres.
2613 5375 2701 5436 57,
2739 5388 2889 5426 num.

1840 5451 1954 5521 (56)
1977 5436 1986 5450 ’
2011 5449 2076 5504 ιιι
2119 5436 2332 5521 articuli
2381 5447 2712 5521 «τοιηρῑιιιιηι⁸
2739 5440 3170 5521 cutn__Symbolo
3202 5457 3232 5492 ιι
3269 5436 3335 5521 ι).

1768 5509 1972 5579 Irenaeo
2001 5521 2226 5575 recitato
2260 5520 2353 5574 lib.
2406 5534 2457 5578 ι,
2507 5532 2625 5585 cap.
2681 5514 2736 5579 2,
2786 5509 2968 5585 etglib.‘
2999 5527 3079 5576 Ill,
3112 5527 3242 5585 capi
3265 5509 3332 5576 ις

1769 5595 2038 5648 habentur
2060 5591 2222 5644 etiam
2260 5591 2401 5659 apud
2434 5579 2823 5643 Tertullianum
2855 5583 2947 5638 lib.
2983 5591 3164 5635 contra
3200 5579 3330 5634 Pra-

314 5172 664 5252 ﬂieronym..,
696 5173 854 5252 epist.
890 5170 958 5225 70
987 5171 1052 5225 ad
1081 5170 1283 5252 Magn.,
1313 5183 1454 5226 orat.
1486 5171 1514 5243 ᾗ
1541 5173 1594 5226 4.

175 5243 274 5308 (29)
314 5241 547 5307 Eusel).,
577 5243 651 5298 Η.
689 5241 754 5297 E.
788 5245 880 5298 lib.
909 5259 984 5304 vr,
1017 5258 1136 5308 cep.
1170 5241 1258 5296 22.

175 5313 273 5386 (ξο)
312 5313 658 5386 ﬂicronytn.,
691 5315 766 5367 De
799 5316 899 5368 vir.
932 5312 1154 5375 illustr.,
1197 5327 1315 5381 cap.
1343 5313 1431 5365 6i.

175 5383 272 5452 (51)
313 5384 504 5449 Phot.,
528 5383 676 5440 'Bibl.
714 5386 834 5439 cod.
869 5399 1016 5438 cxxt.

174 5449 273 5521 ('52)
311 5454 524 5520 Gelas.,
557 5456 632 5508 De
674 5454 880 5508 duabus
903 5454 1129 5517 naturis,
1171 5462 1299 5505 tom.
1331 5449 1423 5518 IV,
1453 5461 1592 5521 part.
1628 5467 1663 5518 ι,

117 5516 343 5578 Biblioth.
369 5525 492 5580 PP.
512 5516 651 5580 edit.
683 5525 856 5579 Paris.
913 5523 1071 5589 16M,
1103 5516 1156 5593 ρ.
1191 5523 1316 5577 4'24.
1390 5529 1392 5532 ν

173 5595 468 5658 (ὂῖηδίιιιά.
518 5597 677 5650 Nucl.
730 5596 875 5650 Hist.
910 5594 1062 5661 eccl.,
1091 5591 1145 5649 in
1191 5601 1347 5648 tract.
1395 5591 1467 5646 De
1507 5601 1662 5647 pater.

117 5664 271 5738 κῆρι.
294 5671 420 5738 ςςει.
453 5686 577 5738 pag.
600 5669 690 5721 27.
790 5737 805 5738 7
839 5737 858 5738 ί
960 5736 984 5738 _
1071 5737 1078 5738 ί
1183 5733 1236 5738 *Α
1258 5734 1269 5738 _
1290 5735 1304 5738 _
1766 5679 1940 5738 πεαῃε,
1969 5678 2086 5738 (ῖξιρ.
2117 5663 2169 5738 ἳς

118 5724 725 5868 patetywtgmﬁuibuum.
776 5737 892 5790 PP.
948 5736 1126 5791 Paris.
1175 5733 1331 5799 ισιι,
1384 5742 1518 5790 tom.
1551 5731 1662 5800 xu,

172 5820 217 5874 ε.
358 5851 371 5863 .

1838 5733 1950 5806 (57)
1979 5724 2248 5803 Ινιῖρροιξι.
2281 5739 2464 5784 contra
2498 5726 2654 5782 Noet.
2676 5767 2690 5793 ,
2722 5740 2874 5780 num.
2907 5724 2958 5778 9.

375 5911 650 5968 ιἈτιιοι..
679 5907 793 5968 Gn.
829 5905 908 5964 Χ.
2939 5885 3016 5943 10
