3882 6506
499 345 604 402 199

1480 342 1564 396 DE
1605 342 1763 397 VITA
1803 342 1890 398 ΕΤ
1935 341 2244 397 SCRIPTIS
2286 342 2341 396 S.
2385 338 2769 398 HlPPOLYTl.
3603 350 3691 404 500

499 461 642 516 sicut
663 459 778 514 vult
807 457 977 515 Filius
1002 457 1312 529 glorificari,
1344 459 1424 513 sic
1450 460 1852 529 gloriﬁcemus;
1881 469 1934 515 et
1955 462 2060 516 sic-
2087 468 2130 522 Α
2162 470 2376 528 varunt,
2416 461 2599 516 Graiae
2651 461 2868 530 quidem
2917 458 3252 531 Nicephorus
3293 459 3400 517 (ΣΡ.
3435 461 3486 516 in
3539 465 3694 516 Antir-

499 561 562 606 ut
607 551 719 606 vult
749 552 940 605 donari
971 551 1229 620 Spiritum
1280 560 1550 615 sanctum,
1603 551 1682 606 sic
1705 553 2059 622 accipiamus,

499 659 608 698 non
647 643 944 697 secundum
979 641 1250 712 propriam
1280 643 1635 707 voluntatem,
1669 660 1842 714 neque
1870 661 2067 698 secun-

501 735 630 789 dum
655 735 932 805 proprium
960 751 1204 801 sensum,
1235 751 1410 803 neque
1433 736 1538 788 vim
1571 735 1861 791 inferentes
1886 738 1939 790 in
1978 753 2041 792 ea

501 844 622 897 quae
671 827 739 881 ab
773 844 838 882 eo
881 830 1003 884 data
1038 838 1200 893 sunt,
1256 829 1348 882 sed
1395 830 1670 896 quomodo
1705 830 1816 898 ipse
1863 845 1958 898 per
2004 830 2062 885 S.

503 919 810 988 Scripturas
836 919 1028 973 docere
1056 919 1247 983 voluit,
1288 918 1367 973 sic
1396 919 1783 988 intelligamus.

589 1005 845 1062 Posthaec
861 1007 927 1061 de
951 1007 1294 1077 generatione
1323 1015 1520 1059 :cterna
1549 1016 1602 1060 et
1623 1007 2033 1062 consubstantia
2056 1037 2067 1046 -

495 1098 647 1153 litate
665 1099 784 1152 Filii
809 1101 1030 1154 disserit
1051 1099 1352 1170 (58),atque
1372 1100 1742 1155 incarnatione
1756 1099 1916 1154 Verbi
1931 1100 2062 1169 (59).

499 1191 666 1246 Docet
695 1195 872 1247 solum
905 1192 1145 1246 Verbum
1179 1193 1521 1247 incarnatum
1541 1191 1650 1263 (40)
1675 1193 1926 1262 idemque
1946 1208 2068 1246 esse

496 1286 690 1339 Filium
731 1286 821 1341 Dei
849 1287 982 1357 (41),
1016 1287 1176 1355 idque
1208 1300 1271 1339 ex
1309 1285 1630 1355 Apocalypsi
1660 1285 1820 1340 etiam
1853 1284 2066 1354 probat,

495 1392 658 1446 quam
686 1378 789 1431 sub
819 1378 1041 1431 nomine
1071 1376 1298 1430 Joannis
1328 1377 1673 1445 evangelista:
1708 1377 1910 1431 laudat.
1935 1377 2065 1432 Non

495 1466 730 1530 Patrem,
765 1468 856 1523 sed
895 1467 1102 1521 Filium
1135 1468 1310 1522 solum
1335 1469 1672 1522 incarnatum
1702 1467 1870 1522 fuisse
1890 1468 2068 1522 decla-

495 1569 580 1612 rat
615 1559 726 1629 (42)
772 1563 1063 1628 mone’tque
1115 1560 1488 1614 curiositatem
1533 1561 1586 1612 in
1639 1559 1909 1629 mysteriis
1955 1573 2070 1626 per-

495 1649 805 1705 scrutandis
836 1649 1110 1703 vitandam
1143 1665 1281 1704 esse.
1326 1649 1566 1703 Tandem
1601 1649 1763 1701 tradit
1790 1647 1926 1701 duas
1966 1662 2066 1700 na-

495 1749 647 1794 turas
690 1740 933 1808 duasque
978 1740 1320 1808 Operationes
1370 1741 1420 1793 in
1473 1739 1692 1794 Christo
1733 1737 2064 1806 proﬁtendas

495 1844 617 1884 esse
651 1829 761 1897 (45)
784 1870 800 1891 ,
833 1838 1029 1883 etcum
1053 1830 1340 1900 doxologia
1379 1830 1646 1885 concludit
1676 1845 1833 1882 suum
1867 1837 2063 1881 tracta-

494 1928 634 1973 tum.
668 1917 932 1972 Caeterum
967 1919 1386 1982 observandum,
1425 1920 1568 1987 quod
1605 1927 1820 1973 notante
1857 1917 1925 1971 cl.
1956 1915 2066 1970 Til-

496 2008 756 2063 lemontio
798 2011 910 2083 (41)
960 2009 1294 2079 Epiphanius
1324 2011 1512 2064 haeresi
1542 2009 1632 2074 57,
1671 2025 1794 2078 quae
1818 2019 1900 2064 est
1928 2007 2068 2063 Noe-

497 2102 791 2168 tianorum,
824 2116 890 2154 ex
917 2099 1221 2172 Hippolyto,
1252 2101 1378 2156 licet
1411 2117 1517 2154 non
1550 2101 1852 2165 nominato,
1893 2099 2064 2153 multa

496 2193 563 2246 ad
589 2193 813 2246 verbum
837 2201 1043 2260 repetat
1068 2207 1168 2261 pro
1203 2191 1504 2246 refutandis
1527 2192 1633 2245 illis
1664 2191 1950 2254 hrcreticis,
1982 2197 2066 2242 at-

495 2283 803 2351 quejudice
831 2281 1106 2336 Ceillierio
1135 2283 1244 2352 (45)
1271 2284 1568 2337 verisimile
1596 2283 1756 2337 etiam
1789 2290 1892 2344 est,
1923 2280 2067 2351 quod

495 2371 832 2442 Epiphanius
874 2387 939 2426 ex
982 2373 1085 2426 hoc
1116 2370 1435 2444 Hippolyteo
1473 2372 1778 2442 fragmento
1808 2373 1956 2426 illum
1987 2374 2069 2425 lo-

494 2479 618 2517 cum
666 2463 983 2518 historicum
1029 2463 1095 2517 de
1142 2464 1703 2517 excommunicatione
1746 2461 1896 2516 Noeti
1943 2479 2067 2516 mu—

497 2563 688 2609 tuatus
723 2554 904 2608 fderit.
938 2553 1176 2608 Tandem
1225 2556 1327 2608 hoc
1371 2553 1654 2626 llyppolyti
1685 2553 2066 2626 fragmentum,

493 2653 686 2697 contra
738 2643 1031 2711 Dupinium
1076 2643 1189 2713 (46)
1251 2644 1383 2698 illud
1440 2644 1787 2707 iuficiantem,
1857 2643 2069 2713 egregie

493 2723 774 2788 vindicant
844 2744 1093 2790 auctores
1161 2735 1414 2790 Hiatoriw
1481 2735 1754 2790 litterario:
1832 2734 2070 2790 Franco-

507 2843 629 2880 rum
647 2825 779 2896 (ιι-ι).

1045 2916 1441 2972 ARTICULUS
1480 2915 1594 2971 Vll.

496 3023 565 3066 οι
607 3024 893 3064 τκΑετΑτυ
928 3025 974 3064 S.
1018 3025 1301 3064 HIPPOLY'I'I
1350 3026 1414 3063 DE
1463 3023 1759 3062 τιιεοιοοιΑ
1790 3025 1858 3061 ΕΤ
1893 3023 2072 3062 INCAR-

693 3096 922 3134 NATIONE
949 3097 1217 3135 ADVERSUS
1239 3095 1484 3134 BEBONEI
1517 3096 1588 3132 ΕΤ
1619 3095 1866 3133 HELICEI.

497 3166 593 3241 δι.
619 3167 883 3238 Excerpta
917 3167 1057 3223 VIII
1078 3184 1142 3222 ea:
1177 3186 1412 3241 sermone
1442 3173 1505 3222 de
1529 3169 1788 3238 theologia
1818 3179 1867 3222 et
1889 3168 2063 3221 incar—
2095 3143 2136 3200 C

881 3242 1090 3293 natione
1112 3241 1229 3310 quis
1255 3239 1402 3293 nobis
1427 3241 1671 3292 seruarit.

568 3351 891 3404 Anastasius
932 3351 1214 3420 presbyter
1244 3365 1309 3404 ac
1353 3349 1612 3404 Romana:
1645 3349 1898 3405 Ecclesiae
1932 3365 2064 3420 apo-

497 3441 781 3494 crisiarius
814 3441 961 3494 circa
976 3441 1213 3494 medium
1233 3441 1413 3495 saeculi
1435 3442 1649 3510 septimi
1678 3451 1906 3496 testatur
1929 3442 2065 3513 (48),

497 3532 642 3600 quod
691 3547 814 3586 cum
877 3532 1347 3601 Constantinopoli
1383 3545 1958 3599 commoratusesset,
1998 3535 2068 3589 ad

498 3623 676 3690 ipsum
729 3622 938 3676 delatus
979 3622 1142 3677 fuerit
1194 3623 1333 3679 liber
1395 3624 1450 3678 S.
1510 3625 1775 3696 llippolyti
1827 3625 2066 3695 episcopi

497 3711 693 3768 Portus
730 3713 961 3767 Romani
1009 3730 1075 3768 ac
1113 3717 1388 3786 martyris,
1435 3717 1486 3769 in
1522 3733 1631 3785 quo
1661 3718 1958 3786 anticipato
1979 3735 2067 3773 re-

502 3803 640 3858 fellit
675 3806 922 3860 lueresim
963 3804 1470 3872 Monothelitarum;
1521 3823 1680 3876 quem
1725 3824 1846 3862 cum
1900 3817 2067 3863 totum

498 3895 803 3951 describere
831 3898 1007 3963 vellet,
1054 3897 1143 3951 vix
1179 3899 1345 3952 valuit
1372 3915 1437 3952 ex
1472 3899 1588 3967 ipso
1613 3900 1730 3968 plus
1758 3916 1919 3968 qualn
1946 3909 2069 3955 octo

499 3989 619 4044 loca
653 4005 748 4045 seu
780 3991 1089 4044 testimonia
1117 3992 1421 4057 extrahere,
1462 3992 1662 4046 invidia
1697 3991 2070 4047 Monothelita—

498 4083 748 4152 rum,qui
769 4082 1018 4136 eumdem
1045 4084 1240 4137 librum
1265 4099 1295 4137 e
1314 4084 1564 4138 manibus
1582 4084 1680 4152 ipsi
1705 4084 2066 4153 diripuerunt.

498 4169 634 4226 Octo
657 4173 772 4226 haec
794 4172 1092 4242 fragmenta
1120 4189 1186 4227 ex
1221 4189 1473 4228 sermone
1510 4174 1583 4226 De
1619 4174 1876 4243 theologia
1906 4185 1952 4228 et
1983 4177 2067 4229 in-

500 4260 805 4313 carnatione
833 4268 1025 4315 contra
1075 4260 1338 4317 Berouem
1365 4271 1420 4316 et
1469 4261 1705 4318 Helicem
1740 4265 1896 4320 nobis
1951 4281 2068 4320 ser-

597 4495 686 4570 §8)
714 4495 983 4570 Hippolyt.
1008 4511 1190 4553 contra
1224 4501 1376 4556 Noet.
1412 4519 1561 4557 num.
1596 4503 1784 4570 10,11.

571 4567 683 4635 (59)
714 4567 786 4621 Id.
814 4567 969 4635 ibid.,
994 4587 1142 4624 num.
1177 4573 1263 4626 12.

572 4635 682 4706 (40)
714 4636 792 4691 ld.
817 4639 970 4705 ibid.,
1000 4657 1150 4695 num.
1188 4644 1274 4695 14.

573 4707 686 4776 (41)
716 4707 794 4776 Μ.
825 4709 982 4776 ibid.,
1017 4728 1166 4765 num.
1194 4713 1274 4765 15.

573 4778 684 4845 (42)
714 4775 790 4831 ld.
814 4775 973 4844 ibid.,
997 4797 1149 4834 num.
1181 4783 1266 4842 16,
1297 4783 1384 4835 17.

714 4848 789 4918 id.
821 4849 950 4903 ibid.
974 4891 989 4914 ,
1023 4867 1173 4904 num.
1205 4851 1269 4904 17
1300 4861 1353 4906 et
1382 4853 1466 4909 18.

713 4917 1060 4994 ’[ἰῌςιιιοιιῑ..
1089 4920 1355 4985 Μέιηοὶν.,
1390 4934 1522 4978 tom.
1553 4923 1642 4988 lll,
1675 4940 1796 4994 pag.
1828 4926 1954 4979 107.

715 4987 1367 5066 Ceilliet',;lli_st._géuér.,
1407 5005 1537 5048 tom.
1573 4995 1635 5066 ll,
1819 4996 1942 5066 549..

571 5057 684 5197 illi)
715 5057 911 5126 Dupin,
937 5057 1188 5114 Biblioth'.
1223 5073 1389 5126 auct.,
1419 5074 1552 5118 tom.
1580 5057 1630 5128 l,
1650 5057 1768 5133 p'ag'.
1790 5065 1910 5118 177.

595 5128 684 5195 47)
722 5127 865 5183 Hist.
909 5130 1073 5184 littér.
1118 5132 1180 5185 de
1228 5132 1283 5186 la
1328 5132 1554 5197 France,
1596 5145 1728 5189 tom.
1761 5133 1813 5197 Ι,
1859 5151 1910 5197 βε

595 5127 865 5254 47ἐ9ἔίει.
909 5130 1073 5184 littér.
1118 5132 1180 5185 de
1228 5132 1283 5186 la
1328 5132 1377 5186 F
1382 5151 1554 5200 rauce,
1596 5127 1728 5189 tom.
1761 5133 1813 5200 Ι,
1858 5145 1995 5204 part.
2026 5153 2065 5201 ι,

539 5214 623 5254 82.
651 5214 772 5254 δικ.

501 5215 1053 5343 ΡδῗλέῖυῒῬιω-ῐθιω
1074 5273 1196 5326 misi
1223 5272 1290 5326 ad
1310 5290 1549 5343 priesens
1573 5290 1695 5327 eum
1717 5273 1818 5327 hac
1842 5273 2068 5341 epistola

504 5353 693 5392 mea...
751 5339 990 5392 notulam
1044 5339 1327 5396 habentem
1374 5345 1679 5398 testimonia
1722 5361 1786 5396 ex
1821 5339 1977 5396 dictis
2009 5345 2067 5398 S.

507 5405 782 5488 Hippolyti
823 5409 1074 5488 .episcopi
1139 5411 1333 5467 Portus
1390 5413 1618 5468 Romani
1683 5430 1746 5467 ac
1797 5416 2069 5488 Amartyris

504 5475 720 5532 Christi
746 5477 836 5532 Dei
853 5475 1071 5551 nostri,
1119 5497 1227 5549 quo
1257 5493 1310 5534 et
1346 5499 1439 5551 per
1480 5501 1542 5538 ea
1591 5498 1754 5537 nosse
1797 5475 2066 5547 habeatis,

507 5561 669 5617 quam
703 5550 1044 5603 concorditer
1081 5568 1204 5605 cum
1231 5550 1356 5605 aliis
1387 5555 1640 5607 omnibus
1665 5555 1866 5607 sanctis
1898 5551 2071 5606 Patri-

505 5615 609 5670 bus
644 5615 940 5692 Salvatoris
969 5622 1135 5692 nostri
1161 5619 1286 5676 Jesu
1326 5620 1528 5677 Christi
1565 5624 1818 5692 praedicet
1847 5632 2070 5678 naturas

505 5697 560 5767 et
585 5687 944 5755 operatioues.
973 5690 1179 5744 refellat
1205 5701 1531 5767 autemeos,
1552 5687 1646 5767 qui
1679 5709 1843 5767 unam
1873 5709 2064 5767 opera-

506 5762 710 5813 tionem
740 5767 791 5814 et
825 5769 1070 5814 naturam
1103 5776 1265 5816 unam
1299 5762 1596 5819 divinitatis
1626 5770 1680 5818 et
1717 5763 2068 5818 humanitatis

2165 556 2376 608 rheticis
2421 563 2608 607 contra
2641 552 3064 619 leonomachos;
3094 554 3417 607 Anastasius
3441 563 3559 608 v‘ero
3585 571 3696 624 apo-

2163 646 2442 700 crisiarius
2484 647 2536 699 in
2585 645 2700 699 suis
2739 643 3082 698 Collectaneis
3140 642 3329 698 Latine
3368 644 3584 698 reddita.
3630 644 3696 699 Ει

2165 735 2416 790 Turriani
2445 736 2695 789 versione
2716 735 2922 804 primus
2950 735 3040 789 illa
3072 735 3313 803 vulgavit
3336 732 3589 788 Henricus
3607 735 3697 788 Ca-

2165 829 2357 882 nisius.
2394 826 2577 881 Grmca
2616 827 2868 895 deinceps
2898 842 2962 879 ex
2995 826 3236 894 ejusdem
3262 825 3511 880 Turriani
3537 825 3699 880 codice

2165 918 2367 971 addidit
2413 917 2785 971 Auastasiana:
2833 917 3068 971 versioni
3121 915 3464 970 Sirmondus.
3536 914 3699 969 (ἔτειρε

2166 1009 2290 1062 item
2317 1019 2369 1062 et
2395 1008 2579 1062 Latine
2604 1005 2842 1077 Operum
2875 1008 2932 1061 S.
2960 1007 3178 1061 Maximi
3217 1015 3363 1061 torno
3397 1004 3417 1058 I
3450 1007 3698 1075 praemissa

2165 1102 2333 1156 edidit
2366 1100 2749 1163 Combefisius,
2788 1101 2879 1169 qui
2919 1110 2973 1154 et
3001 1099 3276 1154 Anastasii
3308 1098 3602 1152 versionem
3632 1112 3702 1151 re-

2165 1191 2396 1248 censuit.
2441 1191 2635 1245 Eadem
2667 1191 2860 1245 exinde
2885 1190 2938 1244 in
2980 1205 3139 1244 suum
3174 1187 3513 1258 Hippolytum
3547 1194 3702 1238 trans-

2167 1285 2288 1338 tulit
2333 1281 2637 1336 Fabricius.
2705 1281 2952 1335 Posthac
3002 1297 3070 1335 ex
3115 1279 3423 1333 Combefisii
3471 1278 3697 1341 editione,

2165 1374 2349 1429 Graeca
2387 1373 2685 1442 desumpsit
2738 1371 3059 1441 Basnagius,
3097 1386 3160 1424 ac
3198 1368 3449 1423 Turriani
3491 1367 3700 1422 versiont

2166 1465 2410 1535 adjunxit
2448 1474 2581 1518 tom.
2627 1463 2645 1517 ι
2685 1462 2936 1514 Thesauri
2973 1460 3284 1523 Canisiani;
3320 1460 3385 1513 ad
3422 1458 3574 1525 cujus
3610 1457 3703 1510 cal-

2167 1572 2283 1613 cem
2337 1564 2594 1625 przeterea
2642 1552 2706 1606 γ.
2752 1552 2813 1608 C.
2868 1551 3077 1607 Claudii
3119 1549 3554 1620 Cappcronnierii
3604 1549 3702 1602 ani-

2168 1649 2571 1702 madversiones
2623 1647 2675 1699 in
2723 1644 2994 1699 Anastasii
3035 1643 3335 1697 versionem
3373 1655 3496 1696 cum
3527 1637 3702 1693 Grecis

2169 1740 2418 1794 collatam
2467 1737 2682 1806 adjecit.
2736 1734 2830 1789 His
2880 1735 3138 1788 subsidiis
3171 1733 3468 1788 instructus
3500 1732 3565 1786 cl.
3595 1729 3703 1784 Gal-

2169 1830 2382 1884 landius
2443 1829 2732 1883 editionem
2795 1841 2948 1880 suam
3013 1824 3258 1894 paravit;
3312 1823 3700 1892 praecedentium

2167 1922 2431 1975 editorum
2466 1919 2871 1974 observationes
2914 1916 3160 1984 subjecit,
3198 1930 3373 1984 neque
3407 1922 3560 1968 notas
3585 1914 3704 1965 omi-

2168 2014 2256 2076 sit,
2300 2028 2436 2082 quas
2466 2011 2708 2066 eruditus
2756 2007 3260 2062 Sirmondianorum
3292 2005 3470 2060 editor
3503 2003 3702 2073 margini

2167 2105 2379 2167 allevit;
2415 2102 2688 2157 Anastasii
2736 2100 2975 2155 versioni
3019 2098 3459 2154 testimoniorum
3483 2095 3706 2166 Hippoly-

2169 2205 2400 2258 teorum,
2442 2192 2897 2248 Combeﬁsianam
2937 2191 3310 2244 recensionem
3345 2190 3610 2257 apposuit,
3637 2197 3707 2240 at-

2167 2304 2272 2356 que
2317 2287 2554 2356 integras
2592 2281 3029 2354 Capperonnierii
3070 2281 3568 2335 animadversiones
3596 2279 3706 2335 sub-

2167 2381 2320 2436 didit.

2239 2469 2311 2524 De
2361 2467 2540 2538 operis
2586 2466 2889 2536 integritate
2936 2478 3042 2518 non
3071 2472 3155 2519 est
3185 2461 3433 2534 profecto
3469 2477 3564 2516 cur
3603 2459 3707 2530 jure

2168 2560 2421 2614 dubitare
2444 2559 2567 2628 quis
2597 2558 2792 2612 valeat.
2826 2555 2971 2608 Nihil
2999 2555 3197 2625 quippe
3223 2555 3277 2608 in
3303 2555 3387 2609 bis
3419 2553 3710 2624 fragmentis

2167 2651 2344 2718 legere
2391 2659 2492 2711 est,
2538 2648 2682 2716 quod
2719 2645 3063 2714 Hippolytum
3099 2645 3338 2714 apprime
3371 2659 3480 2698 non
3511 2646 3704 2706 deceat;

2169 2742 2417 2810 quinimo
2451 2741 2562 2793 sive
2602 2747 2984 2808 argumentum
3019 2743 3248 2805 spectes,
3282 2735 3395 2790 sive
3423 2732 3708 2804 disputandi
3794 2791 3798 2796 η

2170 2833 2470 2897 rationem;
2524 2830 2715 2897 omnia
2777 2843 2912 2898 pene
2964 2827 3173 2897 gemina
3228 2842 3350 2880 eum
3414 2824 3707 2895 praecedenti

2171 2925 2433 2994 opusculo
2467 2932 2653 2978 contra
2687 2921 2913 2975 Noetum
2947 2919 3183 2988 reperias
3211 2936 3225 2983 ;
3271 2926 3330 2972 ut
3365 2919 3589 2988 proinde
3617 2918 3707 2970 fra-

2172 3025 2386 3085 gmenta
2438 3014 2705 3084 ejusmodi
2753 3014 2946 3066 merito
2991 3011 3261 3064 vindicent
3309 3008 3593 3080 Hippolyto
3623 3009 3705 3061 viri

2171 3107 2493 3172 doctissimi,
2525 3106 2711 3160 Bullus
2738 3105 2848 3176 (49)
2890 3105 2941 3156 in
2959 3104 3172 3173 primis,
3210 3101 3588 3157 Tillemontius
3614 3098 3708 3172 (50)

2164 3197 2387 3267 aliique.

2240 3289 2342 3344 Sed
2392 3289 2473 3341 vir
2529 3287 2881 3342 doctissimus
2909 3285 3072 3341 Ellies
3100 3285 3345 3356 Dupinus
3369 3285 3616 3348 dubitat,
3653 3299 3710 3338 an

2170 3380 2257 3434 illa
2287 3389 2537 3449 excerpta
2572 3379 2628 3432 S.
2656 3379 2993 3449 Hippolytum
3029 3379 3263 3432 habeant
3287 3377 3708 3448 auctorem,(5|);

2175 3470 2380 3524 Natalis
2403 3481 2580 3525 autem
2611 3470 2933 3536 Alexander,
2979 3469 3253 3533 Petavius,
3281 3467 3519 3524 Sandius
3543 3469 3645 3540 (5‘2)
3667 3476 3712 3520 et

2169 3561 2464 3632 Basnagius
2494 3562 2603 3632 (55)
2627 3563 2854 3631 probare
2881 3561 3360 3615 conanturlihrum
3379 3561 3457 3616 De
3478 3561 3712 3628 theologia

2170 3664 2217 3710 et
2238 3654 2599 3708 incarnatione
2617 3669 2723 3705 non
2740 3668 2859 3706 esse
2878 3652 2934 3706 S.
2969 3652 3236 3723 Hippolyti
3263 3669 3398 3724 opus
3415 3651 3710 3722 genuinum.

2169 3746 2467 3799 Audiamus
2502 3745 2678 3813 ipsum
2709 3741 2951 3797 Natalem
2989 3745 3354 3798 Alexandrum
3389 3744 3506 3814 (54)
3549 3752 3711 3797 contra

2168 3837 2282 3890 hzec
2311 3846 2560 3905 excerpta
2586 3836 2686 3889 ista
2709 3837 3106 3890 disserentem:
3137 3855 3156 3886 ι
3189 3834 3347 3888 Liber
3372 3835 3450 3888 De
3479 3834 3712 3901 theologia

2169 3939 2216 3982 et
2245 3929 2605 3981 incarnatione
2646 3937 2832 3982 contra
2872 3927 3134 3981 Bel-onem
3167 3937 3220 3981 et
3247 3926 3486 3982 Helicem
3521 3928 3712 3982 lucreti-

2169 4034 2332 4074 cos...
2365 4035 2472 4072 non
2522 4019 2732 4072 videtur
2759 4033 2880 4072 esse
2922 4019 3093 4072 sancti
3126 4017 3416 4088 Hippolyti,
3451 4019 3602 4087 cujus
3630 4031 3712 4070 no-

2170 4127 2292 4164 men
2324 4110 2558 4180 prtefert.
2592 4108 2700 4164 Nec
2727 4109 2870 4163 enim
2900 4110 3018 4178 ejus
3045 4110 3340 4163 meminere
3364 4119 3592 4175 veteres,
3628 4121 3714 4162 nec

2170 4202 2421 4270 congruit
2456 4200 2788 4269 temporibus
2821 4197 3114 4270 Hippolyti.
3149 4198 3366 4253 Refellit
3398 4201 3545 4254 enim
3581 4213 3713 4252 erro-

2170 4309 2283 4347 rem
2312 4292 2638 4360 Apollinaris
2673 4300 2726 4346 et
2765 4290 3075 4362 Eutychetis
3099 4291 3167 4346 de
3201 4292 3508 4346 mutatione
3540 4292 3714 4346 divini-

2173 4507 2290 4576 ejus
2347 4507 2778 4582 dogmatizant...
2831 4507 2986 4564 Hunc
3036 4509 3232 4582 librum
3269 4509 3512 4582 Byzantii
3559 4511 3711 4568 nobis.

2171 4587 2457 4647 antequam
2504 4581 2646 4646 passi
2691 4579 3002 4644 fuissemus,
3034 4579 3454 4647 delatumfcum
3493 4582 3629 4635 hunc
3654 4592 3716 4633 to-

2173 4659 2283 4720 tum
2351 4649 2627 4720 vellemus
2667 4651 3055 4714 transcribere,
3101 4651 3281 4704 subito
3316 4651 3473 4720 juxta
3508 4665 3715 4706 censue-

2172 4718 2408 4773 tudinem
2437 4734 2590 4771 suam
2618 4719 2926 4774 insistentes
2962 4721 3256 4774 adversarii
3288 4718 3558 4775 latronum
3583 4736 3715 4775 more

2170 4797 2487 4860 rapuerunt,
2538 4797 2591 4840 et
2643 4804 2747 4841 non
2801 4789 3066 4844 valuimus
3122 4805 3186 4844 ex
3242 4791 3360 4860 ipso
3408 4792 3529 4860 plus
3570 4806 3713 4860 quam

2170 4867 2293 4928 gelo
2342 4858 2454 4928 lucc
2494 4859 2797 4912 testimonia
2830 4861 3033 4913 tollere.
3091 4878 3108 4910 ι
3156 4858 3432 4924 Αιιάειειε.ζ
3482 4858 3635 4928 epist.
3659 4861 3713 4912 ad

2169 4925 2438 5050 ἓίιιεοάοε.
2453 4929 2706 5053 Eprgsbyt.
2741 4930 3064 4998 Gangrens.,
3087 4940 3217 4984 tom.
3243 4929 3310 4984 lll
3331 4933 3469 5001 Opp.
3497 4925 3715 4986 Sirmon-

2209 5013 2416 5053 t..Daa.
2499 5013 2515 5049 ι
2563 5037 2576 5051 .
2991 5029 2994 5032 -

2629 5055 2840 5137 ΠεΪεηε·
2870 5069 2964 5138 ﬁd-
2991 5029 3234 5148 Ficum"
3267 5081 3400 5127 sect.
3427 5088 3488 5139 ιι,
3519 5087 3632 5142 cap.
3667 5070 3714 5132 8,

2275 5181 2285 5198 .
2384 5179 2434 5206 ι..
2545 5178 2559 5192 .
2743 5205 2746 5206 ν
2775 5205 2780 5206 ί

2247 5178 2704 5282 (ᾗόἶῗίιῖξίιιοηῐ,
2729 5205 2975 5264 Mémoir.
3001 5210 3152 5276 eccl.,
3186 5222 3320 5268 tom.
3347 5211 3436 5277 lll,
3467 5227 3589 5282 pag.
3628 5205 3715 5261 108

2170 5285 2223 5330 ει
2243 5279 2583 5420 (15%.Dupin,
2612 5347 2748 5420 Bibl.
2783 5358 2949 5416 auct.,
2977 5365 3098 5420 pag.
3127 5351 3246 5406 178.

2242 5418 2352 5492 (ᾇὲ)
2382 5419 2572 5492 §and.,
2612 5418 2720 5492 Ver.
2755 5423 2940 5492 script.
2979 5418 3183 5492 eccles,
3216 5438 3336 5492 pag.
3363 5423 3454 5492 27.

2241 5488 2354 5554 (5⁸5)
2379 5487 2638 5557 Basnage,
2665 5487 3040 5546 Animadvers.
3059 5493 3124 5547 ad
3157 5487 3406 5547 Tliesaur.
3431 5490 3716 5550 Canisian.,

2170 5564 2303 5612 tom.
2328 5557 2368 5620 l,
2403 5575 2520 5628 pag.
2557 5560 2754 5621 10,11.

2184 5697 2199 5702 _
2243 5627 2356 5702 (54)
2386 5627 2561 5702 Natat.
2597 5629 2910 5702 Alexandr.,
2939 5629 3080 5690 Hist.
3110 5633 3317 5702 eccles.,
3343 5647 3468 5689 sate.
3502 5645 3585 5695 ιιι,
3605 5638 3715 5697 cap.

2171 5697 2226 5766 4,
2256 5699 2470 5754 articul.
2510 5701 2560 5766 1,
2595 5715 2712 5769 pag.
2750 5701 2834 5757 05.
