3882 6500
170 327 250 382 3o:
1097 314 1183 367 ns
1224 312 1383 368 vna
1421 310 1508 365 ET
1548 310 1855 364 SCRll’TlS
1896 309 1952 363 s.
1992 296 2392 365 lllPPllLYTl.‘

3244 312 3349 365 502

170 441 273 496 tatis
305 440 351 492 in
381 451 623 497 carnem,
666 436 745 487 vel
774 435 953 488 carnis
981 432 1032 486 in
1068 433 1235 487 Deum
1272 435 1354 497 (ut
1379 442 1593 487 constat
1620 447 1681 483 ex
1718 441 1758 492 Α
1790 429 2049 483 adversus
2093 429 2459 499 Eutychianos
2494 427 2805 496 protulisset
2860 427 2914 479 in
2973 426 3147 481 tribus
3181 430 3353 485 dialo-

171 537 259 588 illis
283 531 444 584 verbis
460 527 643 596 cap.4)
683 545 695 579 :
735 526 904 590 Quam
931 527 1229 591 essentiam,
1256 526 1453 593 inquit,
1481 525 1686 576 habebit

168 622 569 689 eorumlopinione
585 620 756 689 [actus
775 619 926 671 homo
955 629 1153 671 mutata
1182 619 1455 671 divinitate
1484 619 1537 669 in
1568 633 1686 669 car-

169 714 381 769 netn?Et
409 729 559 782 quam
585 711 788 764 habebit
811 710 946 765 Deus
975 721 1177 763 mutata
1209 727 1363 763 carne
1393 712 1447 763 in
1476 709 1638 761 Deum
1663 710 1688 761 .’

170 810 369 865 Mutatio
383 809 516 862 enim
538 808 763 860 duarum
781 815 1086 858 naturarum
1100 805 1235 857 inter
1249 821 1322 865 se,
1346 804 1589 857 interitus
1610 811 1686 856 est

168 906 431 953 ambarum.
486 896 591 950 Nec
639 895 814 949 solum
858 903 978 963 post
1009 895 1237 946 haereses
1275 891 1600 960 Apollinaris
1633 899 1687 943 et

168 989 453 1061 Eutychetis
477 988 587 1055 jam
615 995 783 1048 ortas,
816 1000 1000 1038 verum
1031 984 1189 1037 etiam
1220 994 1343 1051 post
1368 980 1687 1035 Monotheli-

165 1093 314 1133 tarum
337 1078 579 1131 haeresim
605 1076 828 1129 etfusam
852 1118 867 1139 ,
902 1073 1239 1141 conscriptus
1272 1072 1478 1126 videtur
1501 1072 1601 1126 iste
1624 1072 1685 1124 li-

162 1172 255 1226 ber.
287 1168 409 1222 Nam
444 1170 495 1221 in
524 1183 590 1222 eo
614 1166 848 1219 maxima
880 1181 1005 1234 pars
1030 1164 1146 1233 ejus
1174 1174 1435 1229 versatur,
1473 1173 1530 1218 ut
1550 1163 1686 1217 duas

164 1265 208 1316 in
240 1262 441 1315 Christo
468 1259 809 1330 operationes
840 1260 1061 1327 probet;
1093 1257 1332 1327 alioquin
1369 1267 1684 1311 naturarum

160 1354 502 1410 confusionem
549 1362 889 1417 secuturam;
934 1351 1013 1405 sic
1054 1366 1245 1419 nempe
1277 1351 1435 1403 habet
1459 1366 1576 1419 cap.
1606 1352 1638 1403 5
1668 1369 1681 1402 :

161 1446 351 1501 Carnem
382 1463 413 1497 a
464 1444 628 1498 Verbo
656 1452 999 1511 assumptum,
1032 1459 1190 1511 unam
1225 1453 1272 1495 et
1303 1442 1535 1497 eamdem
1568 1459 1686 1509 ope-

162 1538 383 1590 rationem
413 1536 619 1601 habere,
651 1552 806 1605 quant
836 1536 1107 1600 divinitas,
1135 1544 1344 1603 propter
1366 1535 1685 1603 assumptio-

161 1645 283 1690 nem;
304 1628 625 1680 divinitatem
647 1644 764 1680 vero
794 1628 1029 1680 eamdem
1048 1629 1363 1695 passionem,
1387 1645 1543 1697 quant
1560 1644 1682 1681 caro

159 1731 338 1791 propter
366 1722 807 1782 exinaniti‘onem;
848 1721 925 1772 sic
952 1723 1292 1774 mutationem
1323 1722 1481 1774 simul
1507 1732 1559 1777 et
1584 1725 1684 1775 nti-

160 1815 349 1868 stionem
386 1830 448 1866 ac
483 1813 875 1881 confusionem,
906 1824 957 1866 et
998 1813 1271 1866 ambarum
1293 1824 1605 1867 naturarum
1630 1816 1685 1867 in

160 1906 329 1972 seipsas
352 1906 735 1958 conversionem
759 1907 997 1958 tradunt.
1036 1903 1096 1959 Si
1154 1908 1292 1958 enim
1321 1923 1442 1958 caro
1477 1923 1684 1960 assum-

160 2009 231 2065 pta
253 1998 476 2050 eamdem
507 1999 861 2066 operationem
889 1999 1073 2062 habet,
1105 2015 1261 2068 quam
1297 1999 1544 2052 divinitas
1572 2016 1588 2063 ;
1620 2000 1688 2052 li-

160 2099 257 2157 quet
300 2090 491 2158 factam
542 2107 654 2144 esse
692 2100 884 2145 natura
935 2090 1101 2144 Deunt
1149 2091 1434 2161 habereque
1489 2094 1685 2158 omnia,

157 2200 256 2235 cum
278 2183 455 2253 quibus
491 2185 812 2238 naturaliter
844 2184 1159 2253 intelligitur
1185 2182 1356 2247 Deus;
1387 2192 1436 2236 et
1466 2184 1513 2236 si
1548 2185 1686 2237 diri-

157 2275 271 2327 nitas
291 2274 567 2327 exinanita
587 2276 823 2328 eamdem
842 2275 1139 2342 passionem
1159 2274 1326 2337 subit,
1344 2290 1499 2343 quam
1527 2290 1685 2341 caro;

155 2369 289 2437 liquet
330 2368 535 2437 [actam
578 2385 688 2421 esse
738 2380 931 2422 natura
978 2384 1208 2432 carnem,
1258 2367 1542 2437 habereque
1592 2368 1689 2421 illa

156 2460 321 2521 omnia,
364 2477 489 2513 cum
546 2459 733 2530 quibus
774 2460 1096 2513 naturaliter
1134 2461 1279 2512 nosci
1331 2468 1498 2527 potest
1541 2477 1683 2513 caro.

156 2550 264 2615 Qui:
283 2552 413 2605 enim
444 2553 591 2605 inter
616 2568 670 2605 se
704 2560 825 2605 sunt
847 2552 1076 2621 ejusdem
1104 2552 1443 2619 operationis,
1488 2564 1535 2604 et
1584 2552 1687 2620 elfi-

156 2647 349 2711 cientite,
397 2664 459 2699 ac
518 2647 854 2715 cognitionis.
898 2654 948 2699 et
979 2647 1190 2700 omnino
1222 2646 1360 2699 idem
1386 2648 1682 2715 patiuntur,

157 2736 328 2789 nullam
366 2750 578 2791 natura
613 2738 964 2805 diﬂ'erentiam
997 2737 1304 2790 admittunt.
1335 2736 1400 2791 Et
1437 2754 1557 2806 cap.
1598 2740 1631 2792 6
1667 2756 1681 2790 :

157 2825 242 2888 Qui
280 2828 512 2880 eamdem
570 2828 921 2881 operationem
969 2828 1189 2882 diversis
1244 2830 1450 2882 naturis
1490 2829 1689 2883 Christi

156 2917 343 2982 tribuit,
374 2920 742 2987 confusionem
770 2928 1084 2973 naturarum
1114 2920 1273 2973 simul
1309 2922 1616 2987 introducit,
1640 2934 1686 2974 et

156 3010 427 3065 divisionem
457 3028 843 3080 personarum;
888 3029 1003 3065 cum
1043 3013 1302 3066 naturalis
1330 3015 1553 3067 essentia
1586 3032 1686 3068 na-

157 3112 365 3157 turarum
404 3122 497 3173 per
546 3106 890 3159 mutationem
927 3107 1304 3174 proprietatum
1334 3108 1538 3172 penitus
1562 3110 1685 3160 sub-

156 3195 247 3248 lata
269 3199 351 3250 sit.
382 3196 447 3249 Et
476 3212 601 3266 cap.
637 3197 667 3249 7
701 3219 712 3252 :
748 3196 968 3251 Creator
1000 3199 1231 3249 omnium
1262 3213 1325 3248 ex-
1353 3208 1536 3251 sancta
1578 3197 1686 3251 Vir—

156 3286 250 3353 gine
291 3287 463 3341 Maria
500 3289 561 3339 in
585 3297 831 3357 conceptu
864 3304 1017 3355 puro,
1061 3289 1173 3341 sine
1207 3290 1525 3354 mutatione,
1569 3291 1686 3343 ani-

158 3394 272 3429 mum
310 3380 688 3449 intelligentem
736 3395 855 3432 eum
888 3395 1100 3447 corpore
1145 3381 1393 3433 sentiente
1421 3381 1522 3435 sibi
1565 3386 1687 3435 sub-

157 3472 450 3527 stantialiter
499 3472 709 3535 aniens,
746 3472 918 3538 factus
964 3482 1039 3526 est
1078 3473 1257 3535 homo,
1290 3484 1480 3527 natura
1511 3492 1543 3528 a
1569 3491 1687 3542 pec-

157 3572 253 3616 cato
278 3564 501 3622 alienus.
548 3563 688 3616 Deus
732 3563 972 3630 Verbum,
1008 3564 1143 3617 idem
1171 3564 1309 3618 Deus
1340 3573 1510 3628 totus,
1551 3567 1687 3619 idem

158 3654 260 3707 item
287 3656 435 3709 homo
468 3665 637 3718 totus,
692 3655 963 3708 divinitate
1005 3656 1213 3725 quidem
1262 3656 1437 3709 divina
1467 3673 1688 3725 operans

156 3760 231 3811 per
257 3758 486 3801 sanctam
526 3762 756 3811 carnem,
789 3762 903 3815 quia
934 3758 1127 3799 natura
1165 3762 1267 3800 non
1303 3756 1453 3800 erant
1481 3749 1688 3811 carnis;

158 3836 456 3894 humanitate
483 3854 606 3892 vero
632 3838 884 3901 humana,
922 3854 1038 3909 qua:
1071 3853 1264 3893 natura
1303 3856 1405 3893 non
1424 3852 1571 3893 erant
1600 3841 1685 3893 di—

157 3930 396 3993 rinitatis;
428 3932 641 3999 patiens
674 3933 1049 3983 sustentatione
1084 3931 1411 3997 divinitatis,
1449 3931 1580 3984 nihil
1606 3933 1691 3985 di-

158 4021 304 4073 uinum
335 4024 543 4077 nudum
590 4038 801 4089 corpore
845 4037 1080 4089 operans,
1125 4021 1356 4090 nihilque
1403 4023 1690 4074 humanum

153 4130 309 4182 expers
342 4118 682 4180 divinitatis;
710 4132 917 4169 servans
946 4116 1047 4169 sibi
1088 4131 1271 4168 nouum
1311 4117 1551 4180 modum,
1587 4132 1690 4185 quo

158 4215 367 4274 utraque.
410 4207 600 4259 divina
642 4205 836 4258 scilicet
884 4212 934 4257 et
976 4205 1205 4256 humana
1233 4216 1473 4271 operatus
1506 4214 1603 4263 est.
1633 4215 1690 4257 ut

156 4295 201 4347 in
225 4308 393 4351 neutra
422 4308 626 4352 natura
650 4298 869 4350 mutatio
898 4298 1063 4365 ﬁeret.
1093 4294 1249 4351 Certe
1277 4313 1399 4351 cum
1436 4299 1547 4352 inec
1580 4299 1694 4350 Mo-

159 4390 521 4443 nothelitarum
583 4404 845 4451 errorem,
884 4391 1097 4443 unicam
1126 4389 1176 4441 in
1204 4390 1419 4443 Christo
1442 4389 1691 4441 volunta-

1791 521 1893 589 gis,
1916 536 2055 588 quos
2086 530 2274 573 contra
2303 520 2448 588 ipsos
2472 519 2805 589 composuit:
2843 519 3073 572 maxime
3097 536 3217 573 cum
3246 523 3350 576 alia

1788 626 1852 665 ex
1886 609 2149 679 Oper-ibus
2183 610 2448 681 Hippolyti
2491 611 2606 664 loca
2650 620 2946 676 recenseat,
2985 612 3241 665 nimirum
3287 630 3353 665 ea:

1790 702 2024 754 oratione
2055 701 2117 754 de
2151 702 2519 754 distributione
2549 701 2886 766 talentorum,
2929 716 2993 754 ea:
3025 702 3249 770 epistola
3281 702 3352 753 ad

1788 795 2070 860 quamdam
2102 796 2355 863 reginam,
2396 810 2459 847 ex
2490 810 2725 847 sermone
2757 795 2811 845 in
2844 793 3134 847 Ilelcanam
3167 805 3215 847 et
3244 798 3352 848 Att-

1790 900 1944 948 nam,
1992 901 2111 954 quin
2141 886 2319 939 minus
2352 886 2626 954 splendida
2660 898 2787 939 sunt
2818 895 2872 939 et
2917 886 3116 940 diserta
3139 928 3153 947 ,
3187 904 3349 956 quam

1787 992 1874 1037 ea,
1908 994 2027 1045 qua:
2068 978 2309 1046 proxime
2348 980 2692 1034 adduximus.
2729 979 2844 1033 Non
2884 982 3159 1035 omisisset
3204 990 3353 1035 certe

1794 1069 2241 1139 diligentissimus
2292 1070 2524 1139 scriptor
2564 1072 2868 1125 testimonia
2923 1072 3237 1141 deprompta
3283 1089 3351 1127 ex

1788 1161 1925 1212 liltro
1954 1160 2023 1213 De
2058 1161 2315 1230 theologia
2350 1173 2397 1213 et
2432 1163 2813 1229 incarnatione,
2849 1172 2903 1217 et
2940 1164 2991 1217 in
3032 1180 3188 1217 suum
3231 1182 3353 1220 sco-

1788 1268 1913 1320 pum
1944 1262 2049 1305 tam
2082 1253 2283 1307 directe
2306 1254 2668 1316 collineantia,
2709 1270 2810 1308 suo
2836 1264 2944 1307 tam
2978 1258 3351 1311 convenientia

1787 1357 2125 1415 argumento,
2158 1345 2200 1398 si
2227 1346 2278 1397 in
2304 1360 2485 1398 rerum
2515 1354 2703 1398 natura
2750 1345 2885 1400 liber
2915 1346 3223 1415 hujusniodi
3266 1367 3354 1401 ev-

1787 1438 2031 1490 stitisset.

1862 1547 1879 1577 ‹
1916 1527 2155 1595 Denique
2178 1526 2404 1581 Beronis
2425 1538 2477 1581 et
2508 1527 2715 1582 lleliccs
2742 1528 3137 1595 luereticoruni,
3162 1540 3350 1585 contra

1786 1635 1923 1688 quos
1946 1619 2122 1673 editus
2156 1618 2345 1683 fertur,
2378 1621 2519 1673 nulla
2556 1631 2641 1675 est
2685 1621 2736 1674 in
2783 1631 2892 1675 tota
2930 1631 3076 1676 retro
3110 1623 3351 1691 antiqui-

1789 1721 1897 1765 tate
1932 1712 2214 1765 memoria.
2258 1732 2276 1761 ›
2326 1710 2597 1766 llactenus
2630 1712 2693 1768 V.
2720 1713 2784 1767 C.
2816 1713 2925 1768 Nec
2957 1715 3097 1767 valet
3124 1729 3352 1783 reSpon-

1787 1819 1906 1857 sum
1953 1802 2157 1857 Canisii
2198 1814 2251 1856 et
2286 1803 2603 1869 Possevini,
2653 1820 2889 1859 errorem
2940 1807 3007 1860 de
3056 1808 3354 1862 mutatione

1786 1894 2084 1949 divinitatis
2116 1896 2169 1949 in
2214 1896 2624 1962 humanitatem,
2666 1898 2748 1950 vel
2788 1899 3142 1953 humanitatis
3173 1902 3227 1953 in
3265 1902 3353 1954 di-

1788 1988 2099 2052 vinitatem,
2143 2002 2262 2041 esse
2308 1988 2664 2055 antiquiorem
2698 1988 2993 2058 Eutychete
3037 2007 3101 2045 ac
3150 1993 3355 2061 Apolli-

1787 2082 1924 2145 nari,
1963 2098 2083 2136 cum
2130 2082 2248 2149 ejus
2289 2082 2595 2135 meminerit
2633 2093 2852 2136 sanctus
2886 2082 3132 2137 Justinus
3162 2085 3217 2138 in
3243 2085 3355 2139 Ea:-

1786 2175 2039 2243 positione
2066 2174 2211 2242 fidei,
2240 2173 2480 2243 adeoque
2506 2190 2612 2227 non
2640 2189 2758 2228 esse
2784 2175 3201 2243 abjudicandum
3228 2193 3355 2232 san-

1786 2276 1874 2320 cto
1902 2263 2186 2335 llippolyto
2216 2265 2409 2318 librum
2458 2266 2523 2319 de
2568 2281 2676 2334 quo
2711 2266 2942 2335 agimus,
2987 2268 3130 2336 quod
3162 2284 3351 2323 eorum

1786 2374 2026 2414 errorem
2058 2358 2284 2412 refellat.
2322 2358 2453 2411 Nam
2484 2359 2664 2412 statim
2696 2361 2985 2428 respondet
3006 2359 3213 2414 Natalis
3252 2362 3357 2413 Ear-

1788 2452 2096 2520 positionem
2123 2451 2250 2518 ﬁdei
2292 2465 2399 2504 non
2443 2466 2566 2505 esse
2610 2451 2900 2518 genuinum
2946 2454 3119 2507 sancti
3152 2453 3351 2507 Justini

1788 2543 1859 2597 Μ.
1893 2559 2051 2612 opus.
2094 2544 2336 2612 adeoque
2376 2544 2783 2611 responsionem
2828 2541 3032 2598 Canisii
3080 2553 3132 2599 et
3158 2544 3355 2599 Posse-

1786 2637 1895 2690 vini
1932 2636 1985 2689 in
2011 2651 2173 2690 auras
2206 2649 2548 2689 evanescere.

1854 2750 1973 2823 ﬁll.
2006 2750 2711 2823 Respondetur__argumentis
2744 2750 2931 2805 Natat.
2960 2752 3271 2819 Alexandri,
3304 2763 3353 2806 rt

2029 2822 2325 2875 vindicatur
2354 2820 2638 2889 Hippolyto
2667 2822 2761 2874 hoc
2790 2825 3117 2889 opusculum.

1862 2914 2063 2968 V‘erum
2108 2914 2221 2967 haec
2254 2911 2457 2966 Natalis
2503 2923 2957 2982 argumenta'pro
2990 2915 3355 2983 abjudicando

1792 3008 1850 3061 S.
1900 3005 2183 3075 Hippolyto
2242 3011 2507 3059 tractatu.
2552 3006 2603 3057 in
2647 3005 2804 3073 cujus
2849 3008 3192 3074 possessione
3233 3010 3356 3078 plus

1714 3121 1757 3179 ρ
1787 3114 1949 3169 quam
1974 3098 2119 3152 mille
2148 3112 2321 3150 annos
2352 3096 2469 3156 fuit.
2499 3111 2605 3149 non
2628 3106 2753 3151 sunt
2782 3100 2912 3151 satis
2935 3101 3137 3168 gravia.
3171 3101 3355 3156 Primo

1791 3190 1930 3244 enim
1980 3191 2175 3244 mirum
2221 3189 2377 3243 nobis
2405 3190 2646 3254 videtur,
2679 3205 2776 3243 cur
2813 3206 2919 3243 non
2966 3194 3135 3260 possit
3167 3206 3358 3248 auctor

1791 3281 2091 3336 catholicus
2116 3281 2417 3349 primorum
2465 3280 2622 3334 trium
2654 3281 2979 3335 saeculorum.
3004 3283 3144 3337 idem
3189 3290 3355 3354 proli-

1792 3376 1894 3430 teri
1935 3390 1999 3429 ac
2044 3372 2330 3428 defendere
2359 3371 2501 3441 quod
2534 3387 2746 3440 semper
2769 3374 3033 3428 creditum
3076 3375 3177 3429 fuit
3216 3378 3270 3431 in
3304 3390 3357 3431 et

1792 3470 1860 3521 ab
1890 3466 2125 3522 Ecclesia
2174 3474 2280 3519 tam
2326 3472 2449 3518 ante
2473 3503 2487 3526 ,
2522 3480 2681 3532 quam
2714 3475 2835 3533 post
2859 3479 3075 3522 esortas
3100 3468 3351 3525 haereses.

1792 3557 2050 3613 Fatemur
2079 3556 2295 3626 quidem
2324 3570 2419 3609 eos
2449 3554 2634 3609 Patres
2653 3595 2667 3617 ,
2698 3558 2789 3623 qui
2832 3565 2952 3625 post
2983 3568 3173 3614 enatos
3201 3576 3355 3615 erro-

1793 3666 1905 3716 res,
1933 3664 2072 3718 quos
2103 3649 2264 3702 etiam
2296 3659 2767 3718 oppugnaverunt,
2803 3654 3078 3711 vixerunt,
3120 3652 3356 3720 plerum-

1793 3755 1900 3809 que
1928 3738 2236 3793 aecuratius
2265 3736 2408 3793 circa
2442 3740 2695 3791 veritates
2726 3740 2777 3790 in
2802 3740 3233 3794 controversiam
3264 3744 3358 3795 ad~

1794 3832 1985 3886 ductas
2010 3846 2128 3884 sese
2154 3828 2507 3898 expressisse,
2536 3846 2698 3899 quam
2736 3831 2875 3895 illos,
2901 3832 2993 3901 qui
3018 3842 3142 3887 ante
3169 3848 3358 3887 enaias

1794 3923 2167 3980 contentiones
2212 3924 2498 3992 scripsere.
2546 3926 2614 3977 At
2647 3940 2772 3978 vero
2820 3925 2943 3979 inde
2990 3926 3132 3980 haud
3173 3928 3355 3981 statim

1796 4015 2152 4083 colligmdum
2180 4025 2281 4080 est,
2329 4016 2578 4081 loquendi
2625 4014 2912 4081 formulas,
2948 4033 3072 4086 qua:
3110 4028 3231 4086 post
3261 4021 3361 4071 ali-

1796 4103 1952 4172 cujus
1976 4097 2241 4158 barreseOs
2264 4105 2521 4173 originem
2544 4105 2956 4167 adhibebantur,
2984 4123 3090 4160 non
3117 4109 3359 4176 potuisse

1797 4193 2047 4261 usurpari
2087 4194 2280 4247 saltem
2309 4195 2376 4247 ab
2406 4194 2677 4263 aliquibus
2727 4207 2851 4249 ante
2899 4198 3043 4252 illius
3093 4200 3360 4255 hiereseos

1798 4284 1970 4340 initia.
2010 4284 2166 4338 Certe
2198 4283 2253 4337 S.
2292 4284 2655 4351 Athanasius,
2689 4289 2782 4355 qui
2815 4288 2904 4342 diu
2954 4298 3077 4343 ante
3108 4289 3359 4346 haeresim

1798 4376 2301 4442 Monothelitarum,
2332 4376 2775 4433 Nestorianorum
2811 4390 2864 4434 et
2898 4380 3358 4452 Eutychianorum

156 4487 246 4532 tem
270 4480 748 4552 propugnantium,
771 4481 971 4535 directe
997 4489 1209 4549 petant;
1238 4480 1693 4534 verisimillimum
1726 4484 1771 4539 ο
1800 4469 2109 4536 scripserat,
2142 4468 2496 4522 nihilominus
2530 4470 2844 4538 mysterium
2872 4469 3265 4528 lncarnationis
3295 4490 3358 4529 ea

157 4581 244 4633 est,
274 4572 465 4626 librum
498 4573 655 4625 illum
684 4584 809 4625 ante
837 4572 1122 4640 septimum
1160 4571 1436 4632 saeculum,
1466 4584 1574 4639 quo
1603 4584 1696 4624 ex-

156 4665 245 4717 orti
275 4675 396 4719 sunt
430 4665 832 4729 Monothelitai,
866 4664 1239 4718 elucubratum
1292 4678 1399 4717 non
1435 4662 1621 4717 fuisse.

220 4755 461 4812 «Deinde
512 4757 561 4811 si
606 4756 901 4810 exstitisset
947 4764 1188 4824 tempore
1241 4752 1696 4809 Chalcedonensis

156 4848 381 4913 concilii,
428 4848 805 4902 Tneodoretus
838 4847 927 4901 illa
958 4850 1147 4917 procul
1186 4847 1350 4900 dubio
1386 4847 1695 4900 testimonia

219 5068 321 5137 (55)
367 5088 385 5120 ι
422 5070 673 5139 Cumque
706 5070 781 5123 ait
810 5069 1095 5124 Christus:
1130 5069 1321 5128 Pater,
1369 5072 1414 5123 si
1458 5070 1700 5139 possibile

161 5148 239 5199 est,
264 5150 495 5193 transeat
528 5158 560 5191 a
588 5155 664 5192 me
700 5139 841 5194 calix
870 5142 999 5191 iste:
1055 5150 1405 5192 uerumtamen
1443 5157 1543 5192 non
1586 5157 1700 5193 utea

160 5208 398 5274 voluntas,
426 5212 520 5264 sed
549 5220 638 5262 tua
666 5212 792 5278 fiat;
822 5219 904 5263 et:
945 5208 1173 5277 Spiritus
1202 5212 1407 5278 quidem
1434 5225 1699 5278 promptus

161 5289 244 5349 est,
271 5297 389 5331 caro
416 5293 595 5333 autem
632 5282 877 5349 inﬁrma:
912 5281 1049 5333 duas
1082 5281 1382 5334 voluntates
1415 5282 1485 5333 ibi
1521 5291 1701 5333 osten-

162 5344 255 5419 dit;
294 5352 520 5403 alteram
560 5344 884 5414 humanam,
927 5366 1047 5419 quae
1089 5360 1171 5403 est
1215 5351 1425 5412 carnis;
1479 5352 1699 5402 alteram

163 5415 399 5482 divinam,
436 5437 560 5489 quae
593 5420 683 5475 Dei
712 5430 811 5475 est.
843 5439 860 5470 ι
882 5415 1163 5484 Albanas,
1189 5419 1261 5472 De
1285 5419 1559 5473 Inearnat.
1585 5434 1703 5473 con-

164 5492 235 5563 tra
259 5488 660 5563 Ariano’s,ipag.
694 5490 816 5563 887.
857 5508 874 5539 ‹
898 5490 1082 5558 Itaque
1108 5503 1266 5542 verus
1292 5500 1373 5544 est
1400 5491 1488 5543 Dei
1512 5488 1700 5551 Filius,

166 5562 459 5626 priusquam
513 5562 674 5613 homo
722 5562 911 5623 ﬁeret;
967 5570 1019 5612 et
1065 5567 1349 5627 postquam
1397 5563 1568 5616 factus
1600 5574 1701 5619 est.

166 5630 407 5681 mediator
458 5629 552 5681 Dei
598 5640 652 5683 et
699 5632 975 5685 hominum
1026 5631 1187 5683 homo
1233 5630 1481 5685 Christus
1523 5633 1700 5687 Jesus.

166 5688 263 5746 Hoc
288 5700 454 5761 enim,
484 5709 567 5753 est
588 5702 729 5768 quod
762 5703 912 5763 dicit,
937 5710 1160 5769 etquein
1180 5703 1324 5754 misit
1348 5700 1532 5756 Jesum
1552 5703 1705 5757 Chri-

165 5770 312 5834 stum,
343 5771 555 5823 un‘itum
580 5771 731 5825 Patri
756 5771 1050 5825 secundum
1076 5769 1333 5839 Spiritum
1384 5774 1541 5828 nobis
1576 5787 1703 5827 vero

1795 4560 2004 4613 ratione
2051 4560 2303 4628 exponit,
2351 4576 2457 4629 qua
2503 4576 2693 4615 omnes
2742 4562 2931 4616 horum
2980 4565 3358 4619 haereticorum

1795 4665 2006 4704 errores
2032 4650 2308 4718 tequaliter
2342 4650 2727 4719 impugnantur
2762 4660 2817 4706 et
2846 4653 3180 4723 jugulantur.
3223 4657 3359 4710 Pro-

1798 4742 1979 4795 fitetur
2011 4744 2153 4795 enim
2200 4741 2337 4796 duas
2385 4744 2689 4797 voluntates
2721 4744 2833 4813 (55)
2868 4754 2921 4799 et
2960 4746 3097 4807 duas
3135 4756 3361 4801 naturas

1799 4834 1851 4885 in
1877 4829 2000 4885 Jcsu
2035 4829 2253 4886 Christo
2285 4834 2401 4886 sine
2426 4833 2744 4887 confusione
2765 4875 2781 4899 ,
2832 4844 2925 4889 aut
2961 4836 3312 4905 permistione
3341 4880 3355 4903 ,

1802 5083 2095 5138 secundum
2121 5099 2376 5151 carnem;
2408 5096 2461 5139 et
2493 5086 2570 5140 sic
2597 5086 2946 5142 mediatorem
2984 5087 3073 5144 Dei
3100 5102 3151 5144 et
3186 5091 3363 5141 horai--

1802 5168 1953 5219 num,
1998 5155 2090 5221 qui
2124 5170 2230 5207 non
2264 5155 2438 5208 solum
2472 5156 2653 5216 homo.
2690 5158 2781 5209 sed
2815 5159 2975 5211 etiam
3009 5158 3151 5214 Deus
3197 5170 3299 5213 est.
3337 5180 3355 5210 ι

1802 5222 1934 5293 Ibid.
1964 5265 1981 5288 ,
2009 5240 2129 5292 pag.
2159 5222 2282 5277 888.
2340 5242 2358 5275 ι
2396 5224 2592 5293 Sicque
2617 5226 2878 5281 dicendus
2907 5227 3071 5283 fuerit
3112 5229 3362 5283 Christus

1803 5292 2069 5367 perfectus
2100 5293 2239 5367 Deus
2265 5302 2318 5344 et
2351 5292 2620 5362 perfebtus
2648 5297 2842 5361 homo;
2881 5313 2985 5351 non
3012 5304 3154 5367 quod
3179 5300 3359 5353 divina

1803 5360 2060 5429 perfectio
2113 5364 2164 5415 in
2207 5360 2497 5418 humanam
2549 5360 2928 5432 perfectionem
2988 5360 3190 5423 m'utata
3252 5371 3361 5433 sit,

1803 5434 1943 5505 quod
1971 5449 2000 5505 a
2030 5434 2227 5501 pietate
2256 5434 2488 5486 alienum
2516 5446 2626 5499 cst;
2660 5452 2830 5504 neque
2854 5452 2947 5505 per
2973 5440 3364 5495 incrementum

1803 5503 2147 5573 virtutisact
2178 5506 2490 5557 accessione
2523 5503 2766 5573 jnstitite,
2801 5503 2977 5569 absit,
3022 5512 3112 5563 sed
3152 5513 3363 5564 ratione

1804 5571 2130 5646 assistentim
2159 5571 2535 5646 indelicientis,
2570 5585 2627 5629 ut
2653 5587 2880 5644 utraque
2908 5595 3048 5632 unus
3076 5583 3203 5646 sint,
3237 5596 3359 5634 om»

1804 5642 1935 5693 nino
1964 5642 2229 5718 perlectus
2258 5644 2395 5698 idem
2430 5646 2567 5718 Deus
2597 5656 2648 5701 ct
2683 5642 2861 5702 homo.
2900 5669 2917 5699 ι
2959 5642 3240 5718 Athanas.,
3269 5651 3360 5707 lib.

1806 5726 1821 5764 ι
1847 5722 2008 5765 contr.
2042 5713 2267 5783 Apollin,
2291 5756 2303 5780 ,
2335 5731 2386 5783 p.
2420 5716 2543 5769 956.
