3882 6502
445 316 548 371 505

1422 319 1506 373 DE
1547 320 1710 374 VITA
1747 320 1835 374 ET
1879 319 2186 374 SCRIPTIS
2227 320 2284 373 S.
2323 318 2702 374 HIPPOLYTI.

3575 319 3677 373 508

443 440 526 491 vel
576 438 872 493 mutatione
901 458 914 503 ;
966 449 1019 495 et
1053 440 1263 495 beatam
1311 440 1583 513 Virginem
1638 443 1859 498 Mariam
1912 443 2018 499 fre-
2047 452 2092 506 Α
2120 453 2307 499 contra
2339 443 2653 514 Eutychetis
2679 441 2948 507 haeresim,
2988 448 3180 510 printer
3211 440 3334 495 illas
3370 439 3685 494 Tertulliani

441 540 671 601 quenter
696 531 851 585 titulo
880 529 1067 586 Matris
1098 531 1189 586 Dei
1224 533 1456 587 honorat
1487 534 1619 604 (56).
1656 534 2019 590 Tertullianus

441 623 743 676 Athanasio
770 639 833 676 ac
862 622 1063 678 Basilio
1088 624 1247 695 longe
1276 626 1576 694 antiquior,
1615 626 2018 681 distinctionem

443 716 672 766 duarum
724 725 1061 778 naturarum,
1113 730 1176 768 ac
1225 716 1486 769 unitatem
1515 717 1677 771 unius
1722 718 1775 769 in
1805 718 2019 771 Christo

443 803 568 858 Jesu
604 820 848 874 personm
878 816 986 860 tam
1018 807 1161 861 clare
1192 809 1406 873 astruit,
1458 823 1522 862 ac
1563 809 1607 862 si
1654 809 1765 877 jam
1800 819 1912 863 tum
1964 810 2018 862 in

446 906 715 949 certamen
739 910 863 950 cum
892 897 1084 952 haeresi
1115 896 1347 952 Nestorii
1378 907 1431 952 et
1457 898 1768 969 Eutychetis
1798 900 2021 953 descen-

404 1000 411 1005 '
446 986 810 1043 dissetJDeus
836 1027 850 1051 ,
886 988 1060 1057 inquit
1093 980 1243 1059 (57),
1278 1005 1439 1058 neque
1471 990 1658 1042 desinit
1687 1006 1827 1054 esse,
1864 1007 2021 1060 neque

448 1081 593 1137 aliud
621 1090 785 1150 potest
820 1097 952 1134 esse.
989 1078 1169 1134 Sermo
1203 1092 1377 1135 autem
1406 1081 1578 1146 Deus;
1622 1092 1669 1135 et
1716 1098 1883 1135 sermo
1914 1082 2021 1135 Do-

448 1174 577 1226 mini
604 1182 774 1225 manet
809 1174 860 1225 in
896 1184 1170 1235 wternum,
1206 1173 1579 1241 perseverando
1608 1172 1805 1225 scilicet
1842 1174 1895 1225 in
1925 1190 2023 1226 sua

449 1267 640 1335 forma.
678 1265 841 1330 Quem
874 1266 918 1319 si
954 1282 1056 1318 non
1088 1267 1227 1334 capit
1276 1266 1671 1335 transﬁgurari,
1712 1281 2021 1340 consequens

448 1366 546 1423 est,
581 1368 636 1409 ut
669 1358 744 1411 sic
770 1373 894 1408 caro
924 1356 1093 1424 factus
1120 1355 1470 1425 intelligatur,
1505 1357 1628 1408 dum
1661 1356 1719 1424 fit
1758 1357 1811 1407 in
1846 1372 2021 1421 carne,

448 1458 495 1500 et
546 1448 937 1517 manifestatur,
978 1457 1026 1500 et
1070 1447 1292 1511 videtur,
1322 1456 1367 1499 et
1399 1455 1750 1499 contrectatur
1785 1463 1874 1513 per
1905 1463 2023 1499 car—

453 1556 597 1601 nem;
618 1540 741 1609 quia
763 1551 808 1593 et
839 1548 1027 1592 cratera
1054 1539 1128 1591 sic
1158 1538 1323 1606 accipi
1344 1540 1578 1608 exigunt.
1605 1536 1662 1592 Si
1691 1539 1827 1591 enim
1856 1554 2022 1591 sermo

453 1620 916 1699 transﬁguratione
947 1638 997 1681 et
1030 1628 1387 1681 demutatione
1428 1628 1755 1694 substantia;
1789 1647 1911 1683 caro
1943 1630 2025 1699 [αα

454 1732 566 1775 ctus
592 1731 691 1788 est,
714 1710 955 1789 'unajam
978 1722 1077 1774 erit
1107 1721 1405 1774 substantia
1433 1718 1587 1774 Iesus
1613 1737 1675 1775 ex
1702 1720 1927 1787 duabus,
1960 1736 2023 1775 ea:

452 1830 641 1876 carne,
687 1828 751 1865 ea:
800 1814 992 1881 spiritu
1032 1813 1253 1865 mistura
1306 1813 1691 1880 qua'dam,.....
1726 1822 1774 1866 et
1819 1814 2025 1866 tertium

451 1908 577 1977 quid
617 1907 851 1975 eﬂicztur.
916 1904 1096 1974 Neque
1143 1920 1263 1973 ergo
1310 1903 1447 1957 Deus
1495 1906 1594 1957 erit
1639 1904 1815 1967 Jesus,
1859 1921 2025 1958 sermo

452 1999 590 2051 enim
617 1998 771 2051 desiit
804 2012 932 2061 esse,
963 1997 1052 2065 qui
1081 2012 1201 2048 caro
1235 1996 1406 2063 [actus
1436 2004 1546 2059 est,
1589 2013 1746 2066 neque
1779 2013 1935 2062 caro,
1971 1998 2026 2050 id

453 2100 527 2143 est
568 2091 749 2152 homo;
777 2105 899 2141 caro
924 2090 1060 2140 enim
1084 2103 1183 2139 non
1213 2088 1420 2155 proprie
1447 2097 1545 2150 est,
1589 2090 1679 2157 qui
1707 2105 1873 2141 sermo
1901 2089 2025 2157 fuit,

453 2183 532 2234 ita
559 2197 624 2234 ea:
655 2190 873 2249 utroque
907 2189 1148 2233 neutrum
1174 2188 1285 2243 est;
1328 2178 1475 2231 aliud
1502 2178 1653 2248 longe
1686 2181 1895 2233 tertium
1926 2191 2025 2243 est,

452 2291 611 2344 quam
651 2283 947 2343 utrumque.
995 2270 1096 2325 Sed
1133 2271 1587 2324 eniminvenimus
1620 2271 1770 2323 illum
1810 2271 2028 2336 directo,

451 2371 501 2415 et
550 2360 747 2424 Deum,
790 2372 839 2414 et
880 2360 1139 2413 hominem
1182 2362 1472 2429 expositum
1498 2401 1513 2425 ,
1546 2362 1658 2430 ipso
1699 2361 1793 2413 hoc
1827 2362 2029 2430 psalmo

454 2466 755 2526 suggerente
777 2457 1083 2523 :Quoniam
1117 2455 1258 2511 Deus
1290 2458 1453 2511 homo
1485 2467 1646 2513 natus
1676 2468 1758 2513 est
1788 2458 1838 2511 in
1872 2459 2025 2515 illa...

468 2548 711 2601 Videmus
758 2550 1018 2617 duplicem
1064 2558 1259 2602 statum
1306 2537 1406 2602 rion
1446 2550 1741 2618 confusum,
1773 2553 1860 2604 sed
1911 2567 2033 2605 con-

457 2639 703 2708 junctum
746 2640 801 2692 in
832 2657 937 2692 una
976 2656 1213 2707 persona,
1244 2640 1405 2693 Deum
1452 2651 1499 2694 et
1546 2642 1802 2694 hominem
1825 2641 2026 2697 Iesum.

462 2727 533 2780 Et
566 2729 695 2781 adeo
746 2729 891 2781 salva
922 2739 997 2781 est
1044 2731 1315 2799 utriusque
1362 2732 1652 2797 proprietas
1688 2734 2029 2801 substantiar,

459 2831 517 2874 ut
541 2831 592 2874 et
622 2820 853 2890 Spiritus
892 2838 972 2875 res
1000 2839 1125 2876 suas
1156 2833 1327 2893 ageret
1354 2827 1407 2875 in
1433 2823 1543 2889 illo,
1570 2825 1623 2876 id
1655 2838 1761 2888 est,
1794 2828 2029 2894 virtutes,

459 2922 510 2966 et
539 2928 716 2981 opera,
746 2923 795 2967 et
828 2914 1000 2981 signa,
1038 2923 1085 2967 et
1129 2932 1249 2967 caro
1284 2918 1551 2984 passiones
1580 2934 1702 2969 suas
1731 2918 1912 2986 functa
1939 2921 2028 2985 sit,

459 3004 691 3056 esuriens
720 3003 814 3056 sub
847 3003 1078 3065 diabolo,
1130 3022 1147 3053 ι
1173 3009 1278 3056 etc.
1315 3003 1571 3075 Origenes
1604 3017 1787 3058 contra
1823 3005 2031 3059 Celsum

460 3096 577 3149 suis
612 3096 665 3149 in
697 3096 868 3161 libris,
902 3095 957 3150 S.
994 3096 1283 3167 Gregorius
1312 3095 1683 3151 Nazianzenus
1745 3098 1798 3151 in
1842 3098 2031 3153 litteris

452 3174 576 3243 suis
607 3188 674 3241 ad
713 3186 1031 3242 Cledonium
1054 3228 1067 3250 ,
1113 3204 1220 3242 non
1256 3190 1435 3243 minus
1468 3189 1613 3243 clare
1655 3189 1908 3258 rejiciunt
1940 3204 2029 3243 er-

460 3291 613 3331 rores
654 3286 837 3345 postea
885 3292 977 3346 per
1006 3274 1312 3330 Nestorium
1358 3286 1411 3330 ct
1460 3276 1807 3347 Eutychetem
1855 3277 2031 3332 disse-

423 3362 426 3365 Α
464 3369 719 3423 minatos.
749 3368 813 3422 Et
840 3371 925 3423 cui
952 3385 1186 3437 unquam
1212 3369 1524 3423 criticorum
1550 3370 1695 3423 venit
1717 3370 1768 3423 in
1798 3380 2031 3423 mentem

464 3460 531 3513 de
578 3460 773 3513 borum
826 3476 1142 3529 magnorum
1197 3462 1437 3515 virorum
1487 3461 1702 3529 scriptis
1750 3470 2033 3530 propterea

464 3551 865 3604 contentionem
909 3566 1145 3615 movere,
1170 3553 1297 3620 quia
1336 3553 1450 3621 pari
1486 3553 1695 3606 ratione
1724 3567 1781 3606 se
1809 3567 2031 3621 expres-

466 3651 651 3696 serant
697 3650 749 3695 et
789 3655 1003 3695 errores
1041 3642 1209 3695 multo
1234 3653 1352 3711 post
1384 3644 1503 3698 illos
1538 3644 1788 3698 subortos
1821 3653 1927 3697 tam
1952 3645 2034 3698 di-

465 3739 608 3784 serte
631 3746 695 3783 ac
718 3730 999 3799 perspicue
1030 3732 1554 3787 condemnaverant?
1588 3733 1729 3788 Falsi
1764 3750 1893 3789 sane
1925 3734 2035 3789 fue-

466 3832 593 3876 runt
616 3822 867 3876 Canisius
896 3831 949 3876 et
985 3823 1312 3877 Possevinus
1355 3824 1410 3877 in
1442 3840 1527 3890 eo,
1560 3826 1703 3894 quod
1733 3824 2035 3894 Expositio-

466 3926 581 3965 cem
632 3912 757 3980 ﬁdei
808 3910 866 3965 S.
919 3909 1134 3965 Justiuo
1175 3913 1393 3983 tnartyri
1435 3914 1756 3979 tribuerint;
1792 3930 2031 3967 errorem

468 4012 647 4058 tamen
680 4004 747 4058 de
772 4004 1120 4071 permistione
1150 4015 1463 4059 naturarum
1507 4006 1561 4059 in
1591 4006 1806 4060 Christo
1832 4005 2037 4075 Apolli-

468 4095 586 4148 nari
638 4104 691 4147 et
734 4092 1028 4165 Eutychete
1074 4096 1433 4163 antiquiorem
1484 4111 1635 4161 esse,
1684 4097 1814 4166 quin
1864 4105 1918 4150 et
1967 4097 2036 4151 ab

468 4181 719 4237 Ecclesiae
748 4183 1063 4239 doctoribus
1087 4225 1103 4249 ,
1136 4187 1226 4254 qui
1279 4184 1621 4257 Hippolytum
1662 4198 2031 4255 autecessere,

470 4276 840 4344 impugnatura
876 4275 1065 4339 fuisse,
1100 4291 1164 4329 ex
1205 4277 1485 4331 Athanasii
1516 4289 1565 4332 et
1601 4278 1915 4332 Tertulliani
1946 4296 2036 4333 su—

469 4382 565 4435 pra
614 4366 790 4420 allatis
822 4367 955 4421 locis
985 4367 1388 4423 evidentissime
1418 4380 1579 4437 patet.
1632 4370 1698 4424 Et
1740 4387 1869 4425 sane
1904 4370 2036 4424 Ter-

2120 537 2434 590 sententias.
2475 535 2608 602 Quis
2650 543 2831 589 tamen
2876 550 2973 603 pro
3023 534 3235 604 egregio
3271 534 3512 603 sophista
3540 533 3686 585 illum

2120 642 2229 681 non
2262 628 2503 691 haberet,
2539 628 2630 698 qui
2663 627 2789 680 hinc
2820 626 3182 689 concluderet,
3213 626 3410 680 librum
3437 626 3687 680 adversus

2127 719 2389 773 Praxeam
2439 719 2757 773 Tertulliani
2783 735 2888 773 non
2916 736 3052 784 esse,
3084 721 3174 774 sed
3208 721 3447 775 auctoris
3474 722 3567 790 qui
3599 722 3689 775 de-

2120 829 2269 867 mum
2316 822 2436 881 post
2472 812 2818 883 Eutychctem
2862 812 3115 882 scripsit?
3166 812 3268 867 Sed
3303 814 3585 875 nimirum,
3630 823 3691 868 ut

2121 907 2173 959 in
2222 906 2442 970 mundo,
2493 906 2561 959 ita
2612 906 2665 959 in
2704 905 2943 961 Ecclesia
2972 905 3156 959 eadem
3202 921 3415 974 semper
3457 909 3695 961 recurrit

2129 997 2334 1061 fabula,
2380 1008 2431 1051 et
2463 1014 2598 1067 quas
2642 998 2909 1067 posterior
2942 1006 3071 1053 aetas
3117 1012 3284 1052 novas
3325 999 3559 1053 haereses
3596 1015 3694 1070 ap-

2122 1089 2303 1157 pellat,
2336 1104 2409 1141 eae
2441 1097 2568 1142 sunt
2599 1103 2781 1142 revera
2808 1088 3020 1156 pristini
3047 1096 3253 1141 tantum
3284 1102 3498 1143 errores
3527 1104 3684 1143 reno-

2122 1180 2251 1240 vati.
2290 1190 2447 1249 atque
2480 1180 2547 1233 ab
2578 1179 2717 1234 Orco
2749 1177 3006 1235 revocati.

2191 1269 2374 1341 Neque
2403 1273 2598 1324 mirum
2630 1272 2785 1324 nobis
2814 1270 2981 1325 videri
3012 1271 3189 1334 debet,
3225 1272 3271 1324 sl
3302 1273 3355 1325 in
3385 1278 3537 1324 tanta
3568 1286 3701 1339 ope-

2125 1380 2244 1418 rum
2278 1364 2621 1417 multitudine
2647 1378 2676 1416 a
2713 1360 2772 1416 S.
2800 1362 3088 1433 Hippolyto
3120 1376 3489 1428 exaratorum,
3522 1379 3694 1416 unum

2125 1463 2217 1508 aut
2259 1454 2485 1507 alterum
2522 1454 2853 1523 diligentiam
2897 1453 3153 1508 indefessi
3186 1454 3507 1509 Theodoreti
3546 1454 3698 1521 fuge-

2124 1548 2212 1600 rit.
2274 1545 2416 1600 Sane
2462 1547 2550 1600 hic
2598 1555 2789 1600 auctor
2837 1546 3039 1600 nullam
3088 1547 3153 1600 de
3202 1525 3339 1600 libro
3380 1546 3701 1599 Antichristi

2128 1638 2454 1692 mentionem
2496 1638 2642 1699 iacit.
2682 1638 2805 1692 licet
2848 1638 2893 1693 is
2934 1648 3192 1693 tractatus
3234 1639 3353 1693 loca
3395 1641 3575 1710 magis
3603 1640 3699 1693 de-

2128 1730 2358 1782 cretoria
2388 1730 2775 1797 complectatur
2816 1746 2975 1799 quam
3009 1730 3098 1783 alii
3142 1731 3263 1783 libri
3289 1730 3345 1784 S.
3398 1729 3697 1801 Hippolyti,

2060 1800 2102 1859 Β
2128 1838 2192 1875 ex
2224 1822 2420 1891 quibus
2449 1825 2759 1877 testimonia
2789 1825 2839 1875 in
2871 1824 3108 1878 medium
3133 1824 3371 1879 adducit.
3406 1800 3544 1878 Num
3574 1842 3701 1894 pro—

2130 1924 2308 1985 pterea
2337 1916 2459 1985 quis
2516 1915 2801 1971 aﬂirmabit
2832 1917 2975 1985 quod
3024 1917 3111 1970 ille
3158 1926 3417 1971 tractatus
3469 1932 3579 1971 non
3634 1917 3705 1971 sit

2131 2008 2291 2075 hujus
2329 2006 2385 2060 S.
2432 2008 2721 2079 martyris?
2763 2008 3015 2070 Accedit,
3053 2010 3195 2078 quod
3228 2010 3456 2079 ipsemet
3491 2008 3706 2063 Basna»

2130 2098 2267 2168 gius,
2298 2106 2355 2151 ut
2379 2098 2513 2151 bene
2552 2099 2837 2173 observant
2863 2097 3194 2153 Benedictini
3220 2114 3250 2153 e
3282 2101 3704 2169 congregatione

2134 2187 2192 2241 S.
2227 2188 2397 2242 Mauri
2423 2188 2564 2258 (58),
2600 2188 2830 2242 fateatur
2866 2190 2976 2259 (59)
3008 2188 3404 2244 Thcodoretum
3433 2191 3537 2243 alia
3575 2207 3707 2259 pro-

2134 2278 2275 2333 ferre
2309 2281 2615 2334 testimonia
2647 2296 2711 2334 ex
2744 2279 2801 2335 S.
2834 2280 3100 2352 Hippolyti
3139 2284 3412 2352 operibus,
3446 2300 3571 2352 quin
3600 2286 3706 2339 ali-

2133 2388 2293 2441 quam
2322 2371 2841 2425 verisimilitudinem
2874 2373 3107 2427 habeant
3145 2390 3270 2428 eum
3323 2376 3390 2429 iis
3416 2417 3432 2439 ,
3472 2376 3541 2429 de
3585 2379 3708 2445 qui-

2133 2466 2234 2520 bus
2262 2465 2349 2519 hic
2395 2466 2588 2534 agitur.
2630 2465 2760 2531 Qua:
2796 2465 3065 2519 confessio
3096 2465 3348 2537 Basnagii
3384 2468 3607 2532 sufﬁcit,
3638 2484 3709 2521 ne

2133 2558 2183 2611 ei
2209 2557 2324 2610 haac
2349 2567 2470 2610 octo
2498 2567 2746 2626 excerpta
2779 2557 3172 2625 abjudicemus.

2206 2646 2337 2699 Dein
2390 2648 2434 2700 si
2488 2645 2659 2700 Berou
2711 2655 2763 2700 et
2796 2645 2953 2699 Helix
2989 2647 3120 2716 (60)
3168 2661 3276 2699 non
3326 2645 3543 2699 fuerant
3590 2648 3709 2699 noti

2133 2739 2331 2795 saeculo
2366 2738 2542 2803 tertio,
2572 2738 2743 2791 multo
2770 2738 2950 2791 minus
2996 2738 3047 2790 id
3096 2750 3256 2791 erunt
3298 2738 3511 2792 smeulis
3554 2738 3709 2793 inse-

2132 2832 2444 2903 quentibus.
2501 2830 2568 2884 Et
2621 2840 2754 2899 quot
2811 2830 2962 2884 fuere
3016 2831 3249 2883 lueretici
3298 2831 3707 2899 particulares,

2133 2925 2375 2995 quinimo
2405 2931 2457 2977 et
2487 2931 2645 2977 secta:
2685 2923 2922 2991 integrze,
2955 2922 3019 2975 de
3055 2922 3253 2990 quibus
3278 2938 3341 2977 ex
3375 2923 3535 2976 unico
3566 2939 3709 2992 saepe

2137 3016 2404 3069 duntaxat
2432 3013 2569 3065 libro
2601 3012 2846 3064 notitiam
2888 3010 3234 3078 accepimus?
3269 3008 3370 3063 Sed
3403 3010 3571 3063 audin
3608 3010 3710 3062 ali-

2060 3138 2101 3192 ο
2136 3120 2296 3173 quem
2344 3095 2611 3157 dicentem
2653 3100 2913 3154 Beronem
2946 3109 2999 3153 et
3042 3099 3276 3154 Helieem
3326 3114 3446 3152 esse
3481 3099 3709 3151 nomina

2136 3197 2279 3249 ficta.
2324 3196 2392 3247 At
2423 3210 2548 3247 vero
2581 3203 2821 3259 tempore
2852 3192 3126 3244 Anastasii
3162 3191 3485 3260 presbyteri,
3518 3190 3572 3242 id
3602 3198 3708 3254 est,

2132 3285 2277 3339 circa
2308 3284 2542 3338 medium
2573 3283 2755 3337 saeculi
2798 3282 3011 3349 septimi
3046 3282 3111 3349 (si
3152 3296 3294 3334 anno
3323 3281 3426 3334 666
3454 3288 3711 3334 mortuus

2135 3378 2236 3431 fuit
2269 3377 2355 3430 hic
2390 3377 2675 3444 scriptor).
2714 3388 2871 3426 nemo
2904 3371 3169 3425 dubitavit
3200 3372 3329 3440 quin
3364 3371 3435 3423 illi
3465 3370 3710 3424 haeretici

2134 3465 2331 3520 smeulo
2364 3464 2521 3517 tertio
2548 3464 2869 3516 exstiterint.
2914 3462 3089 3529 Atque
3126 3468 3335 3523 auctor,
3371 3461 3463 3528 qui
3492 3476 3592 3514 eos
3624 3477 3711 3515 re-

2134 3556 2344 3620 futat-it,
2373 3555 2573 3609 diserte
2617 3554 2746 3607 dicit
2790 3552 2902 3623 (61)
2939 3552 3083 3622 quod
3114 3552 3285 3606 Berou
3319 3566 3424 3605 non
3469 3553 3544 3605 ita
3590 3554 3709 3621 pri-

2134 3648 2254 3702 dem
2281 3656 2480 3701 sectam
2505 3645 3004 3698 Valeutiuianorum
3028 3643 3354 3707 deseruerit;
3383 3653 3435 3696 et
3462 3644 3711 3712 profecto

2132 3741 2288 3794 valde
2323 3739 2509 3793 dubito
2532 3753 2655 3791 cum
2686 3738 2755 3791 cl.
2786 3734 3131 3789 Tillemontio
3160 3734 3290 3805 (6'2),
3326 3750 3455 3787 num
3492 3732 3709 3790 ostendi

2134 3834 2308 3902 possit
2354 3830 2496 3899 quod
2543 3831 2763 3883 haeresis
2795 3826 3294 3881 Valentinianorum
3340 3825 3408 3878 ad
3442 3826 3708 3881 saeculum

2134 3939 2308 3992 usque
2354 3923 2639 3991 septimum
2669 3920 3003 3989 perdurarit,
3035 3933 3145 3987 quo
3176 3927 3462 3972 tractatum
3514 3928 3709 3972 contra

2134 4016 2396 4071 Beronem
2441 4024 2494 4068 et
2522 4012 2755 4067 Helicem
2795 4011 3151 4080 compositum
3200 4009 3367 4063 fuisse
3404 4019 3555 4077 putat
3594 4007 3707 4062 Na-

2133 4110 2258 4163 talis
2292 4108 2612 4162 Alexander.
2666 4105 2791 4158 Erat
2820 4105 2963 4157 enim
3012 4111 3158 4156 secta
3195 4101 3725 4162 Valentinianorum.

2134 4211 2271 4256 teste
2316 4201 2576 4270 Gregorio
2616 4196 3248 4265 Nazianzeno(65),ante
3296 4197 3457 4246 ﬁnem
3519 4194 3707 4247 smculi

2134 4296 2279 4347 velut
2301 4294 2414 4362 jam
2456 4293 2740 4347 exstincta.
2793 4288 3021 4341 Notaute
3062 4297 3238 4341 tamen
3285 4285 3710 4352 diligentissimo

2137 4385 2480 4439 Tillemontio
2503 4384 2631 4453 (6:5),
2655 4382 3062 4452 reperiebantur
3091 4379 3267 4432 adhuc
3295 4378 3510 4444 exiguae
3553 4391 3709 4444 qum-

471 4458 728 4512 tullianus
757 4460 809 4511 in
842 4459 1058 4513 laudato
1096 4460 1233 4513 libro
1267 4460 1410 4515 circa
1440 4461 1575 4515 duas
1616 4463 1670 4514 in
1693 4462 1911 4516 Christo
1939 4478 2035 4515 na-
2068 4471 2110 4524 ι)
2139 4478 2261 4530 dam
2298 4477 2442 4530 iuius
2469 4475 2708 4543 reliquiae
2735 4471 3065 4541 temporibus
3092 4468 3148 4523 S.
3180 4467 3282 4522 Nili
3317 4467 3427 4538 (65)
3452 4476 3508 4520 et
3535 4466 3711 4520 Theo-

475 4560 625 4604 turas
666 4560 899 4604 mentem
940 4567 1092 4605 suam
1128 4553 1314 4607 eodem
1345 4555 1503 4608 modo
1534 4553 1720 4608 Latine
1747 4554 2032 4623 exprimit,

471 4656 579 4710 quo
608 4639 665 4694 S.
699 4640 1015 4712 Hippolytus
1050 4644 1165 4698 suis
1192 4644 1247 4696 in
1279 4644 1595 4713 fragmentis
1623 4644 1834 4711 Grzece;
1870 4646 2034 4698 nihil-

470 4749 577 4804 que
619 4735 930 4804 expressius
972 4744 1064 4789 aut
1110 4733 1377 4789 efﬁcacius
1423 4736 1624 4790 dictum
1668 4750 1908 4805 unquam
1940 4736 2038 4790 luit

543 4906 658 4977 (56)
704 4926 723 4960 ι
760 4908 898 4963 Hinc
926 4909 1040 4979 ipse
1070 4926 1335 4979 apparens
1364 4911 1605 4979 angelus,
1650 4926 1707 4965 se
1746 4925 1776 4965 a
1810 4909 2038 4963 Domino

474 4979 702 5033 missum
736 4996 856 5035 esse
900 4981 1116 5043 fatetur,
1156 4990 1212 5034 ut
1241 4980 1457 5035 Gabriel
1507 4980 1797 5044 Zachariae,
1826 4992 1879 5034 et
1920 4980 2042 5033 Dei-

474 5065 618 5118 para:
646 5050 931 5122 (Θεοτόκῳ)
962 5051 1163 5111 Mariae.
1208 5052 1490 5106 confessus
1540 5060 1640 5122 est.
1682 5071 1701 5102 ι
1738 5052 1999 5122 Athanas.
2022 5088 2038 5112 ,

477 5130 610 5173 tom.
659 5120 680 5172 ι
725 5120 899 5190 Upp.,
927 5138 1048 5193 pag.
1092 5122 1227 5184 565,
1260 5123 1384 5185 579,
1412 5122 1534 5183 585,
1572 5120 1695 5186 649.,
1729 5120 1853 5182 875,
1886 5130 2014 5186 etc.,»

544 5211 659 5283 (57)
701 5211 1019 5267 Tertullian.
1040 5254 1055 5278 ,
1090 5214 1181 5267 lib.
1211 5224 1379 5266 contr.
1414 5213 1579 5266 Prom.
1599 5253 1614 5276 ,
1643 5226 1761 5278 cap.
1792 5210 1883 5264 27.

477 5384 496 5424 ι
545 5302 660 5374 (58)
872 5305 1035 5359 littér.
1063 5304 1125 5357 de
1149 5306 1202 5358 la
1231 5304 1456 5359 France.
1485 5304 1747 5367 Mémoir.,
1772 5311 1811 5357 ι.
1838 5304 1878 5370 l,
1903 5311 2042 5371 part.

506 5412 517 5428 ι
552 5389 674 5428 naa.
705 5390 737 5427 ο
778 5414 829 5428 ...

504 5412 517 5436 ι
550 5390 674 5442 pag.
705 5390 829 5431 οδε.

548 5465 660 5537 (59)
701 5466 954 5537 Basnag.,
986 5467 1023 5520 l.
1058 5481 1266 5537 c.,p_ag.
1298 5466 1382 5521 1‘2.

703 5532 1097 5618 Tilletn'Otitius,
1128 5532 1367 5618 Jleinoir.
1395 5578 1409 5601 ,
1441 5545 1574 5589 tom.
1604 5533 1691 5618 Ill,
1723 5550 1844 5618 pag.

551 5605 663 5730 (‘61)
710 5626 729 5657 ι
773 5607 911 5661 Bero
953 5608 1097 5661 enim
1126 5607 1345 5675 quidam
1376 5623 1564 5673 nuper,
1590 5615 1645 5660 et
1685 5608 1774 5660 alii
1806 5606 2047 5674 quidam,

478 5674 557 5729 Va
582 5677 750 5730 entini
778 5678 1060 5745 phantasia
1093 5677 1325 5738 deserta,
1364 5678 1616 5731 deteriori
1677 5677 1871 5730 irretiti
1923 5684 2053 5745 sunt

483 5742 807 5814 pi’avitateJ
840 5746 995 5801 Tom.
1032 5746 1052 5799 ι
1096 5745 1233 5817 Opp.
1273 5746 1508 5817 Hippol.,
1542 5763 1661 5818 pag.
1698 5746 1825 5813 228,
1856 5754 1909 5800 et
1936 5742 2053 5800 Col-

2138 4566 2309 4620 doreti
2342 4562 2475 4632 (66).

2209 4654 2352 4708 Nihil
2396 4667 2525 4722 ergo
2562 4666 2662 4706 nos
2698 4651 2918 4720 impedit
2965 4650 3255 4718 quominus
3278 4647 3394 4699 ba'c
3432 4655 3559 4700 octo
3597 4644 3710 4697 fra-

2140 4757 2353 4818 gmenta
2384 4744 2440 4799 S.
2467 4744 2747 4815 Hippolyto
2777 4745 3165 4814 adjudicemus.
3198 4740 3466 4794 Debemus
3492 4739 3587 4792 illa
3621 4740 3709 4791 in-

2140 4906 2329 4959 lectan.
2360 4901 2626 4956 Anastasii
2655 4915 2773 4970 pag.
2799 4900 2924 4963 9:25,
2955 4914 3073 4970 cap.
3099 4898 3157 4970 _5_.

2214 4975 2320 5045 (69.)
2362 4968 2705 5045 ’ξ’ἰιιεξιιιοιιιξἲ
2732 4968 2772 5023 1.
2805 4985 3025 5045 c.,_pa_g.
3058 4968 3177 5019 109.

2214 5033 2497 5115 (65)¢Fuit_
2528 5042 2807 5115 quondam
2845 5033 3251 5115 illud—tempus,
3280 5051 3404 5091 eum
3432 5034 3507 5113 ab_
3534 5033 3712 5115 tigre-

2143 5104 2262 5171 sum
2289 5104 2533 5183 procellis
2548 5104 2845 5177 tranquilla
2874 5110 3053 5161 omnia
3076 5108 3429 5166 habebamus,
3459 5104 3712 5182 videlicet

2143 5202 2265 5240 cum
2310 5185 2644 5243 Simones,...
2692 5179 3113 5233 Valentiniani...
3160 5191 3317 5245 atque
3347 5190 3540 5229 omnes
3592 5174 3713 5225 illo-

2143 5202 2265 5240 cum
2310 5196 2620 5243 Simones,..
2632 5222 2644 5233 .
2700 5196 2725 5232 ν
2738 5196 3113 5233 λιθιιιιιηωιι...

2145 5272 2264 5309 rum
2292 5270 2508 5327 nugae...
2544 5258 2755 5304 suamet
2787 5250 3019 5327 tandem,
3073 5257 3144 5327 ut.
3169 5262 3381 5327 ειημιιιιι
3411 5253 3553 5327 erat,
3579 5259 3714 5327 pro-

2146 5327 2314 5379 fundo
2358 5316 2623 5390 absorpta:
2660 5337 2722 5374 ac
2765 5321 2977 5390 silentio
3014 5318 3219 5390 traditae
3253 5316 3489 5369 fuerunt.
3525 5332 3547 5365 ι
3576 5316 3702 5368 Gre-

2148 5410 2266 5466 gor.
2291 5388 2553 5466 iNagiani.
2576 5434 2591 5457 ,
2627 5402 2764 5466 orat.
2792 5389 2882 5454 9.5,
2917 5406 3037 5459 pag.
3065 5388 3187 5441 414,

2221 5465 2330 5531 (64)
2371 5462 2710 5526 Tillemont.,
2744 5463 2777 5514 l.
2811 5478 2860 5516 c.

2218 5527 2328 5605 (es)
2369 5532 2509 5605 uti,
2539 5534 2630 5586 lib.
2664 5548 2699 5595 ι,
2727 5530 3120 5605 αρε-ωλι)αᾶ
3156 5527 3245 5605 βπ,
3388 5596 3397 5605 ,

2150 5596 2330 5731 21(866)
2370 5603 2735 5668 Theodoret.,
2760 5596 3040 5655 'ﬂazretic.
3076 5596 3324 5668 ‘fabular.
3364 5596 3461 5651 tib.
3502 5611 3543 5659 t,
3588 5608 3713 5663 pag.
