  <div class='ocr_page' id='page_1' title='image "/cluster/home/n/w/nwhite01/storage/ocr_20150623/10/hvd.32044019207620/158.png"; bbox 0 0 3882 6480; ppageno 0'>
   <div class='ocr_carea' id='block_1_1' title="bbox 154 398 3361 468">
    <p class='ocr_par' dir='ltr' id='par_1_1' title="bbox 154 398 3361 468">
     <span class='ocr_line' id='line_1_1' title="bbox 154 398 3361 468; baseline 0.003 -16"><span class='ocrx_word' id='word_1_1' title='bbox 154 408 245 468; x_wconf 72' lang='grc' dir='ltr'><strong>δθδ</strong></span> <span class='ocrx_word' id='word_1_2' title='bbox 1090 401 1175 455; x_wconf 85' lang='lat' dir='ltr'><strong>DE</strong></span> <span class='ocrx_word' id='word_1_3' title='bbox 1216 400 1373 455; x_wconf 77' lang='lat' dir='ltr'><strong>VITA</strong></span> <span class='ocrx_word' id='word_1_4' title='bbox 1409 401 1495 454; x_wconf 84' lang='lat' dir='ltr'><strong>ET</strong></span> <span class='ocrx_word' id='word_1_5' title='bbox 1538 398 1849 461; x_wconf 74' lang='lat' dir='ltr'><strong>SCRIP&#39;US</strong></span> <span class='ocrx_word' id='word_1_6' title='bbox 1888 401 1944 454; x_wconf 87' lang='grc'><strong>5.</strong></span> <span class='ocrx_word' id='word_1_7' title='bbox 1988 400 2371 454; x_wconf 75' lang='lat' dir='ltr'><strong>HlPPOLYTl.</strong></span> <span class='ocrx_word' id='word_1_8' title='bbox 3257 408 3361 462; x_wconf 75' lang='lat'><strong>506</strong></span> 
     </span>
    </p>
   </div>
   <div class='ocr_carea' id='block_1_2' title="bbox 152 521 3427 597">
    <p class='ocr_par' dir='ltr' id='par_1_2' title="bbox 152 521 3427 597">
     <span class='ocr_line' id='line_1_2' title="bbox 152 521 3427 597; baseline 0.003 -30"><span class='ocrx_word' id='word_1_9' title='bbox 152 529 337 584; x_wconf 69' lang='grc' dir='ltr'><strong>(ιυειτῑςε</strong></span> <span class='ocrx_word' id='word_1_10' title='bbox 368 524 664 589; x_wconf 67' lang='lat' dir='ltr'><strong>Anastasii,</strong></span> <span class='ocrx_word' id='word_1_11' title='bbox 703 523 1042 592; x_wconf 88' lang='lat' dir='ltr'><strong>apocrisiarii</strong></span> <span class='ocrx_word' id='word_1_12' title='bbox 1096 522 1326 577; x_wconf 78' lang='lat' dir='ltr'><strong>Romani</strong></span> <span class='ocrx_word' id='word_1_13' title='bbox 1371 522 1672 591; x_wconf 86' lang='lat' dir='ltr'><strong>pontificis,</strong></span> <span class='ocrx_word' id='word_1_14' title='bbox 1705 533 1749 585; x_wconf 79' lang='grc' dir='ltr'><strong>Α</strong></span> <span class='ocrx_word' id='word_1_15' title='bbox 1780 521 2064 574; x_wconf 73' lang='lat' dir='ltr'><strong>humanum</strong></span> <span class='ocrx_word' id='word_1_16' title='bbox 2090 523 2227 575; x_wconf 80' lang='lat' dir='ltr'><strong><em>idem</em></strong></span> <span class='ocrx_word' id='word_1_17' title='bbox 2266 523 2373 589; x_wconf 93' lang='lat' dir='ltr'><strong>ipse</strong></span> <span class='ocrx_word' id='word_1_18' title='bbox 2404 523 2667 589; x_wconf 85' lang='lat' dir='ltr'><strong>privatum</strong></span> <span class='ocrx_word' id='word_1_19' title='bbox 2698 524 2973 577; x_wconf 81' lang='lat' dir='ltr'><strong>divinitate</strong></span> <span class='ocrx_word' id='word_1_20' title='bbox 3008 542 3209 595; x_wconf 88' lang='lat' dir='ltr'><strong>gerens,</strong></span> <span class='ocrx_word' id='word_1_21' title='bbox 3244 544 3360 580; x_wconf 83' lang='lat' dir='ltr'><strong>ser-</strong></span> <span class='ocrx_word' id='word_1_22' title='bbox 3424 594 3427 597; x_wconf 18' lang='grc' dir='ltr'><em>Α</em></span> 
     </span>
    </p>
   </div>
   <div class='ocr_carea' id='block_1_3' title="bbox 151 613 3359 691">
    <p class='ocr_par' dir='ltr' id='par_1_3' title="bbox 151 613 3359 691">
     <span class='ocr_line' id='line_1_3' title="bbox 151 613 3359 691; baseline -0.001 -17"><span class='ocrx_word' id='word_1_23' title='bbox 151 621 227 691; x_wconf 89' lang='lat' dir='ltr'><strong>qui</strong></span> <span class='ocrx_word' id='word_1_24' title='bbox 253 636 307 673; x_wconf 86' lang='lat' dir='ltr'><strong>ea</strong></span> <span class='ocrx_word' id='word_1_25' title='bbox 339 616 633 686; x_wconf 75' lang='lat' dir='ltr'><strong>naufragio,</strong></span> <span class='ocrx_word' id='word_1_26' title='bbox 664 632 777 685; x_wconf 86' lang='lat' dir='ltr'><strong>quo</strong></span> <span class='ocrx_word' id='word_1_27' title='bbox 816 616 1086 684; x_wconf 88' lang='lat' dir='ltr'><strong>reliquum</strong></span> <span class='ocrx_word' id='word_1_28' title='bbox 1119 616 1300 681; x_wconf 89' lang='lat' dir='ltr'><strong>operis</strong></span> <span class='ocrx_word' id='word_1_29' title='bbox 1326 615 1550 677; x_wconf 88' lang='lat' dir='ltr'><strong>interiit,</strong></span> <span class='ocrx_word' id='word_1_30' title='bbox 1583 613 1691 667; x_wconf 88' lang='lat' dir='ltr'><strong>eri-</strong></span> <span class='ocrx_word' id='word_1_31' title='bbox 1784 630 1914 668; x_wconf 81' lang='lat' dir='ltr'><strong>vans</strong></span> <span class='ocrx_word' id='word_1_32' title='bbox 1943 614 2148 667; x_wconf 80' lang='lat' dir='ltr'><strong>sibimet</strong></span> <span class='ocrx_word' id='word_1_33' title='bbox 2176 616 2387 669; x_wconf 84' lang='lat' dir='ltr'><strong>modum</strong></span> <span class='ocrx_word' id='word_1_34' title='bbox 2419 616 2703 668; x_wconf 72' lang='lat' dir='ltr'><strong>secundum</strong></span> <span class='ocrx_word' id='word_1_35' title='bbox 2736 630 3011 687; x_wconf 85' lang='lat' dir='ltr'><strong>utrumque</strong></span> <span class='ocrx_word' id='word_1_36' title='bbox 3050 619 3359 672; x_wconf 86' lang='lat' dir='ltr'><strong>immutabi-</strong></span> 
     </span>
    </p>
   </div>
   <div class='ocr_carea' id='block_1_4' title="bbox 152 704 3359 780">
    <p class='ocr_par' dir='ltr' id='par_1_4' title="bbox 152 704 3359 780">
     <span class='ocr_line' id='line_1_4' title="bbox 152 704 3359 780; baseline 0 -17"><span class='ocrx_word' id='word_1_37' title='bbox 152 714 259 780; x_wconf 87' lang='lat' dir='ltr'><strong>puit.</strong></span> <span class='ocrx_word' id='word_1_38' title='bbox 294 706 507 761; x_wconf 85' lang='lat' dir='ltr'><strong>&#39;Ilustris</strong></span> <span class='ocrx_word' id='word_1_39' title='bbox 536 707 624 761; x_wconf 91' lang='lat' dir='ltr'><strong>hic</strong></span> <span class='ocrx_word' id='word_1_40' title='bbox 651 707 774 760; x_wconf 87' lang='lat' dir='ltr'><strong>fidei</strong></span> <span class='ocrx_word' id='word_1_41' title='bbox 799 706 864 760; x_wconf 91' lang='lat' dir='ltr'><strong>de</strong></span> <span class='ocrx_word' id='word_1_42' title='bbox 895 705 1109 761; x_wconf 88' lang='lat' dir='ltr'><strong>duabus</strong></span> <span class='ocrx_word' id='word_1_43' title='bbox 1146 706 1518 761; x_wconf 75' lang='lat' dir='ltr'><strong>voluntatibus</strong></span> <span class='ocrx_word' id='word_1_44' title='bbox 1545 720 1680 760; x_wconf 90' lang='lat' dir='ltr'><strong>con-</strong></span> <span class='ocrx_word' id='word_1_45' title='bbox 1783 704 1906 767; x_wconf 84' lang='lat' dir='ltr'><strong>lem,</strong></span> <span class='ocrx_word' id='word_1_46' title='bbox 1930 722 2021 774; x_wconf 85' lang='lat' dir='ltr'><strong>per</strong></span> <span class='ocrx_word' id='word_1_47' title='bbox 2050 723 2201 776; x_wconf 87' lang='lat' dir='ltr'><strong>quem</strong></span> <span class='ocrx_word' id='word_1_48' title='bbox 2228 720 2469 777; x_wconf 83' lang='lat' dir='ltr'><strong>operatus</strong></span> <span class='ocrx_word' id='word_1_49' title='bbox 2499 721 2575 763; x_wconf 90' lang='lat' dir='ltr'><strong>est</strong></span> <span class='ocrx_word' id='word_1_50' title='bbox 2610 720 2828 779; x_wconf 86' lang='lat' dir='ltr'><strong>utraque</strong></span> <span class='ocrx_word' id='word_1_51' title='bbox 2852 711 3050 764; x_wconf 89' lang='lat' dir='ltr'><strong>decenti</strong></span> <span class='ocrx_word' id='word_1_52' title='bbox 3083 713 3257 772; x_wconf 88' lang='lat' dir='ltr'><strong>modo,</strong></span> <span class='ocrx_word' id='word_1_53' title='bbox 3291 713 3359 763; x_wconf 90' lang='lat' dir='ltr'><strong>ad</strong></span> 
     </span>
    </p>
   </div>
   <div class='ocr_carea' id='block_1_5' title="bbox 154 798 3359 875">
    <p class='ocr_par' dir='ltr' id='par_1_5' title="bbox 154 798 3359 875">
     <span class='ocr_line' id='line_1_5' title="bbox 154 798 3359 875; baseline 0 -19"><span class='ocrx_word' id='word_1_54' title='bbox 154 814 217 856; x_wconf 87' lang='lat' dir='ltr'><strong>tra</strong></span> <span class='ocrx_word' id='word_1_55' title='bbox 241 799 602 854; x_wconf 79' lang='lat' dir='ltr'><strong>Monothelitas</strong></span> <span class='ocrx_word' id='word_1_56' title='bbox 630 798 912 852; x_wconf 81' lang='lat' dir='ltr'><strong>confessor</strong></span> <span class='ocrx_word' id='word_1_57' title='bbox 959 806 1013 852; x_wconf 90' lang='lat' dir='ltr'><strong>et</strong></span> <span class='ocrx_word' id='word_1_58' title='bbox 1056 798 1277 861; x_wconf 78' lang='lat' dir='ltr'><strong>athleta,</strong></span> <span class='ocrx_word' id='word_1_59' title='bbox 1316 814 1438 853; x_wconf 91' lang='lat' dir='ltr'><strong>cum</strong></span> <span class='ocrx_word' id='word_1_60' title='bbox 1467 798 1577 866; x_wconf 88' lang='lat' dir='ltr'><strong>jam</strong></span> <span class='ocrx_word' id='word_1_61' title='bbox 1628 798 1681 851; x_wconf 90' lang='lat' dir='ltr'><strong>in</strong></span> <span class='ocrx_word' id='word_1_62' title='bbox 1785 799 2213 867; x_wconf 74' lang='lat' dir='ltr'><strong>approbationem</strong></span> <span class='ocrx_word' id='word_1_63' title='bbox 2259 802 2522 869; x_wconf 67' lang='lat' dir='ltr'><strong>perfecta,</strong></span> <span class='ocrx_word' id='word_1_64' title='bbox 2559 819 2619 855; x_wconf 84' lang='lat' dir='ltr'><strong>ac</strong></span> <span class='ocrx_word' id='word_1_65' title='bbox 2653 819 2802 866; x_wconf 71' lang='lat' dir='ltr'><strong>certe,</strong></span> <span class='ocrx_word' id='word_1_66' title='bbox 2850 803 3081 875; x_wconf 81' lang='lat' dir='ltr'><strong>nihilque</strong></span> <span class='ocrx_word' id='word_1_67' title='bbox 3121 804 3359 857; x_wconf 79' lang='lat' dir='ltr'><strong>habentis</strong></span> 
     </span>
    </p>
   </div>
   <div class='ocr_carea' id='block_1_6' title="bbox 155 886 3359 963">
    <p class='ocr_par' dir='ltr' id='par_1_6' title="bbox 155 886 3359 963">
     <span class='ocr_line' id='line_1_6' title="bbox 155 886 3359 963; baseline -0.001 -15"><span class='ocrx_word' id='word_1_68' title='bbox 155 910 207 948; x_wconf 87' lang='lat' dir='ltr'><strong>eo</strong></span> <span class='ocrx_word' id='word_1_69' title='bbox 236 901 383 952; x_wconf 83' lang='lat' dir='ltr'><strong>esset,</strong></span> <span class='ocrx_word' id='word_1_70' title='bbox 408 902 465 945; x_wconf 91' lang='lat' dir='ltr'><strong>ut</strong></span> <span class='ocrx_word' id='word_1_71' title='bbox 494 900 662 945; x_wconf 88' lang='lat' dir='ltr'><strong>totum</strong></span> <span class='ocrx_word' id='word_1_72' title='bbox 700 890 845 943; x_wconf 89' lang='lat' dir='ltr'><strong>hunc</strong></span> <span class='ocrx_word' id='word_1_73' title='bbox 876 888 932 942; x_wconf 92' lang='lat' dir='ltr'><strong>S.</strong></span> <span class='ocrx_word' id='word_1_74' title='bbox 965 886 1233 960; x_wconf 82' lang='lat' dir='ltr'><strong>Hippolyti</strong></span> <span class='ocrx_word' id='word_1_75' title='bbox 1270 897 1558 943; x_wconf 88' lang='lat' dir='ltr'><strong>tractatum</strong></span> <span class='ocrx_word' id='word_1_76' title='bbox 1590 888 1682 941; x_wconf 83' lang='lat' dir='ltr'><strong>de-</strong></span> <span class='ocrx_word' id='word_1_77' title='bbox 1782 890 2059 958; x_wconf 84' lang='lat' dir='ltr'><strong>pravitatis</strong></span> <span class='ocrx_word' id='word_1_78' title='bbox 2091 891 2538 946; x_wconf 78' lang='lat' dir='ltr'><strong>inimmanationis</strong></span> <span class='ocrx_word' id='word_1_79' title='bbox 2588 910 2717 946; x_wconf 74' lang='lat' dir='ltr'><strong>sum.</strong></span> <span class='ocrx_word' id='word_1_80' title='bbox 2776 892 2963 953; x_wconf 77' lang='lat' dir='ltr'><strong>Itaque</strong></span> <span class='ocrx_word' id='word_1_81' title='bbox 2987 893 3120 947; x_wconf 84' lang='lat' dir='ltr'><strong>Bero</strong></span> <span class='ocrx_word' id='word_1_82' title='bbox 3150 894 3359 963; x_wconf 87' lang='lat' dir='ltr'><strong><em>quidem</em></strong></span> 
     </span>
    </p>
   </div>
   <div class='ocr_carea' id='block_1_7' title="bbox 150 981 3361 1053">
    <p class='ocr_par' dir='ltr' id='par_1_7' title="bbox 150 981 3361 1053">
     <span class='ocr_line' id='line_1_7' title="bbox 150 981 3361 1053; baseline -0.002 -12"><span class='ocrx_word' id='word_1_83' title='bbox 150 986 349 1041; x_wconf 80' lang='lat' dir='ltr'><strong>scribere</strong></span> <span class='ocrx_word' id='word_1_84' title='bbox 376 984 650 1052; x_wconf 86' lang='lat' dir='ltr'><strong>inciperet,</strong></span> <span class='ocrx_word' id='word_1_85' title='bbox 697 982 898 1036; x_wconf 82' lang='lat' dir='ltr'><strong>invidia</strong></span> <span class='ocrx_word' id='word_1_86' title='bbox 931 983 1275 1037; x_wconf 89' lang='lat' dir='ltr'><strong>inimicorum</strong></span> <span class='ocrx_word' id='word_1_87' title='bbox 1306 981 1550 1037; x_wconf 83' lang='lat' dir='ltr'><strong>veritatis</strong></span> <span class='ocrx_word' id='word_1_88' title='bbox 1580 981 1684 1034; x_wconf 89' lang='lat' dir='ltr'><strong>im-</strong></span> <span class='ocrx_word' id='word_1_89' title='bbox 1782 982 1858 1035; x_wconf 87' lang='lat' dir='ltr'><strong>sic</strong></span> <span class='ocrx_word' id='word_1_90' title='bbox 1898 998 1950 1034; x_wconf 85' lang='lat' dir='ltr'><strong>se</strong></span> <span class='ocrx_word' id='word_1_91' title='bbox 1984 982 2199 1043; x_wconf 82' lang='lat' dir='ltr'><strong>habens,</strong></span> <span class='ocrx_word' id='word_1_92' title='bbox 2238 993 2292 1034; x_wconf 85' lang='lat' dir='ltr'><strong>ut</strong></span> <span class='ocrx_word' id='word_1_93' title='bbox 2325 983 2460 1048; x_wconf 69' lang='lat' dir='ltr'><strong>dixi,</strong></span> <span class='ocrx_word' id='word_1_94' title='bbox 2502 986 2819 1053; x_wconf 79' lang='lat' dir='ltr'><strong>operationis</strong></span> <span class='ocrx_word' id='word_1_95' title='bbox 2861 985 3082 1039; x_wconf 89' lang='lat' dir='ltr'><strong>monade</strong></span> <span class='ocrx_word' id='word_1_96' title='bbox 3111 986 3361 1038; x_wconf 81' lang='lat' dir='ltr'><strong><em>deitatem</em></strong></span> 
     </span>
    </p>
   </div>
   <div class='ocr_carea' id='block_1_8' title="bbox 151 1073 3359 1147">
    <p class='ocr_par' dir='ltr' id='par_1_8' title="bbox 151 1073 3359 1147">
     <span class='ocr_line' id='line_1_8' title="bbox 151 1073 3359 1147; baseline 0 -18"><span class='ocrx_word' id='word_1_97' title='bbox 151 1078 332 1145; x_wconf 79' lang='lat' dir='ltr'><strong>petitus,</strong></span> <span class='ocrx_word' id='word_1_98' title='bbox 370 1091 474 1129; x_wconf 91' lang='lat' dir='ltr'><strong>non</strong></span> <span class='ocrx_word' id='word_1_99' title='bbox 522 1075 627 1128; x_wconf 91' lang='lat' dir='ltr'><strong>nisi</strong></span> <span class='ocrx_word' id='word_1_100' title='bbox 663 1074 775 1128; x_wconf 63' lang='lat' dir='ltr'><strong>haec</strong></span> <span class='ocrx_word' id='word_1_101' title='bbox 822 1082 944 1129; x_wconf 92' lang='lat' dir='ltr'><strong>octo</strong></span> <span class='ocrx_word' id='word_1_102' title='bbox 989 1075 1107 1129; x_wconf 87' lang='lat' dir='ltr'><strong>loca</strong></span> <span class='ocrx_word' id='word_1_103' title='bbox 1151 1089 1441 1144; x_wconf 85' lang='lat' dir='ltr'><strong>excerpere</strong></span> <span class='ocrx_word' id='word_1_104' title='bbox 1486 1074 1678 1141; x_wconf 90' lang='lat' dir='ltr'><strong>potuit.</strong></span> <span class='ocrx_word' id='word_1_105' title='bbox 1784 1073 1981 1129; x_wconf 80' lang='lat' dir='ltr'><strong><em>Christi</em></strong></span> <span class='ocrx_word' id='word_1_106' title='bbox 2010 1085 2059 1128; x_wconf 91' lang='lat' dir='ltr'><strong>et</strong></span> <span class='ocrx_word' id='word_1_107' title='bbox 2081 1076 2461 1130; x_wconf 83' lang='lat' dir='ltr'><strong>humanitatem</strong></span> <span class='ocrx_word' id='word_1_108' title='bbox 2488 1078 2802 1131; x_wconf 81' lang='lat' dir='ltr'><strong>naturaliter</strong></span> <span class='ocrx_word' id='word_1_109' title='bbox 2827 1078 2983 1131; x_wconf 87' lang='lat' dir='ltr'><strong>simul</strong></span> <span class='ocrx_word' id='word_1_110' title='bbox 3014 1078 3359 1147; x_wconf 77' lang='lat' dir='ltr'><strong>confundens,</strong></span> 
     </span>
    </p>
   </div>
   <div class='ocr_carea' id='block_1_9' title="bbox 148 1165 3360 1243">
    <p class='ocr_par' dir='ltr' id='par_1_9' title="bbox 148 1165 3360 1243">
     <span class='ocr_line' id='line_1_9' title="bbox 148 1165 3360 1243; baseline 0 -20"><span class='ocrx_word' id='word_1_111' title='bbox 148 1168 359 1223; x_wconf 84' lang='lat' dir='ltr'><strong>Profecto</strong></span> <span class='ocrx_word' id='word_1_112' title='bbox 402 1168 446 1221; x_wconf 88' lang='lat' dir='ltr'><strong>si</strong></span> <span class='ocrx_word' id='word_1_113' title='bbox 495 1169 609 1222; x_wconf 60' lang='lat' dir='ltr'><strong>haec</strong></span> <span class='ocrx_word' id='word_1_114' title='bbox 637 1176 888 1237; x_wconf 82' lang='lat' dir='ltr'><strong>excerpta</strong></span> <span class='ocrx_word' id='word_1_115' title='bbox 925 1168 1071 1222; x_wconf 88' lang='lat' dir='ltr'><strong>velut</strong></span> <span class='ocrx_word' id='word_1_116' title='bbox 1100 1178 1305 1237; x_wconf 89' lang='lat' dir='ltr'><strong>partem</strong></span> <span class='ocrx_word' id='word_1_117' title='bbox 1336 1168 1517 1237; x_wconf 87' lang='lat' dir='ltr'><strong>operis</strong></span> <span class='ocrx_word' id='word_1_118' title='bbox 1548 1165 1679 1236; x_wconf 90' lang='lat' dir='ltr'><strong>Hip-</strong></span> <span class='ocrx_word' id='word_1_119' title='bbox 1781 1176 1828 1221; x_wconf 90' lang='lat' dir='ltr'><strong>et</strong></span> <span class='ocrx_word' id='word_1_120' title='bbox 1873 1171 2106 1237; x_wconf 90' lang='lat' dir='ltr'><strong>partiens</strong></span> <span class='ocrx_word' id='word_1_121' title='bbox 2135 1170 2520 1239; x_wconf 87' lang='lat' dir='ltr'><strong>personaliter,</strong></span> <span class='ocrx_word' id='word_1_122' title='bbox 2570 1172 2812 1225; x_wconf 82' lang='lat' dir='ltr'><strong>dissolvit</strong></span> <span class='ocrx_word' id='word_1_123' title='bbox 2864 1175 3062 1237; x_wconf 84' lang='lat' dir='ltr'><strong>vitam,</strong></span> <span class='ocrx_word' id='word_1_124' title='bbox 3113 1175 3360 1243; x_wconf 82' lang='lat' dir='ltr'><strong>ignorans</strong></span> 
     </span>
    </p>
   </div>
   <div class='ocr_carea' id='block_1_10' title="bbox 149 1260 3361 1333">
    <p class='ocr_par' dir='ltr' id='par_1_10' title="bbox 149 1260 3361 1333">
     <span class='ocr_line' id='line_1_10' title="bbox 149 1260 3361 1333; baseline 0 -18"><span class='ocrx_word' id='word_1_125' title='bbox 149 1263 311 1333; x_wconf 80' lang='lat' dir='ltr'><strong>polytei</strong></span> <span class='ocrx_word' id='word_1_126' title='bbox 341 1278 441 1315; x_wconf 90' lang='lat' dir='ltr'><strong>non</strong></span> <span class='ocrx_word' id='word_1_127' title='bbox 485 1261 911 1331; x_wconf 85' lang='lat' dir='ltr'><strong>susciperemus,</strong></span> <span class='ocrx_word' id='word_1_128' title='bbox 953 1261 1136 1331; x_wconf 89' lang='lat' dir='ltr'><strong>injurii</strong></span> <span class='ocrx_word' id='word_1_129' title='bbox 1179 1276 1425 1316; x_wconf 87' lang='lat' dir='ltr'><strong>essemus</strong></span> <span class='ocrx_word' id='word_1_130' title='bbox 1456 1261 1508 1313; x_wconf 91' lang='lat' dir='ltr'><strong>in</strong></span> <span class='ocrx_word' id='word_1_131' title='bbox 1540 1266 1682 1314; x_wconf 88' lang='lat' dir='ltr'><strong>hunc</strong></span> <span class='ocrx_word' id='word_1_132' title='bbox 1782 1260 1946 1313; x_wconf 83' lang='lat' dir='ltr'><strong>solius</strong></span> <span class='ocrx_word' id='word_1_133' title='bbox 1982 1261 2409 1315; x_wconf 87' lang='lat' dir='ltr'><strong>connaturalium</strong></span> <span class='ocrx_word' id='word_1_134' title='bbox 2441 1279 2788 1329; x_wconf 76' lang='lat' dir='ltr'><strong>personarum</strong></span> <span class='ocrx_word' id='word_1_135' title='bbox 2818 1264 3181 1317; x_wconf 86' lang='lat' dir='ltr'><strong>connaturalis</strong></span> <span class='ocrx_word' id='word_1_136' title='bbox 3211 1265 3361 1316; x_wconf 85' lang='lat' dir='ltr'><strong>iden-</strong></span> 
     </span>
    </p>
   </div>
   <div class='ocr_carea' id='block_1_11' title="bbox 149 1352 3360 1426">
    <p class='ocr_par' dir='ltr' id='par_1_11' title="bbox 149 1352 3360 1426">
     <span class='ocr_line' id='line_1_11' title="bbox 149 1352 3360 1426; baseline 0 -17"><span class='ocrx_word' id='word_1_137' title='bbox 149 1353 483 1409; x_wconf 87' lang='lat' dir='ltr'><strong>doctissimnm</strong></span> <span class='ocrx_word' id='word_1_138' title='bbox 512 1353 723 1420; x_wconf 81' lang='lat' dir='ltr'><strong>virum;</strong></span> <span class='ocrx_word' id='word_1_139' title='bbox 760 1354 1061 1423; x_wconf 70' lang='lat' dir='ltr'><strong>prmsertim</strong></span> <span class='ocrx_word' id='word_1_140' title='bbox 1089 1368 1214 1408; x_wconf 90' lang='lat' dir='ltr'><strong>cum</strong></span> <span class='ocrx_word' id='word_1_141' title='bbox 1247 1352 1391 1405; x_wconf 91' lang='lat' dir='ltr'><strong>nulla</strong></span> <span class='ocrx_word' id='word_1_142' title='bbox 1421 1352 1562 1406; x_wconf 88' lang='lat' dir='ltr'><strong>adsit</strong></span> <span class='ocrx_word' id='word_1_143' title='bbox 1588 1367 1682 1420; x_wconf 89' lang='lat' dir='ltr'><strong>po-</strong></span> <span class='ocrx_word' id='word_1_144' title='bbox 1784 1352 1953 1405; x_wconf 85' lang='lat' dir='ltr'><strong>titatis</strong></span> <span class='ocrx_word' id='word_1_145' title='bbox 2004 1354 2239 1406; x_wconf 87' lang='lat' dir='ltr'><strong><em>eamdem</em></strong></span> <span class='ocrx_word' id='word_1_146' title='bbox 2289 1356 2455 1423; x_wconf 87' lang='lat' dir='ltr'><strong>ipsam</strong></span> <span class='ocrx_word' id='word_1_147' title='bbox 2504 1357 2857 1424; x_wconf 77' lang='lat' dir='ltr'><strong>operationem</strong></span> <span class='ocrx_word' id='word_1_148' title='bbox 2901 1373 3011 1411; x_wconf 82' lang='lat' dir='ltr'><strong>esse</strong></span> <span class='ocrx_word' id='word_1_149' title='bbox 3047 1358 3360 1426; x_wconf 74' lang='lat' dir='ltr'><strong>signiﬁcati-</strong></span> 
     </span>
    </p>
   </div>
   <div class='ocr_carea' id='block_1_12' title="bbox 149 1446 1920 1516">
    <p class='ocr_par' dir='ltr' id='par_1_12' title="bbox 149 1446 1920 1516">
     <span class='ocr_line' id='line_1_12' title="bbox 149 1446 1920 1516; baseline -0.002 -15"><span class='ocrx_word' id='word_1_150' title='bbox 149 1449 277 1502; x_wconf 74' lang='lat' dir='ltr'><strong>sitira</strong></span> <span class='ocrx_word' id='word_1_151' title='bbox 319 1448 473 1511; x_wconf 86' lang='lat' dir='ltr'><strong>ratio,</strong></span> <span class='ocrx_word' id='word_1_152' title='bbox 506 1462 615 1516; x_wconf 88' lang='lat' dir='ltr'><strong>qua</strong></span> <span class='ocrx_word' id='word_1_153' title='bbox 644 1447 949 1501; x_wconf 78' lang='lat' dir='ltr'><strong>elevaretur</strong></span> <span class='ocrx_word' id='word_1_154' title='bbox 980 1446 1279 1500; x_wconf 83' lang='lat' dir='ltr'><strong>auctoritas</strong></span> <span class='ocrx_word' id='word_1_155' title='bbox 1306 1454 1415 1498; x_wconf 89' lang='lat' dir='ltr'><strong>tam</strong></span> <span class='ocrx_word' id='word_1_156' title='bbox 1459 1458 1682 1497; x_wconf 89' lang='lat' dir='ltr'><strong>venera-</strong></span> <span class='ocrx_word' id='word_1_157' title='bbox 1784 1462 1920 1497; x_wconf 82' lang='lat' dir='ltr'><strong>vam.</strong></span> 
     </span>
    </p>
   </div>
   <div class='ocr_carea' id='block_1_13' title="bbox 147 1534 2858 1612">
    <p class='ocr_par' dir='ltr' id='par_1_13' title="bbox 147 1534 2858 1612">
     <span class='ocr_line' id='line_1_13' title="bbox 147 1534 2858 1612; baseline -0 -16"><span class='ocrx_word' id='word_1_158' title='bbox 147 1544 264 1596; x_wconf 88' lang='lat' dir='ltr'><strong>tione</strong></span> <span class='ocrx_word' id='word_1_159' title='bbox 292 1542 430 1612; x_wconf 84' lang='lat' dir='ltr'><strong>digni</strong></span> <span class='ocrx_word' id='word_1_160' title='bbox 483 1538 802 1609; x_wconf 81' lang='lat' dir='ltr'><strong>scriptoris,</strong></span> <span class='ocrx_word' id='word_1_161' title='bbox 849 1538 1028 1608; x_wconf 89' lang='lat' dir='ltr'><strong>qualis</strong></span> <span class='ocrx_word' id='word_1_162' title='bbox 1073 1547 1157 1592; x_wconf 92' lang='lat' dir='ltr'><strong>est</strong></span> <span class='ocrx_word' id='word_1_163' title='bbox 1200 1535 1553 1601; x_wconf 88' lang='lat' dir='ltr'><strong>Anastasius,</strong></span> <span class='ocrx_word' id='word_1_164' title='bbox 1586 1534 1679 1605; x_wconf 89' lang='lat' dir='ltr'><strong>qui</strong></span> <span class='ocrx_word' id='word_1_165' title='bbox 2295 1538 2691 1595; x_wconf 80' lang='lat' dir='ltr'><strong>ARTlCULUS</strong></span> <span class='ocrx_word' id='word_1_166' title='bbox 2727 1540 2858 1597; x_wconf 79' lang='lat' dir='ltr'><strong>Vlll.</strong></span> 
     </span>
    </p>
   </div>
   <div class='ocr_carea' id='block_1_14' title="bbox 151 1631 3219 1703">
    <p class='ocr_par' dir='ltr' id='par_1_14' title="bbox 151 1631 3219 1703">
     <span class='ocr_line' id='line_1_14' title="bbox 151 1631 3219 1703; baseline 0.001 -16"><span class='ocrx_word' id='word_1_167' title='bbox 151 1637 380 1703; x_wconf 81' lang='lat' dir='ltr'><strong>integrum</strong></span> <span class='ocrx_word' id='word_1_168' title='bbox 404 1648 539 1701; x_wconf 92' lang='lat' dir='ltr'><strong>opus</strong></span> <span class='ocrx_word' id='word_1_169' title='bbox 571 1632 624 1685; x_wconf 89' lang='lat' dir='ltr'><strong>in</strong></span> <span class='ocrx_word' id='word_1_170' title='bbox 654 1632 907 1687; x_wconf 87' lang='lat' dir='ltr'><strong>manibus</strong></span> <span class='ocrx_word' id='word_1_171' title='bbox 934 1631 1144 1685; x_wconf 84' lang='lat' dir='ltr'><strong>habuit.</strong></span> <span class='ocrx_word' id='word_1_172' title='bbox 1927 1646 1971 1685; x_wconf 86' lang='lat' dir='ltr'><strong>s.</strong></span> <span class='ocrx_word' id='word_1_173' title='bbox 2002 1646 2283 1686; x_wconf 70' lang='lat' dir='ltr'><strong>amour!</strong></span> <span class='ocrx_word' id='word_1_174' title='bbox 2320 1648 2635 1688; x_wconf 67' lang='lat' dir='ltr'><strong>ruscrnus</strong></span> <span class='ocrx_word' id='word_1_175' title='bbox 2667 1650 2733 1688; x_wconf 75' lang='lat' dir='ltr'><strong>ne</strong></span> <span class='ocrx_word' id='word_1_176' title='bbox 2768 1651 3219 1702; x_wconf 71' lang='lat' dir='ltr'><strong>CHARISIATlBUS,</strong></span> 
     </span>
    </p>
   </div>
   <div class='ocr_carea' id='block_1_15' title="bbox 369 1718 1902 1795">
    <p class='ocr_par' dir='ltr' id='par_1_15' title="bbox 369 1722 1902 1795">
     <span class='ocr_line' id='line_1_15' title="bbox 369 1722 1902 1795; baseline 0 -20"><span class='ocrx_word' id='word_1_177' title='bbox 369 1723 394 1795; x_wconf 85' lang='lat'>§</span> <span class='ocrx_word' id='word_1_178' title='bbox 425 1722 511 1776; x_wconf 88' lang='lat' dir='ltr'><strong>Ill.</strong></span> <span class='ocrx_word' id='word_1_179' title='bbox 540 1722 790 1792; x_wconf 76' lang='lat' dir='ltr'><strong>Analysis</strong></span> <span class='ocrx_word' id='word_1_180' title='bbox 814 1722 1001 1775; x_wconf 79' lang='lat' dir='ltr'><strong>horum</strong></span> <span class='ocrx_word' id='word_1_181' title='bbox 1030 1731 1415 1791; x_wconf 75' lang='lat' dir='ltr'><strong>excerptorum.</strong></span> <span class='ocrx_word' id='word_1_182' title='bbox 1891 1788 1902 1795; x_wconf 34' lang='grc' dir='ltr'><strong><em>η</em></strong></span> 
     </span>
    </p>
   </div>
   <div class='ocr_carea' id='block_1_16' title="bbox 1453 1718 2986 1795">
    <p class='ocr_par' dir='ltr' id='par_1_16' title="bbox 2152 1718 2986 1760">
     <span class='ocr_line' id='line_1_16' title="bbox 2152 1718 2986 1760; baseline 0.002 -5"><span class='ocrx_word' id='word_1_183' title='bbox 2152 1718 2218 1755; x_wconf 84' lang='grc' dir='ltr'><strong>ΕΤ</strong></span> <span class='ocrx_word' id='word_1_184' title='bbox 2256 1718 2473 1756; x_wconf 71' lang='lat' dir='ltr'><strong>HOHILIA</strong></span> <span class='ocrx_word' id='word_1_185' title='bbox 2509 1718 2557 1757; x_wconf 74' lang='grc' dir='ltr'><strong>ΙΝ</strong></span> <span class='ocrx_word' id='word_1_186' title='bbox 2592 1721 2986 1760; x_wconf 67' lang='lat' dir='ltr'><strong>THEOPHANIAM.</strong></span> 
     </span>
    </p>
   </div>
   <div class='ocr_carea' id='block_1_17' title="bbox 201 1787 1734 1884">
    <p class='ocr_par' dir='ltr' id='par_1_17' title="bbox 201 1787 1682 1884">
     <span class='ocr_line' id='line_1_17' title="bbox 201 1787 1682 1884; baseline -0.001 -18"><span class='ocrx_word' id='word_1_187' title='bbox 201 1787 394 1867; x_wconf 77' lang='lat' dir='ltr'><strong>Initium</strong></span> <span class='ocrx_word' id='word_1_188' title='bbox 428 1815 589 1883; x_wconf 84' lang='lat' dir='ltr'><strong>hujus</strong></span> <span class='ocrx_word' id='word_1_189' title='bbox 616 1787 880 1869; x_wconf 74' lang='lat' dir='ltr'><strong>tractatus</strong></span> <span class='ocrx_word' id='word_1_190' title='bbox 909 1815 1065 1884; x_wconf 83' lang='lat' dir='ltr'><strong>juxta</strong></span> <span class='ocrx_word' id='word_1_191' title='bbox 1100 1787 1450 1867; x_wconf 22' lang='lat' dir='ltr'><strong>An’astasium</strong></span> <span class='ocrx_word' id='word_1_192' title='bbox 1477 1810 1682 1865; x_wconf 87' lang='lat' dir='ltr'><strong>Biblio-</strong></span> 
     </span>
    </p>
   </div>
   <div class='ocr_carea' id='block_1_18' title="bbox 1727 1787 3260 1884">
    <p class='ocr_par' dir='ltr' id='par_1_18' title="bbox 1887 1787 3260 1861">
     <span class='ocr_line' id='line_1_18' title="bbox 1887 1787 3260 1861; baseline 0.005 -19"><span class='ocrx_word' id='word_1_193' title='bbox 1887 1788 1915 1861; x_wconf 58' lang='grc' dir='ltr'>ξ</span> <span class='ocrx_word' id='word_1_194' title='bbox 1956 1787 1999 1844; x_wconf 85' lang='grc' dir='ltr'>Ι.</span> <span class='ocrx_word' id='word_1_195' title='bbox 2034 1788 2093 1847; x_wconf 90' lang='lat' dir='ltr'><strong>S.</strong></span> <span class='ocrx_word' id='word_1_196' title='bbox 2128 1790 2405 1861; x_wconf 86' lang='lat' dir='ltr'><strong>Hippolyti</strong></span> <span class='ocrx_word' id='word_1_197' title='bbox 2436 1803 2694 1847; x_wconf 81' lang='lat' dir='ltr'><strong>tractatus</strong></span> <span class='ocrx_word' id='word_1_198' title='bbox 2725 1793 2801 1847; x_wconf 88' lang='lat' dir='ltr'><strong>De</strong></span> <span class='ocrx_word' id='word_1_199' title='bbox 2831 1796 3260 1849; x_wconf 81' lang='lat' dir='ltr'><strong>charismatibus.</strong></span> 
     </span>
    </p>
   </div>
   <div class='ocr_carea' id='block_1_19' title="bbox 148 1898 1681 1975">
    <p class='ocr_par' dir='ltr' id='par_1_19' title="bbox 148 1903 1674 1975">
     <span class='ocr_line' id='line_1_19' title="bbox 148 1903 1674 1975; baseline -0.002 -17"><span class='ocrx_word' id='word_1_200' title='bbox 148 1907 402 1959; x_wconf 85' lang='lat' dir='ltr'><strong>thecarium</strong></span> <span class='ocrx_word' id='word_1_201' title='bbox 437 1906 507 1959; x_wconf 88' lang='lat' dir='ltr'><strong>ita</strong></span> <span class='ocrx_word' id='word_1_202' title='bbox 542 1906 733 1959; x_wconf 83' lang='lat' dir='ltr'><strong>habet:</strong></span> <span class='ocrx_word' id='word_1_203' title='bbox 768 1908 990 1973; x_wconf 71' lang='grc' dir='ltr'><strong>Ἄγιος,</strong></span> <span class='ocrx_word' id='word_1_204' title='bbox 1022 1905 1194 1975; x_wconf 75' lang='grc' dir='ltr'><strong>ἅγιος,</strong></span> <span class='ocrx_word' id='word_1_205' title='bbox 1230 1906 1383 1973; x_wconf 75' lang='grc' dir='ltr'>ἅγιος</span> <span class='ocrx_word' id='word_1_206' title='bbox 1422 1903 1674 1956; x_wconf 79' lang='lat' dir='ltr'><strong>Dominus</strong></span> 
     </span>
    </p>
   </div>
   <div class='ocr_carea' id='block_1_20' title="bbox 1830 1898 3363 1975">
    <p class='ocr_par' dir='ltr' id='par_1_20' title="bbox 1853 1906 3363 1973">
     <span class='ocr_line' id='line_1_20' title="bbox 1853 1906 3363 1973; baseline 0.004 -14"><span class='ocrx_word' id='word_1_207' title='bbox 1853 1906 1971 1961; x_wconf 80' lang='lat' dir='ltr'><strong>Non</strong></span> <span class='ocrx_word' id='word_1_208' title='bbox 2000 1907 2175 1962; x_wconf 89' lang='lat' dir='ltr'><strong>solum</strong></span> <span class='ocrx_word' id='word_1_209' title='bbox 2211 1924 2274 1961; x_wconf 87' lang='lat' dir='ltr'><strong>ex</strong></span> <span class='ocrx_word' id='word_1_210' title='bbox 2315 1910 2637 1963; x_wconf 86' lang='lat' dir='ltr'><strong>auctoritate</strong></span> <span class='ocrx_word' id='word_1_211' title='bbox 2671 1911 3011 1964; x_wconf 82' lang='lat' dir='ltr'><strong>monumenti</strong></span> <span class='ocrx_word' id='word_1_212' title='bbox 3050 1914 3363 1973; x_wconf 74' lang='lat' dir='ltr'><strong>marmorei.</strong></span> 
     </span>
    </p>
   </div>
   <div class='ocr_carea' id='block_1_21' title="bbox 147 1994 3365 2069">
    <p class='ocr_par' dir='ltr' id='par_1_21' title="bbox 147 1994 3365 2069">
     <span class='ocr_line' id='line_1_21' title="bbox 147 1994 3365 2069; baseline 0.001 -18"><span class='ocrx_word' id='word_1_213' title='bbox 147 1997 360 2061; x_wconf 85' lang='lat' dir='ltr'><strong>Sabaoth,</strong></span> <span class='ocrx_word' id='word_1_214' title='bbox 393 2000 676 2052; x_wconf 86' lang='lat' dir='ltr'><strong>incessanti</strong></span> <span class='ocrx_word' id='word_1_215' title='bbox 721 2015 839 2052; x_wconf 83' lang='lat' dir='ltr'><strong>voce</strong></span> <span class='ocrx_word' id='word_1_216' title='bbox 870 2000 1162 2052; x_wconf 76' lang='lat' dir='ltr'><strong>clamantes</strong></span> <span class='ocrx_word' id='word_1_217' title='bbox 1212 1997 1476 2066; x_wconf 74' lang='lat' dir='ltr'><strong>semp/tim</strong></span> <span class='ocrx_word' id='word_1_218' title='bbox 1516 1994 1683 2049; x_wconf 89' lang='lat' dir='ltr'><strong>Deum</strong></span> <span class='ocrx_word' id='word_1_219' title='bbox 1787 1998 1881 2052; x_wconf 86' lang='lat' dir='ltr'><strong>sed</strong></span> <span class='ocrx_word' id='word_1_220' title='bbox 1918 1998 2082 2053; x_wconf 88' lang='lat' dir='ltr'><strong>etiam</strong></span> <span class='ocrx_word' id='word_1_221' title='bbox 2118 2014 2183 2052; x_wconf 78' lang='lat' dir='ltr'><strong>ex</strong></span> <span class='ocrx_word' id='word_1_222' title='bbox 2222 1998 2537 2053; x_wconf 88' lang='lat' dir='ltr'><strong>testimonio</strong></span> <span class='ocrx_word' id='word_1_223' title='bbox 2580 2000 3081 2069; x_wconf 85' lang='lat' dir='ltr'><strong>manuscriptorum</strong></span> <span class='ocrx_word' id='word_1_224' title='bbox 3117 2002 3365 2056; x_wconf 88' lang='lat' dir='ltr'><strong>codicum</strong></span> 
     </span>
    </p>
   </div>
   <div class='ocr_carea' id='block_1_22' title="bbox 146 2088 3364 2157">
    <p class='ocr_par' dir='ltr' id='par_1_22' title="bbox 146 2088 3364 2157">
     <span class='ocr_line' id='line_1_22' title="bbox 146 2088 3364 2157; baseline 0.002 -17"><span class='ocrx_word' id='word_1_225' title='bbox 146 2089 424 2157; x_wconf 81' lang='lat' dir='ltr'><strong>gloriﬁcant.</strong></span> <span class='ocrx_word' id='word_1_226' title='bbox 1788 2088 2131 2155; x_wconf 77' lang='lat' dir='ltr'><strong>Viennensis,</strong></span> <span class='ocrx_word' id='word_1_227' title='bbox 2170 2105 2265 2144; x_wconf 88' lang='lat' dir='ltr'><strong>seu</strong></span> <span class='ocrx_word' id='word_1_228' title='bbox 2318 2088 2773 2156; x_wconf 85' lang='lat' dir='ltr'><strong>Vindobonensis,</strong></span> <span class='ocrx_word' id='word_1_229' title='bbox 2826 2101 2880 2145; x_wconf 88' lang='lat' dir='ltr'><strong>et</strong></span> <span class='ocrx_word' id='word_1_230' title='bbox 2927 2090 3255 2148; x_wconf 80' lang='lat' dir='ltr'><strong>Oxoniensis</strong></span> <span class='ocrx_word' id='word_1_231' title='bbox 3299 2093 3364 2147; x_wconf 86' lang='lat' dir='ltr'><strong>ad</strong></span> 
     </span>
    </p>
   </div>
   <div class='ocr_carea' id='block_1_23' title="bbox 200 2179 3366 2255">
    <p class='ocr_par' dir='ltr' id='par_1_23' title="bbox 200 2179 3366 2255">
     <span class='ocr_line' id='line_1_23' title="bbox 200 2179 3366 2255; baseline 0.002 -20"><span class='ocrx_word' id='word_1_232' title='bbox 200 2181 347 2235; x_wconf 85' lang='lat' dir='ltr'><strong>Beron</strong></span> <span class='ocrx_word' id='word_1_233' title='bbox 375 2192 427 2235; x_wconf 89' lang='lat' dir='ltr'><strong>et</strong></span> <span class='ocrx_word' id='word_1_234' title='bbox 454 2182 603 2235; x_wconf 93' lang='lat' dir='ltr'><strong>illius</strong></span> <span class='ocrx_word' id='word_1_235' title='bbox 634 2196 897 2250; x_wconf 89' lang='lat' dir='ltr'><strong>sequaces</strong></span> <span class='ocrx_word' id='word_1_236' title='bbox 927 2180 1280 2235; x_wconf 89' lang='lat' dir='ltr'><strong>admittebant</strong></span> <span class='ocrx_word' id='word_1_237' title='bbox 1305 2179 1679 2234; x_wconf 90' lang='lat' dir='ltr'><strong>confusionem</strong></span> <span class='ocrx_word' id='word_1_238' title='bbox 1787 2180 1843 2233; x_wconf 85' lang='grc'><strong>5.</strong></span> <span class='ocrx_word' id='word_1_239' title='bbox 1895 2179 2241 2252; x_wconf 82' lang='lat' dir='ltr'><strong>Hippolytum</strong></span> <span class='ocrx_word' id='word_1_240' title='bbox 2291 2198 2321 2235; x_wconf 89' lang='lat' dir='ltr'><strong>a</strong></span> <span class='ocrx_word' id='word_1_241' title='bbox 2372 2182 2504 2237; x_wconf 81' lang='lat' dir='ltr'><strong>viris</strong></span> <span class='ocrx_word' id='word_1_242' title='bbox 2548 2183 2777 2237; x_wconf 86' lang='lat' dir='ltr'><strong>eruditis</strong></span> <span class='ocrx_word' id='word_1_243' title='bbox 2817 2183 3114 2239; x_wconf 86' lang='lat' dir='ltr'><strong>Pcarsonio</strong></span> <span class='ocrx_word' id='word_1_244' title='bbox 3157 2186 3268 2255; x_wconf 72' lang='grc'>(74)</span> <span class='ocrx_word' id='word_1_245' title='bbox 3312 2196 3366 2240; x_wconf 87' lang='lat' dir='ltr'><strong>et</strong></span> 
     </span>
    </p>
   </div>
   <div class='ocr_carea' id='block_1_24' title="bbox 147 2272 1680 2345">
    <p class='ocr_par' dir='ltr' id='par_1_24' title="bbox 147 2273 1679 2339">
     <span class='ocr_line' id='line_1_24' title="bbox 147 2273 1679 2339; baseline -0.001 -13"><span class='ocrx_word' id='word_1_246' title='bbox 147 2276 336 2328; x_wconf 81' lang='lat' dir='ltr'><strong>duarum</strong></span> <span class='ocrx_word' id='word_1_247' title='bbox 384 2288 701 2329; x_wconf 87' lang='lat' dir='ltr'><strong>naturarum</strong></span> <span class='ocrx_word' id='word_1_248' title='bbox 752 2275 807 2327; x_wconf 89' lang='lat' dir='ltr'><strong>in</strong></span> <span class='ocrx_word' id='word_1_249' title='bbox 852 2273 1092 2339; x_wconf 82' lang='lat' dir='ltr'><strong>Christo,</strong></span> <span class='ocrx_word' id='word_1_250' title='bbox 1127 2284 1181 2328; x_wconf 92' lang='lat' dir='ltr'><strong>et</strong></span> <span class='ocrx_word' id='word_1_251' title='bbox 1222 2288 1330 2326; x_wconf 89' lang='lat' dir='ltr'><strong>non</strong></span> <span class='ocrx_word' id='word_1_252' title='bbox 1368 2273 1472 2327; x_wconf 89' lang='lat' dir='ltr'><strong>nisi</strong></span> <span class='ocrx_word' id='word_1_253' title='bbox 1517 2289 1679 2326; x_wconf 88' lang='lat' dir='ltr'><strong>unam</strong></span> 
     </span>
    </p>
   </div>
   <div class='ocr_carea' id='block_1_25' title="bbox 1832 2272 3365 2345">
    <p class='ocr_par' dir='ltr' id='par_1_25' title="bbox 1832 2275 3365 2345">
     <span class='ocr_line' id='line_1_25' title="bbox 1832 2275 3365 2345; baseline 0.003 -18"><span class='ocrx_word' id='word_1_254' title='bbox 1832 2275 2033 2329; x_wconf 83' lang='lat' dir='ltr'><strong>abricio</strong></span> <span class='ocrx_word' id='word_1_255' title='bbox 2074 2275 2184 2344; x_wconf 84' lang='grc'>(75)</span> <span class='ocrx_word' id='word_1_256' title='bbox 2225 2276 2458 2329; x_wconf 90' lang='lat' dir='ltr'><strong>refertur</strong></span> <span class='ocrx_word' id='word_1_257' title='bbox 2500 2275 2639 2343; x_wconf 75' lang='grc' dir='ltr'><strong>Περὶ</strong></span> <span class='ocrx_word' id='word_1_258' title='bbox 2687 2276 3066 2345; x_wconf 78' lang='grc' dir='ltr'><strong>χαρισμάτων</strong></span> <span class='ocrx_word' id='word_1_259' title='bbox 3108 2279 3365 2331; x_wconf 79' lang='grc' dir='ltr'><strong>ἀποστυ-</strong></span> 
     </span>
    </p>
   </div>
   <div class='ocr_carea' id='block_1_26' title="bbox 144 2365 3366 2439">
    <p class='ocr_par' dir='ltr' id='par_1_26' title="bbox 144 2365 3366 2439">
     <span class='ocr_line' id='line_1_26' title="bbox 144 2365 3366 2439; baseline 0.001 -21"><span class='ocrx_word' id='word_1_260' title='bbox 144 2371 468 2435; x_wconf 81' lang='lat' dir='ltr'><strong>agnoscebant</strong></span> <span class='ocrx_word' id='word_1_261' title='bbox 507 2368 563 2421; x_wconf 85' lang='lat' dir='ltr'><strong>in</strong></span> <span class='ocrx_word' id='word_1_262' title='bbox 603 2382 669 2421; x_wconf 88' lang='lat' dir='ltr'><strong>eo</strong></span> <span class='ocrx_word' id='word_1_263' title='bbox 710 2367 1099 2436; x_wconf 84' lang='lat' dir='ltr'><strong>operationem.</strong></span> <span class='ocrx_word' id='word_1_264' title='bbox 1151 2366 1457 2421; x_wconf 85' lang='lat' dir='ltr'><strong>Credebant</strong></span> <span class='ocrx_word' id='word_1_265' title='bbox 1489 2366 1683 2420; x_wconf 85' lang='lat' dir='ltr'><strong>divini-</strong></span> <span class='ocrx_word' id='word_1_266' title='bbox 1781 2365 1921 2435; x_wconf 71' lang='grc' dir='ltr'><strong>λικὴ</strong></span> <span class='ocrx_word' id='word_1_267' title='bbox 1956 2366 2319 2435; x_wconf 79' lang='grc' dir='ltr'><strong>παράδοσις,</strong></span> <span class='ocrx_word' id='word_1_268' title='bbox 2366 2367 2439 2422; x_wconf 90' lang='lat' dir='ltr'><strong>De</strong></span> <span class='ocrx_word' id='word_1_269' title='bbox 2469 2369 2878 2423; x_wconf 82' lang='lat' dir='ltr'><strong>charismatibus</strong></span> <span class='ocrx_word' id='word_1_270' title='bbox 2919 2371 3211 2439; x_wconf 80' lang='lat' dir='ltr'><strong>apostolica</strong></span> <span class='ocrx_word' id='word_1_271' title='bbox 3256 2380 3366 2423; x_wconf 87' lang='lat' dir='ltr'><strong>tru-</strong></span> 
     </span>
    </p>
   </div>
   <div class='ocr_carea' id='block_1_27' title="bbox 145 2458 3363 2531">
    <p class='ocr_par' dir='ltr' id='par_1_27' title="bbox 145 2458 3363 2531">
     <span class='ocr_line' id='line_1_27' title="bbox 145 2458 3363 2531; baseline 0.002 -20"><span class='ocrx_word' id='word_1_272' title='bbox 145 2468 275 2511; x_wconf 85' lang='lat' dir='ltr'><strong>tatem</strong></span> <span class='ocrx_word' id='word_1_273' title='bbox 304 2474 419 2514; x_wconf 87' lang='lat' dir='ltr'><strong>esse</strong></span> <span class='ocrx_word' id='word_1_274' title='bbox 450 2458 793 2529; x_wconf 83' lang='lat' dir='ltr'><strong>passibilem,</strong></span> <span class='ocrx_word' id='word_1_275' title='bbox 833 2467 887 2512; x_wconf 89' lang='lat' dir='ltr'><strong>et</strong></span> <span class='ocrx_word' id='word_1_276' title='bbox 932 2459 1323 2512; x_wconf 88' lang='lat' dir='ltr'><strong>humanitatem</strong></span> <span class='ocrx_word' id='word_1_277' title='bbox 1365 2459 1681 2513; x_wconf 87' lang='lat' dir='ltr'><strong>earumdem</strong></span> <span class='ocrx_word' id='word_1_278' title='bbox 1782 2458 1939 2524; x_wconf 89' lang='lat' dir='ltr'><strong>ditio,</strong></span> <span class='ocrx_word' id='word_1_279' title='bbox 1980 2474 2088 2511; x_wconf 88' lang='lat' dir='ltr'><strong>una</strong></span> <span class='ocrx_word' id='word_1_280' title='bbox 2130 2475 2252 2512; x_wconf 89' lang='lat' dir='ltr'><strong>cum</strong></span> <span class='ocrx_word' id='word_1_281' title='bbox 2292 2460 2413 2513; x_wconf 87' lang='lat' dir='ltr'><strong>aliis</strong></span> <span class='ocrx_word' id='word_1_282' title='bbox 2466 2460 2774 2521; x_wconf 81' lang='lat' dir='ltr'><strong>nonnullis.</strong></span> <span class='ocrx_word' id='word_1_283' title='bbox 2822 2477 2942 2531; x_wconf 65' lang='lat' dir='ltr'><strong>qua:</strong></span> <span class='ocrx_word' id='word_1_284' title='bbox 2986 2464 3205 2531; x_wconf 90' lang='lat' dir='ltr'><strong>quidem</strong></span> <span class='ocrx_word' id='word_1_285' title='bbox 3252 2464 3363 2531; x_wconf 87' lang='lat' dir='ltr'><strong>jam</strong></span> 
     </span>
    </p>
   </div>
   <div class='ocr_carea' id='block_1_28' title="bbox 142 2536 3366 2621">
    <p class='ocr_par' dir='ltr' id='par_1_28' title="bbox 142 2536 3366 2621">
     <span class='ocr_line' id='line_1_28' title="bbox 142 2536 3366 2621; baseline 0.002 -19"><span class='ocrx_word' id='word_1_286' title='bbox 142 2552 500 2619; x_wconf 83' lang='lat' dir='ltr'><strong>operationum,</strong></span> <span class='ocrx_word' id='word_1_287' title='bbox 530 2567 649 2621; x_wconf 75' lang='lat' dir='ltr'><strong>qua:</strong></span> <span class='ocrx_word' id='word_1_288' title='bbox 676 2551 777 2606; x_wconf 90' lang='lat' dir='ltr'><strong>soli</strong></span> <span class='ocrx_word' id='word_1_289' title='bbox 795 2549 974 2605; x_wconf 83' lang='lat' dir='ltr'><strong>Verbo</strong></span> <span class='ocrx_word' id='word_1_290' title='bbox 1002 2558 1393 2620; x_wconf 83' lang='lat' dir='ltr'><strong>competerent,</strong></span> <span class='ocrx_word' id='word_1_291' title='bbox 1424 2566 1678 2621; x_wconf 87' lang='lat' dir='ltr'><strong>capacem</strong></span> <span class='ocrx_word' id='word_1_292' title='bbox 1783 2549 1989 2619; x_wconf 89' lang='lat' dir='ltr'><strong>pridem</strong></span> <span class='ocrx_word' id='word_1_293' title='bbox 2016 2550 2161 2605; x_wconf 88' lang='lat' dir='ltr'><strong>edita</strong></span> <span class='ocrx_word' id='word_1_294' title='bbox 2195 2549 2415 2604; x_wconf 88' lang='lat' dir='ltr'><strong>fuerunt</strong></span> <span class='ocrx_word' id='word_1_295' title='bbox 2438 2536 2651 2606; x_wconf 60' lang='lat' dir='ltr'><strong>in&#39;libro</strong></span> <span class='ocrx_word' id='word_1_296' title='bbox 2679 2562 2870 2606; x_wconf 86' lang='lat' dir='ltr'><strong>octavo</strong></span> <span class='ocrx_word' id='word_1_297' title='bbox 2918 2553 3366 2607; x_wconf 83' lang='lat' dir='ltr'><strong>Constitutionum</strong></span> 
     </span>
    </p>
   </div>
   <div class='ocr_carea' id='block_1_29' title="bbox 144 2643 3365 2715">
    <p class='ocr_par' dir='ltr' id='par_1_29' title="bbox 144 2643 3365 2715">
     <span class='ocr_line' id='line_1_29' title="bbox 144 2643 3365 2715; baseline 0.001 -21"><span class='ocrx_word' id='word_1_298' title='bbox 144 2643 249 2697; x_wconf 77' lang='lat' dir='ltr'><strong>fore.</strong></span> <span class='ocrx_word' id='word_1_299' title='bbox 295 2644 411 2700; x_wconf 59' lang='lat' dir='ltr'><strong>Haec</strong></span> <span class='ocrx_word' id='word_1_300' title='bbox 448 2645 639 2715; x_wconf 89' lang='lat' dir='ltr'><strong>opinio</strong></span> <span class='ocrx_word' id='word_1_301' title='bbox 682 2660 748 2698; x_wconf 82' lang='lat' dir='ltr'><strong>eo</strong></span> <span class='ocrx_word' id='word_1_302' title='bbox 791 2644 912 2698; x_wconf 90' lang='lat' dir='ltr'><strong>illos</strong></span> <span class='ocrx_word' id='word_1_303' title='bbox 951 2643 1197 2706; x_wconf 82' lang='lat' dir='ltr'><strong>adduxit,</strong></span> <span class='ocrx_word' id='word_1_304' title='bbox 1239 2653 1297 2697; x_wconf 90' lang='lat' dir='ltr'><strong>ut</strong></span> <span class='ocrx_word' id='word_1_305' title='bbox 1332 2644 1681 2700; x_wconf 84' lang='lat' dir='ltr'><strong>defenderent</strong></span> <span class='ocrx_word' id='word_1_306' title='bbox 1782 2643 2218 2711; x_wconf 85' lang='lat' dir='ltr'><strong>apostolicarum,</strong></span> <span class='ocrx_word' id='word_1_307' title='bbox 2246 2657 2405 2711; x_wconf 88' lang='lat' dir='ltr'><strong>quas,</strong></span> <span class='ocrx_word' id='word_1_308' title='bbox 2442 2659 2566 2696; x_wconf 90' lang='lat' dir='ltr'><strong>cum</strong></span> <span class='ocrx_word' id='word_1_309' title='bbox 2596 2660 2661 2697; x_wconf 81' lang='lat' dir='ltr'><strong>ex</strong></span> <span class='ocrx_word' id='word_1_310' title='bbox 2689 2645 2855 2698; x_wconf 84' lang='lat' dir='ltr'><strong>variis</strong></span> <span class='ocrx_word' id='word_1_311' title='bbox 2881 2644 3104 2698; x_wconf 88' lang='lat' dir='ltr'><strong>secundi</strong></span> <span class='ocrx_word' id='word_1_312' title='bbox 3138 2653 3192 2699; x_wconf 91' lang='lat' dir='ltr'><strong>et</strong></span> <span class='ocrx_word' id='word_1_313' title='bbox 3222 2646 3365 2699; x_wconf 87' lang='lat' dir='ltr'><strong>tertii</strong></span> 
     </span>
    </p>
   </div>
   <div class='ocr_carea' id='block_1_30' title="bbox 145 2735 3365 2798">
    <p class='ocr_par' dir='ltr' id='par_1_30' title="bbox 145 2735 3365 2798">
     <span class='ocr_line' id='line_1_30' title="bbox 145 2735 3365 2798; baseline 0 -8"><span class='ocrx_word' id='word_1_314' title='bbox 145 2735 341 2792; x_wconf 70' lang='lat' dir='ltr'><strong>Verbum</strong></span> <span class='ocrx_word' id='word_1_315' title='bbox 377 2739 659 2793; x_wconf 88' lang='lat' dir='ltr'><strong>hominem</strong></span> <span class='ocrx_word' id='word_1_316' title='bbox 705 2738 907 2792; x_wconf 87' lang='lat' dir='ltr'><strong>factum</strong></span> <span class='ocrx_word' id='word_1_317' title='bbox 951 2752 1073 2793; x_wconf 87' lang='lat' dir='ltr'><strong>esse</strong></span> <span class='ocrx_word' id='word_1_318' title='bbox 1114 2738 1413 2791; x_wconf 82' lang='lat' dir='ltr'><strong>mutatione</strong></span> <span class='ocrx_word' id='word_1_319' title='bbox 1452 2754 1565 2793; x_wconf 68' lang='lat' dir='ltr'><strong>sua:</strong></span> <span class='ocrx_word' id='word_1_320' title='bbox 1598 2740 1680 2793; x_wconf 85' lang='lat' dir='ltr'><strong>di-</strong></span> <span class='ocrx_word' id='word_1_321' title='bbox 1782 2735 1965 2789; x_wconf 68' lang='lat' dir='ltr'><strong>saeculi</strong></span> <span class='ocrx_word' id='word_1_322' title='bbox 2003 2738 2370 2791; x_wconf 87' lang='lat' dir='ltr'><strong>monumentis</strong></span> <span class='ocrx_word' id='word_1_323' title='bbox 2406 2737 2798 2790; x_wconf 69' lang='lat' dir='ltr'><strong>consarcinatae</strong></span> <span class='ocrx_word' id='word_1_324' title='bbox 2832 2736 2961 2798; x_wconf 88' lang='lat' dir='ltr'><strong>sint,</strong></span> <span class='ocrx_word' id='word_1_325' title='bbox 2994 2736 3365 2791; x_wconf 84' lang='lat' dir='ltr'><strong>Clementiuas</strong></span> 
     </span>
    </p>
   </div>
   <div class='ocr_carea' id='block_1_31' title="bbox 142 2826 3363 2896">
    <p class='ocr_par' dir='ltr' id='par_1_31' title="bbox 142 2826 3363 2896">
     <span class='ocr_line' id='line_1_31' title="bbox 142 2826 3363 2896; baseline 0 -18"><span class='ocrx_word' id='word_1_326' title='bbox 142 2830 342 2883; x_wconf 71' lang='lat' dir='ltr'><strong>unitatis</strong></span> <span class='ocrx_word' id='word_1_327' title='bbox 368 2832 420 2883; x_wconf 92' lang='lat' dir='ltr'><strong>in</strong></span> <span class='ocrx_word' id='word_1_328' title='bbox 454 2840 711 2884; x_wconf 85' lang='lat' dir='ltr'><strong>naturam</strong></span> <span class='ocrx_word' id='word_1_329' title='bbox 745 2832 1064 2895; x_wconf 88' lang='lat' dir='ltr'><strong>humanam,</strong></span> <span class='ocrx_word' id='word_1_330' title='bbox 1094 2838 1147 2882; x_wconf 91' lang='lat' dir='ltr'><strong>et</strong></span> <span class='ocrx_word' id='word_1_331' title='bbox 1179 2830 1453 2884; x_wconf 85' lang='lat' dir='ltr'><strong>hominem</strong></span> <span class='ocrx_word' id='word_1_332' title='bbox 1473 2829 1675 2884; x_wconf 87' lang='lat' dir='ltr'><strong>factum</strong></span> <span class='ocrx_word' id='word_1_333' title='bbox 1780 2826 1943 2896; x_wconf 83' lang='lat' dir='ltr'><strong>vulgo</strong></span> <span class='ocrx_word' id='word_1_334' title='bbox 1981 2841 2077 2881; x_wconf 88' lang='lat' dir='ltr'><strong>seu</strong></span> <span class='ocrx_word' id='word_1_335' title='bbox 2108 2827 2434 2896; x_wconf 85' lang='lat' dir='ltr'><strong>apostolicas</strong></span> <span class='ocrx_word' id='word_1_336' title='bbox 2485 2827 2725 2881; x_wconf 87' lang='lat' dir='ltr'><strong>solemus</strong></span> <span class='ocrx_word' id='word_1_337' title='bbox 2765 2828 3057 2896; x_wconf 77' lang='lat' dir='ltr'><strong>appellare,</strong></span> <span class='ocrx_word' id='word_1_338' title='bbox 3094 2828 3145 2880; x_wconf 90' lang='lat' dir='ltr'><strong>in</strong></span> <span class='ocrx_word' id='word_1_339' title='bbox 3188 2829 3363 2881; x_wconf 88' lang='lat' dir='ltr'><strong>lucem</strong></span> 
     </span>
    </p>
   </div>
   <div class='ocr_carea' id='block_1_32' title="bbox 142 2918 3365 2991">
    <p class='ocr_par' dir='ltr' id='par_1_32' title="bbox 142 2918 3365 2991">
     <span class='ocr_line' id='line_1_32' title="bbox 142 2918 3365 2991; baseline 0 -19"><span class='ocrx_word' id='word_1_340' title='bbox 142 2920 274 2976; x_wconf 85' lang='lat' dir='ltr'><strong>fuisse</strong></span> <span class='ocrx_word' id='word_1_341' title='bbox 293 2920 453 2977; x_wconf 86' lang='lat' dir='ltr'><strong>Deum</strong></span> <span class='ocrx_word' id='word_1_342' title='bbox 495 2923 801 2976; x_wconf 88' lang='lat' dir='ltr'><strong>mutatione</strong></span> <span class='ocrx_word' id='word_1_343' title='bbox 832 2923 1313 2975; x_wconf 65' lang='lat' dir='ltr'><strong>humaiiaanaturze</strong></span> <span class='ocrx_word' id='word_1_344' title='bbox 1342 2922 1397 2975; x_wconf 85' lang='lat' dir='ltr'><strong>in</strong></span> <span class='ocrx_word' id='word_1_345' title='bbox 1423 2922 1679 2976; x_wconf 84' lang='lat' dir='ltr'><strong>divinita—</strong></span> <span class='ocrx_word' id='word_1_346' title='bbox 1779 2928 1959 2972; x_wconf 90' lang='lat' dir='ltr'><strong>tamen</strong></span> <span class='ocrx_word' id='word_1_347' title='bbox 2005 2920 2326 2989; x_wconf 90' lang='lat' dir='ltr'><strong>prodierunt</strong></span> <span class='ocrx_word' id='word_1_348' title='bbox 2366 2920 2485 2973; x_wconf 90' lang='lat' dir='ltr'><strong>sine</strong></span> <span class='ocrx_word' id='word_1_349' title='bbox 2524 2920 2743 2973; x_wconf 88' lang='lat' dir='ltr'><strong>nomine</strong></span> <span class='ocrx_word' id='word_1_350' title='bbox 2786 2918 2843 2973; x_wconf 98' lang='grc'><strong>5.</strong></span> <span class='ocrx_word' id='word_1_351' title='bbox 2890 2918 3182 2991; x_wconf 88' lang='lat' dir='ltr'><strong>Hippolyti.</strong></span> <span class='ocrx_word' id='word_1_352' title='bbox 3226 2919 3365 2987; x_wconf 84' lang='lat' dir='ltr'><strong>Quia</strong></span> 
     </span>
    </p>
   </div>
   <div class='ocr_carea' id='block_1_33' title="bbox 140 3008 3364 3084">
    <p class='ocr_par' dir='ltr' id='par_1_33' title="bbox 140 3008 3364 3084">
     <span class='ocr_line' id='line_1_33' title="bbox 140 3008 3364 3084; baseline -0.001 -18"><span class='ocrx_word' id='word_1_353' title='bbox 140 3021 242 3065; x_wconf 86' lang='lat' dir='ltr'><strong>tem.</strong></span> <span class='ocrx_word' id='word_1_354' title='bbox 285 3012 349 3067; x_wconf 87' lang='lat' dir='ltr'><strong>Ut</strong></span> <span class='ocrx_word' id='word_1_355' title='bbox 389 3014 725 3083; x_wconf 84' lang='lat' dir='ltr'><strong>impietatem</strong></span> <span class='ocrx_word' id='word_1_356' title='bbox 761 3013 901 3067; x_wconf 87' lang='lat' dir='ltr'><strong>hanc</strong></span> <span class='ocrx_word' id='word_1_357' title='bbox 934 3010 1196 3067; x_wconf 77' lang='lat' dir='ltr'><strong>refutaret</strong></span> <span class='ocrx_word' id='word_1_358' title='bbox 1233 3011 1293 3065; x_wconf 93' lang='lat' dir='ltr'><strong>S.</strong></span> <span class='ocrx_word' id='word_1_359' title='bbox 1333 3011 1674 3084; x_wconf 72' lang='lat' dir='ltr'><strong>Hippolytus,</strong></span> <span class='ocrx_word' id='word_1_360' title='bbox 1776 3023 1907 3062; x_wconf 85' lang='lat' dir='ltr'><strong>vero</strong></span> <span class='ocrx_word' id='word_1_361' title='bbox 1955 3009 2010 3062; x_wconf 89' lang='lat' dir='ltr'><strong>in</strong></span> <span class='ocrx_word' id='word_1_362' title='bbox 2055 3010 2242 3064; x_wconf 90' lang='lat' dir='ltr'><strong>codice</strong></span> <span class='ocrx_word' id='word_1_363' title='bbox 2272 3025 2404 3064; x_wconf 89' lang='lat' dir='ltr'><strong>mss.</strong></span> <span class='ocrx_word' id='word_1_364' title='bbox 2434 3009 2685 3063; x_wconf 70' lang='lat' dir='ltr'><strong>Csesareo</strong></span> <span class='ocrx_word' id='word_1_365' title='bbox 2718 3008 3149 3075; x_wconf 77' lang='lat' dir='ltr'><strong>Vindoboncnsi,</strong></span> <span class='ocrx_word' id='word_1_366' title='bbox 3194 3020 3245 3063; x_wconf 91' lang='lat' dir='ltr'><strong>et</strong></span> <span class='ocrx_word' id='word_1_367' title='bbox 3284 3012 3364 3063; x_wconf 85' lang='lat' dir='ltr'><strong>al-</strong></span> 
     </span>
    </p>
   </div>
   <div class='ocr_carea' id='block_1_34' title="bbox 144 3099 3366 3174">
    <p class='ocr_par' dir='ltr' id='par_1_34' title="bbox 144 3099 3366 3174">
     <span class='ocr_line' id='line_1_34' title="bbox 144 3099 3366 3174; baseline 0.002 -22"><span class='ocrx_word' id='word_1_368' title='bbox 144 3100 181 3152; x_wconf 81' lang='lat' dir='ltr'><strong>l°</strong></span> <span class='ocrx_word' id='word_1_369' title='bbox 208 3102 347 3158; x_wconf 86' lang='lat' dir='ltr'><strong>docet</strong></span> <span class='ocrx_word' id='word_1_370' title='bbox 378 3102 620 3158; x_wconf 75' lang='lat' dir='ltr'><strong>Verbum</strong></span> <span class='ocrx_word' id='word_1_371' title='bbox 654 3104 788 3174; x_wconf 83' lang='lat'><strong>(67)</strong></span> <span class='ocrx_word' id='word_1_372' title='bbox 818 3105 1061 3159; x_wconf 90' lang='lat' dir='ltr'><strong>divinum</strong></span> <span class='ocrx_word' id='word_1_373' title='bbox 1096 3104 1427 3159; x_wconf 88' lang='lat' dir='ltr'><strong>assumendo</strong></span> <span class='ocrx_word' id='word_1_374' title='bbox 1453 3120 1674 3158; x_wconf 90' lang='lat' dir='ltr'><strong>carnem</strong></span> <span class='ocrx_word' id='word_1_375' title='bbox 1776 3116 1892 3169; x_wconf 58' lang='lat' dir='ltr'><strong>gero</strong></span> <span class='ocrx_word' id='word_1_376' title='bbox 1922 3099 2239 3167; x_wconf 86' lang='lat' dir='ltr'><strong>Oxoniensi,</strong></span> <span class='ocrx_word' id='word_1_377' title='bbox 2286 3102 2339 3155; x_wconf 89' lang='lat' dir='ltr'><strong>in</strong></span> <span class='ocrx_word' id='word_1_378' title='bbox 2372 3102 2573 3170; x_wconf 81' lang='lat' dir='ltr'><strong>quibus</strong></span> <span class='ocrx_word' id='word_1_379' title='bbox 2613 3100 2884 3173; x_wconf 85' lang='lat' dir='ltr'><strong>Hippolyti</strong></span> <span class='ocrx_word' id='word_1_380' title='bbox 2917 3117 3112 3156; x_wconf 89' lang='lat' dir='ltr'><strong>nomen</strong></span> <span class='ocrx_word' id='word_1_381' title='bbox 3143 3118 3366 3170; x_wconf 84' lang='lat' dir='ltr'><strong>expres-</strong></span> 
     </span>
    </p>
   </div>
   <div class='ocr_carea' id='block_1_35' title="bbox 141 3193 3354 3263">
    <p class='ocr_par' dir='ltr' id='par_1_35' title="bbox 141 3193 3354 3263">
     <span class='ocr_line' id='line_1_35' title="bbox 141 3193 3354 3263; baseline -0.001 -16"><span class='ocrx_word' id='word_1_382' title='bbox 141 3205 180 3248; x_wconf 87' lang='lat' dir='ltr'><strong>ct</strong></span> <span class='ocrx_word' id='word_1_383' title='bbox 202 3207 426 3251; x_wconf 84' lang='lat' dir='ltr'><strong>naturam</strong></span> <span class='ocrx_word' id='word_1_384' title='bbox 459 3198 755 3252; x_wconf 86' lang='lat' dir='ltr'><strong>humanam</strong></span> <span class='ocrx_word' id='word_1_385' title='bbox 784 3199 987 3252; x_wconf 85' lang='lat' dir='ltr'><strong>nullam</strong></span> <span class='ocrx_word' id='word_1_386' title='bbox 1030 3199 1083 3252; x_wconf 89' lang='lat' dir='ltr'><strong>in</strong></span> <span class='ocrx_word' id='word_1_387' title='bbox 1116 3199 1396 3253; x_wconf 83' lang='lat' dir='ltr'><strong>divinitate</strong></span> <span class='ocrx_word' id='word_1_388' title='bbox 1421 3214 1518 3252; x_wconf 89' lang='lat' dir='ltr'><strong>sua</strong></span> <span class='ocrx_word' id='word_1_389' title='bbox 1549 3214 1673 3252; x_wconf 90' lang='lat' dir='ltr'><strong>mu-</strong></span> <span class='ocrx_word' id='word_1_390' title='bbox 1715 3255 1747 3263; x_wconf 46' lang='grc' dir='ltr'><strong>Δ</strong></span> <span class='ocrx_word' id='word_1_391' title='bbox 1782 3208 1903 3247; x_wconf 84' lang='lat' dir='ltr'><strong>sum</strong></span> <span class='ocrx_word' id='word_1_392' title='bbox 1931 3202 2034 3258; x_wconf 90' lang='lat' dir='ltr'><strong>est,</strong></span> <span class='ocrx_word' id='word_1_393' title='bbox 2066 3194 2313 3262; x_wconf 63' lang='lat' dir='ltr'><strong>quietiam</strong></span> <span class='ocrx_word' id='word_1_394' title='bbox 2344 3193 2500 3247; x_wconf 88' lang='lat' dir='ltr'><strong>aliter</strong></span> <span class='ocrx_word' id='word_1_395' title='bbox 2529 3193 2801 3261; x_wconf 87' lang='lat' dir='ltr'><strong>leguntur,</strong></span> <span class='ocrx_word' id='word_1_396' title='bbox 2843 3209 3007 3263; x_wconf 87' lang='lat' dir='ltr'><strong>quam</strong></span> <span class='ocrx_word' id='word_1_397' title='bbox 3042 3194 3094 3247; x_wconf 91' lang='lat' dir='ltr'><strong>in</strong></span> <span class='ocrx_word' id='word_1_398' title='bbox 3125 3194 3354 3262; x_wconf 75' lang='lat' dir='ltr'><strong>vulgatis</strong></span> 
     </span>
    </p>
   </div>
   <div class='ocr_carea' id='block_1_36' title="bbox 142 3255 3367 3359">
    <p class='ocr_par' dir='ltr' id='par_1_36' title="bbox 142 3255 3367 3359">
     <span class='ocr_line' id='line_1_36' title="bbox 142 3255 3367 3359; baseline -0 -20"><span class='ocrx_word' id='word_1_399' title='bbox 142 3288 359 3343; x_wconf 72' lang='lat' dir='ltr'><strong>tationem</strong></span> <span class='ocrx_word' id='word_1_400' title='bbox 394 3306 624 3359; x_wconf 83' lang='lat' dir='ltr'><strong>passum</strong></span> <span class='ocrx_word' id='word_1_401' title='bbox 657 3289 855 3355; x_wconf 89' lang='lat' dir='ltr'><strong>fuisse;</strong></span> <span class='ocrx_word' id='word_1_402' title='bbox 883 3290 940 3344; x_wconf 73' lang='grc'><strong>2⁸</strong></span> <span class='ocrx_word' id='word_1_403' title='bbox 979 3291 1116 3345; x_wconf 90' lang='lat' dir='ltr'><strong>duas</strong></span> <span class='ocrx_word' id='word_1_404' title='bbox 1142 3300 1368 3345; x_wconf 89' lang='lat' dir='ltr'><strong>naturas</strong></span> <span class='ocrx_word' id='word_1_405' title='bbox 1404 3291 1600 3344; x_wconf 89' lang='lat' dir='ltr'><strong>astruit</strong></span> <span class='ocrx_word' id='word_1_406' title='bbox 1624 3291 1678 3343; x_wconf 90' lang='lat' dir='ltr'><strong>in</strong></span> <span class='ocrx_word' id='word_1_407' title='bbox 1707 3255 1749 3311; x_wconf 62' lang='grc' dir='ltr'><strong>ϐ</strong></span> <span class='ocrx_word' id='word_1_408' title='bbox 1784 3283 2232 3338; x_wconf 85' lang='lat' dir='ltr'><strong>Constitutionum</strong></span> <span class='ocrx_word' id='word_1_409' title='bbox 2281 3284 2455 3342; x_wconf 87' lang='lat' dir='ltr'><strong>libris.</strong></span> <span class='ocrx_word' id='word_1_410' title='bbox 2488 3285 2741 3338; x_wconf 85' lang='lat' dir='ltr'><strong>Albertns</strong></span> <span class='ocrx_word' id='word_1_411' title='bbox 2772 3283 3057 3339; x_wconf 81' lang='lat' dir='ltr'><strong>Fabricius</strong></span> <span class='ocrx_word' id='word_1_412' title='bbox 3090 3284 3197 3338; x_wconf 91' lang='lat' dir='ltr'><strong>illis</strong></span> <span class='ocrx_word' id='word_1_413' title='bbox 3227 3286 3367 3339; x_wconf 88' lang='lat' dir='ltr'><strong>inter</strong></span> 
     </span>
    </p>
   </div>
   <div class='ocr_carea' id='block_1_37' title="bbox 141 3374 3365 3453">
    <p class='ocr_par' dir='ltr' id='par_1_37' title="bbox 141 3374 3365 3453">
     <span class='ocr_line' id='line_1_37' title="bbox 141 3374 3365 3453; baseline 0.001 -22"><span class='ocrx_word' id='word_1_414' title='bbox 141 3380 319 3436; x_wconf 56' lang='lat' dir='ltr'><strong>Christo</strong></span> <span class='ocrx_word' id='word_1_415' title='bbox 343 3383 478 3453; x_wconf 78' lang='lat'><strong>(68),</strong></span> <span class='ocrx_word' id='word_1_416' title='bbox 531 3384 762 3437; x_wconf 83' lang='lat' dir='ltr'><strong>divinam</strong></span> <span class='ocrx_word' id='word_1_417' title='bbox 813 3394 867 3438; x_wconf 89' lang='lat' dir='ltr'><strong>ct</strong></span> <span class='ocrx_word' id='word_1_418' title='bbox 899 3383 1191 3437; x_wconf 88' lang='lat' dir='ltr'><strong>humanam</strong></span> <span class='ocrx_word' id='word_1_419' title='bbox 1241 3384 1588 3448; x_wconf 87' lang='lat' dir='ltr'><strong>inconfusas,</strong></span> <span class='ocrx_word' id='word_1_420' title='bbox 1629 3392 1683 3437; x_wconf 90' lang='lat' dir='ltr'><strong>et</strong></span> <span class='ocrx_word' id='word_1_421' title='bbox 1783 3391 1945 3445; x_wconf 76' lang='lat' dir='ltr'><strong>Opera</strong></span> <span class='ocrx_word' id='word_1_422' title='bbox 1976 3374 2034 3430; x_wconf 77' lang='lat' dir='ltr'><strong>S.</strong></span> <span class='ocrx_word' id='word_1_423' title='bbox 2070 3375 2341 3447; x_wconf 75' lang='lat' dir='ltr'><strong>Hippolyti</strong></span> <span class='ocrx_word' id='word_1_424' title='bbox 2371 3376 2551 3430; x_wconf 77' lang='lat' dir='ltr'><strong>lucum</strong></span> <span class='ocrx_word' id='word_1_425' title='bbox 2594 3378 2867 3431; x_wconf 79' lang='lat' dir='ltr'><strong>concessit</strong></span> <span class='ocrx_word' id='word_1_426' title='bbox 2890 3392 2953 3430; x_wconf 76' lang='lat' dir='ltr'><strong>ex</strong></span> <span class='ocrx_word' id='word_1_427' title='bbox 2979 3378 3233 3431; x_wconf 74' lang='lat' dir='ltr'><strong>versione</strong></span> <span class='ocrx_word' id='word_1_428' title='bbox 3262 3376 3365 3430; x_wconf 46' lang='lat' dir='ltr'><strong>La-</strong></span> 
     </span>
    </p>
   </div>
   <div class='ocr_carea' id='block_1_38' title="bbox 141 3466 3361 3546">
    <p class='ocr_par' dir='ltr' id='par_1_38' title="bbox 141 3466 3361 3546">
     <span class='ocr_line' id='line_1_38' title="bbox 141 3466 3361 3546; baseline 0.001 -26"><span class='ocrx_word' id='word_1_429' title='bbox 141 3472 247 3528; x_wconf 76' lang='lat' dir='ltr'><strong>duas</strong></span> <span class='ocrx_word' id='word_1_430' title='bbox 269 3477 607 3544; x_wconf 63' lang='lat' dir='ltr'><strong>operationcs</strong></span> <span class='ocrx_word' id='word_1_431' title='bbox 624 3492 686 3531; x_wconf 78' lang='lat' dir='ltr'><strong>ac</strong></span> <span class='ocrx_word' id='word_1_432' title='bbox 708 3476 1043 3541; x_wconf 66' lang='lat' dir='ltr'><strong>voluntates;</strong></span> <span class='ocrx_word' id='word_1_433' title='bbox 1073 3477 1128 3530; x_wconf 75' lang='lat'><strong>5°</strong></span> <span class='ocrx_word' id='word_1_434' title='bbox 1155 3477 1375 3546; x_wconf 69' lang='lat' dir='ltr'><strong>exponit</strong></span> <span class='ocrx_word' id='word_1_435' title='bbox 1408 3477 1682 3546; x_wconf 64' lang='lat' dir='ltr'><strong>quomodo</strong></span> <span class='ocrx_word' id='word_1_436' title='bbox 1786 3469 1898 3521; x_wconf 89' lang='lat' dir='ltr'><strong>tina</strong></span> <span class='ocrx_word' id='word_1_437' title='bbox 1929 3467 2073 3522; x_wconf 87' lang='lat' dir='ltr'><strong>Guil.</strong></span> <span class='ocrx_word' id='word_1_438' title='bbox 2121 3466 2330 3521; x_wconf 75' lang='lat' dir='ltr'><strong>Ernesti</strong></span> <span class='ocrx_word' id='word_1_439' title='bbox 2365 3467 2574 3533; x_wconf 80' lang='lat' dir='ltr'><strong>Grabe,</strong></span> <span class='ocrx_word' id='word_1_440' title='bbox 2628 3483 2788 3536; x_wconf 90' lang='lat' dir='ltr'><strong>quam</strong></span> <span class='ocrx_word' id='word_1_441' title='bbox 2843 3469 3151 3522; x_wconf 86' lang='lat' dir='ltr'><strong>versionem</strong></span> <span class='ocrx_word' id='word_1_442' title='bbox 3200 3470 3361 3522; x_wconf 83' lang='lat' dir='ltr'><strong>etiam</strong></span> 
     </span>
    </p>
   </div>
   <div class='ocr_carea' id='block_1_39' title="bbox 143 3559 3365 3637">
    <p class='ocr_par' dir='ltr' id='par_1_39' title="bbox 143 3559 3365 3637">
     <span class='ocr_line' id='line_1_39' title="bbox 143 3559 3365 3637; baseline 0 -21"><span class='ocrx_word' id='word_1_443' title='bbox 143 3563 253 3621; x_wconf 85' lang='lat' dir='ltr'><strong>Deus</strong></span> <span class='ocrx_word' id='word_1_444' title='bbox 281 3584 367 3636; x_wconf 89' lang='lat' dir='ltr'><strong>per</strong></span> <span class='ocrx_word' id='word_1_445' title='bbox 396 3582 624 3622; x_wconf 85' lang='lat' dir='ltr'><strong>carnem</strong></span> <span class='ocrx_word' id='word_1_446' title='bbox 669 3576 923 3636; x_wconf 84' lang='lat' dir='ltr'><strong>operetur</strong></span> <span class='ocrx_word' id='word_1_447' title='bbox 958 3566 1069 3637; x_wconf 86' lang='lat'><strong>(69)</strong></span> <span class='ocrx_word' id='word_1_448' title='bbox 1100 3584 1115 3631; x_wconf 90' lang='lat'><strong>;</strong></span> <span class='ocrx_word' id='word_1_449' title='bbox 1166 3566 1218 3618; x_wconf 76' lang='grc' dir='ltr'><strong>4ο</strong></span> <span class='ocrx_word' id='word_1_450' title='bbox 1258 3581 1324 3620; x_wconf 86' lang='lat' dir='ltr'><strong>ex</strong></span> <span class='ocrx_word' id='word_1_451' title='bbox 1369 3566 1583 3620; x_wconf 88' lang='lat' dir='ltr'><strong>duabus</strong></span> <span class='ocrx_word' id='word_1_452' title='bbox 1626 3568 1680 3619; x_wconf 90' lang='lat' dir='ltr'><strong>in</strong></span> <span class='ocrx_word' id='word_1_453' title='bbox 1782 3559 2020 3615; x_wconf 84' lang='lat' dir='ltr'><strong>Joannes</strong></span> <span class='ocrx_word' id='word_1_454' title='bbox 2049 3560 2349 3616; x_wconf 86' lang='lat' dir='ltr'><strong>Cotelerius</strong></span> <span class='ocrx_word' id='word_1_455' title='bbox 2390 3562 2695 3615; x_wconf 87' lang='lat' dir='ltr'><strong>adornavit.</strong></span> <span class='ocrx_word' id='word_1_456' title='bbox 2725 3563 2919 3631; x_wconf 82' lang='lat' dir='ltr'><strong>Agitur</strong></span> <span class='ocrx_word' id='word_1_457' title='bbox 2946 3571 3127 3616; x_wconf 89' lang='lat' dir='ltr'><strong>autem</strong></span> <span class='ocrx_word' id='word_1_458' title='bbox 3162 3562 3214 3615; x_wconf 89' lang='lat' dir='ltr'><strong>in</strong></span> <span class='ocrx_word' id='word_1_459' title='bbox 3262 3562 3365 3616; x_wconf 84' lang='lat' dir='ltr'><strong>hoc</strong></span> 
     </span>
    </p>
   </div>
   <div class='ocr_carea' id='block_1_40' title="bbox 141 3650 3365 3725">
    <p class='ocr_par' dir='ltr' id='par_1_40' title="bbox 141 3650 3365 3725">
     <span class='ocr_line' id='line_1_40' title="bbox 141 3650 3365 3725; baseline -0 -18"><span class='ocrx_word' id='word_1_460' title='bbox 141 3650 319 3711; x_wconf 85' lang='lat' dir='ltr'><strong>Christo</strong></span> <span class='ocrx_word' id='word_1_461' title='bbox 356 3657 574 3711; x_wconf 85' lang='lat' dir='ltr'><strong>naturis</strong></span> <span class='ocrx_word' id='word_1_462' title='bbox 606 3658 983 3725; x_wconf 83' lang='lat' dir='ltr'><strong>proprietates,</strong></span> <span class='ocrx_word' id='word_1_463' title='bbox 1024 3665 1077 3709; x_wconf 73' lang='lat' dir='ltr'><strong>et</strong></span> <span class='ocrx_word' id='word_1_464' title='bbox 1115 3655 1460 3725; x_wconf 85' lang='lat' dir='ltr'><strong>Operationes</strong></span> <span class='ocrx_word' id='word_1_465' title='bbox 1486 3655 1681 3709; x_wconf 86' lang='lat' dir='ltr'><strong>distin-</strong></span> <span class='ocrx_word' id='word_1_466' title='bbox 1784 3661 2016 3706; x_wconf 86' lang='lat' dir='ltr'><strong>tractatu</strong></span> <span class='ocrx_word' id='word_1_467' title='bbox 2084 3654 2150 3706; x_wconf 89' lang='lat' dir='ltr'><strong>de</strong></span> <span class='ocrx_word' id='word_1_468' title='bbox 2212 3652 2635 3706; x_wconf 85' lang='lat' dir='ltr'><strong>charismatibus</strong></span> <span class='ocrx_word' id='word_1_469' title='bbox 2705 3653 2940 3723; x_wconf 85' lang='lat' dir='ltr'><strong>Spiritus</strong></span> <span class='ocrx_word' id='word_1_470' title='bbox 2999 3653 3215 3716; x_wconf 89' lang='lat' dir='ltr'><strong>sancti,</strong></span> <span class='ocrx_word' id='word_1_471' title='bbox 3275 3654 3365 3707; x_wconf 87' lang='lat' dir='ltr'><strong>cui</strong></span> 
     </span>
    </p>
   </div>
   <div class='ocr_carea' id='block_1_41' title="bbox 142 3744 3364 3818">
    <p class='ocr_par' dir='ltr' id='par_1_41' title="bbox 142 3744 3364 3818">
     <span class='ocr_line' id='line_1_41' title="bbox 142 3744 3364 3818; baseline -0.001 -19"><span class='ocrx_word' id='word_1_472' title='bbox 142 3747 483 3804; x_wconf 68' lang='lat' dir='ltr'><strong>ctas&#39;ulterius</strong></span> <span class='ocrx_word' id='word_1_473' title='bbox 526 3748 720 3817; x_wconf 87' lang='lat' dir='ltr'><strong>probat</strong></span> <span class='ocrx_word' id='word_1_474' title='bbox 748 3746 805 3801; x_wconf 88' lang='lat' dir='ltr'><strong>S.</strong></span> <span class='ocrx_word' id='word_1_475' title='bbox 835 3746 1154 3818; x_wconf 84' lang='lat' dir='ltr'><strong>Hippolytus</strong></span> <span class='ocrx_word' id='word_1_476' title='bbox 1185 3747 1334 3817; x_wconf 85' lang='lat'><strong>(70);</strong></span> <span class='ocrx_word' id='word_1_477' title='bbox 1366 3747 1421 3801; x_wconf 83' lang='lat'><strong>5°</strong></span> <span class='ocrx_word' id='word_1_478' title='bbox 1450 3746 1681 3801; x_wconf 79' lang='lat' dir='ltr'><strong>demon-</strong></span> <span class='ocrx_word' id='word_1_479' title='bbox 1782 3744 1975 3798; x_wconf 89' lang='lat' dir='ltr'><strong>deinde</strong></span> <span class='ocrx_word' id='word_1_480' title='bbox 2001 3744 2182 3815; x_wconf 88' lang='lat' dir='ltr'><strong>aliqua</strong></span> <span class='ocrx_word' id='word_1_481' title='bbox 2212 3744 2315 3798; x_wconf 86' lang='lat' dir='ltr'><strong>alia</strong></span> <span class='ocrx_word' id='word_1_482' title='bbox 2352 3760 2418 3798; x_wconf 83' lang='lat' dir='ltr'><strong>ex</strong></span> <span class='ocrx_word' id='word_1_483' title='bbox 2452 3746 2597 3799; x_wconf 90' lang='lat' dir='ltr'><strong>dicto</strong></span> <span class='ocrx_word' id='word_1_484' title='bbox 2623 3745 2761 3798; x_wconf 89' lang='lat' dir='ltr'><strong>libro</strong></span> <span class='ocrx_word' id='word_1_485' title='bbox 2787 3756 2981 3800; x_wconf 68' lang='lat' dir='ltr'><strong>octavo</strong></span> <span class='ocrx_word' id='word_1_486' title='bbox 3012 3745 3364 3799; x_wconf 83' lang='lat' dir='ltr'><strong>Constitutio-</strong></span> 
     </span>
    </p>
   </div>
   <div class='ocr_carea' id='block_1_42' title="bbox 144 3839 2770 3910">
    <p class='ocr_par' dir='ltr' id='par_1_42' title="bbox 144 3839 2770 3910">
     <span class='ocr_line' id='line_1_42' title="bbox 144 3839 2770 3910; baseline 0 -20"><span class='ocrx_word' id='word_1_487' title='bbox 144 3848 250 3893; x_wconf 80' lang='lat' dir='ltr'><strong>strat</strong></span> <span class='ocrx_word' id='word_1_488' title='bbox 292 3854 477 3894; x_wconf 86' lang='lat' dir='ltr'><strong>contra</strong></span> <span class='ocrx_word' id='word_1_489' title='bbox 527 3839 791 3894; x_wconf 90' lang='lat' dir='ltr'><strong>Beronem</strong></span> <span class='ocrx_word' id='word_1_490' title='bbox 828 3849 884 3894; x_wconf 85' lang='lat' dir='ltr'><strong>et</strong></span> <span class='ocrx_word' id='word_1_491' title='bbox 927 3840 1046 3909; x_wconf 77' lang='lat' dir='ltr'><strong>ejus</strong></span> <span class='ocrx_word' id='word_1_492' title='bbox 1098 3856 1361 3910; x_wconf 87' lang='lat' dir='ltr'><strong>sequaces</strong></span> <span class='ocrx_word' id='word_1_493' title='bbox 1408 3856 1573 3894; x_wconf 88' lang='lat' dir='ltr'><strong>unam</strong></span> <span class='ocrx_word' id='word_1_494' title='bbox 1626 3842 1681 3894; x_wconf 89' lang='lat' dir='ltr'><strong>in</strong></span> <span class='ocrx_word' id='word_1_495' title='bbox 1784 3855 1905 3891; x_wconf 82' lang='lat' dir='ltr'><strong>nam</strong></span> <span class='ocrx_word' id='word_1_496' title='bbox 1940 3840 2353 3907; x_wconf 84' lang='lat' dir='ltr'><strong>apostolicarum</strong></span> <span class='ocrx_word' id='word_1_497' title='bbox 2382 3839 2770 3907; x_wconf 85' lang='lat' dir='ltr'><strong>subjiciuntur.</strong></span> 
     </span>
    </p>
   </div>
   <div class='ocr_carea' id='block_1_43' title="bbox 141 3929 3363 4001">
    <p class='ocr_par' dir='ltr' id='par_1_43' title="bbox 141 3929 3363 4001">
     <span class='ocr_line' id='line_1_43' title="bbox 141 3929 3363 4001; baseline 0.001 -20"><span class='ocrx_word' id='word_1_498' title='bbox 141 3929 319 3985; x_wconf 87' lang='lat' dir='ltr'><strong>Christo</strong></span> <span class='ocrx_word' id='word_1_499' title='bbox 360 3947 479 3987; x_wconf 85' lang='lat' dir='ltr'><strong>esse</strong></span> <span class='ocrx_word' id='word_1_500' title='bbox 524 3947 815 4000; x_wconf 85' lang='lat' dir='ltr'><strong>personam</strong></span> <span class='ocrx_word' id='word_1_501' title='bbox 853 3932 1002 4001; x_wconf 74' lang='lat' dir='ltr'><strong>(7i);</strong></span> <span class='ocrx_word' id='word_1_502' title='bbox 1050 3932 1245 3986; x_wconf 87' lang='lat' dir='ltr'><strong>deinde</strong></span> <span class='ocrx_word' id='word_1_503' title='bbox 1288 3933 1522 3987; x_wconf 87' lang='lat' dir='ltr'><strong>ostendit</strong></span> <span class='ocrx_word' id='word_1_504' title='bbox 1553 3949 1679 3988; x_wconf 87' lang='lat' dir='ltr'><strong>car-</strong></span> <span class='ocrx_word' id='word_1_505' title='bbox 1850 3932 2117 3986; x_wconf 61' lang='lat' dir='ltr'><strong>Caeterum</strong></span> <span class='ocrx_word' id='word_1_506' title='bbox 2176 3933 2467 3987; x_wconf 79' lang='lat' dir='ltr'><strong>observant</strong></span> <span class='ocrx_word' id='word_1_507' title='bbox 2515 3932 2701 3986; x_wconf 78' lang='lat' dir='ltr'><strong>Patres</strong></span> <span class='ocrx_word' id='word_1_508' title='bbox 2746 3931 2978 3985; x_wconf 77' lang='lat' dir='ltr'><strong>Mauriui</strong></span> <span class='ocrx_word' id='word_1_509' title='bbox 3014 3931 3164 4000; x_wconf 87' lang='grc'>(76),</span> <span class='ocrx_word' id='word_1_510' title='bbox 3216 3933 3363 4001; x_wconf 89' lang='lat' dir='ltr'><strong>quod</strong></span> 
     </span>
    </p>
   </div>
   <div class='ocr_carea' id='block_1_44' title="bbox 143 4021 3362 4095">
    <p class='ocr_par' dir='ltr' id='par_1_44' title="bbox 143 4021 3362 4095">
     <span class='ocr_line' id='line_1_44' title="bbox 143 4021 3362 4095; baseline 0.003 -26"><span class='ocrx_word' id='word_1_511' title='bbox 143 4034 237 4073; x_wconf 82' lang='lat' dir='ltr'><strong>nem</strong></span> <span class='ocrx_word' id='word_1_512' title='bbox 267 4022 314 4074; x_wconf 91' lang='lat' dir='ltr'><strong>in</strong></span> <span class='ocrx_word' id='word_1_513' title='bbox 343 4031 599 4077; x_wconf 85' lang='lat' dir='ltr'><strong>naturam</strong></span> <span class='ocrx_word' id='word_1_514' title='bbox 639 4023 876 4075; x_wconf 86' lang='lat' dir='ltr'><strong>divinam</strong></span> <span class='ocrx_word' id='word_1_515' title='bbox 914 4021 1112 4074; x_wconf 88' lang='lat' dir='ltr'><strong>mutari</strong></span> <span class='ocrx_word' id='word_1_516' title='bbox 1148 4022 1291 4075; x_wconf 89' lang='lat' dir='ltr'><strong>haud</strong></span> <span class='ocrx_word' id='word_1_517' title='bbox 1323 4038 1514 4091; x_wconf 89' lang='lat' dir='ltr'><strong>posse;</strong></span> <span class='ocrx_word' id='word_1_518' title='bbox 1548 4039 1681 4091; x_wconf 76' lang='lat' dir='ltr'><strong>ope-</strong></span> <span class='ocrx_word' id='word_1_519' title='bbox 1782 4034 2004 4079; x_wconf 86' lang='lat' dir='ltr'><strong>sanctus</strong></span> <span class='ocrx_word' id='word_1_520' title='bbox 2036 4023 2357 4095; x_wconf 78' lang='lat' dir='ltr'><strong>Hippolytus</strong></span> <span class='ocrx_word' id='word_1_521' title='bbox 2389 4026 2441 4078; x_wconf 90' lang='lat' dir='ltr'><strong>in</strong></span> <span class='ocrx_word' id='word_1_522' title='bbox 2477 4035 2709 4078; x_wconf 76' lang='lat' dir='ltr'><strong>tractatu</strong></span> <span class='ocrx_word' id='word_1_523' title='bbox 2737 4024 2812 4077; x_wconf 89' lang='lat' dir='ltr'><strong>De</strong></span> <span class='ocrx_word' id='word_1_524' title='bbox 2854 4024 3263 4078; x_wconf 77' lang='lat' dir='ltr'><strong>cltarismatibus</strong></span> <span class='ocrx_word' id='word_1_525' title='bbox 3294 4027 3362 4079; x_wconf 88' lang='lat' dir='ltr'><strong>ad</strong></span> 
     </span>
    </p>
   </div>
   <div class='ocr_carea' id='block_1_45' title="bbox 142 4108 3362 4187">
    <p class='ocr_par' dir='ltr' id='par_1_45' title="bbox 142 4108 3362 4187">
     <span class='ocr_line' id='line_1_45' title="bbox 142 4108 3362 4187; baseline 0.002 -23"><span class='ocrx_word' id='word_1_526' title='bbox 142 4114 469 4185; x_wconf 81' lang='lat' dir='ltr'><strong>rationemque</strong></span> <span class='ocrx_word' id='word_1_527' title='bbox 493 4108 1384 4170; x_wconf 43' lang='lat' dir='ltr'><strong>humanamadivina&#39;distinctam</strong></span> <span class='ocrx_word' id='word_1_528' title='bbox 1409 4117 1676 4187; x_wconf 68' lang='lat' dir='ltr'><strong>esse(7‘2).</strong></span> <span class='ocrx_word' id='word_1_529' title='bbox 1781 4133 1901 4186; x_wconf 89' lang='lat' dir='ltr'><strong>cap.</strong></span> <span class='ocrx_word' id='word_1_530' title='bbox 1954 4134 2027 4170; x_wconf 83' lang='lat' dir='ltr'><strong>xu</strong></span> <span class='ocrx_word' id='word_1_531' title='bbox 2075 4118 2303 4186; x_wconf 88' lang='lat' dir='ltr'><strong>apostoli</strong></span> <span class='ocrx_word' id='word_1_532' title='bbox 2361 4117 2511 4171; x_wconf 78' lang='lat' dir='ltr'><strong>l’auli</strong></span> <span class='ocrx_word' id='word_1_533' title='bbox 2564 4116 2817 4185; x_wconf 62' lang='lat' dir='ltr'><strong>Epistolas</strong></span> <span class='ocrx_word' id='word_1_534' title='bbox 2862 4115 2877 4168; x_wconf 89' lang='grc' dir='ltr'><strong>Ι</strong></span> <span class='ocrx_word' id='word_1_535' title='bbox 2930 4116 2997 4169; x_wconf 91' lang='lat' dir='ltr'><strong>ad</strong></span> <span class='ocrx_word' id='word_1_536' title='bbox 3044 4115 3362 4171; x_wconf 86' lang='lat' dir='ltr'><strong>Corinthios</strong></span> 
     </span>
    </p>
   </div>
   <div class='ocr_carea' id='block_1_46' title="bbox 144 4201 3360 4279">
    <p class='ocr_par' dir='ltr' id='par_1_46' title="bbox 144 4201 3360 4279">
     <span class='ocr_line' id='line_1_46' title="bbox 144 4201 3360 4279; baseline 0.002 -24"><span class='ocrx_word' id='word_1_537' title='bbox 144 4201 339 4260; x_wconf 82' lang='lat' dir='ltr'><strong>Tandem</strong></span> <span class='ocrx_word' id='word_1_538' title='bbox 364 4223 427 4260; x_wconf 87' lang='lat' dir='ltr'><strong>ex</strong></span> <span class='ocrx_word' id='word_1_539' title='bbox 464 4208 556 4261; x_wconf 88' lang='lat' dir='ltr'><strong>bis</strong></span> <span class='ocrx_word' id='word_1_540' title='bbox 589 4206 863 4260; x_wconf 90' lang='lat' dir='ltr'><strong>concludit</strong></span> <span class='ocrx_word' id='word_1_541' title='bbox 886 4214 1109 4260; x_wconf 90' lang='lat' dir='ltr'><strong>sanctus</strong></span> <span class='ocrx_word' id='word_1_542' title='bbox 1128 4205 1287 4259; x_wconf 82' lang='lat' dir='ltr'><strong>Pater</strong></span> <span class='ocrx_word' id='word_1_543' title='bbox 1313 4206 1549 4275; x_wconf 80' lang='lat' dir='ltr'><strong>ita(75):</strong></span> <span class='ocrx_word' id='word_1_544' title='bbox 1587 4206 1681 4261; x_wconf 77' lang='lat' dir='ltr'><strong>I’ie</strong></span> <span class='ocrx_word' id='word_1_545' title='bbox 1782 4208 2015 4264; x_wconf 76' lang='lat' dir='ltr'><strong>fortasse</strong></span> <span class='ocrx_word' id='word_1_546' title='bbox 2060 4210 2392 4278; x_wconf 79' lang='lat' dir='ltr'><strong>respexerit,</strong></span> <span class='ocrx_word' id='word_1_547' title='bbox 2432 4210 2485 4262; x_wconf 87' lang='lat' dir='ltr'><strong>in</strong></span> <span class='ocrx_word' id='word_1_548' title='bbox 2539 4225 2650 4279; x_wconf 89' lang='lat' dir='ltr'><strong>quo</strong></span> <span class='ocrx_word' id='word_1_549' title='bbox 2694 4209 2843 4261; x_wconf 83' lang='lat' dir='ltr'><strong>varia</strong></span> <span class='ocrx_word' id='word_1_550' title='bbox 2896 4206 3134 4276; x_wconf 89' lang='lat' dir='ltr'><strong>Spiritus</strong></span> <span class='ocrx_word' id='word_1_551' title='bbox 3187 4211 3360 4263; x_wconf 87' lang='lat' dir='ltr'><strong>sancti</strong></span> 
     </span>
    </p>
   </div>
   <div class='ocr_carea' id='block_1_47' title="bbox 138 4297 3361 4366">
    <p class='ocr_par' dir='ltr' id='par_1_47' title="bbox 138 4297 3361 4366">
     <span class='ocr_line' id='line_1_47' title="bbox 138 4297 3361 4366; baseline 0.004 -22"><span class='ocrx_word' id='word_1_552' title='bbox 138 4310 232 4363; x_wconf 81' lang='lat' dir='ltr'><strong>ergo</strong></span> <span class='ocrx_word' id='word_1_553' title='bbox 269 4300 543 4366; x_wconf 77' lang='lat' dir='ltr'><strong>conﬁtetur</strong></span> <span class='ocrx_word' id='word_1_554' title='bbox 588 4297 834 4357; x_wconf 82' lang='lat' dir='ltr'><strong>credens,</strong></span> <span class='ocrx_word' id='word_1_555' title='bbox 882 4298 1006 4366; x_wconf 84' lang='lat' dir='ltr'><strong>quia</strong></span> <span class='ocrx_word' id='word_1_556' title='bbox 1054 4309 1265 4365; x_wconf 90' lang='lat' dir='ltr'><strong>propter</strong></span> <span class='ocrx_word' id='word_1_557' title='bbox 1316 4298 1541 4351; x_wconf 85' lang='lat' dir='ltr'><strong>salutem</strong></span> <span class='ocrx_word' id='word_1_558' title='bbox 1587 4316 1680 4352; x_wconf 79' lang='lat' dir='ltr'><strong>no-</strong></span> <span class='ocrx_word' id='word_1_559' title='bbox 1780 4301 1923 4354; x_wconf 88' lang='lat' dir='ltr'><strong>dona</strong></span> <span class='ocrx_word' id='word_1_560' title='bbox 1991 4311 2490 4355; x_wconf 88' lang='lat' dir='ltr'><strong>commemorantur</strong></span> <span class='ocrx_word' id='word_1_561' title='bbox 2548 4304 2600 4354; x_wconf 88' lang='lat' dir='ltr'><strong>in</strong></span> <span class='ocrx_word' id='word_1_562' title='bbox 2666 4301 3029 4354; x_wconf 84' lang='lat' dir='ltr'><strong>ministerium</strong></span> <span class='ocrx_word' id='word_1_563' title='bbox 3102 4301 3361 4357; x_wconf 64' lang='lat' dir='ltr'><strong>Ecclesiae</strong></span> 
     </span>
    </p>
   </div>
   <div class='ocr_carea' id='block_1_48' title="bbox 140 4387 3363 4465">
    <p class='ocr_par' dir='ltr' id='par_1_48' title="bbox 140 4387 3363 4465">
     <span class='ocr_line' id='line_1_48' title="bbox 140 4387 3363 4465; baseline 0.005 -30"><span class='ocrx_word' id='word_1_564' title='bbox 140 4394 293 4451; x_wconf 77' lang='lat' dir='ltr'><strong>stram,</strong></span> <span class='ocrx_word' id='word_1_565' title='bbox 329 4400 372 4441; x_wconf 82' lang='lat' dir='ltr'><strong><em>et</em></strong></span> <span class='ocrx_word' id='word_1_566' title='bbox 407 4399 463 4441; x_wconf 85' lang='lat' dir='ltr'><strong>ut</strong></span> <span class='ocrx_word' id='word_1_567' title='bbox 504 4388 579 4441; x_wconf 89' lang='lat' dir='ltr'><strong>ad</strong></span> <span class='ocrx_word' id='word_1_568' title='bbox 619 4387 1169 4440; x_wconf 82' lang='lat' dir='ltr'><strong>inconversibilitatem</strong></span> <span class='ocrx_word' id='word_1_569' title='bbox 1203 4388 1389 4458; x_wconf 89' lang='lat' dir='ltr'><strong>ligaret</strong></span> <span class='ocrx_word' id='word_1_570' title='bbox 1427 4391 1681 4444; x_wconf 85' lang='lat' dir='ltr'><strong>universi-</strong></span> <span class='ocrx_word' id='word_1_571' title='bbox 1781 4395 1927 4447; x_wconf 88' lang='lat' dir='ltr'><strong>data.</strong></span> <span class='ocrx_word' id='word_1_572' title='bbox 1965 4393 2201 4462; x_wconf 87' lang='lat' dir='ltr'><strong>Indeque</strong></span> <span class='ocrx_word' id='word_1_573' title='bbox 2234 4394 2438 4462; x_wconf 79' lang='lat' dir='ltr'><strong>colligit</strong></span> <span class='ocrx_word' id='word_1_574' title='bbox 2470 4393 2761 4462; x_wconf 86' lang='lat' dir='ltr'><strong>perdoctus</strong></span> <span class='ocrx_word' id='word_1_575' title='bbox 2793 4391 3035 4464; x_wconf 81' lang='lat' dir='ltr'><strong>Scaliger</strong></span> <span class='ocrx_word' id='word_1_576' title='bbox 3071 4393 3128 4447; x_wconf 90' lang='grc'><strong>5.</strong></span> <span class='ocrx_word' id='word_1_577' title='bbox 3162 4393 3363 4465; x_wconf 82' lang='lat' dir='ltr'><strong>Hippo-</strong></span> 
     </span>
    </p>
   </div>
   <div class='ocr_carea' id='block_1_49' title="bbox 141 4480 3361 4555">
    <p class='ocr_par' dir='ltr' id='par_1_49' title="bbox 141 4480 3361 4555">
     <span class='ocr_line' id='line_1_49' title="bbox 141 4480 3361 4555; baseline 0.004 -28"><span class='ocrx_word' id='word_1_578' title='bbox 141 4489 288 4542; x_wconf 85' lang='lat' dir='ltr'><strong>tatem,</strong></span> <span class='ocrx_word' id='word_1_579' title='bbox 335 4483 699 4534; x_wconf 83' lang='lat' dir='ltr'><strong>universorum</strong></span> <span class='ocrx_word' id='word_1_580' title='bbox 724 4480 976 4535; x_wconf 88' lang='lat' dir='ltr'><strong>Conditor</strong></span> <span class='ocrx_word' id='word_1_581' title='bbox 1003 4498 1066 4532; x_wconf 77' lang='lat' dir='ltr'><strong>ea:</strong></span> <span class='ocrx_word' id='word_1_582' title='bbox 1097 4483 1432 4535; x_wconf 86' lang='lat' dir='ltr'><strong>sanctissima</strong></span> <span class='ocrx_word' id='word_1_583' title='bbox 1482 4500 1682 4552; x_wconf 83' lang='lat' dir='ltr'><strong>semper</strong></span> <span class='ocrx_word' id='word_1_584' title='bbox 1782 4485 1950 4555; x_wconf 88' lang='lat' dir='ltr'><strong>Iytum</strong></span> <span class='ocrx_word' id='word_1_585' title='bbox 2000 4494 2271 4548; x_wconf 87' lang='lat' dir='ltr'><strong>nostrum,</strong></span> <span class='ocrx_word' id='word_1_586' title='bbox 2328 4500 2434 4537; x_wconf 90' lang='lat' dir='ltr'><strong>non</strong></span> <span class='ocrx_word' id='word_1_587' title='bbox 2481 4487 2535 4537; x_wconf 90' lang='lat' dir='ltr'><strong>in</strong></span> <span class='ocrx_word' id='word_1_588' title='bbox 2574 4485 2814 4554; x_wconf 81' lang='lat' dir='ltr'><strong>integros</strong></span> <span class='ocrx_word' id='word_1_589' title='bbox 2848 4483 3144 4555; x_wconf 76' lang='lat' dir='ltr'><strong>Scriptura:</strong></span> <span class='ocrx_word' id='word_1_590' title='bbox 3191 4503 3361 4543; x_wconf 75' lang='lat' dir='ltr'><strong>sacra:</strong></span> 
     </span>
    </p>
   </div>
   <div class='ocr_carea' id='block_1_50' title="bbox 150 4568 3359 4651">
    <p class='ocr_par' dir='ltr' id='par_1_50' title="bbox 150 4568 3359 4651">
     <span class='ocr_line' id='line_1_50' title="bbox 150 4568 3359 4651; baseline 0.005 -32"><span class='ocrx_word' id='word_1_591' title='bbox 150 4568 322 4641; x_wconf 78' lang='lat' dir='ltr'><strong>Virgine</strong></span> <span class='ocrx_word' id='word_1_592' title='bbox 370 4574 554 4626; x_wconf 81' lang='lat' dir='ltr'><strong>Maria</strong></span> <span class='ocrx_word' id='word_1_593' title='bbox 603 4589 695 4642; x_wconf 85' lang='lat' dir='ltr'><strong>per</strong></span> <span class='ocrx_word' id='word_1_594' title='bbox 737 4575 1118 4641; x_wconf 76' lang='lat' dir='ltr'><strong>conceptionem</strong></span> <span class='ocrx_word' id='word_1_595' title='bbox 1166 4574 1520 4627; x_wconf 79' lang='lat' dir='ltr'><strong>inviolabilem</strong></span> <span class='ocrx_word' id='word_1_596' title='bbox 1567 4578 1678 4629; x_wconf 87' lang='lat' dir='ltr'><strong>sine</strong></span> <span class='ocrx_word' id='word_1_597' title='bbox 1710 4599 1751 4651; x_wconf 81' lang='grc' dir='ltr'>ι)</span> <span class='ocrx_word' id='word_1_598' title='bbox 1784 4579 1972 4643; x_wconf 87' lang='lat' dir='ltr'><strong>libros,</strong></span> <span class='ocrx_word' id='word_1_599' title='bbox 2022 4576 2117 4631; x_wconf 87' lang='lat' dir='ltr'><strong>sed</strong></span> <span class='ocrx_word' id='word_1_600' title='bbox 2170 4578 2223 4630; x_wconf 91' lang='lat' dir='ltr'><strong>in</strong></span> <span class='ocrx_word' id='word_1_601' title='bbox 2258 4577 2455 4631; x_wconf 89' lang='lat' dir='ltr'><strong>selecta</strong></span> <span class='ocrx_word' id='word_1_602' title='bbox 2486 4579 2747 4631; x_wconf 78' lang='lat' dir='ltr'><strong>duntaxat</strong></span> <span class='ocrx_word' id='word_1_603' title='bbox 2776 4579 2894 4631; x_wconf 87' lang='lat' dir='ltr'><strong>loca</strong></span> <span class='ocrx_word' id='word_1_604' title='bbox 2934 4581 3359 4635; x_wconf 88' lang='lat' dir='ltr'><strong>commentarios</strong></span> 
     </span>
    </p>
   </div>
   <div class='ocr_carea' id='block_1_51' title="bbox 139 4664 3359 4743">
    <p class='ocr_par' dir='ltr' id='par_1_51' title="bbox 139 4664 3359 4743">
     <span class='ocr_line' id='line_1_51' title="bbox 139 4664 3359 4743; baseline 0.004 -30"><span class='ocrx_word' id='word_1_605' title='bbox 139 4666 547 4719; x_wconf 75' lang='lat' dir='ltr'><strong>conversibilitate</strong></span> <span class='ocrx_word' id='word_1_606' title='bbox 598 4664 956 4717; x_wconf 84' lang='lat' dir='ltr'><strong>substantians</strong></span> <span class='ocrx_word' id='word_1_607' title='bbox 993 4664 1196 4717; x_wconf 88' lang='lat' dir='ltr'><strong>sibimet</strong></span> <span class='ocrx_word' id='word_1_608' title='bbox 1235 4666 1469 4719; x_wconf 89' lang='lat' dir='ltr'><strong>animam</strong></span> <span class='ocrx_word' id='word_1_609' title='bbox 1518 4668 1674 4719; x_wconf 88' lang='lat' dir='ltr'><strong>intel-</strong></span> <span class='ocrx_word' id='word_1_610' title='bbox 1776 4686 2051 4725; x_wconf 81' lang='lat' dir='ltr'><strong>exarasse.</strong></span> <span class='ocrx_word' id='word_1_611' title='bbox 2090 4670 2538 4740; x_wconf 87' lang='lat' dir='ltr'><strong>Sapientissimus</strong></span> <span class='ocrx_word' id='word_1_612' title='bbox 2573 4670 2953 4726; x_wconf 88' lang='lat' dir='ltr'><strong>Tillemoutius</strong></span> <span class='ocrx_word' id='word_1_613' title='bbox 2986 4673 3149 4742; x_wconf 90' lang='lat' dir='ltr'><strong>hujus</strong></span> <span class='ocrx_word' id='word_1_614' title='bbox 3178 4674 3359 4743; x_wconf 82' lang='lat' dir='ltr'><strong>operis</strong></span> 
     </span>
    </p>
   </div>
   <div class='ocr_carea' id='block_1_52' title="bbox 140 4753 3357 4834">
    <p class='ocr_par' dir='ltr' id='par_1_52' title="bbox 140 4753 3357 4834">
     <span class='ocr_line' id='line_1_52' title="bbox 140 4753 3357 4834; baseline 0.005 -31"><span class='ocrx_word' id='word_1_615' title='bbox 140 4753 375 4810; x_wconf 72' lang='lat' dir='ltr'><strong>lcctaalem</strong></span> <span class='ocrx_word' id='word_1_616' title='bbox 428 4775 554 4811; x_wconf 83' lang='lat' dir='ltr'><strong>cum</strong></span> <span class='ocrx_word' id='word_1_617' title='bbox 602 4758 847 4811; x_wconf 85' lang='lat' dir='ltr'><strong>sensitivo</strong></span> <span class='ocrx_word' id='word_1_618' title='bbox 899 4773 1132 4823; x_wconf 83' lang='lat' dir='ltr'><strong>corpore,</strong></span> <span class='ocrx_word' id='word_1_619' title='bbox 1159 4770 1349 4811; x_wconf 87' lang='lat' dir='ltr'><strong>natura</strong></span> <span class='ocrx_word' id='word_1_620' title='bbox 1392 4760 1565 4828; x_wconf 79' lang='lat' dir='ltr'><strong>factus</strong></span> <span class='ocrx_word' id='word_1_621' title='bbox 1599 4770 1673 4813; x_wconf 84' lang='lat' dir='ltr'><strong>est</strong></span> <span class='ocrx_word' id='word_1_622' title='bbox 1779 4764 1991 4817; x_wconf 91' lang='lat' dir='ltr'><strong>titulum</strong></span> <span class='ocrx_word' id='word_1_623' title='bbox 2046 4779 2170 4817; x_wconf 91' lang='lat' dir='ltr'><strong>cum</strong></span> <span class='ocrx_word' id='word_1_624' title='bbox 2222 4765 2608 4834; x_wconf 85' lang='lat' dir='ltr'><strong>subsequentis</strong></span> <span class='ocrx_word' id='word_1_625' title='bbox 2668 4765 2722 4817; x_wconf 90' lang='lat' dir='ltr'><strong>in</strong></span> <span class='ocrx_word' id='word_1_626' title='bbox 2783 4764 3002 4819; x_wconf 87' lang='lat' dir='ltr'><strong>laudato</strong></span> <span class='ocrx_word' id='word_1_627' title='bbox 3049 4780 3357 4819; x_wconf 88' lang='lat' dir='ltr'><strong>marmoreo</strong></span> 
     </span>
    </p>
   </div>
   <div class='ocr_carea' id='block_1_53' title="bbox 140 4848 3353 4928">
    <p class='ocr_par' dir='ltr' id='par_1_53' title="bbox 140 4848 3353 4928">
     <span class='ocr_line' id='line_1_53' title="bbox 140 4848 3353 4928; baseline 0.004 -29"><span class='ocrx_word' id='word_1_628' title='bbox 140 4848 280 4915; x_wconf 75' lang='lat' dir='ltr'><strong>homo,</strong></span> <span class='ocrx_word' id='word_1_629' title='bbox 306 4852 520 4905; x_wconf 79' lang='lat' dir='ltr'><strong>malitia:</strong></span> <span class='ocrx_word' id='word_1_630' title='bbox 556 4851 796 4915; x_wconf 86' lang='lat' dir='ltr'><strong>alienus;</strong></span> <span class='ocrx_word' id='word_1_631' title='bbox 830 4860 967 4905; x_wconf 85' lang='lat' dir='ltr'><strong>totus</strong></span> <span class='ocrx_word' id='word_1_632' title='bbox 1000 4852 1138 4905; x_wconf 83' lang='lat' dir='ltr'><strong>Deus</strong></span> <span class='ocrx_word' id='word_1_633' title='bbox 1168 4854 1309 4921; x_wconf 86' lang='lat' dir='ltr'><strong>ipse,</strong></span> <span class='ocrx_word' id='word_1_634' title='bbox 1344 4862 1482 4906; x_wconf 87' lang='lat' dir='ltr'><strong>totus</strong></span> <span class='ocrx_word' id='word_1_635' title='bbox 1521 4853 1675 4906; x_wconf 82' lang='lat' dir='ltr'><strong>homo</strong></span> <span class='ocrx_word' id='word_1_636' title='bbox 1777 4868 2130 4913; x_wconf 89' lang='lat' dir='ltr'><strong>monumento</strong></span> <span class='ocrx_word' id='word_1_637' title='bbox 2174 4857 2298 4911; x_wconf 89' lang='lat' dir='ltr'><strong>libri</strong></span> <span class='ocrx_word' id='word_1_638' title='bbox 2336 4859 2494 4912; x_wconf 87' lang='lat' dir='ltr'><strong>titulo</strong></span> <span class='ocrx_word' id='word_1_639' title='bbox 2524 4858 2830 4927; x_wconf 72' lang='lat' dir='ltr'><strong>coniungit,</strong></span> <span class='ocrx_word' id='word_1_640' title='bbox 2866 4873 3028 4928; x_wconf 87' lang='lat' dir='ltr'><strong>quem</strong></span> <span class='ocrx_word' id='word_1_641' title='bbox 3062 4858 3134 4912; x_wconf 89' lang='lat' dir='ltr'><strong>ita</strong></span> <span class='ocrx_word' id='word_1_642' title='bbox 3172 4866 3353 4912; x_wconf 87' lang='lat' dir='ltr'><strong>trans-</strong></span> 
     </span>
    </p>
   </div>
   <div class='ocr_carea' id='block_1_54' title="bbox 140 4938 3356 5021">
    <p class='ocr_par' dir='ltr' id='par_1_54' title="bbox 140 4938 3356 5021">
     <span class='ocr_line' id='line_1_54' title="bbox 140 4938 3356 5021; baseline -0.001 -15"><span class='ocrx_word' id='word_1_643' title='bbox 140 4938 249 4993; x_wconf 67' lang='grc' dir='ltr'><strong>ίάεπι</strong></span> <span class='ocrx_word' id='word_1_644' title='bbox 271 4944 403 5010; x_wconf 56' lang='grc' dir='ltr'><strong>ἔρια</strong></span> <span class='ocrx_word' id='word_1_645' title='bbox 446 4954 589 4998; x_wconf 59' lang='lat' dir='ltr'><strong>lotus</strong></span> <span class='ocrx_word' id='word_1_646' title='bbox 638 4943 775 4996; x_wconf 71' lang='grc' dir='ltr'><strong>Πθυδ</strong></span> <span class='ocrx_word' id='word_1_647' title='bbox 805 4954 1004 5013; x_wconf 75' lang='grc' dir='ltr'><strong>ρατιιεν</strong></span> <span class='ocrx_word' id='word_1_648' title='bbox 1038 4955 1254 5009; x_wconf 65' lang='lat' dir='ltr'><strong>natura.</strong></span> <span class='ocrx_word' id='word_1_649' title='bbox 1284 4954 1332 4997; x_wconf 75' lang='grc' dir='ltr'><strong>ει</strong></span> <span class='ocrx_word' id='word_1_650' title='bbox 1360 4944 1509 4997; x_wconf 73' lang='lat' dir='ltr'><strong>homo</strong></span> <span class='ocrx_word' id='word_1_651' title='bbox 1538 4944 1675 4998; x_wconf 74' lang='lat' dir='ltr'><strong>idem</strong></span> <span class='ocrx_word' id='word_1_652' title='bbox 1776 4951 1949 5020; x_wconf 91' lang='lat' dir='ltr'><strong>ponit,</strong></span> <span class='ocrx_word' id='word_1_653' title='bbox 1981 4960 2041 5004; x_wconf 89' lang='lat' dir='ltr'><strong>ut</strong></span> <span class='ocrx_word' id='word_1_654' title='bbox 2068 4950 2423 5021; x_wconf 89' lang='lat' dir='ltr'><strong>posteriorem</strong></span> <span class='ocrx_word' id='word_1_655' title='bbox 2448 4951 2623 5021; x_wconf 89' lang='lat' dir='ltr'><strong>primo</strong></span> <span class='ocrx_word' id='word_1_656' title='bbox 2656 4950 2798 5017; x_wconf 87' lang='lat' dir='ltr'><strong>loco,</strong></span> <span class='ocrx_word' id='word_1_657' title='bbox 2824 4960 2878 5005; x_wconf 89' lang='lat' dir='ltr'><strong>et</strong></span> <span class='ocrx_word' id='word_1_658' title='bbox 2906 4951 3141 5021; x_wconf 92' lang='lat' dir='ltr'><strong>primum</strong></span> <span class='ocrx_word' id='word_1_659' title='bbox 3166 4949 3356 5004; x_wconf 90' lang='lat' dir='ltr'><strong>ultimo</strong></span> 
     </span>
    </p>
   </div>
   <div class='ocr_carea' id='block_1_55' title="bbox 141 5037 3356 5114">
    <p class='ocr_par' dir='ltr' id='par_1_55' title="bbox 141 5037 3356 5114">
     <span class='ocr_line' id='line_1_55' title="bbox 141 5037 3356 5114; baseline -0 -20"><span class='ocrx_word' id='word_1_660' title='bbox 141 5037 242 5097; x_wconf 68' lang='lat' dir='ltr'><strong>itm.</strong></span> <span class='ocrx_word' id='word_1_661' title='bbox 278 5041 482 5096; x_wconf 86' lang='lat' dir='ltr'><strong>Deitate</strong></span> <span class='ocrx_word' id='word_1_662' title='bbox 509 5042 721 5112; x_wconf 88' lang='lat' dir='ltr'><strong>quidem</strong></span> <span class='ocrx_word' id='word_1_663' title='bbox 751 5043 928 5094; x_wconf 85' lang='lat' dir='ltr'><strong>divina</strong></span> <span class='ocrx_word' id='word_1_664' title='bbox 954 5059 1044 5110; x_wconf 90' lang='lat' dir='ltr'><strong>per</strong></span> <span class='ocrx_word' id='word_1_665' title='bbox 1071 5059 1222 5095; x_wconf 85' lang='lat' dir='ltr'><strong>suam</strong></span> <span class='ocrx_word' id='word_1_666' title='bbox 1251 5042 1418 5109; x_wconf 84' lang='lat' dir='ltr'><strong>ipsius</strong></span> <span class='ocrx_word' id='word_1_667' title='bbox 1449 5040 1676 5093; x_wconf 87' lang='lat' dir='ltr'><strong>sanctis-</strong></span> <span class='ocrx_word' id='word_1_668' title='bbox 1777 5044 1896 5099; x_wconf 90' lang='lat' dir='ltr'><strong>loco</strong></span> <span class='ocrx_word' id='word_1_669' title='bbox 1928 5054 2113 5113; x_wconf 87' lang='lat' dir='ltr'><strong>ponat,</strong></span> <span class='ocrx_word' id='word_1_670' title='bbox 2162 5055 2326 5114; x_wconf 86' lang='lat' dir='ltr'><strong>atque</strong></span> <span class='ocrx_word' id='word_1_671' title='bbox 2356 5059 2420 5098; x_wconf 88' lang='lat' dir='ltr'><strong>ex</strong></span> <span class='ocrx_word' id='word_1_672' title='bbox 2452 5043 2667 5098; x_wconf 90' lang='lat' dir='ltr'><strong>duobus</strong></span> <span class='ocrx_word' id='word_1_673' title='bbox 2702 5058 2873 5096; x_wconf 90' lang='lat' dir='ltr'><strong>unum</strong></span> <span class='ocrx_word' id='word_1_674' title='bbox 2918 5044 3182 5097; x_wconf 74' lang='lat' dir='ltr'><strong>duntaxat</strong></span> <span class='ocrx_word' id='word_1_675' title='bbox 3223 5042 3356 5094; x_wconf 85' lang='lat' dir='ltr'><strong>titu-</strong></span> 
     </span>
    </p>
   </div>
   <div class='ocr_carea' id='block_1_56' title="bbox 143 5128 3356 5204">
    <p class='ocr_par' dir='ltr' id='par_1_56' title="bbox 143 5128 3356 5204">
     <span class='ocr_line' id='line_1_56' title="bbox 143 5128 3356 5204; baseline 0.004 -28"><span class='ocrx_word' id='word_1_676' title='bbox 143 5128 297 5181; x_wconf 78' lang='lat' dir='ltr'><strong>simam</strong></span> <span class='ocrx_word' id='word_1_677' title='bbox 324 5148 533 5184; x_wconf 89' lang='lat' dir='ltr'><strong>carnem</strong></span> <span class='ocrx_word' id='word_1_678' title='bbox 556 5148 656 5183; x_wconf 89' lang='lat' dir='ltr'><strong>non</strong></span> <span class='ocrx_word' id='word_1_679' title='bbox 683 5133 988 5186; x_wconf 74' lang='lat' dir='ltr'><strong>exsistentia</strong></span> <span class='ocrx_word' id='word_1_680' title='bbox 1012 5144 1203 5185; x_wconf 90' lang='lat' dir='ltr'><strong>natura</strong></span> <span class='ocrx_word' id='word_1_681' title='bbox 1229 5132 1403 5184; x_wconf 88' lang='lat' dir='ltr'><strong>carnis</strong></span> <span class='ocrx_word' id='word_1_682' title='bbox 1432 5147 1671 5199; x_wconf 89' lang='lat' dir='ltr'><strong>operans,</strong></span> <span class='ocrx_word' id='word_1_683' title='bbox 1776 5141 1888 5195; x_wconf 77' lang='lat' dir='ltr'><strong>lum</strong></span> <span class='ocrx_word' id='word_1_684' title='bbox 1936 5140 2129 5204; x_wconf 59' lang='lat' dir='ltr'><strong>faciat,</strong></span> <span class='ocrx_word' id='word_1_685' title='bbox 2187 5142 2275 5195; x_wconf 78' lang='lat' dir='ltr'><strong>cui</strong></span> <span class='ocrx_word' id='word_1_686' title='bbox 2344 5141 2488 5193; x_wconf 78' lang='lat' dir='ltr'><strong>hunc</strong></span> <span class='ocrx_word' id='word_1_687' title='bbox 2554 5154 2775 5193; x_wconf 85' lang='lat' dir='ltr'><strong>sensum</strong></span> <span class='ocrx_word' id='word_1_688' title='bbox 2832 5140 3070 5192; x_wconf 81' lang='lat' dir='ltr'><strong>astruit:</strong></span> <span class='ocrx_word' id='word_1_689' title='bbox 3115 5137 3356 5191; x_wconf 82' lang='lat' dir='ltr'><strong>Traditio</strong></span> 
     </span>
    </p>
   </div>
   <div class='ocr_carea' id='block_1_57' title="bbox 143 5219 3355 5301">
    <p class='ocr_par' dir='ltr' id='par_1_57' title="bbox 143 5219 3355 5301">
     <span class='ocr_line' id='line_1_57' title="bbox 143 5219 3355 5301; baseline 0.001 -33"><span class='ocrx_word' id='word_1_690' title='bbox 143 5219 431 5278; x_wconf 76' lang='lat' dir='ltr'><strong>humanitate</strong></span> <span class='ocrx_word' id='word_1_691' title='bbox 460 5242 581 5279; x_wconf 78' lang='lat' dir='ltr'><strong>vero</strong></span> <span class='ocrx_word' id='word_1_692' title='bbox 608 5226 839 5279; x_wconf 81' lang='lat' dir='ltr'><strong>humana</strong></span> <span class='ocrx_word' id='word_1_693' title='bbox 866 5243 968 5278; x_wconf 87' lang='lat' dir='ltr'><strong>non</strong></span> <span class='ocrx_word' id='word_1_694' title='bbox 996 5227 1301 5280; x_wconf 73' lang='lat' dir='ltr'><strong>exsistentia</strong></span> <span class='ocrx_word' id='word_1_695' title='bbox 1340 5234 1534 5279; x_wconf 86' lang='lat' dir='ltr'><strong>natura</strong></span> <span class='ocrx_word' id='word_1_696' title='bbox 1569 5223 1678 5276; x_wconf 85' lang='lat' dir='ltr'><strong>dei-</strong></span> <span class='ocrx_word' id='word_1_697' title='bbox 1778 5234 2067 5301; x_wconf 74' lang='grc' dir='ltr'><strong>αροδιοιξεα</strong></span> <span class='ocrx_word' id='word_1_698' title='bbox 2115 5232 2178 5286; x_wconf 72' lang='lat' dir='ltr'><strong>de</strong></span> <span class='ocrx_word' id='word_1_699' title='bbox 2223 5229 2628 5284; x_wconf 63' lang='lat' dir='ltr'><strong>charismulibug</strong></span> <span class='ocrx_word' id='word_1_700' title='bbox 2672 5230 3022 5283; x_wconf 69' lang='grc' dir='ltr'><strong>υενίδξηιξιίιρν</strong></span> <span class='ocrx_word' id='word_1_701' title='bbox 3060 5247 3152 5300; x_wconf 75' lang='lat' dir='ltr'><strong>pro</strong></span> <span class='ocrx_word' id='word_1_702' title='bbox 3210 5230 3355 5298; x_wconf 64' lang='lat' dir='ltr'><strong>ref&quot;-</strong></span> 
     </span>
    </p>
   </div>
   <div class='ocr_carea' id='block_1_58' title="bbox 146 5316 3358 5393">
    <p class='ocr_par' dir='ltr' id='par_1_58' title="bbox 146 5316 3358 5393">
     <span class='ocr_line' id='line_1_58' title="bbox 146 5316 3358 5393; baseline 0.003 -26"><span class='ocrx_word' id='word_1_703' title='bbox 146 5316 260 5367; x_wconf 74' lang='lat' dir='ltr'><strong>latis.</strong></span> <span class='ocrx_word' id='word_1_704' title='bbox 306 5316 455 5370; x_wconf 70' lang='lat' dir='ltr'><strong>Nihil</strong></span> <span class='ocrx_word' id='word_1_705' title='bbox 504 5318 741 5371; x_wconf 86' lang='lat' dir='ltr'><strong>divinum</strong></span> <span class='ocrx_word' id='word_1_706' title='bbox 780 5319 977 5372; x_wconf 85' lang='lat' dir='ltr'><strong>nudum</strong></span> <span class='ocrx_word' id='word_1_707' title='bbox 1019 5337 1231 5389; x_wconf 90' lang='lat' dir='ltr'><strong>corpore</strong></span> <span class='ocrx_word' id='word_1_708' title='bbox 1270 5329 1515 5391; x_wconf 84' lang='lat' dir='ltr'><strong>aperatur</strong></span> <span class='ocrx_word' id='word_1_709' title='bbox 1539 5360 1553 5383; x_wconf 91' lang='lat'><strong>,</strong></span> <span class='ocrx_word' id='word_1_710' title='bbox 1604 5318 1675 5369; x_wconf 71' lang='lat' dir='ltr'><strong>nil</strong></span> <span class='ocrx_word' id='word_1_711' title='bbox 1779 5325 1953 5379; x_wconf 87' lang='lat' dir='ltr'><strong>tandis</strong></span> <span class='ocrx_word' id='word_1_712' title='bbox 1988 5323 2326 5377; x_wconf 77' lang='lat' dir='ltr'><strong>Montanistis</strong></span> <span class='ocrx_word' id='word_1_713' title='bbox 2356 5322 2489 5393; x_wconf 83' lang='grc'>(77).</span> <span class='ocrx_word' id='word_1_714' title='bbox 2550 5321 2615 5376; x_wconf 92' lang='lat' dir='ltr'><strong>lli</strong></span> <span class='ocrx_word' id='word_1_715' title='bbox 2651 5323 2790 5376; x_wconf 91' lang='lat' dir='ltr'><strong>tituli</strong></span> <span class='ocrx_word' id='word_1_716' title='bbox 2825 5324 2897 5376; x_wconf 89' lang='lat' dir='ltr'><strong>ita</strong></span> <span class='ocrx_word' id='word_1_717' title='bbox 2932 5322 3139 5387; x_wconf 87' lang='lat' dir='ltr'><strong>aduniti</strong></span> <span class='ocrx_word' id='word_1_718' title='bbox 3187 5322 3358 5377; x_wconf 85' lang='lat' dir='ltr'><strong>habe-</strong></span> 
     </span>
    </p>
   </div>
   <div class='ocr_carea' id='block_1_59' title="bbox 197 5426 3246 5526">
    <p class='ocr_par' dir='ltr' id='par_1_59' title="bbox 197 5426 3246 5526">
     <span class='ocr_line' id='line_1_59' title="bbox 197 5426 3246 5526; baseline 0.002 -22"><span class='ocrx_word' id='word_1_719' title='bbox 197 5450 291 5526; x_wconf 73' lang='grc'>(67)</span> <span class='ocrx_word' id='word_1_720' title='bbox 328 5454 600 5526; x_wconf 75' lang='lat' dir='ltr'><strong>Hippolyt.</strong></span> <span class='ocrx_word' id='word_1_721' title='bbox 631 5456 916 5526; x_wconf 84' lang='lat' dir='ltr'><strong>fragment.</strong></span> <span class='ocrx_word' id='word_1_722' title='bbox 948 5458 992 5513; x_wconf 91' lang='lat' dir='ltr'><strong>l.</strong></span> <span class='ocrx_word' id='word_1_723' title='bbox 1846 5458 1957 5521; x_wconf 69' lang='grc'>(74)</span> <span class='ocrx_word' id='word_1_724' title='bbox 1997 5456 2279 5521; x_wconf 76' lang='lat' dir='ltr'><strong>Pearson.,</strong></span> <span class='ocrx_word' id='word_1_725' title='bbox 2324 5426 2537 5507; x_wconf 38' lang='lat' dir='ltr'><strong>Vindici</strong></span> <span class='ocrx_word' id='word_1_726' title='bbox 2569 5453 2770 5524; x_wconf 84' lang='lat' dir='ltr'><strong>lgnat.,</strong></span> <span class='ocrx_word' id='word_1_727' title='bbox 2800 5465 2941 5526; x_wconf 79' lang='lat' dir='ltr'><strong>part.</strong></span> <span class='ocrx_word' id='word_1_728' title='bbox 2974 5471 3013 5518; x_wconf 84' lang='grc' dir='ltr'><strong>ι,</strong></span> <span class='ocrx_word' id='word_1_729' title='bbox 3041 5471 3159 5524; x_wconf 89' lang='lat' dir='ltr'><strong>cap.</strong></span> <span class='ocrx_word' id='word_1_730' title='bbox 3192 5456 3246 5509; x_wconf 78' lang='grc' dir='ltr'>ι.</span> 
     </span>
    </p>
   </div>
   <div class='ocr_carea' id='block_1_60' title="bbox 196 5512 3356 5597">
    <p class='ocr_par' dir='ltr' id='par_1_60' title="bbox 196 5512 3356 5597">
     <span class='ocr_line' id='line_1_60' title="bbox 196 5512 3356 5597; baseline -0 -19"><span class='ocrx_word' id='word_1_731' title='bbox 328 5512 467 5597; x_wconf 67' lang='lat' dir='ltr'><strong>idem</strong></span> <span class='ocrx_word' id='word_1_732' title='bbox 498 5512 784 5596; x_wconf 59' lang='lat' dir='ltr'><strong>fragment.</strong></span> <span class='ocrx_word' id='word_1_733' title='bbox 818 5528 873 5581; x_wconf 76' lang='lat'><strong>‘2.</strong></span> <span class='ocrx_word' id='word_1_734' title='bbox 1848 5512 1959 5597; x_wconf 78' lang='grc'>(75)</span> <span class='ocrx_word' id='word_1_735' title='bbox 2001 5527 2213 5581; x_wconf 82' lang='lat' dir='ltr'><strong>Fabric.</strong></span> <span class='ocrx_word' id='word_1_736' title='bbox 2240 5512 2277 5591; x_wconf 75' lang='grc'><strong>,’</strong></span> <span class='ocrx_word' id='word_1_737' title='bbox 2299 5535 2430 5579; x_wconf 86' lang='lat' dir='ltr'><strong>tom.</strong></span> <span class='ocrx_word' id='word_1_738' title='bbox 2470 5525 2487 5576; x_wconf 94' lang='lat' dir='ltr'><strong>l</strong></span> <span class='ocrx_word' id='word_1_739' title='bbox 2517 5512 2652 5594; x_wconf 58' lang='lat' dir='ltr'><strong>opp.</strong></span> <span class='ocrx_word' id='word_1_740' title='bbox 2703 5512 2768 5579; x_wconf 58' lang='grc'><strong>5.</strong></span> <span class='ocrx_word' id='word_1_741' title='bbox 2801 5512 3052 5595; x_wconf 62' lang='grc' dir='ltr'><strong>ῙΙίιψυιξ,</strong></span> <span class='ocrx_word' id='word_1_742' title='bbox 3101 5512 3313 5580; x_wconf 68' lang='grc' dir='ltr'><strong>ίήυῑδι.</strong></span> <span class='ocrx_word' id='word_1_743' title='bbox 3336 5566 3356 5594; x_wconf 82' lang='grc'><em>,</em></span> 
     </span>
    </p>
   </div>
   <div class='ocr_carea' id='block_1_61' title="bbox 216 5592 1749 5668">
    <p class='ocr_par' dir='ltr' id='par_1_61' title="bbox 216 5592 881 5668">
     <span class='ocr_line' id='line_1_61' title="bbox 216 5592 881 5668; baseline 0.005 -20"><span class='ocrx_word' id='word_1_744' title='bbox 331 5594 473 5668; x_wconf 60' lang='lat' dir='ltr'><strong>idem</strong></span> <span class='ocrx_word' id='word_1_745' title='bbox 510 5592 794 5668; x_wconf 61' lang='lat' dir='ltr'><strong>fragment,</strong></span> <span class='ocrx_word' id='word_1_746' title='bbox 827 5602 881 5651; x_wconf 93' lang='lat'><strong>5.</strong></span> 
     </span>
    </p>
   </div>
   <div class='ocr_carea' id='block_1_62' title="bbox 503 5592 2036 5668">
    <p class='ocr_par' dir='ltr' id='par_1_62' title="bbox 510 5592 2036 5668">
     <span class='ocr_line' id='line_1_62' title="bbox 510 5592 2036 5668; baseline 0.001 -19"><span class='ocrx_word' id='word_1_747' title='bbox 510 5592 794 5668; x_wconf 62' lang='lat' dir='ltr'><strong>fragment,</strong></span> <span class='ocrx_word' id='word_1_748' title='bbox 827 5602 881 5651; x_wconf 93' lang='lat'><strong>5.</strong></span> <span class='ocrx_word' id='word_1_749' title='bbox 1780 5592 1900 5668; x_wconf 72' lang='lat' dir='ltr'><strong>pag.</strong></span> <span class='ocrx_word' id='word_1_750' title='bbox 1935 5600 1984 5651; x_wconf 91' lang='lat'><strong>7.</strong></span> <span class='ocrx_word' id='word_1_751' title='bbox 2013 5602 2036 5668; x_wconf 20' lang='grc' dir='ltr'><strong>γ’</strong></span> 
     </span>
    </p>
   </div>
   <div class='ocr_carea' id='block_1_63' title="bbox 198 5598 3356 5739">
    <p class='ocr_par' dir='ltr' id='par_1_63' title="bbox 198 5598 3356 5739">
     <span class='ocr_line' id='line_1_63' title="bbox 198 5598 2037 5729; baseline 0.003 -83"><span class='ocrx_word' id='word_1_752' title='bbox 198 5598 294 5729; x_wconf 64' lang='grc'>(69)</span> <span class='ocrx_word' id='word_1_753' title='bbox 331 5598 473 5650; x_wconf 72' lang='lat' dir='ltr'><strong>idem</strong></span> <span class='ocrx_word' id='word_1_754' title='bbox 510 5598 794 5669; x_wconf 60' lang='lat' dir='ltr'><strong>fragment,</strong></span> <span class='ocrx_word' id='word_1_755' title='bbox 827 5602 881 5651; x_wconf 93' lang='lat'><strong>5.</strong></span> <span class='ocrx_word' id='word_1_756' title='bbox 1780 5615 1900 5668; x_wconf 78' lang='lat' dir='ltr'><strong>pag.</strong></span> <span class='ocrx_word' id='word_1_757' title='bbox 1935 5600 1984 5651; x_wconf 91' lang='lat'><strong>7.</strong></span> <span class='ocrx_word' id='word_1_758' title='bbox 2022 5602 2037 5609; x_wconf 83' lang='lat'>&#39;</span> 
     </span>
     <span class='ocr_line' id='line_1_64' title="bbox 220 5664 3356 5739; baseline 0.001 -20"><span class='ocrx_word' id='word_1_759' title='bbox 220 5664 292 5739; x_wconf 56' lang='lat'><strong>19)</strong></span> <span class='ocrx_word' id='word_1_760' title='bbox 329 5667 471 5739; x_wconf 74' lang='lat' dir='ltr'><strong>idem</strong></span> <span class='ocrx_word' id='word_1_761' title='bbox 505 5666 795 5739; x_wconf 79' lang='lat' dir='ltr'><strong>fragment.</strong></span> <span class='ocrx_word' id='word_1_762' title='bbox 828 5669 883 5721; x_wconf 80' lang='grc'>4.</span> <span class='ocrx_word' id='word_1_763' title='bbox 1848 5669 1959 5739; x_wconf 89' lang='grc'>(76)</span> <span class='ocrx_word' id='word_1_764' title='bbox 2001 5666 2147 5722; x_wconf 80' lang='lat' dir='ltr'><strong>Hist.</strong></span> <span class='ocrx_word' id='word_1_765' title='bbox 2179 5666 2444 5721; x_wconf 74' lang='lat' dir='ltr'><strong>litteraire</strong></span> <span class='ocrx_word' id='word_1_766' title='bbox 2472 5668 2533 5719; x_wconf 90' lang='lat' dir='ltr'><strong><em>de</em></strong></span> <span class='ocrx_word' id='word_1_767' title='bbox 2563 5666 2615 5719; x_wconf 90' lang='lat' dir='ltr'><strong>la</strong></span> <span class='ocrx_word' id='word_1_768' title='bbox 2648 5664 2874 5732; x_wconf 79' lang='lat' dir='ltr'><strong>France,</strong></span> <span class='ocrx_word' id='word_1_769' title='bbox 2904 5676 3035 5722; x_wconf 87' lang='lat' dir='ltr'><strong>tum.</strong></span> <span class='ocrx_word' id='word_1_770' title='bbox 3064 5668 3153 5723; x_wconf 86' lang='lat' dir='ltr'><strong>cit.</strong></span> <span class='ocrx_word' id='word_1_771' title='bbox 3178 5710 3191 5733; x_wconf 80' lang='lat'><strong>.</strong></span> <span class='ocrx_word' id='word_1_772' title='bbox 3229 5683 3356 5739; x_wconf 77' lang='lat' dir='ltr'><strong>pag.</strong></span> 
     </span>
    </p>
   </div>
   <div class='ocr_carea' id='block_1_64' title="bbox 198 5731 1903 5805">
    <p class='ocr_par' dir='ltr' id='par_1_64' title="bbox 198 5731 1903 5805">
     <span class='ocr_line' id='line_1_65' title="bbox 198 5731 1903 5805; baseline -0.008 -10"><span class='ocrx_word' id='word_1_773' title='bbox 198 5731 294 5805; x_wconf 19' lang='lat' dir='ltr'><strong>(AZ?)</strong></span> <span class='ocrx_word' id='word_1_774' title='bbox 332 5738 474 5791; x_wconf 89' lang='lat' dir='ltr'><strong>Idem</strong></span> <span class='ocrx_word' id='word_1_775' title='bbox 510 5731 794 5805; x_wconf 64' lang='lat' dir='ltr'><strong>fragment.</strong></span> <span class='ocrx_word' id='word_1_776' title='bbox 820 5739 873 5794; x_wconf 89' lang='grc'><strong>5.</strong></span> <span class='ocrx_word' id='word_1_777' title='bbox 1778 5731 1903 5794; x_wconf 72' lang='lat'><strong>586,</strong></span> 
     </span>
    </p>
   </div>
   <div class='ocr_carea' id='block_1_65' title="bbox 199 5800 1732 5881">
    <p class='ocr_par' dir='ltr' id='par_1_65' title="bbox 199 5800 859 5881">
     <span class='ocr_line' id='line_1_66' title="bbox 199 5800 859 5881; baseline 0.003 -21"><span class='ocrx_word' id='word_1_778' title='bbox 199 5800 296 5881; x_wconf 61' lang='grc' dir='ltr'>(ῃ)</span> <span class='ocrx_word' id='word_1_779' title='bbox 332 5806 475 5881; x_wconf 67' lang='lat' dir='ltr'><strong>idem</strong></span> <span class='ocrx_word' id='word_1_780' title='bbox 514 5800 646 5881; x_wconf 81' lang='lat' dir='ltr'><strong>ibid.</strong></span> <span class='ocrx_word' id='word_1_781' title='bbox 854 5880 859 5881; x_wconf 15' lang='grc' dir='ltr'>ί</span> 
     </span>
    </p>
   </div>
   <div class='ocr_carea' id='block_1_66' title="bbox 1293 5800 2826 5881">
    <p class='ocr_par' dir='ltr' id='par_1_66' title="bbox 1850 5808 2826 5881">
     <span class='ocr_line' id='line_1_67' title="bbox 1850 5808 2826 5881; baseline 0.001 -20"><span class='ocrx_word' id='word_1_782' title='bbox 1850 5810 1962 5881; x_wconf 82' lang='grc'>(77)</span> <span class='ocrx_word' id='word_1_783' title='bbox 1998 5808 2305 5866; x_wconf 89' lang='lat' dir='ltr'><strong>Tillemont.</strong></span> <span class='ocrx_word' id='word_1_784' title='bbox 2331 5850 2344 5875; x_wconf 96' lang='lat'><strong>,</strong></span> <span class='ocrx_word' id='word_1_785' title='bbox 2376 5810 2412 5863; x_wconf 91' lang='lat' dir='ltr'><strong>l.</strong></span> <span class='ocrx_word' id='word_1_786' title='bbox 2447 5826 2519 5876; x_wconf 90' lang='lat' dir='ltr'><strong>c.,</strong></span> <span class='ocrx_word' id='word_1_787' title='bbox 2552 5825 2671 5879; x_wconf 83' lang='lat' dir='ltr'><strong>pag.</strong></span> <span class='ocrx_word' id='word_1_788' title='bbox 2711 5808 2826 5862; x_wconf 80' lang='grc'><strong>106.</strong></span> 
     </span>
    </p>
   </div>
   <div class='ocr_carea' id='block_1_67' title="bbox 202 5872 893 5947">
    <p class='ocr_par' dir='ltr' id='par_1_67' title="bbox 202 5872 893 5947">
     <span class='ocr_line' id='line_1_68' title="bbox 202 5872 893 5947; baseline 0.013 -22"><span class='ocrx_word' id='word_1_789' title='bbox 202 5872 296 5941; x_wconf 76' lang='grc'>(75)</span> <span class='ocrx_word' id='word_1_790' title='bbox 335 5879 477 5933; x_wconf 88' lang='lat' dir='ltr'><strong>Idem</strong></span> <span class='ocrx_word' id='word_1_791' title='bbox 512 5878 810 5947; x_wconf 80' lang='lat' dir='ltr'><strong>fragmento</strong></span> <span class='ocrx_word' id='word_1_792' title='bbox 842 5880 893 5934; x_wconf 84' lang='lat'><strong>8.</strong></span> 
     </span>
    </p>
   </div>
  </div>
