3882 6502
490 420 591 474 :07
1465 414 1549 468 DE
1584 415 1747 469 ‘JITA
1785 414 1871 467 ET
1915 414 2023 467 scr

2184 413 2221 467 Ξ
2261 411 2317 467 S.
2360 408 2742 463 HIPPOLYTI.
3606 410 3710 464 508

496 546 616 591 rent
660 550 788 590 sane
819 534 1157 603 aptissimum
1198 532 1558 603 signiﬁcatum
1589 533 1656 586 ad
1690 534 1889 587 multos
1914 531 2054 586 dilli—
2082 540 2127 591 Α
2160 532 2313 584 theca
2366 529 2683 583 Bodleiana'
2714 528 2855 581 inter
2904 526 3115 581 codices
3153 523 3514 579 Baroccianos
3559 540 3709 578 num.

490 628 755 680 cultatum
779 627 947 680 nodos
968 624 1249 687 secandos,
1275 623 1570 678 dummodo
1596 625 1707 678 haec
1730 624 2056 677 Tillemontii
2158 622 2228 676 26
2254 630 2307 675 et
2334 620 2434 674 185
2466 628 2642 673 exstat
2670 633 2832 671 manu
2864 626 3081 670 exarata
3125 625 3258 670 teste
3286 614 3575 668 Pearsonio
3602 614 3711 680 (80)

493 721 805 788 conjectura
860 729 967 773 tam
1017 728 1162 775 certa
1194 728 1335 773 esset
1362 733 1426 773 ac
1460 718 1761 787 ingeniosa.
1816 715 1960 770 Ordo
2002 732 2058 765 ρ-
2159 723 2210 765 et
2242 710 2441 766 Grabio
2471 710 2603 780 (81),
2636 717 2797 777 atque
2838 706 2890 759 in
2940 706 3307 773 manuscripto
3357 704 3543 759 Graeco
3572 705 3709 772 apud

493 814 627 879 nim,
676 826 834 882 quem
868 813 920 864 in
954 827 1016 865 ea
1048 811 1241 865 tabella
1281 811 1657 872 observamus,
1706 827 1812 863 non
1848 810 2058 862 videtur
2160 801 2631 872 Lambecinm(82)
2652 802 2794 854 hunc
2826 814 3005 869 prmse
3028 798 3131 852 fert
3157 800 3368 851 titulum
3395 817 3407 851 :
3435 798 3714 862 Δια-τάξεις

493 920 613 958 eam
657 904 1132 971 transpositionem
1176 904 1477 958 admittere.
1529 902 1656 956 Post
1694 901 1906 956 titulum
1951 911 2026 954 tra

2181 896 2265 948 τῶν
2286 896 2454 963 ἁγίων
2488 893 2794 947 ἀποστόλων
2823 890 2910 944 διὰ
2950 889 3281 943 Ἱππολύτου.
3309 886 3635 942 Pearsonius
3663 898 3714 941 et

493 1006 670 1049 ctatus
703 993 1239 1060 Declzarismatibus,
1286 995 1430 1048 illico
1472 994 1699 1063 legimus
1744 1001 2056 1062 sequentem
2161 986 2470 1041 Dodwellus
2521 992 2833 1040 asseverant
2900 983 3005 1037 hoc
3070 980 3340 1051 Hippolyti
3390 980 3712 1048 opusculum

492 1086 549 1141 ιιι
581 1087 800 1141 laudato
840 1086 1056 1155 lapideo
1079 1096 1467 1141 monumento:
1508 1084 1861 1155 Ἀποστολικὴ
1892 1083 2025 1155 ποιρὸ

2182 1080 2335 1147 luoad
2390 1078 2682 1131 maximam
2742 1083 2947 1144 partem
3001 1074 3113 1142 jam
3170 1072 3446 1141 vulgatum
3502 1084 3629 1123 esse
3660 1069 3715 1122 in

489 1195 670 1243 οοσις,
723 1180 1012 1248 apostolica
1060 1179 1297 1231 traditio.
1351 1178 1638 1231 Doctorum
1688 1177 1900 1230 animos
1945 1176 2059 1230 haec
2160 1180 2351 1224 octavo
2387 1168 2832 1222 Constitutionum
2864 1165 3274 1234 apostolicarum
3320 1163 3479 1225 liliro,
3520 1176 3716 1229 quam—

493 1273 752 1340 qumstio:
795 1287 955 1340 quem
1002 1271 1199 1325 librum
1232 1273 1277 1325 is
1311 1271 1501 1324 titulus
1540 1270 1849 1333 annuntiet,
1880 1269 2058 1322 varias
2160 1265 2241 1318 vis
2267 1261 2523 1315 nonnulla
2551 1260 2705 1315 aliter
2736 1258 3061 1328 quandoque
3094 1256 3364 1321 leguntur,
3400 1262 3459 1305 ut
3482 1251 3721 1305 Grabius

492 1363 549 1415 in
580 1363 865 1440 opiniones
895 1363 1147 1417 detraxit.
1183 1362 1515 1417 Sententiam
1540 1361 1867 1415 Tillemontii
1898 1360 2059 1429 paulo
2160 1352 2391 1413 monuit,
2419 1350 2511 1419 qui
2555 1364 2677 1419 pag.
2707 1347 2812 1401 286
2843 1346 2933 1401 illa
2993 1342 3276 1413 Sptcilegio
3317 1342 3541 1394 Patrum
3575 1340 3719 1393 tertii

495 1464 652 1508 antea
684 1434 1058 1524 exposuimus.
1091 1455 1327 1524 Scaliger
1360 1455 1466 1523 (78)
1498 1463 1684 1508 censet
1712 1452 2056 1524 Hippolytum
2161 1444 2342 1501 saeculi
2370 1446 2694 1496 inserturum
2729 1456 2787 1494 se
2824 1438 3098 1508 pollicitus
3126 1444 3209 1489 est
3262 1434 3395 1503 (85).
3430 1436 3499 1485 At
3529 1440 3589 1485 ut
3626 1448 3719 1486 ve-

496 1556 739 1601 nostrum
778 1548 879 1601 hoc
920 1547 1023 1601 sub
1065 1547 1222 1601 titulo
1270 1547 1410 1601 idem
1441 1554 1815 1615 argumentum
1854 1557 2059 1615 pertra-
2161 1554 2281 1593 rum
2333 1535 2619 1596 fateamur,
2671 1530 2935 1601 quidquid
2991 1526 3192 1582 laudati
3227 1526 3400 1579 critici
3450 1526 3722 1577 disserere

495 1647 706 1701 ctasse,
739 1639 886 1707 quod
919 1638 976 1693 S.
1012 1638 1246 1693 lrenazus
1282 1639 1420 1692 libro
1459 1638 1615 1691 tertio
1653 1638 1770 1691 adv.
1814 1638 2054 1699 Itwreses,
2160 1635 2475 1699 potuerunt,
2508 1632 2566 1680 ut
2592 1624 2748 1679 nobis
2773 1622 3058 1690 aliqualem
3092 1619 3266 1672 ideam
3296 1615 3720 1685 suppeditarenl.

500 1746 621 1799 cap.
652 1733 686 1783 '2
713 1741 766 1784 et
790 1732 823 1784 ὅ
849 1731 1037 1799 paucis
1058 1730 1320 1784 duntaxat
1344 1739 1658 1799 persecutus
1687 1738 1789 1783 est.
1818 1727 1891 1781 Le
1914 1727 2059 1797 Moy-
2161 1721 2290 1790 quid
2328 1719 2504 1773 isthoc
2530 1717 2585 1770 in
2613 1731 2774 1784 opere
2813 1711 2871 1766 S.
2906 1710 3173 1781 Hippolyti
3199 1709 3595 1799 contineretur,
3628 1721 3720 1757 nc-

498 1822 623 1875 nius
664 1837 772 1875 non
805 1822 1075 1892 discrepat
1108 1823 1176 1876 ab
1208 1823 1309 1876 hac
1335 1822 1614 1891 opinione,
1652 1822 1778 1874 dum
1822 1821 2058 1874 arbitra.
2161 1826 2437 1881 quaquam
2486 1807 2699 1864 excedit
2748 1806 3009 1875 sphazram
3060 1816 3329 1855 nierarum
3377 1798 3722 1865 conjectura-

494 1922 589 1966 tur
618 1917 718 1967 hoc
747 1929 885 1983 opus
917 1915 1185 1969 disserere
1230 1914 1297 1967 de
1346 1915 1589 1967 doctrina
1633 1927 1730 1967 seu
1774 1911 2060 1965 traditione
2092 1910 2134 1966 Β
2165 1920 2317 1967 rum;
2347 1916 2521 1970 neque
2565 1898 2720 1953 nobis
2763 1896 2896 1951 satis
2945 1893 3132 1949 eﬂicax
3163 1891 3374 1983 videtur
3424 1901 3722 1983 argumen-

496 1976 822 2072 apostolica;
853 2005 997 2074 quod
1029 2005 1150 2059 inde
1176 2004 1396 2075 colligit,
1422 2003 1548 2073 quia
1572 2011 1809 2071 tempore
1840 2000 1896 2055 S.
1932 1999 2061 2068 Hip-
2161 2003 2278 2048 tum
2314 1992 2443 2046 illud
2477 2006 2541 2043 ex
2566 1997 2799 2056 utroque
2839 1982 3206 2050 manuscripto
3235 1976 3647 2033 Vindobonensi
3673 1983 3726 2028 et

496 2097 665 2166 polyti
698 2095 848 2150 varia
875 2073 1037 2165 hujus
1065 2097 1278 2166 generis
1301 2073 1323 2159 ,ἡ
1361 2108 1414 2149 et
1442 2094 1657 2163 quidem
1688 2093 1851 2146 multa
1885 2102 2060 2147 exsta-
2161 2082 2455 2140 Oxoniensi
2490 2081 2738 2151 petitum,
2767 2076 2911 2147 quod
2940 2075 3194 2130 nimirum
3226 2073 3280 2125 in
3329 2080 3566 2138 utroque
3592 2084 3722 2122 mss.

500 2186 631 2241 bant
662 2202 847 2256 opera,
879 2162 1041 2256 atque
1069 2162 1247 2242 adhuc
1281 2162 1727 2240 conﬁciebantur.
1766 2183 1899 2238 Nam
1935 2199 2058 2238 cum
2162 2179 2256 2232 lib.
2324 2191 2421 2229 vrri
2476 2171 2926 2227 Constitutionum
2982 2164 3390 2234 apostolicarum
3439 2162 3723 2256 praeﬁxum

499 2251 732 2332 haeretici
759 2251 1095 2349 [verba-sunt
1115 2276 1415 2332 doctissimi
1438 2276 1488 2328 le
1508 2273 1707 2345 Moynii
1728 2273 1864 2344 (79)]
1894 2273 2059 2325 multa
2163 2270 2359 2323 habeat
2388 2281 2584 2321 nomen
2622 2263 2679 2316 S.
2712 2260 2981 2331 Hippolyti
3035 2260 3136 2313 hoc
3180 2257 3281 2313 sub
3340 2255 3521 2318 titulo,
3562 2251 3727 2349 Aida-

492 2343 782 2433 jactarent;
819 2384 940 2437 quae
978 2376 1233 2438 tauquam
1270 2368 1338 2421 ab
1370 2343 1629 2436 apostolis
1658 2343 1861 2419 hausta
1881 2364 2025 2419 omni

2191 2361 2387 2414 ’κοιλία
2423 2357 2541 2411 τῶν
2598 2356 2779 2425 ἁγίων
2826 2354 3180 2407 ἀποστόλων
3236 2349 3368 2417 περὶ
3430 2343 3724 2415 χαρισμά-

499 2461 600 2513 bus
623 2436 1061 2524 obtruderentur,
1086 2436 1395 2524 orthodoxi,
1435 2468 1491 2512 ut
1516 2459 1785 2528 grassanti
1808 2458 1897 2512 isti
1920 2458 2062 2511 malo
2163 2472 2297 2507 των.
2335 2450 2614 2521 Siquidem
2672 2462 2810 2516 opus
2865 2443 3307 2499 Constitutionum
3355 2456 3385 2492 a
3432 2436 3725 2507 posteriori

498 2563 721 2619 possent
748 2554 890 2606 viam
934 2553 1320 2614 intercludere,
1373 2562 1426 2607 et
1469 2551 1730 2621 impedire
1771 2551 2061 2621 quominus
2164 2560 2327 2599 manu
2349 2553 2403 2597 et
2434 2542 2502 2596 ab
2532 2548 2752 2594 auctore
2805 2537 2989 2592 saeculi
3024 2533 3203 2605 quarti
3252 2530 3558 2602 profectum
3610 2544 3729 2583 esse

499 2647 771 2715 simplices
805 2657 857 2700 et
902 2646 1148 2701 rudiores
1180 2646 1357 2715 specie
1402 2645 1663 2699 doctrinae
1695 2645 2060 2715 apostolorum
2163 2634 2365 2705 passim
2394 2631 2592 2686 el'Udili
2626 2628 2978 2683 arbitramur-

498 2735 842 2789 ﬂecterentur
884 2745 937 2790 et
986 2735 1403 2797 seducerentur,
1438 2749 1621 2787 veram
1672 2742 1726 2787 et
1773 2734 2059 2803 genuinam
2168 2747 2195 2818 ς
2232 2746 2293 2799 ιι⁸
2345 2745 2421 2798 οε
2452 2759 2684 2798 sermone
2742 2740 2798 2794 ε,
2834 2737 3104 2818 Ηξηροιμιξ
3148 2755 3166 2787 ,
3196 2737 3249 2789 ίη
3279 2734 3531 2789 sanctam
3563 2729 3730 2784 τικο-

501 2826 813 2891 apostolica:
866 2826 1174 2880 traditionis
1221 2827 1414 2880 seriem
1461 2835 1947 2894 repraesentarunt,
1998 2842 2064 2879 ne
2169 2810 2194 2818 ⁷
2773 2810 3042 2879 Phaniam
3071 2827 3089 2858 ’

502 2890 780 2985 splendida
812 2920 1178 2985 apostolorum
1211 2890 1539 2974 auctoritate
1556 2921 1677 2973 aliis
1711 2918 1868 2973 fucus
1891 2918 2057 2979 ﬁeret,
2236 2906 2523 2962 “omnia”!
2554 2905 2607 2958 in
2640 2900 3068 2971 Τιὶεοριηηίτιιην
3093 2898 3205 2952 Sive
3249 2896 3304 2949 in
3340 2892 3549 2948 Chris‘i
3610 2890 3728 2945 5“"

501 3019 554 3062 et
603 3009 708 3064 illis
754 3009 1090 3064 illuderetur.
1139 3009 1276 3064 Hinc
1319 3011 1536 3064 traditio
1585 3010 1949 3079 apostolorum
1996 3011 2034 3063 ai

2206 2999 2377 3054 atoris
2397 2997 2749 3066 baptismum,
2774 2993 2932 3048 edere
2958 2991 3128 3044 voluit
3156 2990 3225 3044 cl.
3257 2985 3573 3040 Holstcnius
3600 2993 3730 3037 teste

500 3099 706 3153 Irenaeo
747 3116 871 3155 vera
911 3110 1288 3169 repraasentata
1324 3101 1461 3154 libro
1496 3116 1577 3164 ιιι,
1611 3116 1728 3169 cap.
1766 3101 1819 3163 5,
1858 3100 1911 3162 4,
1956 3110 2033 3153 etc

2194 3088 2462 3142 .ambecio
2520 3099 2664 3139 torno
2716 3082 2735 3135 Ι
2783 3080 3033 3134 Biblioth.
3096 3076 3409 3138 Vindobon.,
3446 3090 3578 3143 pag.
3608 3073 3727 3126 Hi.

504 3190 648 3244 Nam
697 3208 813 3244 cum
873 3192 1229 3245 Valentiniani
1252 3202 1300 3245 et
1331 3190 1562 3247 Cnostici
1602 3166 1767 3244 multa
1816 3193 2037 3261 ﬁgmenti

2196 3181 2536 3248 Eamdemque
2571 3174 2849 3230 homiliam
2900 3171 3209 3227 Christiano
3242 3167 3470 3222 Daumio
3504 3166 3576 3219 ad
3615 3180 3729 3218 ma-

498 3290 553 3335 et
590 3280 777 3335 deliria
825 3283 1077 3336 credenda
1110 3283 1450 3344 venditorem.
1488 3291 1665 3351 utpote
1706 3282 1770 3334 ab
1812 3256 2061 3352 apostolis
2090 3264 2131 3319 (ἶ
2165 3288 2269 3326 nus
2293 3272 2461 3325 fuisse
2490 3278 2639 3322 notat
2660 3267 2869 3337 lttigius
2910 3265 2964 3318 in
2998 3261 3376 3318 dissertatione
3409 3258 3486 3311 De
3515 3256 3732 3310 Nativi-

500 3374 626 3439 ipsis
662 3376 978 3427 annuntiata
1013 3387 1061 3428 et
1109 3376 1374 3437 derivata;
1424 3374 1659 3428 Irenazus
1697 3391 1869 3429 veram
1917 3392 2033 3443 urge

2195 3366 2290 3419 alis
2321 3363 2516 3418 Christi
2548 3362 2701 3429 festo,
2733 3374 2851 3427 pag.
2901 3356 3026 3418 595,
3061 3364 3182 3423 post
3211 3351 3566 3421 appendicem
3596 3349 3728 3402 diss.

502 3438 859 3524 apostolorum
881 3459 1213 3512 traditionem
1237 3469 1286 3513 et
1316 3460 1631 3522 doctrinam,
1662 3475 1821 3528 quam
1860 3458 1921 3511 ab
1956 3438 2064 3523 epi-
2166 3457 2244 3510 De
2273 3452 2657 3509 lueresiarchis.
2702 3448 2873 3514 Quam
2902 3445 3094 3500 habuit
3134 3444 3297 3498 etiam
3355 3439 3604 3493 Thomas
3628 3438 3733 3492 Ga-

503 3550 670 3616 scopis
716 3550 1071 3617 apostolorum
1124 3552 1505 3604 successoribus
1555 3558 1604 3602 et
1645 3548 1927 3616 Ecclesiis,
1974 3550 2064 3602 ubi
2166 3551 2287 3603 leus
2324 3555 2459 3602 teste
2508 3543 2685 3597 Caveo
2718 3540 2851 3610 (84).
2896 3536 3088 3605 Incipit
3135 3543 3356 3587 autem:
3404 3530 3597 3583 Πάντα
3637 3528 3731 3598 μὲν

504 3640 859 3706 apostolorum
901 3640 1147 3708 discipuli
1180 3642 1487 3704 docuerunt,
1518 3643 1797 3696 eruendam
1830 3651 1879 3695 et
1924 3642 2067 3693 deri-
2168 3638 2307 3695 καλὰ
2339 3638 2431 3691 καὶ
2464 3634 2602 3689 καλὰ
2626 3633 2767 3686 λίαν.
2795 3629 2872 3682 Ex
2895 3627 3082 3683 codice
3110 3626 3331 3681 Thomae
3366 3621 3519 3677 Galei
3544 3620 3733 3674 Graece

504 3729 730 3781 vendam
754 3730 1040 3787 contendit.
1071 3729 1138 3781 Et
1173 3732 1339 3797 primo
1367 3742 1512 3801 urget
1538 3732 1784 3785 Romana:
1818 3731 2067 3786 Ecclesia:
2168 3731 2489 3799 descriptam
2515 3725 2720 3793 accepit
2746 3721 2989 3776 eamdem
3037 3718 3312 3773 homiliam
3346 3731 3376 3768 a
3404 3713 3609 3768 Wollio
3644 3712 3733 3766 Al-

505 3818 869 3881 traditionem,
902 3820 990 3872 ubi
1021 3821 1233 3889 pt‘tt’fttit
1277 3819 1546 3886 Clemens;
1580 3821 1931 3891 Smyrnensis,
1974 3822 2062 3874 ubi
2168 3826 2355 3880 bertus
2404 3821 2706 3879 Fabricius,
2752 3830 2981 3882 eamque
3031 3808 3332 3865 collectioni
3388 3820 3624 3876 operum
3673 3802 3730 3856 S.

503 3911 684 3965 docuit
716 3909 1074 3981 Polycarpus;
1106 3910 1400 3981 Epliesince,
1427 3913 1515 3966 ubi
1549 3912 1814 3982 apostolus
1835 3911 2064 3967 Joannes
2168 3912 2436 3983 Hippolyti
2474 3909 2720 3963 inseruit.
2753 3905 2952 3959 Sancto
3004 3901 3129 3957 huic
3169 3898 3391 3969 martyri
3439 3896 3733 3951 ascriben-

506 4002 847 4074 Evangelium
881 4013 953 4057 tot
984 4005 1134 4057 annis
1162 4014 1210 4057 et
1236 4014 1381 4057 tanta
1412 4021 1529 4058 cum
1553 4005 1728 4073 fructu
1750 4005 2066 4073 prazdicave-
2167 4009 2289 4062 dam
2317 4020 2437 4059 esse
2457 4018 2523 4056 ex
2570 4001 2686 4053 solo
2721 3997 2831 4051 fere
2884 3994 3038 4050 titulo
3088 3990 3307 4062 probari
3355 3997 3554 4058 potest,
3612 4002 3735 4056 qua

506 4106 589 4148 ταί
618 4105 665 4148 εί
695 4106 1044 4164 Ρνοωουεναίο
1091 4094 1178 4149 δίο
1204 4096 1362 4164 Paulo
1389 4106 1503 4164 Ροδι
1534 4095 1819 4160 Ῐνεηίευηπ,
1865 4095 2067 4165 Ηὶρρο-
2168 4096 2513 4164 conjectura,
2574 4106 2697 4144 cum
2752 4085 3119 4141 omnimodam
3178 4079 3559 4138 certitudinem
3625 4093 3734 4132 non

506 4187 644 4255 lytus
678 4188 836 4240 etiam
858 4188 1066 4255 scripsit
1095 4203 1246 4240 suam
1265 4187 1605 4257 Παράὸοσιν
1634 4189 2039 4255 ἀποστολικὴν

2196 4189 2438 4251 praebeat,
2490 4182 2733 4238 ulteriori
2782 4181 2910 4235 crisi
2978 4178 3311 4233 eruditorum
3374 4172 3729 4241 relinquitur.

505 4288 564 4332 ut
606 4278 969 4333 hwreticorum
1009 4279 1201 4333 deliria
1243 4290 1292 4334 et
1337 4282 1541 4334 somnia
1574 4282 1844 4348 refutaret,
1879 4291 1927 4334 et
1973 4282 2067 4334 do-
2173 4280 2315 4334 Sane
2348 4279 2480 4331 nihil
2515 4276 2573 4330 S.
2614 4275 2899 4344 Hippolyto
2938 4273 3293 4340 incongruum
3328 4265 3733 4332 complectitur,

506 4370 732 4421 ctrinam
768 4380 1066 4439 perpetuam
1107 4372 1485 4440 apostolorum.
1531 4372 1587 4424 in
1626 4372 1931 4438 ﬂorentibus
1961 4371 2065 4424 Ec-
2170 4382 2223 4427 et
2254 4369 2591 4440 praesentiam
2620 4366 2713 4420 Dei
2770 4362 3067 4418 Salvatoris
3102 4359 3272 4414 nostri
3305 4372 3401 4427 per
3446 4371 3610 4411 suam
3647 4357 3731 4408 in-

505 4461 677 4517 clesiis
706 4464 1034 4532 superstitem
1062 4473 1109 4516 et
1142 4464 1397 4518 sinceram
1432 4464 1669 4519 omnibus
1710 4466 1826 4518 istis
1865 4465 2066 4521 deliriis
2172 4462 2539 4518 carnationem
2568 4457 2803 4512 maxime
2850 4456 2904 4508 in
2962 4453 3228 4523 baptismo
3271 4466 3372 4504 suo
3400 4464 3497 4518 per
3538 4461 3734 4501 vocem

505 4563 554 4606 ct
593 4554 855 4609 erroribus
902 4566 1291 4624 opponeret.....
1350 4554 1490 4609 Hinc
1530 4557 1691 4610 etiam
1729 4557 2064 4625 Παράδοσις
2099 4605 2137 4625 η
2170 4554 2350 4609 Patris
2406 4553 2472 4606 de
2518 4550 2656 4605 coelo
2713 4548 2988 4616 delapsam
3054 4542 3448 4598 manifestatam
3500 4539 3735 4593 demou-

503 4643 870 4712 ἀποστολική
910 4645 974 4698 ab
1006 4644 1289 4716 Hippolyto
1317 4646 1596 4713 adornata,
1639 4650 1692 4702 id
1728 4605 2036 4703 estmarratil

789 4646 870 4712 εκή
910 4645 974 4698 ab
1006 4644 1289 4716 Hippolyto
1317 4646 1596 4713 adornata,
1639 4650 1692 4702 id
1728 4658 1803 4702 est
1826 4649 2062 4703 narratio
2097 4605 2139 4657 υ
2167 4656 2322 4702 strat.

506 4736 838 4805 dogmatum,
869 4755 986 4808 qua:
1011 4741 1232 4807 apostoli
1275 4741 1653 4794 successoribus
1689 4742 1797 4794 suis
1835 4741 2066 4794 tradide-
2238 4737 2536 4792 Observant
2594 4732 2897 4790 doctissimi
2969 4729 3200 4785 Maurini
3261 4727 3371 4796 (85)
3444 4724 3735 4778 homiliam

508 4838 650 4894 rant,
692 4830 935 4897 posteris,
984 4831 1052 4882 ad
1096 4830 1284 4885 ultima
1326 4833 1507 4887 mundi
1553 4833 1687 4902 fata,
1734 4833 1988 4887 tradenda
2016 4842 2066 4886 et
2167 4835 2310 4886 hanc
2338 4832 2437 4885 abs
2468 4828 2524 4883 S.
2555 4828 2840 4899 Hippolyto
2884 4824 3284 4896 pronuntiatam
3339 4820 3510 4873 fuisse
3541 4833 3735 4872 coram

506 4922 964 4975 communicanda.
994 4919 1265 4977 Hactenus
1297 4923 1643 4979 doctissimus
1681 4925 1730 4979 le
1761 4923 2027 4994 Moynius.
2171 4924 2481 4994 gentilibus.
2512 4922 2636 4976 Haec
2662 4920 2974 4991 singillatim
3027 4924 3318 4986 pertractat
3342 4914 3407 4967 de
3455 4912 3737 4980 baptismo

578 5011 682 5066 Alii
709 5023 1037 5069 censuerunt
1072 5030 1164 5083 per
1188 5025 1475 5071 tractatum
1520 5016 1620 5071 sub
1644 5016 1797 5070 titulo
1830 5016 2067 5069 Traditio
2170 5017 2297 5072 Jcsu
2325 5015 2547 5080 Christi,
2582 5016 2810 5084 ejusque
2865 5010 3144 5065 effectibus
3173 5008 3338 5062 relate
3365 5006 3432 5059 ad
3478 5004 3737 5058 homines

491 5099 799 5173 'apostolica
855 5110 1237 5164 annuntiatum
1304 5111 1525 5181 intelligi
1588 5126 1749 5179 posse
1813 5111 2066 5163 διδασκα-
2171 5111 2490 5179 praesertim.
2531 5111 2732 5162 Auctor
2760 5105 3057 5159 orationem
3103 5116 3256 5155 suam
3286 5098 3447 5153 modo
3468 5098 3538 5151 ad
3564 5110 3738 5149 unam

509 5195 648 5260 λίαν,
680 5213 774 5252 seu
804 5197 1099 5251 doctrinam
1128 5202 1299 5253 sancti
1331 5199 1625 5271 Hippolyti,
1657 5216 1776 5270 quae
1801 5200 1852 5253 in
1877 5201 2069 5257 biblio-
2174 5203 2459 5265 duntaxat,
2494 5199 2654 5254 modo
2699 5199 2765 5254 ad
2817 5196 2996 5266 plures
3029 5193 3208 5261 dirigit
3246 5205 3530 5261 personas.
3585 5185 3737 5241 Nihil

584 5371 691 5453 L78)
736 5372 995 5444 Scaliger,
1044 5375 1121 5428 De
1169 5377 1423 5430 emendat.
1470 5386 1626 5447 temp.
1672 5376 1764 5429 lib.
1802 5391 1897 5439 vn,
1946 5391 2066 5446 pag.

2244 5383 2355 5453 (85)
2395 5381 2476 5437 Cl.
2539 5380 2782 5453 Grabius
2826 5386 2997 5432 morte
3046 5381 3365 5453 praeyentus‘
3398 5370 3733 5453 promissum

513 5439 688 5524 723;“;
734 5512 755 5524 ν
841 5439 907 5524 η’
1106 5514 1145 5524 __
1220 5518 1232 5524 _
1573 5439 1582 5447 ’
1683 5517 1723 5524 __
1943 5439 2066 5524 ξς-
2172 5439 2448 5524 exsolrere
2493 5466 2600 5524 non
2638 5451 2848 5524 potuit}.
2879 5439 3062 5501 verum
3097 5444 3293 5524 Albert.
3326 5439 3736 5524 Fabriciiis‘na-

585 5510 693 5581 (79)
734 5512 808 5569 Le
841 5512 1061 5587 Moyne,
1106 5514 1267 5569 Varia
1299 5533 1471 5579 sacra,
1500 5527 1631 5571 tom.
1683 5517 1746 5583 ll,
1786 5532 1905 5586 pag.
1937 5517 2070 5570 1062

2210 5533 2295 5576 tus
2322 5523 2505 5574 eadem
2537 5522 2602 5573 ad
2642 5509 2758 5587 'jam
2798 5509 2972 5572 dictos
3009 5531 3140 5568 mss.
3182 5514 3382 5587 libros”
3405 5509 3735 5587 recensitaa

511 5591 557 5638 θ’
932 5578 948 5587 ⁷
1054 5657 1086 5659 __
1304 5657 1315 5659 ,
1459 5578 1463 5579 ί
2174 5592 2405 5655 Grabio,
2460 5591 2553 5659 qui
2598 5578 2785 5659 Latina
2832 5587 3082 5659 versione
3123 5584 3282 5659 etiam
3332 5580 3417 5632 illa
3471 5578 3737 5640 donavit,

728 5653 1006 5730 Ιίθθιῖδθηη
1054 5657 1268 5730 νίιζάίε;
1287 5657 1489 5730 ῙςΙηαειν
1517 5674 1635 5730 Qag-
1672 5656 1739 5711 60
1765 5666 1816 5710 ει
1843 5657 2044 5730 σε’-οη,-
2175 5672 2321 5715 tumo
2349 5662 2363 5712 l
2393 5652 2634 5730 Operuni
2654 5658 2919 5730 Hippolyti
2951 5654 3197 5730 inseruit.

734 5723 931 5797 Grabe,
971 5739 1075 5781 tom
1132 5728 1171 5791 1,
1231 5722 1480 5797 δρῖεἱίεςιέ
1509 5722 1752 5789 Patrum,
1788 5744 1905 5795 pag.
1942 5725 2070 5797 285.
2249 5732 2358 5797 (84)
2395 5722 2554 5793 leve,
2592 5722 3119 5797 [lis¢:'li¢1}gr,,_lom,
3154 5722 3190 5773 1,

514 5782 702 5917 degat).
736 5782 1010 5861 ιαηιιιρέ.,
1055 5782 1297 5864 ιιι).’γιιί,
1332 5782 1453 5869 pag".
1482 5798 1620 5864 tae,
1653 5782 1903 5852 Bittiodi.
1948 5793 2071 5851 Vin-
2246 5782 2355 5871 {855
2399 5782 2731 5855 ᾖιδιζιίιιέν.
2769 5799 2832 5851 de
2861 5798 2911 5850 la
2946 5782 3165 5860 France,
3202 5800 3332 5847 tom.
3375 5790 3417 5853 l,
3450 5803 3578 5859 pag.
3602 5782 3740 5841 5'10.
