3882 6476
180 361 269 418 509

184 571 233 627 S.
256 570 504 640 Hippolyti
564 570 946 625 inconveniens
982 572 1287 640 reperitur;
1324 572 1569 641 quinimo
1595 572 1707 627 sive

184 661 351 731 stylum
376 670 601 728 spectes,
625 661 737 715 sive
765 661 975 716 dicendi
999 663 1215 717 modum
1250 665 1300 716 in
1320 664 1447 718 aliis
1476 678 1709 732 opuscu-

184 753 257 817 lis,
288 766 398 824 quaa
426 751 642 805 indubie
674 752 845 821 ipsius
900 761 1046 816 sunt,
1094 754 1412 818 adhibitum,
1462 755 1709 808 eumdem

182 845 487 913 ipsissimum
531 844 585 897 in
640 845 741 898 hac
769 845 992 898 homilia
1032 846 1404 902 observamus.
1442 845 1711 901 Notatin-

181 950 322 1004 super
345 934 689 989 doctissimus
719 934 996 1004 Remigius
1026 937 1241 991 Ceillier
1288 937 1401 1009 (86)
1435 939 1706 994 laudatam

181 1025 430 1080 homiliam
465 1041 583 1080 esse
624 1026 871 1091 nitidam,
929 1028 1354 1093 :edilicatoriam,
1386 1030 1712 1101 dignamque

183 1128 348 1170 sancto
367 1117 641 1185 episcopo,
669 1132 881 1171 necnon
912 1127 965 1172 et
1010 1120 1142 1173 satis
1168 1121 1520 1184 elaboratam,
1553 1133 1714 1192 atque

180 1210 318 1279 longe
357 1211 659 1279 politiorem
686 1212 895 1265 caeteris
936 1213 1298 1267 communiter
1341 1222 1582 1268 veterum
1613 1213 1713 1269 Pa-

180 1313 304 1356 trum
327 1302 582 1357 bomiliis.

240 1394 441 1448 Addunt
472 1404 731 1463 prmterea
768 1395 997 1451 Maurini
1029 1396 1162 1467 (87),
1215 1396 1479 1466 quosdam
1529 1396 1715 1451 erudi-

179 1497 252 1543 tos
275 1486 609 1542 existimasse
659 1488 931 1542 laudatam
985 1489 1260 1543 homiliam
1312 1488 1554 1542 eamdem
1597 1504 1716 1544 esse

179 1594 320 1646 quam
366 1576 421 1630 S.
459 1576 826 1649 Hieronymus
877 1580 1015 1633 inter
1064 1581 1171 1634 divi
1225 1579 1497 1651 Hippolyti
1554 1598 1715 1651 opera

181 1670 266 1722 hoc
291 1669 385 1722 sub
407 1670 567 1723 titulo
593 1671 871 1724 denotavit
904 1690 915 1725 :
948 1670 1185 1723 Homilia
1225 1672 1430 1727 scilicet
1462 1673 1524 1726 de
1563 1673 1718 1727 laude

180 1758 472 1813 Saluatoris.
509 1760 713 1815 Verum
763 1762 817 1815 in
868 1763 1092 1831 praefata
1127 1763 1346 1818 homilia
1380 1780 1485 1817 non
1521 1764 1717 1835 legitur

180 1852 308 1918 illud,
366 1853 511 1922 quod
582 1854 645 1908 D.
696 1852 1054 1925 Hieronymus
1105 1854 1401 1926 subjungit,
1456 1857 1711 1910 nimirum

182 1954 401 2000 sanctum
450 1955 700 2001 nostrum
751 1946 803 1999 in
849 1947 1131 2016 praesentia
1165 1948 1410 2017 Origenis
1466 1950 1712 2004 eamdem

178 2039 557 2106 pronuntiasse.
588 2038 842 2093 Fatemur
869 2038 1111 2109 quidem,
1166 2041 1310 2109 quod
1344 2040 1407 2094 ad
1433 2040 1716 2096 dilﬁculta-

178 2139 267 2183 tem
300 2130 435 2183 banc
459 2129 833 2184 extricandam
887 2131 1108 2200 quidam
1153 2131 1466 2195 obtendant,
1516 2131 1715 2187 factum

179 2220 265 2275 hoc
285 2220 376 2274 abs
406 2219 467 2275 Ι).
506 2218 836 2291 Hieronymo
892 2223 1167 2291 proditum
1213 2239 1421 2277 merum
1469 2239 1588 2279 esse
1633 2240 1718 2279 er-

179 2324 330 2364 rorem
354 2325 419 2366 ex
454 2312 601 2366 male
630 2312 899 2367 intellecto
946 2302 1121 2383 capite
1155 2315 1223 2368 25
1264 2315 1387 2369 libri
1436 2332 1489 2369 vt
1546 2315 1717 2371 Euse-

181 2402 240 2454 bii
260 2412 496 2469 enatum,
532 2419 806 2473 quemque
829 2405 1116 2459 clarissimi
1143 2407 1243 2460 viri
1280 2405 1506 2463 lluetius
1536 2416 1589 2463 et
1615 2408 1721 2462 Va-

180 2492 324 2548 lesius
366 2496 696 2549 refutarunt.
758 2495 958 2551 Verum
1016 2499 1118 2552 hoc
1165 2514 1273 2552 non
1332 2507 1442 2553 tam
1488 2511 1718 2563 certum,

180 2586 612 2652 quemadmodum
643 2589 967 2652 vcnditatur,
995 2589 1299 2644 habendum
1323 2601 1423 2647 est.
1443 2591 1718 2662 Siquidem

180 2670 522 2747 Hieronymus
548 2678 637 2732 hic
663 2694 768 2733 non
799 2681 1094 2735 secundum
1127 2681 1419 2737 Eusebium
1459 2683 1719 2753 loquitur.

183 2764 280 2830 ipse
306 2769 443 2820 enim
474 2768 546 2822 de
582 2768 734 2824 libris
773 2784 801 2822 a
826 2773 1004 2840 seipso
1038 2772 1189 2827 lectis
1210 2773 1459 2840 disserit;
1491 2790 1726 2843 quapro-

182 2864 282 2924 pter
307 2859 677 2914 verosimilius
704 2862 817 2915 haec
856 2864 953 2917 abs
1005 2873 1192 2918 sancto
1247 2864 1467 2920 doctore
1509 2865 1725 2921 laudata

184 2947 381 3001 homilia
408 2964 539 3003 cum
594 2951 841 3019 pluribus
887 2953 1008 3007 aliis
1053 2954 1295 3022 ejusdem
1356 2957 1594 3010 auctoris
1646 2958 1727 3010 in-

179 3037 340 3105 teriit,
415 3041 880 3111 quemadmodum
958 3045 1121 3114 paulo
1200 3044 1427 3102 inferius
1504 3032 1748 3101 docebiJ

180 3142 300 3184 mus.

678 3223 1074 3280 ARTICULUS
1107 3225 1172 3280 IX
1184 3268 1197 3280 .

432 3352 504 3389 οε
540 3351 741 3392 CANONE
763 3356 1013 3395 PASCHALI
1055 3359 1100 3397 8.
1146 3360 1446 3399 HIPPOLYTI.

188 3420 211 3489 ᾗ
240 3421 275 3475 l.
300 3423 354 3478 S.
390 3425 675 3499 Hippolyti
700 3431 883 3513 canon
914 3451 1005 3487 seu
1052 3434 1258 3513 Cyclas
1280 3436 1555 3492 Paschalis
1590 3446 1726 3493 inte-

620 3517 707 3569 gre
734 3505 971 3556 inventus
1004 3521 1093 3557 an.
1132 3505 1289 3559 1551.

242 3586 498 3643 Cononem
552 3591 872 3659 paschalem,
928 3611 1023 3649 seu
1080 3595 1296 3665 Cyclum
1345 3598 1661 3667 paschalem,
1697 3615 1728 3653 a

187 3675 234 3730 S.
265 3677 554 3752 Hippolyto
590 3686 974 3753 compositum,
1022 3687 1179 3756 cujus
1206 3690 1492 3745 Anatolius
1526 3689 1726 3745 Laodi-

188 3773 343 3827 censis
377 3774 521 3843 (88),
558 3774 824 3831 Eusebius
878 3777 989 3847 (89)
1026 3787 1079 3833 et
1131 3779 1187 3833 S.
1234 3778 1590 3852 Hieronymus
1619 3783 1728 3853 (90)

186 3864 557 3928 meminerunt,
598 3865 782 3921 Grmce
827 3877 880 3922 et
927 3867 1117 3923 Latine
1150 3871 1439 3940 interprete
1476 3874 1731 3928 eruditis-

188 3954 307 4009 simo
351 3957 653 4013 Francisco
704 3959 1040 4027 Blanehinio,
1075 3964 1326 4032 notisque
1369 3964 1569 4035 Egidii
1625 3964 1732 4019 Buo

186 4047 335 4102 cberii
363 4058 416 4104 et
445 4052 684 4104 aliorum
720 4053 962 4107 virorum
1006 4055 1445 4111 doctissimorum
1489 4058 1732 4111 illustra-

189 4142 304 4197 tum,
330 4137 526 4192 nltimo
556 4139 771 4194 tandem
812 4142 951 4204 loco,
1004 4143 1129 4198 licet
1165 4145 1235 4199 ob
1283 4162 1434 4199 suam
1468 4155 1731 4216 praestan-

190 4224 299 4279 tiam
330 4237 381 4282 et
415 4229 786 4298 integritatem
834 4232 974 4285 inter
996 4231 1312 4304 Hippolyten
1365 4236 1539 4305 primo
1569 4237 1733 4291 collo-

188 4320 372 4374 candus
394 4330 547 4375 esset
575 4320 717 4386 loco,
750 4337 1117 4378 recensemus.
1160 4324 1400 4381 Perierat
1428 4328 1529 4381 iste
1553 4328 1735 4383 Canon

189 4425 294 4463 cum
327 4414 542 4466 ueteris
606 4413 846 4481 ejusdem
885 4413 1152 4486 Hippolyti
1197 4421 1584 4484 monumentis,
1634 4436 1735 4475 nec

189 4502 293 4567 ejus
319 4506 620 4573 quidquam
652 4513 847 4572 praater
878 4520 1073 4560 nomen
1107 4517 1387 4576 supererat
1413 4528 1426 4575 ;
1462 4525 1585 4564 cum
1612 4527 1736 4568 ecce
1768 4488 1812 4543 θ

191 4593 315 4648 bono
342 4596 455 4662 Dei,
484 4605 542 4650 et
580 4612 775 4660 magna
804 4599 1140 4651 eruditorum
1175 4601 1417 4654 omnium
1442 4602 1645 4669 laetitia,
1680 4616 1738 4660 ut

190 4685 456 4757 Baronius,
514 4690 774 4764 Scaliger,
836 4693 1210 4765 Gruterusque
1260 4704 1549 4764 testantur,
1598 4715 1739 4754 anno

337 4806 355 4877 )
413 4806 862 4879 Remiﬂeillier,
925 4808 1066 4864 Hist.
1122 4811 1297 4879 génér.
1357 4813 1445 4865 des
1500 4822 1736 4876 auteurs,

191 4881 327 4947 tom.
340 4878 403 4947 ll,
428 4893 565 4947 pag.
594 4877 727 4947 7529.

190 4944 537 5081 WSQYgist:
582 4946 687 5002 litt.
741 4949 804 5002 de
859 4947 913 5001 la
950 4948 1177 5015 France,
1236 4958 1369 5003 tom.
1434 4951 1478 5018 Ι,
1518 4960 1660 5021 part.
1694 4969 1732 5017 ι,

191 5085 638 5217 “fatenda.
701 5086 869 5142 Laod.
914 5090 1104 5159 episc.,
1144 5088 1352 5160 prmfat.
1411 5090 1479 5145 ad
1535 5089 1739 5145 Canon-

254 5223 355 5297 (SQ)
389 5225 615 5297 Euseb"
640 5227 736 5281 lib.
767 5244 819 5281 v1
861 5228 930 5285 H.
970 5228 1059 5291 E.,
1091 5245 1208 5297 cap.
1242 5229 1331 5283 22.

193 5292 739 5429 ea(30)”liieronym.
764 5300 817 5352 in
855 5298 1097 5369 Catalog.
1136 5292 1220 5374 .de
1291 5301 1473 5369 script.
1517 5302 1701 5354 cccles.
1726 5342 1741 5367 ,

257 5432 362 5501 (9i)
419 5433 678 5515 Bttcher.,
719 5437 1007 5515 De_do_ctr.
1046 5448 1288 5508 tempor.,
1324 5455 1459 5515 par.
1511 5440 1644 5515 292,
1688 5441 1740 5515 in

195 5508 571 5637 armentario
606 5522 705 5561 suo
756 5509 822 5563 ad
881 5508 1143 5563 Canonem
1185 5510 1483 5579 paschalem
1511 5508 1737 5564 Victorii

272 5589 317 5623 ιιι
346 5590 457 5627 ant.

259 5641 367 5723 (9?)
420 5642 662 5723 ‘I'ignol.2
705 5646 990 5704 Dissertat.
1029 5649 1096 5705 de
1138 5664 1281 5704 anno
1322 5664 1339 5702 ι
1376 5646 1561 5703 Severi
1617 5648 1740 5703 Ale-

197 5712 396 5781 sentiri,
431 5712 553 5781 pair.
596 5718 685 5771 94.
1034 5732 1035 5735 ‘

259 5778 361 5850 (93)
417 5778 701 5857 Scaliger.,
760 5787 834 5843 De
882 5788 1139 5844 emendat.
1194 5799 1431 5861 tempor.,
1492 5789 1583 5843 lib.
1641 5801 1736 5851 vn,

1112 358 1198 412 DE
1238 358 1397 413 VITA
1436 357 1523 413 ET
1565 354 1871 411 SCRIPTIS
1910 355 1966 409 S.
2009 351 2385 408 HIPPOLYTI.

183 493 376 547 quoque
404 477 454 531 in
490 478 591 531 hoc
640 477 891 532 discursu
928 487 1022 532 aut
1068 479 1363 546 doctrinm,
1421 490 1514 534 aut
1564 481 1706 534 aetati
1736 484 1777 539 Α
1810 478 2018 532 Domini
2052 477 2210 543 1551,
2238 492 2301 530 ex
2364 490 2492 546 agro
2519 473 2734 529 Verano
2773 489 2879 527 non
2927 472 3115 543 procul
3144 472 3210 526 ab
3255 472 3367 526 aede
3466 512 3469 513 ν

3252 350 3356 405 310

1813 569 1870 625 S.
1893 569 2169 623 Laurentii
2197 567 2264 622 ad
2294 565 2489 621 Urbem
2520 582 2549 621 e
2580 566 2855 620 memoria:
2902 564 3170 635 Hippolyti
3222 563 3367 617 anti-

1810 677 1929 730 quae
1960 660 2251 715 ruderibus
2279 658 2475 714 effossa
2511 658 2710 728 prodiit
2745 658 2966 727 antiqua
3022 672 3052 710 e
3094 671 3369 709 marmore

1812 762 2009 816 statua,
2068 754 2204 808 solio
2263 746 2535 817 insidens,
2595 749 2796 805 Graecis
2866 751 3119 817 utrinque
3176 747 3370 801 litteris

1811 844 2089 913 inscripta.
2132 843 2347 898 Litterae
2385 844 2439 896 in
2475 843 2620 898 binis
2674 842 2942 896 cathedrae
2974 839 3249 895 laterculis
3275 854 3371 910 cy-

1812 937 1926 992 clos
1982 935 2264 1005 paschales
2335 949 2603 988 annorum
2662 932 2933 988 sexdecim
3009 930 3369 993 exhibebant;

1812 1035 2128 1097 quartarum
2146 1026 2481 1080 decimarum
2503 1024 2712 1089 dextro,
2729 1022 3133 1077 Dominiearum
3153 1020 3375 1091 pascha-

1813 1119 1944 1173 lium
2004 1118 2247 1182 sinistro,
2302 1127 2564 1185 utrosque
2602 1122 2820 1169 centum
2875 1113 3162 1167 duodecim
3214 1111 3373 1165 annis

1814 1209 2112 1263 universim
2166 1206 2612 1275 comprehensos,
2676 1220 2785 1273 qua
2833 1218 3102 1257 annorum
3148 1200 3373 1271 periodo

1815 1302 1981 1355 ferias
2014 1301 2231 1355 easdem
2260 1301 2313 1353 in
2337 1299 2519 1353 orbem
2551 1297 2725 1352 redire
2771 1295 2999 1350 credidit
3033 1293 3371 1363 Hippolytus.

1815 1392 1932 1447 Non
1957 1403 2075 1447 erat
2106 1391 2326 1461 quidem
2355 1404 2674 1458 expressum
2732 1386 3005 1457 Hippolyti
3032 1400 3253 1445 nomen,
3282 1384 3375 1439 sed

1817 1483 1974 1538 facile
2006 1484 2123 1553 ipsa
2149 1480 2700 1537 heccaedecaeteridos
2725 1479 2998 1542 methodo,
3031 1485 3085 1530 et
3113 1476 3376 1529 librorum

1818 1573 2090 1639 lemmate,
2153 1571 2298 1641 quod
2352 1570 2603 1624 dextrum
2662 1567 2980 1623 laterculum
3032 1564 3374 1628 continebat,

1822 1667 2094 1737 proditum
2136 1674 2252 1729 est;
2282 1677 2470 1717 eorum
2501 1662 2643 1715 enim
2686 1660 2929 1716 omnium
2963 1670 3240 1713 auctorem
3268 1653 3379 1708 Eu-

1820 1758 2027 1821 sebius,
2061 1756 2438 1825 Hieronymus,
2467 1753 2665 1821 aliique
2693 1750 3037 1821 Hippolytum
3065 1749 3380 1818 episcopum

1816 1850 2041 1904 faciunt.
2069 1848 2202 1902 Tam
2227 1847 2453 1908 illustre,
2479 1854 2590 1898 tam
2620 1859 2801 1897 rarum
2826 1842 3109 1913 primitiue
3131 1839 3383 1894 Ecclesia:

1817 1952 2229 1997 monumentum
2261 1937 2513 1992 Marcello
2544 1937 2777 1991 Cervino
2815 1946 2946 1990 tunc
2974 1934 3031 1990 S.
3070 1934 3133 1987 li.
3168 1933 3230 1985 E.
3258 1948 3381 1987 car-

1816 2032 2008 2095 dinali,
2032 2038 2220 2100 postea
2248 2028 2410 2082 etiam
2441 2027 2681 2095 ejusdem
2712 2025 2951 2079 nominis
2997 2038 3148 2094 papae
3195 2020 3261 2082 ll,
3297 2021 3383 2074 di-

1818 2123 2145 2193 gnissimum
2181 2120 2357 2173 visum
2392 2116 2537 2186 quod
2571 2115 2794 2170 Romam
2836 2116 2959 2168 inde
3004 2112 3304 2168 deferretur
3331 2118 3385 2163 et

1817 2217 1872 2269 in
1910 2214 2164 2269 Vaticana
2219 2212 2543 2266 bibliotheca
2592 2210 2945 2268 conderetur;
2978 2205 3145 2259 edidit
3193 2204 3385 2258 deinde

1820 2308 2026 2369 Graece,
2053 2313 2114 2359 ut
2134 2313 2273 2368 erat,
2324 2317 2447 2357 cum
2498 2299 2736 2369 antiquis
2789 2298 2904 2351 suis
2940 2292 3385 2363 inscriptionibus

1820 2398 2121 2462 Gruterus;
2187 2393 2423 2461 Scaliger
2479 2392 2640 2445 etiam
2696 2390 2838 2443 notis
2875 2384 3184 2440 illustravit.
3249 2380 3382 2451 Ego,

1822 2489 1999 2559 inquit
2052 2486 2386 2547 Bucherius,
2435 2486 2517 2537 hic
2572 2481 2758 2535 Latine
2815 2478 3042 2549 ﬁdeliter
3098 2475 3384 2539 redditum,

1822 2599 1923 2636 non
1952 2592 2057 2634 tant
2104 2580 2166 2632 de
2220 2593 2347 2631 novo
2401 2576 2682 2644 explicare,
2737 2589 2893 2642 quam
2922 2568 3255 2641 paschalibus
3292 2564 3386 2617 Vi-

1823 2673 1978 2727 ctorii
2028 2671 2197 2725 nostri
2252 2667 2666 2733 Latinorumque
2735 2664 3025 2732 primorum
3093 2656 3385 2712 rationibus

1826 2764 2167 2833 conformem,
2217 2759 2400 2829 paucis
2458 2758 2724 2811 ostendere
2783 2752 3051 2809 constitui.
3115 2748 3387 2802 Hactenus

1825 2854 2173 2911 doctissimus
2203 2850 2452 2929 )Egidius
2481 2848 2779 2903 Bueherius
2802 2844 2935 2916 (91).

1900 2965 2011 3021 Hos
2056 2973 2235 3019 autem
2289 2962 2447 3016 binos
2492 2957 2911 3015 sexderennales
2943 2969 3178 3010 canones
3217 2952 3269 3005 in
3298 2966 3390 3006 ea-

1826 3056 1947 3111 dem
1980 3054 2237 3109 cathedra
2286 3051 2495 3120 lapidea
2544 3049 2843 3117 insculptas
2898 3045 3087 3109 fuisse,
3124 3058 3229 3096 non
3281 3058 3388 3095 una

1756 3152 1798 3209 C
1832 3149 1991 3219 plane
2041 3148 2183 3202 ratio
2225 3145 2434 3209 suadet,
2486 3153 2545 3197 ut
2598 3151 2742 3197 recte
2783 3138 3165 3194 animadvertit
3216 3134 3281 3188 V.
3326 3136 3385 3188 C.

1829 3237 2066 3293 Joannes
2097 3236 2377 3307 Vignolius
2413 3233 2547 3304 (92).
2600 3231 2724 3285 Prw
2776 3230 2998 3292 ueteris,
3041 3226 3235 3296 inquit,
3273 3240 3391 3295 qua

1827 3330 1937 3400 ejus
1987 3328 2219 3382 creditur
2240 3336 2449 3387 statua;
2506 3341 2663 3393 quam
2687 3332 2743 3375 ut
2784 3322 2949 3375 eidem
3000 3320 3170 3372 adhuc
3203 3318 3391 3371 viventi

1826 3422 2051 3491 positam
2084 3419 2460 3482 existimemus,
2492 3432 2597 3469 non
2648 3413 2792 3466 illius
2836 3413 2931 3465 tevi
2986 3409 3198 3463 Immitis
3236 3407 3389 3462 Chri-

1828 3514 2123 3566 stianorum
2161 3508 2414 3574 conditio,
2458 3522 2618 3576 neque
2650 3505 2816 3574 ipsius
2858 3503 2956 3556 viri
2987 3502 3241 3554 sanctitas
3272 3514 3389 3551 om.

1829 3605 1955 3657 nino
1977 3603 2089 3672 pati
2131 3601 2355 3655 videtur.
2385 3601 2551 3669 Atque
2574 3599 2685 3667 ejus
2716 3597 2900 3650 deinde
2932 3595 3186 3647 librorum
3224 3591 3389 3655 tituli,

1830 3710 2049 3765 quorum
2099 3694 2157 3745 in
2194 3691 2429 3761 margine
2496 3689 2757 3743 cathedra:
2807 3687 2999 3740 mentio
3051 3693 3255 3746 exstat;
3304 3684 3391 3753 qui

1832 3785 2039 3839 nonnisi
2068 3789 2185 3853 post
2206 3782 2353 3835 illius
2401 3780 2598 3833 obitum
2629 3778 2691 3831 ab
2735 3778 2839 3830 alio
2864 3776 3088 3844 appositi
3115 3774 3277 3844 fuisse
3319 3774 3395 3826 ei-

1829 3876 2041 3941 dentur,
2070 3882 2131 3928 ut
2176 3874 2232 3926 in
2279 3874 2444 3942 ipsius
2492 3872 2734 3923 honorem
2787 3869 3094 3937 laudemque
3138 3866 3391 3920 cederent.

1833 3964 1986 4029 Quod
2020 3979 2136 4015 cum
2186 3965 2263 4014 ita
2298 3962 2388 4025 sit,
2446 3959 2726 4013 verisimile
2768 3957 3050 4011 admodum
3098 3973 3206 4010 esse
3252 3972 3389 4017 reor,

1835 4056 2037 4125 aliquid
2087 4056 2143 4107 in
2167 4055 2347 4107 eodem
2397 4068 2594 4105 canone
2651 4052 2989 4104 commissum
3023 4050 3203 4117 fuisse,
3257 4049 3393 4119 quad

1834 4145 1980 4197 nullo
2009 4154 2162 4214 pacto
2185 4152 2367 4196 sancto
2400 4142 2685 4210 Hippolyto
2714 4150 2791 4193 est
2816 4140 3203 4193 ascribendum.
3240 4138 3393 4191 Non-

1835 4238 1981 4291 nulla
2010 4238 2110 4291 t'iri
2139 4234 2435 4289 doctissimi
2475 4235 2592 4304 jam
2628 4242 3014 4302 prcenotarunt,
3048 4249 3164 4302 qua:
3200 4233 3395 4303 partim

1834 4328 2115 4398 sculpturis
2165 4327 2454 4393 inscitiam,
2504 4328 2702 4396 partim
2739 4326 2955 4378 alterius
3002 4326 3265 4378 incuriam
3302 4340 3395 4377 ar-

1836 4432 2021 4492 guunt.
2051 4420 2312 4474 Caeterum
2367 4434 2616 4472 canonem
2648 4417 3039 4487 Hippolyteum,
3086 4426 3203 4484 post
3250 4415 3399 4469 lose-

1836 4514 1994 4584 phum
2027 4510 2355 4581 Scaligerum
2410 4510 2543 4580 (93),
2582 4510 2897 4579 Dionysium
2960 4507 3235 4562 Petavium
3281 4506 3393 4577 (94)

1837 4616 1886 4661 et
1912 4605 2188 4675 zEgidium
2228 4603 2546 4657 Bucherium
2599 4601 2730 4670 (95),
2754 4601 2850 4654 alii
2898 4616 3098 4670 quoque
3152 4599 3398 4653 recentio-

1840 4716 1919 4752 res
1970 4696 2103 4766 (96),
2156 4704 2210 4748 at
2258 4696 2485 4749 maxime
2544 4694 2776 4749 omnium
2838 4691 2899 4746 γ.
2952 4691 3014 4746 C.
3074 4688 3393 4743 Franciscus

1839 4826 1961 4880 pag.
1987 4807 2083 4860 79.1
2121 4817 2172 4860 et
2201 4822 2348 4927 seqq.

1914 4878 2025 4927 l9.“
2058 4876 2262 4927 Petav..
2343 4893 2369 4927 e
2398 4876 2641 4927 doctrina
2672 4885 2913 4927 temnen.
2937 4872 2971 4925 li

1914 4872 2025 4948 (9h)
2052 4872 2369 4948 Deum—De
2398 4876 2641 4948 doctrina
2672 4885 2913 4943 tempor.,
2937 4872 3033 4925 lib.
3058 4888 3117 4938 ιι,
3143 4888 3263 4942 pag.
3294 4873 3355 4925 61
3375 4912 3390 4928 .

1914 4946 2024 5018 (95))
2050 4946 2305 5018 Boeben,
2324 4946 2427 5018 lo_c.
2464 4946 2557 5018 cit.

1914 4951 2003 5018 (93)
2051 4951 2427 5010 Bucher.,loc.
2464 4951 2557 4999 cit.

1912 4951 2025 5087 (96;
2053 5015 2137 5070 «ιο.
2172 5015 2325 5070 Dom.
2352 5015 2611 5087 cassinus
2641 5015 2693 5066 in
2719 5011 3194 5087 academiaﬁegia
3215 5010 3390 5087 Paris.

1843 5081 1987 5143 anno
2007 5081 2159 5141 ’1696
2198 5084 2695 5139 animadversiones
2730 5099 2857 5138 suas
2918 5085 2969 5137 in
3005 5082 3274 5152 Hippolyti
3294 5081 3397 5152 Qa-

1843 5174 2028 5211 nonem
2049 5174 2079 5210 e
2109 5157 2308 5222 scripto
2335 5154 2599 5217 recitavit,
2632 5154 2695 5206 de
2712 5154 2910 5222 quibus
2945 5150 3256 5208 vide’Joan.
3292 5150 3396 5204 Ba-

1842 5230 2060 5297 ptistam
2089 5227 2159 5297 du
2188 5222 2375 5278 Hamel
2404 5223 2456 5276 in
2505 5223 2679 5297 Regia;
2731 5225 3067 5297 scientiarum
3098 5222 3395 5297 academica

1845 5292 2108 5359 Historia,
2143 5296 2235 5349 lib.
2294 5309 2367 5358 iv,
2425 5308 2542 5361 pag.
2583 5293 2686 5345 414
2735 5309 2847 5360 seq.
2892 5294 3184 5347 Adeundus
3231 5292 3392 5345 etiam

1842 5368 2091 5421 Norisius
2121 5365 2396 5418 dissertat.
2421 5364 2455 5416 2
2509 5363 2583 5432 De
2622 5363 2827 5430 epochis
2860 5362 3393 5432 Syro-Macedonum,

1842 5454 1896 5506 p.
1935 5435 2228 5506 117-1Ι9λ
2249 5434 2514 5506 Antonius
2560 5431 2856 5506 Pagi_Crit.
2879 5430 2913 5497 ;“
2944 5434 3140 5506 Annal.
3175 5430 3395 5506 Baronii

1843 5501 1908 5561 ad
1942 5520 2140 5560 annum
2170 5504 2296 5564 222,
2331 5511 2385 5556 et
2429 5503 2648 5557 Samuel
2698 5501 2998 5571 Basnagius
3030 5503 3096 5556 ad
3145 5501 3393 5558 eumdem

1843 5590 2079 5637 annum;
2137 5572 2352 5627 Samuel
2399 5573 2635 5636 Petilus;
2683 5570 2985 5639 Stephanus
3022 5573 3071 5627 le
3103 5573 3313 5642 Moyne,
3345 5579 3399 5623 et

1842 5646 2291 5715 praeclarissimus
2328 5643 2664 5715 Stephanus
2701 5642 2982 5715 ΔΕνριὶλίιιιδ
3063 5644 3397 5715 Assemanus

1844 5711 2278 5783 archiepisc0pus
2311 5714 2583 5781 Apameae,
2619 5711 2678 5783 in
2700 5711 3015 5783 Praeiatione
3064 5713 3297 5779 generali
3326 5711 3390 5769 ad

1843 5781 2155 5855 Cataloyum
2186 5781 2431 5839 codicum
2456 5799 2578 5836 mss.
2611 5781 2930 5842 bibliothch
2969 5782 3254 5838 Vaticana.
