3882 6500
481 325 580 381 5H

1465 327 1552 381 DE
1595 328 1752 383 VITA
1788 329 1874 383 ET
1912 330 2224 384 SCRIP'IIS
2258 332 2315 386 S.
2358 329 2736 387 HIPPOLYTI.

3597 331 3694 383 3η

481 443 826 500 Blancln'nius
859 445 996 514 (97),
1047 446 1339 501 luculenter
1372 447 1731 502 illustrarunt.
1781 447 2052 504 Hactenus
2083 455 2126 506 Α
2155 459 2347 520 quarta
2369 451 2578 505 decima
2601 451 2728 504 luna
2751 447 2967 502 evenire
2994 446 3198 515 possit;
3228 445 3492 500 revolutio
3515 448 3700 500 sexde-

483 534 730 590 eru‘ditus
760 534 1066 606 Vignolius.

552 627 908 684 Occasionem
941 629 1212 684 scribendi
1244 629 1476 684 Cononis
1505 631 1618 688 sive
1664 631 1812 701 Cycli
1830 633 2052 701 pascha-

484 719 576 781 lis,
646 721 832 789 judice
891 720 1134 790 Basnage
1188 721 1333 787 (98),
1393 722 1483 776 cui
1536 722 1828 778 subscribit
1896 723 2049 776 Remi

479 811 701 866 Ceillier
734 812 871 881 (99),
896 812 1126 882 praebuit
1151 810 1208 866 S.
1242 811 1528 883 Hippolyto
1580 803 1945 869 controversia
1969 815 2052 867 in-

480 913 564 958 ter
591 902 883 967 Ecclesias,
935 903 1002 957 de
1053 902 1141 958 die
1195 904 1503 958 celebrandi
1535 903 1818 960 Paschalis
1863 905 1955 960 diu
1985 921 2049 960 ea

479 999 896 1066 aetate-agitata,
926 996 1070 1064 quod
1096 997 1222 1050 luna
1256 996 1464 1051 decima
1495 1007 1690 1067 quarta
1741 997 1966 1063 mensis,
1997 997 2049 1049 in

485 1105 869 1158 quemcunque
895 1090 1113 1145 demum
1168 1089 1524 1144 hebdomadis
1568 1089 1713 1142 diem
1767 1089 2047 1150 incideret,

480 1191 632 1230 more
683 1174 908 1231 Judaico
959 1176 1146 1231 Asiani
1202 1176 1595 1231 celebrabant:
1653 1193 1776 1232 cum
1829 1188 2048 1232 econtra

481 1263 675 1319 Latina
708 1265 952 1321 Ecclesia
978 1283 1102 1322 cum
1143 1267 1264 1321 aliis
1314 1268 1570 1322 omnibus
1613 1265 1872 1324 Ecclesiis
1905 1268 2045 1322 diem

479 1354 824 1410 Dominicum
851 1358 1018 1411 ﬁxum
1045 1358 1327 1413 haberent.

553 1447 822 1501 Czcterum
858 1449 996 1504 bene
1034 1450 1326 1504 observant
1383 1449 1616 1504 Maurini
1662 1449 1858 1514 nostri,
1902 1450 2046 1504 hunc

477 1541 689 1610 cyclum
717 1541 991 1596 sexdecim
1021 1557 1286 1595 annorum
1318 1551 1523 1610 partem
1554 1550 1883 1595 constituere
1911 1541 2046 1594 duo-

480 1648 601 1685 rum
647 1633 730 1687 veI
763 1634 924 1688 trium
980 1634 1210 1687 aliorum
1259 1634 1646 1702 opusculorum
1687 1631 1744 1684 S.
1778 1630 2043 1705 Hippolyti

477 1720 545 1776 de
566 1720 830 1777 Paschate
881 1722 982 1790 (I),
1032 1724 1100 1777 de
1149 1724 1348 1792 quibus
1395 1723 1556 1792 paqu
1598 1722 1824 1778 inferius
1865 1740 2044 1779 sermo

477 1814 695 1868 redibit.
724 1813 802 1868 Ex
834 1813 1055 1868 Eusebii
1093 1830 1311 1884 quoque
1341 1815 1520 1870 verbis
1550 1818 1904 1884 sequentibus
1927 1816 2001 1884 (‘2)
2027 1836 2038 1867 :

478 1905 679 1959 Eodem
711 1915 937 1974 tempore
957 1914 1006 1958 et
1042 1903 1361 1974 Hippolytus
1392 1905 1530 1959 inter
1563 1905 1793 1975 plurima
1815 1907 1926 1960 alia
1957 1910 2039 1960 in-

477 1999 615 2068 genii
651 1999 733 2052 sui
768 2008 1100 2052 monumenta
1141 1998 1334 2052 librum
1375 1999 1440 2052 de
1465 1998 1677 2053 Pascha
1711 2002 2038 2069 composuit;

477 2093 532 2144 in
560 2108 662 2161 quo
689 2101 980 2159 temporum
1001 2092 1187 2145 seriem
1227 2092 1544 2154 describens,
1575 2108 1824 2145 canonem
1867 2109 2042 2162 quent-

475 2184 600 2235 dam
651 2183 950 2252 pose/talem
1001 2200 1093 2251 per
1141 2184 1400 2237 sexdecim
1453 2199 1712 2237 annorum
1760 2183 2039 2236 circuitum

473 2274 739 2341 exhibens,
765 2292 904 2329 anno
927 2275 1098 2343 primo
1152 2275 1482 2344 imperatoris
1512 2274 1803 2329 Alexandri
1829 2291 2041 2344 compu-

475 2367 724 2420 tationem
756 2375 1045 2433 temporum
1077 2365 1458 2419 circumscribit
1485 2380 1504 2428 ;
1552 2365 1664 2435 jam
1695 2365 1912 2433 collegit
1943 2365 2040 2418 do-

476 2457 761 2512 ctissimus
808 2455 1096 2510 Fabricius
1149 2457 1251 2527 (5),
1317 2456 1443 2510 inde
1487 2470 1747 2525 apparere
1775 2455 2038 2510 Cononem

474 2552 625 2605 hunc
655 2550 826 2606 fuisse
855 2550 1157 2605 clausulam
1213 2550 1393 2618 operis
1431 2547 1509 2602 De
1536 2547 1815 2611 Pascliate,
1850 2549 1903 2602 in
1930 2565 2040 2618 quo

472 2653 720 2712 tempora
757 2641 1082 2712 Hippolytus
1129 2642 1429 2711 digesserat
1473 2655 1646 2710 usque
1698 2639 1765 2694 ad
1803 2641 2038 2710 primum

475 2733 1020 2789 AlexandrioSeveri
1050 2749 1256 2787 annum
1283 2773 1299 2796 ,
1353 2750 1383 2786 a
1441 2748 1550 2802 quo
1594 2733 1773 2786 Conon
1830 2733 2036 2802 incipit.

473 2825 619 2880 Idem
648 2827 706 2880 S.
741 2826 1011 2896 Ilippolyti
1040 2826 1246 2896 cyclus,
1298 2835 1436 2880 teste
1469 2824 1533 2878 Ι).
1580 2823 1908 2895 Hieronymo
1941 2827 2038 2892 (i),

474 2919 818 2973 occasionem
882 2919 1111 2988 przebuit
1159 2917 1393 2972 Eusebio
1449 2917 1614 2971 alium
1671 2917 2038 2972 novemdecim

472 3028 740 3066 annorum
765 3011 1104 3067 conﬁciendi.
1133 3010 1419 3064 Anatolius
1464 3007 1802 3063 Laodicenus
1833 3009 2042 3076 episco-

2154 543 2260 595 cim
2292 559 2558 597 annorum
2596 543 2794 610 septies
2851 539 2908 592 in
2942 553 3000 593 se
3049 539 3232 602 ducta,
3277 538 3600 593 determinat
3630 537 3702 591 I'e-

2153 645 2297 688 stum
2332 634 2614 690 Pascliatis
2660 650 2757 703 pro
2788 644 3003 688 centum
3035 642 3088 686 et
3132 631 3416 686 duodecim
3443 631 3623 692 annis,
3653 629 3701 683 id

2154 736 2238 778 cst
2269 741 2300 780 a
2346 727 2520 794 ptimo
2549 741 2693 780 anno
2719 725 3010 778 Alexandri
3068 722 3276 786 Severi,
3312 723 3405 791 qui
3456 724 3703 789 congruit

2151 834 2272 872 cum
2308 835 2453 874 anno
2476 819 2581 872 9.29.
2607 815 2735 872 Jesu
2781 818 3005 881 Clu-isti,
3039 832 3211 884 usque
3241 816 3306 870 ad
3341 831 3547 869 annum
3582 813 3698 867 335.

2151 908 2228 963 Ex
2260 912 2417 966 titulo
2461 912 2688 966 exordio
2762 909 2909 980 Cycli
2961 908 3224 980 paschalis
3283 907 3505 975 praeﬁxo
3559 916 3701 959 extra

2151 1002 2506 1058 dubitationis
2530 1003 2701 1057 aleam
2734 1013 2953 1072 pomtur
2983 1001 3195 1056 initium
3228 999 3440 1067 imperii
3467 999 3702 1051 Alexan-

2149 1091 2230 1145 dri
2278 1089 2461 1144 Sevcri
2515 1107 2658 1146 anno
2707 1092 2834 1156 222,
2883 1108 2950 1146 ex
2986 1107 3096 1162 quo
3139 1089 3521 1160 potentissimo
3547 1103 3704 1157 argu-

2150 1189 2328 1234 mento
2362 1179 2578 1234 Baronii
2637 1181 2992 1251 chronologia
3037 1189 3091 1234 et
3139 1179 3407 1247 Onupbrii
3444 1176 3705 1230 refellitur

2147 1282 2309 1341 atque
2341 1273 2652 1342 corrigitur.
2705 1273 2798 1329 Ille
2850 1289 2974 1328 cum
3019 1288 3163 1326 anno
3209 1270 3424 1324 Domini
3459 1269 3592 1334 22$,
3623 1267 3704 1322 hic

2147 1379 2270 1416 cum
2297 1364 2402 1417 2'25
2433 1365 2667 1432 primum
2711 1365 3002 1419 Alexandri
3052 1363 3290 1432 copulat.
3320 1361 3438 1416 Jam
3472 1375 3606 1414 vero
3654 1360 3703 1412 in

2147 1451 2323 1518 primo
2379 1453 2672 1511 Alexandri
2730 1455 3070 1524 imperatoris
3116 1470 3283 1517 anno,
3312 1453 3514 1521 Aprilis
3563 1452 3706 1506 deci-

2148 1560 2270 1597 mus
2310 1546 2501 1599 tertius
2536 1545 2684 1600 feria:
2730 1562 2806 1599 vn
2853 1547 3176 1611 cohaerebat,
3231 1555 3369 1599 teste
3429 1543 3705 1614 Hippolyti

2147 1633 2378 1694 Conone,
2420 1652 2582 1698 quam
2619 1636 2820 1691 frustra
2851 1637 3042 1690 feriam
3087 1637 3382 1704 quaerimus
3416 1651 3567 1690 anno
3601 1637 3706 1690 sive

2144 1727 2270 1792 2‘23,
2301 1727 2414 1781 sive
2439 1729 2561 1782 22L
2600 1731 2724 1784 Idus
2775 1730 2983 1799 Apriles
3028 1729 3080 1782 in
3118 1730 3349 1798 primam
3400 1727 3708 1781 Ieriam’in—

2143 1819 2330 1873 cidunt
2363 1836 2506 1873 anno
2545 1820 2668 1887 29.3,
2701 1821 2828 1891 quia
2858 1821 3033 1875 littera
3065 1819 3420 1874 Dominicalis
3454 1818 3519 1884 E,
3575 1835 3703 1888 epa-

2141 1922 2226 1964 cta
2253 1912 2445 1965 solaris
2468 1913 2533 1978 5;
2562 1929 2705 1967 anno
2725 1927 2853 1967 vero
2874 1913 2999 1977 23$,
3025 1914 3117 1983 qui
3141 1922 3225 1968 est
3244 1913 3564 1976 bissextilis,
3585 1911 3707 1965 Idus

2139 2004 2370 2072 Apriles,
2393 2004 2457 2057 ad
2491 2006 2679 2058 feriam
2731 2007 2942 2059 tertiam
2988 2007 3278 2076 pertinent,
3302 2007 3631 2076 jubentibus
3658 2017 3711 2057 et

2141 2097 2334 2150 litteris
2368 2095 2793 2151 Dominicalibus
2821 2097 2884 2160 D,
2919 2097 2982 2164 C,
3007 2108 3060 2153 et
3085 2101 3291 2169 epactis
3332 2100 3614 2154 solaribus
3653 2100 3704 2161 Α,
3781 2153 3786 2157 _

2141 2187 2193 2240 5.
2227 2186 2291 2240 Εῑ
2323 2203 2453 2242 sane.
2479 2187 2536 2241 S.
2565 2187 2883 2257 Hippolytus
2920 2189 3127 2251 scribit,
3171 2190 3318 2258 quod
3351 2191 3531 2259 primo
3562 2206 3708 2242 anno

2141 2281 2356 2348 imperii
2386 2281 2676 2335 Alexandri
2712 2282 2840 2336 luna
2900 2282 3108 2336 decima
3143 2292 3336 2352 quarta
3373 2284 3427 2336 in
3464 2281 3707 2338 Sabbato

2139 2373 2448 2442 contigerit,
2483 2373 2576 2442 qui
2601 2372 2701 2427 fuit.
2732 2373 2856 2428 Idus
2905 2374 3191 2442 Aprilium,
3236 2374 3286 2427 id
3331 2384 3414 2428 est
3454 2375 3706 2429 decimus

2140 2467 2330 2520 tertius
2356 2467 2559 2520 mensis
2582 2465 2781 2535 Aprilis
2809 2465 2906 2532 (8).
2936 2463 3053 2518 Jam
3077 2481 3206 2519 vero
3229 2475 3435 2520 certum
3471 2478 3558 2521 est
3582 2468 3706 2522 Idus

2139 2557 2428 2626 Aprilium,
2461 2573 2555 2612 seu
2593 2557 2862 2611 decimum
2901 2561 3119 2611 tertium
3156 2557 3317 2624 hujus
3353 2559 3563 2613 mensis
3596 2576 3703 2612 non

2139 2649 2398 2703 incidisse
2431 2650 2485 2702 in
2517 2647 2811 2702 Sabbatum
2847 2649 2948 2703 nisi
2987 2650 3145 2703 anuis
3192 2649 3323 2712 2N,
3350 2649 3460 2702 222
3487 2660 3546 2703 et
3575 2650 3704 2704 231.

2138 2741 2435 2796 Observatu
2479 2741 2551 2794 ita
2605 2741 2828 2810 dignum
2891 2751 2974 2794 est
3034 2741 3085 2793 in
3138 2741 3241 2796 hac
3301 2741 3704 2809 inscriptione:

2141 2836 2193 2888 1ο
2223 2835 2370 2905 quod
2421 2833 2478 2888 S.
2529 2833 2846 2903 Hippolytus
2903 2833 3077 2902 primo
3136 2843 3258 2902 post
3310 2833 3599 2888 Paschalis
3633 2834 3708 2888 fe-

2139 2938 2282 2982 stum
2318 2927 2549 2996 primum
2583 2925 2860 2995 regiminis
2888 2925 3181 2979 Alexandri
3244 2926 3464 2979 inchoet
3498 2941 3706 2980 annum

2142 3021 2216 3090 (9)
2245 3039 2259 3084 ;
2302 3021 2359 3074 2°
2383 3023 2527 3089 quod
2563 3019 2663 3073 hoc
2686 3034 2830 3072 anno
2858 3019 3058 3072 mensis
3104 3019 3304 3087 Aprilis
3339 3017 3510 3073 fuerit
3534 3019 3708 3074 inter-

473 3121 575 3171 PUS
607 3105 662 3157 in
699 3102 891 3175 Syria.
941 3105 1035 3173 qui
1093 3104 1342 3158 eumdem
1400 3103 1610 3173 CYClum
1661 3101 2037 3174 HIPPO'YICU'"
2066 3130 2106 3185 ε
2140 3115 2340 3168 calaris‘
2395 3112 2548 3181 (10);
2614 3112 2670 3164 3°
2720 3113 2863 3181 quod
2912 3112 3072 3166 ﬁnem
3114 3111 3382 3180 jejunium
3448 3113 3710 3180 paschale

471 3195 703 3259 viderat,
729 3196 929 3248 fatetur
957 3195 1100 3263 quod
1136 3193 1194 3248 S.
1226 3193 1547 3265 Hippolytus
1575 3209 1684 3248 non
1731 3206 1908 3249 certas
1942 3211 2038 3264 p:o

469 3288 885 3342 determinaudo
939 3285 1208 3341 Paschate
1260 3287 1476 3357 regulas
1516 3286 1799 3340 tradiderit
1851 3286 1948 3353 (5).
1977 3286 2033 3340 S.

474 3379 714 3434 Isidorus
739 3379 1072 3448 Hispalensis
1099 3379 1388 3449 episcopus
1413 3379 1487 3432 ait
1511 3379 1586 3448 (6)
1611 3379 1844 3448 primum
1873 3379 2038 3432 fuisse

591 3471 932 3542 Hippolytum
993 3481 1263 3534 nostrum,
1321 3470 1413 3539 qui
1461 3471 1669 3540 cyclum
1727 3471 2035 3539 paschalem

472 3561 764 3616 confecerit
788 3580 802 3628 ;
829 3573 1012 3632 atque,
1031 3562 1214 3630 judice
1252 3562 1657 3630 sapientissimo
1682 3573 1734 3615 et
1765 3561 2039 3616 indefesso

471 3654 816 3723 antiquitatis
844 3662 1146 3708 scrutatore
1178 3653 1542 3719 Tillemontio,
1565 3653 1915 3724 Hippolyteus
1943 3669 2036 3724 cy-

471 3749 590 3802 t-Ius
622 3748 866 3803 omnium
898 3750 1304 3803 vetustissimus
1336 3749 1562 3803 habetur
1589 3748 1686 3815 (7).

779 3838 806 3910 §
835 3838 898 3893 II.
958 3839 1204 3908 Analysis
1235 3840 1382 3909 Cycli
1412 3839 1733 3910 Hippolytei.

546 3929 600 3982 In
635 3929 774 3984 duas
817 3940 998 4001 partes
1049 3931 1257 3985 divisus
1300 3941 1384 3986 est
1448 3930 1638 4001 Cyclus
1681 3929 1944 4000 paschalis
1976 3930 2032 3984 S.

473 4020 766 4093 Hippolyti.
808 4022 861 4076 In
914 4024 1086 4093 prima
1134 4033 1287 4092 parte
1320 4034 1543 4078 sanctus
1599 4022 1918 4093 Hippolytus
1950 4024 2038 4076 de-

471 4109 669 4177 signat,
703 4110 756 4162 in
785 4111 985 4179 quibus
1030 4111 1222 4165 diebus
1250 4111 1518 4166 mensium
1554 4111 1729 4166 Martii
1758 4122 1811 4166 et
1835 4111 2036 4182 Aprilis

541 4345 1002 4418 (97)gBlanchin.,
1033 4346 1292 4418 Diatriba,
1315 4366 1422 4418 qua
1452 4348 1716 4403 Canonem
1736 4351 2032 4416 paschalem

471 4415 617 4472 hunc
656 4416 930 4488 Scaligero
979 4427 1034 4473 et
1065 4415 1346 4488 (Bucherio'
1377 4421 1556 4474 minus
1605 4415 1932 4473 intellectum
1970 4423 2033 4474 il-

2141 3205 2390 3260 habucrit
2421 3203 2700 3258 Dominica
2730 3205 2818 3257 die
2845 3203 3126 3257 Paschalis
3153 3203 3266 3273 (II)
3295 3222 3308 3269 ;
3341 3203 3397 3256 4°
3439 3205 3593 3273 quod
3625 3222 3710 3276 cy.

2139 3299 2256 3352 clus
2294 3298 2564 3368 paschalis
2600 3296 2658 3350 S.
2718 3295 2985 3367 Hippolyti
3023 3313 3127 3350 non
3175 3298 3245 3350 sit
3295 3299 3515 3365 penitus
3560 3300 3708 3355 illius

2139 3391 2452 3454 inventum,
2515 3389 2608 3444 sed
2668 3390 2811 3458 quod
2867 3399 3125 3457 sequatur
3173 3390 3366 3456 praxin
3404 3390 3523 3457 jam
3583 3401 3709 3445 ante

2141 3486 2314 3554 ipsum
2347 3483 2639 3536 slabilitam
2674 3483 2806 3548 (1‘2).

2208 3575 2267 3629 In
2306 3575 2541 3630 secunda
2588 3583 2738 3642 parte
2783 3572 2980 3626 indicat
3027 3571 3143 3626 dies
3175 3571 3377 3640 quibus
3413 3573 3709 3628 celebran-

2138 3669 2266 3722 dum
2316 3676 2399 3720 est
2447 3665 2676 3720 Pascha.
2728 3663 2841 3718 Hoc
2874 3662 3070 3717 festum
3116 3679 3330 3732 semper
3366 3675 3592 3719 notatur
3622 3667 3709 3720 die

2143 3763 2440 3817 Dominica.
2475 3759 2704 3826 Quando
2749 3760 2876 3812 luna
2922 3759 3131 3812 decima
3171 3769 3365 3826 quarta
3410 3760 3607 3813 incidit
3656 3762 3708 3813 in

2142 3853 2456 3918 Sabbatum,
2501 3851 2706 3905 Pascha
2747 3851 3123 3905 celebrandum
3155 3866 3260 3902 non
3302 3860 3383 3904 est
3419 3849 3710 3904 Dominica

2140 3945 2404 4015 sequenti,
2442 3959 2562 4012 qua:
2585 3953 2667 3997 est
2695 3943 2902 3995 decima
2933 3942 3120 4011 quinta
3147 3941 3308 4005 lunae,
3334 3941 3427 3995 sed
3464 3944 3709 3997 transfe-

2139 4037 2366 4090 rendum
2397 4045 2480 4088 est
2508 4034 2574 4086 ad
2602 4032 2936 4087 Dominicam
2967 4042 3088 4100 post
3117 4034 3274 4096 hanc,
3307 4032 3357 4085 id
3384 4042 3490 4096 est,
3521 4034 3592 4087 ad
3624 4035 3708 4086 vi-

2138 4129 2394 4184 cesimam
2424 4127 2712 4184 secundam
2741 4126 2879 4179 luna:
2904 4125 3066 4179 diem.
3098 4123 3256 4178 Ratio
3279 4123 3440 4192 hujus
3470 4139 3709 4193 praxeos

2209 4350 2285 4414 (6)
2339 4369 2356 4399 ‹
2391 4347 2697 4400 Paschalem
2753 4345 2968 4415 Cyclum
3033 4344 3350 4416 Hippolytus
3406 4346 3707 4416 episcopus

2143 4421 2475 4488 trinporibus
2499 4417 2788 4470 Alexandri
2824 4419 3160 4488 imperatoris
3216 4418 3424 4488 primus
3450 4420 3707 4470 conscri-

473 4465 1033 4562 i'dgiiaftﬁieiééinnéi
1063 4465 1932 4562 una};nos:'fii.‘..[.;i;"n1;.1‘;.;'
1966 4465 2033 4544 ii.
2070 4465 2111 4518 ο
2139 4465 2788 4562 ίέδὶῖῖὶᾟὲῖζὶὲὲιῖξζἶῖιῖξῇξ(
2824 4465 3421 4562 'o'ii§iitiii{;c5pfio;
3446 4465 3702 4562 fugin.

471 4558 552 4628 bri
603 4569 723 4612 est:
782 4558 853 4611 De
906 4558 1221 4628 Calendnrio
1265 4570 1314 4611 et
1358 4558 1515 4628 Cyrlo
1558 4559 1809 4623 Ctt'saris,
1860 4577 1924 4612 ac
1972 4562 2037 4614 de

474 4625 723 4699 Paschali
756 4629 964 4683 Conone
999 4627 1056 4681 S.
1086 4627 1360 4699 Hippolyti
1380 4625 1626 4699 martyris
1643 4629 2036 4685 dissertationes

468 4698 609 4756 dum.
652 4702 719 4750 ad
751 4699 1063 4752 Clementem
1096 4697 1179 4751 XI
1211 4697 1853 4768 ponti/icenrmaximum.

545 4769 940 4891 (llsgsliasuagn
998 4768 1191 4822 Annal.
1233 4770 1385 4838 polit.
1437 4771 1588 4833 cccl.,
1640 4770 1705 4823 ad
1736 4787 1865 4824 anu.
1896 4770 2026 4833 29.9.,

507 4854 591 4891 au.
632 4879 660 4891 -
709 4879 753 4891 κ.

491 4854 591 4893 .aw.
627 4853 660 4891 Σ
706 4853 753 4892 ῖς.

469 4853 509 5027 I;
541 4853 839 5010 ﬁuntswa
861 4907 1099 4974 Ceillier,
1135 4907 1278 4962 Hist.
1305 4913 1479 4978 ge’ue’r.
1509 4910 1598 4962 des
1622 4919 1856 4975 auteurs,
1900 4919 2029 4964 tom.

586 4997 703 5027 “:19-
738 4995 861 5027 ι’)ἔιέ...

521 4995 983 5135 ‘(Iijfiliiimlith
1023 5051 1088 5102 de
1132 5051 1186 5101 la
1239 5048 1467 5111 France,
1532 5060 1662 5102 tom.
1714 5048 1755 5109 I,
1812 5061 1953 5117 part.
1993 5067 2029 5109 I,

469 5133 591 5185 pan.
624 5121 749 5174 566.

541 5163 618 5257 (ιλ)
653 5189 873 5251 κυδρὴ..
913 5187 984 5242 ιι,
1025 5187 1113 5251 ιλ,
1140 5190 1231 5242 lib.
1259 5203 1332 5242 τι.
1358 5203 1480 5255 cap.
1508 5188 1596 5240 ea.

541 5262 619 5329 (3)
656 5259 893 5329 Febrim,
923 5258 1178 5329 Btbliotlt.
1224 5258 1417 5320 Croc,
1447 5270 1574 5310 tom.
1621 5257 1683 5319 Υ,
1719 5275 1838 5327 pag.
1866 5257 1990 5311 205.

658 5328 970 5413 Higronym.
1023 5332 1075 5413 in
1130 5328 1396 5413 Catatog..
1435 5345 1552 5396 cap.
1589 5329 1677 5381 6|.
1881 5398 1891 5407 _

544 5400 620 5469 (ὃ)
661 5418 678 5449 ι
719 5398 760 5450 E
788 5401 988 5468 quibus
1035 5399 1349 5468 Ilsppolytus
1386 5414 1469 5450 xvi
1523 5413 1788 5450 annorum
1847 5398 2025 5450 circu-

471 5467 581 5520 Ium
608 5470 926 5537 quibusdam
963 5470 1104 5522 luna:
1159 5469 1355 5536 ignotis
1398 5469 1649 5519 cursibus
1698 5469 2025 5534 composuit.

473 5538 576 5590 Alii
621 5554 745 5598 xxv,
782 5539 870 5591 alii
907 5555 1034 5601 xxx,
1091 5538 1331 5591 uotiuulli
1389 5553 1584 5590 Lxxuv
1621 5553 1884 5589 annorum
1923 5539 2029 5587 cir—

2209 4562 2284 4626 (7)
2312 4559 2600 4611 Tillemont
2628 4600 2643 4621 ,
2670 4557 2932 4618 .Ilémoir.,
2966 4567 3094 4609 tom.
3113 4555 3198 4616 III,
3235 4571 3374 4626 pag._
3395 4557 3519 4610 I05.

2208 4623 2284 4699 (8)
2340 4647 2358 4678 ‹
2390 4630 2545 4680 Anno
2593 4628 2767 4699 primo
2820 4627 3095 4699 regimiuis
3127 4623 3417 4699 Alesaiidri
3469 4627 3706 4699 impera.

2135 4695 2270 4755 toris
2305 4699 2442 4752 facta
2488 4706 2570 4750 est
2600 4695 2690 4750 xxv
2735 4695 2955 4750 Pascbze
2989 4695 3167 4749 Idibus
3227 4696 3528 4763 Aprilibus,
3560 4696 3704 4751 Sab-

2137 4775 2281 4836 bato,
2306 4785 2428 4822 cum
2459 4767 2662 4821 mensis
2691 4767 3073 4835 elnbolymtcus
3095 4766 3302 4819 fuisset.
3324 4763 3438 4819 Erit
3463 4784 3702 4835 sequen—

2135 4844 2282 4896 tibus
2316 4840 2494 4899 aunis,
2518 4839 2658 4891 sicut
2686 4839 2738 4888 iu
2781 4838 2961 4889 tabula
2996 4837 3300 4904 subjectum
3356 4845 3459 4888 est.
3496 4836 3698 4891 Evenit

2135 4929 2261 4966 vero
2291 4910 2344 4962 iu
2381 4908 2685 4976 pra-teritis,
2713 4908 2850 4960 sicut
2878 4907 3170 4976 indicatum
3205 4916 3323 4966 est;
3348 4907 3560 4960 solvere
3591 4924 3701 4959 au-

2135 4994 2240 5034 tem
2273 4975 2482 5045 oportet
2521 4977 2810 5046 jejunium,
2859 4976 2946 5028 ubi
2975 4975 3250 5028 Dominica
3297 4976 3600 5028 inciderit.»
3637 4977 3698 5030 S.

2135 5051 2454 5120 Hippolytus
2489 5048 2541 5099 in
2565 5047 2773 5120 Conone
2799 5047 3056 5120 paschali.

2200 5113 2277 5190 (9)
2320 5113 2350 5169 «⁷
2378 5119 2535 5171 Anno
2560 5117 2731 5190 primo
2756 5113 3032 5190 regiminis
3070 5113 3360 5190 Alexandri
3385 5113 3699 5190 _imperato-

2132 5185 2366 5244 ris'facta
2391 5198 2474 5241 est
2520 5203 2610 5239 xnv
2652 5185 2873 5239 Pascha:
2899 5185 3082 5239 Idibus
3126 5187 3296 5252 April.
3333 5203 3351 5235 ι
3385 5186 3534 5237 Idem
3561 5185 3698 5238 ibid.

2203 5260 2310 5326 (10)
2339 5278 2356 5308 ‹
2384 5257 2640 5320 Sabbato,
2662 5273 2784 5310 cum
2805 5255 3406 5325 mensisembolymaeus
3429 5253 3642 5309 fuisset.
3670 5274 3693 5306 ι

2131 5329 2272 5383 Idem
2313 5330 2441 5382 ibid.

2201 5402 2217 5466 (
2230 5401 2309 5466 11)
2357 5417 2374 5448 ι
2414 5397 2633 5450 Solvere
2664 5406 2841 5449 autem
2882 5403 3092 5462 oportet
3133 5392 3423 5462 jejunium,
3462 5393 3554 5447 ubi
3585 5391 3697 5447 Do-

2131 5471 2328 5522 minica
2358 5467 2623 5520 inciderit.
2663 5485 2681 5516 ›
2717 5467 2857 5518 Idem
2886 5466 3014 5517 ibid.

2202 5538 2361 5604 (12)(
2415 5537 2526 5588 Erit
2583 5536 2934 5604 sequentibus
2985 5535 3162 5594 annis,
3211 5535 3352 5588 sicut
3398 5535 3452 5587 in
3505 5533 3695 5588 tabula

471 5609 653 5660 culmn
695 5619 1091 5676 cnmputantes,
1150 5623 1428 5675 nunquam
1476 5610 1541 5658 ad
1588 5623 1770 5659 veram
1809 5607 2028 5658 Pascha:
2127 5609 2424 5676 subjectum
2445 5615 2557 5676 est;
2589 5608 2764 5659 evenit
2798 5621 2924 5659 vero
2963 5607 3014 5658 iu
3050 5607 3353 5674 praleritis,
3383 5607 3525 5660 sicut
3552 5607 3697 5659 indi-

475 5680 819 5748 t-omputandi
852 5681 1113 5732 rationem
1144 5689 1554 5748 pervenerunt.»
1575 5677 1855 5730 Anatolius
1884 5678 2024 5744 apuJ

471 5745 727 5813 Bucber.,
759 5763 878 5818 pag.
911 5749 1032 5802 459.

2126 5674 2304 5735 catum
2330 5688 2432 5735 est,
2471 5695 2490 5728 ι
2520 5674 2661 5730 Idem
2693 5675 2820 5728 ibid.
