3882 6480
181 341 273 394 3ιὸ
856 378 861 382 .
1125 335 1210 389 DE
1251 334 1412 390 VITA
1451 335 1539 390 ΕΤ
1578 335 1887 390 SCRIPTIS
1922 337 1980 391 S.
2023 334 2402 390 HIPPOLYTI.

3263 336 3369 390 EH

178 466 264 522 est,
286 453 400 525 quia
447 452 500 506 S.
547 449 885 524 Hippolytus,
934 453 1388 523 quemadmodum
1424 461 1478 509 et
1507 453 1705 518 Latini,
1738 463 1782 516 Α
1807 455 2095 524 explicatio
2127 455 2192 508 ad
2231 462 2466 507 mentem
2509 451 2566 505 S.
2611 450 2883 521 Hippolyti
2913 468 3055 522 aegre
3083 459 3371 524 cognosci-

179 565 265 602 non
295 545 560 599 voluerunt
587 553 647 598 ut
685 543 894 598 Pascha
922 559 996 613 eo,
1037 545 1124 598 die
1174 554 1425 613 ageretur
1451 561 1560 614 quo
1596 544 1703 598 Do-

179 639 328 691 minus
352 644 524 688 noster
545 636 842 688 cruciﬁxus
881 635 998 690 fuit.
1033 633 1327 690 Christiani
1356 636 1703 691 Alexandrini

177 729 314 782 alium
355 726 713 794 sequebantur
743 727 1047 790 calculum,
1087 727 1139 779 hi
1173 727 1316 780 enim
1361 727 1706 782 celebrabant

175 820 350 873 Pascha
391 834 419 871 a
458 817 662 872 decima
690 819 878 887 quinta
925 819 1084 884 luna;
1131 834 1255 871 cum
1293 829 1514 873 econtra
1550 819 1703 888 juxta

174 911 351 980 cyclum
388 907 441 962 S.
472 907 737 979 Hippolyti
768 917 818 962 et
855 908 1076 963 Victorii
1110 909 1221 981 (1³5)
1261 909 1475 964 nonnisi
1503 924 1532 963 a
1561 910 1706 963 deci-

172 1019 242 1058 ma
267 1010 399 1055 sexta
441 1001 820 1055 celebrandum
875 1009 1040 1055 esset.
1095 999 1400 1054 Notandum
1459 1000 1702 1070 insuper,

171 1095 290 1162 quod
315 1093 461 1162 juxta
482 1093 732 1146 eumdem
765 1092 910 1146 hunc
948 1093 1157 1162 cyclum
1193 1091 1403 1146 Pascha
1451 1093 1706 1146 omnibus

172 1185 488 1238 Dominicisa
536 1184 746 1237 decima
795 1182 952 1236 tertia
1002 1182 1363 1237 Kalendarum
1415 1182 1703 1252 Aprilium,

170 1292 246 1329 seu
269 1291 294 1327 a
324 1274 571 1328 vicesima
604 1272 780 1326 Martii
813 1288 988 1343 usque
1017 1273 1084 1327 ad
1115 1273 1457 1327 undecimam
1501 1271 1703 1327 Kalen-

169 1366 329 1419 darum
368 1363 511 1424 Maii,
544 1379 640 1418 seu
676 1364 995 1418 vicesimam
1040 1363 1240 1432 Aprilis
1283 1363 1543 1418 celebrari
1584 1378 1708 1432 pos-

169 1467 248 1511 set.
278 1455 391 1510 lnde
422 1456 697 1524 colligitur
726 1455 783 1509 S.
811 1453 1154 1523 Hippolytum
1175 1453 1579 1522 aequinoctium,
1610 1467 1705 1507 seu

169 1550 276 1604 silis
301 1549 347 1601 in
375 1549 611 1602 Arietem
657 1549 960 1618 ingressum
994 1562 1099 1600 non
1129 1562 1251 1600 cum
1286 1563 1377 1600 χχι
1416 1545 1611 1611 Martii,
1649 1555 1707 1599 ut

167 1639 337 1694 Nicmui
365 1637 574 1705 Patres,
609 1657 782 1710 neque
811 1656 933 1694 cum
974 1657 1108 1704 χχιι,
1140 1652 1199 1693 ιιι
1223 1639 1422 1707 passim
1453 1636 1706 1690 Anatolio

166 1734 404 1796 tribuunt;
432 1733 525 1786 sed
558 1747 682 1785 cum
724 1748 858 1785 xvm
891 1731 1066 1784 Martii
1094 1745 1440 1799 comparasse
1468 1744 1534 1782 ex
1561 1745 1697 1782 non-
1734 1739 1742 1751 '

1805 558 1911 613 tur,
1947 564 2092 611 cum,
2122 547 2199 601 uti
2224 547 2427 602 dictum
2476 545 2597 610 fuit,
2643 555 2924 612 tractatus,
2973 562 3132 616 quem
3177 549 3242 601 de
3283 549 3373 603 illo

1805 641 1918 710 ipse
1947 641 2212 706 exaravit,
2266 641 2580 710 deperditus
2623 639 2754 705 fuit;
2809 642 2930 696 ideo
2974 642 3129 695 multi
3174 643 3372 696 eruditi

1805 731 1927 794 viri,
1955 732 2030 785 uti
2067 731 2329 802 Scaliger,
2375 730 2648 798 Petavius,
2693 730 3014 795 Bucherius,
3066 730 3370 800 Viguolius.

1805 825 1854 878 le
1883 822 2129 894 Moynius
2160 834 2214 879 et
2251 823 2620 891 Blanchinius,
2654 824 2708 879 in
2739 825 2834 880 illo
2869 826 3188 894 explicando
3221 825 3375 880 labo-

1805 929 2014 981 rarunt,
2035 935 2266 987 quorum
2302 920 2502 988 scripta
2529 929 2581 973 et
2615 929 2772 974 notas
2807 919 3061 973 Albertus
3089 917 3372 973 Fabricius

1805 1011 2116 1066 collectioni
2166 1025 2388 1092 oper'um
2439 1010 2610 1064 sancti
2659 1009 2926 1080 Hippolyti
2981 1011 3230 1064 inseruit.
3268 1009 3373 1062 Pro

1806 1113 1996 1157 nostro
2037 1112 2218 1156 autem
2273 1103 2520 1156 instituto
2571 1103 2796 1157 sulliciet
2829 1119 2891 1156 ea
2957 1103 3045 1156 hic
3087 1105 3370 1166 adnotare,

1805 1211 1926 1264 qua:
1947 1194 2012 1248 ad
2047 1203 2254 1248 rectum
2288 1193 2450 1262 hujus
2475 1193 2706 1247 Canonis
2738 1195 3066 1247 intellectum
3098 1209 3162 1248 ex
3193 1193 3373 1248 citatis

1806 1285 2122 1340 auctoribus
2148 1284 2327 1352 colligi
2366 1293 2612 1353 possunt.

1871 1376 2023 1430 Non
2065 1376 2124 1429 ll.
2169 1375 2322 1429 Prior
2353 1376 2516 1446 igitur
2559 1376 2738 1430 tabula
2781 1376 2832 1428 1°
2868 1376 3100 1429 ostendit
3143 1377 3374 1444 plenilu-

1806 1470 1893 1522 nia
1927 1469 2221 1536 paschalia,
2255 1469 2560 1537 incipiendo
2593 1469 2661 1522 ab
2684 1483 2830 1522 anno
2859 1468 3062 1522 Christi
3098 1467 3222 1530 222,
3255 1471 3371 1538 qui,

1808 1560 1882 1614 uti
1919 1557 2196 1630 Vignolius
2226 1560 2278 1612 in
2318 1560 2697 1614 dissertatione
2730 1558 2805 1612 De
2837 1576 2973 1611 anno
3005 1559 3174 1627 primo
3212 1561 3376 1629 impe-

1807 1652 1876 1704 rii
1923 1651 2098 1705 Severi
2147 1651 2461 1713 Alexandri,
2516 1649 2866 1704 Valsecchius
2920 1661 2972 1704 et
3025 1649 3304 1720 Philippus
3342 1669 3372 1706 a

1807 1741 1980 1796 'l‘urre
2011 1743 2406 1804 demonstrant,
2455 1751 2539 1796 est
2582 1757 2758 1794 annus
2787 1741 2997 1810 primus
3036 1740 3217 1794 Severi
3249 1740 3376 1794 Ale-

169 1827 407 1878 nullorum
438 1834 680 1879 veterum
710 1834 764 1878 et
798 1824 1094 1878 celebrium
1137 1823 1531 1892 astrOIOgorum
1579 1836 1704 1874 sen-
1735 1811 1778 1865 Β
1807 1834 1998 1888 mndri
2040 1834 2399 1902 imperatoris.

166 1917 447 1985 tentia(l4),
485 1917 786 1986 praesertim
837 1914 1066 1970 Metonis
1096 1925 1148 1970 et
1181 1913 1412 1978 Eudoxi,
1455 1913 1548 1983 qui
1588 1913 1699 1981 jam

163 2023 267 2066 ante
293 2025 457 2064 annos
512 2010 638 2079 plus
669 2026 832 2078 quam
879 2009 984 2063 400
1031 2019 1155 2062 ante
1204 2007 1536 2061 nativitatem
1573 2003 1703 2059 Jesu

162 2103 329 2157 Christi
376 2103 767 2172 aequinoctium
821 2103 1038 2156 vernale
1095 2102 1160 2155 ad
1209 2115 1339 2154 xvm
1391 2098 1568 2153 Martii
1619 2115 1705 2152 re-

161 2199 480 2252 strinxerunt.
524 2195 663 2250 Cum
696 2197 895 2266 quibus
922 2194 1135 2250 Iudaeos
1168 2193 1513 2248 consensisse
1552 2191 1706 2246 Jose-

161 2287 277 2358 phus
300 2304 485 2343 eorum
546 2289 840 2343 historicus
889 2288 1150 2342 insinuat.
1179 2285 1332 2340 Adeo
1369 2301 1555 2340 verum
1600 2293 1702 2345 est,

161 2396 306 2449 neque
331 2380 534 2435 Iudaeis
564 2380 854 2446 veteribus,
889 2395 1065 2448 neque
1100 2377 1427 2433 Christianis
1469 2391 1564 2446 per
1596 2376 1705 2429 duo

160 2472 314 2539 priora
344 2473 547 2526 sarcula
585 2473 1012 2526 astronomicum
1037 2469 1348 2540 mquinoctii
1378 2468 1518 2522 diem
1554 2465 1706 2534 agni-

158 2572 271 2627 tum,
303 2581 402 2617 non
449 2573 602 2619 certe
637 2573 787 2617 tanto
833 2563 1091 2631 scrupulo
1142 2562 1484 2616 observatum
1521 2577 1535 2613 :
1579 2574 1704 2612 cum

158 2656 202 2710 hi
228 2658 360 2710 nullo
386 2657 452 2710 ad
481 2673 582 2711 eas
620 2657 786 2710 tricas
816 2657 950 2718 otio,
989 2656 1074 2709 vix
1107 2655 1216 2708 ulla
1249 2670 1279 2708 a
1313 2661 1392 2708 tot
1447 2667 1706 2722 persecu-

158 2751 364 2804 tionibus
395 2749 784 2818 respiratione,
830 2749 967 2802 nihil
1014 2763 1176 2818 supra
1227 2747 1301 2814 id,
1337 2745 1484 2816 quod
1525 2744 1709 2799 hacte-

157 2859 242 2897 nus
267 2860 292 2897 a
322 2841 610 2913 Synagoga
653 2851 970 2911 usurpatum
1005 2841 1277 2906 videbant,
1317 2837 1701 2908 inquirendum

154 2945 392 3003 putarent,
443 2944 790 2998 curarentve,
829 2947 928 2986 nec
961 2948 1189 2986 mensem
1217 2947 1491 2995 novorum,
1531 2930 1704 2983 solum

156 3043 179 3079 a
227 3027 494 3096 Scriptura
559 3025 1063 3091 memoratum,alio
1107 3041 1272 3095 quam
1317 3023 1490 3078 Judaei
1537 3039 1703 3079 sensu

157 3121 645 3190 interpretarentur.

208 3214 302 3268 Nec
328 3215 454 3268 illud
495 3214 588 3269 hic
623 3212 1004 3276 omittendum,
1047 3209 1394 3282 Hippolytum
1422 3210 1702 3265 constituti

156 3307 393 3376 asynodo
431 3304 765 3360 Cmsariensi
812 3303 1001 3357 limitis
1053 3302 1326 3372 paschalis
1384 3301 1544 3354 linem
1596 3316 1703 3354 non

156 3400 403 3463 excedere,
451 3399 584 3452 licet
622 3399 836 3451 initium
871 3397 1038 3452 biduo
1091 3403 1414 3450 antevertat.
1446 3393 1519 3448 Ea
1559 3395 1703 3448 enim

156 3495 365 3562 synodus
409 3495 480 3547 ab
542 3509 596 3546 xr
642 3491 866 3545 Kalend.
903 3490 1098 3559 April.,
1128 3506 1222 3544 seu
1256 3505 1368 3546 χχιι
1408 3489 1604 3552 Martii,
1638 3489 1705 3542 ad

156 3599 199 3638 ιι
231 3584 488 3641 Kalendas
529 3583 675 3649 Maii,
713 3599 807 3638 seu
852 3599 940 3636 ιιι
986 3582 1185 3652 Aprilis
1220 3582 1484 3635 inclusive
1507 3595 1600 3649 per
1638 3580 1700 3634 5i

155 3675 247 3729 dies
272 3675 476 3731 Pascha
521 3676 911 3745 ἀναπτάσιμον,
947 3690 1042 3728 seu
1076 3673 1392 3728 Dominicas
1423 3673 1706 3741 paschales

155 3771 416 3836 concludit,
477 3769 805 3840 Hippolytus
851 3769 919 3822 ab
977 3783 1075 3821 xm
1116 3766 1341 3821 Kalend.
1381 3764 1576 3834 April.,
1611 3781 1706 3820 seu

155 3861 304 3916 Martii
334 3881 423 3928 xx,
462 3863 537 3917 ad
582 3879 638 3916 xi
681 3860 953 3916 Kalendas
1018 3858 1145 3913 Maii
1185 3875 1281 3928 per
1327 3858 1445 3913 dies
1485 3858 1707 3914 omnino

156 3955 210 4008 35
239 3956 495 4010 extendit.

197 4064 220 4134 §
256 4062 335 4121 Hl.
370 4064 521 4119 Nota
546 4063 615 4117 ad
653 4061 916 4118 Cononem
947 4061 1247 4134 pose/ralem
1278 4059 1336 4116 S.
1387 4058 1663 4130 Hippolyti

586 4135 799 4203 facilius
836 4132 1250 4202 intelligendum.

211 4219 348 4278 Non
377 4226 421 4279 l.
459 4224 647 4278 Canon
683 4222 949 4292 paschalis
997 4221 1052 4275 S.
1103 4219 1375 4290 Hippolyti
1423 4218 1705 4273 hodiernis

154 4315 343 4383 quidem
385 4317 584 4372 usibus
614 4330 710 4384 pro
741 4314 1064 4368 inveniendo
1110 4328 1238 4367 vero
1287 4310 1570 4366 Paschatis
1618 4309 1706 4364 die

155 4409 333 4462 servire
356 4410 446 4464 vix
476 4416 676 4479 potest,
703 4423 826 4461 cum
854 4405 1020 4460 modo
1048 4413 1172 4474 post
1194 4413 1476 4459 accuratas
1513 4403 1705 4458 obser-

1874 1924 1930 1976 2ο
1970 1923 2186 1978 Litterae
2230 1923 2499 1992 alphabeti
2545 1923 2804 1976 denotant
2842 1921 3037 1976 seriem
3078 1921 3374 1975 hebdoma-

1805 2015 1906 2078 dze,
1939 2015 2175 2084 inquam
2199 2015 2399 2067 dictum
2423 2013 2773 2083 plenilunium
2799 2013 3003 2066 incidit.
3050 2011 3111 2066 V.
3143 2029 3193 2081 g.
3232 2028 3377 2065 anno

1806 2108 2007 2162 Christi
2037 2109 2164 2170 222,
2196 2108 2550 2177 plenilunium
2587 2109 2837 2177 paschale
2885 2109 3228 2177 cnntingebat
3273 2107 3380 2160 ldi-

1808 2202 1909 2255 bus
1946 2200 2165 2271 Aprilis,
2190 2208 2241 2253 et
2262 2199 2436 2253 littera
2467 2200 2508 2253 G
2537 2200 2780 2269 apposita
2824 2201 2954 2254 illud
2986 2201 3037 2254 in
3074 2201 3213 2256 diem
3242 2201 3380 2255 Sabr-

1808 2293 1915 2346 bati
1949 2292 2203 2346 incidisse
2227 2291 2447 2345 indicat.

1875 2383 1932 2437 3°
1989 2382 2043 2436 ln
2099 2383 2270 2452 prima
2323 2383 2577 2437 columna
2634 2381 3012 2437 descendendo
3075 2391 3377 2452 sequuntur

1807 2475 2077 2530 sexdecim
2113 2474 2238 2528 anni
2280 2475 2582 2543 incipiendo
2621 2475 2690 2528 ab
2723 2490 2866 2527 anno
2897 2473 3021 2537 2'22,
3058 2489 3152 2542 per
3182 2491 3378 2528 nume-

1806 2581 1900 2620 ros
1929 2565 2212 2634 designati,
2237 2573 2291 2620 et
2317 2565 2564 2619 similiter
2594 2566 2648 2618 in
2686 2564 2909 2633 reliquis
2941 2579 3034 2618 sex
3072 2564 3378 2626 columnis,

1807 2675 1928 2730 qua:
1961 2669 2164 2729 septem
2184 2659 2746 2724 hecczedecaeterides,
2773 2673 2867 2711 seu
2887 2657 3228 2722 sedecennia,
3270 2672 3372 2712 an-

1807 2769 1908 2806 nos
1943 2753 2044 2806 112
2065 2753 2321 2806 elliciunt.

1879 2846 1936 2898 4·
1998 2844 2129 2900 Post
2184 2846 2418 2914 primum
2471 2843 2852 2897 sedecennium
2915 2842 3269 2911 plenilunium
3323 2841 3377 2894 in

1809 2937 2057 2992 eunidem
2086 2937 2302 3005 quidem
2342 2936 2508 3000 diem,
2539 2935 2748 2988 scilicet
2776 2931 2904 2987 ldus
2934 2932 3137 3001 Aprilis
3169 2932 3377 2992 incidit,

1803 3031 1957 3099 juxta
1994 3029 2313 3100 hypothesin
2345 3027 2402 3082 S.
2438 3027 2728 3097 Hippolyti,
2757 3042 2860 3079 non
2894 3040 3019 3077 vero
3049 3025 3100 3076 in
3134 3025 3378 3078 eamdem

1736 3138 1777 3195 ο
1810 3122 2022 3187 teriam,
2051 3121 2142 3176 sed
2166 3137 2271 3174 una
2300 3120 2431 3175 feria
2462 3121 2621 3174 citius
2643 3117 2902 3172 occurrit.
2937 3115 2996 3169 V.
3030 3132 3082 3185 g.
3119 3115 3172 3168 in
3205 3116 3379 3183 primo

1806 3204 2128 3267 sedeéennio
2162 3209 2520 3280 plenilunium
2567 3209 2618 3260 in
2652 3206 2717 3272 G,
2765 3207 2816 3260 id
2871 3213 2972 3270 est,
3021 3204 3260 3257 Sabbato
3289 3218 3380 3258 oc-

1803 3304 2000 3367 currit;
2030 3303 2081 3356 in
2117 3303 2358 3355 secundo
2392 3299 2715 3354 sedecennio
2743 3299 2848 3350 erit
2877 3297 2929 3348 in
2975 3294 3035 3360 F,
3066 3296 3117 3348 id
3157 3302 3259 3350 est.
3298 3295 3378 3347 le-

1803 3395 1882 3448 ria
1907 3392 2161 3460 sexta;in
2209 3393 2368 3444 tertio
2412 3390 2465 3443 in
2503 3388 2563 3454 E,
2616 3403 2709 3442 seu
2757 3385 2890 3438 feria
2941 3385 3158 3453 quinta,
3195 3393 3248 3436 et
3299 3383 3379 3438 sic

1803 3486 2058 3554 deinceps
2087 3501 2102 3549 ;
2140 3481 2405 3536 absolutis
2427 3491 2606 3534 autem
2644 3487 2848 3548 septem
2892 3474 3248 3540 sedecenniis,
3281 3491 3378 3528 seu

1805 3576 1906 3628 ΗΞ
1938 3576 2116 3639 annis,
2147 3574 2200 3627 in
2239 3574 2490 3627 eumdem
2517 3572 2657 3624 diem
2699 3578 2754 3622 et
2781 3567 3026 3623 eamdem
3069 3565 3262 3620 feriam
3293 3581 3379 3619 re-

1803 3677 2002 3724 curret.

1877 3765 1931 3820 5'
1967 3764 2068 3818 Per
2092 3775 2252 3817 voces
2280 3761 2401 3813 illas
2451 3755 2671 3818 Esrlras,
2716 3753 2928 3808 Genesis
2980 3753 3199 3817 Christi,
3241 3749 3378 3804 Eze-

1803 3859 1973 3922 chias,
2010 3866 2139 3918 etc.,
2187 3854 2341 3923 juxta
2375 3849 2754 3903 Blanchinium
2791 3845 3062 3914 praecipua
3113 3843 3379 3898 Paschata

1804 3952 2180 4020 designantur,
2204 3960 2434 4015 quorum
2465 3941 2522 3995 S.
2555 3939 2833 4008 Scriptura
2873 3937 3137 4001 meminit,
3172 3935 3380 3990 scilicet

1808 4044 1978 4099 Exodi
2019 4056 2116 4094 xu.
2170 4037 2414 4091 Primum
2473 4033 2681 4087 Pascha
2737 4045 2788 4082 tv
2848 4026 2988 4081 Non.
3044 4028 3242 4096 April.,
3289 4027 3373 4080 vel

1799 4140 1955 4206 juxta
1990 4131 2287 4195 Danielem,
2336 4126 2504 4180 Nonis
2542 4125 2714 4194 April.
2749 4122 3059 4176 Secundum
3093 4121 3144 4172 in
3188 4135 3374 4174 eremo

1803 4226 1962 4280 Num.
1992 4242 2066 4279 Ix.
2102 4223 2343 4279 Tertium
2369 4220 2470 4274 sub
2493 4217 2678 4278 Josue,
2716 4232 2810 4269 seu
2837 4214 2985 4277 Jesu,
3017 4212 3132 4267 .los.
3174 4227 3255 4276 ιιι,
3298 4229 3376 4266 xu

1803 4319 1924 4374 Kal.
1950 4317 2118 4386 April.
2139 4315 2268 4368 ltem
2295 4313 2499 4367 Pascha
2521 4311 2622 4366 sub
2640 4308 2889 4371 Ezechia,
2910 4305 2950 4358 ll
2969 4306 3206 4375 Paralip.
3229 4321 3333 4358 xxx
3359 4323 3374 4370 ;

1805 4413 1906 4467 sub
1942 4409 2112 4473 Josia,
2161 4405 2226 4460 lV'
2260 4404 2392 4475 Reg.
2417 4419 2590 4467 xxm;
2621 4402 2722 4456 sub
2773 4398 2966 4462 Esdra,
3003 4396 3024 4450 ι
3070 4396 3256 4451 E‘sdrte
3299 4413 3376 4456 vt.

155 4499 374 4554 vationes
402 4499 840 4562 astronomicas.
873 4496 1232 4566 aequinoctio,
1275 4505 1328 4550 ει
1355 4495 1523 4566 ciens.
1567 4494 1698 4548 SOliS
1733 4508 1774 4560 D
1802 4503 1936 4558 ltem
1994 4501 2047 4555 in
2105 4498 2324 4561 Genesi,
2375 4503 2427 4550 et
2472 4494 2733 4548 Passione
2764 4490 2987 4546 Christi.
3036 4487 3209 4544 Verba
3251 4503 3379 4542 vero

155 4597 200 4641 et
225 4589 373 4657 lunae,
397 4592 630 4660 epactis,
656 4599 710 4642 et
731 4588 921 4642 litteris
945 4587 1372 4642 Dominicalibus
1402 4588 1502 4640 rite
1531 4585 1704 4639 deter-

156 4683 374 4747 minatis,
407 4692 463 4738 et
522 4681 917 4738 correctionem
959 4678 1342 4748 Gregorianam
1396 4677 1704 4733 Calendarii

155 4771 331 4828 factam
360 4776 563 4830 tabula:
618 4773 898 4843 paschales
935 4771 1206 4825 moderna:
1253 4771 1322 4824 ab
1359 4770 1462 4823 hoc
1495 4767 1704 4822 Canone

155 4880 248 4919 non
277 4882 466 4936 parum
500 4865 774 4920 ditlerant.
821 4863 962 4930 Quia
1014 4871 1192 4916 tamen
1233 4861 1323 4916 hic
1370 4859 1574 4925 Canon,
1619 4872 1706 4912 ut-

155 4967 260 5026 pote
285 4960 335 5011 in
365 4957 612 5013 Ecclesia
655 4957 864 5027 primus
913 4965 965 5010 et
1000 4952 1436 5024 antiquissimus,
1479 4965 1705 5005 venera-

155 5051 246 5106 bile
270 5063 352 5106 est
379 5051 723 5121 antiquitatis
754 5056 1184 5112 monumentum,
1210 5055 1264 5101 et
1301 5054 1555 5100 accurata
1587 5044 1705 5113 ejus

215 5229 318 5296 (15)
385 5228 662 5282 Victorius
723 5227 1166 5289 Lemovicensis,
1235 5224 1466 5296 scriptor
1523 5221 1704 5276 szeculi

157 5292 311 5365 quinti
342 5309 578 5353 testatur
630 5301 774 5365 quod
816 5300 861 5352 is
902 5307 1018 5351 erat
1039 5297 1241 5349 Latina:
1261 5292 1509 5346 Ecclesiae
1541 5307 1662 5365 Alnos
1689 5308 1702 5343 :

163 5361 284 5420 (Sin
317 5381 495 5422 autem
520 5369 606 5422 die
623 5361 856 5438 iSabbati
899 5366 1243 5438 plenilunium
1275 5361 1704 5438 esseconligerit,

157 5449 197 5488 et
221 5440 554 5509 consequenti
605 5433 1105 5509 Dominico'lunam
1144 5435 1496 5509 xv_reperiri;_
1524 5433 1706 5509 eadem

159 5508 236 5559 hab
256 5503 461 5562 roma'de
495 5510 828 5570 transmissa,
850 5510 902 5560 in
929 5508 1150 5560 alteram
1183 5505 1322 5558 diem
1349 5503 1704 5565 Dominicam,

160 5578 322 5646 idest,
365 5581 550 5633 lunam
591 5593 706 5631 xxu
752 5577 1030 5631 transferri
1078 5572 1509 5646 deberegl’ascha
1551 5572 1706 5646 dixe-

161 5660 287 5720 rant.
311 5641 342 5701 ⁷»
377 5648 584 5703 Victor.
620 5648 780 5720 apud
802 5649 1030 5702 Buchcr.
1069 5646 1143 5699 De
1167 5644 1312 5714 Cycl.
1343 5642 1544 5720 paul!“
1569 5657 1622 5710 p.

164 5715 270 5772 llzec
315 5721 502 5786 praxis
543 5712 721 5772 adhuc
772 5719 824 5771 in
872 5733 970 5771 usu
1028 5725 1147 5770 erat
1194 5712 1431 5786 tempore
1464 5712 1706 5786 Gregorii

163 5780 504 5857 Turonensis,
532 5788 988 5861 quemadmodum
1010 5787 1098 5842 ille
1124 5780 1319 5843 scribit
1338 5785 1428 5839 lib.
1478 5799 1509 5836 ι
1563 5780 1704 5835 Hist.

1806 4596 1917 4661 illa,
1945 4591 2226 4647 secundum
2267 4587 2560 4649 Danielem,
2605 4584 2916 4655 signiﬁcant
2952 4581 3111 4635 aliam
3139 4581 3375 4634 chrono-

1804 4687 2000 4757 logiam
2062 4683 2257 4737 horum
2307 4679 2655 4743 Paschatum,
2692 4691 2815 4731 cum
2850 4690 2914 4728 ex
2956 4672 3193 4726 Danielis
3237 4671 3376 4724 libro

1803 4780 2156 4851 ejusdemque
2191 4771 2621 4829 hebdomadibus
2664 4764 3027 4822 diversimode
3075 4763 3374 4817 numeratis

1804 4871 2064 4942 epocham
2090 4865 2387 4938 superioris
2403 4864 2574 4919 aetatis
2597 4877 2626 4916 a
2642 4861 2840 4929 templo
2856 4857 3073 4912 condito
3087 4856 3151 4910 ad
3168 4863 3376 4908 restau-

1804 4970 1977 5014 ratum
2007 4974 2036 5011 a
2061 4956 2205 5028 Cyro
2242 4954 2404 5025 paulo
2447 4953 2713 5006 diversam
2745 4946 3059 5015 chronologi
3099 4945 3371 5012 colligant.

1874 5047 2028 5102 Non
2054 5045 2141 5100 lll.
2164 5045 2346 5100 Altera
2376 5042 2554 5096 tabula
2578 5039 2794 5094 exhibet
2813 5035 3122 5090 Dominicas
3143 5031 3376 5086 Pascha-

1806 5227 2158 5286 Francorum,
2183 5239 2332 5277 num.
2360 5221 2450 5274 22.
2487 5219 2856 5272 Observantur
2885 5215 2935 5269 in
2959 5212 3121 5286 Cyclo
3151 5210 3207 5264 S.

1807 5297 1971 5380 polyti
2011 5281 2164 5365 plura
2198 5292 2442 5380 fxempla
2475 5288 2734 5380 translati
2765 5285 3062 5344 Paschatis,
3087 5297 3211 5336 cum
3241 5281 3369 5333 illud

1807 5360 1863 5421 in
1902 5360 2043 5421 diem
2077 5379 2144 5418 xv
2199 5362 2340 5416 luna:
2384 5360 2664 5416 incideret.
2693 5373 2772 5411 se.
2807 5370 2950 5410 anno
2979 5371 3016 5419 ι,
3063 5368 3134 5417 ιν,
3163 5366 3217 5416 x,
3250 5366 3370 5410 xm,

1807 5454 1918 5497 xvi,
1963 5451 2042 5488 ιιι.
2086 5432 2241 5487 Nunc
2271 5431 2573 5502 peragimus
2619 5426 2826 5502 Pascha
2862 5441 2930 5478 xv
2966 5425 3124 5502 lunae,
3157 5421 3376 5502 quando

1808 5491 1994 5562 incidit
2024 5507 2076 5558 in
2110 5491 2534 5568 Douliiiicam,in
2567 5513 2676 5569 quo
2705 5497 2940 5552 rationes
2981 5491 3378 5548 Alexandrino-

1809 5594 1927 5633 rum
1960 5576 2258 5633 sequimur.

1880 5647 1988 5718 (ιι)
2013 5633 2132 5718 Vid.
2161 5641 2423 5718 Cptumel.
2457 5641 2550 5718 lib.
2577 5655 2657 5718 ιχ,
2683 5652 2800 5705 cap.
2827 5635 2914 5698 M,
2942 5633 3118 5718 (ξι-1⁸η).
3147 5649 3224 5717 ιιι,
3254 5648 3374 5703 cap.

1808 5705 1898 5773 2οξ
1932 5705 2160 5771 Bitcher.
2196 5714 2267 5767 De
2297 5711 2443 5783 cyclo
2478 5709 2807 5773 JudtBOl'ttttt,
2843 5722 2960 5778 pag.
2988 5705 3110 5761 345.
3168 5714 3170 5717 '
