3882 6508
455 312 585 398 515

485 468 566 517 les
628 480 723 533 per
774 472 980 532 septem
1038 462 1359 519 sedecennia
1410 503 1422 515 .

482 552 689 607 Christi
716 554 842 619 2'22,
870 555 1055 609 eodem
1087 554 1247 608 modo
1290 569 1398 623 quo
1442 555 1734 624 plenilunia
1778 555 2055 625 paschalia

485 643 541 699 in
582 645 748 713 priori
784 646 965 699 tabula
997 653 1124 699 sunt
1165 644 1463 713 disposita;
1508 646 1598 699 ubi
1650 652 1829 700 tamen
1860 656 2058 699 notan-

484 738 635 802 dum,
677 738 819 806 quod
850 740 895 792 si
946 738 1303 807 plenilunium
1357 741 1408 792 in
1444 737 1738 795 Sabbatum
1782 739 2051 805 inciderit,

483 829 765 883 Dominica
794 846 1027 901 sequens
1051 846 1156 883 non
1177 833 1243 886 sit
1275 834 1569 907 paschalis,
1593 832 1669 885 uti
1702 832 2053 887 Alexandrini

482 924 863 990 observabant,
920 925 1014 979 sed
1068 940 1219 979 more
1269 925 1585 980 Latinorum
1632 926 1839 980 Pascha
1886 927 2051 979 altera

481 1014 760 1072 Dominica
796 1034 914 1072 eam
943 1020 1308 1089 subsequente
1338 1022 1667 1075 celebratum
1700 1022 1829 1075 olim
1857 1022 2040 1075 fuerit.

480 1108 592 1173 Sic,
630 1125 683 1164 v.
717 1126 793 1179 g.,
824 1126 966 1164 anno
995 1111 1121 1173 222,
1151 1112 1503 1179 plenilunium
1529 1114 1800 1167 incidebat
1828 1113 1882 1167 in
1920 1112 2045 1167 ldus

477 1200 677 1267 Aprilis
716 1201 949 1256 Sahbato
973 1222 986 1269 ;
1030 1203 1311 1257 Dominica
1339 1207 1609 1274 paschalis
1632 1222 1739 1260 nen
1766 1214 1880 1259 erat
1909 1221 2039 1259 xvm

478 1288 596 1345 Kal.
630 1292 775 1353 Maii.
821 1310 969 1348 more
1011 1295 1518 1363 Alexandrinorum,
1563 1298 1656 1352 sed
1701 1313 1851 1352 more
1892 1295 2039 1350 Lati—

478 1401 673 1441 norum
719 1403 771 1441 xi
814 1387 930 1443 Kal.
976 1388 1120 1445 Maii.
1172 1390 1331 1445 Anno
1356 1391 1483 1459 223,
1526 1391 1882 1461 plenilunium
1924 1400 2039 1445 erat

1471 339 1555 395 DE
1593 340 1755 395 VITA
1798 341 1885 395 ET
1928 340 2238 396 SCRIPTIS
2275 342 2331 396 S.
2372 340 2754 396 HlPPOLYTl.

1469 463 1775 532 incipiendo
1816 464 1883 518 ab
1908 480 2050 517 anno
2080 472 2123 525 Α
2154 480 2206 517 tv
2231 463 2414 519 Nonas
2454 464 2675 534 Aprilis,
2721 463 2875 533 feria}
2899 471 3126 532 quarta,
3164 461 3442 516 Dominica
3492 463 3714 530 pascha-

3619 342 3714 395 3l6

2161 559 2227 613 lis
2266 573 2361 612 vni
2393 557 2517 613 ldus
2543 558 2763 625 Aprilis.
2799 554 2929 609 Item
2960 557 3013 610 in
3051 556 3290 610 secunda
3323 555 3596 619 columna,
3627 569 3715 608 seu

2160 649 2399 703 secundo
2435 647 2773 710 sedecennio,
2801 647 2911 701 sive
2937 661 3080 700 anno
3106 643 3308 700 Christi
3338 644 3462 707 258,
3492 644 3717 712 plenilu-

2162 743 2310 795 nium
2356 751 2473 794 erat
2520 740 2703 793 Idibus
2738 740 2957 809 Aprilis,
2986 739 3115 797 feria
3157 748 3331 802 sexta,
3362 747 3416 791 et
3444 736 3716 791 Dominica

2161 836 2433 904 paschalis
2478 851 2587 890 xvn
2631 833 2749 887 Kal.
2779 832 2903 886 Maii
2930 852 2943 899 ;
2974 840 3027 885 et
3059 832 3130 885 ita
3178 830 3433 899 deinceps
3471 845 3569 898 per
3600 830 3717 883 reli-

2157 944 2261 997 qua
2316 928 2655 994 setlecennia,
2697 926 2897 996 quibus
2947 925 3205 979 absolutis
3257 923 3617 991 plenilunium
3666 923 3716 976 in

2153 1019 2401 1072 eumdem
2437 1019 2579 1072 diem
2622 1018 2778 1086 primi
2824 1015 3151 1076 sedecennii,
3192 1024 3245 1067 et
3280 1012 3493 1077 feriam,
3520 1023 3575 1065 et
3594 1026 3717 1065 con-

2152 1120 2445 1181 sequenter
2489 1112 2653 1166 etiam
2716 1109 2996 1163 Dominica
3044 1107 3315 1178 paschalis
3364 1108 3417 1160 in
3471 1107 3714 1160 eumdem

2148 1204 2292 1258 diem
2328 1203 2577 1257 recurrit.
2606 1203 2781 1272 Atque
2803 1203 2908 1256 hoc
2953 1201 3165 1256 videtur
3197 1216 3316 1256 esse
3359 1209 3599 1272 systema
3626 1196 3718 1252 Ca-

2146 1298 2295 1351 nonis
2343 1295 2606 1366 paschalis
2651 1293 2708 1349 S.
2756 1293 3044 1365 Hippolyti.
3094 1293 3257 1349 Plura
3286 1294 3456 1350 videri
3492 1300 3719 1363 possunt

2145 1390 2287 1460 apud
2308 1390 2556 1444 laudatos
2590 1398 2859 1445 auctores.

863 1930 960 1989 DE
1009 1929 1519 1990 FRAGMENTIS
1582 1930 1906 1992 OPERUM
1961 1930 2021 1990 S.
2076 1930 2507 1990 HlPPOLYTl
2554 1930 2655 1989 ET
2701 1928 2805 1988 DE
2854 1927 3347 1988 DEPERDITIS.

1020 2054 1416 2108 Ali'l'lCULUS
1454 2055 1492 2109 l.

470 2201 541 2243 DE
580 2203 981 2244 CﬂMMENTABllS.
1015 2206 1059 2241 S.
1096 2205 1375 2242 HIPPOLYTI
1419 2206 1467 2241 ΙΝ
1512 2206 1693 2244 LIBROS
1718 2206 1942 2244 VETERES
1972 2207 2039 2244 ET

990 2274 1111 2312 NOV!
1155 2276 1517 2313 TESTAMENTI.

509 2396 536 2462 ξ
571 2395 608 2452 1.
652 2397 1070 2451 Commentarius
1099 2397 1157 2451 S.
1194 2397 1469 2465 Hippolyti
1508 2399 1561 2449 in
1594 2395 1813 2451 δεηθείη
1860 2409 1908 2452 et
1950 2402 2004 2452 in

1044 2467 1425 2521 Hexaemeron.

542 2580 783 2652 Exiguus
809 2592 894 2637 est
933 2583 1285 2651 scriptorum,
1326 2598 1447 2651 qua:
1475 2592 1707 2649 exstant,
1751 2583 1807 2638 S.
1847 2584 2042 2655 Hippo-

466 2672 563 2744 lyti
595 2690 878 2740 numerus,
920 2677 965 2728 si
999 2691 1120 2729 cum
1156 2675 1222 2729 iis
1278 2674 1549 2738 conferas,
1595 2691 1715 2744 quae
1760 2677 1899 2732 inter
1947 2680 2041 2733 de—

469 2767 678 2835 perdita
712 2782 1085 2821 numeramus.
1112 2766 1237 2821 Hzec
1276 2777 1421 2821 certe
1448 2768 1680 2836 jactura,
1717 2784 1836 2838 qua}
1875 2771 2042 2825 senti-

466 2869 558 2913 tur
586 2859 758 2928 magis
796 2858 891 2928 per
922 2859 1217 2925 subiectam
1250 2859 1621 2913 collectionem
1658 2861 1960 2928 titulorum,
1987 2872 2041 2917 et

466 2954 868 3006 enarrationem
933 2955 1267 3008 succinctam
1335 2968 1499 3022 quam
1552 2963 1676 3023 post
1717 2965 1926 3010 veteres
1973 2957 2040 3011 de

466 3045 679 3099 cunctis
705 3046 804 3098 viri
844 3047 1018 3100 sancti
1058 3047 1613 3101 commentationibus
1647 3049 1805 3103 hodie
1830 3050 2039 3103 deside-

465 3137 600 3190 ratis
638 3136 1037 3202 exhibebimus,
1086 3153 1270 3207 quaeve
1305 3139 1569 3207 stupenda
1616 3140 1847 3193 videtur.
1882 3138 2036 3195 Nulla

463 3242 633 3297 prope
659 3227 954 3297 Scriptura:
987 3245 1132 3298 pars,
1167 3230 1253 3284 cui
1285 3247 1394 3285 non
1422 3232 1755 3301 explicandae
1785 3243 1879 3286 aut
1905 3248 2037 3287 eno-

464 3319 660 3374 dandis
720 3321 772 3373 in
826 3337 887 3375 ea
937 3320 1342 3377 difﬁcultatibus
1389 3323 1663 3393 ingenium
1710 3326 2031 3386 exercuerit.

2073 2058 2119 2117 Β
2148 2056 2428 2125 designent
2449 2053 2717 2124 Hippolyti
2749 2053 3151 2108 lucubrationes
3197 2047 3277 2114 et;
3317 2059 3387 2103 τὰ
3440 2050 3582 2121 μετὰ
3624 2049 3720 2122 τὴν

2143 2148 2463 2218 ὲξαήμερον,
2499 2155 2552 2199 et
2601 2148 2680 2208 εἰς
2709 2145 2808 2215 τὴν
2839 2144 3157 2215 ὲξαήμερον.
3187 2141 3348 2197 Juxta
3383 2142 3527 2197 hanc
3556 2143 3717 2212 igitur

2143 2237 2635 2306 interpretationem
2677 2237 2726 2290 le
2776 2234 2974 2305 Moynii
3009 2234 3315 2303 scripsisset
3359 2234 3415 2287 S.
3457 2233 3720 2303 Hippoly-

2143 2339 2231 2384 tus
2262 2329 2651 2383 commentaria
2693 2328 2745 2381 in
2794 2326 3029 2396 primum
3082 2334 3136 2379 et
3193 2326 3491 2380 secundum
3555 2334 3718 2395 caput

2142 2417 2429 2484 Geneseos,
2449 2433 2540 2472 seu
2558 2420 2609 2471 in
2625 2415 3037 2480 Hexaemerum,
3057 2423 3109 2469 et
3131 2416 3196 2470 de
3224 2417 3291 2469 iis
3308 2431 3428 2485 quae
3451 2415 3605 2470 Deus
3626 2432 3716 2470 sex

2140 2511 2332 2565 diebus
2359 2510 2691 2573 condiderat,
2714 2517 2766 2562 et
2790 2508 2855 2562 de
2878 2508 2943 2561 iis
2967 2525 3087 2577 qua:
3112 2509 3327 2578 pr0prie
3355 2509 3642 2562 hominem
3666 2519 3717 2561 et

2142 2602 2287 2655 illius
2321 2602 2373 2654 in
2405 2602 2715 2669 paradisum
2756 2600 3173 2653 collocationem
3206 2598 3558 2667 spectabant;
3597 2614 3713 2663 seu,

2141 2702 2201 2747 ut
2230 2694 2416 2763 paucis
2443 2694 2642 2759 dicam,
2668 2694 2823 2763 juxta
2848 2693 2898 2747 le
2922 2692 3196 2764 Moynium
3227 2691 3539 2760 scripsisset
3573 2705 3718 2744 com-

2140 2790 2466 2840 mentarium
2517 2786 2583 2841 de
2629 2795 2772 2840 statu
2819 2794 3282 2855 protoparentum,
3331 2784 3396 2838 de
3437 2784 3715 2837 creatione

2140 2880 2349 2945 mundi,
2398 2888 2452 2933 et
2502 2880 2570 2933 de
2617 2879 2779 2933 rebus
2804 2878 3135 2931 viventibus.
3178 2877 3401 2941 Verum,
3433 2875 3564 2929 licet
3602 2878 3713 2929 haec

2138 2972 2321 3040 opinio
2344 2971 2415 3025 sit
2444 2972 2773 3042 ingeniosior
2804 2978 2857 3025 et
2896 2970 3067 3041 magis
3110 2968 3372 3023 naturalis
3411 2984 3581 3037 quam
3624 2969 3711 3024 illa

2140 3062 2397 3134 Scaligeri
2437 3065 2502 3119 de
2531 3064 2761 3119 Psalmis
2793 3062 3273 3133 ptenitentialibus,
3312 3062 3595 3116 fatendum
3633 3074 3713 3117 ta-

2136 3172 2260 3209 men
2307 3164 2557 3210 neutram
2613 3156 2724 3228 (18)
2768 3155 3054 3211 certiorem
3083 3171 3224 3210 esse.
3271 3152 3513 3222 Utraque
3564 3156 3710 3207 enim

2136 3248 2293 3301 unice
2322 3249 2583 3317 dependet
2611 3250 2678 3303 ab
2707 3251 3116 3319 imaginatione;
3160 3258 3213 3302 et
3239 3249 3317 3303 sic
3351 3248 3575 3317 quidem
3609 3258 3715 3303 ter-

2136 3338 2265 3403 tius,
2314 3338 2406 3406 qui
2453 3338 2541 3391 hic
2589 3338 2803 3408 ingenio
2853 3354 2952 3393 suo
2999 3338 3276 3407 indulgere
3311 3338 3491 3401 vellet,
3528 3339 3713 3393 adhuc

466 3411 634 3462 multa
659 3426 877 3478 quoque
922 3413 1063 3466 idem
1112 3414 1179 3467 de
1212 3415 1374 3468 rebus
1402 3416 1524 3469 aliis
1558 3416 1832 3484 religionis
1854 3427 1906 3470 et
1934 3415 2030 3471 Ec-

2137 3430 2281 3483 aliud
2313 3440 2498 3499 posset
2518 3445 2731 3495 eruere,
2762 3430 2905 3500 quod
2940 3429 3079 3484 forte
3109 3431 3281 3498 magis
3302 3429 3369 3483 ad
3394 3445 3591 3483 verum
3624 3447 3712 3484 ac-

464 3500 645 3554 clesiae
675 3503 1009 3569 gravissimis
1039 3504 1387 3562 elucubratus
1423 3516 1528 3561 est.
1571 3506 1821 3562 lneamus
1850 3523 2037 3563 nume-

464 3607 630 3645 rum:

536 3680 800 3737 Eusebius
828 3685 939 3753 (15)
970 3695 1023 3740 et
1060 3685 1117 3742 S.
1158 3687 1519 3760 Hieronymus
1556 3690 1668 3761 (l6)
1700 3707 1798 3745 nos
1837 3692 2033 3746 certio-

461 3787 548 3825 res
576 3774 808 3828 reddunt
838 3785 1085 3831 sanctum
1112 3778 1453 3850 Hippolytum
1476 3797 1733 3836 exarasse
1759 3797 2033 3836 commen-

461 3864 662 3916 tarium
702 3865 755 3917 in
787 3864 1177 3934 Hexaemeron,
1212 3887 1307 3924 seu
1340 3881 1633 3927 tractatum
1676 3874 1740 3928 de
1787 3889 1880 3929 sex
1920 3876 2031 3928 die-

460 3951 564 4007 bus
594 3956 885 4011 creationis
911 3960 1117 4013 mundi.
1150 3960 1230 4013 Cl.
1263 3963 1310 4015 le
1341 3961 1590 4033 Moynius
1617 3965 1900 4033 prietendit
1929 3966 2030 4020 hoc

459 4060 597 4113 opus
627 4063 744 4101 esse
776 4049 1009 4116 primum
1049 4051 1190 4105 inter
1231 4068 1314 4119 ea,
1348 4070 1469 4122 quae
1505 4056 1559 4107 in
1596 4056 1779 4110 tabula
1822 4056 2027 4119 Gragca,

461 4154 582 4191 cum
612 4149 787 4194 statua
821 4143 991 4196 nostri
1035 4146 1204 4198 sancti
1238 4161 1267 4199 e
1305 4147 1464 4201 terris
1496 4148 1712 4213 ellossa,
1757 4157 1812 4203 et
1857 4149 2027 4203 conti—

461 4240 620 4283 nente
658 4234 895 4300 plurium
939 4236 1171 4289 aliorum
1227 4238 1398 4306 ipsius
1433 4241 1754 4309 scriptorum
1810 4241 2024 4308 titulos,

459 4320 839 4390 designantur;
885 4334 1046 4395 atque
1080 4329 1388 4396 suspicatur
1426 4331 1646 4387 ultimas
1674 4332 1907 4403 syllabas
1934 4350 2027 4389 v0-

458 4426 582 4467 cum
614 4413 771 4469 lOYC
801 4426 854 4470 et
882 4416 1059 4483 NIAC,
1110 4437 1173 4473 ex
1205 4422 1404 4489 quibus
1446 4422 1686 4493 Scaliger
1730 4434 1783 4479 et
1819 4424 2027 4482 Buche—

457 4506 575 4559 rius
634 4505 838 4561 faciunt
890 4509 1229 4567 ΨΑΛΜΟΥΟ
1303 4512 1732 4584 METANOIAC,
1783 4517 2025 4575 Psalmos

456 4593 856 4661 ptenitentiales
893 4599 1026 4669 (17),
1055 4616 1174 4656 esse
1202 4602 1460 4673 reliquias
1502 4621 1694 4661 vocum
1727 4610 1805 4671 εἰς
1835 4626 2026 4680 προτο-

2133 3521 2362 3575 cederet.
2395 3520 2459 3575 Et
2489 3537 2618 3575 sane
2644 3522 2923 3577 doctorum
2950 3522 3186 3576 virorum
3222 3520 3446 3576 Thomze
3477 3522 3635 3577 Galei
3659 3533 3713 3576 et

2132 3616 2369 3672 Eduardi
2409 3617 2707 3673 Bernhardi
2753 3620 3100 3690 conjecturae,
3133 3618 3226 3688 qui
3255 3633 3321 3673 ex
3351 3619 3607 3688 reliquiis
3631 3620 3714 3672 lit-

2130 3720 2368 3765 terarum
2401 3710 2557 3765 ΙΟΥο
2598 3711 2910 3767 divinantur
2951 3713 3252 3777 Ἰουδαίους,
3294 3712 3368 3766 ita
3412 3722 3475 3765 ut
3508 3711 3709 3766 serisus

2130 3804 2340 3875 integer
2366 3806 2432 3859 sit
2476 3804 2769 3869 Ἀπόδειξις
2797 3805 2931 3876 πρὸς
2953 3808 3076 3868 τοὺς
3121 3803 3420 3867 Ἰουδαίους,
3453 3803 3540 3857 vel
3566 3804 3709 3856 κατὰ

2129 3898 2253 3959 τοὺς
2297 3896 2597 3960 Ἰουδαίους,
2625 3896 2998 3950 demonstratio
3032 3896 3276 3949 adversus
3304 3894 3547 3958 Judwos,
3583 3911 3711 3950 eru-

2131 3989 2258 4044 ditis
2293 3989 2542 4059 pluribus
2576 4004 2683 4043 non
2718 3988 3005 4058 displicent
3028 3988 3163 4059 (19).
3202 3986 3269 4042 Ut
3294 3995 3352 4042 ut
3374 3997 3560 4041 autem
3591 3989 3710 4042 haec

2127 4082 2255 4147 sint,
2294 4082 2398 4136 hoc
2438 4081 2791 4136 nihilominus
2836 4097 3023 4135 verum
3084 4090 3192 4147 est,
3245 4080 3301 4134 S.
3346 4081 3707 4151 Hippolytum

2129 4175 2503 4243 composuisse
2525 4173 2916 4229 Hexaemeron.
2958 4174 3188 4229 Sanctus
3232 4173 3470 4229 Joannes
3502 4173 3707 4229 Dama-

2125 4280 2322 4319 scenus
2351 4266 2464 4320 suis
2502 4266 2554 4319 in
2590 4263 2874 4319 Parallelis
2906 4266 3065 4319 nobis
3088 4264 3443 4334 fragmentum
3476 4266 3707 4335 aliquod

2127 4354 2289 4423 hujus
2314 4356 2499 4425 scripti
2533 4355 2898 4420 conservavit,
2947 4356 3090 4423 quod
3130 4355 3513 4425 complectitur
3551 4356 3706 4410 refu-

2124 4448 2380 4500 tationem
2411 4462 2596 4501 eorum
2627 4447 2718 4516 qui
2760 4446 3069 4515 paradisum
3114 4454 3421 4499 terrestrem
3463 4446 3521 4498 in
3559 4448 3703 4501 coelo

2124 4538 2497 4603 collocabant,
2553 4548 2714 4607 atque
2754 4537 2947 4591 exinde
3004 4536 3383 4591 inliciabantur
3438 4540 3700 4593 eumdem

2122 4643 2243 4682 esse
2273 4643 2302 4681 e
2354 4642 2580 4681 numero
2630 4639 3003 4681 creaturarum
3049 4627 3213 4697 hujus
3268 4627 3511 4682 universi
3557 4629 3699 4699 (20).

458 4684 744 4752 πλάστους,
775 4697 829 4743 et
854 4693 980 4763 περὶ
1013 4697 1384 4764 κοσμογονίας,
1434 4700 1519 4752 vel
1555 4700 1861 4768 ζωογονίας,
1906 4718 2025 4771 quae

2137 4718 2380 4785 Quinimo
2440 4726 2659 4773 sanctus
2708 4734 2923 4789 quoque
2964 4718 3290 4790 Ambrosius
3326 4728 3539 4787 partem
3590 4720 3700 4773 ali-

528 4853 639 4923 (15)
675 4871 694 4903 ‹
720 4922 723 4923 ν
750 4851 950 4905 Eodem
1000 4862 1240 4919 tempore
1276 4862 1331 4907 et
1368 4852 1751 4923 Hippolytus...
1802 4854 2019 4923 scripsit

453 4925 532 4985 εἰς
557 4924 651 4993 τὴν
682 4922 1000 4992 ἐξαήμερον,
1025 4923 1117 4975 καὶ
1156 4923 1236 4985 εἱς
1278 4924 1348 4975 τὰ
1376 4924 1526 4994 ίμετὰ
1560 4922 1655 4993 ’ἑὴν
1700 4922 2017 4994 ὲξαήμερον,

456 4994 508 5045 in
534 5011 660 5062 opus
686 5008 776 5046 sea:
804 4995 1027 5063 dierum,
1052 5002 1099 5047 et
1123 4994 1175 5045 in
1201 5010 1262 5046 ea
1288 5012 1402 5063 qua:
1433 5004 1548 5063 post
1594 5010 1683 5047 sex
1706 4996 1813 5047 dies
1844 5011 2021 5048 conse-

455 5074 576 5115 cula
605 5074 780 5133 sunt.)
808 5062 1031 5124 Enseb.,
1065 5063 1134 5117 H.
1159 5063 1225 5117 E.
1262 5062 1354 5118 lib.
1386 5062 1459 5128 vi,
1489 5080 1605 5133 cap.
1636 5064 1724 5117 22.

527 5135 635 5203 (16)
682 5152 700 5184 ι
758 5132 1142 5203 Hippolytus...
1182 5135 1399 5203 scripsit
1444 5132 1729 5189 nonnullos
1771 5137 1824 5189 in
1873 5133 2019 5189 Scri-

455 5213 643 5324 pturas
689 5206 1128 5270 commentarios,
1179 5221 1209 5259 e
1268 5205 1467 5275 quibus
1516 5206 1614 5258 hos
1664 5206 1839 5274 reperi
1892 5223 1905 5258 :
1957 5204 2013 5257 ln

482 5274 848 5324 lexaemeron.
883 5284 935 5324 et
965 5276 1016 5324 in
1049 5275 1314 5324 Exodnm-
1361 5277 1414 5324 in
1454 5275 1735 5324 Canticum
1774 5276 2013 5324 cantico-

482 5274 848 5337 lexaemeron,
883 5284 935 5327 et
965 5276 1016 5328 in
1049 5274 1315 5340 Exodum,
1361 5277 1414 5328 in
1454 5275 1735 5328 Canticum
1774 5276 2014 5329 cantico-

454 5360 597 5468 Eum,
713 5344 963 5398 Genesim
1016 5356 1070 5399 et
1094 5347 1148 5399 in
1184 5346 1521 5401 Zachariam.
1557 5365 1576 5397 ι
1618 5344 1929 5416 Hieronym.
1958 5347 2009 5398 in

502 5425 597 5468 at..
701 5456 713 5468 .

502 5425 597 5475 at.,
627 5416 713 5468 61.

549 5484 634 5543 l7)
676 5483 866 5538 Merito
911 5485 1001 5539 alii
1038 5486 1234 5539 eruditi
1273 5486 1411 5540 hanc
1441 5485 1699 5554 Scaligeri
1734 5485 2009 5554 conjectu-

452 5568 567 5607 ram
621 5566 898 5621 respnunt,
950 5558 1077 5624 quia
1119 5557 1171 5609 in
1228 5558 1386 5611 tertio
1441 5555 1806 5624 inscriptionis
1854 5572 2008 5610 versu

452 5625 652 5677 mentio
673 5633 754 5677 est
788 5627 964 5692 operis
997 5628 1049 5680 in
1077 5625 1341 5690 Psalmos,
1370 5637 1423 5681 et
1452 5627 1646 5679 divisio
1671 5627 2010 5680 Psalmorum

450 5695 507 5749 in
532 5693 927 5766 ptpnitentiales
950 5698 1213 5764 posterior
1237 5706 1318 5751 est
1340 5707 1494 5751 suate
1521 5695 1809 5766 Hippolyti.

522 5762 632 5833 (t8)
671 5762 741 5817 Ea
781 5764 826 5819 le
856 5762 1051 5837 Moynii
1095 5769 1406 5839 conjectura
1442 5769 1509 5822 cl.
1542 5762 1809 5838 Basnagio
1849 5766 2009 5821 etiam

2126 4869 2233 4908 non
2282 4853 2763 4924 arridet._iQnippe
2796 4870 2926 4907 vero
2972 4855 3282 4923 proximum
3332 4861 3434 4915 est,
3486 4870 3701 4924 germa-

2126 4940 2224 4979 nos
2258 4939 2475 4995 operum
2512 4922 2779 4995 l‘lippolyti
2825 4924 3010 4978 titulos
3045 4933 3235 4995 statua:
3261 4922 3581 4995 marmorea:
3612 4927 3701 4979 in-

2126 4995 2356 5063 scriptos
2404 4994 2588 5049 fuisse.
2638 4994 2747 5048 llos
2797 5010 2924 5048 vero
2972 4995 3094 5064 suis,
3134 4994 3476 5064 Hippolytum
3510 4996 3697 5063 cperi—

2125 5064 2227 5117 bus
2263 5065 2537 5129 indidisse,
2564 5081 2699 5133 quos
2729 5064 2951 5118 adduxit
2980 5065 3029 5135 le
3057 5063 3337 5135 Moynius,
3357 5080 3462 5117 non
3497 5066 3695 5133 liquet,

2125 5149 2299 5205 neque
2345 5136 2507 5205 etiam
2556 5136 2612 5188 lit
2642 5136 2916 5190 credibile.
2972 5134 3232 5205 Batnage,
3265 5135 3459 5190 Annal.
3498 5137 3564 5190 ad
3597 5152 3696 5191 an-

2123 5218 2250 5257 num
2274 5204 2398 5267 222,
2427 5221 2547 5272 pag.
2587 5206 2710 5258 289.

2193 5274 2300 5343 (l9)
2332 5274 2517 5347 ANIAC.
2584 5275 2866 5329 Eduardus
2912 5276 3216 5331 Bernardus
3254 5276 3383 5343 legit
3426 5276 3558 5347 περὶ
3591 5295 3693 5332 κο-

2119 5345 2430 5417 σμογονίας,
2467 5354 2522 5417 ut
2553 5347 2877 5415 intelligatur
2906 5349 3046 5415 quod
3080 5361 3283 5417 Veteres
3311 5348 3449 5399 inter
3482 5345 3693 5417 Hippo-

2115 5414 2209 5483 lyti
2239 5417 2436 5483 scripta
2472 5416 2690 5470 laudant
2718 5414 3008 5470 comment.
3035 5419 3087 5470 in
3121 5416 3489 5471 Hexaemeron
3516 5414 3565 5484 ,7
3588 5414 3689 5472 aut

2112 5500 2241 5558 vero
2277 5487 2401 5556 περὶ
2448 5487 2647 5558 κόσμου
2683 5487 3007 5558 συντελείας.
3043 5487 3277 5543 Thomas
3318 5486 3517 5542 Caicus
3556 5488 3690 5558 legit

2111 5556 2237 5625 περὶ
2270 5557 2582 5626 ήγξμονίας,
2624 5558 2694 5610 De
2726 5557 2991 5626 regimine.

2138 5696 2149 5706 .
2185 5626 2294 5706 (29)
2334 5625 2489 5681 δορυ.
2526 5625 2933 5698 ῡλιηεδοζιοιη.
2969 5626 3032 5695 ll,
3060 5643 3179 5698 pag.
3201 5628 3303 5685 787
3328 5628 3535 5685 novies.
3570 5631 3685 5684 edi-

2114 5705 2295 5751 ῑιοηίδ.
