3882 6474
222 388 322 442 317

1192 381 1280 436 DE
1317 382 1476 438 VITA
1516 381 1604 435 ET
1644 380 1948 436 SCHII’TIS
1983 380 2040 436 S.
2082 378 2456 436 HIPPOLYTI.

3323 383 3433 441 518

220 521 382 576 quam
415 505 578 575 hujus
606 514 868 560 tractatus
892 505 944 559 in
977 503 1342 560 Hexaemeron
1380 506 1536 561 nobis
1564 521 1783 560 entiser-
1809 511 1856 568 Α
1883 504 2148 560 Caeterum
2193 503 2588 559 observandum
2634 505 2776 574 quod
2815 505 2871 559 8.
2901 501 3221 576 Hippolytus
3249 521 3349 560 suo
3380 507 3438 561 in

220 599 382 660 vavit,
426 613 544 656 seu,
605 607 663 652 ut
704 607 854 652 notat
894 597 958 652 Ι).
1005 595 1385 670 Hieronymus,
1422 596 1690 669 Hippolyti
1727 607 1782 653 et

219 689 402 742 Basilii
431 689 674 758 vestigiis
715 689 911 743 institit
950 688 1294 754 Ambrosius,
1338 692 1390 745 in
1437 692 1506 746 iis
1545 707 1665 760 quae
1715 691 1781 745 de

216 781 403 833 eodem
435 789 757 849 argumento
782 779 994 847 Scripsit
1021 779 1152 848 (2i).

284 870 488 924 Praeter
517 885 654 938 opus
679 871 1007 939 praecedens,
1039 873 1227 925 eodem
1258 869 1317 924 D.
1348 869 1677 942 Hieronymo
1705 880 1782 924 te-

215 972 293 1015 ste
341 960 481 1028 (2‘2),
525 961 790 1014 discimus
845 959 900 1014 S.
937 960 1280 1031 Hippolytum
1329 973 1574 1016 nostrum
1615 964 1777 1017 etiam

215 1055 669 1108 commentarium
739 1055 1022 1125 scripsisse
1068 1056 1122 1108 in
1173 1055 1426 1111 Genesin.
1515 1055 1779 1113 Eusebius

217 1145 437 1211 quidem
487 1145 651 1214 hujus
689 1147 868 1215 operis
899 1162 1007 1201 non
1042 1147 1322 1212 meminit;
1373 1162 1556 1202 verum
1592 1159 1780 1203 sancto

217 1236 551 1308 Hieronymo
603 1239 906 1293 rectissime
957 1239 1061 1293 hoc
1101 1238 1244 1294 credi
1276 1247 1469 1308 potest,
1509 1241 1600 1308 qui
1628 1239 1776 1294 allir-

217 1337 328 1383 mat
369 1329 539 1398 quod,
592 1329 736 1385 sicut
777 1329 881 1384 alia
929 1346 1049 1400 qua:
1087 1339 1332 1384 recenset
1371 1330 1516 1385 illius
1540 1333 1780 1387 auctoris

217 1436 404 1488 opera,
457 1420 563 1475 hoc
602 1421 764 1474 etiam
798 1421 1004 1488 legerit.
1065 1419 1325 1473 Prmterca
1371 1419 1659 1474 admodum
1689 1434 1780 1473 ve-

217 1509 448 1564 risimile
489 1519 574 1564 est
617 1509 908 1564 Eusebium
939 1509 1416 1578 comprehendisse
1453 1509 1597 1562 hunc
1628 1523 1777 1562 com-

217 1600 548 1654 mentarium
582 1601 634 1653 in
665 1616 751 1661 eo,
785 1615 945 1668 quem
970 1598 1027 1653 8.
1059 1597 1400 1670 Hippolytus,
1425 1599 1776 1668 quemadmo-

217 1691 342 1745 dum
376 1692 608 1759 ipsemet
643 1692 773 1746 dicit
806 1691 1094 1756 Eusebius,
1130 1689 1421 1759 scripserat
1447 1692 1499 1743 in
1528 1708 1609 1753 ea,
1662 1707 1776 1760 quae

214 1790 327 1848 post
357 1797 454 1834 sea:
480 1781 591 1834 dies
619 1790 895 1834 consecuta
924 1791 1065 1846 sunt,
1108 1782 1158 1835 id
1185 1789 1287 1845 est,
1339 1791 1396 1834 ut
1437 1780 1594 1850 vulgo
1618 1780 1772 1834 intel-

1883 594 2102 649 Genesin
2149 596 2520 648 commentario
2567 594 2677 650 fere
2722 597 2901 650 omnia
2935 599 3218 668 allegorice
3269 598 3440 652 inter-

1879 696 2138 756 pretetur.
2188 684 2386 740 Verum
2419 701 2524 739 non
2563 686 2634 740 ita
2667 695 2843 740 tamen
2889 688 3129 741 animum
3168 689 3234 743 ad
3285 689 3439 744 inve-

1880 778 2133 831 niendum
2176 777 2228 830 in
2256 776 2442 846 ﬁguris
2480 773 2684 831 Veteris
2711 777 3039 832 Testamenti
3087 777 3219 832 Novi
3246 778 3440 836 Foede-

1880 869 1956 921 ris
1987 869 2238 923 veritates
2281 868 2526 933 intendit,
2567 878 2625 922 ut
2660 884 2768 923 non
2798 869 3090 939 aliquando
3120 872 3282 924 etiam
3311 885 3438 926 sen-

1880 975 1998 1014 sum
2059 960 2342 1014 litteralem
2386 960 2657 1014 illustrare
2696 960 2930 1017 studeat.
2991 961 3050 1014 In
3087 962 3330 1030 pluribus
3358 961 3441 1015 lo-

1879 1052 1958 1106 cis
1991 1052 2395 1122 Scripturarum
2426 1053 2705 1107 versiones
2729 1054 2795 1107 ab
2819 1055 3012 1123 Aquila
3035 1066 3088 1108 et
3109 1053 3438 1124 Symmacho

1879 1145 2168 1199 adornatas
2203 1145 2446 1198 adhibuit
2477 1143 2608 1214 (9.9).
2657 1144 2939 1200 Fabricius
2983 1147 3097 1199 haec
3136 1144 3440 1216 fragmenta

1880 1237 2255 1292 Commentarii
2282 1241 2337 1292 in
2363 1239 2605 1304 Cenesiu,
2653 1255 2774 1308 quae
2805 1240 2995 1304 edidit,
3026 1255 3091 1294 ex
3124 1239 3440 1295 collectione

1879 1330 1947 1384 88
1982 1331 2198 1384 Patrum
2225 1332 2278 1384 in
2312 1331 2544 1385 Genesin
2573 1331 2734 1394 eruit,
2769 1346 2890 1400 qua:
2919 1331 3164 1384 collectio
3189 1344 3439 1385 asserva-

1879 1432 1968 1476 tur
2003 1423 2055 1476 in
2085 1425 2457 1491 manuscripto
2493 1423 2548 1476 in
2574 1423 2897 1478 bibliotheca
2940 1422 3277 1492 imperatoris
3312 1419 3444 1475 Vin-

1876 1514 2103 1569 doboua:
2125 1515 2174 1567 in
2202 1515 2441 1569 Austria.

1983 1606 2009 1676 §
2042 1607 2106 1660 il.
2141 1606 2560 1661 Commentarius
2595 1604 2653 1661 S.
2687 1605 2959 1675 Hippolyti
2987 1605 3037 1656 in
3065 1603 3329 1657 Exodum.

1951 1697 2182 1752 Sanctus
2205 1695 2565 1766 Hieronymus
2601 1695 2776 1749 adhuc
2814 1694 3059 1748 attribuit
3091 1691 3148 1746 S.
3182 1691 3442 1762 Hippoly-

1880 1800 1938 1843 to
1968 1787 2410 1843 Commentariun:
2446 1789 2498 1840 in
2528 1785 2766 1840 Exodum
2792 1786 2926 1855 ('50),
2984 1801 3144 1854 quem
3173 1783 3442 1838 Eusebius

215 1873 419 1942 ligiltﬂ‘,
455 1873 508 1926 ill
542 1873 747 1942 reliqua
780 1874 1050 1928 GCHCSCOS
1078 1875 1273 1942 capita.
1425 1872 1667 1927 Valesius
1701 1883 1780 1927 ta-
1809 1871 1850 1925 Β
1881 1882 2018 1937 forte
2052 1881 2351 1952 generatim
2384 1879 2721 1949 designavit,
2781 1879 2910 1932 dum
2965 1877 3255 1931 afﬁrmavit
3291 1918 3305 1941 ,
3360 1875 3440 1928 υιὶ

217 1978 337 2015 men
387 1963 746 2016 nihilominus
774 1971 826 2016 et
861 1961 1098 2031 Scaliger
1133 1973 1256 2016 ante
1279 1976 1401 2015 eum
1434 1961 1577 2014 hunc
1606 1959 1778 2012 Euse-

220 2054 294 2107 bii
323 2055 505 2108 locum
542 2055 608 2109 de
638 2055 875 2109 secundo
904 2056 1166 2110 duntaxat
1195 2053 1466 2109 Geneseos
1490 2053 1664 2120 capite
1695 2051 1779 2104 in—

217 2155 586 2215 mrpretantur
619 2147 751 2216 (25).

283 2241 352 2293 At
377 2255 508 2294 vero
535 2239 717 2293 nullus
747 2246 833 2294 est
858 2237 1162 2307 ambigendi
1192 2236 1366 2301 locus,
1394 2236 1525 2305 quin
1560 2235 1605 2290 is
1638 2249 1782 2289 com-

221 2332 541 2396 mentarius,
573 2331 641 2385 de
660 2346 769 2399 quo
803 2329 891 2384 hic
913 2329 1196 2398 quaeritur,
1242 2327 1295 2380 in
1329 2336 1496 2381 totam
1526 2325 1777 2380 Genesim

224 2441 279 2477 se
319 2425 597 2488 extendat,
651 2433 939 2492 postquam
987 2421 1237 2474 Albertus
1286 2419 1569 2474 Fabricius
1625 2419 1778 2488 plura

227 2517 382 2584 hujus
442 2514 818 2568 commentarii
878 2512 1179 2582 fragmenta
1237 2510 1420 2566 Graace
1473 2525 1536 2564 ac
1592 2508 1780 2562 Latine

226 2607 491 2678 evolgavit
524 2603 656 2676 (24).
716 2605 806 2661 Sic
830 2605 900 2659 ibi
932 2609 1284 2660 observamus
1307 2600 1694 2670 explicationes
1725 2600 1780 2653 in

227 2715 263 2763 ι.
292 2717 352 2754 ιιι
383 2711 569 2769 caput,
612 2708 666 2755 et
704 2713 892 2752 omnes
938 2695 1050 2751 fere
1109 2694 1406 2751 versiculos
1439 2693 1601 2762 capit.
1656 2707 1780 2745 χιιι

227 2791 513 2849 Geneseos.
564 2791 785 2846 Accedit
828 2789 971 2860 quod
1015 2787 1073 2841 8.
1105 2785 1484 2858 Hieronymus,
1530 2786 1656 2840 dum
1686 2799 1780 2839 co-

227 2883 452 2936 nabatur
501 2879 935 2949 explanationem
975 2876 1103 2930 dare
1127 2876 1193 2929 de
1222 2874 1669 2938 Melchisedecho,
1699 2874 1782 2926 di-

227 2984 358 3028 serte
380 2973 528 3027 dicat
554 2988 612 3027 se
637 2970 978 3026 consuluisse
998 2979 1241 3023 sanctum
1270 2967 1608 3038 Hippolytum
1634 2967 1778 3037 (‘25);

227 3067 447 3133 proinde
470 3065 682 3118 videtur
710 3077 804 3132 per
827 3062 929 3115 hoc
959 3060 1236 3115 testiﬁcari
1265 3061 1406 3130 quod
1440 3069 1662 3115 sanctus
1691 3075 1785 3112 no-

227 3166 329 3211 ster
360 3157 414 3210 in
447 3164 612 3225 caput
632 3153 814 3220 xw,in
846 3169 954 3224 quo
976 3153 1040 3208 de
1065 3151 1450 3207 Melchisedech
1491 3167 1670 3206 sermo
1700 3151 1778 3216 fit,

225 3257 620 3303 commentatus
673 3245 853 3300 fuerit.
907 3246 1049 3299 Idem
1095 3243 1284 3299 doctor
1335 3243 1604 3297 maximus
1649 3242 1780 3295 alle-

226 3349 308 3410 gat
360 3340 543 3394 adhuc
584 3338 942 3409 fragmentum
991 3337 1122 3391 satis
1173 3337 1389 3406 longum
1438 3335 1506 3389 de
1552 3336 1700 3387 Isaac
1728 3341 1796 3386 et'

227 3431 487 3498 Rebecca,
540 3432 592 3485 id
631 3441 732 3494 est,
778 3445 940 3499 super
982 3438 1143 3497 caput
1195 3443 1340 3481 xxvn
1392 3425 1665 3481 Geneseos
1711 3439 1777 3477 ex
1833 3439 1840 3444 '

161 3572 172 3588 ,
226 3521 408 3574 eodem
443 3521 837 3574 commentario
864 3516 994 3588 (9.6;.
1026 3517 1267 3572 Isidorus
1295 3515 1458 3569 etiam
1501 3513 1782 3582 Hispalen-

227 3612 297 3666 sis
320 3610 434 3680 (27)
462 3610 708 3663 eamdem
736 3606 1148 3677 explicationem
1176 3605 1518 3675 allegoricam
1540 3602 1604 3655 de
1632 3601 1784 3656 Isaac

228 3715 276 3759 et
305 3703 550 3759 Rebecca
579 3718 645 3756 ex
670 3701 728 3755 S.
758 3700 1043 3771 Hippolyto
1070 3699 1251 3754 refert.
1303 3697 1458 3766 Apud
1497 3695 1780 3750 Leontium

230 3811 438 3868 quoque
466 3795 822 3866 Byzantinum
855 3793 1081 3847 habetur
1120 3792 1372 3862 exiguum
1421 3788 1782 3856 fragmentum

169 3929 172 3936 λ
230 3889 598 3944 commentarii
647 3886 704 3940 8.
758 3885 1025 3956 Hippolyti
1074 3887 1130 3937 in
1176 3883 1574 3938 benedictiones
1610 3881 1784 3934 Abra-

231 3982 308 4036 ha:
333 3981 466 4052 (28).
520 3979 699 4049 Super
733 3995 947 4034 versum
991 3977 1062 4031 27
1103 3976 1292 4045 capitis
1322 3989 1447 4028 iith
1488 3973 1780 4037 Geneseos,

233 4089 334 4142 quo
382 4073 735 4128 continentur
782 4070 1186 4126 benedictiones
1241 4068 1471 4122 Abrahm
1512 4081 1610 4135 pro
1660 4065 1784 4118 filiis

234 4167 362 4231 suis,
398 4177 624 4222 sanctus
672 4163 991 4235 Hippolytus
1020 4170 1208 4216 sancto
1250 4159 1495 4229 apostolo
1519 4156 1687 4211 Paulo
1716 4157 1781 4209 il-

235 4257 318 4312 lud
347 4259 412 4312 de
440 4260 569 4327 lupo
599 4271 814 4326 rapace,
849 4256 995 4326 quod
1019 4253 1393 4322 Benjaminum
1431 4259 1656 4320 spectat,
1692 4264 1784 4303 ac-

236 4349 569 4413 commodat;
619 4362 782 4416 quam
823 4343 1373 4400 accommodatioriem
1405 4351 1586 4410 postea
1621 4339 1784 4393 etiam

241 4439 594 4495 adhibuerunt
625 4438 682 4491 S.
708 4437 1042 4508 Augustinus
1083 4445 1137 4489 et
1172 4433 1263 4488 alii
1287 4432 1540 4488 Ecclesiae
1572 4430 1781 4484 Patres.

302 4638 404 4708 (2|)
448 4656 468 4690 ι
501 4637 684 4706 Nuper
710 4637 767 4691 S.
794 4630 1615 4708 Ambrosiussic_Hexaemeron
1640 4631 1784 4708 illius

262 4701 517 4776 origenis)
544 4701 874 4775 compilavit,
909 4704 1162 4776 ut__magis
1193 4701 1785 4776 Hippolytisententias

281 4770 518 4847 asi'l'iique
540 4770 872 4845 sequeretur.
907 4793 924 4826 ι
960 4770 1272 4844 Hieronym.
1293 4812 1309 4838 ,
1341 4770 1426 4840 ep.
1451 4771 1514 4824 41
1544 4771 1610 4824 ad
1635 4770 1790 4824 l’am-

242 4850 403 4900 mach.
428 4859 482 4902 et
504 4847 707 4901 Ocean.

306 4917 408 4987 (ΞΩ)
448 4916 848 4987 Hieronyni._in
881 4914 1145 4987 δίκαιος..

303 4984 407 5055 (Ξὸ)
448 4984 670 5042 Henric.
744 4984 919 5039 Vales.
977 4985 1032 5037 in
1084 4999 1203 5052 cap.

241 5055 465 5111 Eusebii.

302 5129 406 5195 (24)
445 5126 686 5189 Fabric.,
717 5121 852 5193 Opp.
879 5123 1146 5192 Hippolyt.
1182 5119 1405 5195 tom._ll,
1428 5136 1549 5189 pag.
1581 5120 1668 5174 22.

303 5190 408 5266 (‘25)
455 5217 472 5249 ι
521 5195 665 5266 Vel-ti
695 5190 882 5266 még‘ad
913 5190 1279 5266 Hippolytum,
1312 5190 1593 5266 Irenaeum.
1627 5207 1644 5239 ι
1683 5195 1789 5266 etc.

243 5261 445 5320 Hieron.
478 5267 544 5321 ad
573 5264 898 5332 Evangelum
942 5261 1332 5333 presbyterum,
1351 5276 1454 5333 ep.
1482 5261 1782 5333 7.5_noviss.

242 5341 354 5389 edit.
381 5335 571 5391 Venet.
610 5330 782 5400 ιιι-ιδ,
807 5330 1081 5400 διίιιέηϐ,
1104 5330 1260 5402 epist.
1287 5332 1409 5386 crit.
1442 5347 1496 5400 p.
1515 5330 1617 5384 570
1646 5333 1785 5399 apud

245 5402 555 5460 Benedictin.

311 5419 555 5461 nedtcttn.

1180 4928 1298 4981 cap.
1329 4911 1414 4964 61.
1617 4977 1658 4981 _‘
1726 4951 1772 4981 _.

1256 4977 1327 5036 2'2
1375 4982 1468 5036 lib.
1504 4995 1556 5033 Vl
1609 4977 1679 5034 II.
1718 4978 1782 5034 E.

305 5475 409 5543 (26)
451 5476 792 5542 Hieronym,
830 5474 988 5542 epist.
1022 5473 1088 5526 ad
1109 5471 1413 5543 _Damasum
1465 5469 1532 5523 56
1580 5470 1782 5523 noviss.

245 5540 550 5605 edit.,'alias
577 5540 701 5604 125.
737 5561 790 5612 p.
820 5540 923 5596 569
946 5543 1086 5611 apud
1108 5540 1504 5612 Benedictinos.

309 5614 411 5682 (27)
446 5616 641 5669 Isidor.
677 5609 880 5681 Hispal.
912 5609 1110 5680 in'cap.
1136 5627 1267 5665 xxiii
1299 5609 1494 5682 Cenes.

309 5677 410 5754 (28)
449 5685 640 5740 Leont.
671 5677 925 5754 Βγζιιιιι..
972 5677 1073 5754 lib.
1115 5691 1345 5754 tic_ont_ra
1404 5677 1783 5754 H’esloriu‘m‘et

253 5747 538 5830 Euge/rem,
583 5747 1090 5830 t_om_.'lX_Bibliot_h.
1115 5749 1239 5830 _I’-P.
1273 5749 1516 5830 Lugdun.
1556 5764 1618 5830 p._
1640 5747 1780 5830 6837.;

254 5819 302 5878 in
323 5817 558 5881 versione
594 5823 786 5880 Latina
831 5823 991 5895 hujus
1024 5822 1124 5878 loci
1161 5817 1377 5876 Leontii
1403 5817 1679 5890 Byzantini
1714 5818 1784 5872 le-

1878 1973 2038 2042 paulo
2067 1981 2224 2024 antea
2247 1970 2506 2034 diximus,
2531 1979 2777 2024 sanctum
2804 1979 3049 2023 nostrum
3084 1969 3137 2020 in
3179 1982 3240 2021 ea
3272 1967 3435 2020 etiam

1878 2071 2300 2118 commentatum
2337 2059 2506 2114 fuisse
2528 2076 2650 2130 quae
2680 2068 2800 2129 post
2831 2075 2923 2114 sex
2953 2059 3070 2113 dies
3095 2071 3443 2126 consequun-

1879 2165 1967 2210 tur
2008 2155 2062 2208 in
2103 2154 2256 2207 libris
2303 2151 2506 2223 Hoysis
2539 2153 2672 2223 (⁸51).
2737 2150 2886 2205 Vidit
2931 2151 3076 2205 hunc
3113 2157 3444 2204 commenta-

1877 2249 2019 2303 rium
2047 2246 2102 2301 S.
2134 2244 2525 2315 Hieronymus;
2557 2255 2718 2315 atque
2745 2252 3029 2313 propterea
3052 2242 3300 2295 dubitare
3327 2253 3441 2293 non

1878 2354 2171 2408 possumus
2217 2339 2282 2392 de
2334 2337 2478 2390 illius
2532 2336 2660 2389 olim
2703 2334 3039 2389 exsistentia.
3092 2329 3174 2384 CI.
3219 2329 3439 2398 quidem

1885 2431 1934 2483 Ie
1963 2429 2212 2500 Moynius
2260 2429 2370 2499 (ὅὲ)
2416 2427 2470 2480 in
2503 2427 2727 2480 dubium
2760 2440 3018 2479 revocare
3066 2424 3169 2477 hoc
3201 2422 3438 2487 videtur,

1879 2523 2007 2575 dum
2056 2521 2260 2589 absque
2308 2519 2658 2574 fundamento
2684 2517 2928 2571 obtendit
2955 2523 3200 2570 sanctum
3251 2511 3444 2566 Hiero-

1881 2628 2101 2683 nymum
2151 2627 2257 2664 non
2289 2611 2393 2666 nisi
2418 2626 2483 2664 ex
2515 2610 2653 2663 male
2683 2608 2970 2662 intellectis
3010 2605 3227 2659 Eusebii
3259 2602 3444 2657 verbis

1881 2702 2328 2757 commentarium
2376 2703 2427 2754 in
2481 2701 2722 2753 Exodum
2767 2699 3090 2753 astruxisse.
3144 2695 3242 2748 llic
3293 2693 3440 2748 enim

1882 2796 2214 2868 (Eusebius),
2258 2796 2539 2864 subjungit
2581 2794 2630 2847 le
2676 2791 2943 2863 Moynius,
2985 2800 3270 2860 postquam
3296 2781 3444 2841 desi-

1881 2889 2064 2958 gnavit
2086 2887 2475 2947 Hexaemeron,
2508 2884 2656 2949 dicit,
2685 2883 2828 2953 quod
2860 2881 2917 2936 S.
2951 2880 3267 2949 Hippolytus
3306 2875 3448 2931 scri-

1881 2979 2047 3049 pserit
2088 2977 2249 3031 etiam
2280 2976 2333 3029 in
2373 2991 2436 3029 ea
2473 2990 2593 3043 quae
2622 2981 2918 3043 sequuntur
2967 2988 3057 3024 sex
3094 2970 3229 3032 dies,
3265 2969 3343 3030 εἰς
3375 2964 3443 3021 τὰ

1885 3067 2022 3140 μετὰ
2047 3067 2142 3138 τὴν
2175 3066 2474 3136 ὲξαήμερον
2509 3083 2522 3118 :
2555 3080 2650 3132 per
2670 3079 2790 3132 quae
2821 3061 3004 3124 verba,
3029 3061 3201 3130 pergit
3225 3060 3272 3112 le
3293 3057 3443 3128 Moy-

1882 3161 2028 3226 nius,
2082 3157 2170 3212 hic
2212 3165 2468 3210 notantur
2513 3154 2964 3224 protoplastoruin
2994 3159 3189 3212 status,
3234 3147 3444 3200 habita-

1884 3257 1976 3316 tio,
2003 3249 2248 3312 tentatio,
2280 3248 2485 3317 lapsus,
2521 3254 2573 3298 et
2603 3244 2748 3298 varia
2784 3259 2904 3313 quae
2932 3244 3221 3306 Adamum,
3251 3239 3440 3302 Evam,

1882 3342 2216 3413 paradisum,
2261 3349 2587 3408 serpentem,
2629 3337 2851 3390 arbores
2877 3336 2998 3389 vita:
3023 3345 3075 3388 et
3099 3331 3360 3395 scientiae,
3389 3338 3445 3383 et

1883 3437 1988 3490 alia
2035 3435 2118 3488 his
2162 3433 2414 3501 adjuncta
2467 3441 2708 3500 spectare
2738 3428 3007 3481 videntur.
3063 3426 3130 3478 At
3162 3439 3288 3478 vero
3314 3437 3444 3476 eru-

1883 3529 2029 3584 ditus
2078 3525 2166 3579 hic
2208 3536 2398 3578 auctor
2441 3538 2549 3576 non
2595 3521 2727 3577 satis
2764 3519 3005 3573 animum
3041 3515 3266 3570 attendit
3298 3512 3445 3582 quod

1883 3628 2104 3674 sanctus
2160 3615 2520 3684 Hieronymus
2566 3629 2676 3666 non
2716 3611 3010 3667 secundum
3047 3607 3337 3662 Eusebium
3363 3605 3448 3657 lo-

1883 3721 2102 3783 quatur,
2151 3710 2243 3765 sed
2289 3708 2518 3763 evolutis
2564 3706 2718 3775 ipsis,
2769 3719 2907 3773 quos
2944 3701 3207 3764 nominat,
3239 3698 3442 3751 libris:

1883 3804 1931 3857 E
1957 3803 2167 3874 quibus,
2215 3800 2392 3870 inquit
2437 3799 2571 3869 (55),
2614 3797 2706 3849 hos
2746 3794 2932 3864 reperi,
2963 3795 3017 3846 in
3045 3790 3364 3862 ἐξαήμερον,
3395 3792 3446 3840 ιι

1882 3897 1940 3948 in
1969 3894 2233 3948 Exodum.
2289 3891 2404 3945 Hoc
2432 3907 2528 3960 per
2548 3905 2607 3943 se
2633 3887 3002 3950 manifeswm,
3035 3896 3087 3938 et
3113 3883 3314 3935 nullam
3343 3877 3448 3932 dif-

1887 3989 2177 4042 ficultatem
2210 3986 2430 4056 patitur.
2474 3983 2743 4038 Czeterum
2776 3980 2910 4034 nihil
2940 3977 3172 4047 amplius
3199 3973 3265 4026 de
3291 3970 3449 4026 Com-

1884 4079 2138 4133 mentario
2171 4075 2228 4131 8.
2253 4075 2522 4146 Hippolyti
2572 4076 2625 4127 in
2667 4071 2910 4126 Exodum
2955 4067 3112 4121 hodie
3160 4065 3444 4118 habemus.
3499 4131 3503 4134 ι

1886 4172 2038 4241 Saepe
2067 4171 2280 4240 quidem
2310 4170 2574 4238 allegatur
2620 4167 2674 4218 in
2707 4160 3099 4219 commentario
3128 4155 3360 4210 Arabico
3389 4152 3446 4206 in

1881 4262 2308 4318 Pentateuchum
2342 4259 2454 4330 (⁵54)
2484 4272 2708 4326 operum
2766 4250 3070 4308 collectioni
3109 4247 3214 4302 divi
3246 4243 3448 4313 Hippo-

1884 4357 1978 4428 lyti
2008 4357 2211 4410 inserto
2239 4353 2370 4424 (55).
2416 4351 2522 4405 Sed
2571 4347 2863 4403 verisimile
2899 4344 3123 4399 omnino
3151 4350 3253 4404 est,
3300 4336 3444 4428 quod

1886 4427 2075 4505 auctor
2105 4449 2266 4517 hujus
2297 4443 2676 4502 commentarii
2726 4456 2920 4495 nomen
2967 4435 3024 4493 8.
3059 4433 3348 4505 Hippolyti,
3382 4427 3444 4485 S.

1886 4627 2030 4707 gitur
2059 4625 2282 4678 Balaam
2305 4624 2415 4707 hoc
2442 4623 2646 4707 modo-3
2685 4641 2702 4672 ‹
2743 4619 2924 4707 Sancti
2958 4613 3225 4707 Hippolyti
3256 4610 3448 4707 (ἔξ-φὶς

1887 4685 2034 4765 ἕωρί
2080 4707 2133 4750 et
2183 4696 2434 4764 martyris
2488 4710 2554 4747 ex
2607 4689 3078 4744 Henedictionibus
3128 4685 3365 4738 Balaam.
3420 4698 3442 4732 ›

1887 4766 2109 4820 Videtur
2132 4767 2234 4818 hoc
2262 4779 2415 4817 error
2435 4779 2555 4817 esse
2583 4762 3135 4831 librariorum,_atque
3165 4752 3445 4831 legendum

1885 4854 2005 4890 esse
2047 4837 2298 4893 Abraam.
2335 4833 2683 4887 conformiter
2726 4830 2889 4884 textui
2942 4824 3128 4882 Graeco
3163 4824 3313 4893 :__‘Ex
3341 4824 3448 4893 τῶν

1887 4907 2142 4991 εὐλογςιθν
2200 4889 2297 4958 τοῦ
2361 4903 2626 4974 Ἀϐραάμ.
2686 4900 2841 4955 Τοιιι.
2882 4900 2924 4952 ιι
2983 4897 3118 4966 Opp.
3175 4889 3444 4962 Hippolyt.

1887 4978 2380 5115 paggoilippolyt.
2415 5042 2710 5115 Opp._tom.
2746 5038 2809 5103 ll,
2844 5054 2966 5108 pag.
3122 5035 3213 5099 25:
3247 5031 3340 5087 26-

1958 5109 2070 5185 (50)
2109 5109 2421 5185 Hieronyni.
2460 5109 2514 5185 iii
2544 5113 2810 5180 Calalog.,
2843 5109 3076 5185 caput“.

1957 5179 2068 5256 (51)
2111 5179 2333 5256 Euseb;
2366 5183 2437 5237 Η.
2569 5185 2660 5256 lib.
2691 5179 2765 5242 vi,
2801 5195 2916 5246 cap.
2950 5179 3040 5256 22.

1958 5239 2068 5328 (5⁸2)
2107 5258 2180 5328 Le
2207 5239 2419 5324 Moynv,
2461 5239 2826 5328 Varia-sacra,
2865 5239 2991 5303 ίοιιι.
3029 5246 3090 5313 ll,
3118 5259 3240 5317 pag.
3272 5239 3396 5296 990.

1957 5324 2070 5396 (55)
2110 5327 2432 5396 Hieronym.
2461 5324 2562 5377 loc.
2597 5324 2689 5377 cit.

1959 5383 2070 5468 (54)
2109 5383 2330 5468 Auctor"
2346 5394 2504 5468 hujus
2533 5391 2910 5468 commentarii
2941 5389 3125 5468 Arabs.
3140 5385 3241 5442 sub
3270 5383 3447 5438 numi-

1888 5459 2158 5522 ne'sa'ncti
2193 5459 2462 5534 Hippolyti
2497 5465 2690 5532 allegat
2721 5462 3073 5534 quadraginta
3112 5459 3251 5524 loca,
3298 5469 3449 5534 eum-

1886 5552 1990 5601 que
2042 5537 2318 5591 ordinario
2368 5532 2731 5602 Eapositorem
2787 5532 3206 5600 Targlmmistam
3268 5533 3443 5579 vocat.

1889 5605 2006 5677 vid.
2054 5607 2188 5677 Opp.
2226 5603 2282 5658 8.
2313 5602 2582 5675 Hippolyt.
2612 5603 2754 5672 apud
2800 5600 3009 5655 Fabric.
3055 5610 3186 5655 tom.
3219 5596 3282 5661 ΙΙ,
3320 5607 3442 5664 pag.

1885 5687 1946 5730 57
1985 5687 2037 5730 et
2075 5694 2189 5745 seq.

1958 5747 2067 5820 (55)
2108 5747 2341 5814 Fabric.,
2369 5748 2402 5800 l.
2436 5763 2481 5800 c.
