3882 6508
177 348 259 401 511
1109 342 1192 395 DE
1232 341 1390 396 VITA
1427 338 1513 393 ET
1556 338 1870 395 SCRIPTIS
1910 337 1969 390 S.
2011 336 2395 391 HLPPOLYTI.

3253 347 3363 401 5292

179 446 324 523 rant.
358 475 413 519 ut
442 466 571 519 adeo
607 463 731 519 inde
759 464 975 518 laudata
1022 464 1075 517 in
1105 464 1287 517 tabula
1318 465 1600 534 legendum
1634 463 1704 515 sit
1732 467 1778 522 Α
1805 459 1919 512 sius
1966 459 2146 512 locum
2189 458 2325 513 satis
2354 456 2803 512 eonsiderahilem
2830 473 2896 512 ex
2928 474 2994 513 eo
3037 460 3192 515 nobis
3226 477 3362 515 eon-

186 557 455 623 Ἀπόδειξις
475 558 605 629 πρὸς
621 560 745 620 τοὺς
774 557 1074 620 Ἰουδαίους.
1094 573 1185 611 seu
1200 556 1338 610 κατὰ
1353 558 1473 619 τοὺς
1490 556 1705 609 Ἰουδαί-

178 670 288 716 ους,
342 650 722 704 Demonstratio
769 650 1013 702 adversus
1041 648 1274 702 Juda'os.
1336 649 1531 703 Verum
1595 651 1707 703 haec

179 744 459 812 conjectura
486 740 630 794 omni
663 739 1016 794 fundamento
1051 741 1382 794 destituitur.
1420 743 1594 809 Atque
1620 755 1707 793 sa-

179 839 268 890 tius
289 844 557 904 propterea
590 843 671 888 est
701 835 928 903 ingenue
956 832 1111 886 fateri
1144 834 1500 901 ignorantiam
1526 832 1704 900 quoad

178 928 459 980 relationem
507 933 739 994 quatuor
767 927 956 979 harum
989 925 1308 990 litterarum,
1368 942 1528 996 quam
1561 926 1615 979 in
1647 942 1705 980 re

177 1020 289 1072 adeo
326 1018 551 1069 obscura
603 1018 830 1069 divinari
862 1017 1015 1072 velle.
1055 1039 1074 1071 ι
1106 1016 1375 1072 Hactenus
1405 1019 1474 1073 cl.
1525 1018 1706 1072 Remi-

177 1111 276 1179 gius
301 1108 613 1162 Ceillierius.

179 1218 285 1290 μγ.
314 1218 725 1271 ϐοηιιηεη.ανίηδ
774 1220 827 1271 in
863 1218 995 1291 ‘VII
1040 1219 1282 1273 Psalmos
1326 1221 1704 1291 pa’nitentiales

624 1306 723 1341 non
754 1300 828 1341 cst
853 1287 910 1343 S.
942 1289 1234 1358 Hippolyti.

232 1381 415 1434 Prmter
445 1381 591 1435 hunc
637 1380 1082 1434 Commentarium
1122 1384 1173 1435 in
1206 1398 1394 1438 omnes
1438 1383 1701 1445 Psalmos,

175 1471 496 1525 doctissimus
533 1470 804 1540 Josephus
830 1473 1070 1542 Scaliger
1098 1475 1269 1529 eidem
1302 1485 1489 1530 sancto
1518 1487 1705 1531 nostro

175 1564 429 1635 Hippolyto
455 1566 731 1635 sigillatim
763 1567 987 1621 ascribit
1017 1568 1237 1635 insuper
1259 1568 1704 1621 Commentarium

174 1658 216 1707 in
245 1666 419 1724 septem
449 1656 693 1711 Psalmos
721 1659 1102 1725 pmnitentiales
1129 1658 1262 1729 (50).
1309 1658 1508 1713 Verum
1563 1676 1701 1729 quo-

174 1747 294 1799 niam
324 1747 673 1803 doctissimus
710 1750 792 1801 vir
832 1749 1095 1803 duntaxat
1145 1751 1336 1804 nititur
1376 1751 1701 1821 interpreta-

1808 549 2041 601 servavit
2076 547 2221 615 (56);
2252 562 2415 617 quem
2458 545 2641 602 Graece
2670 564 2733 601 ae
2774 548 2961 604 Latine
2993 550 3272 607 Fabricius
3308 562 3363 607 et

1806 636 2122 692 Gallandius
2164 639 2307 692 inter
2348 637 2404 692 S.
2448 638 2715 709 Hippolyti
2748 656 2908 708 opera
2949 641 3187 695 referunt
3226 644 3361 713 (57).

1807 729 1918 784 Hoc
1964 730 2262 801 fragmento
2305 730 2362 783 S.
2396 730 2553 785 Pater
2599 732 2793 784 librum
2828 732 3114 802 Sapientiae
3144 750 3172 788 a
3208 734 3365 793 Salo-

1807 836 1966 875 mone
2005 823 2362 892 perscriptum
2409 824 2673 893 agnoscit,
2727 825 3180 893 quemadmodum
3224 827 3365 883 Pro-

1807 913 2009 974 verbia,
2067 912 2427 967 Ecclesiasten
2483 922 2535 967 et
2588 914 2810 969 Cantica
2863 916 3221 971 canticorum.
3274 917 3366 975 Ait

1804 1003 1967 1055 etiam
2015 1002 2378 1069 Salomonem,
2411 1006 2642 1059 dicendo
2681 1005 2963 1060 Canticum
3003 1010 3360 1073 canticorum,

1805 1093 2109 1163 signiﬁcare
2154 1095 2390 1149 voluisse
2436 1111 2493 1149 se
2540 1096 2615 1157 id,
2669 1098 2815 1165 quod
2857 1099 3236 1155 continebatur
3282 1112 3363 1155 ter

1805 1186 1950 1239 mille
1996 1186 2117 1241 odis
2163 1201 2255 1241 seu
2281 1187 2532 1249 canticis,
2578 1188 2682 1241 hoc
2715 1204 2823 1241 uno
2863 1193 3361 1259 comprehendisse.

1799 1277 1917 1344 ,llac
1940 1294 2155 1347 quoque
2181 1278 2465 1333 occasione
2492 1279 2620 1333 dum
2658 1279 2714 1334 S.
2744 1280 3062 1352 Hippolytus
3090 1285 3363 1352 explicare

1804 1370 2130 1439 aggreditur,
2164 1370 2307 1439 quod
2352 1368 2630 1438 Scriptura
2674 1372 2838 1426 refert
2882 1374 2948 1427 de
2978 1376 3175 1428 seleetu
3224 1377 3363 1430 scri~

1805 1470 2018 1529 ptorum
2039 1463 2280 1516 omnium
2306 1461 2611 1518 Salomonis
2633 1466 2701 1518 ab
2728 1466 2919 1519 amicis
2949 1465 3191 1520 Ezechiae
3220 1468 3365 1537 regis

1806 1553 1964 1617 facto,
2004 1563 2229 1608 testatur
2264 1555 2385 1610 illos
2434 1556 2706 1625 sapientes
2737 1558 2892 1611 'viros
2922 1573 2983 1611 ea
3030 1558 3296 1611 duntaxat
3332 1574 3365 1613 e

1805 1646 2018 1713 scriptis
2053 1646 2358 1700 Salomonis
2386 1648 2662 1716 selegisse,
2693 1663 2813 1716 quae
2852 1649 2916 1701 ad
2950 1649 3361 1703 :ediﬁcationem

1807 1737 2058 1792 Ecclesia:
2080 1738 2365 1793 servirent.
2395 1738 2589 1793 Libros
2636 1755 2764 1793 vero
2793 1738 3097 1795 Salomonis
3121 1739 3364 1794 Parabo-

172 1839 281 1889 tioni
323 1839 539 1908 longius
581 1840 856 1894 accersitae
896 1842 1126 1895 duarum
1177 1844 1510 1913 syllabarum
1540 1830 1706 1899 voca.-

1814 1827 1981 1882 larum
2018 1837 2071 1881 et
2093 1829 2465 1891 Canticorum,
2494 1830 2547 1880 in
2574 1829 2773 1897 quibus
2803 1830 3093 1897 scripserat
3116 1830 3183 1883 de
3215 1830 3368 1897 plan-

171 1927 391 1983 bulorum
462 1928 623 1984 IOYC
674 1941 726 1985 et
775 1931 931 1987 NIAC
997 1933 1050 1986 in
1125 1935 1306 1989 tabula
1374 1936 1579 2000 Grieca,
1642 1937 1707 1989 il-

170 2020 256 2074 lius
313 2022 569 2089 Opinione
616 2034 761 2079 stare
806 2040 913 2078 non
961 2041 1267 2095 possumus.
1321 2026 1456 2081 Cum
1500 2038 1552 2081 et
1595 2029 1707 2097 ipse

171 2110 381 2182 Scaliger
412 2115 554 2170 bene
588 2120 866 2187 agnoverit
889 2119 1174 2173 lectionem
1206 2134 1359 2174 suam
1399 2121 1702 2190 μετανοίας,

167 2208 479 2273 ρωηὶιεηιὶαν,
533 2209 824 2263 admodum
874 2220 1111 2265 coactam
1155 2228 1294 2277 esse,
1348 2213 1497 2266 nullo
1546 2214 1707 2267 modo

169 2307 320 2349 autem
353 2298 671 2368 vulgarem;
698 2302 824 2357 hinc
855 2304 1017 2356 etiam
1048 2295 1325 2359 insimulat
1352 2306 1703 2373 sculptorem,

167 2400 208 2443 et
234 2392 292 2444 de
319 2394 619 2447 commisso
648 2410 830 2449 errore
862 2396 1059 2465 arguit,
1088 2398 1307 2465 quando
1341 2397 1523 2465 posuit
1548 2394 1703 2449 NIAC

167 2496 248 2549 pro
271 2482 491 2539 NOIAC.
529 2486 749 2540 Accedit
782 2488 923 2556 quod
957 2489 1105 2542 nulla
1132 2491 1354 2545 omnino
1391 2491 1531 2544 adsit
1568 2492 1707 2544 veri-

167 2574 462 2643 similitudo,
502 2579 963 2647 quemadmodum
1012 2582 1283 2649 sapienter
1327 2582 1708 2636 animadvertit

167 2665 221 2716 cl.
261 2667 304 2720 le
345 2667 603 2739 Moynius
636 2670 746 2741 (5|)
780 2672 945 2739 quod,
977 2688 1098 2725 eum
1130 2674 1307 2727 tabula
1354 2673 1536 2729 Graeca
1572 2675 1706 2730 satis

166 2761 421 2828 perspicue
469 2763 613 2817 linea
664 2765 819 2818 tertia
865 2766 919 2818 in
962 2764 1208 2820 Psalmos
1252 2768 1515 2838 designet,
1565 2768 1706 2822 linea

168 2850 314 2915 prima
340 2853 488 2907 aliud
522 2868 659 2923 opus
687 2856 741 2909 in
776 2855 1021 2911 Psalmos
1063 2858 1248 2912 eadem
1279 2860 1458 2913 tabula
1486 2861 1701 2915 indicet.

166 2939 277 2994 Nam
325 2954 517 3011 postea
566 2947 784 3000 additur
834 2950 1019 3017 (verba
1058 2958 1185 3003 sunt
1236 2951 1305 3005 cl.
1365 2952 1412 3006 le
1461 2951 1702 3025 Moynii),

166 3036 289 3099 quod
338 3037 395 3091 S.
434 3038 758 3109 Hippolytus
808 3042 1085 3111 scripserit
1145 3043 1197 3095 in
1247 3042 1523 3111 Psalmos;
1559 3046 1704 3115 quod

164 3128 276 3180 satis
305 3128 507 3193 innuit,
541 3130 698 3186 lOYC
727 3130 883 3186 ΝΙΑο
917 3149 1021 3187 non
1067 3149 1189 3188 esse
1224 3136 1480 3203 reliquias
1512 3151 1703 3191 vocum

163 3212 380 3285 φαλμοὺς
418 3222 729 3289 μετανοίας.
768 3220 937 3277 Secus
988 3224 1091 3286 bis,
1127 3224 1180 3277 in
1228 3224 1375 3279 brevi
1426 3226 1705 3292 laterculo,

164 3308 528 3364 observaretur
579 3311 926 3383 Hippolytum
974 3315 1259 3383 scripsisse
1318 3316 1372 3369 in
1427 3315 1705 3384 Psalmos;

165 3400 317 3467 primo
346 3402 399 3455 in
451 3401 702 3458 Psahnos
751 3406 1171 3473 pmnitentiales,
1208 3407 1399 3462 deinde
1432 3409 1484 3461 in
1520 3424 1709 3465 omnes

164 3486 422 3557 Psalmos;
458 3495 603 3561 quod
647 3509 676 3547 a
713 3494 862 3548 nullo
892 3503 1156 3559 veterum,
1192 3498 1283 3566 qui
1315 3497 1382 3551 de
1423 3496 1708 3570 Hippolyto

166 3586 475 3639 mentionem
504 3586 768 3652 fecerunt,
807 3587 907 3642 fuit
930 3605 1169 3658 unquam
1203 3592 1572 3646 observatum.
1604 3591 1707 3646 Sed

166 3676 288 3742 quod
338 3679 568 3732 omnino
618 3680 808 3733 evertit
859 3681 1227 3749 conjecturam
1278 3681 1557 3754 Scaligeri,
1603 3693 1705 3749 est,

166 3766 287 3830 quod
314 3774 560 3835 tempore
597 3768 653 3822 S.
689 3766 959 3841 Hippolyti
988 3773 1131 3827 nulla
1163 3774 1341 3829 adhuc
1371 3784 1489 3829 erat
1510 3777 1709 3831 mentio

166 3850 487 3911 Psalmorum
531 3860 984 3926 ptenitentialium
1028 3863 1162 3933 (52).
1191 3863 1341 3919 Adeo
1375 3875 1434 3919 ut
1476 3880 1582 3919 non
1616 3882 1710 3935 po-

167 3946 308 3999 tuerit
342 3949 673 4015 peculiarem
712 3966 905 4020 parare
951 3954 1402 4008 commentarium
1454 3954 1508 4008 in
1559 3954 1709 4009 Psal-

169 4050 268 4091 mos
296 4038 429 4093 istos
460 4040 784 4108 peculiares,
826 4041 919 4110 qui
960 4043 1121 4097 hodie
1167 4045 1566 4117 ptenitentiales
1610 4061 1709 4100 vo-

167 4138 356 4197 cantur,
390 4141 445 4185 et
478 4133 622 4201 apud
654 4144 865 4189 veteres
893 4135 1041 4190 nulla
1086 4152 1309 4205 prorsus
1341 4136 1568 4207 ψαλμῶν
1609 4138 1710 4207 τῆς

171 4225 433 4287 μετανοίας
466 4226 748 4279 memoria.
784 4225 909 4281 Haac
937 4227 1006 4282 cl.
1034 4228 1081 4281 le
1110 4228 1320 4299 Moyne.

247 4312 272 4383 ς
301 4314 383 4368 Vl.
416 4314 839 4370 Commentarius
872 4316 931 4373 S.
968 4318 1239 4389 Hippolyti
1266 4324 1322 4374 in
1374 4320 1615 4376 Cantica.

226 4404 485 4462 Eusebius
520 4416 575 4463 et
599 4407 961 4480 Hieronymus
984 4412 1121 4466 inter
1153 4428 1313 4481 opera
1344 4413 1401 4468 S.
1440 4413 1708 4484 Hippolyti

1808 1928 1985 1995 tarum
2014 1920 2080 1973 ’et
2121 1920 2299 1973 omnis
2346 1920 2560 1987 generis
2602 1922 2918 1975 animalium
2954 1934 3149 1975 natura
3195 1931 3365 1976 terre-

1807 2009 2020 2068 strium.
2038 2008 2358 2069 volatilium,
2375 2008 2697 2071 natatilium,
2714 2017 2767 2061 et
2784 2008 2849 2061 de
2868 2010 3070 2062 morbis
3084 2007 3364 2071 sanandis,

1808 2100 2065 2155 Ezechias
2097 2102 2349 2165 abolevit,
2380 2115 2474 2155 seu
2505 2100 2719 2168 penitus
2752 2100 3069 2167 suppressit,
3100 2100 3242 2167 quod
3266 2114 3364 2167 po-

1808 2192 1965 2260 pulus
2010 2194 2211 2247 crudus
2257 2200 2311 2246 et
2354 2205 2545 2259 parum
2591 2189 2888 2243 instructus
2938 2188 3132 2242 exinde
3184 2199 3364 2257 petere

1807 2293 1986 2353 posset
2022 2285 2257 2339 medelas
2304 2286 2639 2345 morborum,
2690 2296 2984 2349 eorumque
3026 2280 3363 2334 sanationem

1807 2390 1836 2427 a
1868 2373 1975 2427 Deo
2003 2384 2180 2443 petere
2209 2376 2519 2444 negligeret.
2568 2373 2766 2427 Eadem
2805 2374 3043 2426 referunt
3080 2370 3275 2425 Suidas
3306 2371 3363 2424 in

1820 2464 2079 2535 Ἐζεκίας,
2118 2464 2399 2537 Syncellus
2432 2476 2484 2520 et
2532 2466 2620 2519 alii
2653 2464 3017 2518 verisimiliter
3059 2478 3126 2516 ex
3175 2474 3363 2516 sancto

1808 2566 1993 2611 nostro
2014 2556 2301 2628 Hippolyto
2328 2558 2666 2626 deprompta.

1811 2671 1837 2743 §
1874 2671 1985 2727 Vll.
2017 2672 2391 2728 Commentarii
2423 2671 2481 2743 S.
2533 2670 2805 2740 Hippolyti
2846 2672 2899 2723 in
2927 2668 3225 2732 Proverbia,
3261 2667 3365 2719 Ec-

2432 2742 2725 2796 clesiusten.

1877 2855 2042 2910 Divus
2093 2854 2451 2925 Hieronymus
2501 2866 2774 2909 asseverat
2813 2868 3029 2923 quoque
3073 2868 3130 2905 se
3164 2851 3365 2905 vidisse

1807 2946 2253 3002 Commentarium
2291 2948 2463 3002 sancti
2509 2948 2679 3000 nostri
2709 2948 2762 2998 in
2802 2945 3086 2997 Proverbia
3120 2940 3367 2996 Salomo—

1807 3040 1892 3093 nis
1925 3039 2056 3107 (58).
2088 3038 2232 3093 Idem
2271 3039 2556 3093 conﬁrmat
2581 3038 2743 3090 etiam
2784 3034 2978 3089 Suidas
3018 3035 3151 3105 (59).
3177 3034 3366 3087 Albcr-

1810 3139 1895 3184 tos
1924 3122 2205 3185 Fabricius
2226 3145 2291 3183 ex
2314 3130 2517 3183 Catena
2540 3128 2851 3183 Graecorum
2874 3127 3095 3181 Patrum
3121 3126 3366 3195 quinque

1810 3223 1925 3275 loca
1966 3221 2155 3275 Latina
2183 3222 2345 3290 hujus
2362 3220 2748 3274 Commentarii
2784 3219 3004 3273 editioni
3037 3217 3268 3286 Operum
3300 3219 3360 3272 D.

1809 3311 2076 3385 Hippolyti
2127 3313 2372 3375 inseruit,
2423 3311 2875 3380 quemadmodum
2927 3319 2981 3363 et
3022 3310 3089 3364 el.
3139 3309 3361 3362 Gallan-

1808 3402 1931 3455 dius
1960 3400 2093 3472 (60).
2132 3400 2192 3454 In
2224 3401 2310 3455 his
2335 3401 2624 3470 exponitur
2652 3400 2839 3454 titulus
2871 3400 2992 3454 libri
3038 3399 3362 3454 Proverbio-

1808 3508 1952 3557 rum,
1976 3500 2028 3546 et
2050 3492 2369 3547 undecimus
2385 3506 2480 3546 seu
2509 3491 2861 3545 duodecimu-s
2882 3506 3073 3545 versus
3094 3489 3285 3558 capitis
3322 3505 3359 3542 ι.

1806 3584 2071 3640 Praeterea
2112 3594 2298 3639 notatu
2342 3584 2519 3638 adhuc
2558 3584 2773 3653 dignius
2800 3583 3159 3652 fragmentum
3198 3582 3362 3651 hujus

1797 3676 2181 3732 Commentarii
2205 3675 2343 3731 idem
2373 3676 2442 3730 cl.
2467 3676 2641 3730 editor
2656 3677 2906 3730 Albertus
2936 3675 3217 3729 Fabricius
3237 3675 3361 3729 sub-

1803 3769 1952 3839 jecnt,
1975 3770 2118 3838 quod
2144 3768 2327 3823 Gratce
2352 3770 2634 3839 descripsit
2657 3785 2687 3824 e
2713 3770 2897 3824 codice
2919 3767 3240 3822 Taurinensi
3270 3768 3360 3833 82,

1807 3870 2057 3930 excerpta
2108 3861 2255 3913 varia
2309 3870 2553 3914 veterum
2601 3861 2925 3930 scriptorum
2976 3859 3363 3927 complectente

1812 3949 1875 4006 V.
1910 3951 1970 4005 C.
2009 3951 2292 4006 Matthzeus
2336 3950 2575 4007 PfalIius.
2625 3952 2681 4006 lu
2719 3953 2822 4005 hoc
2856 3959 3074 4005 sanctus
3108 3949 3362 4019 Hippoly-

1810 4051 1897 4099 tus
1933 4046 2124 4114 capitis
2168 4061 2221 4099 ιιι
2252 4045 2670 4100 Proverbiorum
2715 4045 2827 4098 hzec
2861 4042 3022 4096 verba
3059 4057 3252 4096 versus
3288 4042 3312 4093 1
3346 4060 3359 4094 :

1809 4135 2081 4206 Sapientia
2105 4138 2387 4207 wdiﬁcavit
2414 4138 2514 4191 sibi
2538 4138 2771 4202 domum,
2800 4135 3010 4206 egregie
3039 4134 3289 4190 illustrat.

1878 4227 2122 4282 Meminit
2153 4227 2513 4300 Hieronymus
2529 4238 2581 4283 et
2611 4246 2675 4283 ex
2706 4245 2770 4284 eo
2796 4227 3066 4285 Honorius
3086 4229 3363 4284 Commen-

1814 4321 1935 4373 tarii
1974 4323 2030 4373 in
2063 4320 2430 4388 Ecclesiasten,
2459 4323 2614 4391 cujus
2645 4321 2939 4391 fragmenta
2964 4324 3015 4376 in
3040 4323 3363 4376 bibliotheca

1810 4411 2097 4467 Bodleiana
2131 4413 2385 4467 dicuntur
2421 4415 2677 4469 exsistere
2707 4414 2759 4467 in
2800 4413 3138 4469 Ecclesiastze
3168 4431 3225 4479 tt,
3269 4414 3361 4479 24,

169 4494 326 4551 adhuc
377 4507 665 4552 recensent
719 4498 831 4571 (55)
887 4501 1329 4556 Commentarium
1380 4505 1435 4557 in
1461 4504 1706 4574 _Cantica
1739 4515 1782 4569 ι)
1811 4503 2261 4572 quemadmodum
2306 4515 2360 4560 et
2394 4506 2523 4560 illud
2555 4505 2973 4561 Proverhiorum
3000 4523 3055 4560 Ix
3089 4524 3103 4560 :
3138 4506 3363 4574 Sapien-

170 4590 493 4658 canticorum,
544 4606 706 4661 quem
743 4591 1121 4649 Theodoretus
1169 4596 1282 4667 (54)
1314 4598 1473 4650 etiam
1518 4598 1711 4667 allegat

169 4676 217 4730 in
242 4678 451 4751 dialogo
491 4684 585 4751 qui
632 4682 905 4738 Eranistes
940 4687 1272 4741 inscribitur.
1309 4687 1405 4743 llic
1438 4703 1713 4743 commen-

170 4772 326 4827 tarius
370 4776 570 4830 saeculo
602 4791 677 4829 vn
723 4777 1034 4832 adhucdum
1069 4779 1397 4845 habebatur;
1442 4781 1709 4849 siquidem

168 4866 470 4920 Anastasius
498 4865 707 4921 Siuaita
735 4868 849 4938 (55)
878 4868 1031 4923 illum
1060 4871 1280 4941 legerat.
1308 4869 1451 4927 Idem
1482 4871 1711 4926 Anasta-

235 5068 337 5147 (511)
368 5070 712 5147 S_calig.,__lib.
737 5089 812 5147 vn
839 5073 915 5128 De
936 5076 1461 5147 emendat._tempor.,
1489 5087 1541 5131 et
1570 5081 1711 5147 apud

170 5131 543 5215 Faliri'c._int_er
574 5131 845 5215 Hippolyt.
882 5160 1005 5213 opp.
1036 5155 1167 5200 tom.
1200 5145 1241 5209 1,
1264 5131 1398 5215 pag.
1433 5131 1497 5200 7⁵9
1536 5131 1706 5203 ρι’80.

377 5209 445 5285 lie
471 5207 695 5285 Moyné;
721 5207 1040 5285 _Var_._sacr.g,
1074 5226 1205 5269 tom.
1232 5207 1299 5280 Ill,
1342 5207 1460 5285 pag.
1480 5216 1602 5272 970.

235 5276 341 5357 (52)
390 5276 686 5357 Possidius
718 5283 772 5357 in
826 5282 942 5337 Vita
996 5276 1054 5339 S.
1095 5276 1567 5353 Augustin-treat).
1619 5288 1705 5353 51,

172 5350 479 5423 mentionem
506 5350 991 5407 facitPsalmorum
1016 5350 1490 5423 ptenit'entialium,
1516 5350 1567 5409 et
1593 5350 1708 5409 lor;

174 5424 302 5493 lasso
331 5419 427 5472 hoc
460 5424 693 5493 primum
724 5432 778 5476 et
810 5419 1244 5492 alititjuissimttii't
1276 5428 1588 5480 eorumdem
1614 5443 1706 5481 ve-

173 5488 376 5605 :tilgium
401 5488 500 5557 est,
531 5492 678 5560 quod
701 5508 833 5548 sane
865 5488 1002 5547 ultra
1031 5495 1286 5549 sazculum
1315 5511 1347 5548 v
1381 5512 1487 5549 non
1521 5511 1710 5551 ascen-

207 5571 220 5605 1
247 5592 259 5604 .

235 5624 343 5704 (ξ’ξῧ)
373 5628 462 5691 Εἰς
491 5630 554 5704 τὸ
582 5626 755 5704 (iam.
781 5629 1001 5693 Euseb,
1041 5632 1111 5686 II.
1142 5633 1207 5687 E.
1228 5634 1321 5689 lib.
1354 5650 1424 5699 Vl,
1456 5649 1575 5704 cap.
1607 5635 1708 5704 22;

178 5687 467 5771 Sal-hergn'.
505 5702 560 5771 in
592 5687 835 5771 Cdtalog.
866 5716 919 5769 p.
952 5687 1039 5756 61.

239 5761 347 5833 (54)
375 5764 687 5826 Theodoret.
717 5761 912 5841 dialog.
942 5772 997 5840 2,
1033 5774 1175 5829 hunc
1208 5774 1403 5830 librum
1436 5772 1707 5847 Hippolyti

1814 4595 1888 4647 tia
1917 4596 2200 4663 wdiﬁcavit
2227 4597 2327 4650 sibi
2355 4596 2585 4650 domum.
2623 4595 2817 4651 Fertur
2847 4597 3010 4649 etiam
3048 4596 3180 4667 (61),
3216 4595 3361 4663 quod

1813 4682 1866 4736 in
1900 4684 2224 4740 bibliotheca
2268 4686 2668 4741 Vindobonensi
2709 4686 3081 4755 augustissimi
3131 4687 3362 4754 impera-

1813 4776 1947 4831 toris
1992 4785 2299 4831 asservetur
2346 4794 2482 4833 msc.
2540 4779 2905 4847 complectens
2965 4777 3022 4832 S.
3088 4776 3359 4847 Hippolyti

1812 4869 2232 4925 commentarios
2258 4869 2311 4924 in
2346 4870 2512 4927 libros
2544 4870 2870 4926 Salomonis.

1810 5078 1884 5131 "ita
1909 5079 2083 5152 citat:
2116 5080 2210 5143 Εἰς
2241 5080 2338 5152 τὴν
2368 5080 2507 5152 ᾠδὴν
2536 5082 2634 5152 τὴν
2664 5080 2920 5152 μεγάλην,
2949 5096 3067 5151 pag.
3092 5081 3181 5134 88.

1881 5150 1993 5221 (55)
2024 5150 2539 5221 ᾼιιδδιῖιδζδὴιεὴα,
2570 5150 2759 5221 quaest.
2791 5150 2882 5215 4t,
2912 5150 3033 5220 pag.
3060 5152 3181 5205 551.

1882 5218 1990 5287 (515)
2024 5218 2164 5273 Idem
2196 5222 2323 5275 ibid.

1881 5289 1992 5357 (57)
2021 5289 2280 5360 Fabric.,
2330 5300 2460 5360 tom.
2497 5289 2517 5341 ι
2561 5291 2696 5360 Opp.
2741 5306 2858 5360 pag.
2901 5291 3037 5355 270;
3076 5289 3361 5355 Gallaud.,

1809 5357 2069 5431 Bibtio_tli_._
2088 5359 2203 5411 1w.
2239 5370 2367 5414 tom.
2398 5357 2622 5431 ιιηριιςζ
2647 5357 2772 5415 139.

1882 5429 1995 5501 (58)
2024 5428 2337 5501 Hietﬁonynt.
2377 5432 2428 5483 in
2458 5428 2723 5499 Cattilog.,
2756 5446 2872 5499 cap.
2901 5430 2989 5483 61.

1882 5499 1993 5570 (59)
2033 5499 2224 5570 §uidas
2256 5500 2297 5563 Ι,
2326 5517 2444 5569 pag.
2482 5502 2602 5556 144.

1883 5566 1996 5643 (60)
2030 5568 2213 5631 Fabr.,
2247 5566 2379 5643 tom.
2397 5566 2431 5621 ’1
2457 5571 2591 5642 Opp.
2624 5571 2860 5643 Hippol.,
2891 5586 3010 5643 pag.
3059 5569 3199 5635 282;
3238 5566 3363 5624 Gal-

1808 5637 2019 5692 land.’l.
2041 5656 2102 5710 dc.
2135 5655 2253 5710 pag.
2288 5641 2408 5694 488.

1883 5710 1993 5779 (61)
2027 5708 2236 5776 Canis.)
2275 5711 2335 5769 Β.
2377 5711 2442 5766 Τ.
2475 5728 2515 5780 t,
2546 5728 2666 5783 pag.
2700 5712 2755 5769 9.
