3882 6518
502 315 607 371 525

594 431 622 504 §
656 430 788 487 VIII.
825 431 1201 489 Commentarii
1230 430 1284 485 in
1315 430 1517 485 Isaiam
1544 443 1595 486 et
1632 432 1971 489 Ezechielem.

468 534 473 539 '
570 523 626 577 In
663 524 855 579 Isaiam
906 526 1190 593 scripsisse
1222 524 1538 596 Hippolytus
1582 537 1788 598 martyr
1828 530 2059 583 traditur

496 617 566 670 ab
600 616 927 687 Hieronymo
968 616 1077 686 (62)
1125 626 1177 670 et
1220 615 1523 685 Nicephoro
1553 617 1687 688 (65),
1722 627 1779 672 111
1811 620 2058 674 Graecum

496 705 810 777 Hieronymi
841 709 1184 775 interpretem
1220 718 1272 762 et
1301 708 1651 773 recentiores,
1685 710 1777 777 qui
1816 710 1935 778 ejus
1972 728 2057 764 ca-

499 802 732 871 tatogum
785 801 1131 864 exscribunt,
1185 799 1429 865 Latinos,
1474 800 1794 867 Honorium,
1836 802 2057 858 Frecul-

496 892 631 958 fum,
666 893 908 960 aliosque
944 892 1190 960 juniores
1218 894 1485 946 omittam.
1518 892 1591 946 Ex
1637 893 1739 948 hoc
1770 894 1823 948 in
1862 894 2054 949 Isaiam

492 985 605 1037 sive
627 984 679 1037 in
710 985 906 1038 selecta
934 983 1087 1038 Isaiae
1130 986 1249 1039 loca
1292 987 1684 1041 commentario
1738 987 2055 1057 deprompta

488 1090 611 1131 esse
638 1085 793 1145 puto,
826 1078 999 1147 inquit
1031 1078 1100 1132 cl.
1133 1077 1419 1133 Fabricius
1448 1077 1580 1147 (64),
1614 1095 1735 1148 qua:
1764 1080 1830 1135 de
1872 1083 2055 1151 gradi-

486 1169 591 1225 bus
625 1170 678 1224 in
717 1172 994 1240 horologia
1023 1170 1221 1225 Hiskiae
1250 1171 1384 1241 (65),
1417 1172 1530 1225 sive
1564 1171 1807 1226 Ezechiae
1838 1190 1899 1227 ex
1926 1173 2055 1243 Hip-

485 1263 669 1334 polyto
700 1264 865 1318 refert
891 1264 1119 1318 Michael
1148 1264 1343 1335 Clyeas
1370 1280 1489 1333 pag.
1532 1265 1632 1318 I94
1659 1264 1966 1320 Annalium.
1996 1268 2051 1321 In

485 1357 673 1410 codice
725 1373 858 1410 mss.
913 1356 1101 1411 Grieco
1152 1357 1252 1409 195
1312 1357 1652 1411 111111101110010
1706 1359 2053 1414 Coislinianze

486 1449 631 1517 (qua:
665 1449 793 1501 olim
825 1447 1216 1517 Seguieriana),
1236 1458 1370 1503 teste
1399 1450 1614 1503 clariss.
1649 1449 2064 1515 Montfauconio,

483 1555 538 1609 p.
582 1540 709 1606 245,
757 1552 933 1596 exstat
966 1541 1262 1612 Hippolyti,
1311 1543 1402 1612 qui
1449 1542 1543 1601 ibi.
1590 1553 1649 1597 ut
1686 1544 1926 1599 solemne
1969 1556 2052 1599 est

483 1632 688 1689 Graecis
727 1635 1103 1704 scriptoribus,
1146 1637 1437 1705 episcopus
1491 1634 1676 1690 Romae
1713 1637 2047 1705 appellatur,

483 1726 845 1796 fragmentum
877 1728 940 1779 de
970 1726 1219 1793 Exeo/tia,
1263 1728 1409 1801 quod
1446 1728 1635 1797 incipit
1672 1746 1684 1781 :
1721 1729 1839 1780 Ἔτι
1877 1747 2048 1799 μακα-

1473 315 1560 370 DE
1600 315 1761 370 V'ITA
1798 314 1885 369 ET
1920 313 2229 369 SCRIPTIS
2270 316 2327 368 S.
2367 311 2752 369 HIPPOLYTI.

2100 444 2142 495 Α
2174 437 2337 508 polyti
2378 437 2451 491 De
2491 439 2815 494 dimensione
2848 439 3025 509 templi
3072 438 3370 494 Salomonis
3406 453 3727 494 commenta-

3627 321 3723 373 ΩΑ

2165 527 2301 578 rium
2357 528 2500 596 (69),
2550 530 2797 583 eumdem
2845 530 3126 597 hucusque
3155 530 3211 582 in
3242 528 3513 598 publicam
3557 530 3723 582 lucem

2161 618 2405 671 emittere
2440 620 2795 690 neglexerint.
2835 619 3132 690 Sigillatius
3176 619 3498 692 Ilippolytus
3551 622 3605 674 in
3633 638 3725 675 ex—

2160 710 2414 775 ponendo
2464 709 2682 765 Daniele
2735 712 3019 766 laboravit.
3074 712 3133 767 S.
3200 713 3564 785 Hieronymus
3618 713 3725 783 (70)

2159 797 2277 863 ejus
2310 796 2756 853 Commentarium
2801 804 2855 854 in
2903 802 3171 857 Danielem
3206 806 3504 875 generatim
3552 814 3720 863 notat.

2160 888 2385 945 Photius
2424 893 2517 961 qui
2553 895 2802 948 eumdem
2840 899 3291 950 commentarium
3340 898 3579 966 legerat,
3616 900 3721 953 siu-

2158 982 2284 1051 gula
2317 984 2437 1051 ejus
2486 987 2665 1055 capita
2710 988 2967 1056 expendit
3021 999 3185 1057 atque
3234 990 3364 1043 dicit
3396 989 3549 1059 (7f):
3609 988 3721 1042 Etsi

2158 1071 2658 1142 interpretationem
2694 1076 2933 1133 Danielis
2958 1079 3014 1133 S.
3058 1079 3374 1151 Hippolytus
3414 1087 3482 1133 ad
3515 1085 3720 1135 verbum

2156 1180 2258 1217 non
2309 1167 2549 1235 explicet,
2581 1172 2894 1223 sententiam
2944 1182 3136 1235 tamen,
3172 1184 3225 1225 ut
3278 1176 3354 1226 ita
3388 1176 3589 1238 dicam,
3623 1192 3721 1229 non

2153 1261 2529 1326 prietercurrit.
2586 1262 2756 1314 Multa
2812 1281 2988 1331 porro,
3039 1266 3214 1335 pergit
3262 1264 3512 1331 Photius,
3568 1269 3718 1321 reteri

2156 1368 2316 1415 more,
2348 1369 2447 1405 non
2476 1358 2547 1420 :ut
2574 1365 2751 1423 postea
2781 1355 2924 1423 fuere
2953 1358 3252 1409 accuratius
3275 1374 3518 1419 excussa,
3548 1376 3720 1428 perse-

2151 1444 2351 1512 quitur.
2388 1444 2701 1516 Quanquam
2727 1464 2905 1501 eorum
2928 1450 3071 1517 posci
3101 1451 3356 1503 rationem
3386 1468 3595 1519 wquum
3624 1468 3720 1503 non

2149 1549 2246 1588 est.
2284 1535 2464 1606 Neque
2509 1542 2647 1592 enim
2681 1541 2763 1609 fas
2794 1545 2857 1592 ab
2887 1542 2972 1603 iis,
3005 1543 3094 1610 qui
3144 1542 3487 1608 fundamenta
3516 1544 3593 1596 rei
3621 1545 3717 1596 ali-

2150 1628 2298 1697 cujus
2334 1630 2718 1684 consideranda
2757 1636 3045 1700 posuerint,
3082 1636 3335 1687 rationem
3371 1646 3601 1703 repetere
3630 1653 3715 1688 eo-

2150 1736 2290 1784 rum,
2313 1739 2429 1791 quce
2455 1726 2777 1791 prwterierc,
2809 1729 2898 1780 sed
2929 1728 3103 1795 favere
3140 1730 3312 1797 potius
3343 1729 3559 1782 conatui
3586 1730 3713 1799 ipsi.

484 1819 757 1889 ρισοέντος
811 1820 1107 1891 (mendose
1151 1836 1411 1875 excusum
1450 1836 1548 1889 pro
1591 1820 2040 1891 μαλακισθέντος)

2150 1814 2663 1885 quantulumcunque
2692 1819 2745 1869 in
2762 1835 2935 1871 rerum
2952 1820 3469 1888 contemplandarum
3484 1837 3719 1889 compre-

479 1912 573 1963 τοῦ
619 1910 875 1982 Ἐζεκίου,
907 1922 1192 1982 wgrotante
1237 1912 1484 1977 Ezechia,
1520 1924 1684 1985 atque
1715 1914 1913 1969 Contra
1958 1917 2045 1985 fa-

482 2014 613 2056 tum.
646 2004 899 2059 Albertus
938 2003 1219 2059 Fabricius
1248 2015 1395 2058 101110
1423 2005 1467 2058 II
1498 2004 1732 2076 Operum
1762 2006 1812 2061 S.
1848 2006 2048 2076 Hippo-

479 2094 571 2165 lyti
606 2095 707 2149 hoc
741 2094 926 2150 Graece
959 2111 1021 2151 ac
1062 2096 1252 2150 Latine
1286 2099 1509 2161 inseruit
1545 2116 1666 2169 pag.
1700 2100 1787 2159 81,
1829 2109 1882 2154 et
1914 2099 2041 2154 Gal-

478 2187 694 2241 Iandius
743 2197 891 2242 tomo
940 2188 981 2241 Il
1028 2188 1369 2243 Bibliothecce
1405 2191 1546 2257 PP.,
1586 2208 1709 2262 pag.
1737 2192 1862 2247 489.
1899 2192 2043 2247 Idem

476 2297 703 2350 prorsus
727 2291 810 2335 est
837 2298 959 2336 cum
987 2298 1074 2348 eo,
1123 2284 1266 2351 quod
1296 2300 1325 2337 a
1356 2283 1519 2351 Glyca
1568 2285 1819 2339 refertur.
1850 2286 2046 2355 Agitur

476 2381 657 2425 autem
691 2373 793 2427 hoc
820 2373 873 2425 in
905 2375 1300 2428 commentario
1333 2374 1399 2428 de
1444 2376 1769 2431 miraculosa
1803 2376 2044 2433 Ezechiae

476 2463 618 2531 regis
635 2462 937 2526 sanatione,
961 2474 1015 2518 et
1033 2465 1099 2518 de
1122 2466 1581 2534 retrogradatione
1595 2468 1725 2521 solis
1743 2468 1795 2521 in
1823 2469 2040 2521 horolo-

475 2553 565 2621 gio
598 2556 780 2607 Achaz
808 2556 976 2608 relata
1002 2556 1099 2609 abs
1134 2555 1271 2609 Isaia
1304 2557 1480 2624 capite
1516 2573 1741 2622 xxxvnr,
1768 2575 1818 2611 ν.
1853 2559 1906 2612 5.
1942 2558 2043 2612 Vo-

476 2652 566 2698 cat
595 2643 784 2699 Isaiam
813 2648 1127 2715 pr0phetam
1159 2648 1431 2717 angelum,
1456 2649 1613 2703 docet
1648 2651 1791 2719 quod
1823 2667 2042 2706 1101150-

476 2736 587 2791 lum
627 2739 731 2803 sol,
782 2739 877 2793 sed
910 2740 1036 2792 luna
1069 2738 1232 2792 etiam
1277 2743 1669 2806 retrocesserit,
1724 2743 1777 2795 in
1824 2744 2037 2812 signum

476 2832 739 2900 proxima:
786 2832 928 2900 regis
978 2832 1311 2896 sanationis;
1367 2841 1529 2901 atque
1578 2834 1723 2903 quod
1767 2834 1882 2889 dies
1935 2836 2039 2889 ista

476 2922 638 2976 fuerit
672 2924 928 2976 horarum
963 2923 1048 2975 5‘2.
1090 2904 1384 2991 Subjungit
1427 2923 1625 2987 adhuc,
1679 2930 1821 2993 quod
1864 2922 2039 2978 Maro—

474 3015 682 3070 dacbus
711 3014 997 3069 Chaldaeus
1027 3015 1442 3085 Babyloniorum
1480 3032 1593 3076 rex.
1625 3016 1717 3085 qui
1755 3018 2039 3083 astrologi-

473 3124 593 3163 cam
641 3118 809 3162 artem
860 3109 1062 3177 optime
1109 3108 1339 3162 callebat
1387 3116 1769 3177 astrorumque
1813 3126 2036 3164 cursum
2065 3146 2107 3203 ο

472 3211 725 3255 accurate
766 3200 1168 3267 dimetiebatur,
1204 3200 1308 3256 hoc
1346 3200 1593 3270 prodigio
1644 3201 1876 3269 primum
1914 3217 2037 3270 per-

471 3294 675 3357 culsus,
695 3307 860 3345 causa
888 3294 1231 3361 postmodum
1262 3293 1796 3364 cognita,epistolam
1822 3302 1877 3348 et
1897 3294 2039 3348 dona

472 3384 538 3437 ad
578 3383 862 3437 Ezechiam
895 3385 1124 3439 miserit.
1162 3384 1348 3439 Sancti
1380 3384 1651 3455 Ilippolyti
1676 3402 1740 3440 ex
1786 3400 2038 3441 sermone

474 3472 528 3524 in
564 3473 844 3526 exordium
874 3472 1026 3526 Isaia:
1049 3473 1295 3542 quaedam
1324 3472 1693 3529 Theodoretus
1714 3475 1876 3528 etiam
1909 3475 2037 3527 alle-

473 3571 565 3631 gat
591 3562 725 3631 (66).
763 3561 1060 3630 Scripsisse
1103 3561 1423 3634 Ilippolytus
1457 3564 1511 3617 in
1550 3562 1834 3618 Jeremiam
1867 3582 1897 3618 a
1937 3581 2034 3619 ne-

475 3656 620 3707 mine
650 3664 913 3717 veterum,
939 3654 1083 3723 quod
1114 3656 1305 3723 sciam,
1330 3656 1579 3710 traditur.
1611 3655 1746 3710 Nam
1773 3672 1894 3725 quae
1916 3658 2035 3726 ejus

474 3744 783 3799 referuntur
810 3746 863 3798 in
887 3746 1087 3800 Catena
1108 3746 1329 3801 Patrum
1353 3746 1664 3803 Graecorum
1696 3749 1761 3802 ad
1790 3748 2037 3804 Ieremia:

471 3852 593 3906 cap.
644 3853 778 3901 xm,
817 3838 904 3903 11,
937 3838 1103 3908 petita
1136 3851 1266 3894 sunt
1294 3854 1361 3895 ex
1392 3840 1535 3895 libro
1569 3839 1646 3893 De
1681 3840 2031 3908 Antichristo,

470 3943 591 3997 cap.
627 3929 715 3982 55.

540 4018 811 4073 Eusebius
841 4020 1081 4089 loquitur
1099 4020 1167 4075 de
1188 4019 1578 4075 Commentario
1604 4023 1660 4078 S.
1684 4021 1951 4094 Hippolyti
1980 4024 2036 4077 in

471 4112 764 4167 Ezechielis
797 4113 906 4183 (67)
938 4114 1182 4183 quaedam
1216 4115 1414 4182 capita.
1449 4114 1716 4185 Georgius
1753 4100 2035 4186 Syncellus

470 4204 638 4258 refert
668 4204 913 4258 eamdem
948 4220 1084 4267 rem,
1119 4205 1211 4259 sed
1242 4205 1492 4259 dissimili
1526 4206 1920 4275 aliquantulum
1947 4222 2035 4260 ra—

472 4299 639 4351 tione.
675 4296 815 4350 Dicit
847 4298 991 4349 enim
1023 4295 1372 4367 Hippolytum
1403 4307 1827 4352 commentatum
1864 4297 2034 4354 fuisse

470 4390 526 4443 in
558 4390 725 4442 multa
758 4389 1139 4457 prophetarum
1184 4390 1324 4453 loca,
1362 4390 1455 4443 sed
1494 4390 1771 4459 sigillatim
1815 4390 1867 4443 in
1901 4388 2034 4445 Eze-

2149 1906 2391 1960 hensione
2417 1912 2783 1977 processerint.
2818 1912 2959 1966 Vitio
2988 1924 3163 1967 tamen
3193 1913 3367 1967 eidem
3399 1917 3716 1968 vertendum

2148 2005 2319 2063 putat,
2347 2001 2490 2067 quod
2530 2000 2690 2054 linem
2733 2004 2920 2057 mundi
2950 2005 3315 2059 determinare
3355 2021 3525 2059 ausus
3555 2005 3720 2060 fuerit

2146 2087 2250 2141 hoc
2294 2088 2345 2140 in
2378 2098 2632 2143 tractatu.
2666 2089 3016 2162 Persequitur
3047 2095 3191 2148 enim
3242 2093 3469 2149 Photius
3498 2114 3511 2148 :
3564 2097 3717 2148 Anti-

2146 2180 2330 2232 christi
2360 2198 2476 2233 vero
2519 2182 2822 2247 adventum,
2868 2185 2952 2236 cui
2980 2186 3141 2238 etiam
3172 2186 3507 2253 aspectabilis
3558 2186 3716 2255 hujus

2146 2271 2329 2322 mundi
2356 2275 2737 2326 consummatio
2754 2275 3019 2345 jungitur,
3058 2296 3173 2330 cum
3204 2296 3265 2333 ne
3300 2279 3582 2347 discipulis
3602 2280 3716 2348 qui-

2144 2364 2260 2416 dem
2294 2369 2623 2434 rogantibus,
2657 2370 3068 2438 manifestaverit
3104 2370 3371 2439 Salvator,
3404 2374 3468 2425 ab
3513 2371 3717 2442 Hippo-

2143 2453 2251 2521 lyto
2284 2456 2469 2509 deinde
2499 2460 2567 2510 ad
2601 2462 2908 2528 quingentos
2934 2479 2963 2513 a
2996 2460 3203 2516 Christo
3231 2480 3395 2516 annos
3423 2464 3629 2517 adduci
3657 2481 3714 2515 ac

2143 2548 2526 2613 circumscribi,
2557 2553 2710 2619 quasi
2738 2569 2769 2603 a
2803 2554 2974 2620 prima
3004 2554 3186 2607 mundi
3223 2556 3599 2608 constitutione
3628 2572 3714 2609 se:

2143 2640 2375 2693 millibus
2404 2658 2663 2695 annorum
2694 2654 2805 2696 tum
2837 2647 3057 2710 exactis,
3085 2650 3197 2714 ejus
3227 2648 3508 2701 dissolutio
3546 2650 3715 2701 insta-

2142 2740 2239 2791 ret,
2274 2731 2369 2783 hoc
2404 2732 2677 2788 calidioris
2708 2736 2939 2804 quidem,
2972 2753 3127 2807 quam
3160 2739 3395 2801 decebat,
3423 2740 3595 2791 animi
3618 2750 3712 2802 est,

2141 2830 2295 2890 atque
2328 2826 2641 2877 asseveratio
2670 2826 2779 2877 ha'c
2809 2827 3092 2880 humanam
3137 2831 3491 2898 ignorantiam
3535 2830 3713 2898 potius

2138 2928 2296 2983 quam
2321 2915 2578 2969 caelestem
2604 2917 3004 2986 inspirationem
3034 2922 3227 2990 arguit.

2210 3003 2353 3059 Idem
2391 3006 2617 3063 Photius
2662 3019 2890 3063 testatur
2933 3012 3081 3076 alibi,
3128 3013 3273 3081 quod
3324 3018 3714 3070 commentarii

2142 3094 2464 3151 Theodoreti
2496 3100 2549 3151 in
2575 3098 2848 3155 Danielem
2880 3102 3004 3157 licet
3034 3106 3222 3158 multis
3240 3107 3569 3161 antecellant
3594 3110 3715 3178 qui-

2139 3186 2263 3240 dem
2301 3186 2571 3260 Hippolyti
2602 3192 3015 3260 expositionem,
3040 3203 3094 3248 ct
3122 3195 3175 3247 in
3208 3196 3457 3264 pluribus
3484 3198 3714 3253 discon-

2141 3279 2381 3341 veuiant,
2412 3278 2465 3333 in
2493 3281 2813 3350 quibusdam
2844 3293 3024 3336 tamen
3059 3286 3376 3354 conspirent
3401 3286 3541 3357 (7‘2).
3574 3289 3715 3342 San-

2139 3379 2259 3424 ctus
2293 3369 2653 3443 Ilieronymus
2679 3374 2731 3427 in
2760 3374 3034 3430 Danielem
3065 3379 3328 3442 scribens,
3355 3380 3523 3434 refert
3549 3398 3714 3437 sensa

2140 3459 2197 3514 S.
2223 3460 2492 3534 Hippolyti
2522 3463 2589 3518 de
2618 3466 2955 3536 septuaginta
2987 3468 3418 3525 hebdomadibus
3445 3471 3713 3539 Daniehs,

2138 3551 2232 3607 sed
2261 3569 2321 3606 ea
2355 3555 2630 3623 reprobat,
2662 3566 2845 3625 utpote
2887 3573 3011 3613 cum
3059 3563 3411 3632 chronologia
3446 3574 3501 3617 et
3533 3565 3712 3620 histo-

2137 3646 2219 3699 ria
2260 3644 2549 3701 Persarum
2597 3663 2659 3702 ac
2706 3647 3146 3706 Macedoniorum
3195 3654 3706 3711 irreconciliabilia.

2136 3736 2215 3791 En
2248 3738 2393 3792 illius
2423 3740 2586 3794 verba
2622 3741 2735 3811 (75)
2763 3759 2778 3796 :
2804 3740 3121 3812 Hippolytus
3149 3744 3213 3796 de
3240 3749 3581 3814 septuaginta
3608 3749 3713 3800 eis-

2136 3830 2251 3882 dem
2278 3830 2691 3885 hebdomadibus
2728 3834 2972 3903 opinatus
3013 3844 3090 3888 est
3123 3838 3218 3888 ita.
3250 3834 3457 3905 Septem
3508 3838 3710 3893 Itebdo~

2136 3926 2314 3977 mades
2346 3935 2463 3978 ante
2517 3926 2741 3979 reditum
2788 3928 2965 3995 populi
3014 3940 3285 3998 supputat,
3333 3941 3383 3983 et
3425 3936 3711 4003 sexaginta

2134 4016 2267 4068 duas
2312 4026 2425 4084 post
2474 4018 2720 4083 reditum,
2772 4034 2930 4087 usque
2969 4021 3037 4072 ad
3083 4022 3411 4075 nativitatem
3455 4021 3708 4080 Christi:

2134 4124 2354 4177 quorum
2387 4118 2619 4176 tempora
2651 4110 2861 4163 omnino
2882 4127 2985 4163 non
3007 4124 3319 4182 congruunt,
3343 4117 3611 4184 siquidem
3630 4134 3710 4171 re-

2134 4202 2223 4271 gni
2248 4200 2531 4255 Persarum
2560 4203 2774 4256 ducenti
2800 4213 2850 4257 et
2889 4206 3104 4274 triginta
3138 4217 3496 4275 supputantur
3542 4217 3708 4276 anni,

2132 4301 2181 4343 et
2210 4290 2551 4346 Macedonum
2584 4295 2821 4359 trecenti,
2861 4305 2911 4347 et
2936 4307 3051 4365 post
3080 4298 3198 4351 illos
3225 4316 3383 4367 usque
3413 4302 3484 4352 ad
3509 4306 3711 4359 nativi-

2136 4392 2295 4438 tatem
2330 4384 2543 4438 Domini
2578 4388 2704 4439 anni
2738 4390 2989 4457 triginta;
3023 4389 3119 4441 hoc
3149 4400 3246 4455 est,
3281 4392 3343 4444 ab
3376 4393 3533 4447 initio
3574 4396 3708 4467 Cyri

466 4480 692 4536 chielem
732 4496 792 4533 ac
826 4479 1097 4532 Danielem
1131 4479 1261 4549 (68).
1311 4480 1506 4534 Mirum
1559 4480 1704 4549 quod
1742 4480 1793 4534 in
1828 4480 2029 4534 Catena
2063 4484 2106 4536 D
2136 4480 2268 4547 regis
2299 4477 2584 4531 Persarum
2620 4496 2780 4549 usque
2814 4481 2882 4531 ad
2922 4483 3200 4535 adventum
3244 4482 3542 4541 Salvatoris
3577 4491 3708 4544 anui

467 4570 779 4625 Graecorum
814 4570 1034 4626 Patrum
1086 4573 1138 4625 in
1171 4572 1527 4638 Ezechielem,
1555 4589 1619 4627 ex
1646 4588 1750 4642 qua
1779 4582 2031 4642 excerpta

465 4664 616 4717 dedit
643 4662 1038 4733 Villalpandus,
1062 4665 1205 4718 nulla
1234 4664 1504 4736 Hippolyti
1532 4675 1783 4719 occurrat
1804 4666 2027 4720 mentio.

469 4756 573 4809 Sed
602 4756 989 4825 magis'adltuc
1020 4758 1349 4821 mirandum,
1381 4758 1524 4826 quod
1559 4757 1660 4810 viri
1693 4758 1912 4821 eruditi,
1938 4758 2029 4827 qui

464 4857 681 4902 exstare
715 4848 902 4903 dicunt
936 4850 989 4902 in
1021 4848 1347 4904 bibliotheca
1372 4850 1664 4905 Bodleiaua
1694 4851 1868 4905 sancti
1896 4850 2029 4920 Ilip-

561 5002 649 5072 6‘2)
683 5000 994 5072 Hieronym.
1027 5000 1079 5072 in
1111 5000 1352 5072 Catalog.
1386 5016 1505 5070 cap.
1538 5001 1626 5055 6|.

560 5069 647 5135 65)
681 5069 990 5142 Νἰρρρὶιὶ1κ
1026 5070 1094 5124 ll.
1218 5069 1316 5127 111).
1335 5088 1414 5142 tv,
1448 5069 1498 5126 c.
1533 5073 1622 5127 51.

559 5144 647 5214 64)
682 5140 919 5214 Fabric,
958 5153 1086 5196 tom.
1119 5140 1137 5192 I
1167 5142 1301 5211 Opp.
1330 5141 1567 5211 Hippol.,
1600 5158 1721 5212 pag.
1756 5142 1883 5195 271.

539 5214 647 5283 (65)
680 5213 781 5266 Isa.
816 5228 1044 5268 xxxvm.

539 5281 650 5351 (66)
674 5282 1095 5345 ,Τ11001101θιυε,
1128 5282 1256 5353 dial.
1286 5281 1336 5346 1,
1367 5298 1489 5353 pag.
1516 5282 1679 5345 56,111
1705 5283 1974 5353 ἀτρέπτῳ.

541 5355 651 5424 (67)
688 5356 780 5418 Εἰς
816 5355 955 5425 μέρη
999 5350 1412 5425 τοῦ--Ὶεςξκινήλ,
1442 5350 1518 5406 ’111
1562 5350 2025 5425 capitaquzedam

470 5421 785 5493 Ezechielis.
819 5421 1041 5487 Etisch.,
1096 5423 1165 5474 Η.
1214 5423 1281 5476 Ε.
1320 5421 1412 5476 lib.
1446 5438 1521 5487 Vl,
1553 5421 1673 5493 cap.
1704 5421 1809 5477 ‘26.,
1843 5421 1933 5477 Sic
1973 5430 2027 5476 et

467 5492 803 5561 Sit-ephorus
842 5494 911 5546 ll.
944 5494 1008 5546 E.
1040 5495 1131 5547 lib.
1164 5509 1234 5559 IV,
1266 5509 1384 5561 cap.
1415 5494 1502 5548 51.

539 5565 649 5634 (68)
686 5565 776 5627 Ei;
816 5564 983 5618 πολλὰ
1012 5581 1072 5616 τε
1103 5565 1209 5616 τῶν
1240 5563 1551 5634 προφητῶν,
1591 5563 1820 5634 μάλιστα
1866 5562 2024 5625 Ἰεζε-

467 5634 613 5705 κιὴλ,
649 5635 742 5687 καὶ
771 5636 965 5706 Δανιὴλ
994 5636 1101 5687 τῶν
1138 5635 1403 5705 μεγάλων,
1442 5655 1459 5685 1
1507 5636 1559 5687 111
1590 5635 1757 5706 multa
1795 5635 2025 5706 prophe-

468 5702 643 5759 tarum
680 5702 968 5773 tnsjorum,
1011 5702 1308 5759 Ezechielis
1342 5705 1576 5761 maxime
1616 5715 1670 5760 et
1707 5702 1964 5759 Danielis.
1997 5721 2017 5754 1

470 5774 726 5848 Syncell.,
758 5789 881 5846 pag.
909 5776 1013 5832 558
1043 5775 1413 5847 Chronograph

2136 4570 2401 4638 quingenti
2443 4570 2738 4638 sexaginta.
2794 4568 3150 4625 Novissimam
3184 4590 3381 4644 quoque
3413 4577 3709 4633 hebdoma-

2132 4663 2247 4715 dem
2282 4661 2427 4730 ponit
2453 4665 2503 4713 in
2530 4664 2975 4716 consummatione
3001 4664 3207 4728 mundi,
3232 4682 3387 4735 quam
3413 4668 3611 4725 dividit
3652 4674 3708 4725 in

2135 4753 2268 4807 Elia:
2296 4762 2535 4820 tempora
2560 4763 2607 4806 et
2634 4753 2969 4820 Antichristi,
2997 4765 3054 4808 ut
3081 4756 3248 4811 tribus
3272 4768 3320 4811 et
3344 4762 3503 4814 semis
3541 4768 3704 4819 annis

2132 4845 2329 4899 ultima:
2353 4844 2687 4897 hebdomadis
2707 4844 2801 4897 Dei
2826 4846 3013 4899 notitia
3040 4850 3393 4917 conﬁrmetur,
3413 4852 3475 4905 de
3491 4870 3600 4921 qua
3630 4856 3710 4911 di-

2202 4999 2559 5078 (99)_Fal)ric.
2587 4998 2722 5068 Opp.
2846 4998 3115 5078 Hippolyt.
3161 5012 3290 5057 tom.
3326 5004 3366 5071 I,
3395 5021 3521 5076 pag.
3552 5009 3704 5078 271;

2128 5082 2177 5126 et
2210 5071 2353 5125 Bibl.
2375 5070 2557 5140 Crcec.
2593 5068 2822 5140 tom._V,
2856 5068 2976 5140 pag.
3010 5068 3134 5127 2⁷10.

2199 5142 2309 5210 (70)
2343 5139 2677 5209 Hieronym.,
2708 5137 2950 5210 Catalog'.
2984 5158 3102 5211 cap.
3133 5145 3219 5199 61.

2198 5213 2309 5281 (71)
2350 5211 2527 5281 Ρ1101.,
2565 5211 2842 5281 cod._ecu.

2198 5278 2307 5358 (is!)
2350 5308 2373 5358 ι.
2403 5280 2571 5358 Lecta
2592 5290 2675 5332 est
2698 5278 3020 5358 Theodoreti
3047 5285 3287 5358 episcopi
3321 5285 3445 5358 Cyri
3474 5292 3704 5358 exposi-

2128 5350 2215 5406 tio
2244 5351 2501 5405 Danielis.
2552 5350 2738 5431 Longe
2781 5351 2974 5431 doctus
3007 5350 3099 5408 hic
3122 5357 3205 5407 vir
3230 5350 3701 5431 ‘non'llippolyto

2128 5428 2311 5485 modo,
2342 5437 2528 5496 verum
2571 5430 2625 5473 et
2650 5421 2774 5496 aliis
2798 5423 3002 5496 multis
3036 5426 3307 5479 antecellit
3338 5421 3700 5496 prophetico-

2128 5492 2921 5569 rum__ver_boruinelocutione
2946 5504 3000 5569 et
3030 5492 3477 5569 explanatione;
3525 5500 3701 5569 igitur

2126 5564 2180 5615 in
2211 5562 2483 5631 aliquibus
2513 5560 2730 5631 quidem
2763 5563 2849 5614 ille
2896 5564 2947 5615 in
2983 5560 3281 5618 hac—divini
3312 5560 3697 5623 Damelisvex-

2126 5628 2396 5705 positione
2446 5628 2571 5705 cum
2633 5628 2919 5705 Hippolyto
2971 5646 3209 5705 martyre
3266 5639 3541 5701 convenit,
3596 5641 3694 5693 sed

2126 5701 2302 5773 plura,
2330 5704 2386 5773 in
2420 5702 2618 5771 quibus
2643 5701 2913 5773 dissentit.
2950 5722 2969 5755 1
3002 5701 3249 5770 Pholius,
3282 5709 3403 5762 cod.
3432 5723 3585 5762 ccut.

2199 5774 2311 5844 (73)
2342 5771 2651 5843 Hieronym.
2682 5772 2736 5825 in
2764 5786 2881 5842 cap.
2917 5790 2971 5828 rx
2998 5777 3259 5832 .Danielis.
