3882 6508
467 337 572 394 5'27

542 459 566 528 ξ
609 455 699 511 IX.
743 456 1120 530 Commentarii
1163 455 1220 512 S.
1251 457 1522 530 Hippolyti
1583 463 1636 514 in
1671 461 1742 516 Ν.
1769 463 1856 528 T.,
1885 480 1961 516 sc.

861 527 922 584 S.
945 531 1283 595 Matt/tantm,
1312 527 1533 591 Lucam.
1552 544 1656 586 etc.

541 643 813 711 Quantum
862 645 927 698 ad
967 645 1164 714 scripta
1209 644 1327 714 ejus
1373 645 1425 699 in
1469 643 1677 699 Novum
1715 646 2032 702 Testamen-

469 749 605 800 tum,
644 737 906 792 Eusebius
935 752 1002 790 ne
1037 753 1205 790 unum
1234 737 1451 806 quidem
1489 749 1780 804 memorat;
1815 751 2036 796 sanctus

466 845 596 884 vero
624 828 983 900 Hieronymus
1011 831 1076 882 de
1107 829 1222 883 solo
1255 829 1399 884 illius
1427 830 1478 882 in
1502 831 1852 899 Apocalypsin
1876 831 2032 885 Com-

467 922 725 976 mentario
761 921 1086 974 mentionem
1117 921 1266 984 facit,
1297 922 1426 974 dum
1456 922 1508 975 in
1539 931 1771 976 tractatu
1806 924 1879 976 De
1908 926 2034 977 viris

466 1008 764 1063 illustribus
811 1024 973 1078 opera
1036 1009 1094 1062 S.
1137 1009 1405 1081 Hippolyti
1461 1019 1706 1066 recenset
1736 1012 1870 1082 (88).
1927 1012 2031 1066 Sed

463 1101 760 1155 verisimile
803 1108 906 1164 est,
955 1100 1094 1168 quod
1147 1099 1202 1154 S.
1239 1099 1597 1172 Hieronymus
1651 1103 1742 1158 illo
1796 1113 2035 1174 tempore

465 1207 528 1245 ea
567 1192 622 1244 S.
665 1191 932 1262 Hippolyti
981 1192 1181 1260 scripta
1232 1192 1284 1246 in
1336 1191 1395 1246 S.
1430 1193 1742 1249 Matthaeum
1793 1199 2030 1251 nondum

466 1284 681 1346 viderit,
713 1284 777 1337 de
807 1283 1006 1351 quibus
1043 1283 1094 1335 in
1135 1299 1293 1351 opere
1335 1285 1621 1352 posteriori
1651 1285 1764 1357 (89)
1797 1291 2032 1342 mentio—

467 1391 589 1428 nem
637 1375 778 1427 fecit.
809 1373 1180 1427 Thcodoretus
1235 1376 1363 1428 citat
1415 1377 1578 1430 etiam
1630 1387 1891 1433 tractatus
1938 1395 2030 1434 seu

468 1480 748 1520 sermones
791 1465 1135 1541 S.Ilippolyti
1190 1467 1265 1520 De
1301 1466 1671 1522 distributione
1716 1470 2034 1525 talentorum

465 1566 520 1610 et
551 1556 625 1609 De
653 1556 852 1610 duobus
882 1548 1174 1610 latronibus
1203 1557 1336 1627 (90).
1365 1557 1500 1613 Hinc
1528 1561 1819 1615 verisimile
1845 1572 2036 1631 putant

463 1647 568 1700 viri
595 1649 737 1701 docti
767 1648 878 1717 (9|)
907 1659 1158 1702 sanctum
1191 1659 1432 1703 nostrum
1463 1651 1517 1704 in
1548 1652 1811 1720 quasdam
1842 1654 2031 1707 saltem

465 1749 646 1808 partes
672 1738 944 1808 Evangelii
991 1737 1327 1805 S.Matth;ei,
1379 1750 1541 1812 atque
1595 1745 1713 1799 sine
1763 1747 1928 1800 dubio
1978 1749 2033 1802 in

465 1832 710 1898 qtnedam
764 1831 879 1885 loca
924 1830 1196 1898 Evangelii
1257 1832 1314 1887 S.
1342 1833 1523 1901 Lucae,
1573 1836 1626 1889 in
1658 1853 1768 1906 quo
1808 1839 2035 1895 historia

465 1922 534 1975 de
566 1923 779 1976 duobus
808 1923 1111 1979 latronibus
1142 1926 1364 1982 uberius
1417 1937 1722 1994 enarratur,
1760 1947 2037 1987 commen-

465 2014 634 2067 tarios
679 2030 952 2070 exarasse.
1006 2015 1326 2087 Quanquam
1381 2027 1563 2073 autem
1621 2021 1707 2076 hic
1746 2025 2035 2090 terminus,

463 2103 674 2171 λόγους,
696 2114 874 2172 posset
898 2106 1156 2160 denotare
1183 2108 1321 2176 apud
1348 2107 1744 2168 Theodoretum
1763 2115 2037 2182 homilias,

465 2195 818 2250 nihilominus
851 2207 1028 2251 tamen
1067 2197 1130 2252 D.
1166 2198 1531 2272 Hieronymus
1585 2205 1725 2260 inter
1754 2222 2037 2263 commen-

464 2287 632 2340 tarios
683 2287 736 2340 in
784 2286 1205 2357 S.Scripturam
1257 2299 1508 2344 recenset
1557 2292 1792 2362 aliquem
1845 2295 2038 2350 horum

461 2375 634 2444 λόγων
664 2394 756 2431 seu
789 2394 1102 2432 sermonum
1147 2396 1176 2433 a
1208 2379 1551 2436 Theodoreto
1585 2384 1875 2440 citatorum
1904 2386 2036 2456 (92).

463 2469 518 2523 In
546 2472 746 2525 Catena
775 2470 991 2525 Patrum
1017 2473 1328 2528 Graecorum
1357 2490 1520 2545 super
1545 2475 1746 2531 Lucam
1777 2479 2040 2548 reperitur

461 2562 625 2616 etiam
654 2564 851 2632 aliquis
881 2562 938 2618 S.
966 2563 1236 2636 Hippolyti
1279 2567 1430 2621 locus
1457 2567 1596 2636 (95).

466 2675 495 2744 5
532 2675 602 2729 Χ.
647 2677 1025 2754 Commentarii
1067 2677 1122 2731 S.
1157 2679 1430 2754 Hippolyti
1468 2681 1521 2732 in
1544 2680 1771 2736 Joannis
1798 2681 2041 2754 Euange-

936 2749 1065 2800 lium
1104 2759 1152 2802 et
1180 2751 1553 2819 Apocalypsin.

532 2836 590 2890 In
643 2838 822 2892 tabula
870 2837 1056 2894 Graeca
1113 2856 1258 2910 sarpe
1297 2842 1409 2911 jam
1459 2844 1675 2897 laudata
1728 2860 1850 2898 cum
1880 2843 2040 2914 Cyclo

460 2929 701 2997 paschali
740 2930 936 2986 eﬂ'ossa
980 2933 1264 3001 perspicue
1308 2945 1548 3000 notatur,
1582 2937 1724 3006 quod
1757 2936 1813 2991 S.
1839 2936 2041 3007 Hippo-

463 3022 605 3093 lytus
643 3024 924 3092 scripserit
972 3027 1024 3078 in
1061 3025 1408 3096 Evangelium
1450 3029 1748 3082 secundum
1795 3029 2041 3084 SJoan-

1443 338 1530 393 DE
1571 341 1726 394 VITA
1768 341 1854 396 ET
1893 340 2204 396 SCRIPTIS
2242 340 2300 397 S.
2340 337 2722 394 HIPPOLYTI.

3601 338 3705 394 538

2064 470 2108 522 Α
2140 477 2322 517 reseos
2347 461 2654 516 consultum
2686 459 2749 512 iri
2778 458 3248 522 existimaverunt,
3274 472 3437 528 quam
3466 460 3706 530 negando

2139 554 2546 618 auctoritatem,
2606 559 2661 604 et
2709 549 3024 619 Evangelii,
3082 559 3137 604 et
3185 551 3612 622 Apocalypseos,
3655 559 3710 605 et

2139 643 2501 713 Epistolarum
2576 641 2638 696 D.
2667 640 2915 696 Joannis.
2985 641 3139 706 Quod
3185 652 3335 695 tanta
3394 658 3515 697 cum
3565 643 3712 696 inve-

2133 735 2390 789 recundia
2439 734 2809 789 fecerunt'isti
2861 733 3115 797 haeretici,
3155 741 3210 786 et
3238 744 3387 788 tanto
3421 749 3544 788 cum
3575 733 3711 787 divi-'-

2136 824 2322 888 nitatis
2342 825 2510 893 Λόγου
2536 825 2681 886 odio,
2712 833 2769 877 ut
2791 823 3176 892 quamplurimi
3214 825 3351 877 inter
3379 825 3710 878 orthodoxos

2135 917 2461 982 exstiterint,
2507 917 2600 986 qni
2652 915 2916 969 vi'ndieias
2968 916 3106 969 la*s:e
3158 917 3462 970 divinitatis
3510 915 3709 970 Christi

2136 1009 2388 1062 alacriter
2446 1009 2788 1077 paraverint,
2855 1019 2907 1062 et
2962 1006 3352 1077 Evangelinm,
3416 1007 3708 1077 Epistolas,

2135 1099 2493 1170 Apocalypsin
2528 1098 2721 1152 Joanni
2771 1099 3115 1167 evangelista:
3159 1101 3495 1153 asseruerint
3521 1142 3536 1164 ,
3573 1102 3712 1153 inter

2135 1209 2274 1260 quos
2318 1194 2667 1246 eminuerunt
2721 1191 3054 1248 S.Justinns
3100 1204 3323 1263 martyr,
3363 1190 3421 1246 S.
3450 1193 3709 1256 lrenzeus,

2139 1284 2473 1353 Theophilus
2529 1284 2917 1348 Antiochenus,
2975 1283 3226 1337 Clemens
3285 1283 3710 1348 Alexandrinus,

2138 1375 2196 1431 S.
2223 1375 2403 1431 Melito
2447 1376 2765 1438 Sardensis.
2816 1384 2869 1429 et
2919 1377 2976 1430 S.
3012 1374 3352 1448 Hippolytus.
3394 1375 3520 1432 Htec
3565 1379 3634 1431 el.
3669 1379 3713 1431 le

2135 1467 2385 1540 Moynius
2421 1468 2556 1538 (93),
2585 1468 2678 1536 qni
2710 1468 2904 1522 deinde
2943 1469 3239 1533 concludit,
3281 1471 3425 1540 quod
3475 1471 3601 1524 ideo
3635 1471 3715 1523 di-

2137 1571 2292 1614 catur
2323 1560 2411 1614 hic
2444 1560 2542 1630 (sc.
2569 1557 2912 1629 Hippolytus)
2943 1560 3228 1629 scripsisse
3269 1561 3324 1614 in
3354 1559 3710 1629 Evangelium

2135 1660 2187 1704 et
2210 1649 2590 1720 Apocalypsin,
2626 1653 2686 1702 ut
2716 1648 2817 1702 ista
2852 1663 3016 1717 opera
3045 1664 3166 1704 esse
3195 1649 3435 1718 ejusdem
3467 1651 3714 1704 auctoris

2138 1743 2488 1813 persuaderet
2517 1750 2570 1796 et
2597 1741 2962 1796 conﬁrmaret.
2998 1743 3197 1796 Verum
3229 1743 3545 1812 quicunque
3581 1759 3717 1812 prae-

2141 1833 2359 1886 tendere
2385 1832 2562 1894 vellet,
2589 1840 2649 1884 ut
2676 1833 2946 1901 sapienter
2971 1831 3223 1886 observat
3245 1833 3552 1902 Basnagius
3580 1833 3713 1902 (96),

2141 1924 2245 1980 hoc
2303 1939 2369 1978 ex
2429 1923 2636 1977 motivo
2720 1932 2970 1978 sanctum
3036 1923 3382 1996 Hippolytum
3463 1934 3714 1980 nostrum

2138 2032 2359 2086 operam
2418 2015 2750 2086 impendisse
2796 2017 2861 2071 ad
2893 2018 3234 2072 scribendum
3276 2033 3437 2086 super
3473 2019 3624 2073 hunc
3655 2019 3718 2072 li-

2140 2110 2322 2173 brum,
2366 2110 2412 2164 is
2456 2127 2644 2165 revera
2689 2111 3044 2166 divinaretur.
3085 2113 3325 2183 Scaliger
3357 2113 3720 2166 nihilominus

2138 2202 2352 2256 videtur
2400 2202 2564 2271 hujus
2634 2204 2913 2258 sententiae
2978 2203 3144 2258 fuisse
3191 2205 3334 2274 (97),
3397 2206 3528 2259 dmn
3583 2206 3720 2260 scri-

2139 2295 2217 2350 bit
2276 2310 2414 2364 opus
2477 2297 2650 2351 sancti
2702 2295 2970 2368 Hippolyti
3032 2298 3086 2351 in
3144 2298 3502 2369 Apocalypsin
3588 2297 3720 2352 nihil

2139 2387 2290 2441 aliud
2331 2386 2498 2442 fuisse
2527 2403 2690 2456 quam
2724 2389 3027 2458 apologiam
3073 2404 3170 2458 pro
3208 2390 3354 2443 illius
3394 2391 3722 2444 auctoritate

2139 2479 2477 2533 defendenda
2527 2491 2721 2534 contra
2757 2479 2980 2549 A'logos.
3034 2478 3215 2533 llebed
3260 2479 3386 2534 Jcsu
3419 2479 3534 2550 (98)
3592 2495 3723 2534 sane

2140 2579 2394 2633 testatur,
2429 2569 2886 2638 quemadmodum
2934 2568 3236 2638 Basnagins
3285 2569 3395 2638 (99)
3445 2577 3497 2622 et
3529 2567 3723 2622 Fabri-

2139 2662 2258 2718 cius
2277 2663 2350 2732 (l)
2370 2661 2630 2727 referunt,
2650 2670 2792 2729 quod
2821 2661 3056 2715 Chaldaei
3085 2661 3378 2716 ostendant
3401 2661 3721 2733 Apologiam

2143 2752 2200 2807 S.
2227 2753 2494 2823 Hippolyti
2530 2769 2627 2823 pro
2655 2752 2978 2823 Apocalypsi
3013 2762 3066 2806 et
3096 2751 3385 2821 Evangelio
3413 2755 3596 2806 sancti
3628 2751 3718 2806 Jo-

2141 2843 2317 2896 annis.
2375 2842 2478 2897 Sed
2513 2858 2654 2912 quas,
2688 2842 2916 2896 amabo!
2945 2841 3075 2895 tides
3109 2841 3353 2896 habenda
3403 2843 3722 2896 testimonio

2140 2936 2398 2989 rabbini?
2472 2935 2527 2988 In
2578 2935 2907 2990 bibliotheca
2969 2933 3261 2988 Bodleiana
3340 2935 3479 2988 inter
3553 2936 3724 2989 libros

2141 3028 2634 3098 Huntingtonianos
2661 3037 2836 3081 exstat
2868 3028 3094 3082 Arabice
3121 3028 3422 3096 exploratio
3451 3029 3722 3098 Apocaly-

461 3131 583 3169 nem
627 3126 680 3170 et
727 3118 778 3170 in
804 3118 1162 3188 Apocalypsin
1198 3138 1209 3172 :
1249 3119 1418 3192 ’Υπὲρ
1455 3121 1549 3174 τοῦ
1600 3123 1741 3177 κατὰ
1785 3123 2032 3194 Ἰωάννην

2144 3137 2301 3192 pseos
2343 3135 2407 3173 ex
2440 3119 2659 3181 Severo,
2694 3119 2980 3188 Hippolyto
3033 3129 3085 3172 et
3129 3119 3271 3183 aliis,
3322 3135 3485 3189 quam
3529 3119 3724 3173 Latine

431 3205 790 3277 ,Εὑαγγελεου
841 3212 932 3264 καὶ
971 3210 1409 3280 Ἀποκαλύψεως.
1459 3211 1697 3283 ldipsum
1750 3217 2037 3270 conﬁrmat

464 3299 520 3355 S.
548 3299 908 3372 Hieronymus
940 3313 1204 3372 quantum
1240 3306 1305 3358 ad
1333 3304 1697 3377 Apocalypsin
1737 3308 1871 3378 (94).
1923 3307 2035 3361 No-

462 3404 575 3449 tum
616 3405 698 3450 est
738 3397 1014 3463 omnibus,
1050 3399 1228 3466 qualis
1262 3410 1574 3470 quantaque
1617 3401 1682 3454 de
1727 3403 1848 3456 istis
1883 3403 2039 3458 libris

461 3489 660 3555 agitata
703 3487 864 3541 fuerit
893 3491 1260 3545 controversia
1293 3501 1524 3546 exeunte
1568 3494 1768 3547 saeculo
1800 3496 2037 3548 secundo

462 3589 514 3632 et
553 3579 773 3633 ineunte
816 3583 1008 3646 tertio,
1047 3598 1154 3635 non
1201 3592 1408 3635 tantum
1445 3594 1665 3653 propter
1691 3585 2032 3649 Cerinthum,

462 3671 555 3726 sed
604 3686 726 3724 cum
755 3673 1011 3726 Artemon
1068 3683 1120 3726 et
1153 3674 1255 3727 sibi
1300 3675 1506 3729 similes
1537 3677 1874 3731 divinitatem
1909 3676 2036 3731 Jesu

459 3759 665 3816 Christi
702 3773 988 3832 negarent,
1025 3775 1077 3819 et
1111 3782 1260 3819 arma
1307 3767 1507 3834 quibus
1549 3768 1837 3822 orthodoxi
1891 3769 2034 3822 illam

466 3855 810 3918 asserebant,
860 3857 964 3910 illis
1003 3857 1211 3926 eripere
1256 3867 1609 3918 conarentur,
1652 3860 1829 3928 primo
1856 3858 2032 3913 Evan-

463 3945 901 4015 geliumJoannis
934 3956 988 4001 et
1017 3948 1158 4001 illius
1183 3949 1542 4020 Apocalypsin
1574 3950 1788 4018 profani
1815 3951 2035 4006 invase-

464 4047 611 4101 runt,
641 4051 693 4093 et
725 4056 848 4093 cum
885 4041 1050 4094 variis
1094 4041 1228 4096 locis
1261 4057 1323 4094 ex
1363 4039 1651 4110 Evangelio
1685 4051 1739 4096 et
1767 4042 2034 4113 Apocaly-

462 4129 544 4198 psi
581 4129 758 4197 petitis
793 4131 856 4183 ad
889 4132 1060 4199 Λόγου
1095 4132 1432 4186 divinitatem
1471 4133 1899 4188 conﬁrmandam
1927 4150 2035 4188 non

463 4230 687 4289 possent
734 4224 1081 4291 respondere,
1133 4234 1185 4278 et
1224 4226 1388 4280 verba
1431 4226 1776 4296 evangelista:
1817 4235 1871 4280 et
1903 4243 2038 4295 apo--

463 4314 586 4367 stoli
633 4314 702 4366 ita
751 4301 1015 4384 stringere
1061 4317 1578 4380 animadverterent,
1625 4327 1686 4372 ut
1732 4320 1878 4373 nulla
1923 4330 2039 4375 arte

464 4405 735 4472 nullisque
767 4407 1301 4475 interpretationibus
1331 4411 1515 4478 pravis
1543 4410 1625 4464 vis
1657 4411 1875 4466 illorum
1912 4427 2039 4481 pos-

2139 3227 2351 3267 versam
2408 3210 2853 3280 praestantissimo
2889 3211 3005 3263 viro
3035 3207 3229 3263 Joanni
3265 3209 3560 3280 Gagnierio
3608 3211 3724 3264 for-

2138 3315 2284 3362 tasse
2341 3306 2615 3359 debebunt
2664 3304 2884 3366 eruditi,
2937 3304 3127 3358 scribit
3173 3304 3242 3356 cl.
3301 3303 3589 3358 Fabricius
3623 3303 3720 3373 (Ξ).

2138 3395 2242 3450 Sed
2280 3407 2544 3467 quantum
2596 3409 2697 3464 ego
2740 3395 2887 3459 scio,
2942 3395 3114 3449 lucem
3157 3393 3426 3463 publicam
3477 3395 3722 3446 nondum

2135 3490 2288 3545 vidit.
2339 3488 2601 3544 Caeterum
2632 3503 2723 3557 per
2756 3487 3176 3541 commentarios
3228 3487 3280 3538 in
3316 3486 3719 3556 Apocalypsin,

2140 3582 2294 3636 Sixto
2321 3581 2546 3655 Senensi
2573 3585 2733 3634 etiam
2771 3588 3124 3641 memoratos,
3157 3577 3380 3631 Rivetus
3409 3578 3486 3645 (5)
3521 3577 3724 3631 intelli-

2137 3677 2212 3745 git
2244 3675 2443 3728 librum
2477 3674 2542 3726 de
2577 3673 2930 3727 Antichristo.
2966 3669 3246 3724 Fabricius
3285 3670 3526 3740 imprimi
3555 3687 3723 3724 cura-

2140 3768 2214 3820 vit
2267 3765 2632 3837 fragmentum
2692 3765 2836 3818 haud
2886 3763 3176 3833 exiguum,
3236 3765 3287 3816 in
3339 3780 3448 3832 quo
3496 3772 3725 3817 sanctus

2139 3859 2460 3929 Hippolytus
2516 3857 2738 3926 exponit
2802 3857 2918 3911 hac
3003 3855 3422 3909 Proverbiorum
3499 3871 3624 3922 cap.
3671 3869 3725 3907 ιι

2137 3947 2300 4000 verba
2347 3962 2359 3997 :
2411 3944 2682 4012 Sapientia
2733 3944 3017 4014 tedi/icat'it
3062 3945 3164 3998 sibi
3212 3945 3462 4006 domum;
3508 3945 3725 4012 sibique

2140 4036 2430 4104 persuasit,
2479 4037 2530 4089 in
2558 4034 2786 4090 Joannis
2821 4033 3174 4104 Evangelista:
3216 4035 3393 4088 locum
3425 4035 3723 4102 quetndam

2141 4127 2255 4182 lucc
2305 4128 2372 4182 ab
2405 4126 2691 4197 Hippolyto
2760 4128 2940 4196 potius
2989 4127 3190 4196 scripta
3241 4142 3392 4187 esse,
3444 4141 3614 4194 quam
3670 4128 3721 4178 iu

2139 4217 2555 4273 Proverbiorum
2585 4219 2728 4278 loca.
2759 4219 2884 4272 licet
2914 4227 2968 4273 et
3010 4219 3062 4271 in
3094 4219 3206 4272 lucc
3239 4218 3404 4272 etiam
3438 4232 3726 4271 commen-

2146 4321 2291 4365 tatus
2349 4311 2511 4364 l'uerit
2554 4311 2652 4380 (4).
2721 4309 2776 4363 In
2833 4311 3018 4365 tabula
3070 4326 3296 4380 operum
3350 4308 3408 4364 S.
3445 4308 3723 4379 Hippolyti

2143 4404 2337 4473 legitur
2385 4404 2608 4472 insuper
2637 4401 2982 4473 Hippolytum
3031 4413 3278 4456 nostrum
3311 4399 3455 4455 Odas
3499 4411 3554 4454 et
3586 4400 3724 4454 Car-

463 4505 546 4549 sct
582 4496 870 4562 declinari;
908 4512 1016 4552 non
1045 4499 1200 4554 aliter
1231 4501 1354 4565 sibi,
1392 4509 1446 4555 et
1478 4502 1729 4570 pravitati
1777 4518 1889 4558 sua:
1921 4503 2029 4558 hae-
2066 4505 2109 4558 ἰ)
2136 4497 2282 4549 11ιὶηᾶ
2316 4495 2601 4564 scripSisse
2637 4495 2692 4549 in
2716 4510 2905 4549 omnes
2933 4492 2990 4548 S.
3024 4492 3322 4564 Scriptura:
3348 4493 3518 4546 libros
3549 4491 3651 4562 (5).

533 4664 645 4740 (88)
686 4663 996 4740 Hieronym.
1033 4669 1085 4722 in
1115 4667 1386 4740 _Catalog.,
1423 4687 1542 4740 cap.
1580 4672 1671 4725 61.

535 4739 646 4810 (89)
688 4756 703 4786 ι
735 4735 954 4810 Legisse
991 4756 1076 4791 me
1107 4738 1276 4792 fateor
1310 4735 1434 4794 ante
1476 4735 1650 4796 annos
1681 4742 1951 4810 plurimos
1983 4745 2036 4797 in

460 4802 841 4883 Manlianum;
873 4807 1142 4880 Hippolyti
1170 4811 1422 4880 martyris
1469 4802 1729 4880 opuscula
1857 4829 1887 4866 c
1915 4815 2037 4883 qui-

463 4876 565 4929 bus
609 4879 831 4951 etzamsi
878 4876 1046 4946 pauca
1072 4876 1386 4951 carperent,
1421 4876 1642 4951 dignum
1684 4884 1886 4950 aliquid
1924 4876 2038 4937 ine-

461 4953 633 5068 g‘mrila
708 4949 1057 5002 scriberetur.
1118 4969 1136 5001 ι
1236 4949 1598 5024 Hieronyin.,
1695 4949 1912 5007 Praefat.
1982 4955 2036 5007 in

518 5027 654 5068 alii.

518 5027 654 5069 altlt.

537 5086 647 5156 (90)
683 5086 980 5165 Theodon.
1015 5090 1216 5165 dialog.
1247 5091 1301 5154 2,
1335 5109 1456 5165 pag.
1478 5094 1525 5165 ξ’).
1554 5103 1603 5147 et
1634 5094 1721 5165 '_7_9,
1751 5103 1804 5146 et
1830 5092 2031 5165 dialog.

461 5156 678 5233 apag.
873 5157 1006 5233 Vide
1062 5156 1232 5233 Fabr.
1255 5156 1383 5216 tom.
1409 5156 1434 5214 1
1465 5163 1601 5232 Opp.
1636 5163 1874 5233 Hippol.,
1910 5156 2032 5232 pag.

458 5225 670 5302 2858i
691 5227 936 5302 Galbuli.
969 5241 1098 5282 tom.
1131 5233 1169 5283 ll
1200 5231 1451 5287 Bibliotlt.
1481 5225 1621 5298 1313.,
1651 5225 1770 5302 pag.
1800 5225 1924 5287 498:

531 5297 645 5373 (91)
687 5299 830 5373 Hist.
868 5299 1033 5353 litte’r.
1074 5302 1137 5353 de
1169 5302 1220 5353 la
1249 5302 1475 5368 France,
1515 5297 2030 5373 ιοιιιίιξιιειςπῦῑε).

533 5367 643 5436 (99.)
686 5388 702 5419 ι
746 5368 1156 5440 llippolytns....
1197 5374 1417 5440 scripsit
1464 5367 1768 5427 nonnullos
1805 5367 1855 5426 in
1887 5372 2034 5426 Scri—

461 5445 649 5504 ptnras
696 5444 1139 5512 commentarios,
1181 5456 1210 5493 e
1237 5448 1435 5510 qtnbns
1479 5446 1575 5496 hos
1604 5445 1813 5512 reperi:
1850 5445 1902 5496 in
1937 5443 2036 5495 He-

461 5521 820 5586 tt‘aemerun...
855 5511 915 5586 in
938 5510 1155 5586 Isaiam,
1194 5529 1388 5565 χχχιιι.
1416 5533 1434 5564 ι
1471 5510 1806 5586 Hieronytn.,
1835 5514 1918 5586 (De
1935 5516 2032 5567 vir.

461 5577 682 5654 ilt_ttstr.,
713 5595 833 5654 cap.
859 5581 946 5654 6i.
980 5582 1062 5654 lit
1089 5582 1462 5654 Theodorctus
1506 5586 1558 5636 in
1591 5577 1790 5654 dialog.
1826 5584 2028 5652 1,.pag.

461 5646 562 5769 336,.
589 5648 694 5701 ait:
715 5667 733 5699 ι
761 5652 944 5704 Sancti
979 5651 1252 5724 Hippolyti
1280 5669 1347 5708 ex
1377 5670 1630 5709 sermone
1659 5657 1715 5708 in
1739 5646 2032 5710 'éxord'iut'n

490 5732 632 5769 5318.
667 5736 687 5769 )
885 5766 889 5769 .

490 5732 632 5770 SBHE.
667 5736 687 5769 ι
885 5766 889 5771 .

531 5787 642 5856 (95)
683 5788 910 5864 Catcna‘
933 5790 1079 5848 Patr.
1123 5793 1469 5851 Cordcrianze
1521 5795 1590 5851 ad
1641 5794 1805 5851 Lucae
1855 5794 2028 5862 ιι,15,

429 5879 456 5894 κ

2141 4687 2264 4741 pag.
2292 4671 2382 4724 '55.

2212 4743 2323 4806 (illi)
2367 4741 2678 4811 Hieronym.
2715 4739 3067 4811 inCatalog.,
3107 4756 3229 4808 cap.
3262 4740 3352 4792 61.

2211 4812 2324 4880 (95)
2366 4811 2440 4864 Le
2489 4808 2701 4883 Mo'yne,
2766 4810 2888 4864 Var.
2950 4808 3086 4875 sac.,
3143 4829 3264 4882 pag.
3313 4808 3450 4862 lOlO
3480 4818 3536 4864 et
3577 4826 3722 4881 seq.,

2145 4884 2577 5021 ιοῗὸόξιὶὶειιιίεη
2607 4948 2754 5006 Lect.
2785 4951 2978 5020 antiq.,
3008 4959 3138 5005 lom-
3169 4951 3210 5016 Ῐν
3251 4967 3376 5021 P38:
3408 4949 3458 5004 ⁷ο

2361 5021 2647 5132 Ξὲθιὶερνη
2670 5022 2822 5084 ibid.,
2843 5038 2964 5090 pag.
2983 5022 3069 5085 14,
3096 5031 3150 5075 et
3169 5023 3308 5091 apud
3342 5020 3556 5075 Fabric.
3587 5030 3720 5073 tom.

2138 5093 2180 5159 ι’
2361 5093 2543 5215 ῗίῖξιιίιά
2577 5159 2705 5215 Jesu
2753 5163 2806 5216 in
2832 5162 3060 5232 Catalog
3097 5160 3378 5232 ilibrorum
3410 5160 3722 5232 Cltaldteor.

2233 5167 2319 5232 98)
2368 5167 2543 5215 llehed
2577 5167 2705 5215 Jesu
2753 5167 2806 5216 in
2832 5167 3060 5232 Catalog
3121 5167 3378 5214 librorum
3410 5167 3721 5214 Cltaldteor.

2209 5167 2605 5326 l99‘,l’Basnage
2654 5235 2796 5302 apud
2849 5235 3029 5289 Canis.
3081 5231 3227 5286 Lcct.
3261 5233 3457 5301 antiq.,
3512 5241 3648 5286 tom.
3678 5229 3721 5293 Ι,

2139 5303 2577 5455 ρόῗξςῖτξιιπίςτ,
2601 5371 2816 5455 Hippo].
2846 5372 2981 5446 Opp.
3018 5383 3150 5427 tom.
3185 5372 3226 5440 l,
3259 5388 3382 5442 pag.
3412 5371 3540 5426 9.80.

2211 5444 2267 5512 (2
2333 5445 2476 5496 Idem
2510 5444 2638 5497 ibid.
2933 5444 2944 5446 ⁷

2209 5445 2715 5582 (5g‘Rivethritic.
2757 5513 2813 5568 S.
2841 5515 2934 5568 lih.
2971 5530 3032 5575 II.
3061 5515 3142 5568 11.

2231 5582 2282 5657 ᾗ)
2327 5584 2568 5657 Fabric.,
2599 5598 2728 5638 tom.
2764 5587 2782 5637 l
2813 5588 2949 5657 Opp.
2983 5583 3278 5654 Hippolyt.,
3301 5599 3434 5657 pag.
3460 5582 3590 5657 282.
3653 5646 3663 5657 .

2231 5587 2282 5652 4)
2327 5587 2568 5648 Fabric.,
2599 5598 2728 5638 tom.
2764 5587 2782 5637 l
2813 5588 2949 5654 Upp.
2983 5587 3278 5654 Hippolyt.,
3309 5599 3434 5654 pag.
3460 5587 3590 5636 282.

2208 5587 2282 5738 15)
2311 5651 2560 5738 ᾩᾷαὶξῐς
2588 5657 2768 5738 πάξαις
2793 5655 2888 5718 τὰς
2914 5657 3156 5738 ρίᾳφάς.
3188 5657 3263 5738 Ita
3293 5646 3714 5738 Scaliger—legit:

2137 5718 2409 5779 Edmund.
2464 5722 2772 5780 Bernartius
2822 5718 3402 5779 Omittit'vOeabulum
3445 5718 3613 5789 ᾮδᾳί,
3658 5725 3719 5789 ε’,ῐ

2137 5795 2264 5866 legit
2311 5797 2390 5857 εἰς
2432 5793 2649 5859 ἁπάσας
2700 5795 2795 5859 τὰς
2840 5795 3095 5864 Γραφάς,
3145 5797 3228 5850 vel
3274 5794 3352 5855 εἰς
3384 5785 3584 5856 Δανιὴλ
3617 5785 3717 5841 καὶ
