3882 6526
432 285 538 343 555
1409 287 1494 341 DE
1532 289 1692 342 VITA
1725 288 1813 342 ET
1854 287 2162 344 SClllPTlS
2220 291 2277 346 S.
2312 290 2695 348 lllPPOl.YTl.
3567 302 3673 358 556

429 402 699 474 polytum.
764 400 868 456 Sed
921 402 1111 467 nobis,
1168 403 1344 472 inquit
1393 404 1463 457 cl.
1525 403 1745 459 Samuel
1797 403 1998 458 Basna-
2038 410 2082 463 Λ
2109 421 2228 458 eam
2282 422 2609 476 personam,
2659 411 2747 464 cui
2788 411 3019 480 epistola
3069 412 3162 467 illa
3209 412 3503 483 perscripta
3557 414 3678 472 fuit.

433 492 557 561 gius
591 490 729 561 (55),
765 502 945 546 tamen
977 507 1086 546 non
1117 492 1294 561 placet
1323 493 1500 548 audax
1535 494 1624 547 illa
1648 495 1828 558 crisis,
1863 509 2005 564 qua),
2039 555 2045 561 _
2113 497 2400 551 Annalium
2442 515 2640 569 parens
2669 499 2851 556 Caesar
2891 501 3159 560 Baronius
3195 504 3309 576 (60)
3337 504 3536 560 Juliam
3564 507 3678 562 Ma-

425 581 580 635 nulla
600 589 826 650 cogente
840 581 1398 646 necessitate,veteres
1413 592 1589 638 mutat
1606 584 2005 654 inscriptiones.

434 670 762 735 Severinum,
797 685 907 724 non
960 668 1206 725 Severum
1237 671 1399 727 habet
1428 687 1670 727 marmor
1713 671 2005 745 Hippolyti.

432 760 626 818 Severa
651 776 925 830 vero,n0n
950 761 1220 830 Severina,
1236 761 1489 834 Philippo
1513 780 1654 819 uxor
1681 763 1800 818 fuit.
1823 763 2010 836 Neque

432 854 487 907 in
512 868 787 908 marmore
817 852 1141 923 vestigii'est
1167 854 1391 924 aliquid,
1407 870 1514 924 quo
1530 854 1804 927 Augustea
1827 858 2007 926 digni-

430 953 542 1000 tate
578 953 829 999 ornatam
854 943 1024 1000 fuisse
1055 943 1356 1000 Severinum
1389 946 1728 1016 colligamus,
1755 949 1896 1018 quod
1926 957 2008 1003 ta-

430 1053 553 1092 men
569 1035 1027 1106 oblivionidatum
1055 1052 1165 1092 non
1189 1037 1401 1093 fuisset.
1425 1036 1695 1095 Incertum
1716 1042 1904 1106 etiam,
1936 1057 2005 1097 an

429 1129 495 1183 ad
521 1127 756 1200 Philippi
775 1130 1061 1200 imperium
1088 1145 1284 1199 usque,
1319 1145 1495 1187 annos
1526 1129 1845 1204 Hippolytus
1877 1151 2006 1191 suos

414 1223 748 1302 ‘extenderit.
805 1219 1028 1277 Addunt
1078 1223 1302 1293 insuper
1357 1223 1586 1278 Maurini
1645 1226 1820 1280 nostri
1869 1227 2004 1297 (56),

426 1315 648 1371 etiamsi
681 1314 1056 1378 Theodorctus
1089 1314 1219 1370 citet
1247 1316 1557 1386 epistolam,
1589 1318 1686 1373 abs
1715 1317 2004 1390 Hippolyto

427 1406 492 1458 ad
527 1407 765 1476 reginam
795 1406 1088 1475 quamdam
1129 1408 1508 1477 perscriptam,
1537 1425 1603 1464 ex
1637 1410 1743 1465 hoc
1772 1426 1879 1465 non
1913 1426 2005 1466 se-

425 1498 538 1568 qui,
585 1500 729 1568 quod
776 1514 874 1569 per
903 1514 1022 1554 eam
1053 1500 1340 1569 epistolam
1372 1501 1466 1555 illa
1514 1501 1862 1574 intelligenda
1909 1503 2000 1569 sit,

423 1609 545 1665 quae
576 1593 643 1647 ad
685 1590 1000 1646 Severinam
1029 1600 1252 1647 exarata
1287 1591 1407 1648 fuit.
1447 1591 1682 1648 Sanctus
1713 1595 1856 1649 enim
1888 1596 2006 1665 epi-

423 1698 626 1754 scopus
656 1693 846 1738 noster
873 1681 938 1736 ad
970 1682 1156 1752 plures
1182 1698 1468 1752 personas,
1490 1684 1602 1740 sive
1625 1685 1862 1752 reginas,
1889 1686 2002 1741 sive

424 1779 584 1845 alias,
605 1775 850 1832 exaravit
878 1774 1108 1830 litteras.
1138 1776 1417 1846 Siquidem
1458 1777 1598 1831 inter
1619 1777 1740 1848 ejus
1775 1779 1998 1848 scripta,
2039 1759 2076 1811 Β

423 1886 545 1939 quae
571 1879 796 1924 sanctus
818 1867 1124 1923 Alexander
1153 1866 1686 1939 llierosolymitanus
1711 1869 1999 1939 episcopus

423 1961 694 2018 indefessa
749 1977 880 2017 cura
932 1977 1034 2032 pro
1084 1962 1464 2031 locupletanda
1510 1977 1610 2017 sua
1666 1962 1996 2016 bibliotheca

424 2055 735 2127 collegerat,
764 2055 971 2109 mentio
1021 2055 1079 2108 lit
1111 2054 1176 2110 de
1219 2054 1412 2110 litteris
1459 2054 1516 2109 S.
1551 2054 1846 2128 Hippolyti,
1881 2065 2001 2110 tan—

423 2161 586 2214 quam
611 2145 668 2199 in
691 2144 1012 2201 fasciculum
1037 2147 1279 2201 collectis
1297 2147 1432 2218 (57).
1451 2146 1600 2202 Adde
1619 2149 1764 2217 quod
1791 2148 1996 2204 nullum

421 2245 804 2305 argumentum
831 2235 1118 2302 habeatur,
1133 2252 1200 2292 ex
1223 2252 1333 2306 quo
1352 2237 1528 2307 colligi
1554 2239 1726 2308 possit
1748 2248 1995 2294 sanctum

421 2337 664 2382 nostrum
711 2327 854 2382 ultra
908 2328 1200 2397 imperium
1253 2326 1440 2384 Severi
1488 2330 1781 2385 Alexandri
1828 2333 1993 2386 vitam

417 2421 774 2490 protendisse.
795 2418 1134 2490 Quapropter
1159 2420 1230 2475 cl.
1257 2419 1468 2476 Caveus
1493 2421 1606 2492 (58)
1633 2422 1709 2476 ait
1736 2422 1831 2479 :Si
1863 2423 1995 2492 Hip-

418 2515 584 2584 ῃίίΙυιὶ
635 2525 845 2569 wtatem
890 2530 1115 2581 eousque
1159 2513 1466 2582 protrahere
1513 2513 1700 2567 durius
1735 2515 1994 2580 videatur,

417 2611 486 2662 ad
525 2608 815 2662 Alexandri
868 2606 1044 2661 Severi
1089 2622 1344 2672 sororem,
1379 2614 1471 2658 aut
1520 2621 1584 2658 ea:
1628 2605 1742 2674 ejus
1785 2608 1997 2676 familia

418 2699 654 2773 utiquam
683 2702 906 2772 epistola
927 2702 1037 2756 luet:
1060 2718 1162 2755 non
1196 2701 1332 2755 male
1362 2701 1550 2771 referri
1571 2711 1759 2772 potest.
1786 2702 1998 2760 Doctis-

417 2795 590 2849 simus
615 2792 854 2849 Jacobus
882 2792 1184 2864 Basnagius
1227 2792 1364 2863 (59),
1398 2793 1493 2873 qui
1526 2794 1667 2849 hanc
1711 2793 1996 2851 diﬂiculta—

369 2957 378 2965 ι
416 2896 524 2940 tem
556 2885 780 2941 uberius
809 2885 1188 2955 explicandam
1236 2886 1498 2956 suscepit,
1539 2886 1698 2957 longe
1730 2886 1905 2942 abfuit
1937 2897 1997 2942 ut

415 2991 533 3030 eam
572 2976 828 3039 solveret,
859 2973 954 3030 sed
988 2974 1173 3044 potius
1204 2974 1378 3038 auxit,
1418 2976 1547 3029 dum
1577 2977 1771 3031 statuit
1795 2977 1862 3031 ad
1892 2976 1992 3032 Ze-

416 3069 633 3123 nobiam
690 3069 934 3139 reginam
991 3067 1258 3139 Palmyrae
1303 3083 1445 3134 eam,
1483 3069 1548 3124 de
1598 3085 1706 3140 qua
1759 3070 1991 3141 agimus,

419 3162 685 3218 direxisse
707 3162 1016 3232 epistolam.
1046 3161 1178 3227 Quae
1202 3162 1442 3232 profecto
1471 3162 1655 3232 opinio
1677 3177 1782 3216 non
1815 3162 1995 3217 solum

415 3255 563 3310 nullo
609 3255 802 3309 nititur
830 3263 1173 3324 argumento,
1210 3255 1303 3308 sed
1343 3254 1493 3308 omni
1524 3255 1688 3309 etiam
1726 3254 1996 3309 verisimi-

412 3349 640 3404 litudine
660 3358 828 3404 caret.
866 3349 937 3404 Ut
960 3349 1103 3402 enim
1138 3346 1534 3417 probabilitatis
1565 3348 1796 3418 speciem
1826 3347 1994 3404 habe-

413 3452 516 3508 ret,
546 3457 767 3498 necesse
791 3441 929 3495 foret
961 3450 1020 3494 ut
1049 3439 1106 3493 S.
1140 3438 1481 3510 Hippolytus,
1517 3438 1579 3494 D.
1615 3438 1812 3496 lrenaei
1847 3456 1995 3496 anno

412 3534 520 3589 9.02
575 3533 816 3590 defuncti
859 3533 1184 3602 discipulus,
1220 3533 1382 3586 vitam
1419 3531 1776 3601 protraxisset
1822 3548 1994 3603 usque

416 3631 482 3682 ad
513 3627 803 3697 imperium
843 3627 1123 3680 Aureliani
1161 3625 1531 3693 imperatoris,
1567 3640 1697 3679 ann.
1748 3641 1826 3680 sc.
1864 3627 1990 3692 270,

415 3738 524 3789 quo
575 3721 835 3775 nimirum
899 3729 1141 3789 tempore
1208 3717 1446 3773 Zenobia
1510 3734 1736 3788 regnare
1802 3720 1988 3790 coepit.

411 3807 668 3875 Quinimo
697 3809 782 3861 vel
806 3807 1219 3876 supponendum
1265 3817 1428 3872 esset,
1460 3808 1752 3861 Zenobiam
1787 3825 1986 3864 nomen

411 3899 575 3953 etiam
612 3897 887 3953 Severinae
915 3898 1171 3968 gessisse,
1205 3899 1287 3952 vel
1329 3898 1556 3952 omnino
1592 3897 1884 3968 rejicienda
1910 3899 1991 3956 fo-

412 4002 495 4048 ret
540 3991 845 4061 inscriptio,
874 3998 935 4046 ut
978 3991 1135 4057 falsa,
1167 4006 1291 4062 quze
1343 3991 1447 4044 hoc
1495 3992 1715 4045 nomine
1758 3993 1992 4062 appellat

485 4151 600 4221 (55)
631 4149 855 4205 Samuel
878 4150 1145 4221 Basnage,
1170 4148 1368 4204 Annal.
1383 4149 1536 4218 polit.
1561 4151 1766 4216 eecles.,
1789 4150 1987 4220 tom.ll,

418 4236 538 4290 pag.
577 4221 703 4280 289,
741 4221 805 4274 ad
841 4235 971 4274 ann.
1005 4221 1132 4274 222.
1523 4289 1528 4290 ί
1583 4238 1586 4239 '

486 4291 598 4358 (56)
653 4290 889 4344 Histoire
937 4290 1200 4344 littéruire
1258 4291 1320 4345 de
1352 4290 1407 4342 la
1484 4289 1710 4352 France,
1765 4301 1897 4348 toni.
1948 4290 1985 4360 Ι,

417 4377 471 4430 p.
505 4361 611 4415 589
647 4370 701 4414 et
734 4375 850 4430 seq.

497 4432 608 4500 (57)
635 4429 863 4500 Euseb.,
891 4433 961 4485 Η.
997 4429 1062 4482 Ε.
1100 4429 1195 4483 lib.
1217 4446 1291 4494 Vl,
1319 4445 1437 4500 cap.
1471 4431 1563 4485 ΞΟ.

485 4501 596 4584 (58)
630 4499 795 4567 Cave,
830 4500 977 4554 Hist.
1005 4500 1260 4559 litterar..
1291 4499 1424 4585 torri.
1451 4501 1491 4582 l,
1519 4517 1639 4624 pag.
1675 4500 1796 4556 105.

485 4571 598 4624 (59)
656 4569 773 4624 Jac.
836 4571 1103 4624 Basnage.
1154 4571 1296 4624 apud
1349 4575 1530 4624 Canis.
1632 4582 1729 4624 eet.
1788 4593 1796 4624 4

485 4571 610 4693 (59)¹
656 4569 773 4625 Jac.
829 4571 1103 4694 gasnage,
1154 4571 1312 4639 apud
1349 4569 1532 4625 Canis.
1586 4569 1729 4624 Lect.
1788 4572 1988 4642 ontiq.,

485 4659 552 4694 Ill.
620 4681 633 4694 .
670 4657 793 4694 nae.
869 4681 881 4693 .

419 4650 552 4695 tom.
593 4650 633 4698 Ι.
670 4657 793 4710 pag.
829 4650 881 4694 8.

485 4713 597 4779 (UO)
631 4709 828 4766 Baron.
865 4713 930 4766 ad
967 4727 1096 4765 ann.
1125 4711 1252 4771 9.9.9,
1289 4726 1439 4765 num.
1477 4709 1566 4764 10.

390 4804 393 4811 λ
484 4783 595 4853 (ﬁl)
625 4782 895 4853 Galland.,
924 4794 1057 4853 tom.
1086 4782 1127 4835 ll
1157 4781 1292 4834 Bibl.
1324 4780 1467 4846 PP.,
1500 4798 1621 4853 pag.
1649 4782 1778 4836 499.
1869 4783 1878 4794 ’

484 4851 596 4922 (62)
632 4852 858 4918 Euseh.,
891 4853 961 4905 Il.
1007 4851 1068 4905 Ε.
1107 4853 1200 4905 lil).
1240 4867 1450 4922 νηί-ηρ
1479 4851 1564 4904 90.

491 4920 870 4994 (65)]τθιπίο..
907 4922 965 4994 8.
991 4921 1276 4994 Hippolyt.
1309 4920 1611 4994 Opplttom.
1648 4922 1711 4984 ll,
1746 4939 1864 4993 pag.
1899 4923 1986 4976 3‘2.

484 4991 596 5063 (64)
615 4993 932 5049 Utlectores
946 4991 1158 5049 facilius
1165 4991 1431 5063 judicium
1447 4991 1587 5063 fer-re
1608 4991 1839 5058 possint,
1862 5008 1988 5045 num

413 5061 531 5120 loca
562 5061 660 5120 abs
685 5063 896 5120 Joanne
928 5061 1272 5118 Antiocheno
1305 5064 1432 5118 divo
1464 5061 1760 5134 Hippolyto
1795 5073 1988 5117 nostro

411 5136 673 5203 ascripta,
710 5136 838 5188 huic
880 5150 1078 5203 magno
1110 5135 1368 5203 episcopo
1404 5135 1513 5187 sint
1555 5136 1741 5203 digna,
1779 5135 1860 5187 vel
1890 5148 1990 5201 po-

412 5210 520 5260 tius
558 5221 588 5258 a
621 5206 856 5259 sectario
901 5205 1171 5259 inereseos
1198 5203 1548 5275 Eutychianze
1570 5205 1679 5259 sint
1705 5203 1990 5275 fabricata,

413 5278 517 5327 tria
563 5275 709 5329 illius
760 5278 877 5327 loca
925 5275 1245 5343 hicatl'erre
1278 5273 1486 5340 integra
1535 5289 1712 5343 opera:
1757 5273 1990 5342 pretium

414 5359 535 5398 esse
567 5345 850 5403 duximus.
887 5363 904 5396 ι
941 5344 1000 5399 S.
1032 5342 1355 5414 Hippolytus
1391 5342 1674 5398 Romanus
1703 5346 1991 5412 episcopus

416 5415 469 5467 in
503 5424 733 5483 tractatu
776 5417 1037 5470 adversus
1084 5431 1179 5469 eos
1222 5416 1318 5483 qui
1368 5415 1688 5482 impugnant
1739 5417 1993 5468 incarna-

416 5486 621 5538 tionem
649 5482 808 5538 Vcrhi
841 5483 935 5538 Dei
981 5484 1053 5538 ob
1075 5482 1696 5538 consu’bstantialitatem
1721 5484 1839 5551 ejus
1865 5498 1991 5537 cum

415 5553 577 5609 Patre
622 5572 636 5608 :
673 5573 692 5605 «
736 5553 916 5624 Virgo,
960 5555 1054 5619 ait,
1087 5555 1458 5627 cumpeperit
1491 5569 1710 5627 corpus,
1753 5553 1988 5627 Verbum

422 5643 440 5674 ι
489 5639 708 5694 quoque
762 5623 987 5693 peperit,
1032 5634 1087 5679 et
1137 5624 1339 5679 idcirco
1382 5633 1464 5678 est
1517 5623 1784 5693 Delpara;
1818 5623 1989 5677 Judaei

425 5715 442 5746 I
489 5709 729 5763 quoque,
759 5710 882 5747 cum
916 5696 1303 5749 crncilixerunt
1348 5709 1568 5763 corpus,
1599 5695 1992 5748 cruciﬁxerunt

423 5785 443 5817 ι
488 5764 660 5821 Deum
717 5765 982 5832 Verbum;
1019 5779 1194 5837 neque
1224 5764 1503 5821 distinctio
1535 5766 1641 5821 ulla
1677 5767 1815 5820 inter
1862 5764 1989 5820 Ver-

2111 604 2302 644 mzeam
2345 590 2748 661 intelligendam
2781 607 2903 649 esse
2941 595 3255 651 arbitratur.
3303 595 3398 652 Ha:
3437 599 3678 655 virorum

2109 681 2395 737 doctorum
2428 684 2710 739 sententiae
2743 685 2890 740 circa
2925 686 3340 757 inscriptionem
3371 689 3536 760 hujus
3564 693 3678 762 epi-

2109 770 2282 824 stolae.
2313 768 2581 826 Caeterum
2628 787 2693 827 ex
2723 773 2826 828 hac
2865 775 3117 846 epistola,
3155 793 3278 848 qua:
3314 781 3522 851 pariter
3551 795 3680 839 aeta-

2110 869 2217 914 tem
2245 867 2490 917 nostram
2522 877 2633 918 non
2663 864 2806 928 tulit,
2839 865 2950 922 duo
2977 868 3138 924 nobis
3166 867 3472 941 fragmenta
3505 871 3682 928 Theo-

2107 952 2331 1008 doretus
2354 953 2570 1026 dialogo
2592 957 2832 1013 secundo
2854 969 2909 1014 et
2931 961 3090 1016 tertio
3113 965 3433 1032 asservavit,
3456 965 3682 1038 legenda

2107 1044 2250 1113 apud
2280 1043 2625 1100 Gallandium
2655 1046 2792 1119 (61).

2463 1138 2490 1209 §
2539 1137 2602 1193 ll.
2632 1137 2890 1209 Epistulae
2938 1140 3000 1198 S.
3033 1141 3329 1213 Hippolyti.

2181 1227 2449 1284 Eusebius
2487 1227 2601 1301 (62)
2630 1239 2862 1286 testatur
2894 1247 2953 1288 se
2985 1235 3187 1289 multas
3217 1235 3413 1304 legisse
3459 1236 3519 1292 S.
3557 1236 3682 1310 Hip-

2107 1320 2276 1391 polyti
2303 1320 2514 1376 litteras
2540 1321 2594 1375 in
2630 1320 2964 1379 Bibliotheca
2995 1324 3064 1380 ab
3088 1326 3396 1382 Alexandro
3430 1328 3685 1386 Hieroso-

2107 1412 2376 1482 lymorum
2407 1413 2664 1483 episcopo
2710 1413 2911 1470 ibidem
2944 1416 3226 1471 adornata.
3257 1418 3361 1473 Sed
3389 1429 3590 1489 praeter
3614 1422 3684 1476 il-

2106 1506 2214 1560 lam
2241 1505 2309 1560 ad
2343 1506 2650 1562 Severinum
2681 1507 2736 1562 in
2766 1508 3030 1565 laterculo
3061 1520 3325 1577 notatam,
3359 1522 3415 1568 et
3447 1529 3479 1568 a
3507 1513 3682 1569 Theo-

2105 1599 2295 1654 doreto
2336 1598 2640 1666 laudatam,
2679 1601 2829 1656 velut
2859 1602 2925 1656 ad
2961 1602 3202 1673 reginam
3233 1605 3530 1674 quamdam
3561 1623 3681 1676 per-

2106 1685 2384 1754 scriptam,
2407 1685 2474 1741 de
2499 1703 2606 1757 qua
2629 1688 2792 1757 paulo
2815 1697 2939 1744 ante
2959 1690 3342 1757 disseruimus,
3367 1696 3435 1748 de
3455 1695 3683 1764 reliquis

2106 1778 2275 1832 altum
2304 1779 2446 1849 apud
2475 1780 2732 1850 antiquos
2750 1783 3046 1851 scriptores
3074 1784 3375 1841 silentium.
3394 1785 3683 1842 Fabricius

2108 1870 2273 1925 refert
2299 1870 2412 1942 (65)
2450 1873 2686 1942 aliquem
2722 1873 2902 1928 locum
2935 1875 3180 1946 epistolae
3205 1878 3483 1949 synodalis
3517 1877 3684 1934 Joan-

2107 1962 2192 2017 nis
2238 1963 2564 2018 Antiocheni
2619 1965 2687 2020 ad
2744 1965 2997 2021 Mennam
3051 1967 3481 2025 Alexandrinum
3537 1985 3682 2025 anno

2106 2045 2306 2107 Christi
2334 2053 2438 2109 968
2464 2055 2700 2126 scriptae,
2735 2056 2828 2112 ubi
2858 2058 3060 2113 citatur
3079 2059 3308 2129 epistola
3341 2061 3521 2117 sancti
3549 2060 3681 2130 Hip-

2105 2145 2272 2215 polyti
2309 2146 2375 2200 ad
2423 2156 2674 2202 sanctum
2723 2150 3039 2220 Dionysium
3083 2151 3295 2222 Cypriae
3330 2153 3679 2224 episcopum;

2103 2252 2166 2290 ex
2201 2253 2308 2306 qua
2339 2235 2580 2294 Joannes
2601 2238 2979 2297 Antiochenus
2999 2242 3220 2298 adducit
3246 2244 3426 2299 locum
3463 2245 3534 2300 ad
3557 2260 3683 2313 pro—

2106 2329 2339 2382 bandam
2388 2329 2604 2384 unicam
2638 2330 2692 2384 in
2719 2329 2938 2386 Christo
2983 2341 3236 2388 naturam
3267 2346 3390 2403 post
3420 2334 3681 2390 incarna-

2104 2419 2326 2493 tionem.
2358 2417 2557 2473 ‘Verum
2599 2419 2838 2477 Joannes
2878 2423 3252 2480 Antiochenus
3285 2441 3466 2495 parva:
3496 2427 3570 2481 ad
3603 2427 3683 2481 fa-

2103 2511 2346 2566 ciendam
2397 2511 2556 2566 tidem
2611 2514 2952 2570 auctoritatis
3003 2524 3086 2570 est
3143 2515 3266 2581 vir;
3317 2532 3417 2573 nec
3473 2516 3681 2572 desunt

2102 2611 2440 2672 argumenta,
2475 2618 2540 2658 ex
2568 2604 2770 2674 quibus
2803 2605 3059 2661 credibile
3094 2609 3171 2673 tit,
3202 2607 3379 2676 ipsum
3407 2606 3680 2662 Joannem

2104 2697 2265 2768 hujus
2313 2697 2576 2767 epistolae,
2609 2707 2772 2768 atque
2821 2698 2947 2765 loci,
2977 2700 3030 2753 in
3081 2716 3190 2770 quo
3224 2712 3409 2772 aperte
3454 2702 3684 2758 haeresis

2102 2789 2442 2861 Eutychiana
2469 2790 2804 2858 continetur,
2836 2801 3114 2848 auctorem
3163 2810 3283 2850 esse
3334 2803 3496 2865 atque
3550 2810 3683 2849 con-

2113 2885 2504 2940 sarcinatorem
2555 2884 2688 2956 (64).
2720 2884 2856 2940 Nam
2886 2899 3246 2958 prmterquam
3277 2891 3423 2959 quod
3466 2890 3682 2958 episco—

2106 2991 2208 3046 pus
2240 2974 2450 3046 Cypriae
2476 2977 2697 3032 nomine
2724 2975 3018 3048 Dionysius
3045 2979 3245 3034 saeculo
3273 2979 3448 3035 sancti
3475 2978 3684 3050 Hippo-

2102 3070 2195 3139 lyti
2223 3069 2413 3124 nullibi
2442 3069 2764 3138 reperiatur,
2782 3070 3029 3126 doctrina
3044 3073 3208 3127 etiam
3224 3087 3290 3128 ex
3314 3072 3416 3127 hac
3438 3073 3682 3142 epistoL':

2101 3162 2332 3232 allegata
2360 3161 2643 3218 sententiis
2672 3161 2837 3231 hujus
2862 3151 3038 3218 sancti
3070 3165 3326 3235 martyris
3355 3179 3385 3220 e
3410 3165 3684 3220 diametro

2098 3252 2350 3321 opposita
2400 3253 2691 3306 invenitur.
2729 3249 2830 3307 Hic
2869 3253 3016 3308 enim
3064 3253 3120 3307 in
3149 3253 3400 3324 pluribus
3449 3267 3679 3323 Operum

2097 3359 2324 3398 suorum
2353 3343 2490 3398 locis
2530 3345 2691 3415 paulo
2717 3345 2946 3402 inferius
2977 3346 3320 3418 prolerendis
3344 3347 3484 3402 duas
3518 3356 3684 3400 natu-

2097 3453 2187 3492 ras
2249 3438 2302 3491 in
2348 3434 2476 3492 Jesu
2533 3437 2753 3493 Christo
2811 3448 2936 3508 post
2988 3439 3423 3495 incarnationem
3472 3438 3684 3494 diserte

2096 3527 2364 3595 agnoscit.
2402 3527 2543 3594 Quid
2569 3529 2716 3599 quod
2748 3529 2890 3583 mala
2920 3527 3054 3584 ﬁdes
3093 3528 3322 3584 Joannis
3345 3527 3682 3584 Antiocheni

2096 3620 2386 3676 manifeste
2436 3630 2697 3691 appareat
2741 3636 2809 3676 ex
2864 3622 3056 3676 eodem
3111 3622 3251 3686 loco,
3305 3621 3432 3675 dum
3483 3619 3684 3691 allegat

2094 3712 2382 3780 quemdam
2405 3726 2470 3766 ex
2495 3711 2552 3766 S.
2573 3711 2858 3767 Athanasii
2885 3713 2950 3767 ad
2965 3711 3359 3783 imperatorem
3381 3711 3679 3767 Jovianum

2094 3803 2322 3872 epistola
2352 3805 2554 3868 locum,
2582 3803 2677 3873 qui
2707 3811 2887 3858 tamen
2919 3805 3112 3858 nullibi
3140 3805 3280 3876 apud
3303 3803 3673 3858 Athanasium

2091 3897 2362 3974 reperitur
2395 3895 2530 3967 (65).
2559 3897 2756 3951 Annon
2802 3898 2908 3953 hoc
2937 3896 3141 3953 factum
3175 3898 3426 3951 eumdem
3459 3896 3512 3949 in
3558 3895 3684 3950 aliis

2096 3987 2196 4043 SS.
2247 3989 2594 4058 antiquorum
2641 3989 2864 4046 Patrum
2899 3990 3035 4045 locis
3079 3989 3402 4059 allegandis,
3435 4002 3682 4058 quorum

2095 4164 2118 4199 α
2168 4146 2293 4198 hum
2325 4154 2377 4199 et
2418 4160 2620 4214 corpus
2654 4146 2892 4199 hominis
2925 4147 3163 4199 occurrit
3197 4146 3246 4196 in
3279 4144 3480 4197 divinis
3528 4141 3680 4195 Scri-

2099 4236 2116 4267 ι
2165 4218 2356 4284 pluris,
2405 4216 2500 4270 sed
2547 4218 2662 4286 ipse
2704 4225 2786 4268 est
2837 4228 3028 4270 natura
3091 4227 3674 4286 una,_per50na_un2.

2098 4307 2116 4338 ι
2165 4281 2505 4356 suppositum
2537 4281 2729 4346 unum,
2769 4288 3012 4354 operatio
3044 4301 3185 4346 una;
3229 4281 3467 4356 Verbum
3513 4281 3675 4356 Deus.

2097 4375 2114 4408 ι
2165 4351 2401 4410 Verbum
2457 4357 2638 4428 homo,
2677 4351 3156 4428 quemadmodum
3186 4364 3323 4428 erat:
3363 4372 3382 4404 ι
3431 4351 3668 4428 [Ninum

2095 4435 2328 4501 tractatu
2354 4427 2420 4481 de
2449 4416 2652 4501 unione
2676 4416 2927 4501 corporis
2956 4426 3158 4482 Christi
3187 4435 3238 4501 et
3271 4416 3678 4501 ejus‘divinila-

2097 4500 2167 4552 tis
2197 4496 2480 4566 proﬁtetur
2516 4515 2535 4546 ί
2573 4497 2748 4562 illum,
2789 4497 2883 4566 qui
2935 4505 3170 4554 creatus,
3208 4496 3511 4542 increatum
3549 4503 3677 4566 esse

2103 4588 2120 4620 ι
2167 4559 2262 4637 per
2298 4567 2590 4630 unionem;
2625 4577 2675 4620 et
2727 4559 2894 4637 illum
2928 4567 3226 4637 inet-eatum
3274 4574 3367 4637 per
3419 4559 3676 4612 eamdem

2101 4659 2118 4690 ‹
2168 4630 2425 4691 unionem
2485 4646 2726 4691 creatum
2782 4635 2935 4699 ﬁeri,
2985 4630 3423 4702 quandoquidem
3473 4637 3674 4682 natura

2101 4729 2118 4760 ι
2169 4724 2275 4762 una
2305 4724 2372 4761 ex
2401 4707 2615 4778 du_abus
2657 4707 2766 4762 illis
2802 4702 3314 4778 integrispartibus
3356 4709 3599 4778 constat.
3649 4717 3671 4751 ι

2097 4780 2237 4832 Idem
2266 4769 2486 4846 quoqué
2535 4777 2587 4831 in
2631 4777 2854 4846 epistola
2887 4769 2954 4828 ad
2991 4769 3306 4842 Didnysium
3350 4769 3674 4846 episcopum

2093 4849 2254 4920 Cypri
2286 4841 2366 4902 'sic
2397 4841 2473 4901 ait
2508 4865 2521 4900 :
2554 4865 2573 4898 ι
2611 4841 2750 4901 Dum
2779 4847 3104 4920 conﬁtentur
3134 4841 3358 4896 naturas
3385 4841 3544 4920 du_as,
3579 4853 3679 4920 co-

2101 4940 2116 4969 ε
2143 4908 2368 4986 'guntur
2397 4934 2564 4972 unum
2602 4920 2852 4982 adorare,
2887 4928 2940 4990 et
2973 4915 3202 4990 alterum
3245 4927 3350 4990 non
3400 4908 3674 4989 adorant;

2101 5011 2117 5040 ι
2168 4993 2219 5043 in
2279 5005 2343 5042 eo
2389 4991 2481 5058 qui
2521 4989 2740 5061 divinus
2768 4997 2870 5061 est
2917 4986 3278 5061 liaptj‘zantur.
3327 4986 3388 5060 in.
3455 4995 3522 5033 eo
3577 4986 3676 5061 qui

2101 5081 2117 5111 ι
2169 5062 2330 5112 homo
2357 5053 2441 5112 est
2501 5073 2609 5112 non
2636 5053 3000 5127 baptizantur.
3034 5053 3206 5108 Porro
3228 5067 3349 5107 cum
3377 5053 3678 5127 inunomine

2100 5152 2116 5181 ι
2165 5130 2368 5184 Christi
2403 5122 2780 5200 baptizemur,_
2810 5138 3064 5200 naturam
3113 5140 3275 5177 unam
3320 5122 3673 5200 eoniitcmur,

2100 5220 2116 5251 ι
2164 5190 2502 5254 divinitatem
2538 5190 2951 5271 impossibilem,
2982 5207 3034 5250 et
3067 5209 3266 5271 corpus
3301 5190 3675 5271 pas_s_ibile,.ut

2101 5291 2118 5322 ε
2167 5271 2470 5339 haptismus
2498 5261 2680 5324 noster
2703 5269 2850 5339 sitin
2878 5261 3009 5329 Deo,
3040 5277 3093 5320 et
3117 5261 3667 5339 in'tnortelfominin

2092 5331 2288 5395 Joann.
2338 5340 2699 5404 Antiochen.,
2746 5337 2918 5408 Epist.
2968 5337 3222 5408 synodic.
3267 5335 3334 5408 ad
3379 5331 3672 5408 lllennam,

2093 5410 2469 5534 apud_l'(3)_t(t)seb.
2506 5401 2839 5477 chaudotj,
2874 5410 2928 5463 in
2960 5401 3102 5461 Hist.
3149 5403 3441 5475 putriarch.
3490 5401 3675 5465 Alex.,

2094 5499 2215 5534 nae.
2250 5497 2282 5534 ο
2363 5522 2375 5534 .

2131 5499 2215 5535 ae.
2250 5481 2375 5535 560.

2093 5499 2496 5623 Ράῗόὸῗῖϊέηιιη
2515 5551 2678 5623 etiam
2697 5566 2762 5604 ex
2787 5547 3014 5623 epistola
3043 5545 3416 5623 ad_Jo\'ianum
3434 5541 3639 5610 impera
3655 5565 3674 5578 -

2094 5616 2269 5677 torem
2287 5616 2344 5676 in
2372 5637 2479 5693 qua
2504 5623 2636 5676 dicit
2656 5616 2990 5674 Athanasius
3017 5637 3028 5672 :
3055 5637 3071 5668 α
3103 5616 3278 5671 Unum
3308 5616 3491 5669 dicere
3514 5625 3676 5682 opor-

2093 5694 2550 5766 tet,_etcOnliteri_
2588 5702 2841 5766 naturam
2876 5706 3062 5766 unam,
3097 5699 3150 5766 et
3184 5698 3476 5766 personam
3507 5694 3673 5766 unam

2096 5761 2257 5820 Verbi
2287 5762 2576 5830 incarnati,
2602 5766 2694 5833 qui
2719 5763 2884 5818 homo
2910 5760 3106 5828 laetus,
3130 5760 3523 5815 humanitatem
3553 5764 3683 5821 per-
