3882 6548
217 516 325 573 557

1187 518 1275 574 DE
1316 520 1479 575 VITA
1525 520 1612 579 ET
1653 518 1965 574 SCRIPTIS
1998 519 2055 575 s.
2101 488 2513 576 HlPPOLYTlI

3360 518 3461 571 ass

216 642 386 698 Opera
427 628 709 699 deperdita
752 626 922 696 fuere,
964 639 1276 699 suspectum
1325 632 1551 687 reddere
1598 632 1793 687 debet?
1821 637 1866 692 Α
1893 634 1996 688 cile
2028 643 2128 687 est.
2184 632 2273 687 Sic
2313 633 2476 687 etiam
2525 630 2865 700 antiquitatis
2901 637 3252 685 monumenta
3305 631 3463 685 nobis

210 715 414 775 Iisdem
450 724 728 776 rationum
758 721 1052 776 momentis
1094 723 1331 778 convicti
1380 724 1483 779 alia
1519 725 1629 779 duo
1671 725 1790 779 loca

210 814 285 870 ab
311 813 505 869 eodem
532 814 764 869 adducta
793 814 1092 884 rejicimus.
1128 816 1347 873 Primus
1370 818 1523 873 locus
1556 833 1622 872 ex
1651 834 1790 888 quo-

211 905 339 959 dam
376 912 636 971 tractatu,
669 906 725 960 in
755 921 866 976 quo
902 905 1060 977 juxta
1096 905 1361 963 Joannem
1393 908 1789 964 Antiochenam

208 1004 441 1050 sanctus
474 993 793 1066 Hippolytus
818 1011 913 1051 eos
940 996 1311 1067 impugnabat,
1339 999 1434 1069 qui
1457 999 1528 1054 ob
1555 999 1793 1055 consub-

212 1087 629 1141 stantialitatem
660 1084 820 1141 Verbi
854 1086 1024 1142 divini
1057 1103 1182 1142 cum
1227 1087 1389 1145 Patre
1418 1104 1540 1156 suo,
1588 1099 1791 1161 myste-

210 1181 354 1231 rium
384 1176 785 1233 Incarnationis
810 1177 1210 1247 inﬁciabantur,
1244 1180 1564 1251 desumptus
1589 1191 1706 1247 est;
1739 1192 1791 1237 et

209 1267 518 1322 secundum
551 1282 619 1322 ex
660 1268 769 1323 alio
814 1283 979 1339 opere
1008 1269 1365 1341 deprompsit,
1396 1274 1538 1341 quod
1578 1273 1666 1328 ille
1714 1274 1789 1328 ei-

208 1360 332 1415 dem
360 1368 557 1415 sancto
580 1358 727 1415 Patri
757 1361 1010 1431 ascripsit
1033 1364 1134 1418 hoc
1159 1363 1262 1419 sub
1289 1364 1477 1419 titulo:
1500 1365 1577 1418 De
1600 1367 1791 1420 unione

211 1451 450 1519 corporis
481 1449 614 1505 Iesu
651 1451 851 1508 Christi
882 1469 1001 1508 cum
1038 1453 1152 1523 ejus
1193 1455 1487 1510 divinitate.
1524 1456 1642 1512 Duo
1677 1458 1791 1513 haec

210 1544 328 1598 loca
374 1543 525 1598 haud
571 1544 753 1600 minus
791 1545 1023 1599 haeresin
1072 1545 1464 1617 Eutychianam
1510 1549 1788 1615 redolent;

211 1634 337 1689 libri
363 1650 615 1705 quoque,
642 1637 785 1691 unde
806 1637 972 1707 petita
996 1651 1117 1693 esse
1142 1641 1482 1709 supponitur,
1505 1643 1603 1695 toti
1625 1643 1787 1695 etiam

217 1725 539 1796 antiquitati
595 1728 823 1782 omnino
868 1728 1038 1799 ignoti
1088 1738 1232 1785 sunt.
1290 1728 1596 1787 Notandum
1657 1749 1791 1803 prm-

209 1823 379 1883 terea,
418 1819 566 1888 quod
590 1832 653 1873 ea
679 1818 819 1885 loca,
850 1834 973 1889 quae
996 1819 1094 1875 abs
1130 1820 1340 1878 Joanne
1362 1824 1698 1879 Antiocheno
1725 1841 1789 1879 ex

213 1905 269 1959 S.
290 1905 573 1979 Hippolyti
598 1910 769 1965 nostri
792 1913 1023 1980 epistola
1047 1913 1113 1968 ad
1138 1913 1456 1986 Dionysium
1474 1918 1786 1987 episc0pum

1894 735 1979 779 sat
2016 724 2242 779 luminis
2290 740 2397 779 non
2450 723 2891 791 subministrant,
2930 738 2995 776 ex
3053 737 3162 791 quo
3213 722 3465 792 colligere

1892 826 2042 871 certo
2092 816 2323 881 liceret,
2376 824 2559 871 utrum
2617 825 2840 870 sanctus
2904 812 3225 886 Hippolytus
3282 814 3465 869 dedita

1891 918 2058 975 Opera
2094 905 2170 960 De
2200 921 2413 960 numero
2437 906 2629 975 impari
2653 905 2951 975 scripserit,
2974 906 3059 959 vel
3083 906 3465 975 perlractando

1892 999 2068 1053 solum
2099 997 2247 1051 aliud
2277 1005 2680 1067 argumentum,
2708 997 2776 1051 de
2803 997 2896 1052 illo
2921 998 3069 1052 velut
3093 1013 3188 1067 per
3216 1006 3466 1051 transen-

1892 1105 2018 1145 nam
2077 1090 2416 1146 disseruerit.
2473 1089 2604 1146 Utut
2674 1092 2765 1157 sit,
2819 1101 3042 1147 sanctus
3102 1089 3464 1161 Hieronymus

1892 1191 2138 1236 nostrum
2190 1188 2440 1237 sanctum
2496 1182 2811 1253 episcOpum
2866 1191 2921 1238 et
2977 1192 3268 1252 martyrem
3326 1181 3465 1235 inter

1893 1281 2197 1329 assertores
2247 1274 2459 1329 numeri
2512 1274 2742 1345 imparis
2786 1278 3035 1329 recenset
3083 1274 3185 1328 hoc
3234 1274 3396 1327 modo
3444 1293 3459 1329 :

1899 1381 1916 1413 ο
1938 1362 2097 1418 Nunc
2128 1365 2555 1420 enumerandum
2586 1365 2719 1419 mihi
2738 1375 2839 1429 est,
2859 1364 3463 1434 quiecclesiasticorum

1893 1455 1960 1510 de
1994 1454 2190 1524 impari
2222 1471 2454 1511 numero
2489 1454 2843 1525 disputarint,
2892 1454 3163 1517 Clemens,
3206 1452 3463 1524 Hippoly-

1892 1553 2004 1609 tus,
2036 1543 2319 1614 Origenes,
2352 1544 2670 1615 Dionysius,
2705 1543 2998 1607 Eusebius,
3041 1542 3323 1614 Didymus,
3366 1557 3465 1594 no-

1893 1645 2243 1707 strorumque
2290 1636 2697 1700 Tertullianus,
2749 1634 3075 1706 Cyprianus.
3128 1634 3441 1687 Victorinus

1895 1726 2232 1794 Lactantius,
2266 1726 2505 1783 Hilarius
2540 1726 2675 1799 (68).
2705 1747 2723 1780 ι

1959 1817 2217 1875 Leontius
2232 1819 2560 1891 Byzantinus
2572 1820 2685 1889 (69)
2698 1819 2892 1888 allegat
2908 1817 3009 1871 sub
3029 1816 3248 1870 nomine
3264 1814 3320 1868 S.
3339 1813 3466 1882 Hip-

1905 1913 2072 1985 polyti
2116 1922 2405 1967 tractatum
2459 1912 2536 1965 De
2583 1912 3025 1967 benedictionibus
3067 1909 3291 1963 Balaam
3332 1907 3465 1978 (70).

210 1998 369 2069 Cypri
435 2000 758 2069 afferuntur,
790 2002 975 2057 Grmce
1019 2014 1233 2061 exstent
1276 1981 1331 2061 in
1374 1981 1603 2077 epistola
1646 1981 1789 2063 Julia
1824 1981 1863 2037 Β
1894 1981 2092 2059 Verum
2148 2005 2235 2060 hic
2264 2013 2455 2059 auctor
2487 2006 2540 2058 in
2578 2004 2877 2059 referendis
2914 2003 3265 2075 antiquorum
3308 2001 3463 2055 testi-

210 2086 461 2144 Romano
499 2093 753 2167 pontifici.
772 2094 971 2149 tributa
1002 2098 1070 2153 ad
1116 2099 1433 2172 Dionysium
1471 2101 1790 2156 Alexandri-

212 2198 360 2245 num,
395 2184 544 2241 edita
580 2201 611 2241 a
649 2188 1007 2247 celeberrimo
1054 2190 1353 2249 Muratorio
1401 2194 1455 2248 in
1510 2178 1787 2248 Anecdotis

213 2271 433 2340 Grecis,
468 2293 594 2349 pag.
629 2280 754 2335 545.
788 2280 943 2339 Unde
979 2285 1049 2339 cl.
1076 2284 1361 2341 Fabricius
1390 2285 1503 2357 (66)
1533 2302 1641 2341 non
1672 2287 1789 2341 sine

212 2363 566 2424 fundamento
589 2372 906 2441 arbitratur,
928 2375 981 2429 in
1012 2376 1169 2443 locis,
1190 2393 1311 2447 qua:
1327 2393 1447 2449 pag.
1474 2378 1545 2433 5‘2
1586 2387 1718 2433 tom.
1746 2376 1786 2431 ll

210 2458 342 2527 Opp.
384 2458 659 2533 Hippolyti
694 2463 885 2521 Latine
904 2483 972 2522 ex
1018 2467 1082 2521 V.
1115 2470 1177 2523 (Σ.
1216 2468 1435 2524 Eusebii
1458 2468 1786 2525 Renaudotii

214 2549 457 2607 Historia
484 2557 916 2623 patriarcharum
961 2560 1443 2615 Alexandrinorum
1480 2563 1786 2633 exscripsit,

212 2659 306 2713 pro
336 2645 630 2717 Hippolyto
678 2648 916 2704 Romano
958 2652 1245 2723 legendum
1287 2669 1410 2709 esse
1453 2652 1631 2708 Julius
1680 2654 1787 2709 Ilo-

213 2753 326 2788 man
335 2754 419 2791 αδ.

211 2841 235 2914 §
267 2844 354 2899 Ill.
388 2846 674 2927 Tractatus
806 2853 1082 2927 Hippolyti
1113 2858 1176 2910 de
1196 2858 1404 2927 jejunio
1448 2855 1689 2921 Sabbati,
1727 2860 1789 2913 dc

274 2922 643 3039 finimunione
698 2922 1090 2990 Eucharisti'te,
1134 2922 1299 2982 et'de
1351 2930 1550 2999 uirgine
1598 2929 1789 2984 Corin-

336 3005 479 3039 taca-
522 3002 627 3039 etc-
1096 3028 1101 3035 .

336 3005 479 3054 taca,
522 3002 628 3047 etc.
1096 3028 1101 3035 -

274 3103 645 3180 Hieronymus
694 3112 750 3166 in
791 3115 1020 3183 epistola
1054 3115 1121 3171 ad
1159 3115 1445 3172 Lucinium
1477 3119 1590 3190 (67)
1621 3128 1789 3175 testa-

210 3205 294 3252 tur
348 3211 607 3257 sanctum
672 3204 1018 3278 Hippolytum
1084 3220 1334 3264 nostrum
1389 3211 1451 3265 de
1515 3211 1786 3278 Sabbato,

1895 2100 2093 2154 moniis
2117 2098 2257 2153 adeo
2292 2097 2529 2151 inﬁdelis
2562 2105 2666 2164 est,
2701 2106 2759 2151 ut
2782 2112 2977 2166 parum
3008 2095 3131 2150 ﬁdei
3165 2107 3469 2164 promerea-
3503 2101 3513 2121 ’·

1891 2201 2001 2245 tur.
2023 2189 2164 2244 Fieri
2195 2189 2555 2243 nihilominus
2582 2189 2778 2258 potuit,
2805 2197 2866 2242 ut
2899 2195 3121 2242 sanctus
3149 2184 3467 2255 Hippolytus

1891 2294 1990 2349 pro
2020 2280 2250 2335 materia
2277 2294 2371 2334 seu
2401 2290 2722 2349 argumento
2746 2277 2979 2347 alicujus
3010 2291 3236 2333 suorum
3273 2283 3470 2329 tracta-

1892 2382 2047 2427 tuum
2097 2388 2193 2429 seu
2237 2372 2586 2427 homiliarum
2620 2370 2777 2442 juxta
2826 2369 3273 2426 consuetudinem
3307 2383 3463 2422 suam

1892 2468 1990 2523 has
2022 2467 2427 2522 benedictiones
2454 2466 2725 2537 selegerit,
2765 2480 2829 2520 ex
2866 2465 3065 2535 quibus
3094 2454 3354 2517 Leontius
3378 2477 3463 2524 ea,

1890 2576 2011 2629 qua:
2053 2558 2328 2629 allegavit,
2365 2559 2798 2627 deprompserat.

1963 2651 2205 2719 Denique
2253 2649 2527 2704 Palladius
2578 2650 2635 2702 in
2696 2646 2941 2701 Historia
2993 2662 3092 2702 sua
3153 2644 3419 2699 Lausiaca
3450 2686 3464 2707 ,

1890 2758 2010 2813 cap.
2048 2742 2150 2796 N8
2176 2784 2190 2807 ,
2216 2757 2280 2797 ex
2312 2750 2503 2796 sancto
2541 2738 2864 2811 Hippolyto,
2899 2755 3062 2809 quem
3098 2738 3467 2809 apostolorum

1890 2842 2225 2890 coaetaneum
2274 2841 2468 2898 vocat,
2519 2831 2686 2887 refert
2738 2834 3107 2886 narrationem
3149 2831 3215 2886 de
3265 2830 3471 2898 virgine

1889 2927 2124 2997 quadam
2172 2925 2550 2990 Corinthiaca,
2602 2941 2632 2979 a
2682 2924 2867 2995 judice
2911 2924 3099 2995 gentili
3140 2924 3192 2977 in
3242 2923 3471 2992 lupanar

1891 3018 2086 3072 tradita
2122 3027 2181 3072 ut
2209 3025 2677 3086 corrumperetur,
2711 3031 2874 3085 quam
2908 3015 3293 3085 Magistrianus
3337 3017 3469 3067 ado-

1891 3109 2103 3164 lescens
2132 3107 2478 3163 Christianus
2530 3108 2798 3162 simulans
2843 3121 2903 3161 se
2952 3107 3089 3161 velle
3127 3121 3252 3160 cum
3295 3120 3358 3159 ea
3391 3106 3473 3157 iu-

1891 3210 2041 3257 caste
2076 3200 2285 3255 versari
2310 3240 2323 3264 ,
2354 3214 2386 3253 e
2433 3199 2683 3269 lupanari
2733 3199 2957 3255 mutatis
2996 3199 3268 3265 vestibus,
3306 3208 3359 3252 et
3404 3198 3476 3252 ab

206 3296 384 3341 utrum
424 3290 781 3360 jejunandum
825 3297 916 3363 sit,
950 3308 1000 3351 et
1030 3298 1095 3353 de
1126 3298 1489 3367 Eucharistia,
1530 3320 1598 3357 an
1647 3306 1789 3357 acci-
1815 3319 1857 3378 ρ
1890 3295 2041 3349 omni
2067 3294 2417 3363 corruptione
2443 3292 2531 3361 pia
2562 3291 2752 3345 fraude
2787 3290 3057 3357 liberavit,
3088 3290 3337 3360 sequenti
3371 3304 3472 3343 au-

205 3379 394 3447 piaida
430 3385 691 3453 quotidie,
739 3386 1105 3446 disertissime
1149 3393 1460 3463 scripsisse.
1493 3392 1551 3447 In
1598 3396 1788 3452 codice

208 3486 336 3528 mss.
385 3473 580 3531 Graeco
625 3479 729 3533 195
776 3480 1122 3539 bibliothecae
1168 3484 1520 3541 Coislinianze
1550 3486 1787 3543 refertur

209 3562 571 3636 fragmentum
605 3570 663 3626 S.
698 3571 972 3647 Hippolyti
1008 3588 1192 3633 contra
1233 3581 1403 3649 fatum
1445 3591 1583 3637 teste
1611 3581 1789 3637 Mont-

208 3654 462 3714 laueonio
493 3676 618 3731 pag.
648 3662 776 3718 245.
816 3664 1011 3721 Verum
1037 3678 1219 3723 utrum
1247 3679 1471 3726 sanctus
1501 3672 1788 3743 episcopus

208 3750 470 3839 speciales
494 3754 781 3821 {tractatus
822 3757 965 3839 circa
1000 3760 1090 3815 illa
1130 3761 1432 3832 disciplina:
1475 3772 1700 3833 puncta,
1734 3773 1787 3818 et

208 3836 270 3893 de
314 3840 428 3898 fato
458 3836 863 3915 composuerit,
880 3852 963 3905 vel
1006 3852 1062 3906 in
1094 3854 1216 3909 aliis
1268 3855 1382 3909 suis
1415 3855 1691 3924 operibus,
1727 3871 1779 3908 γ.

210 3943 326 3997 gr.,
377 3932 431 3986 in
484 3941 718 3991 tractatu
769 3939 845 3993 Dc
893 3942 1180 3997 traditione
1238 3944 1619 4013 apostolorum,
1669 3945 1786 4001 lucc

213 4021 467 4082 duntaxat
487 4032 896 4099 perstrinxerit,
940 4036 1298 4093 determinatu
1331 4038 1623 4093 admodum
1648 4039 1784 4093 diffi-

1819 4203 1884 4219 ια’·

1897 3398 2001 3442 tem
2034 3385 2123 3441 die
2168 3400 2227 3440 re
2258 3385 2475 3455 cognita
2524 3384 2591 3439 ad
2641 3383 2844 3439 bestias
2878 3399 2907 3436 a
2950 3382 3136 3452 judice
3182 3381 3476 3435 damnatus

1894 3478 2279 3550 Magistrianus
2309 3476 2572 3547 martyrio
2601 3483 2898 3529 coronatus
2936 3473 3058 3527 fuit.
3093 3472 3338 3527 Meminit
3368 3473 3472 3525 hu-

1890 3573 1982 3641 jus
2015 3570 2244 3640 virginis
2282 3579 2335 3624 et
2384 3565 2725 3638 Nicephorus
2761 3565 2830 3621 Η.
2864 3564 2931 3619 Ε.
2962 3566 3057 3619 lib.
3086 3582 3191 3629 vn,
3226 3580 3346 3634 cap.
3386 3563 3473 3628 1⁸5,

1896 3662 1990 3718 sed
2022 3663 2245 3733 paucis;
2286 3676 2464 3731 neque
2489 3659 2703 3730 uspiam
2748 3673 2869 3712 eam
2914 3657 3320 3712 Corinthiacam
3353 3672 3475 3710 esse

1895 3757 2142 3822 dictitat;
2187 3755 2470 3809 historiam
2521 3754 2662 3808 idem
2696 3754 2764 3807 de
2794 3751 3148 3824 lllagistriano
3195 3750 3475 3820 persequi-

1893 3858 1984 3904 tur
2015 3848 2155 3903 idem
2190 3845 2564 3916 Nicephorus:
2604 3859 2895 3915 utramque
2920 3846 3296 3899 narrationem
3330 3842 3475 3911 apud

1893 3943 2202 3999 Fabricium
2242 3944 2355 4014 (71)
2396 3953 2450 3999 et
2489 3942 2834 4000 Gallandium
2883 3938 2995 4010 (7‘2)
3045 3938 3364 4008 impressam
3400 3934 3477 3988 ιυο

1894 4052 2019 4108 gere
2048 4037 2272 4108 poteris.

1516 4336 1901 4427 LAPUT
1981 4337 2148 4429 IV.

964 4510 1098 4571 tDE
1157 4511 1544 4575 OPERIBUS
1597 4516 1657 4577 S.
1712 4516 2180 4579 HIPPOLYTO
2234 4513 2708 4577 SUPPOSITIS.

753 4628 1150 4686 ARTICULUS
1188 4631 1227 4686 l.

221 4752 279 4792 DE
314 4754 485 4794 OPERE
526 4756 573 4793 S.
614 4756 908 4800 HiPPOLYTO
947 4760 1113 4799 FALSO
1170 4761 1429 4801 ASCRII’TO
1483 4769 1500 4798 l
1542 4765 1607 4802 DE
1662 4764 1790 4804 CON-

290 4825 639 4864 SUIXATIONE
681 4828 881 4876 MUNDJ,
925 4831 991 4868 DE
1031 4831 1423 4885 ANTICHHISTO,
1475 4836 1540 4875 AC
1587 4836 1652 4874 DE
1704 4837 1791 4874 SE-

280 4894 447 4936 CUNDO
486 4898 704 4936 CHRISTI
747 4899 1015 4939 ADVENTU.
1056 4905 1074 4938 ι

282 4989 373 5045 Hic
401 4993 665 5047 nolumus
692 5006 933 5063 repetere
953 5037 967 5062 ,
1003 5012 1125 5065 qua:
1165 4998 1326 5067 paulo
1358 5014 1522 5068 supra
1551 4999 1618 5054 de
1652 5000 1791 5055 duo-

222 5188 401 5264 lectam
450 5209 552 5262 pro
596 5194 757 5248 nobis
785 5196 1107 5264 assumpsit;
1133 5196 1225 5263 qui
1256 5204 1444 5252 contra
1491 5200 1707 5261 sentiet,
1739 5200 1783 5255 is

221 5271 293 5341 est
322 5261 412 5317 Dei
445 5261 723 5341 inimicus,
775 5272 828 5321 et
882 5261 1088 5341 sanctis
1135 5261 1716 5341 Patriliusrirepugnat.
1757 5291 1774 5321 ι

222 5329 840 5407 Joannes_Anti_ochenus
875 5336 1184 5407 ubisupra,
1215 5353 1338 5407 pag.
1370 5339 1494 5394 559.

286 5403 390 5525 (626)
432 5403 675 5470 Fabric.,
703 5406 837 5474 Opp.
874 5404 931 5460 S.
976 5403 1268 5480 Hippolyti,
1289 5403 1434 5463 'tom.
1472 5407 1536 5477 ll,
1560 5407 1777 5466 Prazfat.

227 5486 409 5665 ν’
442 5542 759 5615 Hieronym.
789 5586 804 5611 ,
849 5547 1009 5615 epist.
1061 5548 1127 5603 ad
1174 5547 1460 5604 Lacinium
1512 5551 1647 5606 alias
1689 5551 1782 5614 28,

230 5626 357 5665 nunc
416 5616 439 5665 1
472 5616 607 5665 edit.
638 5614 829 5665 Venet.
860 5618 1015 5665 in-A°-
1041 5630 1173 5665 tnm-
1205 5621 1243 5665 l-
1271 5636 1392 5665 nae-
1416 5620 1697 5665 A3Annm-
1728 5622 1779 5665 6-

230 5614 439 5689 nune"?!
472 5616 607 5689 edit.
638 5614 829 5689 V_enet.
860 5614 1016 5689 iii—4°,
1041 5630 1174 5674 tom.
1202 5621 1244 5683 Ι,
1271 5636 1392 5689 pag.
1416 5620 1699 5682 lintrium.
1728 5622 1783 5685 6,

232 5684 309 5759 ubi
338 5685 411 5762 sic
434 5688 511 5738 ait
554 5705 628 5762 :_¢
670 5686 746 5741 De
782 5688 1022 5762 sabbato
1043 5691 1201 5762 quod
1237 5684 1458 5759 quairis,
1494 5702 1673 5746 utrum
1704 5684 1786 5762 jcé

231 5755 511 5835 innantium
557 5758 670 5835 sit;
702 5766 755 5835 et
811 5759 877 5812 de
926 5755 1290 5835 Eucharistia,
1346 5755 1787 5835 annaccipieiida

234 5826 471 5889 quotidie,
518 5830 665 5901 quod
712 5826 957 5882 Romana
1006 5830 1249 5885 Ecclesia
1294 5840 1347 5886 et
1391 5826 1661 5901 Hispania!
1691 5834 1788 5886 ob-

238 5906 431 5975 servare
463 5898 837 5975 perhibentur,
872 5903 1090 5971 scripsit
1123 5903 1337 5971 quidem
1377 5913 1432 5958 et
1466 5898 1787 5975 Hippolytus

241 5963 311 6015 Vir
329 5963 734 6023 disertissimus.
777 5988 794 6020 ι

1900 4637 2003 4692 bus
2034 4634 2381 4699 tractatibus,
2412 4641 2467 4688 et
2495 4631 2563 4686 de
2595 4631 2824 4700 epistola
2852 4626 2954 4683 sub
2986 4625 3207 4679 nomine
3248 4623 3306 4678 S.
3349 4620 3453 4691 ΙΙιρ

1900 4728 2067 4799 polyti
2115 4742 2143 4781 a
2188 4726 2397 4781 Joanne
2448 4722 2790 4777 Antiocheno
2824 4719 3050 4788 allegata
3081 4714 3474 4777 disseruimus;

1899 4819 1993 4875 sed
2026 4817 2196 4875 crisin
2229 4830 2457 4887 operum
2489 4813 2662 4868 eidem
2701 4808 3108 4879 suppositorum
3140 4802 3285 4857 illico
3319 4801 3387 4853 ab
3412 4816 3478 4854 eo

1898 4926 2059 4982 opere
2085 4910 2432 4973 inchoamus,
2459 4905 2618 4975 cujus
2654 4902 2842 4957 titulus
2870 4916 2882 4949 :
2924 4899 2998 4953 De
3029 4894 3478 4951 consummatione

1899 5003 2104 5067 mundi,
2123 5001 2187 5054 de
2208 4999 2557 5062 Antia/crista,
2583 5004 2631 5050 et
2656 4994 2718 5048 de
2741 4990 2967 5047 secunda
2992 4988 3193 5044 Christi
3227 4985 3474 5039 adventu.

1965 5196 2084 5270 (68),
2112 5196 2452 5270 Hieronym._,
2485 5193 2653 5270 epist.
2695 5190 2764 5244 48
2792 5190 2929 5270 edit.
2955 5186 3169 5247 Venet.,
3204 5200 3355 5270 n‘um:

1891 5253 2014 5339 pag.
2060 5253 2362 5339 22252,7alia's
2390 5253 2478 5328 50,
2520 5253 2594 5339 ad
2619 5260 3051 5339 Pammachium,
3090 5271 3184 5310 seu
3219 5253 3476 5323 Apologe-

1890 5332 2025 5393 licus
2052 5355 2144 5406 pro
2170 5337 2319 5390 libris
2349 5346 2532 5406 contra
2561 5332 2962 5406 .[oz'iniu‘nunt_.__
3216 5391 3279 5406 η,
3392 5393 3425 5406 μ

1963 5391 2076 5480 (69)
2117 5407 2309 5480 Leont.
2344 5405 2522 5480 _By2...
2557 5403 2840 5480 Biblioth.‘
2870 5399 2986 5454 PP.
3032 5408 3164 5480 tom.
3216 5391 3307 5480 IX",

1893 5464 2137 5549 Lu‘gtlfp.
2162 5477 2302 5544 682;
2333 5464 2520 5549 Canis.
2547 5474 2698 5549 Lact.
2728 5473 3088 5549 ᾳηιξσηηιᾳῐη.
3107 5466 3148 5549 l_,
3167 5466 3318 5549 praei":
3342 5481 3392 5549 με
3421 5464 3475 5517 9.

1966 5535 2437 5621 (ὴθγςτῳοίιημεβ.
2460 5547 2513 5599 in
2539 5544 2777 5599 biblioth.
2812 5535 3018 5597 B'odlei.
3048 5535 3209 5593 habet
3239 5554 3257 5587 ‹
3279 5535 3354 5588 De
3382 5535 3479 5587 be-

1900 5618 2303 5674 nedictionibus
2339 5618 2597 5672 Abraam.
2641 5636 2659 5668 ι

1970 5691 2080 5759 (Ἠ)
2120 5690 2336 5744 Fabric.
2360 5730 2374 5756 ,
2402 5686 2540 5759 Opp.
2573 5687 2632 5742 S.
2663 5684 2934 5756 Hippolyt.
2969 5691 3100 5737 tom.
3130 5679 3185 5745 l,
3214 5693 3339 5749 pag.
3371 5674 3483 5731 283

1893 5772 1943 5816 στι
1974 5762 2099 5814 ⁸284.

1967 5833 2081 5902 (72)
2123 5831 2401 5896 Galland.,
2441 5825 2693 5883 Biblioth.
2725 5824 2835 5880 PP.
2867 5833 2980 5879 tom
3039 5820 3103 5888 ll,
3132 5835 3256 5891 pag.
3290 5817 3396 5874 515
3424 5822 3479 5869 ct

1892 5904 2015 5958 5M.
