3882 6550
365 461 472 519 33-9

1344 463 1430 520 DE
1473 461 1631 521 VITA
1665 463 1752 518 ET
1797 459 2107 520 SCRIPTIS
2144 457 2200 513 S.
2249 457 2632 513 HIPPOLYTI.

3503 456 3613 511 541)

367 571 527 630 Iiunc
559 579 847 628 tractatum
887 574 989 630 sub
1023 576 1242 630 nomine
1270 575 1540 648 Hippolyti
1574 576 1808 630 Joannes
1849 573 1942 626 Pi-
1971 580 2014 635 Α
2046 587 2161 624 nem
2205 570 2316 640 fore
2362 569 2594 622 humana
2631 569 2802 638 figura
2849 568 3130 631 prwdiium
3171 568 3424 636 afﬁrmat,
3457 583 3616 638 quem

367 677 469 720 cus
503 661 615 735 (7'5)
651 667 862 735 primus
896 665 1080 721 Graece
1109 684 1173 722 ac
1209 666 1402 722 Latine
1429 667 1655 722 Parisiis
1689 665 1940 720 no.1557

367 757 422 810 in
469 758 646 810 lucem
695 751 844 812 dedit
887 774 1010 811 cum
1059 758 1286 828 praefato
1329 760 1520 825 titulo,
1556 759 1647 828 qui
1681 758 1734 810 in
1768 759 1942 825 capite

366 862 501 902 mss.
535 843 706 902 Grznci
739 847 1010 916 Vcnetiis,
1058 852 1202 906 unde
1232 853 1299 906 cl.
1334 853 1510 907 editor
1535 852 1748 920 copiam
1784 867 1940 906 acce-

363 931 476 1002 pit,
523 947 718 993 exstat.
773 938 1014 996 lnsertus
1059 953 1142 998 est
1173 945 1520 1012 postmodum
1557 944 1646 998 hic
1679 953 1941 998 tractatus

365 1026 709 1084 Bibliotheca:
737 1032 957 1086 Patrum
987 1033 1315 1091 Parisiensis
1340 1037 1656 1106 posterioris
1684 1035 1941 1091 editionis

366 1133 515 1174 tomo
543 1121 661 1176 ΧΠ.
689 1124 900 1182 Recusa
934 1127 1096 1180 etiam
1131 1127 1242 1183 Pici
1270 1129 1448 1184 versin
1477 1128 1668 1182 Latina
1701 1129 1940 1184 Colonia:

369 1211 526 1278 1565,
553 1215 696 1282 in-8,
730 1219 868 1286 apud
893 1219 1193 1274 Maternum
1218 1221 1530 1286 Cholinum,
1557 1231 1610 1274 et
1639 1221 1704 1276 ad
1737 1221 1938 1275 calcem

361 1303 560 1360 Justini
593 1307 664 1362 Μ.
699 1309 870 1364 Paris.
923 1311 1082 1366 1575.
1131 1309 1194 1366 Et
1229 1313 1282 1366 iu
1315 1312 1666 1368 Bibliothccis
1717 1311 1939 1366 Patrum

362 1400 739 1472 rtijuscunque
771 1404 1030 1458 editionis
1059 1404 1204 1475 (71s);
1253 1405 1414 1458 etiam
1449 1405 1633 1459 Grzcce
1660 1420 1724 1458 ac
1753 1403 1941 1458 Latine

363 1490 418 1543 in
462 1491 758 1546 Auctuario
805 1495 1153 1548 Bibliotheca:
1187 1494 1410 1548 Patrum
1464 1493 1732 1549 Ducaeano
1763 1493 1938 1548 Paris.

362 1579 538 1647 162i,
571 1591 703 1638 tom.
748 1583 810 1638 Il.
854 1586 1056 1639 Gallice
1104 1585 1491 1655 interpretatus
1537 1584 1640 1640 fuit
1686 1584 1940 1640 Nicolaus

363 1673 412 1726 le
445 1672 621 1738 Clerc,
647 1673 872 1732 Parisiis
925 1678 1061 1732 1566
1091 1690 1145 1732 et
1177 1679 1331 1733 1579.
1373 1679 1451 1732 Ad
1487 1680 1687 1734 calcem
1709 1680 1941 1748 'insupcr

363 1767 498 1821 tomi
529 1769 546 1821 1
583 1768 820 1838 Operum
869 1771 1040 1824 sancti
1087 1771 1259 1825 nostri
1305 1786 1333 1824 a
1379 1769 1632 1826 Fabricio
1669 1773 1939 1826 editorum

362 1857 504 1912 idem
559 1868 824 1914 tractatus
876 1861 1175 1932 impressus
1227 1863 1420 1932 legitur
1469 1863 1604 1934 (75).
1672 1861 1940 1918 Observat

2045 671 2228 712 contra
2261 659 2462 713 Paulus
2488 669 2635 712 vocat
2666 657 2925 712 hominem
2953 659 3176 728 peccati.
3211 657 3494 720 Joannem,
3522 657 3618 726 qui

2045 754 2236 806 librum
2269 752 2669 822 Apocalypseos
2703 751 2949 820 scripsit,
2995 767 3109 802 cum
3147 747 3272 802 Elia
3313 759 3360 803 et
3397 747 3619 803 Enocho

2044 847 2213 898 denuo
2242 845 2534 912 affuturum
2561 843 2712 914 ﬁngit
2735 885 2749 908 ,
2781 855 2836 896 ut
2881 839 3262 896 Antirhristum
3307 839 3617 910 redarguat,

2051 959 2068 992 ι
2097 941 2182 994 cui
2205 941 2506 1002 sententia),
2543 935 2618 992 ait
2653 939 2962 991 Posset-inus
2985 977 3000 997 ,
3038 951 3140 989 non
3174 947 3249 990 est
3283 935 3622 1006 acquiescan-

2042 1034 2234 1086 dum.)
2287 1031 2510 1086 Joannis
2557 1031 2936 1102 Apocalypsin]
2989 1031 3170 1084 inscite
3230 1045 3325 1098 pro
3383 1027 3622 1080 Daniele

2042 1130 2282 1191 usurpat.
2339 1121 2556 1175 Animas
2601 1123 2869 1174 hominum
2925 1139 2956 1173 a
3006 1121 3212 1174 swculis
3259 1121 3423 1188 fuisse
3477 1121 3625 1188 affir-

2043 1224 2190 1280 mat,
2222 1217 2360 1286 quod
2405 1216 2507 1284 fuit
2559 1215 2982 1284 Origeuistarum
3030 1213 3330 1282 ﬁgmentum
3357 1227 3376 1265 :
3407 1207 3624 1282 aliaque

2041 1317 2165 1360 sunt
2228 1308 2340 1376 ejus
2411 1303 2595 1360 crebra
2661 1307 2926 1360 insomnia
2983 1317 3137 1376 atque
3212 1304 3402 1358 deliria
3465 1302 3622 1373 (80),

2041 1399 2227 1469 quibus
2262 1399 2527 1468 perpensis
2581 1416 2683 1452 non
2727 1415 3002 1468 possumus
3051 1397 3284 1458 adduci,
3338 1405 3396 1448 ut
3434 1393 3628 1448 creda-

2043 1508 2157 1544 mus
2195 1491 2430 1544 libellum
2477 1493 2613 1544 hunc
2653 1509 2762 1545 esse
2794 1492 2976 1546 veteris
3019 1490 3166 1542 illius
3201 1489 3470 1560 episcopi,
3511 1491 3624 1542 etc.

2042 1581 2316 1637 llactenus
2351 1582 2594 1638 Rivetus.
2641 1582 2804 1638 Ellies
2857 1582 3030 1651 Dupin
3063 1581 3254 1636 llivcto
3295 1581 3630 1650 suffragatus

2043 1673 2232 1728 iisdem
2263 1673 2374 1730 fere
2401 1675 2707 1728 rationibus
2737 1675 2907 1728 utitur
2936 1674 3071 1742 (81).
3110 1673 3214 1727 Sed
3249 1680 3302 1726 et
3330 1689 3358 1726 ιι
3389 1672 3630 1726 Combe-

2042 1765 2163 1820 tisio
2199 1766 2545 1822 observatum
2585 1777 2670 1824 est
2705 1768 2756 1821 in
2808 1766 3011 1822 Catena
3057 1765 3281 1820 Patrum
3321 1766 3512 1820 Grmca
3557 1764 3630 1820 ad

2042 1857 2327 1914 .Ieremiam
2382 1860 2545 1914 verba
2595 1859 2838 1930 quaedam
2893 1875 2960 1912 ex
3025 1857 3315 1929 Hippolyto
3365 1853 3626 1927 allegari,

362 1946 716 2002 doctissimus
743 1948 1122 2004 Tillemontius
1153 1953 1263 2022 (76)
1295 1953 1476 2021 plures
1511 1954 1658 2006 viros
1691 1954 1937 2008 eruditos
1974 1950 2013 2003 Β
2045 1966 2168 2019 quae
2208 1952 2262 2004 in
2293 1951 2543 2006 Gudiano
2573 1950 2894 2022 Hippolyto,
2923 1966 3033 2004 non
3065 1961 3246 2004 autem
3277 1949 3332 2002 in
3369 1948 3474 2002 hoc
3507 1946 3632 2000 Pici

362 2039 431 2092 ah
481 2037 636 2094 initio
681 2042 826 2096 hunc
872 2042 1113 2098 libellum
1161 2047 1304 2100 velut
1347 2046 1641 2115 genuinum
1676 2045 1938 2115 scriptum

363 2127 632 2199 recepisse
679 2127 948 2203 (77),.qui
983 2143 1159 2188 tamen
1197 2135 1299 2190 sibi
1356 2135 1624 2204 imperare
1682 2152 1791 2190 non
1843 2153 1940 2206 pos

362 2231 532 2286 tuere,
556 2225 849 2293 quominus
884 2227 1333 2294 condemnarent,
1365 2229 1508 2297 quod
1541 2229 1593 2282 in
1625 2243 1689 2283 co
1723 2229 1938 2300 legitur,

359 2311 618 2368 Joannem
644 2319 1032 2387 evangelistam
1057 2319 1287 2374 necdum
1320 2335 1442 2375 esse
1469 2329 1768 2386 mortuum,
1794 2319 1942 2390 quod

363 2401 554 2461 re‘vcra
585 2408 748 2462 etiam
782 2426 974 2479 parum
1004 2412 1229 2481 dignum
1265 2427 1388 2466 esse
1414 2412 1630 2466 videtur
1663 2420 1814 2466 tanto
1845 2412 1943 2468 do-

360 2504 509 2552 ctore
559 2497 847 2566 Ecclesiae,
893 2511 1118 2571 tamque
1153 2502 1388 2565 celebri,
1423 2501 1518 2571 qui
1549 2502 1708 2556 tertio
1743 2501 1942 2556 szeculo

359 2591 515 2655 vixit,
538 2600 702 2662 atque
731 2593 784 2646 in
819 2594 1054 2662 genuino
1082 2594 1220 2648 libro
1257 2594 1335 2647 De
1363 2593 1692 2647 Antichristo
1720 2602 1944 2648 contra-

361 2683 502 2736 rium
533 2684 694 2738 etiam
729 2685 930 2739 diserte
971 2696 1204 2740 testatus
1239 2697 1322 2741 cst
1357 2686 1505 2756 (78);
1535 2696 1863 2757 quapropter
1890 2695 1944 2742 et

359 2777 547 2842 prius,
598 2793 762 2846 quam
815 2794 980 2834 verus
1033 2780 1121 2834 ille
1167 2779 1245 2832 De
1297 2778 1626 2832 Autichristo
1679 2787 1944 2834 tractatus

360 2867 554 2922 fuisset
585 2877 851 2938 repertus,
879 2886 987 2924 non
1017 2871 1176 2942 paupi
1205 2887 1328 2924 eum
1355 2881 1615 2940 tauquam
1653 2869 1850 2926 falsum
1881 2886 1945 2925 ac

362 2955 700 3014 subdititium
727 2961 1065 3030 rejecerunt,
1101 2979 1166 3018 ac
1193 2963 1354 3032 longe
1381 2963 1621 3033 junioris
1660 2963 1946 3032 scriptoris

363 3051 513 3104 illum
555 3067 676 3108 esse
703 3063 1050 3122 putaverunt.
1085 3057 1234 3108 lnter
1281 3055 1382 3110 hos
1411 3070 1605 3126 agmen
1638 3053 1789 3110 ducit
1830 3047 1945 3108 An-

361 3145 522 3198 dreas
547 3142 775 3200 Rivetus
812 3145 924 3218 (79)
955 3147 1048 3216 qui
1093 3147 1166 3200 ita
1207 3147 1273 3202 de
1316 3147 1421 3202 hoc
1467 3149 1650 3204 libcllo
1676 3147 1890 3216 judicat
1928 3164 1941 3198 :

362 3227 603 3304 Exiguus
632 3235 860 3304 libellus,
883 3239 1043 3304 pretii
1073 3255 1198 3308 pene
1228 3238 1450 3304 nullius,
1478 3255 1569 3292 nec
1593 3239 1716 3308 ﬁdei
1737 3237 1945 3308 quidem

361 3327 605 3396 majoris.
650 3329 936 3384 Auctorem
985 3331 1150 3400 fuisse
1202 3332 1538 3386 illitteratum
1595 3340 1750 3401 atque
1791 3330 1946 3384 indo-
1974 3315 2018 3376 (ἶ

361 3425 504 3472 etum
529 3461 544 3485 ,
591 3436 710 3473 cum
761 3437 825 3474 ea:
874 3422 984 3490 ipso
1023 3421 1222 3477 (ἐι-(τετυ
1273 3423 1520 3476 dictionis
1555 3438 1770 3493 genere,
1804 3420 1943 3492 quod

361 3509 664 3580 plerumque
713 3514 916 3582 puerile
961 3524 1070 3578 est,
1128 3525 1236 3568 tum
1292 3531 1357 3568 ex
1405 3517 1480 3569 rei
1524 3517 1744 3570 veritate
1792 3525 1945 3586 atque

361 3602 583 3666 pondere
609 3614 846 3672 apparet.
881 3605 1123 3658 Primam
1153 3608 1279 3660 libri
1314 3609 1628 3662 sententiam
1664 3608 1946 3662 exorditur

362 3689 426 3743 ab
453 3693 620 3758 enim,
651 3695 777 3764 γάρ,
803 3695 941 3766 quod
966 3712 1025 3748 ne
1053 3712 1177 3764 puer
1198 3697 1405 3766 quidem
1434 3698 1487 3750 in
1517 3697 1696 3750 schola
1726 3687 1940 3766 faceret.

364 3781 566 3836 Multas
599 3785 751 3838 habet
778 3785 842 3838 de
877 3785 1146 3840 natalibus
1180 3797 1227 3839 et
1257 3788 1365 3840 vita
1411 3788 1730 3842 Antichristi
1762 3789 1944 3842 inanes

363 3877 717 3948 conjecturas.
747 3877 1136 3931 Antichristum
1169 3895 1272 3931 non
1305 3879 1590 3945 hominem,
1625 3879 1715 3932 sed
1745 3879 1944 3933 dtemo-

437 4031 550 4100 (7'5)
588 4029 714 4085 Fuit
738 4031 784 4085 is
823 4031 1082 4086 classium
1116 4033 1587 4101 inrpiisitoriarum
1619 4033 1947 4092 Parisiensis

363 4105 856 4173 senatusprimum
895 4105 1216 4170 praui-ctus,
1248 4114 1433 4173 postea
1461 4107 1762 4160 canonicos
1795 4105 1948 4160 Pari-

364 4173 585 4246 siensis.
604 4171 810 4246 Nomen
839 4173 958 4246 ejus
981 4173 1230 4228 Latinum
1249 4171 1338 4228 est
1358 4173 1550 4246 Picus,
1575 4176 1718 4246 quod
1745 4175 1948 4232 Gallice

363 4243 585 4311 quidam
616 4243 814 4315 eruditi
843 4245 1198 4315 designarunt
1227 4262 1322 4314 per
1347 4245 1460 4300 Pic.
1491 4243 1646 4300 Unde
1669 4247 1737 4300 cl.
1769 4247 1946 4315 Dupin

351 4328 593 4378 prronee
635 4313 823 4366 Picum
857 4312 1296 4368 Miramlulanum
1334 4317 1597 4371 editorem
1651 4312 1947 4372 arbitratus

365 4393 468 4455 est,
491 4383 744 4437 Biblioth.
780 4394 985 4436 auctor.
1017 4393 1154 4455 tom.
1195 4387 1240 4448 Ι,
1275 4401 1395 4455 pag.
1421 4387 1523 4440 177
1573 4387 1719 4450 Lat.,
1751 4387 1944 4442 Colon.

367 4453 472 4526 Sed
511 4469 696 4526 verum
728 4455 847 4521 ejus
879 4467 1076 4526 nomen
1125 4453 1391 4510 Gallicum
1424 4465 1508 4510 est
1537 4455 1721 4520 Picot,
1750 4473 1946 4526 quem-

365 4523 660 4578 admodum
709 4526 940 4579 habctur
987 4525 1042 4576 in
1094 4527 1372 4596 privilegio
1423 4541 1519 4596 pro
1569 4523 1948 4596 inipriniendis

365 4597 490 4662 ejus
519 4596 800 4663 operibus.

2047 2041 2412 2112 reperiuntur.
2461 2043 2661 2120 Eodem
2706 2042 3034 2098 Combelisio
3076 2042 3257 2112 judice
3288 2040 3398 2110 (82)
3451 2039 3629 2108 illud,

2046 2133 2192 2202 quod
2221 2129 2490 2204 Hippolyti
2521 2133 2740 2188 nomine
2777 2148 2915 2203 opus
2957 2132 3033 2186 De
3063 2133 3390 2186 Antichristo
3433 2132 3630 2186 haue-

2047 2241 2151 2280 nus
2179 2225 2390 2294 pluteos
2436 2234 2792 2290 oneraverat,
2842 2225 3114 2295 sequioris
3159 2223 3382 2279 Graeciaa
3431 2240 3634 2278 monu-

2048 2331 2290 2373 mentum
2322 2327 2440 2385 est,
2473 2334 2536 2374 ac
2563 2320 2722 2389 plane
2751 2320 3106 2373 stramincum
3133 2358 3150 2382 ,
3177 2317 3313 2372 nihil
3337 2318 3436 2372 aevi
3475 2318 3634 2372 illius

2049 2409 2412 2466 sinceritatem
2441 2411 2724 2477 redolens,
2769 2420 2864 2465 aut
2893 2425 3084 2464 venam
3116 2410 3298 2480 magni
3335 2425 3460 2464 cum
3491 2411 3634 2464 sim-

2050 2498 2287 2572 plicitate
2321 2503 2595 2572 theologi,
2649 2503 2889 2572 satisque
2935 2502 2988 2556 in
3043 2501 3339 2570 Scripturis
3384 2501 3629 2566 versati;

2050 2597 2207 2666 cujus
2234 2612 2430 2666 parens
2457 2612 2520 2652 eo
2565 2597 2684 2666 ipso
2730 2611 3027 2666 persuasus
3067 2595 3261 2660 fuerit,
3307 2595 3454 2665 quod
3484 2597 3632 2651 scri-

2049 2689 2226 2759 psisse
2268 2688 2615 2759 Hippolytum
2670 2689 2742 2742 De
2791 2690 3120 2744 Antichristo
3174 2689 3314 2757 apud
3367 2688 3634 2757 antiquos

2050 2781 2422 2850 pervulgatum
2449 2782 2537 2835 sit.
2563 2780 2758 2835 Mirum
2785 2781 3031 2850 profecto
3048 2781 3213 2850 quod,
3245 2789 3324 2834 tot
3351 2781 3636 2850 tantisque

2052 2884 2240 2928 contra
2265 2875 2603 2928 authontiam
2637 2875 2800 2944 hujus
2826 2875 3014 2944 scripti
3048 2874 3318 2929 stantibus
3349 2874 3634 2930 rationum

2053 2968 2367 3030 momentis,
2395 2957 2524 3020 illud
2562 2979 2737 3021 tamen
2771 2975 2834 3020 ut
2865 2967 3237 3022 authenticum
3269 2966 3328 3020 S.
3353 2965 3634 3037 Hippolyti

2053 3071 2190 3126 opus
2259 3055 2547 3126 perdoctus
2613 3055 2820 3113 Natalis
2865 3057 3172 3112 Alexander
3223 3055 3518 3112 defendere
3567 3069 3636 3112 ac

2055 3149 2200 3204 tueri
2231 3157 2461 3204 conatus
2495 3147 2660 3206 fuerit
2691 3149 2824 3220 (85).

2583 3302 2978 3360 ARTICULUS
3024 3303 3088 3359 ll.

2048 3459 2116 3498 DE
2151 3458 2533 3498 ΩΟΜΜΕΝΤΛΙΠΟ
2575 3462 2592 3492 ι
2627 3459 2678 3496 IN
2709 3457 3094 3505 APOCALYPSIN,
3125 3458 3143 3490 ι
3185 3453 3478 3493 τΒΛΕτᾹτῦ
3513 3455 3532 3487 ι
3565 3454 3633 3492 DE

2115 3530 2382 3569 DUODECIM
2418 3529 2726 3576 APOSTOLIS,
2759 3535 2772 3562 Ι
2811 3529 2880 3566 ET
2925 3529 3050 3566 ALIO
3088 3529 3105 3560 ι
3136 3527 3202 3564 DF.
3245 3527 3346 3562 LXX
3391 3524 3634 3562 DISCIPU-

2117 3602 2222 3652 LIS,
2255 3605 2272 3634 )
2311 3599 2511 3640 SANCTO
2541 3599 2835 3638 lllPPOLYTO
2867 3597 3072 3636 NOSTRO
3107 3597 3271 3635 FALSO
3301 3593 3597 3634 ASCRIPTIS.

2085 3683 2117 3800 ξ
2142 3727 2182 3782 1.
2224 3728 2302 3782 De
2333 3727 2712 3782 commentario
2741 3727 2794 3778 in
2819 3719 3174 3800 Apocalypsin
3201 3721 3340 3792 falso
3367 3719 3429 3776 S.
3463 3719 3602 3790 Ilip-

2620 3800 2800 3866 polyto
2833 3795 3047 3850 tributo.

2125 3883 2310 3942 Sixtus
2347 3885 2605 3942 Senensis
2635 3886 2854 3956 scripsit
2883 3885 3021 3954 (8i),
3065 3882 3212 3954 quod
3265 3881 3470 3952 reperti
3517 3880 3636 3934 t'ue-

2052 4055 2342 4094 ronsumm.
2386 4041 2606 4104 mundi,
2654 4055 2807 4093 num.
2856 4038 3004 4107 9.1),
3039 4037 3092 4091 in
3145 4051 3258 4107 quo
3296 4035 3364 4090 de
3398 4034 3642 4089 falsitate

2049 4113 2396 4185 redarguitur
2423 4127 2452 4164 a
2480 4109 2758 4185 Scriptura
2783 4106 2971 4185 (Apoc.
2995 4125 3071 4171 χι,
3097 4107 3185 4178 1⁸5)
3205 4124 3218 4171 ;
3236 4106 3640 4185 Anticliristum

2051 4181 2350 4234 dicmouem
2385 4196 2508 4236 esse
2543 4184 2645 4234 sub
2679 4181 2858 4248 specie
2891 4181 3128 4232 humana
3165 4185 3546 4248 apparentem.
3580 4181 3638 4227 in

2051 4267 2161 4318 quo
2194 4260 2247 4305 et
2276 4251 2449 4304 Paulo
2480 4249 2554 4320 (ll
2593 4251 2657 4304 ad
2690 4245 2938 4305 Thcssal.
2972 4248 3085 4318 ιι),
3117 4257 3170 4303 et
3199 4245 3301 4316 ipsi
3341 4245 3636 4315 Hippolyto

2049 4323 2146 4376 lib.
2176 4321 2250 4373 De
2281 4319 2520 4384 Antich.,
2544 4337 2696 4376 num.
2729 4322 2762 4376 5
2789 4329 2841 4373 ct
2865 4321 2918 4378 6.
2950 4320 3293 4383 contradicit,
3324 4321 3417 4384 qui
3445 4327 3637 4368 verum

2052 4391 2329 4464 hominem
2356 4391 2758 4464 Antichristqu
2787 4399 3062 4464 stat_uunt._
3087 4389 3158 4464 Ea
3208 4401 3426 4464 quoque
3449 4423 3465 4440 .
3511 4397 3640 4464 qua:

2051 4463 2120 4515 de
2153 4463 2438 4516 monachis
2469 4463 2659 4515 scribit
2689 4477 2842 4515 num.
2877 4461 2925 4523 7,
2950 4470 3003 4513 et
3033 4459 3099 4512 de
3123 4453 3346 4511 incenso
3376 4453 3429 4506 in
3458 4453 3642 4506 eccle-

2054 4535 2150 4586 siis
2180 4533 2424 4586 adhibito
2475 4547 2627 4584 num.
2662 4533 2762 4590 54,
2811 4534 2958 4583 clare
3006 4529 3300 4582 ostendunt
3352 4532 3638 4576 auctorem

2053 4619 2175 4656 esse
2204 4603 2403 4657 szcculo
2439 4602 2600 4654 tertio
2629 4602 2986 4670 posteriorem
3009 4639 3024 4663 ,
3065 4602 3117 4652 in
3149 4612 3268 4670 quo
3303 4601 3479 4670 status
3511 4607 3638 4645 mo-

437 4664 551 4739 (_7-i)
593 4665 849 4721 Biblioth.
887 4665 1006 4720 PP.
1051 4663 1302 4738 Lugdun.
1356 4677 1486 4722 tom.
1531 4663 1634 4734 111,
1666 4683 1789 4739 pag.
1816 4667 1950 4722 255-
1983 4670 2026 4724 D
2057 4674 2299 4727 nasticus
2335 4675 2576 4727 nonduin
2607 4663 2769 4724 riotus
2814 4671 3011 4732 fuerat,
3037 4663 3211 4738 neque
3257 4663 3464 4718 incensi
3498 4678 3640 4739 usus

365 4734 489 4790 259.

441 4805 554 4879 (75)
591 4803 872 4879 ﬂippolvt.
905 4805 1041 4876 Opp.
1081 4817 1210 4862 tom.
1242 4807 1299 4870 Ι,
1347 4807 1591 4876 Append.
1636 4820 1758 4876 pag.
1794 4808 1946 4862 4-29.

434 4877 548 4945 (7o)
577 4876 884 4947 iTillcmont
913 4920 926 4944 ,
957 4879 1200 4932 Mémoir.
1232 4892 1362 4933 tom.
1392 4879 1478 4939 Ill,
1505 4888 1618 4931 not.
1653 4879 1706 4943 6,
1739 4895 1792 4947 p.
1821 4880 1946 4932 512.

435 4948 547 5020 (77)
564 4946 1033 5020 _Bcllarminus,De
1057 4951 1337 5018 scriptun;
1360 4948 1557 5020 Bai-on.
1579 4949 1644 5020 ad
1667 4946 1796 5002 ann.
1821 4949 1946 5020 ἓξὲξ),

366 5011 756 5089 ςιυίιλιιηλ,
797 5017 993 5087 Script.
1035 5011 1244 5079 ecrlés..
1281 5037 1404 5089 pag.
1436 5019 1572 5084 471;
1605 5017 1814 5084 Bullus,
1851 5019 1950 5070 De-

365 5087 803 5160 fcns.fid_._Nic.,
833 5091 924 5143 lib.
951 5107 1034 5152 ιιι,
1064 5107 1184 5160 pag.
1219 5087 1292 5144 ὃ(
1357 5087 1376 5088 π
1507 5159 1512 5160 ν
1632 5157 1661 5160 _
1770 5103 1804 5160 κ’

437 5158 550 5229 (78)
591 5157 719 5213 Hine
768 5162 882 5214 sola
917 5157 1368 5223 circumstantia,
1400 5159 1584 5228 judice
1629 5157 1782 5212 Remi
1813 5159 1952 5213 Ccil-

367 5227 464 5300 lier
501 5227 632 5282 tom.
660 5231 704 5284 ll
743 5231 888 5284 Hist.
917 5233 1093 5300 gener.
1122 5233 1212 5286 des
1247 5227 1482 5296 auteui's,
1516 5246 1638 5298 pag.
1675 5229 1799 5291 560,
1837 5230 1951 5282 suf-

366 5299 478 5350 ticit
505 5301 571 5354 ad
604 5299 1092 5354 demouslraiulum
1151 5303 1435 5370 praefatum
1487 5301 1562 5352 De
1615 5315 1951 5352 consumma-

365 5371 506 5421 tione
539 5371 720 5422 mundi
759 5381 1069 5432 tractatum,
1095 5373 1301 5425 domini
1334 5374 1398 5424 de
1421 5371 1572 5424 Picot
1597 5371 1947 5437 impressum,

374 5453 628 5512 uonesse
661 5445 838 5500 sancti
869 5441 1174 5512 Hippolyti;
1226 5443 1318 5495 scd
1350 5443 1633 5503 habemus,
1675 5441 1845 5508 pergit
1877 5441 1947 5494 cl.

366 5510 584 5581 ticillier
608 5551 622 5575 ,
659 5514 762 5565 alia
787 5527 1006 5581 qunque
1048 5510 1203 5580 Iunge
1236 5513 1572 5564 cvidcutiora
1605 5518 1945 5579 argumenta.

369 5577 437 5630 Ut
465 5581 609 5632 enim
637 5582 772 5653 iiihil
805 5577 981 5636 dicam
1011 5584 1076 5635 de
1105 5577 1243 5653 stylo
1271 5582 1458 5634 humili
1497 5596 1559 5632 ac
1587 5577 1948 5653 puerili_,cu_m

364 5660 587 5703 econtra
628 5650 906 5724 Hippolyti
958 5655 1132 5724 stylus
1161 5650 1354 5724 gravis
1401 5661 1548 5705 esset
1580 5662 1634 5703 et
1674 5651 1946 5724 sublimis,

363 5730 558 5773 auctor
620 5719 760 5775 facta
822 5719 1062 5777 defendit
1109 5719 1417 5786 atft‘cicrt,
1465 5735 1699 5788 quorum
1737 5719 1948 5774 falsitas

367 5791 657 5860 manifesta
684 5802 767 5845 est
795 5795 1070 5846 omnibus.
1119 5796 1236 5856 Sic,
1270 5793 1503 5860 exeinpii
1547 5792 1750 5859 gratia,
1787 5792 1952 5842 tradit

364 5859 626 5915 Joannem
662 5879 784 5916 cum
834 5863 948 5917 lilia
983 5873 1038 5917 et
1078 5865 1298 5918 Euociio
1345 5859 1636 5916 venturum
1693 5866 1758 5911 ad
1796 5861 1949 5912 testi-

367 5933 612 5987 inonium
651 5935 1043 6004 perliibcndum
1073 5947 1260 5990 contra
1291 5935 1689 5989 Antichristum
1725 5930 1842 6003 (lib.
1875 5929 1950 5982 De

2059 4741 2368 4807 stabilitas,
2401 4743 2504 4795 nisi
2541 4743 2719 4810 quoad
2756 4742 3084 4810 sepulturam
3124 4733 3480 4810 ἰιιοιςιιιοιιιιιι
3503 4773 3519 4797 _,
3555 4733 3636 4786 uti

2058 4829 2124 4864 ex
2175 4811 2494 4866 Tertulliani
2543 4807 3165 4866 disciuinstractatibus
3231 4807 3308 4859 De
3369 4814 3640 4873 spectac.,

2058 4899 2106 4936 c.
2143 4883 2235 4941 H;
2261 4882 2338 4935 De
2364 4899 2580 4946 corona,
2610 4897 2658 4935 c.
2696 4883 2762 4934 10
2787 4881 3132 4950 ςτΛροΙοῃειη
3352 4885 3407 4929 ct.
3439 4875 3530 4928 42.

2131 4953 2246 5023 (79)
2287 4953 2491 5018 111νυῐ.,
2524 4952 2659 5006 Crit.
2697 4953 2790 5006 lib.
2829 4947 2891 5016 ii,
2922 4966 2971 5003 c.
3009 4947 3098 5015 ti,
3124 4965 3182 5023 p._
3209 4947 3336 5000 9.15.

2130 5012 2244 5094 (80)
2291 5012 2490 5091 Excipe
2543 5032 2722 5094 tamen
2790 5012 2910 5088 qua:
2937 5012 3453 5094 auctor-docendo“
3473 5012 3638 5094 Verbi

2057 5086 2358 5148 mtérnitatc
2385 5133 2400 5156 ,
2427 5086 2712 5146 'sacrilicio
2743 5086 2986 5158 corporis
3019 5099 3072 5144 et
3103 5087 3384 5157 sanguinis
3419 5086 3640 5138 Domini

2057 5165 2231 5217 nostri
2263 5163 2391 5216 Jesu
2435 5163 2637 5216 Christi
2665 5201 2679 5224 ,
2715 5170 2901 5230 utpote
2933 5171 3120 5216 sancto
3153 5158 3444 5227 Hippolyto
3487 5171 3642 5209 sum—

2059 5249 2279 5300 mopere
2315 5234 2691 5302 congruentia.

2131 5295 2243 5372 (8|)
2287 5295 2543 5356 Bililz'ath.
2596 5311 2800 5357 auctor.
2849 5312 2984 5355 tom.
3019 5299 3072 5365 l,
3120 5299 3339 5369 Dupin.,
3373 5311 3499 5366 pag.
3531 5295 3636 5350 179

2058 5373 2559 5446 edit.Lat.Colon.
2630 5440 2664 5446 _
2759 5443 2775 5446 _
3105 5441 3116 5446 _
3417 5435 3449 5446 ,,
3509 5435 3572 5446 ,,,

2133 5445 2243 5512 (8&2)
2269 5445 2560 5498 Combe-tis.
2585 5483 2599 5500 .
2630 5440 2788 5495 Prtef.
2819 5451 3070 5495 notarum
3104 5441 3156 5494 in
3179 5440 3380 5512 librum
3501 5435 3644 5512 1111)-

2057 5507 2554 5584 ιιοῐιίιςριιιιῑιιιιηι
2615 5514 2686 5566 De
2719 5513 3044 5584 Autichristo
3070 5553 3084 5575 ,
3137 5521 3190 5564 et
3234 5511 3373 5578 apud
3419 5507 3640 5560 Fabric.

2059 5581 2195 5653 Upp.
2227 5581 2285 5637 Si;
2319 5584 2532 5652 Ilippol.
2568 5593 2700 5637 tom.
2731 5581 2770 5638 1,
2805 5585 3047 5651 Append.
3077 5599 3195 5651 pag.
3231 5585 3283 5632 ti.

2133 5646 2244 5722 ('85)
2285 5646 2461 5708 Nat-al.
2491 5655 2779 5720 Alexaud.,
2819 5646 2964 5706 inn.
2994 5646 3356 5716 eccl.,'sa'cul.
3385 5663 3471 5712 ιιι,
3495 5663 3548 5702 c.
3583 5646 3642 5712 4,

2061 5735 2164 5779 art.
2201 5728 2250 5789 1,
2286 5741 2338 5793 p.
2379 5727 2466 5780 0:2.

2137 5797 2247 5866 (8.1)
2287 5791 2478 5851 Sixtus
2529 5793 2808 5859 Senensis,
2863 5793 2953 5848 lib.
3016 5809 3067 5848 iv
3107 5791 3360 5848 Biblioth.
3407 5801 3639 5854 sanctis,

2058 5883 2112 5937 p.
2146 5867 2268 5921 511.
