3882 6546
438 392 547 451 ’545

1398 394 1484 447 DE
1524 393 1685 449 VITA
1729 394 1819 448 ET
1857 394 2166 450 SCRIP'I‘IS
2208 396 2264 449 S.
2320 395 2700 450 HiPPOLYTl.

3579 394 3684 450 ΒΗ

436 507 602 572 banc,
641 506 905 577 scriptore
938 508 1122 565 seaculi
1152 509 1423 565 undecimi
1468 510 1537 567 ad
1581 510 1741 566 ﬁnem
1780 528 2010 581 vergen-
2038 522 2083 574 Α
2114 522 2390 569 auctorem
2442 515 2609 584 hujus
2669 514 2957 585 fragmenti
3005 520 3132 568 ante
3184 513 3444 568 sazculum
3477 527 3530 566 xi
3573 527 3686 566 non

434 602 531 667 tis,
566 610 664 656 aut
695 603 894 656 saeculo
932 602 1255 658 duodecimo
1298 603 1521 658 ineunte
1561 603 1841 670 ﬂorentis;
1876 605 2015 660 vixit

434 692 579 745 enim
615 702 737 763 post
769 690 1078 748 Simeonem
1107 692 1507 766 Metaphrasten
1539 692 1676 766 (96).
1729 695 2009 766 Siquidem

436 786 538 839 hoc
590 785 954 855 fragmentum
1010 802 1198 842 revera
1252 788 1431 858 quoad
1485 802 1675 844 omnes
1723 799 1906 858 partes
1955 788 2011 844 in

435 873 695 930 Chronico
736 875 1006 949 Hippolyti
1041 877 1285 933 Thebani
1334 878 1519 935 Graece
1566 896 1631 935 ac
1658 878 1869 935 .Latine
1916 882 2013 936 abs

434 964 788 1025 Emmanuele
837 968 1172 1027 Schelstrate
1227 988 1371 1028 anno
1409 971 1543 1027 1692
1588 973 1643 1027 in
1687 972 1859 1027 lucem
1899 973 2013 1029 edi-

436 1069 494 1115 to
524 1059 635 1133 (97)
666 1069 721 1117 et
760 1071 952 1133 postea
1007 1079 1039 1120 a
1089 1064 1158 1121 cl.
1182 1062 1437 1119 Fabricio
1496 1066 1779 1135 appendici
1826 1066 1959 1122 tomi
1990 1068 2011 1122 Ι

425 1146 674 1221 'Operum
721 1152 781 1213 S.
812 1152 1089 1227 Hippolyti
1136 1156 1376 1226 episcopi
1417 1171 1481 1209 ac
1516 1157 1771 1229 martyris
1804 1157 2011 1213 inserto

428 1245 698 1313 reperitur
723 1246 862 1316 (98).
901 1246 1169 1302 Caeterum
1202 1261 1266 1302 ea
1313 1262 1435 1316 quae
1482 1246 1793 1302 referuntur
1822 1248 1876 1302 in
1906 1249 2014 1304 hoc

437 1334 698 1391 Chronico
731 1338 799 1393 de
830 1338 1143 1410 genealogia
1175 1338 1349 1393 sancti
1377 1337 1596 1409 Joscphi
1635 1339 1860 1411 ejusque
1900 1349 2013 1396 tota

431 1426 661 1493 familia,
699 1430 1073 1485 om’nimodam
1109 1432 1343 1487 ﬁctionis
1370 1432 1782 1489 similitudinem
1814 1449 1925 1503 pra;
1956 1450 2013 1490 se

430 1517 650 1586 ferunt;
687 1521 934 1591 quinimo
977 1538 1101 1577 cum
1135 1524 1453 1580 doctissimo
1487 1524 1734 1597 Remigio
1763 1526 2013 1582 Ceilliero

430 1628 676 1669 asserere
731 1630 840 1671 non
895 1616 1210 1673 dubitamus
1254 1617 1367 1688 (99)
1408 1619 1678 1689 integrum
1736 1634 1875 1689 opus
1935 1619 2015 1674 nil

431 1705 579 1759 aliud
631 1721 753 1763 esse
804 1724 967 1777 quam
1023 1708 1317 1767 I‘alsitatum
1365 1722 1658 1768 texturam.
1690 1711 1886 1769 Nescio
1917 1729 2010 1768 au-

431 1805 563 1861 tem,
590 1796 766 1867 inquit
791 1799 1043 1857 laudatus
1066 1802 1152 1855 vir
1176 1802 1369 1858 doctus
1400 1802 1501 1875 (1),
1535 1804 1677 1858 unde
1705 1813 1900 1860 auctor
1927 1804 2011 1858 dio

431 1888 625 1942 dicerit
662 1886 861 1945 Patres
908 1893 962 1945 in
1012 1890 1227 1948 Nicaena
1262 1896 1470 1966 synodo
1502 1894 1781 1960 statuisse,
1819 1907 1877 1949 ut
1909 1912 2010 1950 non

432 1979 804 2034 ordinarentur
830 1984 1118 2054 presbyteri
1153 1996 1274 2040 ante
1303 1988 1523 2057 triginta
1554 2004 1741 2055 annos,
1786 1988 2013 2043 dixisse-

408 2070 548 2135 'que,
583 2073 812 2142 suﬂicere
839 2075 1099 2146 discipulo
1127 2086 1181 2131 ut
1206 2079 1276 2132 sit
1308 2079 1443 2133 sicut
1468 2080 1749 2149 magister,
1774 2092 1821 2134 et
1844 2097 2009 2148 servo,

430 2171 491 2216 ut
515 2166 582 2218 sit
611 2166 747 2219 sicut
782 2166 1022 2223 dominus
1067 2169 1203 2236 eius.
1238 2170 1425 2225 Credit
1451 2186 1672 2242 quoque
1702 2172 1790 2227 hic
1819 2182 2012 2228 auctor

431 2266 681 2311 sanctum
734 2256 1028 2329 Josephum
1078 2261 1408 2318 beatissima;
1457 2260 1697 2333 Virginis
1749 2278 2010 2333 sponsum

428 2350 565 2405 duas
587 2365 787 2406 uxores
812 2352 1089 2417 habuisse,
1119 2362 1282 2423 atque
1310 2370 1373 2409 ex
1403 2354 1574 2424 prima
1604 2352 1821 2409 Salome
1843 2355 2008 2418 dicta,

427 2457 548 2511 quae
580 2442 682 2499 fuit
703 2444 811 2499 lilia
838 2445 1021 2516 Aggmi
1050 2444 1233 2501 fratris
1260 2444 1560 2509 Zachariaz,
1587 2448 1760 2516 patris
1781 2446 2011 2503 Joannis

419 2532 702 2613 .Baptistte,
754 2546 989 2606 quatuor
1036 2537 1198 2602 ﬁlios,
1252 2538 1537 2602 Jacobum,
1583 2537 1884 2604 Simonem,
1914 2538 2012 2594 Ju-

426 2626 552 2681 dam
599 2637 652 2683 et
697 2626 919 2698 Joseph,
951 2639 1005 2685 et
1048 2630 1185 2686 duas
1237 2631 1373 2686 tilias
1418 2630 1611 2686 Esther
1648 2642 1702 2687 et
1744 2630 2009 2686 Martham

434 2722 749 2791 suscepisse
781 2721 885 2794 (2).

495 2813 885 2885 Fragmentum
956 2834 1025 2873 ex
1086 2818 1346 2876 Chronico
1417 2818 1689 2893 Hippolyti
1759 2820 2007 2877 Thebani

425 2913 603 2958 exstat
639 2906 844 2960 editum
885 2921 922 3000 a
945 2906 1456 3000 Joanne-Sambuco
1481 2910 1686 3000 Patavii
1706 2910 1868 2977 1556,
1900 2910 2010 2966 La-

424 2996 538 3051 tine
562 2997 700 3064 in-8,
734 2999 872 3070 typis
893 2998 1131 3055 Gratiosi
1156 2998 1476 3056 Perchacini
1504 2996 1608 3057 sub
1633 3002 1790 3057 titulo
1818 3003 2008 3058 Libelli

431 3088 497 3142 de
527 3102 646 3142 ortu
676 3098 726 3143 et
759 3093 1068 3160 cognatione
1110 3092 1341 3163 Virginis
1388 3092 1597 3161 Mariw,
1622 3104 1676 3149 et
1699 3107 2009 3151 asservatur

425 3196 527 3273 ins.
577 3183 631 3235 in
666 3181 992 3239 bibliotheca
1034 3185 1303 3273 Caesarea,
1348 3187 1441 3242 sed
1488 3187 1872 3243 brevissimum
1905 3190 2003 3260 (5).
2034 3210 2080 3273 C

426 3267 667 3341 Longius
708 3280 887 3326 exstat
932 3274 985 3327 in
1024 3272 1357 3329 Lectionibus
1390 3278 1621 3348 antiquis
1654 3276 1872 3334 l‘lenrici
1904 3280 2008 3333 Ca-

423 3361 577 3426 nisii,
607 3370 739 3418 tom.
766 3362 857 3431 ΙΙΙ,
878 3380 1000 3435 pag.
1038 3365 1127 3430 55,
1154 3365 1338 3422 Graece
1363 3382 1428 3423 ac
1454 3368 1667 3424 Latine.
1696 3370 1813 3425 Non
1844 3373 2004 3441 pauci

422 3452 738 3522 scriptores,
786 3457 879 3525 qui
928 3472 1215 3525 personas,
1257 3473 1456 3514 nomen
1494 3459 1765 3533 Hippolyti
1803 3479 1913 3532 prae
1950 3479 2007 3519 se

426 3542 685 3612 ferentes,
726 3560 836 3600 non
883 3548 1016 3602 satis
1048 3548 1435 3616 distinxerunt,
1468 3568 1646 3622 neque
1681 3569 1923 3624 tempora
1952 3557 2007 3611 in

424 3632 624 3701 quibus
654 3634 761 3688 illae
782 3635 1054 3701 vixerunt,
1080 3637 1185 3691 hoc
1208 3636 1572 3709 fragmentum
1605 3653 1796 3699 sancto
1820 3658 2008 3701 nostro

425 3722 713 3796 Hippolyto
748 3726 1003 3797 episcopo
1026 3742 1090 3782 ac
1112 3730 1338 3801 martyri
1361 3733 1754 3802 attribuerunt;
1786 3752 2009 3806 persua-

423 3817 702 3873 sissimum
726 3819 988 3875 habentes
1016 3819 1277 3901 Chronica
1304 3823 1420 3880 haec
1451 3825 1507 3879 in
1528 3826 1791 3883 laterculo
1813 3830 2008 3886 tabulae

422 3903 625 3963 Graeca:
649 3909 929 3980 designata
960 3924 1101 3965 esse.
1125 3909 1344 3964 Interim
1377 3921 1560 3988 tamen
1591 3929 1745 3970 error
1778 3916 1866 3971 hic
1896 3926 2004 3971 tam

423 3999 644 4068 grandis
673 4009 775 4068 est,
816 4010 872 4055 ut
900 4016 996 4069 per
1023 4016 1082 4056 se
1115 4012 1380 4072 patescat,
1411 4005 1833 4077 mirandumque
1856 4023 2007 4077 pror-

424 4106 520 4146 sus
545 4092 690 4161 quod
723 4108 833 4146 non
866 4093 1012 4149 illico
1046 4093 1293 4151 detectus
1326 4095 1511 4152 fuerit.
1548 4096 1897 4155 Manifestum
1925 4114 2009 4158 est

493 4203 719 4278 (96)__Le
755 4205 965 4277 Moyne,
1005 4205 1167 4278 Varia
1206 4224 1382 4274 sacra,
1414 4218 1545 4263 tom.
1582 4208 1645 4264 ll.
1696 4225 1748 4278 p.
1786 4212 1919 4267 1081
1953 4224 2007 4269 et

425 4290 567 4342 seq.;
603 4275 812 4357 Canis,
845 4275 983 4331 ἰυιιι.
1020 4275 1091 4359 ΙΙΙ
1133 4276 1281 4357 Lect.
1310 4282 1502 4350 antiq.,
1549 4296 1601 4347 p.
1636 4275 1724 4342 55⁷,
1766 4283 1853 4346 46,
1892 4285 2000 4351 49;

427 4341 607 4419 V_oss.,
662 4344 805 4401 Ilist.
838 4345 1031 4419 Grcam,
1057 4347 1152 4402 lib.
1173 4364 1233 4411 tt,
1258 4365 1306 4404 c.
1334 4349 1424 4413 2'5,
1453 4366 1504 4419 p.
1531 4351 1669 4416 295;
1695 4351 2000 4419 Possevin.,

572 4386 607 4408 ο,
662 4386 705 4398 ιι
719 4386 805 4401 ουν.
839 4386 1031 4412 υιιυνο,
1057 4386 1152 4402 IIII.
1173 4386 1233 4411 an,
1259 4386 1306 4404 υ.
1340 4386 1424 4413 hu,
1453 4386 1504 4419 γε
1534 4386 1636 4405 aut)
1656 4394 1669 4416 ,
1695 4386 1717 4404 ι
1740 4386 2000 4423 υθῠυνιιιο,

422 4416 705 4485 Apparat.,
744 4432 796 4485 p.
838 4417 959 4472 765.

497 4485 607 4553 (97)
650 4484 941 4558 Sclielestr.
980 4488 1034 4541 in
1080 4490 1321 4558 Antiquit
1358 4492 1538 4545 eccles.
1586 4491 1806 4549 dissert.
1864 4494 1992 4548 illu-

421 4564 613 4630 su'ata,
649 4566 807 4630 t_orn.‘
829 4556 868 4623 Ι,
896 4575 948 4629 p.
982 4558 1086 4630 510
1121 4569 1175 4614 et
1213 4556 1361 4630 Seqq.

493 4626 607 4691 (98)
648 4626 979 4697 Fabric.,'p.
1012 4629 1080 4683 46
1103 4639 1157 4684 et
1185 4645 1292 4696 seq.

492 4696 1069 4772 (99)_RemiACeillier,
1098 4709 1228 4772 tom.
1253 4698 1305 4772 _ll
1338 4700 1477 4756 Hist.
1511 4703 1652 4772 gem,
1682 4720 1733 4772 p.
1766 4704 1889 4759 562.

492 4766 756 4842 (vitlem
795 4769 925 4842 ibid.
958 4778 1012 4824 et
1048 4786 1170 4842 pag.
1203 4770 1326 4824 565.

490 4837 569 4911 (2)
602 4837 839 4911 Fabric,
867 4840 975 4895 loc.
1011 4837 1143 4908 cit.,'
1159 4856 1281 4911 pag.
1307 4840 1397 4895 47.

491 4907 569 4980 (5)
599 4907 924 4981 Lambecius
964 4907 1208 4967 Griecee
1234 4907 1427 4966 codice
1458 4910 1716 4981 \"indob.,
1744 4925 1876 4971 tom.
1907 4916 1993 4980 ΙΙΙ,

416 4979 679 5053 ρηςχρϋ.
734 4979 873 5053 Vid_c_
916 4982 1165 5038 eumdem
1208 4997 1330 5051 pag.
1382 4982 1451 5037 98
1486 5000 1603 5053 seq.
1640 4979 1708 5039 et
1740 4995 1871 5039 tom.
1926 4979 1996 5041 ιν

416 5066 471 5119 p.
505 5049 795 5125 159‘,_At_om.
830 5050 873 5104 V
898 5068 1037 5125 pag.
1073 5054 1183 5125 109,
1206 5049 1349 5121 seq},
1393 5062 1523 5125 tom.
1563 5049 1667 5109 'Vll
1718 5072 1839 5125 pag.
1867 5057 1993 5123 541,

419 5134 551 5175 tom.
580 5120 694 5173 Vill
735 5137 857 5190 pag.
887 5120 1074 5189 63;'et
1105 5120 1363 5177 Allatium
1397 5123 1474 5177 De
1502 5136 1658 5179 wtale
1684 5120 1735 5179 ei
1763 5120 1998 5181 intenti;

419 5192 507 5267 liis
539 5190 911 5267 inpellatione
940 5194 1080 5262 apud
1108 5192 1341 5267 Graecos,
1377 5210 1501 5263 pag.
1532 5196 1625 5267 50.
1660 5196 1835 5251 Etiam
1867 5197 1997 5267 Ilip-

415 5261 579 5338 poiyti
612 5261 856 5338 historici
888 5261 1280 5338 fragmentum1
1300 5265 1352 5338 in
1379 5261 1491 5338 quo
1525 5265 1741 5320 Salome
1761 5261 1985 5338 Josephi

419 5329 643 5401 βιώτικὴ
676 5334 811 5403 γυνή
843 5329 1161 5403 appellatur,
1186 5351 1217 5389 a
1249 5329 1519 5390 Salmasio
1549 5338 1650 5390 sibi
1686 5329 1993 5392 communi-

417 5410 596 5477 catum
628 5404 795 5477 refert
830 5403 1071 5477 Andreas
1098 5405 1327 5477 Rivetus
1358 5415 1489 5459 tom.
1520 5406 1588 5459 ΙΙΙ
1619 5406 1755 5477 Opp.
1786 5424 1837 5476 p.
1866 5409 1990 5464 640.

417 5469 624 5539 Allegat
647 5482 714 5546 ‘et
752 5472 1056 5546 Turrianus
1096 5475 1150 5528 in
1171 5476 1427 5546 Apologia
1466 5494 1560 5545 pro
1598 5469 1753 5530 donio
1786 5469 1994 5544 'Laure-

417 5551 542 5614 tgna
590 5542 855 5614 adversus
894 5542 1231 5614 Vergerium,
1269 5542 1436 5600 et'in
1466 5542 1689 5602 scholiis
1730 5548 1799 5604 ad
1831 5542 1925 5606 lib.
1952 5566 1991 5603 ιι

417 5607 702 5682 Constitui.
731 5617 954 5682 apostol.

486 5682 561 5755 (ᾖ)
600 5680 813 5755 Henric.
843 5684 1121 5749 Canisius,
1148 5686 1612 5744 Bavaricocodice
1630 5705 1783 5755 usus,
1805 5690 1991 5745 Graece

409 5750 881 5828 gc'Lati‘neJom‘o
914 5756 976 5808 Ill
1009 5759 1190 5828 Antiq.
1223 5758 1368 5823 lect.,
1390 5757 1684 5828 lngolstad.
1715 5750 1869 5828 1605,
1906 5762 1989 5814 in-

409 5821 466 5899 d,
498 5838 548 5899 p.
583 5823 670 5899 40.
706 5824 1017 5899 _(_3an_is_ii
1048 5821 1287 5899 editione
1322 5821 1513 5883 Latine
1544 5846 1666 5884 cum
1695 5831 1813 5899 ejus
1842 5821 1985 5885 notis

412 5891 609 5963 legitur
637 5895 689 5949 in
721 5894 864 5950 Bibl.
915 5895 1026 5967 ιιρ.
1058 5898 1249 5954 Colon.
1280 5910 1413 5955 tom.
1453 5899 1541 5969 ΙΧ,
1576 5891 1906 5968 ειηιιοῚϐΙὸ,
1934 5910 1987 5955 et

2115 605 2347 671 vixisse;
2392 620 2568 675 neque
2613 606 2702 661 hic
2739 607 2911 662 ullum
2953 607 3171 663 errandi
3203 604 3525 677 periculum,
3559 618 3687 659 cum

2112 696 2240 751 citet
2266 694 2464 764 saepius
2495 694 2894 767 Metaphrasten
2942 698 3261 767 scriptorem
3292 694 3583 752 saeculi-xi.

2290 784 2318 857 §
2350 783 2416 841 ΙΙ.
2444 782 2739 841 Chronicon
2762 785 2822 842 S.
2851 785 3138 857 Hippolyto
3164 786 3509 856 suppositum.

2183 876 2489 933 Ascribitur
2529 885 2718 934 sancto
2757 887 2948 933 nostro
2988 876 3277 949 Hippolyto
3306 878 3472 933 etiam
3509 875 3690 947 prima

2112 984 2240 1038 pars
2266 968 2488 1024 alterius
2513 969 2798 1039 cujusdam
2830 969 3099 1033 Chronici,
3124 984 3155 1023 a
3179 968 3405 1024 Canisio
3427 966 3507 1038 (4)
3538 967 3691 1023 evul-

2113 1061 2245 1129 gati,
2283 1067 2338 1115 et
2376 1075 2408 1114 a
2433 1057 2687 1115 Fabricio
2714 1059 2792 1130 (5)
2819 1059 3218 1130 aliquantulum
3255 1058 3571 1114 accuratius
3606 1074 3693 1112 re-

2113 1154 2385 1224 impressi,
2427 1165 2592 1225 atque
2633 1164 2821 1224 postea
2868 1168 2899 1209 a
2941 1151 3145 1209 Jacobo
3184 1151 3453 1222 Basnagio
3483 1151 3691 1221 integre

2113 1246 2337 1301 omnino
2360 1246 2512 1301 editi.
2566 1244 2683 1301 Hoc
2709 1245 3006 1300 Chronicon
3036 1261 3211 1316 usque
3239 1246 3305 1300 ad
3331 1244 3516 1300 Caroli
3548 1243 3688 1314 Mag.

2114 1349 2356 1408 tempora
2388 1338 2751 1409 progreditur.
2776 1336 2975 1392 Verum
3004 1339 3092 1395 hic
3114 1353 3223 1392 non
3256 1337 3455 1409 agitur,
3486 1337 3601 1392 nisi
3627 1336 3692 1391 de

2113 1429 2285 1499 prima
2322 1430 2442 1499 ejus
2472 1439 2647 1499 parte,
2683 1430 2737 1483 in
2770 1444 2874 1499 qua
2910 1429 3056 1483 leves
3092 1429 3341 1498 quaedam
3372 1427 3693 1483 differentiae

2113 1522 2478 1577 observantur
2510 1523 2647 1578 duas
2671 1523 2816 1577 inter
2844 1522 3110 1577 editiones
3133 1520 3383 1592 Basnagii
3405 1538 3469 1577 ac
3503 1520 3693 1575 Fabri-

2113 1614 2203 1668 cii.
2251 1612 2596 1669 Conveniunt
2638 1623 2819 1669 autem
2862 1614 3081 1679 eruditi,
3132 1612 3279 1682 quod
3318 1612 3420 1668 sub
3461 1612 3693 1681 imperio

2112 1704 2409 1761 Alexandri
2445 1705 2631 1761 Severi
2680 1704 3077 1775 compositum;
3130 1714 3251 1760 utut
3291 1703 3448 1775 longe
3490 1704 3693 1759 certius

2115 1794 2205 1861 sit,
2231 1803 2292 1851 ut
2319 1810 2507 1850 verum
2540 1794 2731 1860 fatear,
2764 1795 2892 1850 illud
2918 1810 3025 1849 non
3057 1795 3230 1864 prius,
3262 1809 3425 1865 quam
3450 1795 3559 1849 sub
3576 1795 3693 1864 ejus

2113 1902 2431 1942 successore
2455 1885 2795 1941 Maximinol
2827 1886 3120 1956 perfectum
3148 1885 3351 1943 fuisse:
3378 1900 3507 1942 cum
3538 1886 3693 1955 juxta

2112 1978 2388 2048 exemplar
2427 1977 2664 2033 Fabricii
2707 1994 2870 2033 omne
2914 1978 3125 2048 imperii
3168 1978 3459 2033 Alexandri
3505 1978 3693 2033 Severi

2114 2078 2325 2138 tempus
2352 2068 2438 2124 his
2466 2069 2712 2124 terminis
2735 2069 3046 2140 designetur
3072 2068 3148 2141 (6)
3174 2088 3188 2124 :
3212 2070 3519 2125 Alexander
3542 2070 3694 2124 annis

2114 2161 2381 2227 tredecim,
2421 2162 2602 2216 diebus
2637 2178 2834 2217 novem.
2859 2160 2979 2216 Jam
3013 2178 3145 2217 vero
3174 2163 3263 2219 hic
3292 2164 3564 2220 terminus
3596 2179 3694 2218 nos

2112 2252 2331 2308 deducit
2365 2269 2540 2323 usque
2571 2254 2639 2309 ad
2673 2270 2877 2308 annum
2901 2254 3008 2310 255
3032 2255 3317 2319 inclusive,
3354 2257 3499 2310 ultra
3530 2272 3691 2327 quem

2113 2351 2361 2398 sanctum
2393 2343 2736 2415 Hippolytum
2759 2345 2963 2400 vixisse
2995 2360 3104 2401 non
3133 2357 3215 2402 est
3239 2356 3473 2402 certum.
3507 2346 3695 2418 Neque

2111 2434 2331 2489 aliunde
2371 2436 2752 2505 perspicimus,
2796 2452 2907 2506 quo
2938 2437 3064 2508 jure
3098 2454 3161 2493 ac
3188 2437 3548 2495 fundamento
3583 2441 3696 2496 hac

2110 2527 2259 2597 prior
2296 2525 2543 2582 Cltronici
2589 2544 2716 2599 pars
2759 2529 2936 2585 eidem
2986 2530 3212 2585 attribui
3259 2531 3455 2601 possit.
3489 2529 3693 2587 Verum

2110 2620 2330 2689 quidem
2357 2629 2461 2685 est,
2493 2622 2571 2676 uti
2604 2638 2670 2676 ex
2696 2620 2931 2677 Eusebio
2957 2631 3120 2692 atque
3149 2632 3337 2679 sancto
3360 2621 3696 2695 Hieronymo

2109 2711 2397 2779 discimus,
2434 2723 2684 2769 nostrum
2717 2713 3066 2786 Hippolytum
3103 2714 3425 2771 Chronicum
3463 2732 3693 2787 compo—

2110 2803 2308 2867 suisse,
2360 2806 2454 2860 sed
2492 2806 2661 2861 relate
2703 2808 2770 2861 ad
2809 2807 2954 2862 diem
2994 2806 3298 2864 Paschatis.
3349 2806 3479 2863 Sine
3526 2810 3695 2863 dubio

2110 2902 2291 2950 autem
2333 2896 2465 2951 illud
2492 2912 2600 2952 non
2625 2898 2852 2963 esthoc,
2880 2899 2949 2953 de
2976 2916 3085 2969 quo
3111 2900 3201 2954 hic
3225 2901 3689 2965 controvertitur;

2110 2998 2286 3053 neque
2308 2984 2398 3039 hic
2423 2986 2745 3041 observatur
2780 2988 3005 3043 minima
3040 2997 3167 3044 nota
3203 2990 3271 3044 de
3308 2990 3495 3060 aliquo
3532 3006 3695 3059 opere

2109 3074 2274 3144 hujus
2310 3076 2546 3145 generis.
2584 3077 2786 3133 Verum
2820 3094 3039 3149 quoque
3076 3080 3255 3135 adhuc
3286 3088 3392 3143 est,
3433 3080 3586 3150 quod
3612 3090 3686 3136 ta-

2110 3168 2258 3232 bula,
2304 3185 2425 3240 qure
2466 3171 2650 3241 plures
2698 3187 2923 3242 operum
2964 3174 3139 3229 sancti
3184 3172 3463 3244 Hippolyti
3499 3176 3694 3231 titulos

2111 3260 2506 3330 complectitur,
2543 3263 2714 3317 eidem
2765 3265 3005 3320 ascribat
3028 3266 3287 3321 chronica
3318 3275 3512 3321 contra
3544 3266 3695 3323 Graa-

2109 3367 2204 3407 cos
2234 3361 2288 3407 et
2310 3364 2498 3408 contra
2545 3352 2858 3422 Platonem;
2906 3365 2962 3411 at
3003 3373 3132 3413 vero
3176 3357 3497 3425 Chronicon,
3545 3360 3693 3430 quod

2110 3444 2275 3513 hujus
2302 3447 2690 3502 controversiae
2732 3449 3009 3517 ohjectum
3053 3461 3157 3510 est.
3187 3452 3321 3504 nihil
3354 3453 3515 3517 habet
3548 3453 3694 3507 unde

2108 3537 2287 3608 colligi
2312 3538 2497 3594 liceret
2530 3539 2661 3595 illud
2684 3530 2807 3596 esse
2834 3540 2973 3596 idem
2996 3542 3351 3611 ipsissimnm.
3372 3544 3693 3599 Verosimil-

2108 3630 2298 3685 limum
2332 3632 2515 3700 itaque
2555 3642 2639 3687 est
2674 3641 2839 3703 atque
2884 3634 3095 3689 creditu
3138 3636 3298 3707 longe
3346 3635 3591 3701 facilius,
3643 3637 3689 3693 si

2108 3738 2230 3778 cum
2267 3722 2535 3794 Basnagio
2564 3723 2638 3795 (7)
2671 3725 2918 3780 dicamus
2947 3726 3089 3781 hanc
3128 3727 3369 3797 priorem
3429 3726 3686 3783 Cltronici

2109 3826 2315 3887 partem
2346 3827 2592 3886 spectare
2614 3818 2679 3872 ad
2714 3817 2917 3873 Julium
2958 3820 3300 3885 Africanum,
3328 3822 3422 3891 qui
3449 3823 3556 3877 sub
3583 3824 3690 3876 im-

2112 3911 2263 3980 perio
2289 3911 2584 3967 Alexandri
2608 3908 2813 3967 ﬂoruit.
2842 3911 2918 3966 En
2947 3914 3221 3983 quomodo
3246 3929 3438 3969 omnes
3464 3914 3691 3968 diliicul—

2109 4013 2279 4058 tatum
2330 4004 2457 4059 nodi
2508 4004 2610 4059 hac
2656 4005 2869 4060 ratione
2910 4006 3153 4076 expediri
3200 4007 3431 4076 possint.
3482 4004 3690 4062 Omnes

2110 4095 2295 4150 sciunt
2350 4096 2649 4166 generatim
2710 4105 2957 4151 sanctum
3021 4106 3269 4151 nostrum
3332 4097 3688 4167 Hippolytum

2107 4205 2163 4288 in
2192 4206 2726 4288 supplementonliibl.
2749 4205 2877 4288 (PP.
2897 4206 3069 4288 Paris.
3091 4206 3249 4288 Ι
3264 4210 3425 4288 apud
3445 4207 3684 4288 Morem,

2113 4286 2245 4332 tom.
2287 4278 2353 4339 ll,
2390 4291 2511 4345 pag.
2548 4276 2675 4341 806,
2708 4287 2762 4331 et
2796 4288 2926 4331 tom.
2958 4277 3053 4331 XV
3084 4277 3225 4332 Bibl.
3252 4278 3367 4331 PP.
3404 4277 3683 4348 Lugdun.,

2113 4363 2229 4403 nae.
2265 4349 2404 4403 240:
2442 4348 2570 4401 item
2597 4346 2872 4403 Canisins.
2897 4357 3029 4403 tom.
3071 4347 3495 4403 llLect.antia..
3535 4363 3684 4402 anno

2106 4363 2229 4417 pag.
2265 4363 2404 4411 2w;
2442 4363 2570 4401 item
2597 4363 2872 4413 camsms,
2897 4363 3029 4403 tom.
3071 4363 3495 4417 llbecl.anltq.,
3535 4363 3679 4402 anno

2109 4417 2267 4483 i602,
2304 4434 2427 4487 pag.
2466 4416 2589 4479 579,
2633 4433 2699 4471 ex
2734 4419 2949 4473 duobus
2996 4418 3276 4473 codicibus
3329 4421 3431 4471 hoc
3486 4418 3679 4473 titulo:

2109 4487 2361 4542 Collectio
2390 4489 2645 4559 historica
2690 4489 3139 4559 chronographica
3166 4502 3231 4541 ea:
3261 4504 3542 4559 anonymo,
3591 4490 3681 4558 qui

2028 4582 2071 4637 Β
2104 4559 2550 4637 subAlexargaro
2583 4557 2769 4637 §everno
2819 4557 3135 4637 imperatore
3194 4559 3347 4637 eiecit,
3399 4557 3682 4637 collectam

2102 4628 2256 4700 ςαιιο
2301 4630 2533 4699 quodam
2582 4628 2766 4683 Caroli
2822 4627 3002 4699 Magni
3044 4629 3382 4700 temporibus.
3442 4627 3682 4700 Incipit:

2098 4698 2258 4753 Liber
2295 4701 2688 4771 gener-alienum
2718 4698 2943 4769 primus.
2975 4698 3422 4771 Addit‘Canisius
3452 4699 3506 4753 in
3531 4716 3679 4754 mar-

2102 4772 2254 4838 gine:
2297 4769 2315 4820 ε
2354 4769 2411 4823 in
2441 4785 2544 4824 ins.
2580 4771 2769 4825 codice
2796 4772 3036 4835 minore,
3070 4786 3192 4824 nam
3232 4771 3284 4823 in
3316 4769 3523 4837 majore
3564 4786 3672 4825 ms.

2099 4849 2245 4895 totus
2284 4841 2421 4895 liber
2442 4840 2652 4909 primus
2672 4842 2844 4902 abest,
2878 4857 2984 4895 non
3012 4850 3130 4895 erat
3150 4849 3343 4910 praeter
3368 4840 3511 4893 hunc
3532 4840 3677 4895 alius
3780 4854 3795 4870 ⁴

2102 4911 2292 4966 titulus
2330 4912 2457 4966 huic
2486 4912 2625 4965 libro
2663 4914 2935 4981 praelixus.
2972 4930 2991 4962 ι
3020 4911 3222 4966 Deinde
3271 4911 3412 4965 idem
3450 4910 3679 4964 Chronic

2100 4998 2195 5033 con
2223 4983 2565 5037 emendatius
2587 4982 2866 5052 aliquanto
2897 4982 3057 5052 (licet
3077 4990 3130 5035 et
3157 4981 3336 5052 ipsum
3370 4981 3576 5052 passim
3618 4982 3674 5034 in

2098 5052 2409 5108 nominibus
2430 5050 2730 5122 praesertim
2760 5050 2996 5121 prOpriis
3019 5051 3377 5119 castigatione
3401 5050 3673 5119 indigens)

2099 5123 2462 5192 atqueicapite
2491 5123 2558 5177 de
2590 5122 3012 5192 imperatoribus
3046 5123 3259 5192 auctius
3286 5122 3501 5192 editnm_
3528 5131 3611 5192 est
3641 5136 3671 5173 a

2095 5189 2234 5245 Phil.
2268 5189 2485 5248 Labbeo
2516 5192 2573 5247 S.
2604 5189 3011 5247 J.'Paris.1657
3033 5229 3049 5255 ,
3080 5191 3205 5255 fol.,
3243 5199 3375 5244 tom.
3412 5192 3431 5243 Ι
3462 5189 3671 5242 Biblio-

2099 5264 2259 5318 theca:
2283 5280 2427 5318 nova:
2459 5280 2559 5317 ms.
2592 5279 2715 5333 pag.
2751 5263 2878 5326 9.98,
2912 5279 2977 5317 ex
3000 5263 3114 5333 alio
3146 5261 3334 5333 codice
3361 5276 3468 5333 ms.
3504 5260 3675 5333 colle.

2095 5337 2168 5404 gii
2194 5330 2608 5390 Claromontani
2638 5330 2962 5404 Parisiensis
2986 5332 3041 5385 S.
3072 5330 3120 5385 J.
3144 5332 3258 5404 hoc
3281 5331 3473 5387 titulo:
3511 5330 3676 5404 Chro.

2094 5403 2270 5475 nologi
2300 5406 2582 5475 anonymi,
2616 5405 2706 5474 qui
2747 5409 2839 5475 sub
2894 5403 3198 5475 Alexandro
3244 5403 3569 5475 imperatore
3595 5403 3669 5454 vi-

2092 5471 2237 5529 xisse
2266 5492 2402 5530 anno
2424 5471 2637 5530 Christi
2652 5475 2757 5527 256
2789 5474 3005 5540 dicitur,
3030 5472 3235 5525 libellus
3269 5489 3359 5525 seu
3386 5471 3673 5524 chronicon

2093 5548 2154 5600 de
2171 5547 2512 5601 divisionibus
2539 5556 2585 5599 et
2609 5544 3027 5613 generationibus
3046 5545 3295 5613 gent-ium.
3321 5541 3667 5613 Labbeanam

2091 5618 2384 5672 editionem
2416 5612 2638 5671 secutus
2659 5624 2742 5669 est
2783 5614 2857 5667 Du
2890 5612 3130 5683 Cangius
3177 5615 3229 5665 in
3272 5613 3570 5681 appendioe
3601 5612 3668 5667 ad

2094 5688 2386 5742 Cltronicon
2418 5686 2692 5754 paschale,
2724 5684 2899 5739 Paris.
2930 5684 3087 5749 1688,
3109 5682 3225 5748 fol.,
3247 5699 3367 5752 pag.
3394 5684 3521 5736 415.

2160 5760 2236 5828 (5)
2280 5750 2516 5828 Fabric.,
2543 5767 2683 5828 tom.
2706 5755 2881 5828 lOpp.
2911 5754 2967 5808 S.
2990 5750 3281 5826 Hippolyti,
3322 5750 3451 5824 pag.
3480 5750 3664 5808 49-59.

2160 5830 2236 5897 (6)
2278 5828 2417 5881 Idem
2445 5827 2599 5889 ibid.,
2632 5842 2750 5950 pag.
2789 5827 2875 5880 59.

2160 5898 2235 5950 l7)
2275 5898 2426 5950 Antid
2453 5896 2661 5950 Canis..
2743 5907 2841 5950 ecl.

2160 5892 2235 5967 (7)
2275 5898 2426 5967 Apud
2453 5892 2661 5961 Canisf,
2696 5892 2841 5950 Lect.
2886 5898 3073 5963 antiq.,
3110 5906 3239 5952 tom.
3272 5893 3333 5961 ll,
3378 5908 3431 5963 p.
3466 5892 3593 5949 1-58.
