3882 6508
539 493 575 548 5
588 496 642 548 Π

1485 493 1574 548 DE
1618 491 1780 546 VlTA
1820 489 1906 544 ET
1944 484 2260 544 SCRIPTIS
2302 485 2360 538 S.
2396 479 2776 537 lllPPOLYTl.

3649 471 3738 528 318

540 611 929 683 prophetarum
964 610 1185 665 nomine
1209 609 1654 679 designabantur,
1684 607 1850 662 fuisse
1884 618 2111 675 organa,
2146 604 2185 657 A
2214 616 2376 670 super
2406 614 2593 654 sacras
2625 598 2828 652 litteras
2848 610 2957 650 non
2988 593 3142 663 juxta
3170 591 3446 662 proprium
3489 589 3747 644 arbitrium

542 715 641 772 per
666 718 786 772 quae
817 700 1051 755 Verbum
1100 701 1456 754 annuntiabat
1508 699 1820 755 hominibus
1873 696 2110 750 divinam

539 796 907 849 voluntatem:
947 813 964 844 ‹
1001 792 1064 845 lli
1096 809 1329 862 namque
1350 793 1555 851 Patres.
1589 791 1762 860 inquit
1794 790 1953 842 divus
1977 786 2111 856 Hip-

541 889 758 958 polytus
787 886 921 956 (10),
955 885 1160 955 Spiritu
1191 886 1486 955 prophetia:
1517 884 1705 952 aptati,
1749 881 2016 952 digneque
2043 878 2112 932 ab

543 976 660 1042 ipso
689 973 867 1029 Verbo
890 975 1163 1036 honorati,
1201 990 1309 1041 quo
1353 973 1610 1026 nimirum
1642 972 1789 1025 velut
1821 985 2024 1040 organa
2057 968 2112 1020 in

541 1063 735 1130 seipsis
762 1079 972 1131 semper
1011 1066 1221 1118 unitum
1267 1063 1498 1117 Verbum
1541 1073 1799 1131 tanquam
1846 1060 2108 1128 plectrum

543 1156 822 1219 haberent,
851 1157 1008 1224 cujus
1032 1167 1167 1210 nutu
1199 1165 1359 1224 atque
1386 1156 1588 1218 afﬂatu,
1608 1169 1728 1222 qua:
1759 1151 1902 1205 Deus
1928 1150 2108 1212 vellet,

543 1247 656 1300 haec
685 1248 958 1316 prophetae
987 1247 1400 1300 annuntiabant.
1440 1245 1554 1300 Non
1603 1244 1745 1298 enim
1785 1258 1852 1297 ex
1887 1257 1984 1297 sua
2031 1241 2111 1295 fa-

541 1338 741 1391 cultate
773 1338 1149 1405 loquebantur,
1185 1354 1285 1392 nec
1315 1353 1435 1406 qua:
1456 1352 1520 1390 ex
1548 1337 1731 1390 animo
1752 1343 1954 1395 essent,
1993 1334 2110 1387 haec

543 1430 946 1499 praedicabant;
991 1431 1085 1483 sed
1139 1429 1373 1498 primum
1420 1428 1636 1498 quidem
1678 1426 1841 1480 Verbi
1887 1425 2110 1479 numine

541 1523 645 1575 rite
670 1521 932 1590 sapientia
964 1518 1176 1586 imbuti,
1209 1518 1406 1573 exinde
1449 1533 1545 1587 per
1577 1518 1692 1573 visa
1715 1559 1730 1584 ,
1759 1533 1881 1588 qum
1930 1524 2111 1572 essent

543 1615 745 1677 futura,
779 1614 943 1683 probe
968 1614 1451 1683 pris-docebantur;
1481 1627 1546 1667 ac
1571 1611 1788 1665 demum
1819 1622 1963 1667 certa
1993 1612 2108 1680 jam

542 1723 724 1760 rerum
774 1706 896 1772 ﬁde,
938 1721 1000 1760 ea
1047 1706 1296 1760 dicebant
1323 1720 1386 1759 ac
1417 1704 1800 1774 praedicabant,
1834 1721 1955 1775 quae
2003 1705 2110 1758 illis

539 1795 729 1850 divino
755 1795 1018 1850 duntaxat
1052 1796 1274 1850 numine
1323 1793 1606 1849 manifesta
1638 1795 1834 1860 forent,
1886 1795 2110 1865 reliquis

542 1903 672 1942 vero
704 1889 1041 1956 abscondita,
1065 1888 1198 1941 Nam
1229 1903 1335 1957 qua
1363 1887 1573 1942 ratione
1606 1888 1865 1958 propheta
1892 1902 2105 1942 vocare-

542 1988 652 2045 tur,
687 1979 792 2034 nisi
824 1995 944 2047 qum
975 1988 1102 2034 sunt
1124 1979 1328 2044 futura,
1355 1978 1558 2049 Spiritu
1589 1979 1963 2049 pravideretl
1999 2018 2014 2032 .
2046 2019 2060 2033 .
2091 2019 2106 2033 .

544 2067 699 2124 Unde
739 2070 1122 2125 convenienter
1185 2072 1461 2141 prophetae
1488 2085 1519 2125 a
1565 2070 1833 2141 principio
1879 2071 2109 2125 videntes

452 2199 456 2204 .
541 2161 890 2216 vocabantur.
931 2180 949 2212 ι
1002 2161 1138 2216 Illud
1189 2161 1348 2216 etiam
1401 2161 1700 2231 subjungit,
1744 2159 1981 2216 Verbum
2011 2161 2111 2216 hos

541 2249 728 2306 saeros
773 2253 1062 2322 scriptores
1113 2253 1358 2322 coegisse
1408 2268 1504 2323 per
1554 2252 1813 2323 Spiritum
1859 2266 2110 2309 sanctum

540 2343 724 2414 loqui;
759 2345 991 2400 Verbum
1024 2347 1078 2400 in
1113 2347 1197 2401 his
1227 2354 1504 2401 versatum
1539 2345 1732 2412 fuisse,
1766 2347 1822 2400 in
1844 2346 1932 2401 his
1960 2346 2111 2400 locu-

540 2445 656 2490 tum
711 2436 900 2505 fuisse,
948 2453 1102 2494 suam
1135 2439 1466 2493 annuntians
1493 2437 1730 2492 futuram
1776 2438 2109 2494 incarnatio-

541 2542 664 2582 nem
685 2546 728 2580 τι
753 2527 850 2583 Hic
871 2538 1069 2594 autem,
1094 2547 1112 2580 ι
1139 2529 1491 2599 loquiturhoc
1507 2529 1626 2586 loco
1641 2530 1706 2584 de
1721 2527 1860 2584 Filio
1886 2530 1978 2585 Dei
1997 2530 2130 2604 (ll),

2141 1949 2184 2004 Β

546 2636 567 2670 ε
597 2619 743 2673 dedit
768 2621 934 2690 legem
961 2631 1014 2675 et
1037 2623 1366 2691 prophetas;
1407 2633 1461 2677 et
1497 2623 1673 2678 dando
1702 2623 1876 2693 coegit
1901 2623 2112 2692 hosper
2157 2693 2159 2696 ι

543 2710 803 2780 Spiritum
836 2719 1082 2767 sanctum
1111 2714 1292 2784 loqui,
1320 2723 1381 2768 ut
1406 2715 1727 2785 accipientes
1763 2716 1986 2771 virtutis
2008 2715 2110 2771 Pa-

544 2812 712 2858 terna:
742 2804 1174 2873 inspirationcm,
1199 2807 1485 2861 consilium
1502 2817 1557 2862 et
1577 2809 1906 2862 voluntatem
1933 2808 2109 2865 Patris

542 2901 872 2956 nuntiarent.
898 2901 955 2955 ιιι
983 2903 1068 2958 bis
1094 2903 1262 2974 igitur
1287 2902 1525 2959 Verbum
1548 2905 1868 2961 versabatur
1883 2905 2110 2975 loquens

541 2993 608 3045 de
625 2990 730 3064 [se]
753 2993 888 3063 ipso.
908 2993 1026 3048 Jam
1045 2995 1188 3048 enim
1210 2995 1323 3065 ipse
1341 3012 1473 3051 suus
1504 3011 1682 3067 praeco
1701 3005 1836 3061 erat,
1856 2998 2108 3052 ostende-

541 3085 740 3153 batque
770 3085 1011 3140 futurum
1050 3103 1169 3142 esse
1206 3096 1265 3141 ut
1307 3087 1540 3143 Verbum
1586 3090 1900 3144 hominibus
1945 3107 2111 3161 appa-

540 3182 705 3226 reret.
744 3194 762 3227 ι
806 3175 1014 3246 Ecquid
1055 3177 1328 3232 ellicacius
1363 3194 1459 3247 pro
1496 3179 1805 3233 divinorum
1844 3179 2108 3234 librorum

540 3265 895 3336 inspiratione
922 3269 1028 3323 dici
1064 3271 1281 3339 potest?
1317 3269 1382 3324 Et
1412 3272 1535 3341 quis
1564 3282 1688 3340 post
1735 3273 1849 3326 haec
1890 3272 2110 3326 audebit

541 3357 679 3412 inire
710 3359 1126 3429 disputationem
1170 3363 1236 3417 de
1276 3371 1470 3417 natura
1518 3363 1682 3433 hujus
1716 3363 2110 3433 inspirationis,

541 3447 747 3501 scilicet
769 3464 897 3501 num
927 3450 1236 3505 immediata
1261 3453 1348 3518 sit,
1377 3453 1460 3506 vel
1482 3454 1655 3507 solum
1680 3454 1948 3507 mcdiata?
1971 3452 2118 3508 Scri-

540 3545 724 3604 plores
782 3540 1079 3608 prophetia:
1123 3541 1326 3611 Spiritu
1382 3544 1608 3612 repleti:
1664 3543 1980 3615 scriptores,
2022 3545 2115 3615 qui

541 3631 671 3682 s'unt
697 3629 859 3683 veluti
889 3646 1112 3700 organa,
1148 3647 1244 3700 per
1271 3648 1390 3701 quae
1410 3632 1646 3688 Verbum
1671 3635 1906 3688 divinam
1925 3636 2117 3691 volun-

544 3729 707 3774 tatem
734 3723 1053 3790 annuntiat;
1089 3724 1386 3793 scriptores
1411 3741 1440 3778 a
1460 3726 1653 3796 seipsis
1675 3743 1783 3780 non
1809 3729 2112 3798 loquentes,

542 3812 635 3866 sed
671 3813 935 3882 sapientia
970 3825 1022 3869 et
1047 3816 1398 3886 inspiratione
1421 3818 1638 3886 divina;
1663 3821 1975 3890 scriptores,
2005 3839 2115 3879 uno

540 3904 728 3970 verbo,
781 3922 920 3977 quos
949 3907 1183 3962 Verbum
1241 3910 1384 3978 cogit
1432 3925 1529 3978 per
1561 3909 1823 3981 Spiritum
1867 3927 2116 3968 sanctum

539 3996 711 4067 loqui,
732 4001 972 4070 nunquid
988 4001 1144 4056 aliter
1157 4003 1322 4057 locuti
1339 4013 1486 4069 sunt,
1504 4021 1664 4075 quam
1683 4007 1939 4061 divinitus
1955 4007 2116 4062 afﬂati

541 4090 871 4147 revelatione
902 4096 1121 4163 proprie
1153 4096 1246 4149 tali
1296 4105 1350 4151 et
1380 4098 1737 4166 inspiratione
1762 4099 2116 4154 immediata?

541 4181 729 4236 Cesset
755 4199 884 4254 ergo
909 4187 1088 4241 omnis
1114 4190 1480 4244 controversia
1507 4190 1573 4245 de
1601 4190 1703 4246 hac
1723 4191 1949 4246 veritate
1973 4192 2117 4246 clare

542 4276 836 4332 admodum
863 4279 917 4332 in
954 4284 1234 4338 remotiori
1262 4285 1587 4355 antiquitate
1611 4286 1855 4342 fundata.

613 4367 753 4422 Deus
783 4387 916 4423 unus
937 4380 985 4424 et
1021 4375 1190 4428 trinus
1215 4391 1278 4428 ex
1301 4374 1402 4430 SS.
1433 4377 1623 4431 litteris
1656 4381 2041 4449 cognoscendus
2067 4392 2116 4434 et

539 4459 806 4515 colendus.
842 4463 1020 4521 Sacm’
1043 4467 1236 4522 littera:
1251 4486 1353 4522 non
1377 4486 1471 4538 pro
1488 4471 1749 4525 arbitratu
1774 4476 2113 4542 exponendrt'.

537 4581 611 4592 —-
643 4553 884 4612 Tandem
935 4560 1092 4614 docet
1143 4560 1232 4615 hic
1290 4571 1512 4617 sanctus
1565 4562 1746 4628 Pater,
1801 4566 1949 4636 quod
2002 4583 2113 4620 non

2139 3303 2181 3362 C

2211 710 2330 748 csse
2361 690 2811 762 interpretandas.
2841 688 2919 742 En
2945 689 3089 742 illius
3108 700 3304 742 aureas
3335 685 3402 739 de
3425 685 3526 738 hac
3550 683 3750 738 materia

2212 785 2507 840 sententias
2531 784 2675 854 (-12):
2711 803 2728 833 ι
2755 781 2908 836 Unus
2932 780 3075 835 Deus
3105 788 3207 844 est,
3227 793 3389 848 quem
3407 793 3516 832 non
3539 775 3750 843 aliunde,

2211 878 2428 940 fratres,
2478 877 2826 945 agnoscimus
2874 890 3038 945 quam
3092 889 3159 928 ex
3201 872 3403 928 sanctis
3456 869 3751 938 Scripturis.

2211 971 2682 1039 Quemadmodum
2705 970 2848 1024 enim
2882 969 2928 1024 si
2953 968 3077 1038 quis
3094 967 3253 1021 vellet
3277 963 3595 1033 sapientiam
3614 960 3754 1030 hujus

2211 1065 2394 1121 sreculi
2439 1078 2710 1126 exercere,
2768 1077 2876 1115 non
2916 1060 3075 1114 aliter
3117 1059 3222 1113 hoc
3249 1055 3514 1124 consequi
3557 1053 3752 1122 poterit,

2210 1157 2317 1210 nisi
2363 1156 2616 1224 dogmata
2655 1153 3101 1222 philosophorum
3131 1150 3306 1219 legat;
3358 1147 3438 1202 sic
3465 1147 3754 1216 quicunque

2208 1249 2460 1302 volumus
2518 1248 2773 1316 pietatem
2815 1246 2866 1298 in
2903 1244 3070 1298 Deum
3099 1256 3376 1305 exercere,
3415 1255 3524 1293 non
3560 1238 3755 1292 aliunde

2209 1339 2486 1392 discamus
2517 1352 2678 1406 quam
2712 1350 2774 1389 ex
2800 1333 3098 1403 Scripturis
3149 1331 3368 1386 divinis.
3426 1329 3755 1398 Quaacunque

2209 1445 2336 1499 ergo
2367 1436 2568 1483 sanctae
2603 1427 2895 1497 Scriptura:
2915 1426 3232 1496 przedieant,
3251 1422 3530 1478 sciamus:
3564 1434 3757 1487 etquae-

2209 1537 2425 1590 cunque
2450 1522 2666 1585 docent,
2717 1533 3152 1590 cognoscamus;
3186 1527 3241 1570 et
3289 1515 3432 1570 sicut
3462 1514 3584 1566 vult
3621 1512 3758 1566 Pater

2209 1614 2378 1680 credi,
2409 1613 2488 1669 sic
2512 1613 2832 1678 credamus;
2863 1620 2917 1665 et
2943 1611 3085 1666 sicut
3109 1607 3438 1663 vultFilium
3463 1606 3756 1677 gloriﬁcari,

2211 1707 2291 1763 sic
2320 1706 2720 1777 gloriﬁcemus;
2747 1714 2801 1760 et
2832 1705 2974 1760 sicut
3005 1703 3122 1757 vult
3151 1701 3344 1756 donari
3374 1699 3635 1768 Spiritum
3654 1715 3760 1752 san-

2211 1811 2392 1866 ctum,
2432 1798 2511 1853 sic
2552 1798 2902 1867 accipiamus.
2959 1794 3079 1850 Non
3141 1793 3440 1850 secundum
3505 1792 3761 1864 propriam

2213 1893 2568 1956 voluntatem,
2585 1907 2759 1960 neque
2782 1889 3080 1946 secundum
3099 1887 3376 1958 proprium
3407 1901 3653 1951 sensum,
3678 1901 3760 1938 ne-

2216 1999 2322 2054 que
2350 1985 2458 2038 vim
2484 1982 2776 2038 inferentes
2806 1983 2855 2035 in
2880 1995 2963 2043 ea,
2993 1996 3113 2049 quae
3135 1980 3203 2034 ab
3233 1993 3299 2034 co
3328 1978 3451 2033 data
3494 1986 3654 2041 sunt;
3683 1976 3761 2030 sed

2216 2074 2488 2145 quomodo
2515 2074 2628 2142 ipse
2662 2087 2754 2142 per
2780 2079 2999 2126 sanctas
3029 2068 3336 2138 Scripturas
3355 2067 3554 2121 docere
3588 2064 3761 2127 voluit,

2216 2167 2296 2222 sic
2323 2165 2707 2234 intelligamus.
2747 2181 2766 2214 ι

2288 2257 2560 2323 Quomodo
2617 2253 2674 2310 S.
2729 2253 3049 2324 Hippolytus
3084 2249 3414 2319 Scripturam
3461 2248 3672 2319 alleget.
3706 2274 3766 2284 -—

2214 2350 2482 2405 Caeterum
2517 2346 2574 2402 S.
2621 2345 2939 2417 Hippolytus
2974 2341 3337 2399 communiter
3381 2340 3583 2407 allegat
3634 2335 3765 2391 Scri-

2215 2451 2496 2512 pturarum
2543 2439 2840 2495 sententias
2879 2437 3033 2507 juxta
3079 2435 3384 2490 versionem
3426 2430 3766 2501 Septuaginta

2216 2532 2593 2602 Interpretum.
2624 2527 2929 2598 Aliquoties
2959 2535 3142 2580 tamen
3181 2522 3540 2580 nihilominus
3573 2522 3638 2576 ad
3665 2535 3769 2575 ver-

2217 2627 2400 2681 siones
2421 2638 2583 2693 super
2604 2620 2887 2675 Hebrazum
2914 2618 3190 2687 exemplar
3213 2617 3282 2671 ab
3314 2615 3512 2686 Aquila
3542 2624 3598 2669 et
3629 2612 3770 2683 Sym-

2215 2719 2410 2774 macho
2437 2718 2727 2772 adornatas
2752 2714 2982 2768 recurrit
3013 2713 3146 2783 (15).

2287 2810 2480 2865 Totam
2517 2823 2726 2865 sacram
2768 2805 3101 2875 Scripturam
3149 2803 3207 2858 S.
3243 2800 3569 2872 Hippolytus
3598 2797 3773 2854 dividit

2216 2903 2271 2959 in
2300 2903 2501 2974 Νόμου,
2536 2901 2848 2973 Προφήτας,
2885 2891 3775 2967 Εὑαγγέλια,Ἀποσ-τὸλους,ἰηιιε-

2216 2997 2692 3069 gem,Prophetas,
2740 2992 3028 3063 Evangelia
3059 2998 3112 3046 et
3144 2989 3455 3060 Apostolos.
3506 2986 3603 3042 Sic
3639 2984 3773 3040 enim

2215 3089 2453 3160 loquitur
2478 3088 2532 3143 in
2567 3087 2706 3142 libro
2749 3083 2828 3138 De
2857 3082 3183 3139 Antichristo
3219 3081 3330 3151 (M)
3363 3094 3375 3127 ε
3407 3098 3425 3130 ι
3456 3077 3571 3133 Per
3607 3074 3775 3131 omnia

2216 3183 2398 3252 itaque
2427 3180 2559 3250 lapsi
2589 3186 2716 3234 sunt
2749 3174 3066 3248 (Israelitze)
3103 3183 3157 3229 et
3194 3179 3542 3236 erraverunt,
3594 3168 3686 3240 qui
3726 3166 3774 3219 in

2216 3273 2366 3327 nullo
2393 3271 2606 3326 veritati
2643 3267 2938 3324 concordes
2984 3265 3343 3330 exstiterunt;
3377 3279 3477 3318 nec
3530 3263 3590 3316 in
3630 3260 3778 3328 Lege,

2219 3364 2362 3434 quod
2391 3377 2508 3417 eam
2541 3359 2866 3430 transgressi
2895 3366 3054 3424 sunt;
3088 3371 3189 3412 nec
3211 3356 3264 3410 in
3293 3354 3589 3424 Prophetis
3608 3395 3624 3417 ,
3651 3347 3780 3420 quod

2217 3456 2510 3527 prophetas
2533 3467 2749 3524 quoque
2774 3449 3124 3516 occiderunt;
3160 3463 3260 3503 nec
3279 3449 3332 3502 in
3363 3445 3780 3516 Evangeliorum

2216 3562 2368 3610 voce,
2401 3547 2545 3617 quod
2573 3554 2626 3600 et
2650 3545 2986 3598 Salvatorem
3013 3541 3190 3612 ipsum
3223 3541 3656 3601 erucitixerunt;
3693 3547 3783 3588 nec

2217 3637 2501 3707 Apostolis
2526 3636 2831 3702 credentes,
2880 3632 3026 3702 quod
3057 3640 3111 3687 et
3153 3631 3276 3686 illos
3319 3627 3601 3699 persecuti
3636 3632 3784 3687 sunt;

2215 3732 2418 3802 ubique
2451 3729 2660 3785 veritati
2711 3727 2937 3783 insidias
2985 3734 3280 3791 nectentes,
3320 3724 3555 3792 ejusque
3605 3717 3782 3790 prodi-

2219 3834 2383 3891 tores,
2410 3824 2504 3879 Dei
2533 3823 2707 3891 magis
2743 3821 2870 3877 odio
2903 3821 3051 3876 ducti
3093 3835 3257 3890 quam
3297 3816 3416 3887 ejus
3457 3817 3579 3870 ullo
3612 3827 3788 3870 amore

2217 3917 2417 3972 devoti.
2459 3935 2479 3969 ι

2289 4010 2513 4066 Librum
2545 4007 2836 4079 Sapientiae
2861 4015 3110 4063 vetustus
3134 4006 3224 4061 hic
3250 4011 3475 4060 sanctus
3503 4001 3680 4057 Pater
3717 4009 3791 4053 at-

2217 4100 2707 4156 tribuitSalomoni
2743 4102 2814 4155 ita
2841 4083 3282 4168 disserens(l5):
3321 4115 3341 4148 ‹
3377 4095 3440 4149 Et
3459 4095 3692 4148 ubinam
3715 4100 3790 4145 est

2219 4195 2596 4265 copiosissima
2617 4193 2706 4248 illa
2731 4190 3106 4263 (Salomonis)
3133 4183 3399 4246 scientia‘?
3421 4185 3527 4241 Ubi
3558 4187 3653 4240 illa
3684 4199 3790 4252 my-

2219 4281 2420 4336 Steria?
2453 4278 2558 4335 Ubi
2597 4277 2758 4334 libri?
2794 4289 3009 4335 exstant
3042 4278 3188 4333 enim
3231 4277 3345 4332 sola
3394 4275 3718 4336 Proverbia,
3745 4279 3792 4324 et

2221 4373 2518 4442 Sapientia,
2537 4382 2590 4427 et
2605 4370 2986 4436 Ecclesiastes,
3009 4384 3060 4426 ct
3085 4369 3369 4425 Canticum
3388 4366 3790 4420 cautieorunm

2219 4465 2439 4520 Librum
2495 4455 2680 4520 Τοιιίιὲ
2730 4466 2897 4520 semel
2939 4465 3134 4534 allegat
3171 4462 3315 4532 (l6);
3371 4460 3666 4514 historiam
3703 4457 3794 4511 Su-

2222 4573 2408 4613 sannae
2437 4565 2491 4612 et
2517 4556 2610 4611 Bcl
2631 4556 2779 4610 velut
2808 4555 3184 4610 authenticum
3218 4554 3595 4622 fragmentum
3630 4565 3794 4620 agno-

539 4643 762 4700 aliunde
794 4664 957 4716 quam
986 4666 1052 4704 ex
1085 4651 1257 4705 sacris
1301 4652 1493 4708 litteris
1524 4655 1842 4710 erudiamur
1877 4657 1944 4710 de
1995 4658 2115 4711 uni-
2147 4655 2192 4710 D
2224 4648 2326 4702 scit
2362 4647 2495 4716 (l7),
2531 4655 2693 4717 atque
2726 4646 2950 4714 insuper
2972 4643 3136 4699 refert
3164 4642 3540 4712 suppressisse
3577 4640 3795 4696 Judzeos

539 4741 652 4789 tate
686 4735 777 4791 Dei
809 4747 862 4792 et
890 4738 1154 4796 Trinitate
1183 4743 1351 4810 illius,
1385 4744 1662 4813 quomodo
1692 4746 1864 4801 eidem
1894 4749 1965 4802 sit
1991 4764 2112 4802 ser-

539 4828 794 4884 viendum
827 4833 1106 4904 pietasque
1135 4852 1258 4908 erga
1303 4852 1427 4891 eum
1462 4841 1782 4896 exercenda.
1836 4841 2000 4897 Addit
2025 4843 2112 4896 in-

849 5011 1146 5094 Hippolytq
1167 5017 1270 5094 lib.
1304 5018 1382 5072 De
1410 5019 1736 5094 Antio/trist"
1767 5039 1920 5078 num.
1951 5025 2006 5079 2.

645 5078 663 5162 ι
679 5078 726 5162 ι)
849 5078 1140 5162 nimione,
1167 5087 1260 5162 l_i_b.
1287 5100 1466 5142 contra
1491 5092 1666 5155 Noet.,
1689 5078 1840 5148 n'um.
1862 5096 1918 5147 ll
1949 5078 2004 5148 et
2029 5095 2114 5148 12.

617 5148 726 5287 (ig;
763 5148 819 5202 s.
851 5148 1144 5232 l—lippolvt.,
1176 5158 1271 5232 iiii.
1310 5171 1488 5213 contra
1515 5148 1690 5222 Νοοιζ,
1722 5179 1873 5217 ιιιιιιι.
1897 5166 1949 5218 9.

617 5219 703 5281 tle
769 5216 827 5270 S.
852 5217 1124 5287 Hippolyti
1160 5225 1352 5287 lragm.
1391 5236 1443 5277 et
1469 5235 1707 5287 excerpt.
1735 5242 1801 5280 ex
1846 5232 1949 5280 Con

617 5216 732 5298 liii).
769 5216 834 5300 Si:
852 5216 1138 5300 Hippolyti
1160 5225 1352 5300 fragm.
1391 5236 1443 5300 et
1469 5216 1707 5300 excerpt.
1735 5216 2116 5300 chDSLLoinmeu-

540 5287 679 5337 rario
715 5287 1016 5342 incnesiu
1055 5287 1124 5344 cx
1166 5287 1528 5349 88'Patribus
1578 5287 1822 5350 collecto.
1872 5297 2028 5352 Tom.
2070 5299 2113 5352 ll

541 5355 680 5436 _0pp_.
707 5359 847 5426 apud
888 5358 1222 5436 fabricium,
1257 5378 1378 5436 pag.
1409 5365 1478 5417 22
1513 5373 1564 5419 et
1592 5367 1681 5430 26;
1721 5375 1773 5419 et
1806 5369 1948 5436 apud
1991 5369 2116 5424 Gal-

541 5424 715 5502 land._.
743 5424 943 5502 i9m_._ll
973 5429 1235 5502 Biblioth.
1257 5424 1402 5497 Pii,
1435 5450 1554 5502 pag.
1584 5424 1686 5489 477
1714 5448 1765 5490 et
1791 5424 1913 5490 480.

612 5497 723 5562 (14)
758 5498 815 5576 S_.
841 5499 1148 5576 llippolyt.,
1185 5501 1278 5554 lib.
1308 5502 1385 5576 μς
1417 5497 1767 5566 ᾸιιὶίεΙη·ἰ.ςιο,
1802 5506 1920 5575 §58
1943 5549 1956 5569 ,
1986 5524 2110 5576 pag.

537 5553 638 5627 28‘;
663 5553 805 5646 apud
837 5553 1076 5646 Fabric-.3
1105 5553 1275 5646 tonio

538 5648 661 5702 pag.
703 5637 828 5702 438,
858 5649 986 5692 tom.
1022 5640 1065 5692 ll
1095 5640 1351 5694 Bibliot/z.
1383 5637 1493 5697 PP.

613 5705 913 5788 tlSleeni
943 5712 995 5761 in
1027 5709 1254 5788 __Cantic.
1277 5752 1291 5774 ,
1316 5721 1468 5788 tom.
1500 5713 1518 5766 Ι
1547 5714 1707 5788 Opp.,
1743 5733 1868 5788 pag.
1897 5718 2024 5780 270,
2060 5729 2113 5774 et

535 5780 674 5898 233..
710 5774 773 5841 ll,
805 5793 860 5846 p.
887 5779 920 5831 4
947 5789 1000 5833 et
1023 5780 1090 5847 5;
1116 5792 1170 5835 et
1187 5782 1327 5851 apud
1353 5774 1950 5853 Galland:,'toiii.gcit.,
1988 5774 2108 5860 pag.

613 5914 724 5986 (15)
761 5916 1031 5996 Μειη,1ί1›.
1086 5922 1139 5974 in
1173 5921 1308 5976 Dan.
1354 5935 1402 5979 et
1431 5921 1652 5994 Susum,
1710 5935 1842 5984 tom.
1895 5928 1912 5982 l
1950 5929 2107 6001 Opp.,

2222 4743 2327 4796 hoc
2352 4740 2590 4794 Danielis
2615 4748 2776 4808 caput
2796 4748 3052 4807 tanquam
3082 4737 3186 4790 illis
3217 4735 3580 4800 invidiosum,
3614 4744 3670 4789 ct
3693 4747 3798 4802 quo

2223 4843 2432 4888 tantum
2466 4833 2645 4888 scelus
2672 4847 2882 4896 eorum,
2912 4824 3346 4900 quos'Babylone
3369 4826 3597 4896 judiccs
3637 4827 3800 4880 habe-

2220 5017 2504 5142 pagéiﬁ,
2535 5026 2588 5072 et
2613 5016 2754 5087 apud
2788 5015 3056 5083 Galland.,
3091 5031 3213 5085 pag.
3251 5012 3373 5068 446.
3409 5011 3579 5068 Conf.
3617 5012 3802 5066 Tobire

2223 5105 2305 5142 ιιι.
2416 5129 2430 5142 .

2223 5105 2305 5153 ιιι,
2339 5105 2430 5142 24.

2292 5161 2403 5230 (l7)
2437 5157 2708 5227 Integrum
2737 5157 2916 5230 enim.
2939 5169 2998 5212 ut
3024 5171 3184 5230 supra
3206 5154 3473 5230 diximus.
3511 5169 3805 5230 commen-

2221 5227 2420 5284 tarium
2472 5229 2713 5283 exaravit
2762 5229 2816 5280 in
2868 5228 3146 5282 historiam
3201 5227 3498 5289 Susannrc;
3562 5227 3799 5280 alterum

2220 5301 2482 5371 probatur
2532 5316 2595 5353 ex
2633 5299 2718 5371 his
2749 5299 2808 5371 S.
2845 5297 3114 5371 Hippolyti
3171 5297 3387 5371 verbis:
3439 5315 3457 5346 ι
3502 5294 3616 5348 Sed
3655 5297 3801 5351 enim

2222 5367 2398 5440 neque
2427 5371 2656 5440 sapiens
2679 5368 2862 5423 Daniel
2900 5370 2982 5423 bis
3016 5384 3080 5421 ex
3117 5382 3209 5440 ore
3243 5367 3462 5419 leonum
3497 5378 3797 5440 cr_eptus_.o_

2221 5434 2324 5496 etc:
2363 5434 2596 5494 Sanctus
2618 5439 2957 5510 Hippolytus,
2985 5455 3107 5493 cum
3133 5437 3364 5510 fateatur
3412 5434 3804 5510 quodADaniel

2222 5512 2364 5564 binis
2398 5511 2608 5564 vicibus
2632 5506 2879 5564 faucibus
2912 5511 3125 5562 leonum
3162 5508 3394 5561 traditus
3445 5506 3624 5560 fuerit
3672 5507 3809 5560 dila-

2221 5581 2525 5644 cerandus,
2577 5581 2882 5634 necessario
2917 5581 3132 5634 admisit
3166 5577 3450 5632 historiam
3498 5575 3662 5638 Beli,
3701 5571 3824 5646 qua

2220 5652 2287 5704 de
2320 5665 2485 5704 causa
2519 5651 2609 5703 hic
2643 5652 2898 5718 propheta
2941 5649 3173 5704 secunda
3214 5649 3330 5718 vice
3373 5648 3545 5718 rabici
3603 5649 3806 5701 harum

2225 5721 2483 5774 feracium
2533 5717 2826 5774 bestiarum
2877 5721 3153 5789 expositus
3211 5717 3330 5789 fuit.
3375 5717 3698 5789 llippolyt.,
3738 5718 3809 5789 Ite

2224 5793 2407 5843 trudit.
2441 5798 2772 5857 apost.,tom.
2809 5789 2826 5842 l
2857 5787 3016 5859 Opp.,
3054 5789 3193 5858 apud
3226 5787 3466 5860 F:ili_ric.,
3501 5787 3640 5860 pag.
3677 5787 3809 5850 2&7,

2221 5872 2272 5916 et
2306 5862 2446 5932 apud
2481 5861 2752 5926 Galland.,
2775 5857 2917 5916 tom.
2944 5864 3060 5926 cit.,
3091 5857 3216 5931 pag.
3254 5857 3378 5913 501.
