3882 6500
569 506 674 562 551

1548 497 1635 553 DE
1670 497 1831 553 VITA
1870 497 1960 553 ET
2002 494 2311 554 SCRIPTIS
2343 495 2402 551 S.
2436 491 2817 550 HIPPOLYTI.

3675 493 3768 541 502'.

571 622 780 679 scilicet
799 618 1017 683 Filium,
1039 632 1282 688 passum,
1307 615 1448 672 sicut
1467 629 1662 683 passus
1684 622 2135 683 est;mortuum,
2165 618 2205 674 Α
2237 611 2397 666 Pater
2437 610 2532 665 lib.
2584 609 2660 663 De
2702 607 3060 672 Antichristo,
3103 619 3221 674 cap.
3251 603 3308 664 1,
3357 599 3508 655 Pauli
3559 600 3769 668 apostoli

571 714 728 769 sicut'
748 719 997 766 mortuus
1021 702 1149 777 est;
1169 718 1222 765 et
1262 707 1585 764 suscitatum
1631 707 1785 762 tertia
1821 706 1930 773 die,
1961 716 2014 762 et
2043 721 2131 761 se-

569 805 785 860 dentem
816 801 885 857 ad
917 801 1192 855 dexteram
1226 796 1436 863 Patris,
1468 806 1862 865 venturumque
1893 795 1959 852 ad
1984 796 2133 867 judi-

569 896 801 949 candum
837 894 988 949 vivos
1014 901 1068 946 et
1094 900 1354 947 mortuos.
1387 889 1563 959 Atque
1583 890 1699 943 hac
1730 888 1982 951 dicimus,
2011 903 2130 957 qua

568 985 877 1041 didicimus.
919 1003 937 1037 r
970 983 1111 1050 Quid
1158 983 1485 1037 luculentius
1518 981 1698 1035 dicere
1740 981 2009 1050 potuisset
2043 966 2131 1035 hic

568 1087 793 1133 sanctus
830 1077 989 1131 Pater
1035 1089 1135 1146 pro
1181 1074 1472 1133 asserenda
1520 1073 1813 1128 traditione
1850 1073 2126 1141 apostolo-

568 1167 978 1222 rum?Aecedit
1023 1167 1146 1228 his,
1197 1166 1342 1235 quod
1391 1166 1658 1234 integrum
1708 1172 1995 1220 tractatum
2055 1164 2132 1219 De

568 1259 929 1330 apostolorum
952 1259 1246 1313 traditione
1274 1257 1531 1313 exararit.

639 1352 885 1407 Conatur
916 1353 1133 1422 quidem
1180 1354 1296 1407 hac
1337 1359 1652 1419 argumenta
1700 1365 1798 1419 pro
1841 1349 2133 1404 traditione

569 1460 637 1497 ex
688 1443 744 1499 S.
782 1443 1068 1515 Hippolyto
1112 1445 1315 1515 petita,
1361 1444 1469 1498 alio
1522 1444 1643 1498 loco
1689 1458 1755 1496 cx
1790 1452 1979 1497 sancto
2030 1442 2134 1498 hoc

570 1535 732 1591 Patre
767 1538 1048 1607 desttmpto
1067 1578 1082 1602 ,
1120 1536 1375 1592 Albertus
1401 1537 1682 1592 Fabricius
1703 1535 1924 1592 elidere.
1956 1538 2133 1593 Locus

569 1638 749 1683 autem
778 1628 834 1683 S.
866 1627 1136 1699 Hippolyti
1162 1629 1233 1682 ita
1256 1637 1414 1683 sonat
1446 1628 1559 1698 (51)
1585 1644 1599 1680 :
1629 1648 1648 1681 ι
1676 1628 1830 1685 Unus
1862 1628 2001 1684 Deus
2026 1638 2129 1693 est,

570 1736 731 1789 quem
767 1736 872 1775 non
908 1721 1156 1786 aliunde,
1189 1720 1417 1784 fratres,
1452 1720 1835 1791 agnoscimus,
1870 1737 2032 1791 quam
2066 1736 2133 1775 ex

569 1811 774 1866 sanctis
799 1810 1111 1882 Scripturis.
1144 1812 1610 1879 Quemadmodum
1632 1813 1777 1867 enim
1806 1813 1853 1867 si
1876 1813 1998 1882 quis
2019 1813 2134 1867 vel-

569 1905 642 1958 let
669 1904 985 1972 sapientiam
1017 1906 1180 1974 hujus
1214 1905 1394 1959 saculi
1424 1919 1695 1968 exercere,
1720 1919 1827 1958 non
1852 1904 2008 1959 aliter
2030 1904 2133 1958 hoc

571 1995 829 2064 consequi
874 1996 1089 2064 poterit,
1126 1995 1234 2051 nisi
1277 1997 1530 2067 dogmata
1574 1997 2024 2067 philosophorum
2056 1996 2132 2051 le-

569 2096 697 2155 gat;
749 2086 830 2141 sic
881 2087 1195 2157 quicunque
1244 2088 1496 2144 volumus
1540 2090 1796 2159 pietatem
1853 2089 1907 2142 in
1961 2088 2131 2143 Deum

568 2193 845 2246 exercere,
872 2196 980 2234 non
1006 2180 1223 2236 aliunde
1244 2181 1519 2237 discemus
1545 2197 1708 2252 quam
1741 2198 1807 2236 ex
1838 2180 2135 2250 Scripturis

568 2271 787 2325 divinis.
841 2292 859 2324 ι
898 2271 1062 2327 Visus
1093 2282 1176 2329 est
1209 2273 1311 2329 sibi
1343 2273 1629 2330 Fabricius
1660 2276 1712 2328 in
1752 2276 1857 2330 hoc
1893 2275 2014 2329 loco
2052 2274 2136 2328 in-

567 2362 720 2431 signe
766 2364 832 2419 de
880 2363 1174 2434 Scriptura
1219 2366 1535 2422 sufﬁcientia
1563 2368 1933 2422 testimonium
1960 2366 2137 2420 anim-

568 2454 867 2509 advertere.
930 2456 1035 2510 Sed
1087 2457 1426 2512 traditionem
1460 2474 1491 2511 a
1519 2456 1796 2527 Scriptura
1826 2472 1934 2511 non
1960 2457 2136 2512 disso-

569 2543 679 2597 ciat
704 2542 1043 2615 Hippolytus,
1076 2545 1204 2600 dum
1231 2548 1484 2616 pietatem
1512 2566 1529 2598 t
1563 2562 1669 2601 non
1702 2546 1919 2602 aliunde
1948 2565 1966 2599 ι
1992 2560 2136 2615 repe-

571 2636 655 2697 tit,
679 2654 697 2687 t
725 2653 889 2705 quam
916 2653 981 2692 ex
1017 2638 1311 2709 Scripturis
1345 2640 1566 2695 divinis.
1606 2658 1623 2691 ›
1650 2639 1768 2695 Νοη
1797 2641 1940 2695 enim
1974 2641 2135 2695 aliam

572 2726 818 2781 defendit
862 2740 1051 2783 contra
1110 2730 1388 2785 haereticos
1438 2731 1937 2801 interpretationem
1991 2730 2139 2786 Scri-

572 2829 779 2889 ptura,
831 2837 993 2890 quam
1044 2838 1164 2891 qua
1198 2820 1452 2877 Ecclesia
1508 2823 1796 2878 traditione
1842 2804 2150 2879 nitebatur.

571 2911 910 2982 Quapropter
959 2914 1137 2968 verbis
1196 2914 1360 2969 modo
1406 2915 1583 2970 citatis
1638 2916 1801 2985 paulo
1853 2923 1975 2984 post
2024 2917 2139 2970 hac

570 3005 722 3060 addit
758 3025 770 3060 :
822 3007 912 3079 Μὴ
948 3009 1067 3061 κατ’
1114 3007 1248 3061 ἰδίαν
1292 3008 1641 3079 προαίρεσιν,
1680 3008 1814 3079 μηδὲ
1854 3008 1974 3062 κατ’
2010 3008 2139 3062 ἴδιον

569 3095 713 3162 νοῦν,
764 3099 895 3168 μηδὲ
948 3096 1256 3169 βιαζόμενοι
1290 3099 1354 3152 τὰ
1404 3100 1510 3151 ὑπὸ
1557 3099 1648 3152 τοῦ
1684 3098 1817 3152 Θεοῦ
1859 3099 2135 3171 δεδομένα.

575 3204 594 3236 ι
634 3184 751 3240 Non
786 3188 1082 3241 secundum
1128 3189 1402 3257 propriam
1440 3188 1772 3243 voluntatem
1796 3229 1810 3253 ,
1843 3204 2019 3259 neque
2054 3203 2140 3243 se-

2229 703 2537 773 exemplum
2561 709 2803 763 secutus,
2836 699 2929 770 qui
2956 697 3297 751 Timotheum
3328 711 3347 745 t
3375 692 3443 747 ad
3483 690 3767 760 depositum

2232 792 2685 859 custodiendum,
2735 800 2899 861 atque
2943 790 3009 843 ad
3059 803 3127 842 ea
3181 784 3429 839 fidelibus
3479 781 3769 836 hominibus

2230 883 2682 948 commendanda,
2717 899 2840 953 qua
2865 882 2963 935 abs
3003 896 3061 935 se
3103 894 3199 948 per
3234 877 3433 931 multas
3464 872 3768 928 exhortatio-

2231 990 2327 1031 nes
2360 975 2625 1040 audierat,
2664 992 2684 1025 ι
2718 971 3070 1034 hortabatur;
3103 968 3218 1038 pari
3249 966 3475 1020 ratione
3517 962 3770 1033 Theophi-

2234 1066 2344 1120 lum
2373 1081 2532 1121 suum
2556 1065 2899 1119 traditionem
2926 1063 3151 1116 edocere
3179 1059 3534 1128 comperitur.

2748 1150 3145 1209 ARTICULUS
3192 1150 3280 1205 lli.

2439 1266 2505 1303 DE
2558 1263 2818 1303 MVSTERIO
2856 1260 3208 1301 SANCTISSIME
3251 1256 3586 1297 TRINITATIS.

2306 1340 2491 1395 Uttitas
2518 1348 2722 1393 natura
2752 1346 2802 1393 et
2829 1337 3100 1390 distinctio
3132 1335 3515 1389 Personarum.
3539 1329 3779 1382 —Casti-

2233 1435 2509 1507 gatissime
2537 1434 2778 1503 loquitur
2811 1441 3032 1487 sanctus
3064 1429 3383 1499 Hippolytus
3426 1426 3494 1480 de
3540 1423 3779 1494 mysterio

2233 1525 2593 1580 sanctissima
2650 1521 2960 1589 Trinitatis,
3004 1527 3295 1590 aperteque
3344 1516 3587 1572 declarat
3640 1514 3776 1567 fidem

2233 1617 2376 1672 circa
2397 1616 2656 1671 unitatem
2684 1623 2892 1669 natura
2909 1622 2962 1668 et
2986 1612 3385 1667 distinctionem
3408 1607 3777 1662 Personarum.

2236 1710 2326 1763 Sic
2353 1718 2531 1763 autem
2560 1708 2648 1762 ille
2694 1707 2772 1761 ait
2812 1706 2867 1760 in
2897 1714 3131 1761 tractatu
3165 1713 3349 1757 contra
3376 1700 3609 1754 Noetum
3644 1698 3777 1768 ('59.):

2240 1817 2259 1851 ι
2296 1797 2531 1853 Verbum
2567 1805 2684 1852 erat
2723 1796 2865 1867 apud
2910 1793 3079 1850 Deum
3101 1837 3115 1862 ,
3144 1803 3197 1848 et
3223 1792 3367 1847 Deus
3396 1800 3516 1846 erat
3538 1788 3778 1844 Verbum.

2234 1887 2374 1954 Quid
2424 1888 2586 1957 ergo?
2615 1887 2831 1941 Dicetne
2884 1885 3079 1955 aliquis
3124 1884 3302 1938 dicere
3348 1881 3618 1936 Joannem
3666 1880 3781 1934 duos

2162 1953 2209 2013 Β
2239 1953 2417 2035 Deos?
2449 1953 2598 2035 Duos
2642 1978 2863 2048 quidem
2902 1953 3008 2031 non
3038 1976 3213 2031 dicam
3243 1973 3447 2043 (Deos),
3479 1972 3578 2026 sed
3612 1984 3781 2025 unum.

2236 2066 2503 2129 Personas
2528 2088 2656 2127 vero
2686 2073 2858 2136 duas;
2900 2068 3261 2126 ceconomiam
3302 2066 3547 2130 tertiam,
3575 2064 3782 2133 gratiam

2208 2165 2358 2221 .dico
2409 2163 2643 2235 Spiritus
2685 2164 2881 2219 sancti.
2918 2181 2937 2215 ›
2971 2160 3213 2216 Gratiam
3262 2158 3491 2228 appellat
3545 2157 3651 2210 boc
3682 2156 3784 2208 loco

2237 2257 2497 2328 Spiritum
2543 2264 2813 2319 sanctum,
2863 2252 2989 2324 quia
3036 2252 3253 2307 divinus
3285 2252 3385 2304 iste
3436 2248 3676 2317 Spiritus
3717 2257 3787 2301 est

2236 2347 2359 2404 fons
2388 2348 2631 2403 omnium
2655 2348 2944 2410 donorum,
2968 2358 3091 2414 qua
3127 2342 3272 2396 Deus
3296 2339 3620 2394 hominibus
3645 2338 3788 2407 largi-

2235 2450 2345 2495 tur.
2376 2459 2396 2492 t
2423 2439 2582 2494 Pater
2612 2437 2830 2508 quidem
2862 2452 3004 2491 unus
3040 2431 3409 2505 (prosequitur
3453 2428 3513 2483 S.
3544 2427 3785 2498 Hippoly-

2236 2534 2369 2602 tus),
2395 2532 2650 2588 Persona
2672 2546 2801 2585 vero
2834 2530 2974 2595 dua,
3005 2527 3133 2598 quia
3181 2525 3384 2589 Filius;
3417 2523 3583 2577 tertia
3626 2533 3786 2574 autem

2240 2624 2478 2693 Spiritus
2531 2632 2770 2677 sanctus.
2806 2619 2966 2674 Pater
3010 2616 3252 2681 mandat,
3287 2612 3531 2667 Verbum
3562 2610 3785 2680 perﬁcit;

2237 2715 2410 2771 Filius
2454 2725 2634 2769 autem
2662 2712 2999 2777 ostenditur,
3029 2724 3124 2779 per
3158 2722 3318 2777 quem
3354 2703 3515 2757 Pater
3545 2702 3785 2757 creditur.

2237 2807 2567 2863 OEconomia
2594 2802 2970 2859 consensionis
2994 2800 3255 2869 redigitur
3298 2796 3364 2851 ad
3403 2810 3579 2849 unum
3605 2792 3785 2855 Deum;

2237 2916 2383 2957 unus
2410 2900 2554 2955 enim
2586 2910 2669 2953 est
2694 2897 2857 2959 Deus,
2888 2892 3248 2964 qui.mandat,
3277 2888 3461 2954 Pater;
3483 2887 3582 2957 qui
3600 2883 3785 2943 obedit,

2237 2994 2444 3059 Filius;
2475 2991 2572 3062 qui
2616 2991 2774 3044 docet
2827 2985 3109 3042 scientiam
3135 3023 3151 3048 ,
3205 2980 3440 3051 Spiritus
3494 2986 3737 3032 sanctus.
3771 2991 3787 3021 ι

2236 3087 2349 3143 Nec
2394 3098 2724 3156 quemquam
2768 3078 2971 3136 morari
3013 3076 3211 3131 debent
3261 3074 3375 3126 hac
3421 3070 3593 3123 verba
3624 3085 3637 3120 :
3668 3086 3688 3118 t
3714 3065 3790 3133 qui

2239 3178 2423 3236 obedit
2461 3175 2655 3241 Filius,
2699 3194 2716 3225 ›
2762 3173 2918 3242 quasi
2961 3169 3218 3223 laderent
3245 3162 3547 3233 perfectam
3574 3158 3794 3213 consub-

569 3277 807 3331 cundum
832 3278 1107 3347 pr0prium
1132 3293 1374 3344 sensum,
1396 3294 1569 3348 neque
1593 3280 1702 3333 vim
1731 3248 2024 3335 inferentes
2047 3280 2135 3344 iis,
2164 3303 2206 3361 ρ
2240 3266 2646 3326 Stanlialitalem
2669 3261 2915 3317 Ρθιῐίεει
2942 3258 3062 3312 Filii
3087 3274 3101 3322 ;
3134 3270 3278 3321 nam,
3309 3262 3370 3307 υῑ
3390 3250 3611 3321 θετεείθ
3634 3248 3793 3302 anim‘

2434 3360 2437 3361 ,
2516 3356 2551 3361 _
2728 3352 2760 3361 η
2800 3352 2869 3361 ....
2942 3352 2951 3361 ι
3086 3348 3188 3361 ι-ιινι
3308 3345 3321 3361 I
3349 3344 3453 3361 ι---
3556 3336 3793 3361 1Α-..--Ᾱί

569 3384 691 3437 qua
739 3385 766 3420 a
803 3369 912 3424 Deo
944 3370 1068 3423 data
1111 3378 1257 3424 sunt.
1292 3389 1310 3422 ι
1355 3370 1621 3425 Praterca
1672 3370 1898 3426 Noetum
1944 3371 2138 3425 merito

570 3461 803 3528 ejectum
851 3476 883 3515 a
936 3462 1265 3530 presbyteris
1316 3475 1503 3516 narrat
1537 3478 1587 3517 c.
1616 3464 1668 3527 ‘l,
1697 3462 1844 3533 quod
1884 3462 2141 3518 Ecclesia

569 3553 961 3615 traditionem,
1016 3568 1179 3622 quam
1235 3554 1284 3608 ei
1348 3555 1696 3624 objicicbant,
1733 3555 2138 3624 contempserit.

572 3642 833 3695 Dicebant
879 3642 1021 3695 enim
1071 3641 1243 3697 Noeto
1284 3644 1585 3715 presbyteri
1620 3644 1876 3709 Ecclesia
1912 3659 1924 3695 :
1956 3641 2142 3695 Ταῦτα

571 3729 800 3799 λέγομεν
838 3730 873 3784 ἃ
916 3730 1212 3801 ἐμάοομεν.
1255 3749 1272 3782 t
1315 3730 1440 3787 Hac
1478 3732 1746 3797 dicimus,
1788 3746 1911 3801 qua
1950 3730 2142 3785 didici-

571 3838 718 3877 mus.
761 3842 779 3875 ›
817 3822 911 3878 His
954 3824 1110 3890 adde,
1154 3839 1264 3878 non
1315 3823 1541 3878 dubium
1577 3838 1697 3878 esse
1739 3825 1870 3895 quin
1921 3831 2142 3878 sanctus

574 3925 782 3988 martyr
809 3916 861 3970 in
898 3917 1001 3971 hoc
1030 3918 1281 3971 adversus
1312 3916 1533 3971 haereses
1565 3932 1747 3987 opere,
1780 3916 1939 3985 cujus
1968 3927 2140 3970 mate-

571 4010 710 4064 riam
748 4025 814 4064 ex
861 4010 1018 4064 libris
1064 4011 1256 4065 Irenai
1300 4018 1491 4064 mutuo
1531 4018 1870 4078 sumpserat;
1898 4009 2141 4064 traditio-

572 4118 699 4157 nem
730 4113 784 4159 et
808 4104 1063 4159 Ecclesia
1091 4104 1471 4158 auctoritatem
1501 4102 1689 4157 lrenai
1710 4103 1957 4173 exemplo
1986 4117 2141 4156 acer-

572 4194 710 4249 rime
741 4195 1059 4251 defenderit.
1100 4196 1241 4253 Hinc
1282 4199 1415 4252 item
1464 4196 1684 4251 eliditur
1728 4196 1957 4251 alterum
1989 4195 2141 4266 ejus-

574 4286 697 4340 dem
724 4285 956 4340 Fabricii
992 4288 1095 4341 hac
1120 4287 1235 4357 ipsa
1277 4288 1344 4342 de
1373 4303 1433 4342 re
1469 4294 1858 4349 commentum,
1904 4300 2014 4355 quo
2042 4285 2143 4339 ite-

576 4390 701 4429 rum
740 4375 841 4428 sibi
887 4376 1041 4430 finxit
1085 4375 1431 4448 Hippolytum
1463 4376 1628 4430 veluti
1673 4376 1967 4445 Scriptura
1997 4374 2145 4431 sufﬁ-

575 4466 830 4522 cientiam
863 4477 1197 4523 astruentem
1230 4468 1372 4524 infra
1407 4485 1527 4539 cap.
1560 4470 1647 4534 l7,
1674 4470 1767 4524 ubi
1795 4476 2017 4523 sanctus
2040 4466 2145 4522 Pa-

575 4567 658 4612 ter
684 4559 750 4613 ad
784 4558 1111 4613 credendum
1142 4561 1289 4614 κατὰ
1319 4561 1417 4631 τὴν
1451 4561 1747 4634 παράδοσιν
1780 4560 1888 4615 τῶν
1919 4560 2145 4614 ἀποστό-

2240 3360 2470 3417 advertit
2516 3356 2675 3410 Pater
2721 3352 3026 3407 Ceillierius
3081 3348 3193 3419 (35)
3219 3388 3234 3413 ,
3308 3344 3460 3398 hisce
3556 3336 3795 3409 loquendi

2244 3451 2493 3508 formulis
2536 3448 2623 3504 usi
2672 3454 2801 3501 sunt
2833 3444 3019 3498 Patres
3065 3437 3289 3496 secundi
3323 3443 3377 3490 et
3409 3433 3563 3488 tertii
3609 3430 3795 3489 saeculi.

2241 3554 2296 3600 et
2327 3542 2549 3614 quidem
2589 3538 2707 3593 sine
2736 3534 3067 3598 oﬂensione;
3100 3531 3204 3584 hac
3244 3525 3432 3597 pltrasi
3472 3539 3617 3579 usus
3644 3531 3724 3576 est
3745 3517 3797 3572 S.

2242 3633 2478 3689 lrenaus
2503 3630 2708 3698 absque
2737 3626 2848 3679 ullo
2884 3622 3141 3691 scrupulo
3172 3619 3313 3690 ('54);
3346 3631 3411 3675 ac
3454 3616 3562 3670 etsi
3596 3615 3679 3668 ba
3705 3614 3801 3665 for-

2242 3724 2401 3779 mula
2436 3704 2697 3791 loquendi
2742 3717 3058 3771 viderentur
3101 3710 3281 3764 favere
3329 3708 3551 3761 Ariana
3600 3700 3799 3764 baresi,

2241 3812 2598 3872 nihilominus
2622 3808 2784 3864 etiam
2827 3815 2950 3877 post
2980 3803 3270 3859 concilium
3301 3797 3589 3855 Nicanum
3624 3797 3679 3850 in
3710 3794 3801 3846 Pa-

2242 3908 2419 3963 tribus
2438 3910 2754 3965 occurrunt,
2780 3909 2837 3954 ut
2865 3898 3048 3952 videre
3074 3904 3158 3950 est
3199 3895 3254 3948 in
3289 3892 3413 3947 divo
3448 3889 3660 3943 Basilio
3679 3886 3800 3956 ('55),

2241 4000 2367 4055 divo
2387 3994 2684 4051 Athanasio
2710 3991 2845 4063 ('56),
2870 3999 2924 4044 et
2943 3986 3113 4042 Mario
3134 3984 3414 4039 Victorino
3442 3981 3587 4052 (37).
3608 3979 3804 4046 Quippe

2238 4092 2393 4162 juxta
2444 4088 2641 4159 stylum
2689 4090 2934 4138 veterum
2999 4078 3404 4147 theologorum,
3466 4074 3556 4126 ha
3616 4083 3800 4131 voces,

2249 4154 2267 4232 λ
2299 4154 2565 4247 imperare
2597 4182 2652 4228 et
2671 4170 2908 4236 obedire,
2940 4187 2958 4219 ι
2987 4165 3204 4237 quando
3228 4165 3294 4218 de
3325 4159 3590 4215 Personis
3622 4154 3805 4211 divinis

2245 4284 2426 4329 sermo
2456 4277 2559 4335 est,
2590 4282 2699 4323 non
2732 4261 3039 4333 significant
3069 4272 3231 4313 unam
3262 4254 3412 4309 alteri
3449 4252 3724 4320 imperare
3748 4261 3804 4299 eo

2243 4365 2408 4423 modo
2449 4376 2557 4432 quo
2590 4357 2844 4414 dominus
2880 4351 3084 4407 famulo
3111 4364 3211 4405 suo
3236 4343 3509 4416 pracipit;
3549 4342 3649 4396 scd
3678 4337 3805 4392 desi-

2245 4468 2417 4531 gnant
2467 4456 2811 4513 solummodo
2840 4446 3257 4505 consensionem
3292 4438 3594 4495 voluntatis
3629 4437 3683 4491 in
3716 4433 3799 4487 Pao

2244 4529 2330 4609 tre
2358 4560 2410 4608 et
2432 4550 2602 4615 Filio;
2632 4561 2736 4601 non
2769 4557 2926 4599 secus
2953 4554 3017 4594 ac
3046 4538 3091 4593 si
3114 4535 3237 4606 quis
3267 4533 3469 4587 diceret
3493 4529 3672 4598 quod,
3695 4542 3804 4581 cum

1375 4614 1386 4631 ι
1532 4614 1551 4634 ιν
1576 4614 1581 4615 ⁷
2590 4614 2593 4615 ν
3186 4614 3187 4617 η

575 4651 703 4717 λων,
736 4671 755 4703 t
787 4653 1086 4708 secundum
1122 4654 1464 4709 traditionem
1487 4655 1879 4723 apostolorum,
1911 4671 1929 4703 ι
1956 4652 2140 4708 fideles
2170 4648 2216 4702 D
2244 4643 2402 4699 Pater
2453 4639 2736 4697 statuisset
2780 4632 3042 4689 mundum
3085 4628 3315 4683 condere
3352 4624 3449 4693 per
3482 4636 3655 4676 suum
3686 4617 3805 4671 Ver-

574 4743 847 4799 bortatur.
897 4745 974 4799 lbi
1029 4761 1284 4816 namque,
1318 4762 1385 4801 ne
1433 4746 1556 4816 quis
1602 4754 1753 4814 putet
1789 4745 2139 4799 traditionem

574 4849 796 4904 quoque
841 4845 1032 4904 prater
1068 4834 1403 4903 Scripturam
1439 4843 1688 4888 sanctum
1720 4841 2013 4903 martyrem
2048 4831 2142 4885 ad-

575 4928 813 4993 misisse,
881 4928 1111 4984 sollicite
1168 4928 1450 4983 Fahricius
1511 4928 1626 4981 hac
1693 4926 1950 4981 adnotat:
1986 4943 2004 4976 ι
2038 4925 2144 4977 Πα-

581 5019 793 5090 ράδοσιν
836 5020 1227 5091 ὰποστολικήν,
1265 5018 1359 5075 sed
1412 5034 1575 5089 quam
1620 5033 1749 5072 mox
1800 5032 1868 5072 ex
1926 5016 2142 5085 scriptis

578 5113 892 5182 apostolicis
932 5113 1237 5168 clarissime
1283 5121 1538 5167 testatam
1582 5109 1712 5165 facit
1743 5108 2080 5180 Hippolytus.
2118 5127 2136 5159 ι

577 5202 855 5260 Incassum
890 5205 1102 5260 laborat
1134 5206 1221 5260 ltic
1249 5205 1588 5261 scholiastes.
1620 5202 1897 5273 Siquidem
1922 5210 2142 5256 sanctus

646 5331 1594 5407 (§l)S.Hippolyt.,ContraNoetum,
1621 5352 1741 5407 cap.
1768 5336 1822 5391 9:

647 5402 760 5476 (Et?)
882 5406 1175 5476 Hippolyt.,
1205 5404 1402 5461 Contra
1433 5402 1707 5472 Noetum,
1741 5422 1861 5474 cap.
1888 5404 1974 5457 M.

647 5472 785 5548 (55)
810 5472 1237 5548 RemiiCeillier,
1272 5477 1415 5533 Hist.
1466 5478 1706 5548 générale
1754 5472 1842 5530 de:
1892 5485 2141 5540 auteurs,

575 5544 809 5617 tom_.__ll_,
840 5562 961 5617 pag.
995 5546 1118 5600 566.

671 5612 944 5682 54)1Γ‹Ξη.ξ
978 5618 1071 5670 lib.
1103 5632 1153 5669 tv
1184 5614 1316 5667 Adv.
1355 5616 1539 5669 haeres.
1564 5630 1682 5683 cap.
1716 5613 1801 5669 75.

673 5684 765 5754 35)
798 5684 985 5754 Basil.,
1016 5687 1108 5740 lib.
1136 5686 1212 5739 De
1242 5683 1447 5754 Spiritu
1480 5684 1560 5749 S.,
1594 5701 1713 5753 cap.
1747 5685 1832 5738 16.

674 5753 763 5819 56)
792 5753 1077 5821 Albanas,
1108 5765 1246 5810 orat.
1278 5755 1477 5808 Contra
1508 5765 1703 5823 gentes.

675 5823 764 5892 37)
795 5824 930 5879 Mar.
966 5825 1247 5888 Victorin.,
1280 5826 1373 5878 lib.
1406 5841 1421 5877 ι
1463 5824 1533 5877 De
1562 5839 1735 5875 rerum
1758 5824 2035 5875 creatione.

651 5890 766 5966 (58)
800 5913 819 5946 ι
858 5896 972 5951 Una
999 5898 1141 5950 enim
1178 5897 1356 5966 virtus
1392 5910 1455 5948 ex
1494 5900 1837 5966 to_to:__totut_tt
1870 5904 2009 5966 vero
2039 5890 2138 5945 Pa-

579 5961 683 6029 ter,
711 5961 777 6020 ex
823 5981 930 6036 quo
968 5967 1137 6022 virtus
1174 5965 1430 6021 Verbum.
1472 5981 1489 6015 ι
1534 5962 1588 6017 S.
1623 5961 1915 6032 llippolyt.,
1947 5963 2142 6017 Contra

2245 4736 2395 4800 bum,
2426 4732 2482 4786 id
2515 4745 2624 4786 non
2671 4727 2799 4783 fecit
2848 4726 2964 4780 sine
3009 4722 3287 4776 voluntate
3330 4714 3493 4769 Verbi
3540 4713 3635 4767 sui
3683 4709 3807 4779 (58),

2243 4826 2386 4897 quod
2413 4833 2496 4880 est
2521 4836 2625 4877 una
2652 4821 2949 4887 eademque
2973 4829 3095 4869 cum
3129 4827 3195 4868 eo
3223 4807 3524 4865 substantia
3548 4824 3564 4872 ;
3605 4804 3687 4860 uti
3705 4804 3809 4873 jam

2243 4919 2350 4973 alio
2378 4918 2500 4971 loco
2525 4914 2784 4975 diximus,
2817 4919 2871 4964 et
2899 4906 3064 4962 modo
3094 4904 3269 4958 fusius
3298 4898 3521 4971 patebit.

2316 5029 2335 5060 ι
2370 5008 2552 5074 Pater,
2591 5004 2763 5078 pergit
2808 5001 2866 5057 S.
2912 4998 3252 5070 Hippolytus,
3296 5000 3381 5049 est
3410 5005 3580 5060 super
3610 4986 3808 5049 omnia,

2242 5099 2417 5156 Filius
2446 5114 2543 5168 per
2570 5097 2776 5161 omnia,
2802 5093 3039 5164 Spiritus
3060 5094 3282 5145 sanctus
3309 5086 3363 5139 itt
3392 5083 3661 5138 omnibus
3684 5078 3807 5149 ('59).

2242 5194 2409 5248 Aliter
2436 5191 2605 5247 Deum
2638 5204 2807 5244 unum
2856 5184 3155 5255 intelligere
3201 5196 3311 5235 non
3356 5192 3683 5249 possumus,
3714 5172 3807 5227 nisi

2246 5326 2793 5395 Noetum,num.il.r
2936 5393 2945 5395 _
3017 5391 3032 5395 _
3099 5389 3131 5395 _
3232 5386 3270 5395 _
3313 5387 3326 5395 _
3549 5379 3581 5395 η
3718 5377 3807 5395 Α.

2315 5378 2869 5471 ἱέἐῆἲᾜῦἰῆίρὶέυιυε
2900 5393 2976 5447 ait
3002 5391 3069 5446 de
3099 5386 3428 5471 Deo,Epl_tc.s.
3452 5379 3690 5471 ivit-iit

2250 5491 2268 5524 t
2305 5453 2390 5526 est
2409 5453 2577 5539 super
2603 5466 2890 5539 omnia,_et
2928 5478 3021 5531 per
3049 5453 3253 5539 omnia,
3278 5453 3338 5511 et
3376 5453 3759 5539 innomlyibpft
3791 5466 3807 5499 ι

2244 5522 2665 5596 ίιυέένιίειτεοηθε
2714 5522 2992 5604 designat,
3027 5539 3081 5604 et
3125 5528 3385 5604 unitatem
3434 5524 3527 5604 Dei
3572 5523 3632 5604 in
3664 5522 3809 5604 illis:

2242 5593 2369 5681 quia
2420 5608 2581 5662 unius
2634 5593 2987 5681 ejusdemque
3032 5599 3247 5679 virtutis
3293 5612 3362 5677 ac.
3402 5593 3665 5681 potentia
3716 5598 3810 5681 est,

2242 5663 2368 5737 £5516
2386 5692 2548 5747 super
2576 5663 2757 5747 omina
2777 5716 2791 5739 ,
2820 5682 2874 5727 el
2902 5663 2997 5747 bet:
3024 5670 3226 5747 οῐζηιίξιν
3256 5676 3310 5721 et
3351 5663 3699 5747 i"7°",‘.,"i.l".‘s
3718 5668 3814 5747 i.“

2245 5730 2538 5805 secundum
2586 5730 2830 5799 ordinem
2865 5730 3227 5797 confessionis
3243 5746 3458 5809 sancta
3496 5730 3813 5809 Trinitatis,

2715 5813 2884 5889 Patri,
2919 5810 3215 5889 secundum
3243 5806 3403 5866 Filio,
3437 5800 3664 5889 tertium
3697 5797 3815 5889 Spi-

2244 5871 2621 5949 iituisaucto;
2649 5871 2882 5954 quiaest
2917 5880 3076 5954 tertia
3117 5879 3360 5954 l’_crs_ona_
3393 5871 3815 5954 semiudum-or-

2243 5941 2444 6015 dinem
2467 5941 2848 6020 confessionis,
2882 5960 2939 6006 ut
2970 5948 3175 6017 antiqui
3222 5943 3452 6011 theologi
3485 5941 3812 6009 loquuntur,
