3882 6502
960 194 972 221 Ι

142 302 223 357 355

1044 296 1132 351 DE
1174 296 1333 353 VITA
1370 299 1460 355 ET
1499 299 1812 357 SCRIPTIS
1847 303 1904 359 S.
1948 303 2331 361 HlPPOLYTl.
2362 306 2367 323 '

3185 322 3291 377 354

134 433 228 474 vere
248 414 456 480 Patri,et
475 411 628 478 Filio,
648 420 701 467 et
725 409 947 482 Spiritui
972 422 1162 468 sancto
1184 413 1469 471 credamus
1487 415 1621 487 (40).
1653 423 1698 478 Α
1727 427 1851 473 ctus
1877 420 2075 476 dicitur
2104 425 2295 480 tertius
2330 428 2531 497 gradus
2549 468 2565 494 ,
2599 429 2709 485 dici
2736 430 2898 487 etiam
2931 442 3111 502 potest
3141 439 3297 492 tertia
3322 420 3336 431 ’

134 509 301 567 Etenim
325 505 478 560 Judaei
506 502 717 559 Patrem
748 504 1207 576 gloriﬁcaverunt,
1241 507 1335 561 sed
1366 522 1476 560 non
1508 523 1628 578 ege-

132 608 233 655 runt
270 598 482 669 gratias;
530 596 799 666 siquidem
857 612 965 651 non
1012 606 1351 666 agnoverunt
1402 596 1620 653 Filium.

132 691 339 761 Discipuli
385 697 714 759 agnoverunt
750 687 981 754 Filium,
1027 688 1123 744 sed
1168 703 1279 743 non
1315 688 1372 744 in
1418 688 1624 759 Spiritu

131 791 304 847 sancto;
346 780 536 834 idcirco
576 787 931 850 negaverunt.
964 777 1156 835 Sciens
1187 780 1352 851 igitur
1382 778 1623 837 Verbum

130 873 261 928 Patris
300 870 640 927 (economiam
669 880 724 926 et
746 870 1078 925 voluntatem
1111 870 1308 938 Patris,
1340 872 1484 941 quod
1513 886 1624 927 non

130 963 213 1016 vult
233 961 365 1015 aliter
391 959 542 1014 Pater
574 958 891 1030 gloriﬁcari,
933 960 1036 1015 nisi
1072 960 1181 1027 sic;
1216 976 1340 1016 cum
1374 977 1621 1018 resurre-

130 1055 199 1117 xit,
224 1051 416 1107 tradidit
445 1052 548 1107 hoc
578 1051 864 1121 discipulis
900 1067 914 1104 :
964 1070 983 1104 ι
1022 1051 1246 1118 Euntes,
1289 1054 1486 1124 inquit,
1525 1055 1623 1111 do-

133 1154 264 1198 rcete
290 1158 463 1197 omnes
506 1153 724 1211 gentes,
772 1144 1109 1214 baptizantes
1152 1159 1247 1199 eos
1299 1145 1353 1198 in
1402 1146 1622 1202 nomine

130 1236 329 1302 «Patris,
358 1244 409 1291 et
436 1235 588 1301 Filii,
626 1245 681 1291 et
719 1235 954 1306 Spiritus
987 1237 1181 1292 sancti.
1223 1256 1242 1290 ι
1280 1236 1476 1293 Docuit
1507 1238 1617 1302 hic,

125 1327 230 1396 quod
265 1326 553 1396 quicunque
605 1343 773 1382 unum
821 1327 954 1397 quid
1002 1327 1199 1381 horum
1255 1328 1539 1394 omiserit,
1572 1329 1621 1384 is

123 1418 303 1487 periecte
346 1417 509 1473 Deum
562 1434 670 1473 non
727 1401 1068 1489 gloriﬁcavit.
1121 1419 1225 1475 Per
1277 1421 1417 1475 hanc
1472 1422 1618 1475 enim

124 1506 396 1573 Trinitatem,
413 1509 497 1562 διὰ
520 1509 621 1579 τῆς
639 1510 884 1581 Τριάδος,
906 1509 1063 1565 Pater
1089 1511 1437 1582 gloriﬁcatur.
1462 1509 1618 1568 Pater

122 1600 226 1653 enim
252 1600 419 1661 voluit,
450 1600 624 1657 Filius
664 1601 821 1668 fecit,
856 1601 1092 1672 Spiritus
1133 1612 1355 1659 sanctus
1393 1604 1620 1660 manife-

120 1701 225 1745 stum
250 1690 373 1744 fecit.
397 1688 629 1746 Necesse
650 1707 779 1761 ergo
807 1701 911 1758 est,
944 1693 1021 1747 ait
1051 1701 1272 1748 sanctus
1298 1693 1387 1749 hic
1406 1696 1616 1764 episco-

120 1798 192 1851 pus
227 1782 347 1851 (tl),
377 1791 464 1851 ut,
504 1784 758 1852 quamvis
801 1784 967 1851 nolit,
1003 1784 1327 1840 conﬁteatur
1368 1784 1612 1857 (Noetus)
1648 1765 1688 1819 Β

122 1871 282 1927 Patrem
319 1873 479 1929 Deum
524 1875 979 1945 omnipotentem,
1024 1886 1078 1931 et
1109 1877 1388 1932 Christum
1427 1877 1614 1935 Jesum

120 1964 261 2019 Filium
302 1965 419 2031 Dei,
473 1965 650 2021 Deum
700 1966 905 2022 factum
960 1967 1257 2034 hominem,
1298 1969 1384 2025 cui
1433 1972 1614 2026 omnia

119 2057 235 2112 Pater
260 2059 460 2129 subjicit
492 2068 693 2129 praeter
722 2075 779 2115 se
799 2101 814 2126 ,
850 2068 905 2115 et
949 2059 1212 2127 Spiritum
1257 2071 1526 2129 sanctum,
1559 2074 1614 2119 et

117 2150 187 2204 hos
220 2166 324 2206 vere
363 2166 480 2207 esse
520 2161 653 2208 tres.
685 2152 839 2218 Quod
886 2152 933 2206 si
987 2154 1101 2207 vult
1152 2154 1294 2210 scire
1339 2156 1614 2225 quomodo

117 2256 219 2296 unus
245 2241 368 2298 Deus
397 2244 818 2311 demonstretur,
854 2244 989 2300 sciat
1022 2259 1183 2299 unam
1214 2260 1333 2301 esse
1359 2246 1611 2302 virtutem

115 2332 197 2386 sive
227 2336 493 2403 potentiam
542 2336 728 2406 hujus.
768 2354 787 2387 ι

170 2420 283 2477 Sane
312 2439 459 2478 nemo
482 2424 887 2495 possetnostris
904 2424 1051 2480 hisce
1079 2428 1413 2497 temporibus
1440 2429 1611 2500 magis

115 2522 304 2567 accurate
333 2515 469 2584 loqui
506 2515 579 2570 de
608 2517 869 2585 mysterio
901 2518 1261 2574 sanctissima:
1305 2517 1607 2585 Trinitatis,

115 2618 229 2670 quam
248 2605 557 2675 loquebatur
588 2608 645 2661 S.
665 2606 1004 2679 Hippolytus,
1039 2610 1321 2681 quitertio
1354 2611 1611 2670 Ecclesia:

115 2696 256 2750 seculo
272 2696 451 2753 ﬁoruit.
482 2698 778 2769 Perspicue
801 2715 988 2757 revera
1004 2703 1277 2759 adorabile
1292 2705 1395 2760 hoc
1411 2716 1611 2778 myste-

114 2788 210 2840 rium
224 2801 581 2859 pertractatur,
599 2807 721 2847 cum
739 2792 936 2848 dicitur
949 2792 1164 2850 Patrem
1182 2811 1302 2851 esse
1319 2794 1509 2865 Deum,
1528 2798 1611 2854 Fi-

114 2882 205 2936 lium
218 2901 316 2941 esse
331 2885 514 2957 Deum,
537 2887 802 2959 Spiritum
815 2898 1060 2945 sanctum
1078 2906 1199 2947 esse
1219 2890 1387 2948 Deum
1408 2912 1421 2960 ;
1449 2904 1503 2949 et
1519 2896 1606 2948 ni-

112 2971 341 3034 hilominus
356 2995 521 3035 unum
541 2981 721 3035 solum
737 2997 857 3037 esse
872 2980 1065 3045 Deum,
1084 2984 1210 3053 quia
1227 2993 1336 3042 tres
1352 2986 1469 3041 ista:
1484 2985 1608 3041 Per-

111 3075 232 3134 suae,
243 3071 330 3125 etsi
343 3087 460 3128 vere
476 3072 549 3127 ab
568 3074 794 3128 invicem
819 3073 1106 3140 distinctae,
1127 3083 1255 3131 sunt
1270 3092 1377 3131 una
1393 3062 1609 3133 eadem-

112 3174 182 3226 que
198 3163 358 3230 virtus,
381 3166 492 3219 sive
509 3167 778 3236 potentia,
799 3166 1029 3237 ideoque
1046 3184 1187 3224 unus
1204 3176 1258 3223 et
1272 3170 1413 3224 idem
1443 3170 1607 3225 Deus.

117 3246 191 3305 Hoc
213 3269 303 3308 uno
342 3254 395 3310 S.
439 3255 715 3327 Hippolyti
753 3258 1120 3326 pulcherrimo
1148 3260 1458 3315 testimonio
1496 3273 1608 3316 tum

112 3344 201 3410 Arii,
216 3358 307 3404 tum
326 3354 538 3409 Sabellii
559 3355 811 3424 impietas
826 3355 1162 3428 proﬁigatur.
1183 3358 1315 3415 Tres
1330 3369 1458 3415 sunt
1473 3360 1609 3415 divi-

111 3436 401 3509 naPersonse,
419 3446 511 3501 sed
533 3463 679 3502 unus
695 3446 838 3504 Deus
855 3458 985 3503 sunt
1008 3468 1021 3503 :
1047 3464 1112 3504 en
1134 3458 1305 3505 totum
1326 3452 1610 3507 sanctissi-

110 3531 433 3594 ma'l’rinitatis
453 3542 795 3612 mysterium.
810 3540 1047 3597 Notante
1063 3542 1283 3611 insuper
1297 3544 1366 3598 cl.
1387 3542 1609 3600 Marano

109 3618 185 3690 (t2)
219 3629 358 3693 paqu
396 3639 544 3697 ante,
598 3646 717 3700 cap.
749 3632 1006 3689 nimirum
1047 3634 1116 3699 8,
1147 3644 1370 3690 sanctus
1404 3634 1609 3706 Hippo-

109 3710 206 3783 lytus
226 3721 417 3778 dixerat
449 3740 622 3779 unum
649 3724 819 3780 Deum
849 3741 971 3781 esse
996 3727 1295 3782 secundum
1326 3728 1603 3795 virtutem,

108 3808 185 3862 sive
217 3816 485 3871 secundum
530 3817 827 3872 essentiam
872 3818 1133 3883 divinam,
1165 3834 1286 3888 qua:
1317 3835 1423 3874 una
1450 3836 1609 3890 pror-

107 3914 170 3953 sus
190 3913 256 3958 est
290 3905 340 3960 in
377 3909 554 3964 tribus
596 3907 890 3975 Personis;
921 3910 1217 3965 secundum
1245 3920 1426 3966 autem
1460 3926 1607 3966 (Bco-

108 3994 281 4049 nomiam
318 4007 425 4055 tres
472 4000 746 4057 Personas
794 4002 1002 4057 ostendi
1034 4003 1321 4073 :intelligit
1367 4019 1519 4075 ergo,
1549 4018 1607 4060 ut

108 4077 398 4147 Tertullianus
430 4092 543 4163 (43)
567 4137 584 4161 ,
622 4095 943 4150 meonomize
979 4095 1232 4160 nomine,
1266 4114 1284 4148 ι
1318 4111 1603 4151 numerum

103 4185 138 4224 et
160 4176 527 4247 dispositionem
566 4183 865 4241 Trinitatis.
913 4205 934 4239 ι
978 4185 1093 4242 Hoc
1117 4198 1298 4242 autem
1324 4188 1443 4243 loco
1480 4204 1605 4258 gra-

104 4261 194 4317 tiam
216 4266 425 4338 Spiritus
450 4276 631 4331 sancti
651 4276 883 4346 appellat
899 4294 919 4327 t
941 4278 1151 4332 tertiam
1177 4279 1534 4335 oeconomiam
1551 4297 1565 4345 ;
1582 4298 1599 4329 ι

102 4356 166 4409 sed
206 4364 367 4419 eodem
415 4383 583 4424 sensu
635 4384 699 4424 ac
749 4367 1147 4436 Tertullianus,
1194 4370 1287 4441 qui
1341 4369 1601 4440 Spiritum

1635 3123 1677 3177 C

1725 512 2010 581 dispositio
2031 555 2047 579 ,
2091 517 2223 571 sive.
2248 522 2573 577 (economia.
2610 521 2789 580 Minus
2818 536 3074 583 accurate
3106 530 3163 585 in
3192 529 3298 587 La-

1726 604 1839 657 tina
1883 605 2329 677 interpretatione
2369 611 2673 669 incarnatio
2705 634 2725 667 ‹
2772 620 3092 675 (economiaa
3142 638 3163 673 ι
3198 638 3296 677 no-

1724 696 1870 751 mine
1894 697 2233 768 designatur,
2268 702 2323 757 in
2357 703 2443 760 his
2475 706 2676 773 verbis,
2702 722 2827 778 qua:
2853 709 3108 780 leguntur
3129 729 3180 770 c.
3213 715 3248 770 3
3276 732 3289 767 :

1724 787 1821 851 Τίς
1853 788 1963 860 γὰρ
1989 791 2089 843 οὐκ
2125 793 2242 864 ἐρεῖ
2271 794 2366 848 ἕνα
2403 796 2535 851 Θεὸν
2563 795 2734 865 εἶναι;
2769 802 2883 855 ἀλλ’
2916 804 2976 856 οὐ
3008 805 3109 875 τὴν
3147 807 3293 861 οἰκο-

1725 881 1915 952 νομίαν
1946 882 2250 957 ἀναιρήσει.
2287 906 2305 939 ι
2333 888 2467 955 Quis
2496 891 2641 946 enim
2669 909 2778 949 non
2806 896 2949 951 dicet
2974 914 3142 952 unum
3173 915 3296 957 esse

1724 968 1934 1027 Deum?
1962 990 2068 1028 non
2100 983 2279 1031 tamen
2313 982 2573 1037 continuo
2602 986 2963 1041 oeconomiam
2992 988 3065 1057 (id
3108 999 3189 1044 est
3212 991 3295 1044 in-

1724 1065 2117 1136 carnationem)
2171 1070 2407 1138 negabit.
2448 1090 2468 1124 ι
2503 1071 2622 1129 Νοη
2683 1076 3140 1144 incarnationem,
3195 1082 3292 1136 sed

1723 1169 2011 1211 numerum
2041 1166 2096 1213 et
2122 1159 2534 1230 dispositionem
2576 1165 2857 1225 Trinitatis
2892 1172 3203 1229 considerat
3230 1172 3288 1228 S.

1724 1246 2043 1321 Hippolytus
2072 1253 2177 1308 hoc
2204 1254 2260 1308 in
2288 1255 2429 1325 loco,
2460 1266 2515 1313 et
2546 1259 2794 1328 pluribus
2824 1262 2879 1318 in
2912 1265 3054 1319 aliis.

2242 1414 2639 1474 ARTICULUS
2678 1419 2767 1478 ιν.

1813 1562 1877 1599 DE
1916 1564 2231 1607 DIVINITATE
2268 1569 2397 1610 FlLll
2434 1572 2504 1611 ET
2555 1573 3191 1617 CONSUBSTANTIALITATE

2406 1642 2583 1683 VEBBI.

1789 1752 2051 1811 Divinitas
2083 1756 2238 1813 Filii.
2263 1790 2332 1800 —
2362 1760 2487 1818 Pari
2523 1766 2842 1835 praecisione
2876 1768 3122 1838 loquitur
3162 1786 3289 1825 san-

1722 1851 1841 1899 ctus
1865 1845 1967 1901 iste
1990 1848 2282 1919 episcopus
2312 1866 2376 1906 ac
2401 1865 2603 1925 martyr
2634 1855 2700 1910 de
2734 1856 3021 1913 divinitate
3054 1874 3119 1914 ac
3159 1876 3291 1915 con-

1720 1936 2181 2015 substantialitate
2229 1940 2392 1998 Verbi
2450 1945 2505 1998 in
2554 1946 2907 2015 particulari;
2961 1958 3014 2003 et
3063 1965 3128 2003 ex
3194 1950 3289 2004 illo

1720 2014 2001 2085 innumera
2028 2043 2295 2089 eruuntur
2326 2037 2635 2092 testimonia
2658 2078 2674 2104 ,
2709 2055 2831 2109 quae
2860 2040 3188 2096 Arianorum
3225 2058 3290 2097 ac

1722 2119 2137 2180 Socinianorum
2162 2142 2224 2182 os
2264 2128 2552 2183 obstruere
2576 2130 2776 2186 valent.
2817 2130 2967 2187 Habe
2996 2134 3159 2189 modo
3190 2150 3289 2188 no-

1719 2214 1986 2270 tabiliora.
2007 2215 2066 2271 ln
2098 2218 2237 2273 libro
2264 2231 2443 2274 contra
2469 2220 2698 2277 Noetum
2726 2223 2926 2280 Christi
2952 2225 3287 2280 divinitatem

1716 2304 1917 2360 diserte
1948 2306 2255 2375 proﬁtetur,
2290 2311 2418 2364 dum
2455 2311 2525 2367 ad
2561 2312 2695 2368 illud
2738 2313 2985 2384 Apostoli
3019 2314 3178 2369 Rom.
3209 2331 3287 2380 rx,

1718 2391 1814 2447 15:
1845 2412 1863 2446 ι
1888 2393 2133 2461 Quorum
2163 2407 2368 2469 patres,
2391 2416 2458 2455 ex
2488 2402 2688 2472 quibus
2713 2400 2965 2460 Christus
2987 2406 3286 2461 secundum

1715 2499 1957 2550 carnem,
1986 2506 2004 2539 ι
2033 2498 2175 2557 etc.,
2212 2491 2285 2546 ita
2320 2493 2595 2563 eloquitur
2617 2495 2764 2568 (44):
2805 2517 2823 2547 ι
2852 2496 3085 2553 Pulchre
3122 2515 3286 2554 enar-

1716 2586 1818 2645 rat,
1849 2586 1904 2633 et
1936 2579 2170 2637 dilucide
2208 2584 2527 2655 mysterium
2570 2590 2837 2646 veritatis.
2913 2590 3033 2655 llic,
3074 2593 3168 2663 qui
3208 2604 3290 2648 est

1714 2682 1878 2737 super
1923 2673 2142 2736 omnia,
2192 2672 2338 2731 Deus
2386 2686 2466 2733 est
2508 2678 2610 2750 (sic
2654 2680 2797 2735 enim
2866 2684 3028 2737 audet
3065 2684 3286 2739 dicere:

1712 2758 1930 2830 (Omnia
1957 2764 2087 2818 mihi
2132 2767 2329 2821 tradita
2361 2781 2483 2823 sunt
2525 2789 2556 2823 tt
2596 2770 2816 2843 Patre).
2858 2773 2962 2841 Qui
3010 2786 3093 2830 est
3126 2792 3289 2846 super

1712 2854 1895 2909 omnia
1911 2855 2052 2912 Deus
2069 2856 2405 2927 benedictus,
2429 2862 2642 2933 genitus
2662 2874 2775 2933 est;
2803 2876 2857 2922 et
2878 2866 3064 2925 lfactus
3098 2870 3287 2934 homo,

1712 2943 1854 3003 Deus
1880 2950 2031 3003 estin
2055 2952 2272 3007 saecula.
2296 2972 2314 3005 θ
2339 2954 2495 3026 (Sic.)
2511 2956 2574 3010 Et
2592 2974 2783 3014 rursus
2801 2961 2964 3029 paulo
2982 2960 3121 3017 infra
3136 2960 3245 3034 (45)
3268 2980 3283 3017 :

1717 3054 1736 3089 ι
1761 3037 1992 3097 Necesse
2007 3058 2135 3114 ergo
2150 3053 2251 3112 est,
2272 3055 2329 3100 ut
2342 3050 2592 3117 quamvis
2607 3051 2761 3115 nolit,
2780 3054 3101 3109 conﬁteatur
3114 3054 3285 3112 Deum

1709 3131 2170 3201 omnipotentem,
2234 3144 2290 3191 et
2333 3136 2614 3194 Christum
2664 3139 2850 3196 ksum
2910 3142 3005 3197 Dei
3041 3144 3237 3199 Filium
3265 3184 3284 3211 ,

1711 3220 1880 3277 Deum
1926 3223 2130 3280 factum
2160 3227 2503 3286 hominem...
2549 3241 2603 3286 et
2644 3231 2901 3302 Spiritum
2923 3247 3199 3301 sanctum;
3231 3246 3286 3294 et

1712 3314 1812 3368 hos
1845 3329 1964 3371 esse
1996 3333 2125 3373 vere
2152 3327 2284 3386 tres,
2333 3321 2427 3375 καὶ
2460 3323 2680 3388 τούτους
2716 3321 2856 3379 εἶναι
2886 3326 3057 3391 οὕτως
3084 3328 3228 3400 τρία.
3255 3349 3277 3383 a

1779 3432 2082 3488 Cowtemus
2114 3434 2269 3491 Patri
2291 3448 2368 3492 est
2393 3437 3097 3498 Filius.—-Generationem
3123 3454 3282 3499 aeter—

1708 3541 1833 3580 nam
1855 3536 1910 3582 et
1927 3529 2543 3587 consubstantialitatem
2568 3532 2690 3588 Filii
2713 3550 2836 3589 cum
2860 3534 3021 3592 Patre
3046 3553 3283 3606 sequen-

1708 3620 1783 3675 tia
1814 3622 2107 3678 ostendunt
2155 3627 2326 3679 sancti
2370 3624 2643 3698 Hippolyti
2679 3628 2841 3683 verba
2870 3627 2981 3699 (46)
3014 3648 3028 3684 :
3059 3648 3078 3681 ι
3112 3629 3280 3690 Deus.

1707 3712 1858 3769 solus
1900 3730 2025 3769 cum
2079 3727 2227 3772 esset
2270 3717 2431 3786 (ante
2476 3720 2844 3791 creationem)
2885 3722 3131 3791 nihilque
3173 3722 3281 3777 sibi

1706 3818 1946 3861 coaevum
1974 3806 2218 3876 haberet,
2248 3810 2424 3865 voluit
2455 3812 2719 3867 mundum
2753 3811 2986 3880 edicere,
3026 3830 3091 3869 ac
3114 3831 3280 3869 mun-

1705 3898 1834 3953 dum
1866 3900 2111 3972 cogitans
2151 3916 2217 3957 ac
2260 3902 2472 3971 volens,
2511 3912 2567 3960 et
2615 3904 2803 3962 dicens
2839 3905 3050 3973 eﬁecit;
3102 3908 3280 3962 conti-

1706 4006 1925 4062 nuoque
1980 3994 2189 4053 exstitit
2226 3995 2276 4050 ei
2328 3994 2538 4063 factus,
2589 3997 2732 4053 sicut
2786 3998 2997 4065 voluit,
3039 4008 3095 4053 et
3135 3999 3279 4053 sicut

1706 4084 1896 4148 voluit,
1921 4086 2171 4156 perfecit.
2200 4087 2346 4144 Satis
2386 4089 2553 4160 igitur
2585 4090 2748 4145 nobis
2786 4100 2871 4146 est
2903 4091 3046 4147 scire
3072 4092 3274 4158 solum,

1706 4178 1840 4232 nihil
1873 4194 1997 4234 esse
2025 4179 2138 4235 Deo
2172 4195 2438 4236 coaevum.
2479 4179 2627 4236 Nihil
2664 4191 2785 4237 erat
2827 4194 3020 4252 praeter
3056 4184 3273 4253 ipsum;

1705 4269 1820 4339 ipse
1845 4271 2017 4334 solus,
2050 4272 2256 4328 multus
2275 4271 2544 4329 erat.Nec
2573 4274 2721 4330 enim
2750 4284 2869 4331 erat
2898 4275 3017 4330 sine
3040 4276 3274 4340 ratione,

1704 4362 1824 4417 sine
1856 4362 2144 4431 sapientia,
2176 4363 2297 4419 sine
2321 4365 2585 4435 potentia,
2625 4367 2746 4423 sine
2777 4367 3031 4423 consilio.
3076 4365 3272 4421 Omnia

103 4460 289 4508 sanctum
321 4460 547 4528 appellat
581 4479 601 4512 ι
633 4463 851 4516 tertium
879 4463 1127 4533 gradum.
1161 4481 1180 4515 ι
1210 4461 1346 4518 Nam
1375 4464 1597 4534 gradus,
1629 4474 1678 4533 ο
1702 4464 1859 4509 erant
1888 4455 1943 4509 in
1994 4470 2094 4510 eo:
2146 4457 2261 4527 ipse
2314 4467 2433 4513 erat
2468 4459 2674 4514 omnia.
2705 4457 2936 4526 Quando
2981 4460 3188 4522 voluit,
3220 4468 3276 4514 et

102 4534 259 4606 ίοτιηε,
301 4550 499 4616 species
526 4592 541 4616 ,
587 4552 872 4621 dispositio
913 4554 1028 4611 sive
1071 4555 1406 4622 oeconomia,
1454 4554 1597 4610 idem

101 4643 247 4688 sonant
275 4641 405 4709 apud
450 4641 871 4700 Tertullianum.
905 4645 1084 4712 Quare
1131 4646 1177 4701 si
1212 4644 1446 4717 Spiritus
1472 4664 1600 4705 san-

97 4814 134 4925 [Cl
166 4825 244 4866 nos
285 4814 419 4888 loqui
466 4821 788 4875 docuerunt.
831 4840 849 4873 ι
878 4821 966 4875 Fr.
1006 4820 1306 4876 Turrianus
1352 4824 1404 4875 in
1454 4823 1597 4876 hunc

110 4893 243 4934 ouum.

124 4924 359 5029 ,ᾨῦἴΝρη
383 4969 580 5028 potest,
606 4967 829 5015 notante
857 4960 922 5015 cl.
964 4960 1182 5015 Marano
1205 4961 1296 5015 lib.
1326 4978 1377 5015 tv
1406 4961 1480 5015 De
1513 4963 1597 5016 di-

99 5026 260 5096 vinitate
296 5026 348 5081 Ι.
383 5026 482 5096 C.,
536 5046 599 5099 pa
643 5071 656 5083 .
701 5031 827 5094 458,
874 5032 1183 5086 accuratius
1205 5033 1401 5101 dogma
1435 5032 1595 5086 Chri-

99 5100 336 5151 stianorum
361 5102 579 5153 exnoni.
607 5046 725 5153 gon
768 5102 941 5153 solum
970 5103 1112 5153 enim
1151 5117 1438 5153 numerum
1464 5101 1595 5153 Per-

98 5100 336 5151 stianorum
361 5102 579 5169 exponi.
609 5100 725 5155 Non
768 5102 941 5155 solum
970 5103 1112 5155 enim
1151 5100 1438 5155 numerum
1464 5101 1595 5157 Per-

100 5170 297 5253 ξξξιιξεςιηη
338 5171 469 5253 pihil
511 5170 582 5252 de
620 5170 728 5235 Dei,
753 5171 1437 5253 singularitatedctrahere
1464 5188 1595 5253 con-

100 5235 243 5311 Epndit;
268 5239 353 5291 sed
380 5243 544 5293 etiam
571 5243 741 5309 ipsam
769 5235 869 5301 Dei
888 5242 1316 5311 singularitatem
1344 5241 1460 5296 sine
1489 5244 1593 5297 hoc

96 5290 796 5421 Egiliarumvnumeioﬁnec—
812 5290 1130 5376 consistere,
1161 5327 1261 5369 nec
1301 5312 1402 5367 coli
1434 5328 1593 5383 posse

250 5443 508 5518 Hippolyt.
539 5449 641 5504 loc.
672 5452 788 5515 cit.,
816 5469 968 5505 num.
1002 5453 1055 5507 8.

253 5510 499 5574 Priidetit.
530 5510 864 5583 Maran.,'De
891 5525 1167 5578 divinitate
1192 5521 1246 5576 Ι.
1272 5523 1357 5591 C.,
1388 5523 1479 5579 lib.
1505 5540 1582 5591 tv,

260 5654 476 5730 Tertull.
510 5660 628 5715 adv.
654 5660 939 5725 Praxeam,
964 5678 1083 5730 cap.
1108 5665 1160 5718 5.

142 5719 227 5791 (⁸4)
258 5724 366 5783 Lib.
389 5730 591 5785 Contra
620 5731 801 5800 Noet.,
830 5719 980 5787 num.
1005 5719 1057 5785 (ξ.

1706 4548 1981 4617 quomodo
2005 4549 2196 4615 voluit,
2220 4550 2711 4607 ostenditVerbum
2742 4569 2903 4609 suum
2935 4553 3274 4623 temporibus

1703 4640 1843 4707 apud
1878 4654 2003 4693 eum
2043 4640 2315 4708 definitis;
2350 4658 2469 4715 per,
2492 4643 2639 4713 quod
2674 4644 2855 4698 omnia
2898 4642 3025 4699 fecit
3061 4645 3269 4714 (ιη...

1798 4819 1887 4889 45)
1924 4818 2069 4889 Idem
2106 4820 2263 4883 ihid.,
2297 4836 2450 4875 num.
2478 4821 2532 4876 8.

1796 4888 1888 4957 46)
1926 4888 1986 4961 S.
2022 4888 2319 4961 Hippolyt.,
2345 4892 2447 4946 loc.
2478 4893 2596 4955 cit.,
2626 4907 2779 4946 num.
2809 4890 2897 4946 10.

1773 4961 1885 5033 (47)
1925 4958 2051 5015 Haec
2069 4958 2427 5031 e’t’sequentia
2462 4964 2658 5015 mirum
2681 4963 2738 5033 in
2767 4963 2984 5033 modum
3014 4964 3271 5033 explanat

1703 5031 1866 5084 simul
1897 5040 1951 5085 et
1985 5038 2206 5086 strenue
2224 5030 2421 5086 tuetur
2447 5045 2635 5086 contra
2669 5030 2882 5085 Jurium
2914 5030 3268 5088 doctissimus

1700 5100 1997 5176 Hossuetus
2044 5100 2335 5176 Meldensis
2369 5104 2689 5176 episcopus,
2720 5102 3083 5176 Avertiss._vt,
3114 5103 3140 5176 §
3177 5104 3268 5176 ([8,

1702 5170 1808 5225 Sur
1833 5169 1906 5224 les
1938 5172 2114 5224 lettres
2157 5171 2220 5223 de
2263 5171 2474 5224 Jurieu.
2519 5170 2766 5226 (lluvres
2801 5182 2934 5227 tom.
2963 5171 3055 5239 ιν,
3084 5169 3138 5239 ρῖ
3164 5174 3271 5228 575

1699 5254 1753 5295 et
1779 5255 1895 5310 seq.
1928 5241 2019 5296 Ait
2046 5241 2303 5295 nimirum
2326 5242 2396 5295 cl.
2431 5240 2732 5312 Bossuetus
2775 5254 3024 5297 sanctum
3062 5240 3267 5312 Hippo-

1699 5312 1867 5381 lytum
1902 5326 2011 5365 non
2045 5320 2256 5365 tantum
2292 5313 2533 5381 seipsum
2565 5311 2870 5368 luculenter
2910 5314 2965 5367 in
2999 5311 3269 5367 catholico

1698 5382 2342 5454 seusuﬂdeclar‘arehsed
2369 5382 2560 5454 _etiam
2616 5383 2838 5454 modum
2892 5384 3263 5454 suppeditare,

1696 5470 1806 5520 quo
1833 5452 1937 5505 alia
1973 5452 2171 5506 similia
2217 5449 2317 5523 SS.
2366 5451 2586 5506 Patrum
2622 5449 2977 5520 testimonia,
3000 5449 3134 5523 quae
3167 5454 3268 5506 ob-

1696 5524 1942 5575 scuriora
1968 5531 2251 5591 apparent,
2290 5522 2526 5576 dilucide
2549 5526 2911 5590 exportantur.
2942 5522 3079 5578 Cum
3120 5524 3265 5577 enim

1695 5594 1749 5646 in
1780 5594 1901 5647 loco
1930 5594 2095 5647 citato
2138 5593 2317 5647 dicat:
2371 5613 2387 5643 ι
2423 5592 2578 5659 Quod
2604 5593 2842 5647 Verbum
2868 5636 2883 5660 ,
2943 5612 3065 5649 cum
3121 5595 3172 5646 in
3207 5610 3267 5649 se

1694 5664 1962 5729 traheret,
2014 5673 2267 5735 essetque
2324 5664 2528 5719 mundo
2586 5673 2767 5718 creato
2834 5665 3265 5735 iuaspectabile,

1693 5736 1948 5790 emittens
1977 5733 2213 5805 priorem
2256 5750 2443 5791 vocem
2470 5775 2494 5803 ,
2519 5744 2573 5789 et
2605 5735 2786 5790 lumen
2817 5749 2883 5791 ex
2924 5733 3131 5791 lumine
3169 5748 3263 5806 ge-
