3882 6518
451 2981 460 2989 ’
557 3007 757 3046 sensus
815 2993 1083 3062 genuinus
1145 2993 1373 3048 istorum
1452 2992 1725 3064 Hippolyti
1789 2995 2122 3050 verborum:

571 310 695 367 555
1556 300 1646 354 DE
1690 297 1852 356 VlTA
1894 295 1984 350 ET
2021 293 2332 352 SCRIPTIS
2372 293 2430 349 S.
2474 292 2856 349 HlPPULYTl.
3694 301 3780 356 εδδ

563 424 781 482 τΕονιιιιι
816 429 994 476 autem
1028 435 1147 490 qua:
1175 418 1316 474 facta
1347 426 1495 484 sunt,
1522 417 1737 482 ducem,
1767 412 2139 470 consiliarium
2170 413 2215 468 Α
2245 416 2466 478 martyr,
2513 408 2658 476 quod
2691 407 3095 476 Athenagoram
3132 405 3387 460 docuisse
3421 419 3583 474 supra
3615 417 3778 463 osten-

563 527 631 574 et
698 517 1006 586 operarium
1064 515 1356 583 generabat
1387 510 1664 575 Verbum;
1708 508 1852 578 quod
1906 506 2142 560 Verbum
2247 499 2449 553 ditnus.
2477 497 2643 567 Atqui
2666 498 2720 550 in
2752 498 2896 550 hunc
2926 511 3152 550 sensum
3179 505 3240 550 ut
3269 495 3613 566 Hippolytum
3639 497 3780 552 inter-

565 627 702 668 cum
755 611 810 664 in
852 625 910 663 se
967 607 1230 670 haberet,
1284 612 1538 672 essetque
1597 601 1800 655 mundo
1831 608 2014 654 ειοεειιο
2057 598 2144 652 in-
2243 599 2540 658 pretemur,
2585 590 2817 644 suadent
2861 589 3082 658 quidem
3113 588 3228 658 ipsa
3269 587 3376 642 loci
3413 587 3560 642 allati
3603 590 3778 654 verba;

575 701 944 773 aspectabile,
1004 699 1133 754 fecit
1184 697 1550 768 aspcctabile,
1613 695 1864 748 etllittens
1909 693 2143 761 priorem
2244 680 2341 734 sed
2370 693 2435 734 eo
2461 680 2742 773 planarios
2771 687 2975 773 cogunt
2995 679 3099 732 alia
3129 681 3248 773 eius
3277 680 3498 773 striata.
3526 679 3583 773 in
3607 681 3781 773 quibus

570 771 797 862 ηοξεηη
821 795 1085 849 ει..ιυη]οῐι
1105 808 1172 847 ex
1200 791 1406 846 lumine
1457 801 1724 859 generatis
1793 783 2022 856 (48-49),
2051 785 2145 839 de-
2243 781 2572 828 coaeternam
2590 772 2710 826 Filii
2728 787 2850 826 cum
2867 771 3028 826 Patre
3053 771 3424 826 exsistentiam
3443 771 3620 826 verbis
3643 772 3781 828 veluti

565 887 978 960 prompsit-ipsi
1005 895 1270 940 creatura:
1308 883 1596 938 Dominum
1617 923 1632 944 ,
1672 895 1897 936 sensum
1935 893 2096 933 suum
2125 895 2139 931 :
2245 865 2380 920 εοίίε
2405 863 2558 919 ι’θάίο
2581 864 2866 934 descriptis
2895 863 3158 918 ἀθειίπτη·
3189 882 3208 914 ³

571 989 626 1033 et
655 979 746 1049 qui
773 979 923 1047 prius
953 978 1055 1046 ipsi
1082 985 1292 1030 tantum
1319 984 1438 1028 erat
1459 972 1712 1036 visibilis,
1730 971 1934 1025 mundo
1959 979 2140 1023 autem

570 1070 862 1126 invisibilis
885 1109 899 1133 ,
938 1070 1088 1123 hunc
1129 1067 1396 1123 visibilem
1429 1066 1578 1132 facit,
1623 1075 1683 1120 ut
1719 1065 1978 1130 mundus,
2015 1078 2139 1119 cum

556 1182 719 1230 .eum,
744 1165 840 1234 qui
869 1163 1141 1233 apparuit,
1167 1161 1393 1224 videret,
1420 1160 1605 1214 salvus
1641 1158 1756 1212 ﬁeri
1786 1165 1983 1226 posset.
2009 1175 2028 1207 ι

639 1255 754 1310 Hoc
785 1257 906 1309 loco
955 1254 1065 1308 divi
1105 1252 1379 1323 Hippolyti
1423 1252 1667 1306 abutitur
1715 1249 1950 1302 Sandius
1981 1247 2135 1318 (50);

568 1347 698 1403 dum
733 1363 800 1401 ex
839 1361 905 1400 co
945 1345 1233 1399 ostendere
1285 1354 1552 1408 conatur,
1597 1349 1846 1395 sanctum
1893 1349 2138 1394 nostrum

567 1441 884 1509 episcopum
933 1437 1223 1500 docuisse,
1267 1435 1464 1489 Filium
1509 1434 1670 1503 paulo
1701 1444 1825 1488 ante
1874 1432 2136 1486 mundum

555 1531 846 1584 conditum
901 1529 1164 1584 exsistere
1219 1528 1470 1596 coepisse.
1523 1524 1724 1578 Verum
1783 1523 2117 1578 doctissimu:

2237 1511 2292 1557 et
2340 1503 2578 1557 divinam
2621 1504 2872 1558 eamdem
2913 1503 3073 1574 plane
3117 1519 3242 1560 esse
3287 1506 3644 1570 demonstrat,
3681 1521 3782 1575 qua:

557 1618 756 1673 tBullus
791 1619 904 1688 (51)
959 1617 1212 1672 eumdem
1268 1593 1447 1670 locum
1506 1615 1574 1669 ab
1638 1613 2117 1683 interpretamentit

2236 1603 2319 1648 est
2350 1594 2404 1647 in
2433 1593 2614 1649 Patre.
2666 1614 2684 1647 ε
2721 1596 2952 1651 Verbum
2983 1598 3126 1652 enim
3155 1597 3250 1652 Dei
3275 1598 3422 1652 nulla
3447 1615 3507 1654 re
3537 1607 3779 1654 mutatum

559 1710 758 1765 {gaudii
815 1711 1030 1780 egregie
1077 1710 1317 1763 vindicat
1363 1709 1437 1762 ita
1467 1707 1742 1762 disserens
1774 1724 1786 1759 ε
1829 1725 1849 1758 ε
1883 1705 2134 1776 Agnosco
2165 1749 2208 1804 Β
2237 1701 2406 1752 θεείῳ
2429 1685 2559 1790 dicit
2580 1702 2644 1741 eo
2673 1688 3402 1804 ipso’,quodrarnerninduit
3423 1709 3480 1804 ir
3501 1707 3606 1746 nec
3626 1693 3780 1746 inulla

560 1801 817 1869 quidem,
853 1779 1034 1854 hicab
1076 1797 1366 1870 Hippolyto
1402 1797 1806 1869 generationem
1839 1795 2131 1866 quamdam
2165 1779 2208 1804 υ
2241 1793 2487 1847 Prorsus:
2517 1779 2572 1832 i"
2605 1795 2712 1849 (1υο
2746 1781 2886 1836 idem
2929 1791 3013 1836 θεῖ
3049 1797 3173 1836 Cum
3214 1782 3636 1850 Ρθῑτθι-Ῑειοιωιι
3682 1799 3781 1838 εδδε

555 1890 893 1948 'Vcrbosive
917 1893 1064 1948 Filio
1097 1892 1189 1947 Dei
1219 1891 1404 1956 tribui,
1441 1907 1548 1960 quo
1583 1889 1770 1944 mundi
1801 1889 2130 1944 creationem

557 1988 810 2058 proxime
865 1986 1235 2041 antecesserit.
1277 1983 1381 2038 Sed
1430 1983 1654 2038 omnino
1691 1997 1828 2051 nego
1863 1981 1930 2036 de
1971 1997 2134 2052 gene-

563 2081 776 2134 ratione
791 2080 950 2148 'loqui
975 2078 1320 2148 Hippolytum
1355 2076 1573 2146 preprie
1595 2075 1758 2137 dicta,
1776 2089 1898 2142 qua:
1925 2073 2134 2128 scilicet

559 2165 728 2224 Verbi
759 2169 922 2224 fuerit
959 2168 1266 2240 productio,
1302 2182 1477 2236 quave
1508 2165 1742 2220 Verbum
1772 2164 1970 2234 ipsum,
2007 2179 2132 2218 cum

553 2261 713 2331 prius
759 2276 868 2315 non
915 2260 1242 2324 exsisteret,
1279 2258 1542 2312 exsistere
1582 2258 1762 2327 erepit.
1807 2255 1945 2313 Huic
1983 2273 2134 2312 com-

548 2359 745 2407 mento
767 2362 926 2407 .totus
959 2351 1233 2424 Hippolyti
1269 2367 1448 2407 sermo
1475 2361 1761 2420 repugnat.
1789 2347 1925 2403 Nam
1959 2348 2131 2404 Deum

559 2461 628 2500 ex
662 2453 864 2498 aztcrno
893 2445 966 2499 ita
1001 2463 1021 2495 ι
1059 2445 1235 2500 solum
1274 2463 1292 2495 ›
1335 2443 1507 2498 fuisse
1555 2443 1750 2506 docet,
1808 2451 1867 2496 ut
1911 2441 2128 2496 interim

569 2557 588 2588 ‹
615 2538 891 2592 ηιιιιιιιῐιιοι
917 2537 1096 2590 fuisse
1130 2535 1374 2590 aliirmet.
1411 2533 1734 2601 Quomodo?
1761 2535 1898 2600 Quia
1926 2535 2131 2590 scilicet

559 2625 706 2682 Deus
735 2626 897 2682 Pater
927 2643 1209 2696 nunquam
1249 2635 1368 2682 erat
1412 2627 1533 2681 sine
1559 2627 1768 2681 ratione
1800 2625 1909 2697 (τῷ
1939 2625 2126 2696 Λόγῳ)

559 2731 612 2774 et
637 2722 923 2790 sapientia,
957 2722 1062 2775 hoc
1097 2731 1197 2784 est,
1238 2721 1355 2775 sine
1383 2719 1524 2774 Filio
1563 2731 1615 2776 et
1657 2720 1862 2790 Spiritu
1896 2728 2124 2787 sancto;

559 2810 788 2879 proinde
821 2826 930 2864 non
962 2810 1077 2864 sine
1101 2811 1351 2874 consilio,
1383 2826 1507 2864 cum
1539 2819 1831 2880 utrumque
1868 2810 1970 2864 sibi
1995 2825 2128 2864 cou-

551 2901 827 2955 siliarium
885 2901 1154 2956 habuerit.
1207 2899 1398 2957 Nullus
1459 2901 1687 2966 dubito,
1736 2904 1863 2971 quin
1913 2902 2001 2956 hic
2057 2901 2128 2957 sit

2315 1045 2420 1101 Sed
2449 1045 2620 1100 multo
2645 1045 3002 1100 luculentiora
3035 1045 3306 1116 perfecta,
3348 1063 3411 1100 ac
3441 1063 3584 1102 verae
3605 1047 3779 1102 divini-

2243 1136 2368 1189 tatis
2407 1137 2460 1189 in
2508 1134 2682 1200 Filio,
2735 1136 2963 1206 ejusque
2993 1135 3230 1192 Persona
3264 1153 3296 1191 a
3347 1137 3508 1192 Patre
3553 1137 3780 1192 distincta

2243 1227 2302 1280 S.
2337 1225 2658 1298 Hippolytus
2689 1228 2996 1282 testimonia
3030 1228 3178 1282 dedit
3207 1229 3258 1282 in
3303 1229 3580 1299 opusculis
3612 1230 3781 1283 Contra

2238 1318 2494 1373 Beronem
2524 1317 2856 1385 ctHelicem,
2889 1319 3032 1390 apud
3079 1321 3452 1375 Anastasium.
3500 1321 3562 1374 In
3609 1323 3781 1391 quibus

2239 1403 2596 1480 duplicem'in
2641 1409 2862 1466 Christo
2907 1421 3160 1464 naturam
3211 1421 3462 1467 accurate
3509 1413 3778 1476 discernit;

2241 1870 2380 1924 idem
2409 1887 2532 1926 cum
2561 1887 2725 1927 carne
2757 1884 2972 1944 propter
3013 1875 3458 1930 cxinanitionem.
3489 1877 3598 1932 Sed
3623 1878 3782 1946 cujus-

2239 1963 2387 2018 modi
2417 1973 2534 2018 erat
2563 1965 2769 2034 absque
2799 1981 2984 2033 carne,
3013 1967 3084 2021 ita
3111 1970 3379 2023 mansisse
3399 1979 3559 2024 extra
3591 1983 3780 2024 onmem

2239 2056 2799 2126 circumscriptionem
2847 2059 2981 2129 (5‘2).
3011 2079 3030 2110 ι
3069 2059 3321 2114 Rursus:
3378 2079 3396 2111 ι
3435 2061 3608 2115 Deum
3651 2061 3780 2114 illum

2237 2147 2508 2203 intinitum
2527 2150 2709 2212 simul,
2729 2161 2780 2205 ct
2813 2151 3288 2222 circumscriptum
3319 2155 3600 2207 hominem
3635 2169 3742 2208 esse
3761 2171 3778 2204 ι

2237 2241 2342 2307 ait,
2367 2258 2388 2294 ι
2433 2251 2486 2296 et
2515 2242 2775 2311 intelligi,
2811 2243 3093 2311 utriusque
3155 2244 3520 2299 substantiam
3573 2244 3784 2314 perfecte

2237 2332 2532 2403 perfectam
2559 2334 2842 2389 habentem
2868 2335 3002 2405 (55).
3027 2355 3046 2387 ›
3073 2334 3229 2402 Quod
3259 2346 3436 2405 potest
3455 2351 3582 2392 esse
3605 2337 3782 2391 clarius

2235 2437 2482 2490 summie,
2525 2424 2894 2492 absolutaeque
2942 2425 3248 2480 divinitatis
3291 2426 3344 2480 in
3393 2425 3621 2480 Christo
3665 2439 3781 2493 pra:-

2236 2519 2490 2571 conium?
2521 2515 2656 2572 Nam
2697 2528 2750 2572 et
2783 2517 3056 2571 intinitum
3081 2516 3267 2571 Deum
3311 2517 3460 2572 hunc
3511 2533 3634 2572 esse
3663 2531 3782 2585 prmo

2233 2609 2408 2676 dicat,
2467 2618 2521 2664 et
2569 2609 2932 2676 immensum,
2965 2618 3020 2663 et
3073 2609 3506 2674 immutabilem,
3563 2617 3618 2662 et
3659 2609 3779 2662 idem

2234 2703 2458 2758 omnino
2493 2719 2616 2756 cum
2644 2703 2823 2770 Patre,
2851 2703 2994 2772 quod
3038 2703 3105 2757 ad
3129 2711 3380 2760 naturam
3420 2703 3636 2766 attinet,
3677 2715 3782 2754 cum

2234 2796 2306 2849 sit
2337 2795 2457 2865 ejus
2489 2794 2680 2862 Filius,
2715 2797 2945 2866 ideoque
2975 2797 3156 2867 reipsa
3181 2796 3492 2851 distinctus.
3523 2795 3780 2864 Denique:

2237 2906 2257 2938 ι
2285 2887 2552 2942 Divinitas
2591 2889 2790 2960 (inquit
2833 2905 2902 2944 ex
2947 2889 3220 2944 Anastasii
3257 2890 3556 2958 versione),
3593 2897 3650 2942 ut
3683 2893 3783 2942 erat

2231 2985 2360 3032 ante
2398 2977 2854 3045 incarnationem,
2883 2987 2938 3033 et
2978 2989 3061 3033 est
3089 2987 3209 3048 post
3237 2978 3676 3032 incarnationem
3707 2993 3782 3032 se-

558 3079 712 3136 Nt'lu'l
734 3094 845 3136 erat
878 3093 1068 3152 praeter
1102 3085 1309 3162 ip‘sum;
1363 3085 1492 3154 ipse,
1529 3084 1670 3138 solus
1695 3143 1707 3157 ί
1733 3086 1927 3138 multus
1983 3097 2120 3150 erat,
2150 3104 2194 3162 α
2229 3069 2470 3162 cundum
2505 3079 2756 3123 natura!“
2793 3069 3040 3162 ίηίῖιὶίίθι
3069 3070 3674 3140 ίῐίῦοηΨΙὋῙηηδίυίῘίει
3701 3071 3788 3124 in“

557 3173 670 3229 Nec
722 3177 860 3229 εηξηι
907 3185 1018 3229 (παι
1062 3141 1174 3230 si":
1226 3179 1428 3230 ναιεοηε
1465 3177 1690 3247 (procul
1723 3177 1889 3233 dubio
1937 3177 2121 3233 arma
2150 3141 2194 3162 υ
2231 3161 2528 3230 passibilis,
2564 3159 3148 3234 incomparabilis(imo
3173 3164 3584 3233 inalterabilis),
3613 3167 3783 3218 incon.

557 3267 850 3334 scripserat
901 3265 1224 3338 Hippolytus
1297 3268 1626 3340 ’τῷ-Λόγῳ),
1679 3271 1792 3324 sine
1831 3272 2117 3339 sapientia,

2236 3253 2523 3319 vertibilis,
2578 3269 2673 3323 per
2720 3270 2778 3308 se
2813 3263 3032 3323 potens,
3088 3264 3142 3308 et
3193 3264 3253 3308 ut
3303 3252 3496 3324 totum,
3527 3257 3780 3316 dicamus,

545 3357 666 3408 sine
701 3358 940 3411 consilio.
1015 3356 1220 3427 Quippe
1250 3359 1417 3413 Deum
1458 3361 1743 3429 agnovisse
1773 3359 2119 3432 Hippolyujnl
2223 3344 2530 3400 subsistens
2573 3345 2949 3400 substantialis
3003 3347 3116 3400 8013
3170 3346 3396 3400 ὶιιίὶιιὶιω
3437 3347 3658 3400 ι’ἱῐιιυιίε
3695 3345 3784 3398 ΒΟ·-

557 3461 725 3498 unum
757 3455 811 3500 et
855 3448 1105 3512 multum,
1140 3449 1244 3502 hoc
1273 3459 1356 3502 est
1387 3449 1621 3514 trinum;
1657 3465 1824 3502 unum
1866 3451 2117 3518 essentia,

2236 3453 2354 3491 :tum
2408 3437 2546 3508 (54).
2587 3455 2606 3489 ι
2643 3437 2895 3493 Potuitne
2937 3440 3023 3492 vel
3074 3439 3178 3493 hoc
3251 3439 3455 3493 saeculo
3499 3441 3778 3508 quisquam

557 3539 759 3592 trinum
793 3537 1074 3602 Personis,
1113 3542 1228 3611 ipsc
1257 3541 1421 3609 hujus
1449 3543 1682 3596 homilia:
1712 3543 1902 3598 titulus
1943 3545 2117 3598 decla-

2236 3529 2508 3596 iisertius,
2539 3531 2851 3600 expressius
2902 3531 3408 3600 signiﬁcantiusque
3455 3531 3780 3585 divinitatem

554 3639 658 3685 rat.
685 3631 922 3685 Tertiam
951 3643 1129 3688 autem
1157 3635 1457 3690 divinitatis
1497 3635 1812 3706 hypostasin
1847 3654 1865 3686 ι
1893 3635 2119 3708 Sapien-
2221 3621 2365 3689 Filii.
2407 3639 2470 3677 ³ο
2512 3622 2873 3678 Personarum
2927 3623 3220 3676 discrimen
3275 3639 3580 3691 exponeres
3633 3637 3782 3692 (1"3‘“

555 3723 690 3776 tiae.»
733 3719 955 3778 nomine
985 3725 1274 3793 appellavit
1315 3724 1658 3797 Hippolytus,
1707 3727 1912 3794 lrenrci,
1961 3731 2117 3799 cujus

2236 3715 2457 3784 scriptor
2507 3715 2597 3770 ille
2665 3713 2792 3769 fecit
2845 3716 3138 3784 antiquus,
3195 3724 3484 3785 antequam
3541 3713 3780 3770 Nica’nus

549 3815 772 3868 auditor
813 3815 985 3870 fuisse
1047 3818 1403 3886 perhibetur,
1449 3819 1696 3887 exemplo
1747 3829 1801 3873 ct
1847 3837 1914 3874 cx
1967 3839 2117 3877 more

2236 3824 2513 3864 :onscssus
2547 3807 2812 3878 liquidam
2846 3823 2910 3862 ea
2955 3808 3022 3864 de
3066 3823 3126 3862 re
3161 3809 3482 3863 sententiam
3515 3807 3780 3876 explicas-

553 3905 769 3960 illorum
828 3916 1152 3977 temporum.
1207 3907 1410 3964 Deinde
1452 3911 1527 3964 ait
1583 3910 1921 3982 Hippolytus,
1949 3911 2118 3968 Deum
2221 3903 2344 3956 set?
2395 3899 2492 3954 His
2521 3909 2648 3955 sunt
2691 3911 3056 3955 consentanea
3101 3902 3410 3954 testimonia
3451 3901 3779 3969 reliquorum

545 4015 840 4070 generasse
873 3999 1130 4066 Verbum,
1169 4001 1315 4071 quod
1346 3983 1413 4055 ab
1435 4009 1636 4057 {meum
1664 4003 1719 4056 in
1749 4017 1807 4057 se
1846 4001 2116 4060 habuerit.
2219 3991 2646 4060 fragmenlorum
2673 3989 2821 4061 (sunt
2850 4001 3028 4044 autem
3051 3999 3174 4044 0010
3198 3989 3442 4056 omnino)
3475 3989 3546 4042 de
3575 3989 3780 4042 Chrile

545 4093 870 4158 Quomodo?
925 4113 942 4144 ι
976 4094 1185 4162 Ipsum,
1235 4093 1430 4162 inquit,
1488 4094 1819 4163 temporibus
1868 4095 2010 4163 apud
2061 4111 2120 4150 se
2220 4085 2348 4152 Deo,
2369 4084 2572 4156 Deique
2599 4083 2737 4140 Filio
2759 4084 2898 4138 dicta
2919 4126 2933 4149 ,
2956 4099 3076 4152 qua:
3107 4083 3326 4154 longum
3355 4084 3427 4137 sit
3453 4083 3777 4137 exscribere.

545 4200 572 4233 ιι
603 4183 836 4238 deﬁnitis
879 4185 1155 4238 ostendit:
1195 4185 1372 4252 ipsum
1415 4195 1677 4239 creaturae
1719 4193 1778 4238 ut
1804 4183 2116 4251 Dominum,
2220 4177 2287 4233 Ut
2331 4194 2455 4233 cum
2506 4179 2560 4232 in
2615 4177 2854 4233 secundo
2884 4178 3198 4230 nominatur
3224 4177 3252 4227 ὁ
3286 4176 3394 4229 τῶν
3446 4176 3589 4228 ὅλων
3635 4173 3778 4236 Θεόςν

545 4291 572 4324 ιι
601 4274 972 4344 deprompsit:
1003 4277 1178 4345 ipsum
1203 4277 1437 4346 denique
1461 4276 1675 4330 sibimet
1707 4277 1806 4330 soli
1836 4277 1986 4345 prius
2015 4292 2116 4330 no-
2225 4288 2244 4321 ‹
2281 4272 2426 4324 Deus
2479 4271 2898 4336 universorum,
2935 4289 2953 4321 ι
2989 4275 3043 4324 et
3091 4269 3148 4323 in
3190 4275 3342 4320 sexto
3392 4266 3657 4322 tribuitur
3711 4263 3777 4316 illi

555 4381 574 4416 ι
601 4368 960 4429 tum,mundo
983 4369 1251 4422 visibilem
1285 4367 1462 4422 fecit.»
1486 4368 1667 4436 Itaque
1689 4369 1983 4438 generatio,
2007 4385 2115 4438 qua

2236 4363 2740 4431 iimprincipalitas,
2785 4362 3027 4425 inl'actto,
3068 4361 3324 4425 inﬁnitas,
3361 4359 3779 4428 sempiternitas,

540 4457 616 4512 de
665 4459 906 4527 loquitur
938 4458 1278 4532 Hippolytus,
1319 4476 1426 4515 non
1457 4469 1541 4515 est
1589 4459 1748 4516 Verbi
1785 4461 2107 4530 productio;
2138 4442 2189 4501 Ῑ)
2215 4455 2860 4524 incomprehensibilitas,
2887 4475 2906 4506 ι
2949 4467 3004 4509 et
3033 4469 3370 4524 quaecunque
3411 4471 3429 4503 ι
3457 4455 3658 4507 horum
3699 4465 3779 4506 se—

541 4549 640 4603 sed
677 4550 848 4618 ipsius
875 4566 942 4605 ex
981 4561 1184 4605 interno
1211 4551 1356 4606 Patri
1387 4552 1790 4618 cocxsistcutis,
1837 4553 2106 4617 ostensio,

543 4640 918 4711 dcpromptio,
966 4655 1018 4698 et
1053 4643 1456 4709 manifestatio,
1493 4659 1614 4712 quae
1643 4659 1734 4698 res
1773 4652 1984 4700 creatas
2025 4661 2113 4700 re-

538 4730 800 4796 spexerit.
856 4729 928 4786 Ut
981 4733 1122 4787 idem
1188 4748 1416 4804 prorsus
1477 4733 1707 4790 voluerit
1761 4733 2111 4792 beatissimus

537 5015 757 5066 neraus,
803 5020 821 5052 ι
875 5001 996 5056 luce
1043 5003 1243 5057 clarius
1289 5003 1560 5069 ostendit,
1607 5003 1750 5058 hanc
1809 5003 2106 5059 secundam

539 5069 700 5125 Verbi
739 5073 1160 5141 generationem,
1193 5075 1324 5127 nihil
1357 5075 1500 5128 aliud
1543 5091 1682 5138 csse,
1721 5091 1884 5143 quam
1923 5085 2105 5128 exter—

536 5157 662 5213 nam
701 5143 943 5210 ejusdem
986 5144 1519 5211 manifestationem;
1549 5160 1646 5198 seu
1684 5163 1702 5195 ι
1732 5146 2106 5213 operationem

533 5211 602 5265 ad
636 5225 809 5276 extra,
833 5232 853 5264 ι
893 5223 952 5268 ut
983 5213 1180 5270 Schola
1209 5217 1467 5285 loquitur.

605 5329 814 5399 (-i8-49)
857 5329 948 5383 Sic
987 5331 1152 5384 locuti
1194 5341 1317 5384 ante
1359 5330 1547 5385 Patres
1593 5330 1862 5390 Nicaenos,
1913 5339 2105 5398 prmter

533 5396 878 5470 Hippolytum
900 5409 1167 5464 nostrum,
1187 5413 1311 5454 sunt
1327 5401 1573 5455 Justinus
1603 5411 1828 5470 martyr,
1843 5396 2103 5454 Tatianus

533 5479 585 5537 ct
615 5468 1012 5537 Athenagoras,
1061 5481 1120 5523 ιιι
1159 5480 1401 5523 notatum
1435 5468 1758 5524 doctissimo
1801 5469 2005 5524 Grabio
2034 5471 2104 5524 ad

533 5536 791 5608 lrenneum
825 5536 915 5592 lib.
957 5557 1017 5600 ιι,
1064 5555 1184 5608 cap.
1217 5541 1304 5592 ‘25.
1345 5539 1437 5594 llis
1488 5541 1640 5594 adde'
1671 5540 2000 5592 Methodium
2047 5541 2101 5594 in

535 5607 753 5678 humilia
787 5609 853 5662 de
883 5607 1214 5664 Simeone’et
1238 5609 1392 5662 Anna
1423 5651 1436 5674 ,
1464 5625 1587 5678 pag.
1618 5611 1720 5662 152
1746 5627 1759 5661 :
1800 5611 1873 5660 Σὺ
1909 5609 1955 5666 ei.
1985 5608 2102 5676 φῶς

529 5676 778 5745 ἀληθινὸν
811 5681 874 5733 ἐκ
907 5681 1080 5749 φωτὸς
1110 5679 1392 5753 ἀληθινοῦ,
1427 5676 1560 5743 Geo;—
1591 5678 1840 5752 ἀληθινὸς
1872 5680 1934 5731 ἐκ
1966 5677 2099 5732 Θεοῦ

2216 4549 2456 4604 cundum
2505 4549 2934 4619 magnitudinem
2985 4547 3288 4616 theologica
3339 4546 3682 4626 amplissima
3730 4544 3820 4626 in.

2214 4639 2423 4694 Deitate
2489 4640 2629 4696 ratio
2685 4639 3114 4710 contemplatur,
3151 4657 3170 4689 ι
3225 4647 3284 4692 ιιι
3335 4637 3573 4694 barbare
3629 4637 3780 4689 vertit

2213 4732 2556 4788 Anastasius.

2209 4999 2483 5070 ἀληθινοῦ.
2519 4996 2852 5070 Athanasius
2875 5003 3069 5070 postea
3087 4992 3224 5046 dixit
3243 4990 3436 5060 λύχνον
3469 4991 3534 5042 ἐκ
3559 4987 3774 5057 λύχνου.

2212 5064 2366 5124 Tom.
2404 5069 2442 5136 l,
2479 5085 2600 5138 pag.
2637 5067 2734 5121 881
2771 5064 2899 5120 edit.
2927 5064 3195 5133 Lipsicns.

2281 5163 2392 5233 (50)
2434 5161 2600 5216 Sand.
2634 5158 2824 5214 Nuclei
2850 5158 2974 5209 hist.
3000 5156 3290 5210 ecclesiast.
3319 5154 3415 5208 lib.
3449 5169 3487 5214 I,
3511 5167 3570 5222 p.
3597 5151 3689 5206 98.

2278 5255 2389 5324 (51)
2427 5253 2593 5316 BulL,
2637 5250 2974 5324 Defeus._ﬁd.
3002 5247 3237 5324 Niciam,
3288 5254 3418 5302 sect.
3457 5261 3540 5304 ιιι,
3567 5241 3772 5324 cap.8.

2207 5315 2331 5394 pag.
2375 5315 2832 5404 ‘219_etseq..()l".
2865 5315 3113 5404 gessitet.
3136 5359 3150 5382 ,
3194 5320 3233 5372 ι.
3265 5331 3362 5404 c.__;_
3386 5329 3563 5404 usque
3619 5315 3776 5404 aliti:-

2206 5382 2462 5450 'Mauranus
2481 5393 2554 5445 De
2574 5382 2779 5445 diviiiit.
2799 5390 2852 5446 J.
2876 5388 2936 5443 C.
2959 5391 3050 5460 lib.
3075 5405 3144 5454 tv,
3159 5404 3276 5458 cap.
3297 5389 3384 5452 15,
3416 5385 3442 5457 §
3469 5387 3523 5448 3,
3555 5400 3614 5453 p.
3647 5382 3770 5438 4'53.

2277 5485 2628 5557 (SELCuntra
2651 5485 2843 5557 Beron.
2871 5492 2920 5537 et
2953 5463 3297 5557 Helic.,apud_
3322 5477 3538 5557 Fabric.
3564 5488 3708 5557 torti.
3732 5471 3756 5528 ξ

2206 5547 2672 5648 Oplp.._\Hilt'.q)plyt.,
2698 5572 2748 5625 p.
2776 5555 2902 5621 “226,
2927 5563 2979 5608 et
3009 5553 3150 5621 apud
3183 5547 3456 5615 Galland.,
3485 5565 3540 5619 p.
3569 5547 3704 5602 466.

2277 5629 2388 5696 (55)
2433 5626 2564 5678 una.

2276 5697 2386 5749 isti
2427 5695 2559 5748 lhid.
