3882 6508
159 300 234 360 35‘!

1044 293 1132 347 DE
1178 293 1348 351 VlTA
1383 294 1471 350 ET
1513 297 1820 353 SCRIPTIS
1854 297 1909 352 S.
1966 297 2349 354 IIIPPOLVTI.

3115 291 3124 298 ’
3195 310 3304 368 ass

205 419 326 490 Apud
369 413 741 470 Theodoretum
775 415 938 470 etiam
963 416 1074 486 (55)
1112 417 1229 472 haec
1259 417 1322 472 D.
1356 417 1626 491 Hippolyti
1658 425 1705 481 Α
1735 421 1915 490 aliqua
1952 420 2138 476 Romae
2167 421 2438 492 descripta
2478 422 2696 478 lsaacus
2751 423 2981 481 Vossius
3030 430 3305 496 quondam

155 518 275 572 verba
309 514 524 582 leguntur
567 525 632 564 ev
682 526 932 565 sermone
978 512 1044 565 de
1089 511 1325 585 lleicana
1354 522 1408 566 et
1448 513 1625 577 Anna,

155 608 319 666 cumde
341 620 412 670 eo,
433 603 567 673 quod
600 592 766 656 Maria
800 604 1044 672 gestabat
1067 603 1120 656 in
1151 614 1324 668 utero,
1354 605 1626 674 loquitur:

157 699 387 753 «Verbum
429 704 536 749 erat
584 693 680 748 Dei
726 694 1145 763 primogenitum
1199 710 1231 750 e
1287 696 1426 749 coelo
1458 697 1525 750 ad
1575 705 1630 750 te

155 795 388 861 delapsum,
418 798 465 843 et
511 789 674 842 homo
704 788 1094 858 primogenitus
1135 789 1188 842 in
1223 799 1377 843 utero
1423 789 1629 844 forma-

153 897 240 949 tus;
281 891 330 937 ut
377 880 780 951 primogenitum
835 879 1068 934 Verbum
1124 879 1219 933 Dei
1267 881 1628 952 primogenito

155 974 429 1042 conjunctum
461 971 663 1024 homini
703 981 1054 1024 monstretur.
1089 990 1106 1020 ι
1135 969 1340 1024 Horum
1384 972 1467 1025 vis
1511 988 1630 1027 ver-

150 1065 294 1119 borum
327 1071 508 1132 quanta
550 1062 640 1125 sit,
673 1061 867 1116 melius
914 1062 1278 1128 existimabit,
1317 1063 1408 1133 qui
1447 1066 1628 1118 nomi-

150 1172 242 1210 num
267 1156 486 1219 istorum,
517 1172 535 1204 ι
567 1151 750 1215 Verbi,
777 1171 795 1203 ›
829 1162 882 1206 et
923 1173 941 1204 ι
975 1156 1317 1224 primogeniti
1344 1176 1362 1206 ι
1391 1167 1628 1224 potesta-

147 1256 222 1299 tr-m
262 1244 562 1314 expendet-it.
593 1243 806 1298 Etenim
837 1246 1006 1313 Λόγον
1049 1245 1317 1314 ejusmodi
1363 1249 1630 1304 intellexit

147 1336 426 1406 Hippolytus,
476 1334 543 1388 dc
574 1351 682 1404 quo
727 1333 964 1389 Joannes
1013 1336 1168 1390 initio
1220 1336 1494 1409 Evangelii
1544 1341 1628 1394 lo-

141 1430 294 1497 quitur.
339 1427 400 1482 At
446 1425 614 1494 Λόγος
663 1427 762 1480 iste
795 1444 812 1477 ι
845 1425 1026 1490 Deus,
1069 1436 1122 1481 et
1170 1429 1315 1497 apud
1362 1429 1532 1484 Deum
1569 1430 1624 1484 in

142 1520 344 1589 principio
386 1538 402 1569 ι
458 1520 698 1583 exstitit;
756 1527 810 1571 et
874 1537 892 1569 ι
937 1533 1030 1587 per
1078 1533 1203 1573 eum
1257 1521 1440 1575 omnia
1496 1531 1626 1576 sunt

139 1612 290 1666 lacta'.
318 1629 334 1661 ι
370 1609 478 1665 Non
517 1611 681 1681 igitur
718 1620 934 1666 creatus
972 1621 1075 1674 est,
1112 1627 1286 1681 neque
1315 1628 1410 1681 per
1455 1614 1622 1667 alium

139 1702 470 1771 Aéyoal‘aetus,
513 1715 576 1759 ut
620 1707 807 1759 Ariani
860 1717 1042 1774 postea
1089 1706 1312 1759 fabulati
1363 1715 1509 1772 sunt,
1556 1722 1623 1760 eo

138 1796 236 1862 ipso,
261 1797 380 1864 quod
418 1797 806 1865 primogenitus
839 1806 940 1851 est.
977 1797 1058 1850 Ad
1095 1798 1210 1851 haec
1239 1797 1382 1852 idem
1421 1797 1624 1867 Hippo-

137 1889 240 1957 lytus
264 1888 309 1941 in
336 1890 432 1943 alio
455 1890 595 1943 libro
616 1891 815 1962 Κύριον
855 1889 1234 1960 ἀναμάρτητον
1269 1900 1427 1945 vocat
1457 1890 1620 1946 Chri-

137 1990 242 2047 tum,
286 1983 331 2035 id
358 1991 435 2037 est
478 1983 894 2052 impeccabilem;
941 1984 1086 2053 quod
1127 1983 1298 2040 solius
1344 1998 1524 2049 verte,
1569 1992 1623 2039 et

136 2073 328 2128 mercata:
355 2074 658 2130 Divinitatis
688 2075 969 2144 proprium
997 2084 1100 2129 est.

180 2166 270 2219 Alia
306 2168 425 2221 satis
463 2167 610 2222 clara
657 2182 754 2236 pro
810 2168 1008 2221 deitate
1055 2165 1258 2221 Christi
1311 2167 1621 2222 testimonia

131 2253 339 2327 hippolyti
363 2259 625 2313 habentur
657 2258 797 2313 inter
819 2259 972 2328 plura
1003 2259 1120 2328 ejus
1145 2259 1287 2314 dicta
1315 2274 1346 2313 a
1373 2257 1623 2313 Theodo-

134 2345 407 2417 retodialogo
430 2348 483 2414 2,
516 2359 650 2404 tom.
682 2349 772 2413 ιν,
813 2365 934 2418 pag.
973 2349 1076 2412 88,
1115 2358 1166 2404 ct
1195 2359 1299 2404 aet.
1335 2366 1369 2402 v
1398 2350 1619 2405 concilii

129 2436 435 2496 Lateranensis
459 2443 564 2495 sub
591 2440 822 2522 Martiae
845 2443 886 2508 l,
921 2456 1064 2494 anno
1085 2440 1206 2503 649,
1246 2449 1378 2497 tom.
1411 2441 1458 2494 Χ
1484 2441 1622 2496 Con-

130 2529 288 2595 ιὶιὶοτ.,
337 2533 455 2587 edit.
506 2533 683 2588 Μειηεί
713 2573 728 2597 ,
773 2550 894 2603 pag.
955 2533 1092 2588 1079
1135 2535 1382 2603 allegata.
1423 2535 1620 2592 Notatu

128 2633 286 2687 quoque
298 2622 448 2692 digna
473 2633 602 2676 sunt
625 2625 866 2693 ejusdem
897 2621 1162 2694 llippolyti
1186 2625 1344 2678 verba
1367 2641 1433 2680 ex
1456 2627 1623 2681 inter-

127 2713 357 2774 pretatione
409 2714 607 2782 psalmi
659 2730 697 2768 ιι
745 2730 776 2768 a
823 2713 1162 2774 Theodoreto
1201 2716 1430 2772 adducta
1483 2718 1616 2789 (56).

123 2797 338 2856 Christum
369 2801 534 2858 Deum
563 2805 852 2875 appellavit
880 2821 1132 2861 sermone
1171 2807 1225 2862 in
1249 2804 1542 2863 llelcanam
1569 2819 1620 2864 et

126 2889 280 2945 Annam
308 2894 430 2965 (57).

169 2979 826 3060 Divitiaeomni-prazsentize
875 2989 1035 3049 etiam
1088 2991 1406 3049 attributum
1465 2993 1622 3048 Chriv

123 3079 182 3178 ito
203 3077 418 3146 ascripsit
462 3089 700 3135 tractatu
735 3083 790 3136 in
818 3081 1049 3149 Pascha,
1085 3100 1152 3138 ex
1173 3099 1282 3154 quo
1309 3085 1424 3142 hazc
1448 3086 1620 3141 citato
1647 3123 1688 3178 ε

119 3163 340 3223 Conciliat.
376 3179 554 3239 tomo,
599 3175 704 3228 col.
737 3174 892 3241 1087,
920 3176 1188 3230 habentur
1217 3177 1380 3232 verba
1415 3192 1430 3231 :
1464 3196 1484 3230 ι
1509 3177 1616 3232 Το-

123 3266 182 3312 tus
200 3275 294 3316 erat
329 3263 379 3317 in
399 3267 660 3320 omnibus
697 3277 752 3320 et
777 3268 998 3338 ubique,
1022 3269 1324 3339 adimplens
1347 3286 1472 3325 vero
1501 3287 1620 3326 om-

121 3350 196 3413 nia,
223 3355 277 3409 ad
297 3371 476 3414 omnes
491 3361 680 3415 aerios
717 3362 1052 3430 principatus
1089 3363 1268 3416 nudus
1301 3364 1619 3434 redispolia-

121 3449 286 3518 tus(sie)
301 3461 392 3513 est,
409 3461 460 3507 et
491 3456 558 3508 ad
581 3470 808 3523 parvum
827 3456 1027 3509 clamat
1042 3457 1273 3510 transire
1294 3456 1540 3524 calicem,
1561 3469 1619 3514 ut

117 3541 305 3597 ostendat
339 3560 460 3600 vere
484 3587 499 3611 ,
541 3547 672 3616 quia
703 3557 756 3601 et
800 3547 962 3600 homo
995 3556 1133 3601 erat.
1186 3566 1205 3599 ι
1241 3545 1378 3602 Nota
1405 3565 1621 3620 quoque

117 3629 288 3699 dictum,
318 3646 373 3691 ut
419 3642 642 3709 egregie
676 3639 763 3693 hic
809 3639 1187 3694 animadvertit
1215 3640 1467 3708 Grabius,
1507 3661 1527 3695 ι
1568 3653 1622 3699 et

117 3723 258 3793 homo;
305 3749 321 3782 )
365 3735 629 3802 quoniam
674 3733 881 3788 scilicet
913 3733 1076 3787 aliam
1104 3732 1329 3803 insuper
1367 3745 1620 3792 naturam

116 3804 310 3876 habebat,
337 3825 388 3868 et
414 3816 560 3869 Deus
589 3824 726 3869 erat.

163 3897 398 3958 Accedunt
441 3905 546 3958 alia
593 3919 809 3974 quoque
856 3904 1101 3974 ejusdem
1138 3904 1411 3975 Hippolyti
1459 3905 1623 3960 verba

116 3995 162 4034 ει
202 3988 298 4065 ejus
344 3991 394 4044 in
453 3992 713 4047 Genesim
764 3995 1170 4050 commentario.
1211 3996 1280 4050 Et
1327 3995 1486 4065 periit
1521 3995 1624 4050 iste

118 4072 279 4136 quidem
305 4081 757 4145 commentarius;
796 4090 1068 4137 asservata
1101 4092 1278 4137 tamen
1322 4091 1448 4136 sunt
1474 4098 1622 4151 quae-

113 4157 204 4241 dam
223 4165 328 4232 ejus
351 4168 654 4240 fragmenta
689 4171 743 4223 in
779 4171 1014 4235 Catenis,
1048 4187 1168 4240 quae
1207 4171 1364 4241 vulgo
1400 4171 1503 4225 dici
1533 4188 1624 4226 so-

115 4240 218 4312 ient,
261 4249 468 4311 Patrum
523 4258 583 4312 in
640 4258 842 4312 dictum
885 4258 1079 4328 Moysis
1128 4240 1356 4325 librum;
1394 4275 1624 4330 quorum

1654 1770 1696 1822 B

1731 511 2050 568 doctissimo
2105 513 2168 566 D.
2223 512 2416 568 Joanni
2452 513 2640 582 Millio,
2687 516 2776 571 hic
2816 533 2945 572 vero
2988 517 3058 572 cl.
3100 517 3308 575 Grabio

1730 607 2174 662 communicavit.
2203 607 2368 676 Atqui
2393 607 2534 662 inter
2568 609 2682 664 hzec
2710 609 2764 663 in
2786 626 2913 663 XLIX
2945 620 3126 680 caput.
3155 627 3306 668 vers.

1729 699 1821 763 22,
1887 700 2000 764 υἱὸς
2047 698 2350 770 ηὐξημένος
2423 700 2641 772 Ἰωσήφ,
2692 702 2972 770 sequentia
3037 703 3308 758 habentur

1731 791 1894 846 verba
1938 809 1952 845 :
2001 810 2020 844 ι
2065 791 2516 862 Quandoquidem
2564 793 2899 862 unigenitum
2927 794 3020 849 Dei
3061 793 3307 852 Verbum

1730 884 1874 938 Deus
1906 899 1972 938 ex
2019 882 2129 938 Deo
2154 885 2423 939 exsistens
2467 885 2717 954 (observa
2759 886 2929 954 ipsius
2963 887 3182 940 concilii
3209 887 3316 941 Ni-

1730 977 1863 1030 czeni
1907 974 2152 1045 phrasin,
2200 976 2278 1029 uti
2310 991 2474 1045 supra
2510 977 2686 1030 (unum
2712 977 2780 1030 de
2814 978 3030 1048 lumine)
3057 979 3308 1033 exinani-

1728 1069 1806 1122 vit
1835 1068 2184 1134 semetipsum
2209 1069 2370 1138 juxta
2404 1066 2739 1137 Scripturas,
2777 1069 3068 1124 demittens
3102 1079 3304 1125 semet-

1731 1161 1908 1229 ipsum
1949 1161 2093 1214 ultro
2126 1161 2180 1215 in
2227 1161 2279 1215 id
2310 1162 2456 1230 quod
2495 1177 2604 1214 non
2637 1171 2774 1225 erat,
2817 1171 2872 1216 et
2899 1162 3058 1215 vilem
3094 1163 3300 1218 hancce

1731 1253 2177 1318 carneminduit,
2212 1261 2372 1321 atque
2401 1255 2452 1306 in
2481 1254 2623 1308 servi
2661 1253 2832 1308 forma
2866 1257 3134 1324 apparuit,
3164 1256 3295 1311 obe-

1733 1343 1890 1398 diens
1937 1344 2046 1397 Deo
2077 1354 2130 1398 et
2170 1345 2317 1399 Patri
2357 1344 2533 1400 factus
2563 1363 2736 1413 usque
2775 1347 2839 1400 ad
2872 1350 3174 1412 mortem“,
3233 1364 3298 1402 ea

1732 1444 1952 1504 propter
1995 1435 2061 1489 de
2094 1443 2289 1489 caetero
2339 1444 2393 1490 et
2436 1437 2867 1506 superexallatus
2912 1435 3302 1503 csse.legitur;'

1731 1536 1786 1582 et
1807 1536 2062 1595 tanquam
2088 1526 2139 1580 id
2170 1527 2386 1596 prOpric
2409 1542 2516 1579 non
2549 1527 2752 1581 habens
2775 1533 2989 1594 propter
3005 1525 3307 1579 humanam

1727 1627 2000 1682 naturam,
2041 1632 2104 1671 ac
2133 1617 2352 1686 gratuiti
2387 1617 2557 1670 instar
2588 1617 2714 1669 doni
2743 1619 2952 1684 accepit
2978 1630 3174 1668 nomen
3204 1631 3308 1670 su-

1727 1723 1822 1777 per
1843 1723 2004 1762 omne
2037 1722 2234 1760 nomen
2259 1706 2298 1769 ³,
2352 1706 2650 1760 secundum
2686 1704 2746 1758 B.
2780 1705 2931 1757 Pauli
2977 1704 3160 1769 verba,
3205 1704 3305 1758 sed

1725 1817 1790 1854 ex
1826 1800 1902 1854 rei
1947 1799 2204 1861 veritate;
2259 1814 2345 1852 res
2395 1799 2509 1866 ipsa
2554 1810 2736 1852 tamen
2784 1812 2891 1850 non
2938 1805 3054 1850 erat
3092 1796 3304 1850 donum

1724 1901 1912 1940 eorum
1948 1901 2070 1955 qua:
2100 1887 2168 1939 ab
2200 1885 2353 1938 initio
2383 1887 2704 1939 naturaliter
2731 1885 2877 1939 haud
2902 1886 3092 1938 habuit
3117 1885 3306 1956 (longe

1725 1995 1784 2034 se
1832 1994 1920 2033 res
1961 1977 2181 2046 habet);
2224 1992 2414 2031 verum
2459 1978 2638 2046 potius
2668 1977 2875 2031 reditus
2902 1976 3306 2030 existimandus

1723 2081 1827 2136 est,
1859 2080 1912 2125 et
1936 2085 2192 2124 recursus
2217 2069 2283 2122 ad
2325 2068 2377 2121 id
2409 2068 2553 2138 quod
2585 2083 2615 2121 a
2643 2068 2912 2137 principio
2936 2065 3306 2120 essentialiter

1722 2171 1776 2216 et
1811 2159 2242 2229 inseparabiliter
2270 2159 2320 2212 ei
2354 2159 2547 2212 inerat.
2590 2177 2609 2209 ›
2639 2158 2702 2211 Et
2735 2159 2899 2226 paulo
2943 2165 3068 2226 post
3097 2158 3165 2210 ad
3195 2157 3305 2212 ista

1720 2252 1906 2318 verba,
1960 2251 2209 2318 εὐλογίας
2257 2250 2462 2320 πατρὸς
2501 2251 2595 2302 καὶ
2631 2250 2860 2320 μητρὸς,
2899 2248 2973 2302 ita
3017 2263 3305 2304 commen-

1723 2354 1869 2399 tatur
1911 2345 2026 2414 (58)
2083 2363 2096 2398 :
2157 2364 2174 2394 ι
2223 2342 2381 2398 Clare
2419 2351 2580 2411 atque
2627 2339 2912 2396 manifeste
2960 2355 3023 2394 ea
3072 2338 3300 2408 pariter,

1722 2452 1842 2507 quae
1870 2445 1954 2490 est
2002 2450 2069 2489 ex
2123 2433 2233 2490 Deo
2256 2475 2270 2500 ,
2323 2444 2375 2487 et
2403 2433 2561 2487 Patre
2593 2433 2867 2504 generatio
2894 2429 3202 2502 Unigcuiti,
3237 2445 3308 2483 ae.

1722 2544 1842 2598 qua:
1893 2543 1987 2599 per
2037 2536 2278 2582 sanctam
2331 2525 2606 2595 Virginem
2659 2523 2800 2578 facta
2849 2532 2952 2590 est,
3007 2522 3303 2586 indicatur,

1718 2623 1873 2692 juxta
1907 2636 2070 2689 quam
2101 2619 2343 2675 creditur
2369 2627 2423 2672 et
2444 2617 2594 2672 visus
2626 2625 2710 2671 est
2739 2617 2920 2670 homo.
2957 2614 3130 2669 Filius
3152 2613 3303 2667 enim.

1722 2711 1817 2766 Dei
1839 2721 1890 2766 ct
1903 2710 2080 2765 Patris
2104 2709 2420 2763 naturaliter
2446 2716 2607 2776 atque
2627 2721 2754 2760 vere
2777 2704 3302 2772 exsistcns,propter

1722 2817 1824 2856 nos
1870 2800 2134 2856 sustinuit
2178 2815 2333 2863 eam,
2387 2815 2509 2868 qua:
2536 2797 2639 2851 fuit
2671 2811 2766 2866 per
2800 2794 3080 2864 Virginem
3138 2801 3308 2861 atque

1722 2901 1935 2946 uterum
1969 2891 2399 2962 generationem,
2441 2899 2495 2944 ct
2525 2889 2691 2942 ubera
2723 2887 2886 2940 suxit.
2912 2885 3097 2955 Neque
3131 2885 3302 2947 enim,

1723 2995 1784 3040 ut
1814 2983 2142 3055 quibusdam
2164 2982 2400 3047 videtur,
2425 2981 2664 3051 putative
2695 2978 2794 3032 fuit
2817 2980 2999 3040 homo,
3027 2975 3122 3030 sed
3153 2974 3302 3030 idem

1723 3091 1846 3130 vere
1875 3075 2146 3145 apparuit,
2195 3073 2338 3144 quod
2382 3088 2479 3127 nos
2519 3087 2732 3135 sumus,
2783 3069 2875 3138 qui
2905 3076 3114 3122 naturae
3156 3066 3304 3133 lege:

1724 3168 2025 3237 sequimur,
2081 3175 2136 3222 et
2169 3165 2504 3219 nutrimento
2547 3179 2679 3217 usus
2729 3171 2832 3226 est,
2881 3159 3134 3230 quamvis
3183 3157 3301 3226 ipse

1723 3261 1926 3315 mundo
1953 3260 2115 3315 vitam
2140 3260 2310 3316 daret.
2348 3277 2367 3310 ι

1792 3351 2059 3408 Omnibus
2089 3351 2174 3406 his
2211 3349 2530 3405 decretoriis
2564 3344 2984 3402 auctoritatibus
3019 3341 3143 3398 addi
3176 3356 3304 3411 pos-

1725 3454 1853 3501 sunt
1877 3445 1980 3500 alia
2001 3445 2110 3499 duo
2134 3444 2254 3498 loca
2277 3459 2343 3498 ex
2374 3442 2592 3511 scriptis
2619 3442 2676 3495 ὃ.
2714 3437 3008 3510 Hippolyti,
3040 3451 3161 3505 qua:
3185 3439 3302 3488 'ex-

1723 3553 1911 3608 presse
1942 3541 2077 3591 adeo
2105 3536 2442 3590 divinitatem
2478 3533 2601 3588 Filii
2639 3534 2731 3586 Dei
2762 3532 2971 3587 Domini
3004 3526 3304 3583 Salvatoris

1723 3629 1894 3683 nostri
1924 3627 2051 3682 Jesu
2079 3626 2304 3694 Christi,
2330 3627 2558 3696 ejusque
2580 3621 3226 3684 consubstantialitatem,
3250 3628 3306 3673 et

1723 3720 2141 3774 coazternitatcm
2173 3735 2295 3773 cum
2327 3717 2484 3772 Patre
2513 3717 2910 3778 demonstrant,
2943 3723 3002 3768 ut
3027 3713 3159 3766 nihil
3184 3727 3306 3765 ma-

1722 3813 1805 3884 lgis
1838 3812 2136 3867 desiderari
2162 3822 2346 3882 queat.
2402 3813 2462 3865 In
2527 3818 2760 3864 tractatu
2784 3809 3045 3861 Adversus
3071 3804 3306 3858 Nectum

1721 3905 1838 3959 haec
1867 3903 1922 3958 in
1957 3902 2236 3975 Evangelii
2286 3904 2449 3958 verba
2483 3921 2496 3957 :
2539 3921 2557 3954 ι
2601 3901 2710 3971 Ego
2739 3910 2793 3956 et
2829 3899 2988 3954 Pater
3023 3914 3189 3954 unum
3218 3913 3308 3953 su-

1721 4010 1846 4049 mus
1885 3995 1930 4062 ⁸,
1994 4015 2013 4047 ι
2077 4005 2260 4065 aperte
2293 3995 2533 4050 declarat
2558 3993 2772 4046 Patrem
2802 4000 2855 4045 et
2903 3990 3100 4044 Filium
3130 4003 3303 4043 unum

1724 4085 1976 4156 idemque
2001 4102 2141 4151 esse,
2174 4086 2302 4156 quia
2334 4105 2352 4136 ‹
2387 4101 2551 4138 unam
2578 4083 2933 4150 eamdemque
2966 4080 3166 4134 habent
3194 4078 3303 4130 vir-

1724 4183 1895 4231 tutem
1924 4185 1978 4230 et
2005 4177 2300 4246 potentiam
2348 4175 2495 4246 (59);
2547 4193 2565 4227 ι
2620 4185 2673 4228 et
2728 4173 2780 4226 in
2827 4180 3058 4226 tractatu
3103 4169 3306 4224 Contra

1724 4266 1942 4324 Judwos
1972 4269 2174 4338 pariter
2207 4282 2462 4337 expresse
2498 4267 2630 4322 dicit
2661 4263 2939 4319 Christum
2969 4278 3090 4319 esse
3114 4277 3302 4315 verum

159 4421 371 4501 ’Joana,
390 4436 495 4494 1-5.
562 4439 583 4469 ⁸
605 4436 1017 4510 Philip.tl,7,8.
1047 4443 1068 4476 ³
1091 4441 1255 4510 lbid.,
1285 4444 1340 4500 9.
1418 4444 1443 4476 ⁸
1478 4442 1640 4502 Joan.
1669 4460 1726 4512 Χ,
1760 4443 1843 4499 50.

98 4625 603 4758 ὲίέξῗέηὲιιεοιιοωι.
657 4638 889 4710 Dialog.,
926 4642 1140 4714 ιηιοηι.
1184 4643 1252 4698 tv
1287 4644 1447 4716 0pp.,
1479 4647 1610 4705 edit.
1647 4631 1694 4687 ι)

103 4788 243 4906 89(5ῧ)
282 4794 608 4881 Theodoret.
642 4803 877 4874 Dialog..
917 4806 972 4869 9,
1021 4805 1176 4875 0pp.,
1209 4816 1339 4863 tom.
1373 4807 1461 4874 IV,
1491 4826 1614 4881 pag.

155 4867 313 4906 .anml
341 4867 532 4906 palm-nn
626 4889 725 4906 nan
777 4875 881 4906 ωιξρ
939 4886 987 4906 ιι.
1016 4878 1154 4906 η.ι..,ι
1189 4877 1411 4906 ρ,.ιι.....ι
1495 4898 1596 4906 Νη-

194 4867 315 4931 apud
339 4867 583 4937 Fabric.,
622 4889 746 4944 pag.
777 4867 904 4940 2'68,
939 4867 991 4929 et
1015 4867 1460 4945 apudGallandQ

99 5015 614 5122 aliillresleret-z
661 5032 909 5122 ιοξλρτίιη
954 5042 1008 5088 ει
1035 5035 1176 5105 θνυδ
1211 5033 1452 5101 Fam"
1492 5052 1616 5107 υθέ·

100 5100 197 5146 ῑυις
230 5100 357 5162 apud
383 5100 664 5162 Galland..
697 5104 821 5158 496.

148 5181 234 5267 (:58)
258 5185 344 5267 Enr
357 5188 747 5267 Commentario
775 5193 831 5249 S.
861 5193 1132 5266 Hippolyti
1155 5197 1208 5250 in
1242 5197 1617 5267 benedictiones

98 5243 292 5326 βιιιαάηιί
329 5243 456 5314 haec
485 5243 678 5317 etiam
702 5243 1620 5327 ῖιῖοὶιῐῐίιῗῖίιῖῗι”ὶξιῖἱὶῷἷλνῖέὶὀί

96 5331 270 5412 Ruf},
300 5328 593 5412 ,Ευλιξιεζιειξ
626 5352 643 5386 :
677 5353 697 5385 4
749 5334 818 5412 Ut
868 5337 1304 5412 detlt_0ttstretttt‘__
1335 5347 1618 5412 utramque

96 5394 260 5469 tantilem
299 5398 351 5451 in
397 5394 458 5454 se
497 5404 700 5458 habere
732 5406 1088 5460 substantiam
1113 5394 1134 5466 ’,
1190 5407 1397 5460 scilicet
1439 5394 1543 5459 Dei'
1563 5416 1618 5459 et

94 5452 336 5546 Ῑίξξξθίξηξιη,
363 5472 868 5546 _sicut_Aposlplus
918 5477 1044 5546 ait:
1080 5452 1346 5546 Mvedi’utor
1395 5478 1616 5546 quidem

94 5523 125 5571 Β
155 5531 162 5536 -
325 5523 336 5534 ν
363 5523 522 5551 ,έννίή
578 5523 866 5541 ”I""""""
918 5523 992 5529 “·““
1032 5523 1044 5529 ’
1080 5523 1331 5530 """“""'
1398 5523 1613 5546 ‘1‘“""’"‘

104 5536 507 5616 ιΙειΔςῑγΙιοηιιηιιηι
534 5543 689 5616 homo
719 5544 958 5598 Christus
987 5545 1142 5600 Jesus
1178 5545 1228 5616 (Ι
1270 5547 1408 5600 Tim.
1442 5564 1502 5613 ιι,
1527 5547 1613 5615 5);

104 5591 311 5688 ῗξάξαιοΐ.
331 5622 510 5663 autem
533 5615 690 5667 unius
721 5616 944 5688 hominis
982 5633 1085 5669 non
1109 5591 1194 5669 es;
1217 5616 1360 5688 (Gal.
1396 5591 1614 5681 1",";20'):

91 5669 157 5721 sui
187 5673 491 5738 hominum:
552 5686 832 5754 oportebat
878 5702 1007 5758 ergo
1048 5697 1106 5742 ut
1132 5669 1616 5756 Chi-istuspl'acttis'

1722 4644 1986 4704 mediator
2016 4648 2108 4704 Dei
2135 4658 2189 4703 et
2215 4650 2522 4714 hominum,
2554 4649 2622 4704 ab
2658 4649 2908 4716 utrisque
2935 4646 3302 4701 arrhabonem

1721 4721 2011 4790 quemdam
2046 4722 2356 4790 acciperet,
2402 4729 2459 4773 ut
2484 4730 2742 4788 appareat
2773 4718 3039 4772 mediator
3068 4717 3301 4770 duarum

1723 4799 2070 4844 naturarum.
2123 4809 2142 4841 )

1801 4901 1915 4971 (59)
1953 4919 1972 4950 ι
2005 4899 2062 4954 Si
2090 4909 2269 4954 autem
2307 4899 2451 4954 dicat
2482 4895 2686 4952 Noetus
2724 4915 2738 4971 _:
2777 4895 2896 4966 Ipse
2916 4894 3220 4971 dixitzEgo
3251 4901 3303 4947 et

1723 4966 1903 5025 Pater'
1922 4987 2084 5024 unum
2114 4987 2324 5031 auritus;
2361 4971 2609 5024 advertat
2647 4968 2887 5020 animum
2921 4976 2974 5019 et
3015 4966 3302 5033 intelligat.

1723 5041 1994 5110 quodnon
2023 5042 2158 5094 dixit
2193 5059 2206 5094 :
2235 5041 2343 5110 Ego
2367 5051 2414 5092 et
2444 5039 2607 5110 Pater
2641 5051 2982 5110 unurrusum;
3011 5037 3103 5088 sed
3139 5051 3301 5110 unum

1723 5102 1924 5165 sumus.
1957 5110 2099 5177 glilud
2137 5102 2546 5176 enim'(sumus)
2583 5123 2691 5177 non
2725 5108 2924 5159 dicitur
2949 5109 3180 5177 denuo;
3205 5102 3304 5155 sed

1724 5182 1804 5234 sic
1833 5175 1998 5247 dixit,
2034 5182 2160 5249 quia
2198 5182 2334 5234 duas
2364 5175 2631 5233 Personas
2665 5175 3061 5249 demonstravit
3083 5215 3096 5237 ,
3136 5188 3300 5226 unam

1724 5260 1904 5304 autem
1951 5245 2271 5320 potentiam:
2318 5250 2431 5302 sive
2477 5248 2753 5320 virtutem.
2784 5245 2918 5320 _U_n_a
2959 5245 3102 5298 enim
3147 5258 3304 5320 mens

1723 5319 1902 5375 Patris
1927 5311 2009 5375 est
2037 5320 2176 5374 Puer
2201 5318 2492 5390 (Filius)...
2514 5316 2662 5390 Unde
2687 5315 3090 5390 adPhilippum
3125 5311 3304 5390 ΞὶΡΙιοίῖ

1716 5390 1853 5460 lippe
1873 5434 1886 5455 ,
1924 5393 2012 5460 qui
2052 5391 2183 5442 vidit
2209 5381 2285 5460 ine
2305 5431 2318 5452 ,
2350 5381 2479 5443 vidit
2507 5388 2725 5460 Patrem
2753 5381 2942 5454 (Joan:
2963 5381 3084 5447 _XIV,
3121 5383 3176 5451 9)
3200 5399 3214 5444 ;
3247 5381 3302 5433 id

1717 5455 1821 5526 est,
1855 5462 1902 5515 si
1932 5455 2017 5514 me
2046 5459 2248 5522 vidisti,
2279 5475 2374 5528 per
2394 5475 2481 5512 me
2509 5469 2662 5528 potes
2695 5455 2910 5510 Patrem
2949 5468 3300 5528 cognoscere.

1717 5521 1820 5601 Per
1847 5532 2154 5601 imaginem
2179 5521 2346 5601 enim,
2377 5521 2750 5601 _qua:'similis_
2772 5536 2888 5589 est,
2932 5533 3109 5601 potest
3141 5521 3303 5601 facile

1717 5599 1876 5658 Pater
1905 5592 2180 5668 cognosci.
2218 5619 2236 5652 ι
2284 5599 2342 5654 S.
2377 5592 2678 5671 llippolyt.,
2711 5597 2908 5653 Contra
2936 5592 3133 5662 ’Νοειη
3162 5608 3214 5648 c.
3246 5592 3299 5646 7.
