3882 6520
527 300 634 358 359

1490 303 1577 357 DE
1613 301 1777 357 VITA
1816 302 1905 356 ET
1946 302 2259 358 SCRIPTIS
2292 304 2349 358 S.
2396 302 2781 362 HIPPOLYTI.

3661 310 3758 366 360

529 415 697 470 Deum
731 414 867 487 (60),
893 429 1128 484 eumque
1153 412 1299 469 Patri
1330 423 1655 469 coaeternum
1678 415 1924 470 nominat
1956 415 2091 486 (6i).
2124 422 2167 478 Α
2198 416 2558 484 pretationem
2616 414 2949 485 suppeditat.
3017 415 3283 473 Observat
3334 420 3479 476 enim
3531 391 3761 483 Verbum

527 503 595 557 Et
622 503 676 557 in
718 502 1121 557 Commentario
1146 502 1261 572 jam
1294 503 1510 558 laudato
1544 506 1597 558 in
1638 502 1871 559 Genesin
1900 506 2089 562 eadem

523 592 642 649 fere
689 592 757 648 de
802 592 1170 647 cozeternitate
1204 592 1329 647 Filii
1373 594 1556 648 habet.
1596 612 1614 645 ι
1668 595 1855 664 Itaque
1894 596 1989 665 qui
2035 605 2095 650 ut

524 683 713 749 homo,
766 683 943 752 inquit
995 681 1055 736 S.
1106 679 1450 754 Hippolytus.
1492 684 1792 754 periculum
1828 686 2090 751 subierat,

522 792 553 829 a
615 773 775 830 Patre
844 775 1083 832 salvatus
1141 790 1264 830 esse
1330 776 1669 844 affirmatur,
1737 792 2048 847 quanquam

522 874 718 919 natura
764 880 863 920 sua
916 865 1186 921 exsistens
1234 864 1399 931 Deus,
1444 866 1585 920 κατὰ
1628 867 1787 937 φύσιν
1833 868 2091 940 ὑπάρχων

522 958 653 1020 Θεός
681 997 696 1023 ,
731 966 786 1012 et
823 957 1134 1014 universam
1189 959 1358 1027 ipsam
1398 961 1665 1016 visibilem
1700 972 2003 1018 creaturam
2035 966 2087 1019 in

524 1046 667 1101 bono
688 1056 838 1103 statu
871 1064 1269 1104 conservans...
1300 1064 1515 1120 semper
1538 1051 1682 1105 enim
1712 1051 1810 1105 fuit
1842 1052 1895 1106 in
1918 1054 2087 1123 gloria

522 1140 727 1205 divina,
777 1142 870 1210 qui
905 1151 1029 1197 ante
1069 1157 1232 1199 omne
1264 1159 1469 1208 aevum,
1512 1154 1566 1198 et
1606 1154 1839 1214 tempus,
1885 1154 1940 1199 et
1967 1155 2089 1200 ante

522 1231 709 1284 mundi
724 1230 870 1300 jacta
897 1230 1246 1288 fundamenta
1270 1234 1490 1304 proprio
1510 1234 1657 1289 Patri
1680 1235 1977 1302 coexsistit,
2009 1234 2086 1305 τῷ

524 1321 642 1393 ἰδίῳ
680 1324 1038 1396 συνυπάρχων
1084 1328 1364 1399 γεννήτορι
1394 1327 1525 1395 (62).
1578 1325 1720 1381 Sane
1748 1327 1959 1391 Ariani,
1993 1327 2087 1396 qui

518 1415 698 1469 adhuc
732 1426 1064 1484 supersunt,
1096 1418 1287 1472 barum
1317 1418 1703 1473 auctoritatum
1728 1419 1838 1472 vim
1871 1418 2087 1472 eludere

520 1521 630 1573 quo
660 1516 818 1575 pacto
842 1512 1072 1572 valeant,
1098 1524 1211 1563 non
1238 1509 1574 1577 video.,Quis
1604 1510 1748 1565 enim
1785 1525 1893 1564 non
1923 1525 2088 1580 agno-

519 1608 635 1653 scet
676 1600 753 1653 uti
782 1615 966 1654 verum
1013 1602 1203 1666 Deum,
1250 1603 1323 1657 uti
1360 1602 1507 1656 Patri
1540 1602 2082 1667 consubstantialem,

517 1704 665 1754 eum,
691 1691 787 1758 qui
812 1692 880 1745 ab
924 1702 1127 1747 aaterno
1156 1693 1257 1746 fuit
1282 1694 1335 1747 in
1366 1693 1477 1747 Deo
1513 1692 1704 1759 Patre;
1735 1709 1896 1764 quem
1928 1693 2087 1748 Pater

2199 514 2323 559 ante
2348 505 2778 561 incarnationem
2802 516 3055 563 vocatum
3084 508 3251 565 fuisse
3268 510 3463 566 Filium
3498 516 3763 587 hominis;

2199 598 2341 651 unde
2362 595 2566 666 colligit
2584 596 2881 666 perfectum
2904 596 3101 652 Filium
3126 615 3233 653 non
3262 599 3452 665 fuisse,
3471 616 3601 658 cum
3634 621 3764 661 non-

2197 685 2327 740 dum
2371 694 2519 741 esset
2561 686 2746 740 homo.
2795 685 2892 743 His
2921 688 3066 741 enim
3110 690 3291 744 verbis
3324 710 3338 745 :
3370 709 3389 742 ε
3426 692 3473 745 Α
3504 694 3764 766 principio

2204 795 2221 826 ι
2252 775 2448 830 Filium
2486 777 2716 843 vocavit,
2743 793 3029 833 commune
3044 794 3239 835 nomen
3273 781 3478 838 amoris
3515 800 3645 855 erga
3678 789 3761 842 ho-

2204 887 2223 920 ι
2257 868 2429 923 mines
2453 871 2645 936 sumit,
2683 888 2703 921 ι
2747 870 2922 925 Filius
2963 872 3199 927 hominis
3242 875 3387 930 clare
3431 877 3762 947 designatur.

2201 956 2371 1029 quue
2414 962 2724 1015 confirmari
2772 970 2951 1030 potest
2982 978 3044 1016 ex
3080 978 3199 1032 cap.
3232 965 3265 1018 4
3298 966 3387 1020 ubi
3426 968 3505 1023 sic
3532 969 3764 1038 loquitur

2197 1048 2564 1121 Hippolytus:
2602 1069 2620 1102 ι
2663 1050 2901 1105 Verbum
2954 1053 3097 1107 enim
3155 1070 3284 1110 caro
3336 1066 3471 1125 erat,
3535 1060 3765 1129 Spiritus

2202 1160 2219 1190 ι
2252 1150 2395 1208 erat,
2418 1140 2599 1196 Virtus
2613 1153 2747 1197 erat.
2778 1141 2929 1197 Unus
2952 1158 3240 1199 commune
3269 1160 3463 1201 nomen
3503 1158 3556 1201 et
3585 1149 3641 1201 in
3672 1165 3762 1202 usu

2204 1249 2221 1282 ‹
2256 1232 2399 1300 apud
2428 1232 2677 1287 homines
2694 1233 2797 1287 sibi
2821 1233 3074 1303 sumpsit,
3092 1244 3315 1289 vocatus
3343 1252 3372 1289 a
3401 1238 3669 1307 principio
3685 1238 3762 1292 Fi-

2202 1340 2223 1374 ε
2244 1323 2354 1378 lius
2370 1323 2605 1379 hominis
2623 1333 2840 1394 pr0pter
2864 1324 3131 1390 futurum,
3149 1327 3397 1395 quamvis
3418 1330 3662 1382 nondum
3686 1346 3761 1385 es-

2200 1432 2217 1464 ‹
2241 1430 2320 1469 set
2342 1417 2524 1483 homo,
2544 1416 2685 1471 sicut
2714 1415 2899 1471 Daniel
2926 1426 3171 1481 testatur,
3194 1418 3445 1488 inquiens
3482 1437 3498 1475 :
3549 1419 3690 1483 Vidi,
3720 1433 3761 1475 et

2192 1523 2306 1560 ecce
2330 1524 2445 1560 cum
2468 1507 2688 1560 nubibus
2702 1508 2817 1561 caeli
2843 1510 2995 1578 quasi
3021 1510 3166 1577 ﬁlius
3183 1510 3406 1565 hominis
3434 1512 3755 1566 veniebat’n

2192 1596 2325 1651 Cum
2350 1596 2554 1652 Noetus
2584 1600 2928 1670 metaphoras
2968 1601 3021 1654 in
3052 1600 3173 1655 Filii
3208 1617 3341 1657 voce
3366 1613 3687 1669 venaretur,
3714 1614 3759 1657 et

2193 1689 2408 1744 Patrem
2445 1699 2499 1746 et
2534 1690 2729 1746 Filium
2761 1708 2924 1746 unam
2960 1703 3013 1749 et
3032 1694 3276 1749 eamdem
3317 1692 3614 1749 Personam
3648 1710 3761 1751 esse

514 1782 713 1845 emisit,
748 1794 805 1836 ut
831 1802 849 1833 ι
876 1783 1057 1837 lumen
1080 1799 1145 1839 ex
1169 1784 1395 1848 lumine,
1425 1803 1443 1836 ι
1473 1793 1533 1839 ut
1561 1803 1579 1836 ι
1617 1785 1829 1839 radium
1851 1800 1881 1839 a
1906 1784 2041 1849 sole,
2065 1803 2083 1835 ι
2122 1779 2163 1833 Β
2193 1789 2493 1849 statueret;
2543 1792 2795 1853 suscepta
2829 1785 3093 1840 adversus
3123 1786 3271 1841 hunc
3298 1786 3614 1842 haereticum
3651 1789 3759 1843 dis-

514 1882 573 1927 ut
608 1892 626 1924 ‹
648 1888 845 1941 aquam
868 1890 933 1928 ex
962 1872 1110 1929 fonte
1145 1875 1288 1947 (65);
1317 1895 1335 1925 ι
1365 1890 1512 1941 emn,
1536 1875 1629 1945 qui
1655 1876 1900 1930 eamdem
1926 1874 2087 1930 habet

512 1982 639 2022 cum
681 1968 839 2022 Patre
883 1969 1136 2024 virtutem
1180 1986 1245 2025 ac
1294 1972 1629 2040 potentiam;
1673 1972 1768 2041 qui
1813 1980 1897 2026 est
1942 1970 2084 2025 idem

513 2060 658 2117 Deus
699 2078 824 2117 cum
876 2065 1113 2119 universi
1157 2066 1465 2132 conditore;
1504 2065 1681 2136 qui‘in
1716 2081 1812 2120 sua
1848 2064 2088 2121 Persona

508 2156 803 2223 potentiam
832 2155 1007 2210 Patris
1032 2159 1300 2224 ostendit;
1334 2157 1427 2227 qui
1456 2167 1539 2212 est
1569 2156 1710 2213 Deus
1739 2166 1793 2212 et
1823 2157 2086 2213 Dominus

508 2246 786 2312 omnimn;
822 2249 913 2318 qui
941 2259 1025 2305 est
1051 2265 1179 2304 vera
1210 2249 1389 2305 Patris
1421 2251 1639 2319 imago;
1676 2252 1729 2304 in
1763 2266 1874 2319 quo
1907 2259 1962 2305 et
1990 2265 2085 2319 per

511 2352 673 2406 quem
702 2336 859 2392 Pater
888 2340 1127 2409 seipsum
1169 2341 1517 2407 manifestat;
1546 2356 1669 2395 eum
1696 2342 1910 2395 tandem
1937 2382 1953 2408 ,
1990 2342 2085 2410 qui

506 2440 589 2484 est
630 2431 895 2496 infinitus,
935 2432 1524 2503 incomprehensibilis,
1560 2434 1926 2501 omnipotens,
1955 2434 2085 2487 sub-

507 2521 706 2576 sistens
743 2532 797 2575 et
838 2539 1070 2592 operans
1122 2540 1217 2594 per
1268 2526 1536 2593 seipsum,
1590 2534 1643 2579 et
1693 2533 1775 2578 est
1812 2524 2084 2593 perfectus

505 2608 671 2675 Deus,
701 2612 861 2666 sicuti
890 2623 972 2667 est
1003 2613 1273 2682 perfectus
1290 2614 1490 2669 homo?
1518 2614 1575 2668 Si
1601 2614 1802 2668 Ariana
1832 2615 2084 2684 impietas

506 2714 698 2759 contra
732 2706 843 2760 haec
879 2706 1033 2759 firma
1062 2707 1241 2762 adhuc
1264 2716 1318 2761 et
1340 2708 1444 2762 sibi
1467 2718 1724 2763 constans
1752 2718 2081 2777 perseverat,

506 2798 658 2852 nullo
686 2799 794 2853 alio
828 2808 985 2868 pacto
1017 2801 1216 2869 poterit
1248 2816 1489 2871 unquam
1513 2801 1705 2855 everti.

581 2913 733 2971 Unus
758 2925 935 2970 tamen
959 2917 1112 2971 locus
1139 2916 1319 2970 adhuc
1349 2925 1619 2985 superest,
1642 2916 1875 2972 eximius
1901 2916 2080 2987 plane,

503 3023 663 3078 quem
697 3009 972 3077 praeterire
1020 3008 1212 3076 religio
1267 3017 1367 3062 est.
1409 3006 1500 3062 Sic
1541 3020 1722 3062 autem
1764 3023 1824 3063 se
1866 3008 2025 3064 habet
2063 3028 2076 3062 :

508 3116 531 3153 ι
582 3098 805 3166 Qualem
867 3100 1032 3169 igitur
1070 3098 1269 3153 Filium
1320 3114 1478 3154 suum
1529 3098 1676 3154 Deus
1718 3114 1814 3170 per
1858 3115 2077 3155 carnem
2108 3128 2151 3187 ρ

502 3193 673 3255 misit,
704 3192 808 3246 nisi
842 3190 1103 3253 Verbum,
1128 3191 1273 3260 quod
1305 3206 1335 3244 a
1358 3190 1626 3260 principio
1652 3191 1859 3246 scilicet
1882 3190 2077 3246 Filium

499 3284 735 3348 vocavit,
784 3285 910 3353 quia
943 3283 1190 3337 futurum
1218 3292 1356 3347 erat,
1405 3291 1466 3337 ut
1506 3292 1687 3337 ortum
1735 3284 1989 3353 caperet?
2016 3282 2080 3338 Et

505 3391 631 3431 cum
666 3375 835 3430 Filius
868 3387 1095 3430 vocatur
1116 3417 1131 3442 ,
1164 3391 1453 3431 cornmune
1483 3391 1681 3430 nomen
1715 3376 1920 3431 amoris
1948 3391 2076 3447 erga

501 3467 751 3523 homines
794 3470 984 3522 sumit.
1028 3468 1138 3523 Nec
1162 3471 1307 3524 enim
1337 3467 1577 3524 Verbum
1626 3484 1721 3537 per
1766 3485 1825 3524 se
1862 3476 1916 3524 et
1958 3469 2076 3523 sine

496 3573 695 3624 carne,
728 3559 995 3628 perfectus
1025 3559 1196 3614 Filius
1228 3569 1372 3622 erat,
1407 3575 1533 3614 cum
1570 3568 1749 3613 tamen
1776 3569 1919 3614 esset
1943 3558 2077 3613 Ver-

496 3651 648 3715 bum,
703 3648 1046 3720 Unigenitus.
1100 3650 1283 3721 Neque
1325 3666 1453 3706 caro
1505 3667 1600 3720 per
1654 3666 1712 3705 se
1736 3651 1870 3715 zsine
1899 3649 2072 3705 Verbo

497 3741 796 3795 subsistere
842 3750 1073 3810 poterat,
1116 3742 1243 3811 quia
1278 3742 1332 3795 in
1377 3741 1556 3797 Verbo
1595 3742 1942 3797 subsistebat.
1984 3741 2075 3797 Sic

494 3844 625 3899 ergo
648 3846 789 3885 unus
807 3829 976 3885 Filius
1003 3832 1095 3885 Dei
1113 3830 1381 3901 perfectus
1398 3832 1782 3887 manifestatus
1804 3841 1885 3887 est
1901 3832 2031 3903 (δι).
2048 3852 2067 3885 ι

497 3918 654 3975 Hune
700 3931 880 3975 autem
916 3922 1094 3976 locum
1129 3938 1238 3993 quo
1275 3923 1508 3977 maxime
1557 3924 1850 3979 abutuntur
1877 3922 2070 3979 Unita-

492 4014 581 4077 rii,
623 4024 785 4084 atque
828 4016 1122 4085 plurimum
1152 4030 1210 4069 se
1242 4016 1474 4070 elI‘erunt
1501 4056 1517 4081 ,
1554 4018 1770 4088 egregie
1817 4017 2068 4084 illustrat,

494 4122 559 4161 ac
592 4118 811 4162 strenue
837 4118 1143 4179 propugnat
1169 4109 1523 4165 doctissimus
1553 4108 1806 4165 Maranus
1841 4110 1926 4164 bis
1947 4125 2070 4165 ver-

491 4195 576 4250 bis
613 4215 625 4251 :
658 4216 678 4248 ‹
728 4196 956 4253 Videtur
979 4241 993 4265 ,
1032 4200 1239 4269 inquit,
1271 4210 1494 4255 sanctus
1524 4209 1727 4272 martyr
1747 4201 1822 4256 ita
1852 4201 2068 4257 locutus

493 4290 661 4343 fuisse
690 4290 893 4361 duplici
930 4293 1275 4361 potissimum
1309 4294 1375 4347 de
1401 4309 1565 4349 causa
1592 4294 1702 4364 (65)
1737 4310 1750 4345 :

573 4400 590 4431 ι
619 4382 660 4435 1.
696 4382 835 4447 Quia
861 4383 1120 4448 Verbum,
1147 4387 1249 4439 etsi
1284 4385 1555 4454 perfectus
1597 4384 1692 4440 Dei
1733 4384 1906 4440 Filius
1950 4400 2067 4461 erat

489 4483 616 4527 ante
657 4475 1108 4542 incarnationem,
1147 4487 1205 4530 ut
1237 4487 1381 4547 patet
1407 4493 1471 4532 ex
1506 4479 1623 4547 ipso
1650 4479 1792 4543 loco,
1819 4479 1909 4534 ubi
1937 4494 2061 4534 eunt
2092 4485 2141 4541 ι)

493 4564 829 4636 Unigenitum
857 4568 1091 4637 appellat
1123 4567 1465 4640 Hippolytus,
1502 4580 1555 4625 et
1598 4586 1665 4625 ex
1697 4572 1885 4627 multis
1914 4571 2057 4639 aliis,

486 4658 545 4712 in
571 4659 769 4728 quibus
796 4660 861 4713 de
881 4659 999 4729 ejus
1022 4662 1371 4728 generatione
1398 4661 1599 4715 diserte
1620 4662 1859 4731 disputat
1878 4678 2058 4727 ;-non-

485 4750 615 4805 dum
662 4761 840 4807 tamen
875 4763 991 4807 erat
1020 4752 1191 4809 Filius
1222 4754 1481 4808 hominis.
1536 4751 1685 4808 Hanc
1730 4754 1846 4823 ipse
1890 4755 2059 4811 inter-

577 4884 597 4913 ⁵
630 4883 760 4937 Dan.
792 4899 890 4948 vn,
919 4885 1009 4940 l5.

2188 1874 2399 1943 putatio
2423 1875 2759 1944 postulabat,
2795 1887 2853 1931 ut
2889 1876 3126 1931 Verbum
3163 1876 3483 1949 Hippolytus
3520 1889 3651 1933 ante
3681 1881 3758 1935 in-

2190 1966 2562 2021 carnationem
2594 1984 2702 2023 non
2727 1968 3114 2038 metaphoriee,
3140 1969 3233 2024 sed
3264 1985 3389 2025 vere
3418 1972 3490 2025 ob
3522 1970 3758 2025 futuram

2188 2072 2253 2111 ex
2285 2056 2505 2128 Virgine
2530 2061 2951 2131 generationem
2992 2060 3189 2116 Filium
3226 2063 3460 2118 hominis
3503 2075 3757 2118 vocatum

2187 2148 2358 2206 fuisse
2375 2153 2749 2222 praetenderet,
2772 2168 2871 2208 nec
2896 2162 3074 2207 tamen
3090 2152 3323 2223 perfecte
3340 2152 3545 2210 Filium
3570 2155 3758 2220 fuisse,

2188 2244 2316 2313 quia
2352 2244 2588 2298 nondum
2626 2259 2690 2299 ex
2719 2243 2939 2315 Virgine
2970 2245 3181 2315 genitus
3204 2254 3339 2300 erat.

2262 2336 2363 2389 «ιι.
2400 2334 2516 2389 Non
2552 2337 2726 2391 solum
2770 2335 3005 2391 Verbum
3049 2337 3102 2390 in
3145 2336 3400 2403 Christo,
3451 2338 3547 2393 sed
3599 2340 3757 2393 etiam

2185 2441 2388 2495 corpus
2419 2434 2474 2481 et
2502 2427 2738 2480 animam
2775 2426 3085 2480 considerat
3126 2424 3481 2497 Hippolytus;
3527 2443 3593 2483 ac
3636 2428 3762 2482 Ver-

2186 2517 2312 2570 bum
2348 2518 2558 2571 unitum
2594 2518 2767 2580 carni,
2796 2532 2973 2571 unum
3023 2528 3077 2572 et
3109 2518 3409 2588 perfectum
3436 2516 3534 2573 Dei
3564 2519 3757 2574 Filium

2184 2614 2497 2668 existimat:
2531 2614 2604 2668 ita
2643 2624 2703 2669 ut
2729 2613 2989 2681 ,Cbristus
3067 2630 3173 2668 non
3242 2613 3416 2668 solum
3490 2625 3763 2683 quatenus

2184 2704 2444 2771 Verbum,
2474 2706 2567 2760 sed
2598 2706 2759 2760 etiam
2820 2715 3097 2776 quatenus
3120 2705 3264 2761 Deus
3288 2714 3342 2761 et
3370 2708 3560 2771 homo,
3592 2706 3761 2761 Filius

2184 2797 2253 2851 sit
2285 2796 2401 2850 Dei.
2434 2796 2899 2862 Quemadmodum
2947 2797 3110 2867 igitur
3155 2812 3285 2851 caro
3315 2798 3433 2853 sine
3463 2796 3651 2852 Verbo
3679 2798 3759 2852 Fi-

2182 2888 2291 2942 lius
2322 2886 2415 2942 Dei
2446 2903 2567 2943 esse
2614 2903 2723 2943 non
2752 2896 2961 2957 potest;
2992 2890 3062 2942 ita
3098 2887 3339 2943 Verbum
3388 2888 3512 2942 sine
3572 2904 3757 2953 carne,

2182 2975 2482 3046 perfectum
2516 2978 2735 3047 quidem
2758 2976 2996 3032 Verbum
3026 2987 3143 3033 erat
3172 2988 3227 3032 et
3275 2978 3603 3048 Unigenitus
3622 3020 3639 3045 ,
3670 2979 3758 3034 sed

2186 3085 2327 3125 unus
2365 3069 2455 3123 ille
2492 3069 2768 3138 perfectus
2811 3069 3018 3137 Filius,
3068 3085 3134 3124 ex
3186 3068 3393 3132 Verbo,
3425 3086 3668 3140 corpore
3711 3078 3761 3125 et

2183 3161 2367 3216 animo
2397 3172 2675 3226 constans,
2710 3178 2818 3217 non
2861 3170 2998 3216 erat.
3036 3160 3154 3216 Huc
3203 3162 3465 3231 pertinet,
3503 3165 3658 3232 quod
3689 3163 3760 3217 ait

2180 3268 2299 3323 cap.
2339 3253 2414 3307 ιιι
2452 3271 2471 3304 ι
2504 3252 2598 3308 Est
2628 3253 2791 3324 igitur
2815 3269 2977 3321 caro,
3006 3270 3127 3323 qua:
3151 3269 3182 3308 a
3216 3252 3393 3308 Verbo
3439 3252 3626 3309 Patris
3661 3258 3760 3309 ob-

2183 3363 2202 3394 ‹
2228 3347 2652 3412 lata,utmunus
2681 3353 2797 3411 est;
2828 3361 2977 3411 caro,
3012 3345 3252 3414 inquam,
3277 3359 3398 3413 quae
3425 3355 3513 3398 est
3537 3361 3607 3399 ex
3641 3345 3761 3415 Spi-

2182 3453 2199 3485 ‹
2232 3436 2337 3489 ritu
2369 3444 2579 3498 sancto,
2603 3445 2658 3489 et
2687 3435 2924 3505 Virgine,
2953 3434 3224 3505 perfectus
3253 3433 3424 3489 Filius
3452 3433 3549 3489 Dei
3574 3445 3761 3490 osten-

2184 3541 2199 3572 ι
2234 3537 2348 3576 sus.
2383 3540 2401 3574 ι
2437 3525 2493 3577 1η
2521 3523 2769 3577 eamdem
2802 3524 3123 3579 sententiam
3150 3525 3463 3593 accipienda
3484 3565 3502 3591 ,
3532 3542 3663 3594 qua:
3687 3526 3762 3582 le-

2174 3624 2375 3683 guntur
2413 3616 2464 3668 in
2502 3614 2639 3669 libro
2685 3617 2923 3684 genuino
2957 3614 3033 3669 De
3077 3615 3435 3680 Amic/crista,
3488 3632 3618 3686 cap.
3672 3618 3757 3671 '5:

2173 3706 2345 3770 Αὐτὸς
2394 3707 2554 3761 πάλιν
2578 3708 2606 3758 ὁ
2629 3705 2723 3759 τοῦ
2777 3705 2910 3759 Θεοῦ
2968 3708 3132 3769 παῖς,
3166 3707 3195 3757 ὁ
3223 3707 3387 3759 πάλαι
3424 3707 3523 3778 μὲν
3555 3707 3757 3775 Λόγος.

2178 3817 2197 3848 ι
2232 3800 2344 3868 Ipse
2374 3814 2565 3853 rursus
2595 3797 2687 3851 Dei
2717 3796 2921 3862 Filius,
2950 3798 3041 3865 qui
3068 3798 3216 3866 prius
3268 3796 3505 3851 Verbum
3538 3809 3688 3853 erat.
3732 3818 3753 3851 ι

2171 3886 2445 3943 Hactenus
2478 3887 2536 3943 V.
2560 3888 2623 3943 C.
2658 3887 2843 3958 Neque
2873 3888 3056 3941 minus
3077 3888 3249 3941 solide
3282 3898 3462 3941 tuetur
3489 3892 3755 3944 eumdem

2170 3979 2350 4033 locum
2384 3979 2682 4049 Gregorius
2722 3978 2913 4034 Bullus
2942 3987 3131 4034 contra
3174 3977 3516 4032 Zwicbarum
3548 3978 3759 4033 Irenici

2170 4070 2503 4126 Irenicorum
2529 4081 2804 4126 auctorem
2839 4072 2892 4125 in
2928 4071 3045 4126 haec
3076 4070 3236 4124 verba
3268 4070 3545 4125 disserens
3579 4072 3706 4142 (66)
3738 4086 3752 4122 :

2175 4182 2195 4217 ι
2224 4162 2343 4217 Non
2403 4162 2478 4217 ita
2522 4162 2748 4218 insaniit
2795 4160 3145 4233 Hippolytus,
3199 4170 3261 4215 ut
3309 4161 3514 4215 diceret
3560 4162 3755 4231 (quod

2167 4253 2374 4308 dixisse
2417 4253 2571 4307 illum
2602 4268 2907 4325 anonymus
2955 4252 3166 4320 voluit)
3213 4252 3389 4307 Verbo
3442 4252 3559 4305 sive
3607 4251 3755 4307 Uni-

2167 4344 2350 4414 genito
2372 4343 2671 4415 quidquam
2710 4343 3017 4398 intrinsecze
3046 4341 3393 4412 perfectionis
3420 4356 3615 4396 revera
3651 4358 3755 4399 ac-

2166 4436 2398 4490 cessisse
2442 4449 2509 4489 ex
2552 4435 2735 4489 carnis
2780 4436 3178 4503 assumptione;
3234 4434 3345 4487 imo
3394 4435 3751 4490 contrarium

2165 4536 2349 4596 aperte
2396 4527 2603 4582 docuit.
2640 4524 2774 4580 Nam
2816 4526 2992 4595 primo
3031 4526 3230 4580 diserte
3280 4527 3388 4587 ait,
3435 4525 3748 4583 Dominum

2160 4629 2409 4675 nostrum
2449 4618 2747 4689 perfectum
2788 4616 2957 4672 fuisse
3007 4615 3243 4671 Verbum
3284 4624 3340 4672 et
3377 4616 3747 4685 Unigenitum
3810 4636 3823 4645 ‘

2160 4723 2288 4768 ante
2321 4712 2781 4769 incarnationem.
2824 4708 3024 4764 Deinde
3065 4709 3212 4764 clare
3254 4708 3445 4775 docet,
3486 4707 3745 4767 Verbum

552 5067 666 5137 (60)
716 5065 848 5144 Hac
883 5068 1062 5122 omnia
1103 5068 1354 5144 Christus
1401 5067 1741 5144 mcﬁonomice
1789 5076 2048 5144 tanquam

2188 5064 2318 5144 ista;
2350 5065 2455 5131 γὰρ
2480 5064 2625 5144 tactv
2654 5064 2683 5116 ὀ
2710 5061 2786 5144 ’Ξῷ
2814 5062 2993 5144 Ila-cpi.
3028 5060 3310 5144 συναῖόιος.
3346 5059 3404 5115 S.
3443 5060 3738 5136 Ilippolyt.

482 5135 651 5209 homo
673 5139 1014 5209 precabatur,
1039 5139 1269 5209 quierat
1291 5155 1450 5192 verus
1468 5138 1630 5202 Deus,
1654 5137 1785 5209 Θεὸς
1817 5135 2049 5209 ὣνήάλη-

481 5207 645 5270 Θινός.
680 5206 740 5261 ⁷5.
780 5206 1022 5277 Hippol.,
1055 5206 1188 5262 Ἁάυ.
1215 5207 1453 5273 Judwos,
1484 5223 1635 5262 num.
1672 5208 1727 5260 4.

2150 5134 2448 5187 Demonstr.
2484 5135 2685 5187 advers.
2715 5132 2951 5193 Judwos,
2982 5148 3134 5184 num.
3170 5132 3220 5182 7.

2216 5202 2329 5276 (62)
2362 5203 2419 5257 S.
2450 5202 3011 5274 Hippolyt.Commeut.
3040 5202 3091 5254 in
3116 5200 3465 5266 Cenes.,tom.
3498 5200 3562 5267 II,
3589 5219 3740 5276 pag.

550 5277 661 5347 (til)
707 5277 813 5331 Sed
848 5271 1035 5346 quare,
1076 5295 1109 5333 o
1153 5271 1447 5347 propheta,»
1478 5278 1717 5333 edissere
1744 5275 1921 5341 nobis,
1949 5292 2045 5331 cur
2144 5271 2233 5338 27.
2256 5271 2335 5347 A28
2356 5276 2516 5347 μεθ.

477 5350 736 5415 templum
773 5350 1106 5403 devastatum
1134 5350 1254 5403 est?
1277 5348 1357 5402 An
1398 5357 1615 5417 propter
1637 5348 1781 5400 illam
1806 5347 1935 5399 olim
1965 5349 2045 5400 vi-

479 5418 575 5471 tuli
603 5418 1046 5473 fabricationem?
1087 5434 1154 5472 an
1184 5429 1400 5488 propter
1434 5417 1615 5486 p0puli
1648 5417 2044 5471 idololatriam?

478 5502 544 5559 an
581 5498 795 5559 propter
847 5487 1663 5559 sanguinemprophetarum?
1698 5503 1767 5540 an
1822 5498 2041 5559 propter

477 5553 741 5625 adulteria
770 5567 823 5611 et
859 5553 1244 5612 fornicationes
1294 5553 1497 5611 Israel?
1539 5556 1779 5621 Minime,
1825 5553 2035 5625 inquit;

478 5624 532 5679 in
568 5628 820 5693 omnibus
865 5630 1009 5681 enim
1052 5629 1157 5682 illis
1178 5643 1389 5695 semper
1414 5629 1628 5682 veniam
1655 5637 1709 5681 et
1750 5624 2035 5694 indulgen-

477 5695 611 5749 tiam
654 5695 927 5767 ferebant;
970 5700 1064 5752 sed
1095 5700 1223 5767 quia
1261 5698 1455 5751 Filium
1482 5700 1717 5752 auctoris
1750 5697 2037 5767 beneficio-

477 5779 599 5819 rum
650 5764 1055 5837 interfecerunt,
1098 5764 1213 5839 ipse
1253 5770 1397 5826 enim
1426 5780 1511 5824 est
1538 5780 1839 5825 coauernus
1865 5765 2032 5820 Patri.

2213 5345 2321 5415 (65)
2356 5344 2519 5415 Idem,
2556 5343 2752 5415 Contra
2788 5337 3243 5415 Noet.,num._ll.

2210 5411 2322 5482 (64)
2355 5414 2521 5477 Idem,
2547 5413 2745 5469 Contra
2782 5413 2955 5482 λἰξθῑ..
2987 5427 3033 5464 c.
3060 5411 3164 5482 15.

2212 5478 2551 5557 (65)·Μίιωιι.
2600 5480 2891 5539 Dirim’tJ.
2922 5482 2984 5537 C.
3018 5480 3110 5533 lib.
3162 5496 3237 5543 tv,
3284 5495 3334 5533 c.
3378 5479 3463 5541 15,
3496 5478 3606 5550 δι,
3671 5500 3735 5551 ιι.

2139 5546 2263 5608 459.

2209 5625 2319 5695 (66)
2358 5625 2566 5691 Bullus,
2603 5624 2808 5692 Defcns.
2838 5621 2930 5692 ﬁd.
2968 5618 3208 5681 Nucem,
3238 5629 3370 5673 sccl.
3405 5632 3466 5684 tt,
3495 5634 3621 5688 cap.
3660 5619 3736 5690 8,

2137 5696 2164 5767 ἓ
2191 5697 2241 5761 5,
2277 5713 2397 5766 pag.
2427 5698 2515 5750 99.
