3882 6518
205 358 289 414 361

1140 357 1231 417 DE
1280 358 1443 417 VITA
1474 359 1564 416 ET
1596 359 1908 417 SCRIPTIS
1962 362 2020 418 S.
2061 360 2446 420 IllPPOLYTI.

3299 377 3404 432 562

204 481 304 537 sive
329 476 654 549 Unigenitum
687 478 823 534 adeo
849 493 916 533 ex
950 494 1113 534 carne
1140 479 1379 537 humana
1407 496 1513 537 non
1540 483 1731 538 melio-
1759 488 1805 545 Α
1833 480 2013 547 Patre,
2047 492 2305 554 tanquam
2334 484 2516 540 lumen
2542 501 2609 541 ex
2633 487 2859 556 lumine,
2885 498 2941 545 et
2974 506 3116 562 aqua
3140 508 3206 549 ex
3234 491 3405 559 forare,

197 582 346 628 ratum
385 585 532 637 esse,
562 579 621 624 ut
656 586 788 625 caro
834 571 925 626 iHa
961 572 1132 641 ipsam
1164 588 1321 627 suam
1363 573 1726 629 substantiam

197 661 347 719 Verbo
374 663 571 718 debeat.
605 662 745 728 Quid
792 678 962 735 ergo,
1006 664 1259 734 inquies,
1302 665 1477 721 voluit
1523 665 1727 737 Hippo-

194 755 335 826 lytus,
374 769 488 808 cum
522 755 593 807 ait
633 752 871 809 Verbum
933 764 987 810 et
1031 755 1379 826 Unigenitum
1414 759 1535 814 sine
1563 774 1727 815 carne

192 846 449 917 perfectum
475 861 576 900 non
609 845 781 903 fuisse
803 848 1046 903 Filium?
1084 848 1301 916 Voluit”
1337 851 1586 920 inquam,
1607 869 1725 907 ma-

192 938 397 1005 nifeste,
437 938 526 991 τὸν
577 939 749 1008 Λόγον
798 949 924 996 ante
965 941 1396 998 incarnationem
1433 960 1541 999 non
1573 945 1722 999 omni

190 1035 429 1090 ﬁliationis
459 1051 655 1107 genere
678 1075 692 1099 ,
731 1044 794 1091 ut
827 1038 902 1091 ita
935 1038 1113 1093 dicam
1133 1080 1149 1105 ,
1180 1038 1497 1094 defunctum
1527 1038 1718 1107 fuisse,

188 1124 279 1178 sive
307 1124 530 1179 nondum
562 1124 734 1182 fuisse
764 1130 915 1182 omni
951 1129 1148 1192 modo,
1191 1145 1299 1199 quo
1324 1129 1488 1184 Pater
1522 1132 1717 1199 voluit,

185 1215 259 1269 Dei
288 1214 485 1271 Filium.
520 1218 738 1274 Scilicet
760 1219 992 1274 Domino
1018 1231 1203 1277 nostro
1233 1222 1494 1292 triplicem
1524 1224 1720 1278 nativi-

184 1317 317 1360 tatem
362 1317 411 1361 et
459 1309 774 1365 liliationem
834 1314 1200 1369 attribuerunt
1253 1329 1483 1375 veteres.
1533 1318 1716 1377 Prima

181 1407 261 1462 est,
282 1414 374 1468 qua
407 1408 463 1453 ut
492 1401 664 1471 Λόγος
695 1420 760 1457 ex
794 1414 975 1461 mente
1020 1406 1194 1463 Patris
1223 1410 1291 1464 ab
1318 1420 1522 1469 aeterno
1557 1424 1716 1471 natus

182 1488 278 1543 fuit.
320 1488 391 1544 Ex
432 1492 532 1548 hac
582 1496 863 1551 nativitate
909 1498 1145 1567 perfecta
1192 1501 1499 1573 hypostasis
1533 1507 1712 1561 divina

179 1583 377 1651 exstitit;
431 1600 528 1641 nec
579 1586 681 1656 ipsi
731 1590 1029 1661 quidquam
1061 1601 1247 1662 postea
1294 1599 1559 1664 accessit,
1615 1601 1712 1655 sed

177 1676 327 1743 potius
367 1687 573 1733 cetera:
618 1681 929 1737 nativitates
989 1686 1425 1754 συγκαταϐάσεις
1456 1689 1710 1761 fuerunt,

178 1767 268 1821 sive
304 1770 782 1829 condescensiones
810 1774 934 1829 Filii
962 1775 1079 1831 Dei.
1127 1778 1310 1835 Altera
1341 1799 1535 1854 nempe
1578 1789 1714 1842 nati-

178 1860 290 1917 vitas
311 1871 404 1927 est,
421 1879 527 1935 qua
554 1867 584 1919 ὁ
609 1867 779 1935 Λόγος
799 1883 829 1922 a
858 1867 970 1925 Deo
998 1870 1177 1939 Patre,
1206 1877 1348 1946 apud
1374 1894 1560 1949 quem,
1584 1897 1709 1937 cum

172 1951 279 2007 nihil
318 1956 489 2012 adhuc
532 1967 732 2027 praeter
772 1960 942 2017 Deum
991 1965 1308 2037 exsisteret,
1362 1970 1605 2043 adeoque
1644 1990 1712 2030 ex

170 2055 336 2103 aeterno
367 2047 540 2105 fuerat
564 2094 582 2118 ,
628 2055 751 2107 κατ’
784 2055 1068 2129 ἐνέργειαν
1100 2060 1303 2129 exivit,
1351 2077 1417 2119 ac
1449 2073 1708 2136 tanquam

169 2151 219 2190 ex
243 2147 377 2194 utero
405 2141 523 2211 ejus
554 2145 788 2214 prodiit,
814 2163 981 2219 seque
1013 2151 1231 2209 demisit
1261 2155 1330 2209 ad
1362 2156 1706 2214 condendum

169 2230 401 2287 universa.
435 2232 622 2291 Tertia
665 2237 885 2295 demum
940 2242 1196 2302 nativitas
1243 2254 1357 2302 tum
1395 2248 1537 2318 fuit,
1582 2266 1707 2307 cum

172 2321 283 2377 idem
310 2326 337 2379 ὁ
363 2327 533 2397 Λόγος
572 2346 702 2387 caro
735 2333 912 2392 factus
954 2347 1057 2402 est,
1091 2347 1145 2395 et
1183 2355 1215 2395 e
1259 2341 1380 2397 sinu
1431 2342 1608 2401 Patris
1650 2346 1707 2400 in

167 2426 343 2473 uterum
375 2420 704 2479 beatissima:
731 2424 966 2496 Virginis
998 2430 1244 2502 illapsus,
1288 2433 1456 2489 homo
1484 2451 1549 2491 ex
1585 2437 1704 2508 ipsa

166 2516 295 2563 natus
325 2521 400 2565 est
443 2528 542 2575 per
579 2514 1039 2575 inumbrationem
1084 2521 1322 2593 Spiritus
1345 2528 1542 2583 sancti.
1585 2527 1701 2588 Hoc

166 2596 246 2653 luit
264 2602 346 2654 τοῦ
368 2606 539 2675 Λόγου
570 2620 811 2666 extrema
840 2614 1243 2683 συγκατάϐασις
1268 2617 1320 2689 (a
1347 2620 1505 2675 nobis
1526 2619 1706 2677 homi-

166 2689 312 2758 nibus,
335 2697 579 2769 adeoque
606 2702 675 2756 ab
704 2703 836 2774 ipsis
862 2707 1067 2777 angelis
1084 2716 1346 2765 aeternum
1372 2712 1699 2786 adoranda),

164 2796 246 2849 qua
274 2799 509 2859 peracta,
563 2796 838 2863 perfectus
870 2796 1043 2854 Filius
1079 2798 1173 2854 Dei
1209 2800 1389 2858 factus
1438 2812 1552 2873 est,
1596 2805 1702 2863 hoc

162 2882 241 2938 est,
268 2886 320 2931 ut
347 2880 451 2936 dixi
478 2925 494 2950 ,
524 2887 682 2940 omni
718 2888 1007 2947 ﬁliationis
1026 2908 1224 2964 genere
1252 2895 1543 2953 defunctus
1568 2910 1651 2955 est
1679 2916 1697 2955 :

166 2964 390 3034 siquidem
416 2983 633 3032 caetera!
665 2977 971 3050 liliationes,
1005 3001 1127 3055 qua:
1162 2986 1457 3044 humanam
1495 2991 1699 3048 Christi

162 3068 368 3116 naturam
394 3077 665 3135 spectant,
711 3086 777 3125 ex
808 3072 909 3129 bac
935 3075 1262 3146 dependent,
1291 3090 1454 3152 atque
1482 3100 1547 3139 ex
1579 3086 1697 3156 ipsa

162 3161 547 3249 consequuntur.
607 3160 733 3218 Rrec
791 3163 969 3221 fusius
1023 3170 1457 3242 explicabimus,
1521 3178 1764 3249 inquitC

162 3239 451 3340 cli-Rullus,
485 3251 557 3305 ad
600 3254 895 3309 sectionem
927 3257 1075 3312 illam
1110 3260 1175 3327 δ,
1205 3262 1272 3316 de
1305 3239 1534 3340 Filii’n‘p
1575 3239 1699 3322 ἑυν-

159 3331 299 3403 αῖδὶῳ.
330 3355 349 3388 ι

206 3423 401 3483 Interim
449 3430 591 3487 illud
635 3433 1035 3494 observandum
1079 3451 1194 3508 est,
1244 3444 1387 3502 inter
1430 3464 1523 3514 ea,
1574 3466 1697 3521 qua:

161 3513 323 3573 Ιτεηίεὲ
354 3532 548 3579 auctor
599 3542 663 3581 ex
713 3528 855 3583 libro
900 3530 1171 3605 Hippolyti
1226 3536 1425 3593 Contra
1466 3513 1694 3599 Noelum

158 3609 374 3681 adduxit,
409 3626 673 3687 tanquam
702 3623 1013 3690 catholicae,
1071 3628 1122 3682 id
1163 3639 1280 3698 est,
1311 3631 1541 3689 Nicaena:
1569 3637 1691 3693 ﬁdei

156 3708 418 3773 contraria,
454 3712 708 3781 quaedam
761 3729 911 3779 esse,
947 3732 1068 3786 quae
1117 3720 1265 3775 illam
1316 3723 1490 3793 ipsam
1528 3728 1691 3784 ﬁdem

156 3798 329 3865 egregie
389 3802 742 3858 conﬁrmant.
802 3804 1131 3876 Hujusrnodi
1204 3820 1290 3866 est
1358 3814 1493 3870 illud
1555 3817 1690 3889 (67):

160 3885 307 3942 «Cum
351 3892 515 3948 alium
551 3895 676 3950 dico
725 3896 954 3969 (nempe
985 3900 1182 3956 Filium
1229 3920 1259 3958 a
1313 3907 1472 3962 l'atre
1501 3885 1616 3982 [68]
1647 3885 1689 3982 ),

156 3992 238 4032 non
261 3984 386 4040 duos
408 3986 553 4043 Deos
584 3990 729 4055 dico,
758 3992 851 4046 sed
878 4002 1131 4062 tanquam
1156 3996 1341 4053 lumen
1369 4015 1434 4054 ex
1461 4001 1688 4071 lumine,

155 4077 195 4120 et
218 4086 391 4142 aquam
438 4093 508 4133 ex
559 4079 747 4145 l‘onte,
780 4092 874 4137 aut
899 4085 1111 4139 radium
1148 4102 1179 4141 a
1213 4088 1369 4144 sole:
1404 4108 1510 4147 una
1540 4096 1688 4151 enim

152 4161 288 4219 virtus
330 4182 395 4223 ex
428 4178 581 4238 toto;
632 4182 803 4228 totum
839 4191 969 4231 vero
1009 4173 1191 4245 Pater,
1239 4198 1304 4235 ex
1335 4199 1445 4253 quo
1477 4185 1685 4255 virtus,

154 4248 349 4313 Verbum
379 4280 392 4314 :
422 4263 526 4319 hoc
553 4280 683 4320 vero
712 4282 865 4322 mens
893 4284 991 4323 seu
1026 4286 1226 4327 sensus
1246 4313 1261 4337 ,
1299 4277 1393 4341 qui
1427 4280 1685 4347 prodiens

232 4352 510 4420 mundum,
555 4365 814 4413 ostensus
854 4373 936 4415 eSt
967 4359 1110 4416 Puer
1162 4364 1254 4417 Dei
1301 4340 1443 4439 (69).
1490 4371 1684 4428 Omnia

151 4431 285 4503 igitur
308 4457 396 4509 per
417 4460 543 4500 eum
575 4448 719 4502 facta
752 4462 919 4515 sunt;
956 4452 1071 4522 ipse
1117 4455 1270 4510 solus
1296 4431 1364 4512 ex
1393 4431 1551 4516 Patre
1583 4480 1681 4534 ge-

150 4530 285 4585 nitus.
313 4553 331 4585 ›
367 4534 461 4591 Ubi
495 4538 715 4595 Patrem
745 4548 799 4595 et
843 4543 1063 4608 Filium,
1102 4562 1331 4616 persona
1368 4530 1679 4621 distinctos,
1712 4533 1762 4591 Π

150 4633 287 4677 unum
325 4636 498 4685 tamen
533 4647 659 4686 esse
706 4633 874 4689 Deum
912 4636 1037 4691 inde
1077 4640 1301 4708 probat,
1330 4646 1474 4712 quod
1508 4646 1681 4703 Filius

148 4726 233 4767 non
258 4722 319 4772 sit
345 4720 486 4779 Deus
512 4740 544 4778 a
577 4726 761 4796 seipso
781 4768 796 4791 ,
840 4729 933 4784 sed
967 4728 1112 4785 Deus
1141 4732 1207 4787 de
1235 4733 1345 4788 Deo
1365 4777 1379 4799 ,
1416 4746 1581 4807 atque
1612 4756 1680 4796 ex

1744 1833 1787 1887 Β

330 4943 510 5023 Contr.
538 4946 720 5014 Noet.,
751 4968 900 5006 num.
936 4955 1025 5011 Η.
1328 5016 1331 5017 ν

201 5012 845 5102 (by.lustilriemartyriL
876 5026 1096 5102 quando
1128 5028 1297 5084 Filius
1328 5016 1610 5102 ἕτερόν⁹τι
1645 5050 1675 5090 a

204 5061 212 5067 .
260 5061 265 5062 ν
337 5061 550 5072 --..--..ν
581 5061 800 5079 .....-ιν..
918 5061 1096 5081 υαιιυυ
1129 5061 1297 5084 rutua
1344 5061 1427 5084 ιη
1501 5061 1527 5085 ν
1559 5061 1610 5087 τι
1645 5061 1675 5090 il

144 5061 415 5169 Patre-Iesse
450 5061 1140 5169 dicitur,.etjl‘ehulliano
1162 5142 1176 5165 ,
1219 5061 1677 5169 quandoﬁ‘ilium

144 5147 389 5244 333159!"
414 5174 526 5211 εεεε
558 5147 705 5212 alia“
747 5163 811 5244 αι’
836 5165 951 5244 ριεο
985 5147 1250 5233 amr-niti
1276 5173 1502 5244 eadem.
1554 5191 1677 5244 quae

146 5211 393 5300 Hippolyto
454 5244 648 5295 mens,
711 5243 772 5287 ut
831 5211 1666 5300 Personarum.Exim-ctione;

143 5298 409 5373 Oslgttdant,
442 5314 555 5353 non
589 5311 649 5355 ut
675 5303 959 5373 ὁμφούσιον
987 5306 1316 5363 inlicientur.

191 5360 289 5452 Ψ)
316 5363 589 5452 Rbservat
625 5360 986 5452 cI.'Grabius
1004 5360 1384 5452 SPIlippolvto
1431 5384 1675 5441 solemne

202 5419 209 5424 ,
274 5419 284 5431 ,
513 5419 588 5425 __-
630 5419 694 5426 ---
746 5419 973 5429 -...-.ηυ
1004 5419 1060 5430 ν.
1097 5419 1159 5431 ...
1186 5419 1199 5431 ,
1238 5419 1287 5433 υ.
1331 5419 1384 5435 ιυ
1431 5419 1511 5437 ου.
1550 5419 1619 5438 ....

143 5419 298 5523 ἔψεξε.
314 5434 593 5523 Christum
616 5457 811 5523 vocare
835 5444 923 5497 τὸν
941 5446 1110 5523 liuida
1126 5419 1236 5502 τέῐῖ
1235 5419 1389 5516 83105,
1415 5419 1671 5523 Puerum:

143 5507 663 5592 gveupotiusfitinm
694 5513 788 5567 Dei
806 5530 825 5578 ;
848 5517 995 5592 quod
1028 5529 1173 5592 patet
1207 5536 1272 5576 ex
1298 5507 1417 5592 ejus
1446 5507 1675 5581 demon:

142 5574 364 5663 $39099
410 5577 737 5663 ρεήϐιιῖὶεέο
754 5574 825 5663 _et
857 5574 1476 5663 Iintt'eltu'ism,iniiinii,w

299 5645 449 5734 ςῖεῦ
459 5718 470 5728 .
482 5647 627 5734 ,φεοῦ
670 5654 827 5719 Παῖς,
838 5726 848 5734 _
883 5637 932 5709 ν
1492 5637 1673 5734 :1;

302 5716 588 5809 sollicitius
613 5709 952 5809 perpendens
981 5709 1670 5809 clghlarranusin'egr‘ggi‘o

141 5785 293 5848 opere,
325 5788 408 5839 cui
442 5785 631 5847 titulus
663 5813 676 5848 ;
712 5785 978 5851 Dicinitas
1011 5798 1079 5857 υ.
1111 5800 1186 5859 Ν.
1226 5785 1428 5874 tibi,
1456 5785 1665 5878 iam;

418 5882 688 5949 PATROL.
737 5886 855 5951 Gn.
890 5887 971 5955 X.

1830 583 1885 629 et
1913 575 2099 631 radius
2124 590 2155 629 a
2182 577 2297 631 sole
2325 578 2572 647 prodeat,
2595 588 2649 634 et
2675 578 2873 635 Filium
2898 581 3100 638 diserte
3125 584 3315 639 eximit
3338 602 3405 641 cx

1827 680 2058 721 numero
2090 682 2272 721 rerum
2323 682 2356 722 a
2389 667 2500 724 Deo
2547 668 2814 725 factarum
2842 711 2858 737 ,
2907 671 3061 727 illum
3114 674 3290 730 solum
3336 692 3407 735 ex

1825 755 1946 828 ipso
1979 757 2089 813 Deo
2121 756 2283 815 Patre
2313 761 2557 832 genitum
2593 764 2992 832 pronuntians:
3021 782 3143 835 quae
3163 782 3287 822 cum
3314 765 3407 825 Ni-

1823 862 1970 903 cazna
2001 848 2104 904 ﬁde
2132 866 2196 905 ac
2228 851 2576 909 confessione
2612 854 2839 909 omnino
2868 859 3209 926 conspirant.

1896 937 2080 1009 Neque
2101 942 2301 1011 cuique
2323 942 2649 999 ollendiculo
2676 960 2797 1001 esse
2817 946 2996 1011 debet,
3025 948 3171 1017 quod
3201 948 3400 1004 ibidem

1822 1030 2143 1104 Hippolytus
2176 1034 2395 1091 Patrem
2428 1037 2576 1093 dicat
2611 1047 2799 1107 totum,
2834 1040 3034 1095 Filium
3063 1057 3195 1098 vero
3227 1044 3400 1099 virtu-

1823 1133 1924 1178 tem
1949 1141 2012 1178 ea:
2038 1134 2166 1179 toto.
2197 1125 2333 1181 Nam
2361 1137 2535 1183 totum
2570 1140 2716 1185 recte
2748 1131 2949 1187 dicitur
2968 1131 3152 1199 Pater,
3174 1137 3302 1208 quia
3318 1147 3402 1193 est

1820 1218 1972 1289 πηγὴ
1997 1219 2267 1291 Θεότητος.
2297 1219 2579 1291 Siquidem
2606 1224 2884 1288 divinitas,
2918 1242 3038 1296 quae
3068 1228 3123 1281 in
3149 1228 3287 1282 Filio
3312 1238 3397 1283 est

1817 1317 1872 1364 et
1906 1311 1957 1364 in
1995 1309 2201 1380 Spiritu
2236 1324 2448 1379 sancto,
2484 1313 2661 1370 Patris
2686 1327 2800 1381 est,
2831 1318 2957 1387 quia
2993 1334 3022 1372 a
3061 1318 3219 1375 Patre
3253 1321 3398 1375 derr—

1816 1412 1993 1458 vatur.
2026 1404 2284 1475 Apprime
2314 1407 2502 1463 itidem
2526 1409 2793 1464 catholica
2826 1424 2983 1475 sunt,
3017 1428 3138 1482 qua:
3166 1428 3294 1467 mox
3326 1429 3392 1467 ex

1814 1498 2004 1552 eodem
2070 1496 2345 1571 Hippolyti
2426 1501 2567 1557 libro
2640 1504 2885 1572 sophista
2944 1504 3134 1569 all‘ert,
3201 1521 3397 1575 nempe

1813 1589 1930 1645 haec
1954 1590 2068 1663 (70)
2100 1607 2115 1643 :
2157 1611 2175 1643 ι
2206 1590 2368 1647 Pater
2395 1595 2641 1662 mandat,
2672 1595 2910 1652 Verbum
2945 1597 3189 1667 perlicit;
3222 1598 3394 1653 Filius

1812 1692 1991 1736 autem
2039 1683 2366 1752 ostenditur,
2416 1702 2512 1756 per
2541 1704 2701 1757 quem
2739 1687 2901 1744 Pater
2928 1691 3184 1745 creditur.
3218 1690 3395 1746 (Eco-

1814 1774 1993 1829 nomia
2021 1777 2404 1833 consensionis
2437 1780 2700 1849 redigitur
2728 1780 2795 1836 ad
2823 1798 2990 1836 unum
3018 1782 3208 1837 Deum.
3237 1782 3392 1840 Unus

1812 1865 1957 1919 enim
1982 1876 2065 1922 est
2089 1865 2255 1933 Deus,
2283 1870 2378 1939 qui
2412 1872 2634 1926 mandat
2656 1871 2838 1939 Pater,
2866 1877 2959 1945 qui
2985 1875 3171 1930 obedit
3196 1875 3387 1943 Filius,

1812 1956 1908 2024 qui
1937 1955 2094 2012 docet
2122 1958 2406 2014 scientiam
2432 1960 2668 2030 Spiritus
2699 1974 2943 2019 sanctus.
2976 1964 3158 2034 Pater,
3185 1967 3277 2037 qui
3306 1975 3393 2025 est

1811 2062 1977 2117 super
2006 2049 2215 2117 omnia,
2243 2048 2415 2106 Filius
2444 2068 2539 2122 per
2571 2054 2778 2122 omnia,
2816 2056 3054 2125 Spiritus
3080 2068 3302 2115 sanctus
3332 2058 3391 2115 in

1810 2140 2087 2197 omnibus.
2120 2161 2139 2194 ι
2180 2141 2281 2199 ilic
2313 2143 2519 2200 scilicet
2549 2145 2606 2201 S.
2645 2145 2970 2219 Hippolytus
3001 2148 3216 2205 Patrem
3240 2192 3256 2217 ,
3297 2151 3391 2207 Fi-

1809 2231 1943 2288 lium
1973 2243 2028 2289 et
2071 2235 2338 2305 Spiritum
2373 2248 2626 2294 sanctum
2658 2255 2829 2294 unum
2854 2256 2977 2297 esse
3006 2241 3177 2298 Deum
3201 2252 3387 2313 aperte

1808 2325 1986 2388 docet,
2002 2336 2056 2381 et
2084 2328 2379 2400 unicuique
2404 2328 2692 2386 Trinitatis
2714 2330 2971 2387 Personae
3000 2335 3387 2405 omnipmsen-

1807 2416 1939 2471 tiam
1974 2418 2184 2486 tribuit,
2209 2435 2274 2475 ac
2293 2421 2403 2475 vim
2438 2421 2703 2488 divinam,
2736 2439 2858 2493 quae
2879 2435 3075 2479 cuncta
3102 2427 3381 2496 pervadat.

1806 2506 1963 2573 Quod
2002 2523 2133 2564 vero
2164 2508 2380 2567 Patrem
2405 2511 2539 2566 dicit
2568 2513 2856 2577 mandare,
2899 2514 3098 2569 Filium
3139 2516 3381 2583 obedire,

1805 2597 1861 2651 in
1908 2612 1975 2654 eo
2016 2602 2422 2658 consentientes
2463 2618 2650 2659 secum
2698 2614 2753 2659 et
2799 2605 3051 2661 similiter
3096 2608 3384 2679 loquentes

1804 2686 1972 2744 habet
2013 2690 2151 2745 alios
2185 2689 2375 2747 Patres
2402 2694 2773 2764 orthodoxos,
2811 2712 2919 2752 non
2966 2698 3128 2754 modo
3154 2700 3386 2755 Anteni-

1803 2794 2013 2849 canos,
2047 2782 2142 2837 sed
2172 2792 2225 2838 et
2254 2785 2346 2853 qui
2373 2794 2499 2854 post
2527 2788 2822 2842 concilium
2857 2789 3139 2846 Nicamum
3181 2792 3382 2848 ﬂorue-

1800 2882 1997 2928 runt...
2049 2872 2204 2939 Quod
2259 2876 2442 2931 itidem
2477 2877 2695 2934 Patrem
2730 2882 2949 2950 proprie
2998 2899 3164 2953 super
3195 2886 3383 2940 omnia

1798 2978 1921 3019 esse
1951 2964 2119 3031 dicit,
2168 2966 2220 3021 id
2254 2968 2323 3023 ad
2364 2968 2556 3043 ἐξοχὴν
2599 2972 2747 3026 illam
2792 2971 2970 3028 Patris
2995 3014 3010 3037 ,
3062 2992 3169 3045 qua
3213 2976 3379 3032 Pater

1798 3066 1911 3123 est,
1954 3060 2189 3115 omnino
2226 3061 2610 3129 referendum,
2662 3080 2828 3134 quam
2872 3067 3140 3122 Catholici
3187 3084 3380 3125 omnes

1798 3161 2121 3220 agnoscunt.

2319 3245 2721 3305 ARTICULUS
2762 3248 2829 3305 V.

1794 3372 1864 3411 DE
1904 3371 2219 3415 DIVINITATE
2260 3375 2506 3419 SPIRITUS
2557 3380 2785 3428 SANC'I'I,
2836 3382 3061 3431 EJUSQUB
3113 3383 3375 3424 Ριοριιιι-

2246 3447 2475 3489 τΑτιΒιιε
2514 3450 2923 3492 ΡειιεοΝΑιιΒυδ.

1867 3518 2058 3585 Quoad
2096 3520 2359 3590 Spiritum
2393 3534 2665 3593 sanctum,
2691 3528 2841 3581 omni
2891 3530 3135 3598 possibili
3182 3532 3377 3601 praeci-

1797 3608 1952 3665 sione
1993 3612 2233 3669 declarat
2267 3615 2408 3670 idem
2456 3629 2683 3674 sanctus
2731 3621 3020 3692 episcopus
3059 3633 3113 3677 et
3146 3637 3374 3696 martyr,

1795 3701 2045 3758 divinum
2108 3705 2256 3761 hunc
2310 3706 2573 3777 Spiritum
2628 3726 2750 3766 esse
2804 3714 3020 3768 tertiam
3066 3713 3373 3771 Personam

1795 3797 2154 3853 sanctissimae
2187 3799 2491 3866 Trinitatis,
2523 3812 2583 3858 ut
2609 3820 2775 3875 supra
2803 3806 2917 3876 jam
2934 3807 3204 3864 .vidimus.
3230 3807 3375 3879 Sup-

1793 3890 1947 3958 ponit
1975 3906 2102 3945 vero
2135 3892 2279 3947 idem
2306 3905 2497 3949 auctor
2545 3905 2655 3952 tres
2707 3900 2922 3955 divinas
2947 3899 3216 3957 Personas
3248 3919 3372 3958 esse

1794 3997 1965 4037 unum
1998 3985 2361 4056 eumdemque
2400 3990 2602 4054 Deum;
2634 3991 2711 4045 ait
2747 3993 2948 4062 quippe
2976 4002 3086 4048 tres
3118 3995 3219 4050 has
3236 3993 3369 4049 Per-

1792 4090 1957 4131 sonas
1994 4076 2195 4133 habere
2223 4094 2386 4134 unam
2429 4083 3161 4163 eamdemque-potentiam,
3198 4104 3365 4143 unam

1790 4168 2148 4240 eamdemque
2227 4173 2485 4227 virtutem
2534 4192 2548 4228 :
2600 4191 2730 4245 ergo
2781 4178 3361 4250 supponitﬁgiritum

1790 4269 2042 4314 sanctum
2069 4277 2190 4317 esse
2217 4261 2387 4318 Deum
2415 4274 2469 4319 et
2497 4280 2619 4321 esse
2663 4262 2812 4322 Patri
2852 4269 3098 4339 Filioque
3124 4272 3365 4326 consub-

1788 4353 2118 4407 stantialem.
2151 4354 2416 4411 Cmterum
2456 4358 2743 4427 perspicue
2779 4373 3016 4416 mentem
3047 4379 3203 4417 suam
3236 4380 3364 4434 pro-

1787 4442 1867 4497 dit
1908 4459 2072 4514 super
2099 4444 2202 4499 hoc
2232 4447 2462 4502 articulo
2493 4464 2617 4503 cum
2652 4451 2762 4515 ait,
2807 4472 2825 4504 ι
2872 4453 3013 4508 hanc
3044 4456 3364 4511 consensio-

1788 4552 1909 4590 nem
1945 4556 1963 4587 ι
2021 4537 2185 4590 trium
2233 4539 2538 4595 divinarum
2572 4541 2942 4600 Personarum
3000 4567 3018 4599 ‹
3065 4549 3234 4618 redigi
3288 4549 3361 4603 ad

1786 4644 1955 4683 unum
1988 4629 2156 4683 Deum
2190 4630 2305 4701 (71)
2332 4648 2344 4684 :
2372 4632 2708 4691 (Economia
2744 4642 3126 4697 consensionis
3162 4643 3363 4713 redigi-

1783 4724 1874 4770 tur
1903 4717 1969 4771 ad
2005 4733 2173 4773 unum
2208 4720 2401 4778 Deum.
2441 4726 2593 4783 Unus
2642 4729 2789 4783 enim
2823 4739 2907 4785 est
2934 4730 3096 4800 Deus,
3130 4732 3362 4800 subjuns

1781 4982 1900 5045 gap.
1929 4969 2017 5033 15,
2049 4985 2171 5039 pag.
2198 4970 2436 5045 ﬁGOLea
2471 4974 2549 5028 sic
2583 4976 2796 5030 reddit:
2835 4996 2853 5027 ‹
2885 4976 3003 5045 Ipse
3032 4993 3224 5033 rursus
3256 4978 3355 5035 Dei

1780 5037 1973 5116 _Filius,
2006 5037 2101 5116 qui
2126 5037 2282 5109 prius
2322 5040 2553 5116 Verbum
2578 5056 2715 5099 erat.
2749 5066 2766 5096 ι
2802 5037 2987 5116 Neque
3017 5049 3175 5102 aliter
3206 5050 3358 5105 hunc

1780 5108 1959 5188 locum
2005 5108 2654 5188 interpretaturGrabius
2690 5117 2756 5169 ad
2800 5108 2937 5170 Bulli
2989 5117 3201 5187 Defens.
3253 5120 3353 5188 ﬁd.

1782 5177 1930 5255 Nic.,
1959 5195 2081 5251 pag.
2113 5177 2232 5255 IO'I'.
2275 5182 2413 5246 Quid
2450 5187 2595 5252 quod
2631 5188 2817 5241 eadem
2854 5177 3111 5255 loquendi
3140 5177 3356 5243 ratione

1778 5250 1941 5329 patilo
1984 5250 2110 5329 ιι.οὲ
2147 5252 2326 5329 _utitur
2373 5250 2593 5329 sanctus
2628 5258 2878 5329 martyr?
2921 5250 3015 5329 Εἷς
3057 5258 3165 5329 γὰρ
3197 5261 3290 5313 καὶ
3321 5261 3354 5316 ὁ

1777 5319 1872 5372 τοῦ
1900 5320 2033 5372 θεοῦ
2066 5321 2219 5384 Παῖς,
2248 5338 2369 5389 qua!
2403 5324 2482 5377 sic
2504 5326 2665 5378 vertit
2697 5319 3303 5389 ipsemetconibélisius
3330 5347 3345 5384 :

1782 5408 1801 5470 ς
1843 5389 2170 5470 Unus-enim
2203 5391 2411 5470 estDei
2443 5394 2631 5470 liilius.
2669 5389 2794 5470 illa
2824 5399 3031 5454 scilicet
3058 5398 3113 5454 S.
3144 5398 3347 5470 Hippo-

1776 5460 1919 5541 lytus
1956 5460 2167 5541 aliique
2204 5463 2412 5541 antiqui
2453 5465 2644 5541 Patres
2674 5468 2953 5541 Christum
3004 5460 3347 5541 appellarunt

1774 5532 2019 5611 eilsaia:
2047 5546 2176 5611 χμι,
2211 5532 2446 5602 aliisque
2474 5537 2629 5600 locis,
2660 5539 2747 5593 ubi
2788 5540 2930 5611 Deus
2963 5532 3180 5611 de'i'pso
3217 5543 3292 5597 ait
3320 5558 3335 5595 :

1773 5601 1916 5725 ἔδοξ)
1950 5603 1979 5653 ὁ
2004 5604 2133 5665 παῖς
2169 5618 2269 5673 μου
2292 5622 2305 5634 -
2336 5601 2651 5677 quanquam
2677 5612 2807 5674 παῖς
2838 5610 2913 5667 ibi
2936 5601 3142 5667 servem
3175 5613 3347 5684 signi-

1814 5687 1874 5725 ce
1904 5711 1918 5725 .

1814 5680 1918 5727 cet.

1865 5740 1934 5794 70
1997 5740 2179 5798 Contr.
2208 5741 2390 5810 Noet.,
2423 5765 2576 5806 num.
2609 5750 2696 5807 14.

1866 5742 1956 5883 Ἠζ
1995 5813 2163 5883 Idem,
2194 5816 2297 5871 loc.
2329 5820 2433 5879 cit.
2700 5804 2710 5824 ⁸

1865 5743 1934 5794 70
1997 5743 2179 5798 Contr.
2208 5743 2390 5810 Noet.,
2423 5765 2433 5803 I

1842 5743 1956 5883 ξηζ
1995 5813 2163 5883 Idem,
2194 5816 2297 5871 loc.
2329 5820 2433 5879 cit.

2954 5918 3031 5981 1‘3
