3882 6532
471 365 572 424 563

1441 365 1526 420 DE
1565 365 1726 420 VITA
1765 363 1852 420 ΕΤ
1897 361 2211 420 SCRIPTIS
2249 365 2308 420 S.
2349 361 2736 421 IHPPGLYTI.
3569 375 3653 432 561

471 487 566 557 git,
591 487 684 558 qui
713 483 956 548 mandat,
1006 485 1195 552 Pater;
1225 485 1318 555 qui
1345 485 1546 552 obedit,
1580 485 1782 552 Filius;
1813 486 1906 555 qui
1937 485 2022 540 do-
2067 489 2112 546 Α
2143 484 2401 554 Spiritum
2441 496 2690 540 sanctum
2727 487 3017 540 humanam
3047 502 3269 542 carnem
3315 493 3655 559 assumpsisse.

469 587 558 632 cet
585 577 890 641 scientiam,
913 574 1146 645 Spiritus
1169 583 1409 629 sanctus.
1440 593 1458 626 ι
1479 573 1650 628 Aliter
1677 573 1844 627 Deum
1869 587 2036 626 unum

471 672 770 740 intelligere
795 685 904 724 non
931 683 1246 738 possumus,
1273 687 1290 718 ι
1322 667 1427 723 nisi
1457 683 1584 722 vere
1611 666 1778 732 Patri,
1799 674 1853 720 et
1877 666 2034 730 Filio,

469 771 524 818 et
559 761 786 832 Spiritui
819 769 1010 815 sancto
1027 761 1310 815 credamus
1343 777 1356 813 :
1383 776 1482 830 per
1505 761 1646 814 hanc
1673 759 1818 813 enim
1853 757 2036 818 Trini-

469 865 635 910 tatem
660 853 820 908 Pater
844 853 1232 922 gloriﬁcatur.)
1257 854 1348 907 Ait
1370 854 1592 922 insuper
1615 851 1670 906 S.
1691 851 2032 924 Hippolytus,

466 960 568 998 nos
622 943 851 998 adorare
907 942 1170 1012 Spiritum
1207 951 1457 998 sanctum
1503 943 1616 1014 (72)
1653 962 1669 997 :
1715 961 1736 994 ι
1773 942 2033 1012 Spiritum

467 1045 714 1090 sanctum
744 1036 1061 1090 adoramus.
1098 1053 1116 1085 ι
1149 1033 1230 1088 Illi
1265 1035 1456 1089 tribuit
1491 1035 1735 1090 eamdem
1769 1034 1995 1104 gloriam
2017 1075 2031 1100 ,

465 1127 821 1197 eamdemque
861 1127 1158 1197 potentiam
1237 1141 1301 1181 ac
1375 1125 1546 1192 Filio,
1592 1125 1748 1196 cujus
1801 1125 2034 1195 Spiritus

465 1228 549 1273 est
578 1236 590 1272 :
629 1237 646 1268 ‹
677 1219 780 1288 Ipsi
817 1216 1107 1289 (Christo)
1143 1217 1310 1287 gloria
1341 1229 1394 1271 et
1425 1217 1663 1286 potentia
1693 1232 1814 1270 cum
1851 1231 2035 1270 sacro-

465 1321 656 1366 sancto
691 1311 835 1365 bono
875 1319 929 1363 et
961 1309 1176 1364 viviﬁco
1223 1310 1342 1379 ejus
1387 1309 1590 1377 Spiritu
1636 1307 1767 1379 (73).
1805 1327 1823 1359 ι
1869 1307 2035 1376 Igitur

465 1414 671 1460 certum
721 1415 1010 1473 ratumque
1057 1411 1174 1468 est,
1224 1403 1378 1472 juxta
1427 1401 1482 1456 S.
1521 1401 1792 1472 Hippolyti
1831 1403 2033 1457 doctri-

464 1512 614 1560 nam,
649 1494 911 1565 Spiritum
945 1503 1194 1550 sanctum
1227 1509 1351 1550 esse
1377 1496 1567 1558 Deum,
1601 1495 1759 1549 sicuti
1787 1503 1840 1548 et
1871 1493 2034 1548 Pater

465 1589 609 1642 Deus
629 1597 733 1651 est,
763 1597 818 1641 et
851 1586 1024 1641 Filius
1055 1585 1196 1642 Deus
1231 1595 1334 1651 est,
1364 1585 1578 1656 illisque
1607 1601 1733 1641 vere
1758 1601 1877 1641 esse
1901 1601 2034 1641 con-

465 1680 900 1737 substantialem.

537 1771 892 1842 Proprietates
927 1772 1223 1842 personales
1274 1765 1506 1838 Spiritus
1543 1769 1732 1822 sancti.
1781 1799 1852 1808 -—
1895 1766 2028 1821 Pro-

2143 578 2236 632 sed
2277 576 2506 632 Verbum
2534 579 2626 631 Dei
2657 578 2768 648 (75)
2802 596 2814 631 :
2853 577 3081 634 tMiSSHS
3109 589 3316 643 autem,
3349 580 3538 649 inquit.
3569 600 3656 638 nun

2139 680 2221 725 est
2263 671 2436 736 alius,
2489 686 2654 740 quam
2687 670 2946 726 Verbum.
2987 689 3005 722 θ
3045 671 3294 726 Divinum
3331 672 3430 726 hoc
3461 672 3661 731 Verbum

2138 759 2415 814 descendit
2464 761 2516 812 in
2549 768 2796 814 sanctam
2843 759 3118 830 Virginem
3146 759 3369 815 Mariam
3390 763 3514 834 (76),
3537 773 3582 818 et
3607 781 3660 819 ex

2136 869 2198 908 ea
2232 861 2316 908 est
2350 853 2713 916 incarnatunt,
2747 863 2958 919 sumpta
2987 853 3168 907 anima
3192 855 3446 921 humana,
3479 873 3496 906 ι
3517 855 3661 912 iactus

2137 939 2318 992 omnia
2361 955 2700 1010 quaecunque
2723 941 2886 995 homo
2908 951 3011 1012 est,
3035 953 3262 1012 excepto
3286 953 3498 1012 peccato
3519 945 3658 1016 (77).»

2137 1029 2252 1086 Iloc
2294 1030 2526 1086 Verbum
2567 1032 2656 1086 Dei
2692 1034 3020 1102 appellatum
3055 1042 3141 1090 est
3173 1036 3264 1088 Dei
3299 1035 3466 1091 Filius
3490 1037 3552 1091 ab
3575 1037 3662 1091 ini-

2137 1123 2230 1188 tio,
2263 1125 2388 1191 quia
2417 1125 2471 1178 in
2509 1133 2750 1194 tempore
2785 1127 2925 1181 inter
2964 1127 3216 1183 homines
3249 1129 3396 1184 nasci
3427 1130 3660 1184 debebat:

2139 1232 2159 1264 ‹
2190 1213 2296 1268 Nec
2330 1215 2474 1270 enim
2520 1213 2758 1270 Verbum
2813 1233 2910 1286 per
2962 1232 3021 1272 se
3067 1226 3122 1272 et
3163 1217 3282 1272 sine
3329 1233 3486 1272 carne
3521 1218 3666 1274 Filius

2133 1306 2404 1375 perfectus
2428 1316 2562 1370 erat,
2588 1324 2710 1362 cum
2745 1317 2922 1364 tamen
2957 1319 3106 1365 esset
3135 1309 3428 1380 perfectum
3453 1309 3664 1366 Verbum

2135 1399 2460 1470 Unigenitus
2489 1401 2622 1469 (78).
2659 1421 2678 1452 ι
2727 1401 2842 1458 Hoc
2887 1411 2998 1469 est,
3049 1418 3156 1458 non
3188 1412 3270 1459 est
3303 1405 3520 1474 adeptus
3563 1419 3664 1474 per-

2131 1492 2326 1547 fectam
2358 1493 2670 1562 qualitatem
2703 1493 2857 1559 Filii,
2891 1495 2996 1550 nisi
3043 1511 3140 1564 per
3169 1496 3426 1550 unionem
3463 1497 3664 1550 duarum

2131 1592 2470 1646 naturarum,
2497 1599 2590 1654 per
2619 1599 2782 1654 quam
2809 1594 2863 1639 et
2895 1584 3068 1641 Filius
3097 1587 3210 1652 Dei,
3239 1597 3294 1641 et
3317 1586 3485 1641 Filius
3515 1587 3666 1640 homi-

2129 1675 2217 1730 nis
2250 1674 2412 1730 simul
2446 1676 2668 1732 elfectus
2702 1684 2805 1732 est.

2205 1767 2337 1823 Unio
2359 1767 2584 1822 duarum
2617 1780 2930 1824 naturarum
2961 1767 3159 1824 Christi
3197 1770 3252 1824 in
3290 1787 3400 1824 una
3432 1770 3540 1824 sola
3571 1787 3668 1840 per-

462 1867 720 1936 prietates
745 1863 1060 1934 personales
1089 1861 1325 1931 Spiritus
1351 1859 1526 1915 saneti
1559 1859 1719 1914 modo
1747 1868 2028 1913 enumerat
2057 1855 2100 1910 Β
2128 1880 2353 1918 sonu.-——
2371 1863 2620 1917 Divinum
2639 1862 2899 1928 Verbum,
2917 1863 3012 1918 Dei
3027 1865 3668 1934 primogenitum,unitum

463 1958 522 2012 S.
561 1956 879 2028 Hippolytus
914 1952 1062 2026 (74):
1103 1951 1232 2005 «Hic
1261 1960 1344 2006 est
1373 1950 1609 2020 Spiritus
1635 1949 1728 2020 qui
1771 1951 1840 2005 ab
1873 1950 2026 2002 initio

462 2049 729 2120 ferebatur
750 2061 902 2114 super
931 2062 1093 2116 aquas
1117 2045 1157 2110 ⁸,
1189 2059 1286 2113 per
1305 2059 1465 2113 quem
1495 2051 1741 2096 movetur
1769 2042 2025 2104 mundus,

461 2131 674 2197 natura‘
703 2148 882 2196 creata
935 2139 1216 2199 consistit,
1253 2137 1434 2191 omnia
1478 2137 1643 2188 vitam
1697 2135 1972 2203 accipiunt
2011 2151 2026 2187 :

449 2237 554 2305 qui
583 2235 635 2288 in
661 2233 937 2304 prophetis
966 2239 1220 2302 operatus
1252 2237 1338 2284 est
1358 2271 1371 2296 ,
1423 2230 1479 2282 in
1510 2226 1784 2284 Christum
1811 2229 2030 2284 devola-

448 2329 555 2382 =vit.
601 2324 700 2381 Hic
750 2333 834 2380 est
876 2323 1112 2393 Spiritus
1156 2322 1336 2390 specie
1387 2321 1697 2390 linguarum
1742 2321 2025 2390 ignearum

458 2421 616 2474 datus
645 2417 908 2488 apostolis
935 2434 948 2482 ;
973 2415 1041 2470 de
1073 2415 1176 2468 hoc
1205 2412 1424 2467 Gabriel
1453 2412 1519 2466 ad
1555 2411 1828 2482 Virginem
1859 2429 1872 2464 :
1899 2409 2028 2480 Spi—

459 2509 593 2562 ritus
638 2519 854 2562 sanctus
899 2507 1220 2576 superveniet
1271 2504 1328 2557 in
1372 2510 1502 2571 ιε’,
1554 2515 1658 2558 etc.
1729 2502 1833 2557 Per
1883 2504 2028 2559 hunc

462 2599 722 2670 Spiritum
757 2599 951 2653 Petrus
981 2599 1193 2654 beatam
1250 2596 1398 2649 illam
1442 2609 1632 2649 vocem
1667 2593 1862 2650 effatus
1905 2603 2020 2649 est:

461 2691 542 2745 Tu
575 2707 628 2746 es
656 2689 897 2745 Christus
929 2687 1106 2742 Filius
1145 2688 1238 2742 Dei
1263 2687 1532 2752 virentis“;
1559 2703 1652 2756 per
1685 2687 1828 2741 hunc
1856 2686 2028 2756 Spiri-

456 2791 574 2838 tum
603 2783 812 2836 Iirmata
847 2781 1102 2836 Ecclesia:
1133 2789 1284 2850 petra
1317 2791 1418 2834 est.
1457 2777 1696 2833 Tandem
1747 2795 1844 2848 per
1880 2779 2028 2834 hunc

460 2873 745 2946 Spiritum,
782 2875 1134 2945 conjunctum
1169 2888 1292 2927 cum
1327 2887 1468 2941 aqua
1498 2869 1848 2942 (baptismi),
1873 2886 2027 2942 rege-

457 2976 680 3024 neratus
709 2967 876 3022 homo
906 2967 1230 3030 vivilicatur,
1249 2981 1324 3020 ex
1354 2966 1616 3020 servitute
1641 2965 1694 3020 in
1722 2965 2026 3020 libertatem

457 3047 687 3130 transit,
729 3077 796 3117 ex
840 3059 1122 3132 tyrannide
1164 3059 1230 3114 ad
1261 3073 1523 3129 regnum,
1579 3057 2026 3128 eat-corruptione

457 3157 525 3212 ad
584 3154 1166 3220 incorruptibilitatem.
1215 3171 1232 3204 ι
1301 3151 1425 3207 Haec
1473 3159 1602 3206 sunt
1661 3152 2020 3220 notabiliora,
2049 3192 2092 3251 ϐ

455 3264 578 3318 quae.
607 3249 660 3302 in
691 3248 816 3302 divo
837 3245 1123 3317 Hippolyto
1145 3251 1439 3300 occurrunt
1465 3244 1644 3315 quoad
1673 3253 1785 3300 tres
1805 3244 2022 3300 divinas

461 3337 752 3396 Personas.

981 3447 1377 3504 ARTICULUS
1411 3448 1500 3504 Vl.

454 3557 522 3599 ΒΣ.
561 3557 824 3597 διγετεηιο
865 3557 1306 3605 ιΝεΑιικΑτιοΝιδ,
1343 3557 1411 3595 ΕΤ
1447 3557 1660 3597 υυιιηωι
1693 3557 2021 3599 NATURARUI

843 3629 1216 3667 DISTINCTIONE
1257 3629 1308 3666 IN
1346 3627 1598 3667 CHRISTO.

528 3701 686 3756 Solus
733 3701 908 3756 Filius
951 3701 1282 3756 incarnatus.
1320 3732 1392 3741 —
1429 3699 1546 3755 Non
1581 3705 1762 3759 minus
1787 3703 2022 3760 dilucide

453 3795 678 3864 exponit
710 3803 930 3850 sanctus
962 3793 1280 3848 Portuensis
1322 3793 1607 3862 episcopus
1657 3803 1842 3850 noster
1887 3811 2018 3850 san-

453 3887 758 3944 etissimum
815 3884 1209 3940 incarnationis
1257 3885 1616 3955 mysterium,
1663 3885 1906 3956 duasque
1963 3887 2019 3941 in

453 3979 685 4035 Domino
719 3983 908 4033 nostra
939 3975 1070 4032 Jcsu
1095 3975 1314 4031 Christo
1345 3977 1569 4032 omnino
1607 3977 1892 4033 distinctas
1921 3994 2020 4035 na-

450 4077 603 4123 turas
626 4108 640 4132 ,
673 4068 911 4122 divinam
943 4066 1203 4120 nimirum
1247 4075 1302 4120 et
1351 4067 1676 4132 humanam,
1709 4068 2014 4137 proﬁtetur.

450 4158 629 4229 Atque
661 4160 840 4228 primo
870 4159 1030 4214 docet
1059 4157 1118 4212 S.
1151 4157 1472 4229 Hippolytus
1502 4173 1601 4214 nec
1631 4157 1846 4216 Patrem
1869 4203 1884 4229 ,
1917 4179 2018 4220 nec

2130 1971 2252 2010 cum
2287 1955 2519 2025 Virginis
2549 1957 2934 2026 primogenito,
2969 1967 3052 2013 est
3083 1973 3244 2012 verus
3282 1957 3427 2014 Deus
3455 1966 3504 2012 et
3532 1973 3670 2012 verus

2129 2050 2326 2110 homo,
2369 2049 2639 2119 perfectus
2671 2051 2810 2104 Deus
2851 2059 2903 2104 et
2934 2049 3204 2120 perfectus
3243 2049 3432 2104 bomo.
3465 2067 3482 2100 ι
3525 2048 3672 2102 Totus

2127 2140 2267 2195 Deus
2287 2140 2422 2209 ipse,
2447 2149 2594 2196 totus
2619 2140 2785 2194 homo
2811 2141 2950 2195 idem
2981 2141 3116 2210 ipse,
3151 2147 3295 2194 totus
3325 2138 3470 2194 Deus
3493 2139 3671 2208 pariter

2127 2241 2321 2286 natura
2341 2273 2356 2298 ,
2380 2239 2436 2286 et
2469 2233 2632 2288 homo
2659 2233 2796 2286 idem
2823 2232 2958 2302 ipse.
2996 2231 3202 2288 Deitate
3231 2231 3450 2302 quidem
3472 2272 3486 2296 ,
3515 2231 3672 2284 divina

2129 2339 2222 2394 per
2247 2339 2400 2379 suam
2429 2323 2600 2394 ipsius
2619 2319 3025 2379 sanctissimam
3042 2340 3283 2388 carnem,
3309 2339 3419 2379 non
3441 2322 3674 2378 exsistet:-

2125 2419 2202 2474 tia
2239 2427 2430 2472 natura
2480 2418 2684 2484 carnis,
2721 2433 2952 2487 operans
2978 2435 2992 2484 ;
3017 2417 3357 2473 humanitate
3391 2436 3551 2486 vero,
3591 2419 3676 2472 hu-

2129 2525 2310 2575 mana,
2327 2525 2432 2564 non
2452 2509 2770 2564 exsistentia
2803 2517 2994 2562 natura
3017 2508 3254 2576 deitatis,
3280 2509 3500 2564 deitatis
3521 2507 3676 2562 indul-

2129 2599 2306 2670 gentia
2339 2600 2568 2669 patiens.
2603 2598 2689 2653 Nil
2728 2599 2972 2655 divinum
3005 2601 3210 2655 nudum
3248 2615 3478 2670 corpore
3510 2613 3678 2669 opera-

2127 2703 2237 2758 tur,
2283 2693 2364 2748 nil
2405 2694 2703 2748 humanum
2755 2694 2897 2748 idem
2939 2693 3054 2764 ipse
3096 2693 3370 2764 privatum
3419 2692 3678 2748 divinitate

2128 2803 2358 2858 gerens;
2390 2803 2612 2842 servans
2645 2787 2860 2841 sibimet
2899 2788 3117 2840 modum
3153 2785 3456 2840 secundum
3483 2793 3678 2838 utrum-

2127 2894 2234 2950 que
2269 2879 2660 2934 immutabilem
2683 2920 2696 2941 ,
2731 2893 2826 2947 per
2857 2893 3019 2947 quem
3052 2888 3306 2946 operatus
3345 2886 3432 2931 est
3473 2885 3678 2942 utraque

2127 2969 2336 3024 decenti
2413 2985 2601 3033 more,
2653 2970 2720 3023 ad
2787 2969 3230 3038 approbationem
3309 2967 3564 3036 perfecta:
3625 2977 3680 3017 ac

2127 3077 2269 3116 verae
2315 3062 2558 3131 nihilque
2601 3060 2851 3114 habentis
2903 3058 3185 3129 pravitatis
3229 3053 3680 3114 inbumanationis

2126 3169 2239 3210 sua:
2261 3153 2395 3225 (79).
2431 3172 2449 3206 ›

2157 3295 2160 3298 .
2195 3243 2352 3310 Quod
2375 3243 2597 3313 quidem
2633 3241 2837 3298 factum
2867 3249 2950 3298 est
2993 3245 3198 3314 absque
3242 3243 3352 3297 ulla
3400 3242 3682 3298 mutatione

2128 3334 2289 3403 hujus
2322 3334 2404 3388 vel
2427 3333 2572 3388 illius
2599 3343 2841 3388 naturai:
2878 3352 2897 3387 ‹
2930 3331 3142 3388 Habens
3167 3335 3410 3397 caeleste,
3435 3331 3576 3402 quod
3603 3344 3682 3399 pa-

2124 3435 2336 3482 ternum
2385 3437 2538 3490 erat,
2586 3437 2842 3496 tauquam
2893 3412 3175 3492 Verbum;
3221 3437 3504 3480 terrenum
3548 3436 3680 3482 vero.

2123 3529 2380 3590 tauquam
2408 3535 2471 3574 ex
2497 3528 2678 3576 vetere
2699 3518 2894 3582 Adam,
2915 3533 3010 3588 per
3044 3516 3316 3587 Virginem
3353 3516 3680 3572 incarnatus.

2125 3609 2282 3666 Sic...
2325 3609 2468 3664 Deus
2501 3617 2821 3678 corporalus
2865 3609 3114 3678 apparuit
3151 3607 3285 3678 (80).
3333 3606 3586 3661 Salvator
3627 3617 3684 3656 et

2121 3719 2184 3758 ea
2209 3701 2421 3772 (Maria)
2453 3709 2614 3756 natus
2643 3709 2726 3755 est
2765 3699 2881 3754 sine
2909 3697 3230 3754 confusione
3261 3697 3406 3754 Deus
3431 3707 3486 3752 et
3511 3697 3684 3754 homo,

2119 3795 2437 3864 ἁσυγχύτως
2482 3795 2614 3858 Θεὸς
2661 3795 2755 3847 καὶ
2809 3791 3108 3866 ἄνθρωπος.
3181 3811 3200 3844 ι
3261 3789 3357 3846 Hae
3409 3799 3688 3862 postrema:

2121 3885 2378 3954 loquendi
2417 3883 2662 3938 formula:
2705 3893 2968 3952 excerpta:
3009 3891 3138 3938 sunt
3187 3897 3254 3936 ex
3299 3881 3542 3952 quodam
3589 3875 3688 3930 fra-

2121 3987 2342 4046 gmento
2369 3975 2790 4040 Commentarii,
2823 3975 2966 4045 quod
3011 3975 3255 4028 exaravit
3285 3973 3344 4028 S.
3373 3972 3690 4043 Hippolytus

2123 4068 2176 4122 in
2221 4067 2552 4134 Proverbia;
2604 4069 2679 4122 ibi
2725 4068 2870 4122 enim
2911 4067 3190 4136 explicans
3237 4068 3356 4124 haec
3399 4065 3598 4135 capitis
3641 4076 3686 4112 ix

2123 4157 2324 4214 verba:
2363 4156 2632 4227 Sapientia
2687 4157 2972 4226 azdi/icavit
3021 4156 3232 4210 domum
3419 4196 3434 4222 ,
3493 4152 3691 4210 miscuit

523 4291 543 4321 ⁸
584 4290 720 4346 Gen.
760 4307 805 4356 I,
837 4291 890 4344 2.
969 4293 987 4322 ⁷
1023 4289 1157 4347 Luc.
1185 4309 1232 4359 ι,
1263 4293 1354 4347 55.
1432 4294 1454 4323 ⁸
1491 4291 1678 4349 Matth.
1717 4311 1842 4362 xvr,
1907 4299 2010 4368 16;
2044 4299 2213 4356 Marc.
2242 4314 2363 4362 vm,
2389 4297 2490 4364 29;
2525 4297 2652 4352 Luc.
2683 4313 2759 4362 1x,
2789 4295 2894 4366 20;
2929 4295 3087 4354 Joan.
3119 4313 3193 4362 vt,
3219 4296 3305 4351 70.

769 4447 1037 4522 Hippolyt.
1065 4451 1195 4522 Ade.
1235 4449 1415 4514 Noet.,
1449 4467 1566 4522 cap.
1602 4453 1686 4507 12.

550 4517 636 4590 75)
674 4517 852 4584 Idem;
875 4517 1112 4574 ‘Oratdn
1141 4521 1462 4590 Theophan.,
1498 4517 1650 4577 tium.
1687 4525 1774 4580 10.

521 4590 636 4662 (71)
675 4590 839 4662 Idem,
871 4590 1027 4662 ibid,”
1063 4607 1214 4662 num.
1248 4593 1301 4647 9.

523 4659 637 4726 (75)
679 4659 821 4713 Idem
847 4701 864 4726 ,
906 4661 1039 4716 Adv.
1077 4660 1259 4726 Noet.,
1285 4679 1436 4717 num.
1465 4663 1552 4718 15.

524 4729 637 4802 (76)
680 4748 698 4781 ‹
728 4729 824 4784 Dic
848 4731 982 4784 mihi
1008 4771 1022 4795 ,
1049 4746 1082 4784 ο
1105 4731 1262 4803 beata
1297 4732 1486 4800 Maria,
1520 4733 1648 4803 quid
1673 4743 1788 4790 erat
1821 4751 1852 4791 a
1885 4745 1935 4792 te
1965 4737 2020 4792 in

451 4812 620 4876 utero
639 4811 958 4876 conceptum
981 4840 995 4864 ,
1027 4811 1081 4855 et
1105 4802 1294 4876 quid_a
1322 4813 1378 4876 te
1406 4803 1460 4857 in
1506 4802 1729 4860 matrice
1771 4807 2021 4876 virginali

451 4869 1068 4946 gestabaturiVerbum
1097 4869 1213 4924 erat
1243 4873 1357 4936 Dei,
1391 4877 1790 4944 primogenitus
1815 4917 1829 4937 ,
1857 4869 1957 4946 qui
1991 4895 2022 4933 e

451 4939 607 4997 dualis
637 4941 693 5016 in
727 4949 780 4993 te
801 4939 1190 5004 descenderat,
1212 4951 1294 5016 ‘et
1337 4939 1501 5016 homo
1541 4939 1933 5016 primogenitus
1965 4949 2020 5000 in

451 5021 610 5066 utero
669 5009 1088 5083 formatusput
1144 5009 1564 5083 primogenitum
1624 5009 1858 5070 Verbum
1925 5018 2020 5072 Dei

453 5080 813 5149 primogenito
858 5081 1066 5135 homini
1114 5080 1350 5136 unitum'
1373 5085 1768 5141 ostenderetur.
1804 5105 1822 5136 ι
1877 5087 2022 5142 Idem

454 5149 962 5224 apu_d_.Theodoret.
1005 5151 1213 5224 Diaiog.
1243 5155 1292 5216 1,
1323 5163 1378 5206 et
1402 5161 1534 5207 tom.
1566 5155 1580 5207 l
1616 5155 1774 5224 0pp.,
1807 5171 1860 5224 p.
1893 5157 2020 5211 ί267.

526 5220 638 5290 (77)
675 5239 693 5270 t
723 5220 1023 5274 Credamus
1057 5222 1240 5290 igitur,
1275 5228 1490 5286 fratres,
1517 5220 1825 5279 secundum
1849 5228 2022 5281 tradi-

455 5291 658 5345 tionem
705 5291 1078 5358 apostolorum
1101 5331 1116 5354 ,
1154 5293 1298 5360 quod
1335 5294 1475 5349 Deus
1512 5293 1745 5350 Verbum
1791 5312 1824 5350 a
1869 5297 2021 5352 caelis

454 5360 732 5416 descendit
779 5361 831 5413 in
879 5370 1124 5415 sanctam
1159 5359 1433 5430 Virginem
1469 5363 1692 5418 Mariam
1721 5405 1735 5429 ,
1775 5377 1830 5420 ut
1859 5381 1922 5419 ex
1957 5383 2022 5421 ea

457 5429 1014 5506 incarnatuszsuntpta
1038 5431 1218 5506 anima
1243 5429 1498 5499 humana,
1531 5437 1758 5490 rationis
1796 5436 2020 5506 inquam

457 5499 735 5567 participe,
768 5499 943 5556 factus
994 5501 1178 5572 omnia
1207 5517 1559 5572 quaecunque
1589 5507 1752 5562 homo
1784 5499 1886 5571 est,
1927 5523 2024 5562 cx-

455 5577 612 5636 cepto
639 5579 891 5643 peccato,
925 5571 1160 5643 salvarct
1189 5571 1383 5638 Adam,
1403 5571 1493 5643 qui
1523 5577 1807 5642 ceciderat,
1836 5586 1889 5630 et
1918 5578 2022 5631 im—

457 5639 839 5716 mortalitatem
869 5641 1179 5716 hominibus
1211 5639 1498 5716 largiretur
1527 5647 1592 5701 iis
1617 5647 1708 5716 qui
1739 5639 2025 5702 crederent

455 5711 512 5764 in
533 5709 757 5783 _lI‘Oll_I_'IIlt‘:
783 5723 903 5764 suo.
931 5710 1266 5783 In_om_nibus
1289 5709 1454 5783 igitur
1482 5709 1915 5771 demonstratum
1939 5731 2023 5772 est

455 5779 612 5836 nobis
639 5776 874 5834 Verbum
899 5781 1161 5849 veritatis,
1189 5776 1335 5852 quod
1367 5801 1508 5843 unus
1537 5796 1621 5842 est
1651 5785 1829 5855 Pater,
1862 5787 2020 5858 cujus

2128 4464 2280 4518 adest
2307 4461 2568 4522 Verbum,
2611 4476 2706 4529 per
2739 4459 2886 4528 quod
2917 4459 3099 4514 omnia
3137 4457 3296 4524 fecit;
3329 4457 3482 4526 quod
3515 4463 3692 4529 poste.

2051 4531 2098 4586 D
2127 4535 2362 4589 rioribus
2393 4524 2928 4598 tetupori-husfsicut
2953 4529 3205 4598 superius
3235 4524 3534 4588 dixi—mus,’
3555 4524 3698 4579 misit

2125 4603 2285 4658 Pater
2348 4602 2414 4655 ad
2471 4597 2702 4656 salutem
2753 4599 3053 4654 hominum.
3107 4597 3220 4652 Hoc
3277 4614 3375 4666 per
3428 4598 3604 4667 legem
3648 4601 3697 4646 et

2123 4674 2415 4744 prophetas
2447 4671 2798 4744 praedicatum
2838 4680 2922 4722 est
2951 4677 3239 4744 venturum
3275 4683 3400 4722 esse
3441 4669 3499 4724 in
3527 4679 3696 4744 _muu-

2122 4739 2273 4798 dum.
2297 4743 2450 4796 Sicut
2469 4757 2596 4810 ergo
2609 4739 2956 4810 praedicatum
2979 4739 3178 4810 esttsic
3193 4753 3435 4806 praesens
3460 4739 3698 4805 seipsum

2123 4813 2472 4868 manifestum
2507 4808 2628 4864 fecit
2651 4827 2715 4864 ex
2743 4808 2958 4877 Virgine
2981 4817 3034 4861 et
3066 4808 3269 4876 Spiritu
3301 4817 3500 4862 sancto
3529 4819 3695 4860 novus

2123 4883 2288 4938 homo
2320 4881 2496 4936 factus
2523 4899 2536 4934 :
2567 4881 2769 4934 habens
2799 4879 3038 4940 caeleste,
3065 4879 3208 4946 quod
3233 4887 3532 4947 paternum
3565 4883 3698 4937 erat,

2126 4962 2380 5022 tanquam
2413 4951 2686 5022 Verbum;
2721 4958 2995 5022 terrenum
3024 4963 3187 5014 vero,
3217 4957 3489 5022 tanquam
3519 4962 3588 5002 ex
3609 4959 3699 4998 ve-

2123 5019 2464 5085 tere'Adam,
2487 5019 2598 5088 'per
2629 5019 2901 5090 Virginem
2929 5019 3271 5090 incarnatus.
3317 5019 3411 5071 Sic
3451 5019 3518 5090 in
3543 5029 3700 5069 mun-

2123 5094 2252 5148 dum
2299 5086 2574 5161 egressus,
2627 5086 2767 5143 Deu's
2813 5097 3154 5161 corporatus,
3186 5087 3318 5161 Θεὸς
3349 5090 3409 5161 sv
3449 5086 3703 5161 orbitati,

2124 5155 2406 5231 apparuit,
2452 5155 2709 5228 egressus
2741 5155 3010 5231 perlectus
3057 5159 3257 5222 homo,
3286 5155 3586 5231 ἄνθρωπός
3619 5155 3704 5231 τὲτ

2122 5223 2280 5296 λέιός.
2318 5223 2434 5285 Non
2461 5223 2608 5284 enim
2639 5223 3026 5298 per-ﬁctionem
3071 5238 3165 5298 aut
3187 5223 3578 5298 mutationem,
3613 5223 3702 5278 sed

2124 5317 2248 5356 vere
2289 5301 2465 5356 factus
2515 5297 2680 5355 homo
2709 5319 2723 5354 :
2755 5301 2827 5353 Οὐ
2861 5297 3140 5368 γὰρνκατὰ
3175 5297 3484 5368 (pavenda):
3520 5297 3556 5366 ἢ
3587 5307 3708 5368 τρο-

2125 5372 2265 5442 πὴν,
2311 5369 2526 5442 ἀληθῶς
2569 5365 3201 5442 γενόμεγρςᾶὺθρωπος.
3233 5386 3252 5420 ι
3307 5367 3367 5422 S.
3419 5365 3704 5437 Hippolyt.

2124 5441 2307 5498 Contr.
2339 5441 2522 5506 Noet.,
2552 5457 2703 5494 nunt.
2739 5441 2827 5494 17.

2217 5513 2301 5584 78)
2343 5513 2526 5584 Contr.
2559 5509 2739 5584 ﬂecti,
2775 5511 3044 5584 num._15.

2217 5517 2301 5584 78)
2343 5517 2526 5567 Contr.
2559 5517 2739 5583 1Voet.,
2775 5527 2922 5565 num.
2957 5517 3044 5564 15.

2191 5517 2306 5654 (79)
2343 5582 2526 5646 Idem,
2559 5581 2769 5654 lib._De
2803 5580 3066 5654 theologia
3093 5588 3143 5634 et
3177 5579 3556 5634 incarnatione
3583 5590 3708 5632 cott-

2125 5649 2212 5708 tra'
2235 5649 2486 5706 Heronem
2511 5661 2558 5704 et
2577 5649 2827 5708 llclicem,
2853 5667 3004 5704 num.
3037 5651 3088 5702 7.

2195 5723 2306 5796 (80)
2347 5719 2714 5782 Idem,Contra
2769 5720 2953 5787 Noet.,
2979 5736 3129 5776 num.
3155 5719 3240 5774 17.
