3882 6518
195 385 289 442 565
1128 378 1217 433 DE
1251 378 1414 435 VITA
1456 377 1543 433 ET
1583 375 1892 432 SCRIPTIS
1935 376 1991 432 S.
2034 374 2419 430 HIPPOLYTI.
3294 374 3400 432 ’556

197 507 482 569 rinnm’-'°,
511 523 527 556 ι
586 503 773 559 eadem
819 503 1200 572 interpretatur
1250 503 1316 557 de
1364 501 1576 554 duabus
1609 497 1736 551 Iesu
1768 502 1813 554 A
1839 498 2188 566 operabatur,
2227 497 2359 550 nihil
2388 497 2684 549 humanum
2721 493 3004 548 divinitate
3032 494 3270 563 gerebat.
3312 502 3413 548 Ve-

195 598 370 652 Christi
396 598 630 660 naturis,
664 613 756 666 per
786 597 967 650 viuum
1009 596 1312 665 intelligens
1354 603 1602 646 naturam
1647 591 1732 643 di-
1841 607 1959 644 rum
1999 591 2122 644 licet
2158 599 2407 643 mortuus
2449 599 2532 642 est
2577 598 2835 657 tanquam
2876 589 3076 653 homo,
3114 598 3295 642 tamen
3329 604 3418 644 se-

194 691 383 754 vinrnn;
430 706 520 757 per
563 705 758 760 aquam
800 707 930 744 vero
979 701 1229 744 naturam
1276 690 1567 742 humanam
1600 685 1732 753 (8i).
1839 683 2075 736 eundum
2121 681 2424 735 divinitatis
2471 692 2722 734 naturam
2771 681 2972 733 mansit
3024 681 3179 734 vivus
3216 681 3350 751 (88).
3389 699 3412 734 ι

194 781 382 834 Miscuit
443 779 494 832 in
534 783 718 850 poculo
745 801 842 835 suo
865 783 1041 836 vinum
1069 781 1267 850 (inquit
1301 778 1494 846 ille),in
1528 777 1737 846 Virgine
1840 770 2018 825 Habes
2063 772 2228 841 igitur
2273 773 2410 825 duas
2438 770 2638 824 Christi
2697 783 2916 824 natura:
2953 770 3252 825 formaliter
3305 773 3421 827 dis-

192 873 486 923 dit-initatcm
517 889 666 924 suam
689 875 870 927 unicus
904 891 1018 927 cum
1052 889 1238 935 carne,
1271 881 1523 937 tanquam
1548 856 1734 922 irinum
1839 864 2036 917 tinctas
2063 905 2078 928 ,
2129 863 2554 932 earumdemque
2607 861 2890 915 distinctas
2950 863 3293 930 operationes
3360 868 3418 917 in

192 981 366 1017 merum
407 983 468 1018 ac
498 966 896 1036 purissimum;
951 963 1095 1023 sive,
1126 970 1184 1014 ut
1240 960 1368 1013 alibi
1421 959 1584 1012 etiam
1640 959 1735 1011 lta-
1837 955 1962 1010 divo
2009 955 2296 1025 Hippolyto
2327 965 2566 1009 assertas
2595 953 2886 1022 conspicis.
2921 953 3417 1009 Demonstmndum

189 1057 264 1110 bet
284 1057 390 1126 (89.)
424 1076 437 1110 :
480 1059 709 1114 Mortale
773 1073 960 1125 corpus
984 1064 1221 1108 nostrum
1263 1069 1372 1106 sua:
1398 1051 1735 1104 admiscendo
1839 1057 2120 1117 superest,
2152 1057 2420 1101 vetustum
2473 1046 2619 1100 hunc
2669 1044 2924 1100 Ecclesia:
2963 1046 3211 1112 Patrem,
3250 1063 3419 1102 unam

189 1148 366 1203 νὶνηιιὶ,
1838 1140 2125 1208 agnovisse
2174 1140 2225 1191 in
2261 1139 2481 1192 Christo
2527 1151 2807 1204 personam
2836 1177 2851 1200 ,
2890 1155 3167 1208 unumque
3216 1142 3420 1210 princi-

248 1237 586 1306 PrOprietates
617 1249 665 1293 et
691 1239 1014 1308 operationes
1039 1238 1302 1290 distincta:
1321 1237 1548 1290 duarum
1579 1245 1736 1288 natu-
1838 1232 1984 1301 pium
2027 1231 2407 1300 operationum
2457 1233 2702 1286 omnium
2725 1275 2740 1298 ,
2783 1248 2906 1303 qua:
2959 1233 3175 1302 utrique
3211 1244 3422 1287 naturae

190 1341 341 1377 rarum
368 1326 419 1377 in
443 1324 571 1379 Iesu
606 1326 1206 1381 Christo—Caeterum
1237 1326 1415 1379 inanis
1444 1326 1735 1392 serupulus
1837 1326 2188 1378 conveniunt.

187 1427 307 1472 esset
333 1419 561 1488 opinari,
590 1419 983 1490 Eutychianam
1032 1419 1280 1472 literesim
1324 1419 1595 1489 designari
1636 1421 1736 1473 hac
1910 1416 1962 1470 Id
1993 1433 2120 1471 vero
2154 1417 2558 1471 evidentissime
2591 1419 2862 1472 constabit
2901 1419 3197 1487 unicuique
3233 1419 3311 1472 vel
3343 1420 3420 1473 le-

187 1527 298 1565 voce
326 1511 509 1580 μίξας,
540 1512 875 1574 admiscens;
901 1523 1093 1581 praeter
1125 1511 1266 1565 enim
1315 1509 1564 1579 superius
1597 1511 1737 1564 rcci-
1837 1512 1973 1565 viter
2005 1513 2300 1566 attendenti
2335 1525 2476 1579 quos
2525 1511 2777 1580 superius
2805 1512 3086 1565 attulimus
3109 1519 3288 1564 textus
3309 1551 3324 1572 .
3361 1519 3422 1565 ut

188 1612 276 1657 tata
304 1605 638 1672 apertissima
683 1603 1026 1667 testimonia,
1064 1604 1349 1656 innumera
1379 1601 1582 1669 pariter
1630 1601 1736 1654 hoc
1836 1605 2242 1659 distinctionem
2277 1605 2510 1657 duarum
2557 1616 2878 1658 naturarum
2925 1613 3188 1657 assertam
3230 1620 3260 1658 a
3293 1603 3422 1657 divo

187 1694 285 1747 Ιοεο
307 1695 489 1749 θίΐειτῢ
523 1711 851 1764 possumus,
885 1709 1005 1764 qua?
1041 1695 1110 1748 ab
1132 1691 1280 1748 omni
1312 1691 1516 1746 CFI‘UI'iS
1557 1691 1734 1760 SUSpi-
1835 1697 2126 1768 Hippolyto
2157 1699 2568 1763 evinceremus;
2610 1714 2675 1751 ex
2718 1698 2824 1751 illis
2854 1697 2997 1750 enim
3038 1700 3205 1766 probe
3241 1697 3420 1750 mani-

184 1785 316 1840 cione
343 1802 503 1855 super
544 1789 648 1840 hoc
681 1786 911 1840 articulo
941 1785 1090 1839 illum
1130 1785 1361 1840 reddunt
1410 1784 1726 1838 immunem.
1766 1837 1807 1891 Β
1836 1789 2032 1845 festum
2065 1791 2168 1843 erit
2192 1831 2206 1852 ,
2232 1791 2375 1859 quod
2422 1792 2547 1845 licet
2592 1790 2823 1844 duarum
2869 1798 3187 1842 naturarum
3223 1787 3424 1859 distin-

185 1879 362 1934 Etenim
391 1879 443 1932 in
474 1889 705 1934 tractatu
738 1879 936 1934 Contra
974 1877 1202 1931 Noelnm
1227 1921 1241 1944 ,
1270 1879 1573 1947 peculiares
1603 1894 1728 1946 pro-
1766 1877 1807 1891 ”
1833 1881 1940 1935 ctio
1975 1881 2263 1948 perspicue
2306 1890 2604 1943 asseratur,
2647 1878 3007 1932 nihilominus
3055 1893 3162 1932 una
3207 1886 3420 1932 tantum

183 1973 404 2040 prietates
433 1974 888 2042 operationesque
924 1971 1113 2025 tribuit
1141 1971 1354 2024 duabus
1384 1970 1588 2024 Christi
1633 1985 1729 2024 na-
1834 1973 1886 2026 in
1911 1971 2130 2026 Christo
2160 1986 2392 2040 persona
2421 1972 2704 2025 astruitur.

183 2060 298 2112 turis
338 2071 390 2113 et
432 2061 657 2130 quidem
707 2061 793 2114 his
828 2061 1007 2116 verbis
1035 2059 1146 2130 (85)
1179 2080 1192 2114 :
1231 2078 1250 2111 ι
1287 2060 1376 2114 Sic
1419 2060 1580 2130 igitur
1627 2061 1730 2114 hu-
1907 2063 2094 2117 Unitas
2135 2079 2370 2132 persona:
2400 2064 2456 2115 in
2482 2061 2609 2116 Iesu
2635 2061 2866 2115 Christo.
2889 2091 2958 2100 ——
2988 2061 3106 2130 Ipse
3136 2061 3339 2130 quippe
3366 2069 3423 2116 et

181 2166 314 2203 mana
356 2167 449 2205 sua
503 2169 616 2206 non
663 2163 916 2215 recusat,
947 2151 1042 2223 qui
1089 2153 1568 2206 demonstrabatur
1607 2167 1730 2207 esse
1831 2155 2107 2226 perlectus
2154 2155 2294 2209 Deus
2334 2164 2446 2220 est,
2478 2163 2531 2208 et
2571 2153 2844 2222 perfectus
2875 2153 3075 2217 homo;
3105 2153 3222 2222 ipse
3259 2163 3422 2222 prout

183 2239 326 2304 Deus,
355 2259 548 2296 eum...
579 2259 744 2313 super
769 2243 1047 2311 pulvinum
1083 2242 1325 2304 dormit,
1359 2241 1451 2310 qui
1479 2250 1726 2295 naturam
1835 2247 1926 2302 Dei
1955 2245 2214 2310 Verbum,
2244 2248 2484 2301 divinam
2513 2246 2748 2299 habebat
2779 2255 3027 2300 naturam
3048 2284 3064 2310 ,
3094 2253 3256 2314 prout
3287 2260 3420 2304 vero

181 2330 312 2385 habet
333 2332 637 2386 insomnem
663 2374 677 2398 ,
711 2344 769 2386 ut
811 2331 1045 2385 Deus....
1076 2347 1200 2385 cum
1235 2331 1304 2384 ab
1333 2329 1540 2384 llerode
1578 2345 1730 2399 sper-
1832 2337 1960 2404 Ana;
2000 2339 2177 2402 ﬁlius,
2208 2339 2441 2394 habebat
2481 2348 2734 2392 naturam
2772 2337 3066 2391 humanam
3099 2357 3113 2392 ;
3157 2337 3302 2392 Deus
3342 2339 3424 2390 in-

179 2423 321 2485 nitur,
346 2426 434 2492 qui
460 2434 633 2478 totam
663 2433 861 2478 terram
887 2423 1234 2492 judicaturus
1263 2432 1412 2476 est...
1443 2431 1498 2475 et
1529 2437 1561 2476 a
1593 2422 1731 2475 tnili‘
1833 2442 2092 2488 camatus
2131 2441 2246 2498 est,
2290 2451 2308 2484 ι
2363 2432 2506 2486 Deus
2548 2432 2966 2500 incorporatus;
3018 2451 3036 2482 ι
3081 2441 3133 2486 et
3177 2431 3266 2486 ille
3303 2435 3421 2500 ipse

179 2513 561 2570 tibusillttditur
592 2516 764 2581 is,cui
791 2527 971 2570 astant
999 2516 1166 2569 millia
1193 2515 1444 2577 millium,
1473 2523 1525 2566 et
1547 2514 1728 2568 decies
1831 2532 1948 2585 est,
1981 2523 2075 2591 qui
2110 2531 2270 2577 natus
2306 2531 2458 2576 est...
2495 2520 2638 2576 Deus
2676 2529 2732 2574 et
2770 2522 2970 2575 homo:
2997 2520 3145 2575 idem
3178 2531 3291 2588 est,
3322 2522 3420 2591 qui

178 2617 369 2661 centena
401 2609 573 2662 millia
614 2609 950 2677 angelorum.
988 2627 1004 2659 ι
1042 2607 1098 2660 In
1131 2614 1362 2660 tractatu
1401 2604 1598 2660 Contra
1623 2605 1727 2658 Be-
1839 2633 1856 2666 ι
1890 2616 1958 2670 ab
2002 2614 2214 2669 Herode
2262 2615 2561 2684 spernitur,
2588 2622 2642 2666 et
2688 2614 2758 2667 ab
2798 2615 3004 2684 angelis
3044 2615 3344 2680 adoratur;
3392 2633 3414 2666 ι

179 2713 328 2751 roncm
354 2715 615 2769 expresse
647 2701 840 2763 docet,
867 2698 1260 2753 incarnationis
1291 2699 1606 2768 mysterium
1635 2699 1730 2751 de-
1832 2706 1926 2774 qui
1955 2725 1972 2756 ι
2001 2705 2185 2760 divina
2225 2721 2480 2774 operatur
2511 2713 2566 2759 et
2605 2705 2844 2760 humana
2865 2748 2881 2772 ,
2918 2726 2935 2757 υ
2973 2707 3067 2776 qui
3107 2727 3125 2759 ι
3165 2707 3417 2772 moritur,

178 2801 452 2844 monstrare
485 2792 630 2846 duas
669 2791 1004 2845 snbstautias
1049 2788 1353 2859 perfectas,
1395 2788 1633 2842 divinam
1677 2796 1732 2842 cl
1831 2808 1886 2851 ct
1921 2807 2104 2852 manet
2131 2799 2309 2852 vivus.
2351 2817 2369 2848 ι
2414 2797 2700 2862 Quomodo
2729 2799 3008 2853 conciliari
3050 2801 3164 2853 haec
3188 2808 3422 2868 possunt

181 2881 439 2935 humanam
465 2883 584 2954 (84)
616 2902 627 2936 :
663 2903 680 2932 ‹
715 2883 1024 2954 Mysterium
1061 2897 1296 2950 namque
1325 2882 1521 2936 divina:
1552 2881 1732 2935 illcar-
1832 2905 1958 2944 eum
1987 2889 2339 2944 distinctione
2370 2890 2734 2943 naturarum?
2777 2889 2918 2944 Audi
2946 2890 3201 2944 eumdem
3229 2889 3420 2944 divum

178 2976 449 3030 nationis...
476 2974 736 3046 perfectae
773 2975 992 3029 deitatis
1036 2983 1090 3030 et
1129 2975 1300 3044 plena:
1347 2974 1732 3028 demonstrati-
1832 2981 2181 3050 Hippolytum
2227 2981 2462 3049 perbelle
2499 2981 2602 3034 hoc
2637 2981 2996 3050 explicantem
3039 2982 3194 3052 (89):
3247 3002 3266 3034 ι
3318 2981 3420 3036 Se-

177 3082 280 3120 runt
321 3068 714 3135 humanitatis;
787 3087 806 3119 ι
850 3077 905 3121 et
955 3077 1244 3136 utramque
1294 3076 1547 3120 naturam
1601 3081 1730 3121 suas
1833 3073 2073 3128 cundum
2119 3082 2418 3142 utrumque
2465 3089 2625 3126 suum
2674 3089 2889 3142 semper
2929 3088 3258 3142 permanens
3301 3077 3422 3128 sine

178 3161 504 3228 proprietates
559 3171 618 3214 et
660 3161 1003 3228 operationes
1052 3159 1327 3213 naturales
1374 3159 1579 3227 absque
1621 3159 1728 3212 ulla
1759 3181 1800 3237 ο
1833 3181 1996 3230 casu,
2053 3164 2254 3232 quibus
2301 3164 2486 3219 divine
2533 3165 2735 3232 pariter
2774 3173 2828 3218 et
2872 3165 3111 3219 humane
3162 3176 3421 3234 operatus

177 3254 444 3306 mutatione
489 3268 746 3307 servasse
779 3271 793 3306 ;
832 3271 849 3302 ε
888 3255 1192 3306 secundum
1233 3260 1526 3319 utrumque
1565 3266 1726 3304 suum
1829 3265 1978 3311 est...
2024 3275 2042 3308 ι
2086 3254 2152 3308 Ει
2179 3255 2345 3310 alibi:
2389 3275 2408 3307 ‹
2443 3256 2676 3309 Sibimet
2700 3255 2922 3309 modum
2957 3271 3182 3310 servans
3221 3273 3420 3311 secun-

177 3357 358 3414 semper
383 3361 718 3414 permanens
750 3345 867 3400 sine
898 3359 1029 3398 casu
1051 3383 1066 3406 ,
1092 3343 1292 3412 quibus
1321 3343 1504 3396 divine
1529 3343 1730 3410 pariter
1829 3350 1958 3403 dum
2003 3359 2297 3417 utrumque
2345 3348 2774 3413 immutabilem,
2824 3363 2922 3417 per
2958 3363 3120 3417 quem
3163 3361 3422 3418 operatus

175 3449 218 3488 et
245 3437 464 3492 humane
489 3446 756 3508 Operatus
786 3446 913 3491 est:
950 3436 1335 3505 perfectionem
1380 3451 1476 3504 per
1509 3450 1726 3490 omnem
1829 3449 1914 3496 est
1956 3449 2190 3509 utraque
2233 3441 2446 3495 decenti
2490 3456 2644 3494 more
2669 3439 2803 3510 (90).
2837 3459 2855 3491 ι
2898 3439 2977 3493 Ex
3028 3440 3284 3495 omnibus
3332 3442 3420 3494 his

178 3528 430 3599 utriusque
452 3532 726 3584 rationem
756 3529 857 3583 sibi
882 3528 1202 3582 naturaliter
1229 3527 1726 3581 incommutabilem
1830 3550 1952 3603 qua:
1999 3533 2159 3588 modo
2209 3533 2492 3587 attulimus
2533 3533 2714 3601 quoad
2762 3532 3225 3596 incarnationem,
3282 3532 3420 3586 inie-

177 3634 410 3688 servans;
460 3640 482 3674 ι
525 3631 696 3689 atque
737 3621 858 3674 ideo
900 3619 1142 3673 divinum
1193 3617 1425 3673 Verbum
1465 3619 1727 3672 miracula
1830 3627 2196 3688 remlumest,
2221 3625 2408 3679 divum
2443 3623 2789 3695 Hippolytum
2823 3625 2876 3677 in
2913 3625 3030 3678 suis
3062 3624 3280 3694 scriptis
3304 3641 3422 3678 ma-

176 3716 420 3782 patrabat,
454 3731 593 3770 caro
617 3729 742 3768 vero
780 3713 1085 3783 patiebatur
1111 3713 1264 3782 (85):
1303 3731 1321 3762 ‹
1359 3711 1564 3766 Deitate
1602 3711 1730 3781 qui-
1829 3718 2027 3772 nifeste
2062 3717 2325 3772 damnare
2369 3725 2478 3770 tres
2522 3715 2812 3785 primarias
2852 3715 3089 3769 [nereses
3133 3722 3254 3782 post
3299 3713 3420 3782 ejus

176 3806 274 3860 dem
301 3809 546 3862 divina...
589 3821 863 3876 operaus;
897 3804 1236 3859 humanitate
1262 3819 1390 3858 vero
1418 3804 1674 3858 humana.
1703 3824 1722 3856 ι
1830 3820 2062 3864 mortem
2109 3819 2371 3864 exui-tas:
2423 3807 2892 3878 Eutychianorum
2935 3806 3171 3872 scilicet,
3224 3804 3418 3859 Mono-

232 3895 280 3950 ln
307 3901 649 3955 humanitate
686 3915 784 3953 sua
823 3899 1072 3953 Salvator
1099 3906 1282 3952 noster
1310 3897 1537 3951 esurivit
1563 3905 1617 3950 et
1652 3898 1730 3951 si—
1829 3901 2145 3954 thelitarum
2218 3907 2272 3952 et
2328 3897 2778 3954 Nestorianorum
2827 3917 2839 3952 :
2876 3897 3108 3968 primam
3163 3898 3417 3967 quidem,

177 3989 306 4056 tivit;
337 4002 388 4046 et
428 3994 482 4048 in
521 3992 812 4048 divinitate
851 4007 947 4044 sua
987 4006 1094 4044 uno
1139 3990 1438 4058 eodemque
1487 3998 1728 4058 tempore
1829 3991 1958 4046 dum
1997 3991 2194 4046 astruit
2221 3992 2276 4045 in
2303 3989 2524 4045 Christo
2557 3990 2696 4044 duas
2727 3999 2952 4044 naturas
2981 3989 3303 4054 distinctas;
3338 4003 3420 4042 se-

177 4085 473 4140 adorahatur
521 4087 596 4140 ab
643 4085 850 4154 angelis
883 4083 994 4154 (86)
1023 4100 1037 4134 ε
1089 4102 1108 4134 ι
1148 4081 1456 4136 Humanam
1506 4081 1735 4150 quidem
1829 4083 2063 4137 cuudam
2113 4097 2278 4148 vero,
2305 4081 2435 4136 dum
2464 4082 2601 4136 duas
2628 4081 2865 4140 admittit
2892 4081 3196 4134 voluntates
3231 4081 3285 4132 in
3319 4095 3416 4134 eo-

177 4177 321 4245 ipsius
344 4190 598 4235 naturam
635 4178 791 4232 facile
831 4187 914 4232 est
959 4190 1256 4247 agnoscere
1275 4215 1289 4239 ,
1317 4176 1538 4243 quando
1559 4173 1729 4227 esurit
1829 4171 1950 4224 dem
1974 4169 2216 4236 Christo,
2243 4171 2488 4238 duasque
2516 4170 2883 4239 operationes,
2914 4185 3035 4238 quae
3058 4169 3289 4222 duarum
3321 4184 3418 4223 na-

176 4277 218 4319 et
252 4269 414 4324 sitit...
451 4269 652 4322 Divina
701 4283 830 4321 vero
879 4267 1054 4336 ipsius
1095 4274 1291 4319 natura
1340 4279 1445 4317 non
1493 4264 1728 4318 obscure
1831 4270 2077 4316 turarum
2117 4275 2246 4316 sunt
2278 4262 2552 4330 promite;
2589 4262 2802 4315 tertiam
2847 4262 3098 4329 tandem,
3129 4261 3258 4316 dum
3293 4262 3419 4318 uui-

175 4359 401 4424 cernilur,
428 4360 656 4430 quando
686 4360 754 4412 ab
797 4358 1001 4428 angelis
1032 4357 1308 4410 adoratur.
1342 4375 1358 4406 ι
1392 4354 1512 4408 Uno
1542 4354 1724 4417 verbo,
1831 4361 1995 4406 tatem
2021 4367 2268 4421 persona:
2299 4351 2352 4404 itt
2373 4351 2596 4405 Christo
2622 4362 2820 4406 tuetur.

176 4453 488 4517 operationes
518 4454 640 4508 ista:
667 4452 800 4505 adeo
834 4449 1101 4504 distinctu:
1127 4459 1286 4513 sunt,
1316 4448 1473 4517 juxta
1504 4447 1561 4500 S.
1596 4447 1727 4517 llip-
1902 4442 2101 4512 Scopas
2146 4443 2552 4498 incarnationis.
2607 4443 3040 4498 Circumstantia:
3084 4445 3415 4497 incarnatio-

176 4541 382 4610 pulytutn
406 4543 542 4612 (87),
562 4542 713 4612 quod
737 4540 998 4605 Verbum,
1025 4560 1042 4592 ε
1074 4541 1207 4594 nihil
1230 4542 1470 4596 divinum
1501 4556 1727 4609 corpore
1760 4538 1804 4592 D
1833 4538 1933 4591 nis.
1963 4565 2034 4574 —
2063 4534 2213 4590 Finis
2236 4551 2300 4590 ac
2333 4551 2534 4606 scopus
2575 4536 2966 4592 incarnationis
2992 4537 3095 4592 l‘uit
3133 4537 3415 4592 hominum

229 4668 312 4710 ’-‘°
346 4671 505 4729 Prov.
538 4691 617 4741 Ix,
640 4682 695 4727 ‘2.

231 4829 538 4916 (miltiam,
564 4835 619 4889 in
647 4835 779 4916 illud
815 4835 1085 4916 “Properti.
1139 4843 1447 4916 ηεξ-φφ..-
1476 4837 1526 4916 1,
1553 4835 1718 4916 Grip-1,
1900 4847 2014 4916 (85)
2059 4846 2223 4909 Idem,
2259 4846 2416 4910 ibid.,
2445 4846 2608 4916 apud.
2630 4845 2871 4910 Fabric.,
2900 4860 3022 4915 pag.
3051 4841 3178 4906 226,
3205 4850 3258 4895 et
3287 4840 3416 4894 Gal-

175 4904 505 4976 pag.‘282,et
539 4913 686 4976 apud
730 4906 1002 4969 Galland.,
1049 4916 1178 4961 tom.
1220 4905 1263 4958 ll
1307 4905 1558 4960 Bibliot/t.
1603 4907 1720 4960 PP.
1828 4904 1974 4971 land,
2005 4904 2117 4970 'col.
2151 4904 2277 4970 469,

370 4974 592 5113 ἒῖῗιῖοιι⁷
631 5047 775 5100 enim
813 5045 906 5099 Dei
938 5045 1176 5100 Verbum
1213 5061 1337 5099 cum
1372 5055 1515 5100 esset
1543 5047 1691 5099 carni
1899 5009 2011 5078 (86)
2051 5007 2227 5072 mem’
2259 5011 2312 5062 in
2341 5008 2476 5077 Μαι·
2513 5025 2581 5072 "’
2616 5018 2748 5061 tom“
2779 5007 2798 5059 1
2843 5007 2977 5075 ΟῙΨ⁶
2999 5048 3013 5069 ’
3042 5024 3164 5077 Pag'
3190 5005 3332 5071 ὥθ’
3367 5016 3420 5059 Μ’

176 5081 334 5146 "MC,
405 5130 653 5146 unum.“
687 5133 902 5146 mum.“
938 5132 999 5146 ην
1033 5130 1216 5146 MM,“
1251 5086 1469 5146 νςηςζη,
1513 5066 1724 5146 humus
1829 5079 2077 5132 Gztllattd.
2103 5119 2116 5137 .
2141 5081 2242 5133 col.
2272 5081 2396 5133 486.
2426 5079 2558 5131 Vide
2583 5088 2637 5131 et
2666 5081 2808 5146 apud
2841 5077 3085 5136 Fabric..
3117 5093 3241 5146 pag.
3273 5077 3380 5130 2‘26
3404 5117 3417 5131 .

176 5115 1721 5218 352:..5321‘13'3.c353!"ﬁliifﬂclilllﬁliaeﬁliin
1829 5159 1881 5202 οι
1904 5159 2035 5202 tom.
2069 5148 2133 5213 II.
2175 5166 2295 5218 pag.
2319 5150 2411 5216 9-4.
2444 5149 2533 5213 27.
2561 5149 2654 5211 ~28.
2687 5115 2779 5214 i5.
2815 5158 2867 5202 ct
2904 5159 3038 5202 tom.
3068 5115 3283 5217 ιῖιῖἇεη
3313 5147 3419 5199 9-65

176 5191 400 5251 tantittam
433 5203 674 5253 sponsus
714 5187 816 5241 sibi
856 5190 1026 5268 ipsam
1070 5188 1124 5240 ill
1160 5188 1335 5276 crucis
1367 5187 1606 5254 patibulo
1635 5202 1725 5239 ve-
2071 5187 2133 5213 "’
2175 5187 2295 5220 "“5'
2324 5187 2411 5216 ⁴“’”
2448 5187 2533 5213 ¹“”’
2564 5187 2654 5211 ’“¹’
2687 5187 2779 5214 π’
2815 5187 2867 5202 “
3068 5187 3086 5200 '
3109 5189 3124 5214 ’

175 5262 285 5306 stem
313 5268 643 5320 contexens;
685 5272 794 5325 quo
843 5257 1097 5310 nimirum
1137 5257 1364 5309 mortale
1397 5272 1595 5324 corpus
1629 5273 1726 5309 tto-

178 5306 796 5381 stru.n‘;u2g;a1i.iai:a5
833 5306 1519 5394 aliis","ét'aa.i.1;ipiat,ité
1538 5306 1726 5378 inc—or-
1831 5379 1844 5394 ,
1904 5309 2016 5394 (ξῖ)
2055 5309 2464 5394 Ιί¹ξδῐη,τ,,εῗοιιε¹·α
2496 5308 2780 5372 Heronem,
2815 5325 2963 5364 ηυῐηο
3001 5308 3069 5376 8,
3101 5309 3244 5378 aliud
3287 5306 3417 5370 Gill-

178 5395 392 5470 rnplibili
492 5379 784 5450 inﬁrmum
823 5379 949 5451 forti
1017 5379 1256 5470 miscens
1289 5379 1573 5470 ,'_hon_tin_i
1613 5413 1702 5470 Δ(ιιι

777 5379 784 5380 7
823 5379 949 5451 forti
1017 5379 1256 5470 miscens
1289 5379 1573 5470 ,'_homin_i
1613 5398 1724 5470 Aqui
1831 5379 2010 5443 Ῐιὶηιίον
2046 5381 2150 5434 001-
2183 5379 2306 5434 469.

176 5467 395 5542 Perierat,
438 5470 673 5522 salutem
706 5476 1004 5537 praestaret.
1039 5488 1058 5520 ι
1108 5466 1286 5534 Idem,
1328 5466 1404 5521 De
1443 5467 1684 5521 Antio/tr.
1709 5507 1722 5531 ,
1904 5472 2015 5542 (88)
2054 5471 2233 5538 Idem,
2281 5472 2571 5526 Comment.
2608 5473 2664 5524 in
2694 5471 2933 5525 Genesim
2959 5511 2972 5535 ,
3012 5480 3122 5526 tom
3170 5473 3191 5525 ι
3238 5473 3416 5538 Ορμ,

179 5538 384 5612 ιιιυῃζιιὶζ
409 5608 420 5612 _
573 5606 601 5612 _
795 5607 837 5612 __
1182 5607 1197 5612 _
1216 5608 1235 5612 _
1833 5538 1954 5612 pag.
1984 5543 2076 5604 ‘24,
2105 5553 2158 5596 et
2184 5545 2327 5612 apud
2356 5542 2631 5606 Calland.,
2655 5543 2761 5596 eul.
2790 5543 2915 5596 478.

234 5607 329 5683 (ξξᾷ)
369 5606 539 5683 idem,
561 5606 759 5683 contra
776 5607 970 5683 έγοειη
995 5623 1145 5683 nttm_.
1324 5682 1329 5683 γ
1508 5678 1524 5683 _
1581 5679 1602 5683 _
1833 5606 1849 5612 ’
1904 5606 2028 5683 (89)
2055 5606 2239 5675 Idem;
2278 5615 2477 5667 Contra
2518 5613 2707 5667 Beron.
2733 5653 2748 5676 ,
2783 5623 2916 5666 tom.
2952 5611 3007 5678 1,
3043 5628 3164 5683 pag.
3196 5611 3335 5674 2-28,
3361 5621 3416 5665 et

235 5677 515 5752 l_8i)_l_dém
538 5720 555 5752 ,
577 5680 724 5752 ddo.
765 5679 956 5752 Beron.
978 5677 1256 5752 _et__Het_ic.
1277 5720 1292 5743 ,
1321 5682 1467 5752 'tom.
1506 5678 1726 5752 lioppq
1833 5677 1974 5752 apud
1997 5677 2273 5747 'Galland.,
2309 5684 2413 5738 col.
2446 5683 2580 5745 468,
2612 5699 2762 5736 num.
2791 5683 2844 5736 4.

307 5747 404 5800 ΞΞἾ
440 5759 494 5806 ct
527 5749 634 5803 ‘2‘28
655 5791 668 5817 ,
701 5759 751 5805 et
787 5751 930 5820 apud
961 5747 1214 5820 .Galland.
1237 5791 1252 5818 ,
1298 5751 1498 5806 colum.
1531 5747 1653 5805 467’
1676 5761 1730 5806 ct
1833 5747 2038 5879 4ἐξω).
2060 5752 2136 5806 ld.
2163 5755 2334 5880 ,8ibid.
2361 5793 2376 5818 ,
2405 5770 2526 5825 pag.
2559 5754 2663 5818 250
2684 5794 2698 5820 ,
2724 5763 2776 5808 et
2805 5753 2948 5823 apud
2982 5752 3230 5809 Galland.
3255 5795 3268 5820 ,
3302 5749 3409 5806 col.

264 5853 278 5870 .
1173 5838 1177 5842 ’
1944 5865 1959 5893 ,
1989 5840 2138 5879 num.
2209 5863 2225 5878 .
