3882 6512
261 407 358 460 575

1251 406 1340 460 DE
1379 405 1543 462 VITA
1583 405 1671 459 ET
1712 402 2022 459 SCRIPTIS
2063 403 2119 459 8.
2155 402 2556 458 HIPPOLYTI.‘

3403 409 3509 465 571

256 542 502 597 corpora,
530 527 899 584 nec-liberata
950 528 1231 585 atl'cctibus
1269 538 1323 585 et
1367 530 1593 594 morbis,
1652 544 1826 599 neque
1861 535 1899 588 Α
1931 541 2034 596 pus
2055 541 2434 598 corrumpenS,
2466 524 2558 580 sed
2597 525 2891 596 irrequieta
2933 527 3122 584 dolore
3165 545 3229 586 ex
3281 540 3510 591 comore

251 617 336 673 illa
368 620 668 688 gloriﬁcata
692 623 980 691 accipient,
1010 622 1103 677 sed
1137 623 1190 677 in
1223 623 1309 686 iis,
1337 623 1538 692 quibus
1573 622 1830 676 [inierunt

248 711 437 773 vitam,
479 714 701 778 morbis,
753 723 806 768 et
837 714 1029 784 quales
1055 715 1108 768 in
1154 716 1531 770 incredulitate
1553 717 1826 779 vixerunt,

249 803 382 858 tales
429 818 578 861 certe
615 806 1012 876 judicabuntnr
1042 807 1174 878 (l8).
1237 827 1254 859 ι
1300 807 1377 862 Ex
1427 809 1513 863 his
1559 809 1828 879 colligitur

245 904 496 951 sanctum
562 905 810 952 nostrum
869 899 1185 968 episcopum
1243 899 1598 954 c'onformiter
1657 917 1827 956 sacrae

245 985 543 1054 Scriptura:
595 989 849 1044 docuisse
933 1006 1378 1060 unumquemque
1435 1008 1556 1045 cum
1607 995 1824 1062 proprio

239 1093 471 1148 corpore
500 1096 621 1135 esse
650 1091 1112 1148 resurrecturum;
1139 1098 1368 1152 corpora
1403 1083 1676 1153 justorum
1711 1086 1824 1156 glo-

237 1171 406 1234 riosa,
445 1172 828 1242 impassibilia,
875 1175 1245 1244 corruptionis
1297 1178 1537 1245 expertia
1586 1177 1724 1243 fore,
1769 1187 1822 1232 et

237 1280 345 1317 una
399 1281 525 1319 cum
575 1266 754 1320 anima
803 1267 961 1322 beata
1023 1270 1322 1324 mtcrnitate
1368 1270 1600 1325 fruitura
1663 1288 1816 1339 esse;

233 1367 460 1410 econtra
496 1367 674 1412 autem
711 1376 938 1429 corpora
977 1362 1265 1430 impiorum
1319 1380 1426 1418 non
1470 1365 1815 1419 immutatum

231 1445 331 1512 iri,
403 1447 706 1518 iisdemque
748 1452 952 1504 morbis
1007 1467 1070 1505 ac
1115 1453 1524 1508 inﬁrmitatibus
1582 1455 1814 1510 obnoxia

227 1533 366 1598 fore,
404 1539 605 1607 quibus
641 1539 692 1593 in
723 1541 826 1595 hoc
857 1543 1058 1596 szeculo
1094 1543 1246 1598 fuere
1270 1545 1527 1601 obnoxia.

295 1628 450 1681 Idem
491 1649 677 1701 corpus
712 1644 965 1702 resurget.
997 1665 1068 1674 —-
1111 1635 1164 1689 ln
1205 1635 1444 1706 Epistula
1487 1638 1553 1692 ad
1599 1636 1814 1694 Severi-

221 1736 347 1775 nam
388 1722 553 1777 tradit
584 1725 668 1779 hie
701 1724 756 1778 S.
787 1725 964 1787 Pater,
997 1727 1158 1781 nixus
1185 1733 1512 1783 auctoritate
1539 1729 1594 1784 8.
1631 1730 1807 1795 Pauli,

220 1811 365 1865 idem
437 1829 638 1883 corpus
698 1825 1154 1871 resurrecturum.
1235 1837 1252 1868 ε
1321 1817 1595 1874 Primitias
1645 1820 1807 1891 igitur

219 1901 369 1958 hunc
401 1903 730 1977 (Christum)
763 1908 1006 1961 nominat
1039 1907 1262 1977 (Paulus
1302 1909 1322 1961 ι
1364 1909 1533 1980 Epist.
1589 1885 1804 1966 ad—Co-
1841 1885 1880 1939 Β

217 1993 390 2046 rintb.
441 2011 541 2056 xv,
599 1995 689 2065 20)
735 1996 1142 2065 dormientium,
1186 2009 1239 2055 et
1276 2001 1692 2071 primogenitum
1736 2021 1803 2058 ex

218 2085 457 2140 mortuis
489 2087 554 2151 ”,
589 2088 677 2156 qui
715 2104 1007 2157 resurgens
1027 2099 1079 2144 et
1101 2091 1290 2145 volens
1316 2094 1626 2158 ostendere,
1656 2095 1802 2164 quod

214 2172 359 2228 idem
393 2176 495 2229 hoc
519 2187 665 2231 esset
689 2181 1096 2246 resuscitatum,
1129 2181 1271 2252 quod
1301 2192 1354 2238 et
1388 2193 1663 2238 mortuum
1695 2184 1806 2240 fue-

210 2274 340 2332 rat,
411 2267 790 2325 dubitantibus
849 2272 1131 2343 discipulis
1190 2291 1476 2331 accersens
1533 2276 1799 2331 Thomam

212 2357 350 2411 dixit
388 2359 434 2389 ¹⁶
486 2378 499 2412 :
552 2361 762 2416 Accede
797 2363 921 2430 huc,
959 2373 1140 2434 tange,
1194 2375 1248 2420 et
1291 2367 1430 2433 vide,
1477 2369 1604 2437 quia
1641 2369 1800 2438 spiri-

209 2453 296 2501 tus
321 2464 548 2503 carnem
585 2461 638 2505 et
674 2468 796 2507 ossa
839 2471 945 2509 non
983 2457 1163 2523 habet,
1217 2458 1358 2512 sicut
1401 2475 1486 2513 me
1511 2460 1658 2515 vides
1703 2461 1800 2514 ha-

208 2537 449 2593 heMem.
488 2540 632 2594 ldcm
696 2543 942 2615 (Paulus)
989 2547 1040 2600 in
1093 2549 1281 2603 eadem
1330 2549 1570 2620 Epistola
1617 2554 1799 2622 appel-

206 2631 322 2685 lans
380 2633 563 2702 ipsum
599 2636 868 2704 primitias
894 2641 956 2705 ⁸⁷,
991 2640 1363 2697 testimonium
1412 2653 1614 2698 nostra:
1647 2662 1798 2699 asse-

204 2723 475 2776 verationi
513 2726 807 2793 perhibuit,
855 2730 999 2798 quod
1037 2746 1102 2785 ex
1133 2732 1317 2787 eadem
1353 2749 1531 2788 massa
1575 2751 1794 2790 carnem

205 2823 549 2882 assumptum
585 2816 839 2872 Servatur
872 2822 1236 2877 resuscitavit.
1284 2823 1490 2880 faciens
1519 2842 1637 2879 cam
1678 2827 1793 2894 pri-

208 2905 394 2961 mitias
421 2909 610 2963 carnis
633 2911 931 2980 justorum,
966 2924 1024 2968 ut
1051 2930 1245 2970 omnes
1280 2918 1563 2973 credentes
1596 2918 1792 2974 ﬁducia

205 2995 368 3067 hujus
395 3003 708 3058 resuscitati
743 3017 1120 3074 exspectemus
1161 3008 1401 3064 futuram
1432 3012 1794 3066 resurrectio-

199 3103 318 3145 nem
355 3092 494 3164 (l9).
539 3114 558 3146 ι

265 3182 554 3240 Iudicium
593 3201 902 3248 extremum.
936 3225 1005 3236 —
1032 3195 1107 3252 De
1141 3205 1387 3252 extremo
1427 3195 1636 3266 judicio
1681 3195 1792 3266 agit

201 3271 258 3331 S.
288 3275 622 3351 Hippolytus
649 3293 760 3338 tum
793 3285 845 3340 in
883 3288 1020 3343 libro
1060 3289 1135 3342 De
1180 3291 1522 3356 Antichristo,
1573 3299 1684 3343 tum
1733 3290 1789 3343 in

194 3373 436 3423 tractatu
469 3373 724 3428 adversus
759 3376 1055 3433 Platonem.
1091 3381 1145 3434 In
1188 3381 1290 3436 hoc
1335 3383 1520 3436 scribit
1559 3381 1625 3434 de
1651 3380 1740 3434 illo
1773 3397 1786 3434 :

199 3475 216 3508 t
249 3459 413 3525 Quod
437 3479 654 3536 omnes,
681 3469 796 3523 sive
820 3471 954 3540 justi
988 3474 1099 3528 sive
1135 3475 1342 3544 iujusti,
1379 3475 1646 3532 ducentur
1686 3496 1781 3533 co-

193 3566 302 3605 ram
335 3553 454 3608 Deo
484 3547 662 3612 Verbo
697 3580 712 3615 :
746 3562 819 3615 illi
843 3565 987 3617 enim
1025 3565 1190 3618 Pater
1220 3585 1367 3621 omne
1388 3569 1658 3636 judicium
1687 3572 1778 3626 de-

193 3642 270 3695 dit
308 3646 378 3710 ¹⁸,
413 3655 472 3701 et
503 3648 594 3703 ille
634 3653 968 3709 voluntatem
1009 3656 1183 3712 Patris
1221 3659 1452 3727 implcus
1480 3663 1645 3730 judex
1688 3665 1783 3717 ad-

193 3736 411 3803 veniet;
439 3738 552 3806 ille,
582 3740 828 3811 inquam,
853 3761 1013 3814 quem
1048 3763 1148 3803 nos
1172 3748 1450 3804 Christum
1482 3769 1739 3809 vocamus
1767 3774 1780 3808 :

193 3841 369 3896 neque
409 3832 558 3885 enim
591 3834 784 3903 Minos,
814 3849 907 3892 aut
931 3838 1375 3897 Rhadamanthus
1398 3856 1523 3899 sunt
1547 3846 1782 3914 judices,

193 3929 248 3973 ut
279 3926 591 3980 secundum
625 3943 742 3995 vos,
786 3932 1018 3999 ethnici;
1055 3935 1144 3987 sed
1191 3935 1296 4000 ille,
1339 3953 1498 4005 quem
1553 3938 1692 3992 Deus
1725 3952 1779 3996 ct

188 4009 350 4070 Pater
376 4019 724 4088 gloriﬁcavit,
758 4025 824 4078 dc
869 4042 980 4096 quo
1023 4028 1152 4081 alibi
1201 4031 1565 4098 particulatim
1604 4033 1780 4090 disse-

188 4107 404 4163 ruimus
444 4110 499 4164 in
537 4116 768 4182 gratiam
798 4132 986 4171 eorum
1041 4121 1132 4187 qui
1175 4133 1426 4188 quaerunt
1466 4125 1776 4194 veritatem;

186 4195 276 4251 ille
316 4199 436 4268 ipse
469 4202 680 4269 justum
710 4207 978 4274 judicium
1016 4209 1191 4264 Patris
1226 4213 1277 4265 in
1306 4230 1494 4269 omnes
1517 4234 1778 4272 exercens

188 4289 490 4358 ordinabit,
541 4296 686 4364 quod
727 4313 942 4368 tequum
984 4315 1036 4355 et
1071 4303 1276 4371 justum
1313 4307 1438 4368 erit,
1482 4309 1778 4380 unicuique

186 4383 492 4436 secundum
518 4400 685 4453 opera
717 4407 730 4442 :
764 4389 1138 4458 cnjusjudicio
1176 4396 1429 4449 sistentur
1457 4415 1653 4462 omnes,
1685 4399 1779 4449 Ito-

186 4475 372 4542 mines,
405 4479 580 4548 angeli
612 4480 952 4550 (dmmones),
986 4493 1038 4538 et
1073 4488 1357 4544 unanimes
1391 4506 1576 4545 vocem
1619 4495 1777 4546 emit-

182 4573 296 4621 teut
328 4587 342 4622 :
377 4569 597 4626 Jnslum
631 4583 713 4628 est
736 4574 1000 4644 judicium
1028 4588 1180 4633 tuum
1215 4581 1379 4652 (20).»

252 4661 553 4717 Praemium
595 4669 870 4733 bonorum,
903 4679 951 4722 et
993 4687 1146 4739 paena
1179 4674 1461 4731 malorum,
1503 4707 1576 4718 -—
1610 4697 1628 4728 ι
1668 4678 1779 4732 Hu-

176 4752 269 4820 jus
300 4757 454 4812 vocis
489 4760 740 4828 tequitas,
769 4767 1122 4834 prosequitur
1157 4767 1214 4821 S.
1245 4767 1588 4841 Hippolytus,
1611 4789 1778 4843 appa-

186 4857 270 4900 ret
303 4849 361 4901 in
395 4851 740 4908 retributione
771 4856 824 4908 in
879 4867 1122 4928 utroque,
1173 4877 1292 4914 cum
1333 4863 1777 4933 benefacientibus

175 4937 318 5000 iuste
344 4942 534 5008 [ruitio
566 4955 762 4999 wterna
793 4951 1112 5018 praebeatur,
1139 4952 1398 5007 malorum
1421 4972 1536 5009 vero
1569 4957 1776 5026 cupidis

178 5042 441 5085 a’ternum
468 5037 791 5105 supplicium
830 5041 1207 5111 distribuatur,
1242 5054 1291 5100 et
1324 5049 1666 5114 expendatur.
1703 5049 1772 5106 Et

179 5120 271 5173 Iros
329 5137 506 5180 manet
560 5130 698 5198 ignis
738 5132 1218 5204 inexstinguibilis,
1279 5147 1327 5193 et
1377 5141 1469 5209 qui
1509 5157 1775 5213 nunquam

175 5213 416 5283 ﬁnietur,
452 5231 509 5273 et
552 5224 741 5276 vermis
771 5225 952 5294 igneus
987 5244 1092 5280 non
1138 5231 1364 5284 moriens
1414 5234 1478 5296 λθ,
1510 5249 1619 5287 non
1649 5250 1770 5288 cor-

250 5353 296 5384 ¹⁵
339 5355 552 5412 Coloss.
599 5375 638 5422 l,
683 5361 769 5416 18.

173 5416 268 5490 ts,
290 5425 384 5479 45.

243 5564 465 5646 (18)]8.
499 5564 805 5646 Hippolyti,
844 5569 1096 5646 lih.__adv.
1143 5573 1348 5628 Crtecos
1389 5587 1436 5629 et
1471 5577 1761 5646 Platonem,

174 5651 332 5720 rrum.
369 5636 425 5720 ‘2',
492 5645 622 5720 toni.
679 5636 914 5720 Γριῃλς
943 5641 1180 5708 Fabric,
1225 5664 1347 5716 pag.
1384 5648 1510 5711 alii,
1546 5660 1596 5703 et
1623 5636 1762 5720 apud

175 5704 453 5767 Galland.,
483 5708 684 5760 colum.
708 5704 830 5763 4.32.

248 5776 468 5858 (|9_)-§.
515 5777 812 5858 Hippolxl.)
853 5781 997 5858 apud
1048 5781 1396 5858 The_odorct.,
1458 5789 1657 5858 dialog.
1704 5793 1758 5850 2.

175 5859 303 5917 pag.
349 5847 473 5911 13.3;
513 5854 651 5919 apud
703 5847 941 5912 Fabric”
975 5864 1106 5907 tom.
1154 5854 1172 5906 ι
1219 5859 1350 5926 Opp.
1386 5847 1522 5928 ἰήιε.
1579 5847 1668 5922 ξιξ,
1709 5847 1761 5916 et

599 5375 638 5436 ξ,
683 5363 769 5416 18.
847 5365 890 5396 ¹⁶
943 5363 1078 5422 Luc.
1129 5384 1278 5436 xxiv,
1323 5371 1411 5425 59.

464 5428 510 5458 ¹⁶
535 5427 551 5481 Ι
578 5428 706 5484 Cor.
737 5450 797 5499 ll,
827 5436 880 5488 9.

1491 5373 1531 5405 ¹⁷
1563 5372 1583 5426 l
1610 5373 1737 5428 Cor.
1766 5393 1856 5441 xv,
1907 5377 1996 5430 9.5.

1933 619 2292 674 eﬂervescens
2315 626 2369 672 et
2395 617 2700 672 ebulliens:
2737 618 2844 673 illis
2878 634 3103 675 somnus
3143 622 3507 676 cessationem

1931 719 1986 766 ct
2017 710 2252 780 quietem
2286 725 2392 762 non
2421 709 2752 774 conciliabit,
2785 724 2890 764 non
2927 726 3032 763 nox
3076 711 3242 766 leniet
3279 720 3333 766 et
3366 713 3509 767 mulo

1930 801 2074 854 cebit
2098 800 2336 863 dolores,
2370 815 2476 852 non
2509 815 2657 854 mors
2685 800 2947 869 suppli'cia
2986 802 3176 857 solvet.
3215 801 3332 856 Non
3357 803 3508 872 juva-

1929 891 2010 946 bit
2057 893 2363 946 exhortatio
2402 891 2641 945 aﬂininm
2692 893 3142 959 intercessorum;
3195 911 3318 948 natn
3369 895 3504 964 justi

1926 1002 2035 1041 non
2077 987 2310 1055 amplius
2347 986 2414 1038 ab
2456 986 2565 1039 illis
2604 986 2954 1049 videbuntur,
2997 995 3051 1040 ct
3082 1002 3190 1041 non
3219 998 3346 1042 sunt
3384 988 3504 1043 illo-

1925 1095 2046 1134 rum
2082 1081 2344 1133 memoria
2397 1080 2565 1149 digni.
2601 1077 2712 1132 Soli
2745 1081 2888 1132 enim
2918 1080 3050 1148 justi
3083 1095 3304 1150 operum
3326 1080 3503 1150 justo-

1922 1188 2042 1227 rum
2076 1182 2238 1226 erunt
2273 1187 2562 1237 memores,
2607 1187 2701 1241 per
2741 1187 2862 1241 qua:
2905 1182 3263 1240 pervenerunt
3302 1172 3370 1227 ad
3415 1187 3505 1228 re-

1922 1280 2086 1334 gnum
2118 1263 2358 1328 coelestc,
2394 1265 2445 1316 in
2477 1279 2586 1332 quo
2621 1279 2720 1318 nec
2762 1279 3007 1329 somnus,
3056 1279 3155 1319 nec
3195 1265 3368 1327 dolor,
3401 1279 3504 1322 nec

1917 1353 2217 1422 corruptio,
2252 1368 2350 1407 nec
2380 1353 2705 1416 sollicitudo,
2755 1368 2854 1410 nec
2900 1370 3026 1419 nox,
3063 1370 3160 1409 nec
3207 1356 3323 1411 dies
3360 1366 3501 1410 tem-

1917 1459 2047 1513 pore
2077 1453 2413 1510 mensurata,
2465 1459 2566 1500 nec
2613 1445 2694 1499 sol
2753 1446 3078 1501 necessitate
3128 1447 3360 1516 quadam
3404 1463 3500 1516 per

1915 1536 2180 1591 circulum
2223 1537 2345 1591 οωιί
2387 1553 2612 1593 cursum
2645 1554 2804 1593 suum
2831 1539 3061 1609 agitans,
3090 1553 3194 1593 non
3232 1540 3374 1593 lunae
3399 1539 3499 1593 (ιο-

1913 1645 2107 1686 cursus
2138 1641 2192 1686 ct
2221 1632 2642 1697 incrementum,
2674 1647 2796 1702 qum
2823 1641 3122 1703 temporum
3170 1635 3498 1691 mutationes

1911 1724 2141 1790 inducit,
2178 1734 2231 1778 et
2267 1734 2463 1778 terram
2502 1725 2774 1779 madidam
2819 1727 3068 1780 reddens.
3118 1725 3234 1782 Non
3275 1727 3357 1782 sol
3403 1743 3496 1781 ar-

1911 1815 2068 1881 dens,
2122 1831 2230 1870 non
2271 1813 2407 1869 Ursa
2452 1815 2742 1880 versatilis,
2779 1832 2884 1870 non
2916 1814 3133 1871 Orionis
3175 1825 3346 1879 ortus,
3385 1830 3496 1872 non

1909 1920 2179 1962 astrorum
2205 1922 2421 1963 errores
2452 1909 2744 1970 innumeri,
2771 1925 2875 1964 non
2901 1909 3043 1962 invia
3080 1917 3242 1972 terra,
3274 1923 3380 1962 non
3411 1908 3497 1963 in-

1907 2008 2070 2054 ventu
2094 1997 2324 2053 dillicilis
2347 1999 2585 2068 paradisi
2604 2001 2748 2065 aula,
2777 2015 2882 2053 non
2908 2001 3169 2054 molestus
3195 1999 3362 2053 maris
3385 1998 3496 2054 fre-

1907 2090 2094 2154 mitus,
2130 2088 2451 2158 impediens,
2477 2090 2773 2158 quominus
2789 2105 2820 2144 a
2843 2099 3058 2144 vectore
3075 2090 3302 2160 pedibus
3318 2089 3494 2145 calce:-

1907 2181 2190 2250 tur;justis
2207 2180 2349 2233 enim
2368 2189 2422 2234 et
2435 2181 2607 2250 ipsum
2628 2181 2892 2250 pervium,
2907 2181 3120 2236 etiamsi
3142 2182 3365 2235 humido
3381 2197 3492 2235 non

1906 2273 2168 2343 privetur.
2206 2273 2415 2327 leum
2449 2290 2557 2328 non
2604 2274 2710 2328 erit
2754 2274 3094 2329 inaccessum
3151 2275 3486 2339 hominibus,

1904 2376 1958 2420 et
1988 2367 2096 2430 via,
2135 2382 2240 2436 qua
2277 2368 2496 2422 ascendi
2523 2377 2574 2422 et
2608 2368 2793 2421 scandi
2831 2367 3023 2437 possit,
3062 2382 3169 2420 non
3209 2367 3332 2420 talis
3363 2366 3491 2430 erit,

1901 2473 2024 2528 quae
2047 2474 2152 2512 non
2187 2459 2355 2528 possit
2380 2459 2628 2514 inveniri.
2661 2457 2779 2512 Non
2813 2469 2954 2513 terra
2985 2460 3134 2514 rudis
3174 2458 3486 2524 et‘inculta,

1903 2559 1954 2605 et
2003 2551 2314 2605 hominibus
2362 2551 2627 2618 laborem,
2675 2560 2731 2604 et
2779 2551 3082 2604 molestiam
3135 2565 3350 2612 creans,
3393 2549 3488 2605 sed

1901 2650 2094 2711 sponte
2132 2641 2343 2697 fructus
2384 2642 2767 2713 progeminans
2796 2643 2862 2696 ad
2885 2643 3092 2696 cultum
3123 2651 3177 2696 et
3206 2652 3485 2696 ornat-um.

1898 2731 2016 2786 Non
2061 2733 2268 2788 iterata:
2301 2733 2542 2788 ferarum
2585 2736 2984 2804 generationes,
3027 2749 3202 2804 neque
3251 2733 3484 2787 aliorum

1903 2826 2222 2879 animalium
2287 2826 2647 2880 eﬂ‘ervesccus
2711 2839 2765 2880 et
2818 2826 3086 2882 ebulliens
3140 2827 3481 2894 substantia;

1899 2919 2253 2986 nequeenim
2305 2919 2555 2973 homines
2610 2931 2740 2973 tunc
2802 2935 2994 2973 rursus
3044 2930 3324 2990 generant,
3389 2921 3483 2974 sed

1897 3018 2081 3062 manet
2114 3009 2482 3066 indesinenter
2521 3029 2783 3066 numerus
2825 3013 3097 3082 justorum
3147 3029 3269 3068 cum
3316 3013 3483 3080 justis

1895 3101 2121 3168 angelis,
2154 3111 2202 3154 et
2230 3103 2528 3171 spiritibus.
2556 3103 2651 3158 llis
2682 3104 2860 3157 verbis
2892 3105 3277 3173 obtemperate,
3308 3117 3358 3159 et
3392 3106 3482 3158 illa

1896 3193 2198 3258 credentes,
2230 3210 2263 3248 o
2314 3195 2597 3249 homines!
2650 3195 2804 3250 eritis
2844 3196 3119 3264 justorum
3170 3207 3478 3261 consortes,

1895 3294 1949 3341 et
1978 3285 2282 3340 futurorum
2313 3288 2579 3341 honorum
2610 3289 2915 3357 potiemiui,
2956 3303 3078 3357 qua:
3127 3304 3302 3357 neque
3343 3289 3481 3344 vidit

1894 3380 2107 3443 oculus,
2145 3395 2320 3449 neque
2363 3381 2512 3434 auris
2554 3381 2780 3442 audivit,
2812 3396 2988 3450 neque
3017 3383 3384 3436 ascenderunt
3422 3382 3477 3435 in

1893 3488 1990 3528 cor
2019 3474 2277 3538 hominis,
2307 3489 2428 3544 qua:
2462 3475 2785 3544 prmparavit
2823 3473 2963 3529 Deus
3001 3473 3068 3530 iis
3121 3477 3214 3544 qui
3245 3474 3478 3545 diligunt

1891 3567 2044 3621 illum
2071 3567 2136 3621 ὀ.
2175 3586 2193 3617 ι

1962 3657 2020 3710 ln
2058 3658 2196 3711 libro
2227 3666 2406 3710 autem
2440 3656 2515 3711 De
2543 3657 2887 3723 Anticltristo,
2921 3674 3075 3712 num.
3109 3657 3201 3718 65,
3246 3672 3311 3712 ex
3343 3656 3475 3713 Novi

1892 3758 1943 3800 et
1983 3747 2193 3801 Veteris
2250 3746 2585 3802 Testamenti
2632 3747 2913 3818 Scriptura
2948 3749 3142 3818 probat
3177 3748 3233 3803 S.
3273 3748 3476 3819 Hippo-

1890 3839 2033 3909 lytus
2070 3839 2524 3892 resurrectionem
2571 3841 2900 3908 generalem,
2935 3840 3154 3908 praemia
3185 3849 3239 3894 et
3267 3841 3477 3910 supplic

1888 3931 1967 3984 cia
2003 3931 2305 3984 hominum.
2341 3928 2579 3984 Numero
2621 3940 2800 3984 autem
2851 3932 2940 3995 6i,
2995 3933 3069 3986 ita
3125 3933 3192 3986 tle
3250 3933 3471 3988 interitu

1890 4023 2077 4075 mundi
2115 4022 2353 4090 loquitur
2387 4040 2399 4076 :
2439 4041 2456 4072 ‹
2499 4017 2595 4076 His
2629 4025 2810 4092 itaque
2855 4024 3055 4078 futuris
3213 4043 3231 4075 ι
3269 4039 3332 4079 ac
3355 4024 3471 4094 jam

1891 4114 2079 4167 mundi
2128 4114 2362 4168 universi
2409 4133 2428 4164 ς
2461 4125 2744 4184 appetente
2797 4117 3286 4182 consummatione,
3337 4116 3472 4185 quid

1890 4208 2156 4276 reliquum
2188 4217 2289 4272 est,
2324 4225 2487 4278 quam
2523 4219 2579 4262 ut
2622 4207 2883 4262 Dominus
2912 4218 2966 4262 et
3001 4209 3250 4262 Salvator
3284 4218 3471 4263 uoster

1882 4296 2041 4352 Jcsus
2093 4299 2343 4355 Christus
2391 4300 2534 4355 Deus
2586 4301 2638 4354 in
2693 4303 2847 4356 cmlis
2893 4313 3171 4372 appareat,
3205 4302 3261 4356 in
3305 4317 3469 4372 quem

1886 4391 2266 4458 speravimus?
2292 4393 2395 4458 Qui
2434 4395 3276 4465 conﬂagrationcm,justumque
3313 4395 3468 4465 judi-

1882 4483 2025 4536 cium
2059 4485 2274 4539 cunctis
2312 4485 2635 4541 inducturus
2667 4488 2756 4555 sit,
2803 4489 2894 4558 qui
2939 4489 2992 4542 in
3029 4504 3154 4543 eum
3189 4503 3469 4566 nonvcre-

1809 4579 1852 4632 D
1883 4577 2154 4630 diderunt.
2188 4595 2206 4627 ι

2419 4670 2820 4726 ΑΠΤΙΟΠΙᾸΙΞ
2859 4675 2926 4728 Χ.

2417 4779 2484 4816 DE
2527 4780 2908 4822 ANTICHRISTO.

1952 4868 2113 4942 Origo
2149 4874 2485 4930 Antichristi.
2521 4874 2654 4942 Ejus
2693 4893 2898 4932 nomen.
2929 4909 3001 4918 --
3032 4879 3142 4934 Pro
3162 4880 3339 4951 :hnjus
3369 4895 3463 4936 ca-

1877 4963 2003 5030 pitis
2059 4966 2316 5019 coronide
2379 4967 2626 5035 quanlam
2681 4968 2973 5025 aﬂ'eremus
3017 4971 3126 5025 divi
3189 4970 3463 5042 Hippolyti

1876 5053 1993 5108 loca
2022 5055 2166 5110 circa
2192 5057 2607 5112 Antichristum.
2644 5059 2979 5116 Nebulonem
3023 5063 3170 5117 hunc
3199 5079 3265 5116 ex
3317 5063 3462 5118 tri‘bu

1877 5144 1991 5199 Dan
2035 5148 2370 5202 nasciturum
2401 5151 2561 5207 docet
2587 5163 2811 5208 sanctus
2838 5155 2958 5225 .iste
3003 5155 3459 5227 episcopusfﬁl),

1880 5253 2146 5308 suamque
2213 5242 2536 5296 sententiam
2607 5246 2826 5300 tirmare
2893 5247 3076 5303 studet
3129 5249 3461 5302 auctoritate

2077 5378 2119 5408 ⁸⁸
2151 5376 2307 5434 Joan.
2353 5397 2404 5448 v,
2442 5381 2532 5436 ‘22.
2615 5384 2657 5416 ¹⁹
2687 5383 2793 5440 Isa.
2842 5403 2992 5457 unt,
3035 5389 3143 5457 εις
3175 5388 3341 5446 Marc.
3387 5410 3464 5461 ix,

1874 5582 2146 5649 Galland.,
2175 5595 2308 5641 tom.
2339 5587 2402 5650 ll,
2431 5591 2534 5646 col.
2574 5594 2698 5650 499.

1901 5655 2062 5746 ._-(.‘-’_9l_
2099 5656 2498 5746 S':_,,',',‘PP°'3"-v
2527 5667 2660 5746 3:1."-
2697 5665 2958 5746 σντεεοβε.
2978 5668 3278 5746 Platonem.
3310 5675 3460 5746 apud

1873 5723 2347 5812 ξίᾃιιι11”ί(”;ὶ,¹ξυιιιο-Ῑ,
2381 5723 2499 5812 pag.
2754 5739 2895 5807 apud
2919 5723 3377 5812 Gallandi

1872 5795 2012 5850 Bibl.
2059 5795 2192 5850 ΙΨ..
2221 5795 2579 5866 ῐηιιιιξδξουι.
2610 5806 2734 5860 455.

1943 5868 2054 5936 (21)
2086 5869 2141 5919 8.
2181 5868 2522 5943 Hippolytus,
2557 5876 2649 5930 lib.
2687 5877 2764 5932 De
2791 5881 3140 5953 Antio/arista,
3172 5901 3324 5940 num.
3363 5886 3446 5942 Η.
