3882 6504
444 373 551 430 375

1386 412 1389 413 ν
1430 372 1519 426 DE
1562 371 1722 426 VITA
1752 371 1839 427 ET
1882 371 2196 429 SCRIPTIS
2230 375 2290 430 S.
2327 372 2715 432 HIPPOLY'I'I.

3591 374 3689 429 576

446 487 876 558 Scripturarum,
911 497 964 543 et
1002 486 1270 559 praecipue
1315 489 1543 546 Genesis
1598 505 1718 560 cap.
1778 506 1928 557 ιιι»,
1975 507 2028 547 v:
2062 497 2108 552 Α
2136 490 2431 546 bitabunt?
2469 490 2635 547 Vana!
2665 507 2730 547 ac
2762 490 2982 547 inutiles
3018 491 3346 562 quaestiones
3391 501 3521 547 sunt
3558 491 3691 557 istae,

446 581 535 645 17,
579 592 634 635 et
656 579 905 637 Ieremia:
928 596 1047 650 cap.
1086 597 1208 646 vnt,
1237 597 1289 636 v.
1324 582 1411 637 16.
1446 581 1645 637 Verum
1682 582 1869 653 opinio
1906 583 2022 638 haac

444 674 512 728 ad
544 689 819 728 summum
847 682 906 728 ut
931 673 1161 743 simplex
1188 674 1505 745 conjectura
1546 673 1777 746 proferri
1813 685 2019 747 potest;

445 766 587 822 hanc
656 767 854 836 quippe
904 768 1178 832 retulisse,
1244 768 1512 825 refutasse
1554 778 1656 835 est,
1690 780 1750 825 ut
1793 770 2023 841 quilibet

443 856 612 924 probe
643 856 942 924 dignoscet,
971 858 1016 912 si
1050 859 1132 912 vel
1168 859 1356 914 leviter
1384 862 1716 931 perpendere
1750 863 1879 917 velit
1912 866 2020 917 duo

444 945 533 1000 illa
583 946 878 1017 Scriptum
909 951 1239 1017 testimonia,
1281 952 1481 1021 quibus
1521 952 1639 1022 ejus
1670 954 1876 1024 opinio,
1911 963 2022 1008 tota

442 1049 647 1108 quanta
680 1049 786 1106 est,
827 1042 1099 1098 innititur.
1134 1042 1324 1111 Quoad
1353 1045 1676 1101 Antichristi
1708 1060 1926 1112 nomen,
1959 1063 2021 1102 ea

441 1139 634 1187 sancto
664 1130 955 1206 Hippolyto
984 1137 1172 1206 opinio
1224 1138 1391 1206 stetit,
1443 1138 1550 1194 hoc
1596 1139 1868 1210 designari
1916 1140 2022 1195 illis

442 1223 800 1303 Apocalypsis
824 1228 1003 1283 verbis
1035 1229 1145 1300 (22)
1187 1249 1199 1284 :
1237 1229 1306 1283 Et
1336 1247 1583 1285 numerus
1632 1230 1746 1295 eius
1787 1234 2020 1287 sexcenti

440 1319 720 1388 sexaginta
749 1335 839 1373 sea:
862 1322 940 1388 “;
970 1332 1024 1376 et
1045 1323 1170 1377 licet
1190 1323 1417 1379 definire
1444 1328 1552 1380 no’n
1576 1326 1774 1381 audeat
1799 1336 2023 1382 sanctus

440 1412 752 1481 episcopus,
782 1413 1061 1483 quodnam
1103 1431 1299 1471 nomen
1343 1433 1407 1473 ex
1446 1417 1554 1473 hoc
1583 1434 1814 1475 numero
1844 1436 2023 1476 emer-

443 1519 570 1574 gere
595 1506 798 1573 possit,
828 1506 1183 1564 nihilominus
1204 1524 1271 1564 ex
1295 1510 1610 1580 conjectura
1632 1512 1886 1581 opinatur
1909 1512 2021 1582 (25)

441 1607 566 1668 post
597 1596 653 1653 S.
696 1596 982 1666 Irenzeum,
1018 1599 1371 1671 impostorem
1404 1601 1551 1657 hunc
1581 1601 1812 1658 fortasse
1842 1603 2025 1673 appel-

441 1690 542 1745 lari
574 1690 770 1746 debere
798 1691 903 1747 hoc
930 1693 1150 1747 nomine
1189 1710 1209 1748 ι
1248 1694 1406 1748 Τὶιαη
1440 1695 1558 1751 sive
1590 1694 1881 1760 Evantlms,
1909 1697 2023 1752 sive

448 1782 708 1848 Latinus;
738 1799 860 1853 quae
893 1785 1110 1860 quidem
1150 1786 1487 1857 conjectura,
1534 1801 1687 1857 aeque
1719 1802 1785 1842 ac
1824 1787 2020 1857 prima,

443 1873 616 1930 futilis
636 1884 737 1931 est.

519 1964 740 2035 Tempus
769 1966 1101 2023 Antia/tristi.
1130 1998 1199 2007 —
1220 1966 1338 2023 Non
1366 1983 1519 2039 teque
1549 1978 1728 2037 nutat,
1759 1969 1902 2041 quod
1924 1969 2024 2023 do-

444 2068 530 2113 cet
556 2059 696 2113 idem
730 2070 951 2115 sanctus
986 2070 1190 2132 martyr
1221 2060 1287 2115 de
1310 2071 1549 2130 tempore
1575 2062 1891 2117 Antichristi
1924 2062 2023 2117 ad—

443 2160 676 2219 ventus;
714 2152 870 2207 docet
915 2153 1115 2223 quippe
1146 2153 1259 2223 (24)
1298 2154 1443 2208 hunc
1502 2154 1808 2224 iniquitatis
1849 2156 2025 2209 virum

444 2243 499 2297 in
530 2246 634 2298 line
658 2245 845 2299 mundi
870 2256 1155 2301 venturum
1191 2262 1347 2313 esse;
1385 2247 1532 2316 quod
1569 2256 1622 2301 et
1664 2247 2028 2303 communiter

440 2336 600 2390 docet
630 2335 889 2392 Ecclesia.
918 2337 1185 2393 Caeterum
1216 2355 1323 2393 non
1353 2338 1440 2392 ille
1478 2354 1599 2394 sum
1640 2354 1741 2409 ego
1764 2377 1778 2401 ,
1808 2338 1901 2408 qui
1934 2354 2027 2393 as-

444 2429 633 2483 sentiri
664 2432 870 2500 possim
899 2431 959 2485 D.
1002 2430 1291 2503 Hippolyto
1324 2432 1573 2502 quaedam
1605 2430 1898 2501 Scripturte
1950 2441 2028 2486 te-

443 2525 705 2580 stimonia
741 2528 807 2582 de
839 2528 1068 2597 praeciso
1100 2528 1425 2583 Antichristi
1478 2527 1713 2581 adventu
1764 2527 2029 2596 interpre-

442 2617 618 2683 tanti;
644 2618 811 2672 veluti
841 2635 965 2674 cum
1006 2619 1081 2673 ait
1112 2619 1262 2688 (25),
1295 2618 1694 2674 Antichristum
1740 2604 2027 2673 venturum

442 2708 499 2762 in
518 2719 799 2779 postrema
850 2712 1193 2781 septuaginta
1238 2710 1701 2766 hebdomadarum
1746 2709 2025 2764 Danielis:

443 2808 659 2855 constat
698 2800 842 2854 enim
867 2840 881 2863 ,
919 2810 980 2853 ut
1015 2799 1143 2852 alibi
1166 2798 1279 2869 jam
1320 2798 1586 2861 vidimus,
1633 2796 2026 2851 hebdomadam

444 2892 587 2946 hanc
617 2892 778 2946 finem
807 2892 1065 2947 habuisse
1089 2893 1141 2946 in
1166 2892 1343 2962 primo
1369 2891 1500 2947 Iesu
1533 2890 1739 2946 Christi
1771 2890 2025 2952 adventu,

441 2999 556 3054 quo
607 2995 827 3055 peracto
883 2985 1311 3042 circumstantia:
1380 2999 1571 3039 omnes
1619 2981 2031 3037 notabilissimae

444 3074 682 3144 impleta:
706 3084 855 3140 sunt,
874 3091 1008 3146 quas
1032 3073 1241 3144 impleri
1270 3074 1466 3129 debere
1493 3073 1545 3126 in
1572 3072 1662 3127 illa
1692 3072 2028 3126 hebdomada

446 3163 744 3236 Scriptura:
771 3167 1173 3221 nuntiaverant.
1204 3162 1417 3220 Extunc
1440 3163 1640 3234 quippe
1671 3161 1802 3217 urbs
1827 3161 2026 3231 inclyta

2123 600 2353 655 quarum
2378 594 2581 640 certam
2605 585 2930 641 solutionem
2957 585 3124 640 latere
3146 601 3246 641 nos
3268 586 3439 641 voluit
3462 584 3694 656 Spit-itus

2122 683 2365 740 sanctus,
2412 676 2573 730 sicuti
2617 684 2672 729 et
2702 674 3122 731 determinatum
3158 683 3371 746 tempus
3437 693 3549 747 quo
3579 694 3695 733 om-

2122 764 2211 818 nia
2241 765 2797 833 consummabuntur;
2829 765 2975 835 quod
3006 774 3218 835 tempus
3240 765 3599 822 nihilominus
3630 766 3695 821 ad

2122 857 2327 911 exitum
2355 857 2491 912 sexti
2520 858 2808 912 millenarii
2842 857 2910 912 ab
2938 858 3128 914 eodem
3161 856 3219 912 S.
3251 856 3542 930 Hippolyto
3562 876 3698 929 prat-

2122 948 2321 1017 tigitur.
2372 949 2449 1004 Ex
2478 951 2676 1020 quibus
2707 965 2837 1005 sane
2858 951 3223 1020 peculiaribus
3257 950 3367 1005 divi
3423 949 3695 1024 Hippolyti

2121 1038 2470 1106 Opinionibus
2506 1040 2672 1109 probe
2700 1040 3058 1110 conjicimus,
3105 1058 3226 1097 cum
3265 1040 3319 1095 in
3374 1045 3697 1112 exponendo

2122 1129 2338 1185 litterali
2370 1132 2773 1202 Scripturarum
2826 1148 2993 1189 sensu
3028 1150 3219 1205 parum
3266 1136 3562 1191 admodum
3612 1151 3697 1191 ex-

2122 1223 2397 1279 celluisse.

2192 1312 2534 1367 Characteres
2606 1314 2939 1368 Antichristi.
2994 1346 3066 1357 —
3110 1316 3471 1373 Felicioribus
3516 1316 3696 1372 ventis

2122 1420 2272 1459 mare
2314 1405 2459 1459 istud
2514 1407 2786 1475 enavigat,
2838 1423 2963 1463 cum
2993 1407 3151 1463 docet
3198 1408 3311 1480 (27)
3356 1409 3699 1464 seductorem

2122 1496 2290 1562 hunc,
2327 1509 2386 1552 ut
2409 1497 2624 1554 facilius
2654 1498 2905 1555 homines
2938 1500 3200 1571 decipiat,
3236 1512 3526 1556 venturum
3581 1517 3702 1557 esse

2122 1589 2447 1658 quibusdam
2484 1591 2631 1646 notis
2650 1606 2713 1646 ac
2741 1590 2912 1661 signis
2929 1592 3272 1660 distinctum,
3299 1609 3421 1664 qua:
3444 1593 3499 1649 in
3529 1593 3700 1649 sacris

2122 1679 2316 1735 litteris
2336 1679 2704 1737 JesuChristo
2737 1682 3088 1751 tribuuntur;
3140 1683 3396 1739 seductor
3432 1683 3605 1751 enim,
3645 1692 3703 1738 ut

2123 1771 2199 1824 ait
2222 1780 2442 1828 sanctus
2473 1771 2812 1843 Hippolytus,
2841 1790 2938 1844 per
2963 1775 3146 1830 omnia
3172 1775 3367 1830 similis
3389 1776 3560 1831 videri
3587 1776 3705 1833 vult

2050 1863 2097 1923 B
2127 1865 2262 1920 Filio
2287 1864 2404 1921 Dei.
2440 1884 2459 1918 ι
2502 1865 2612 1920 Leo
2645 1868 2862 1937 quidem
2898 1866 3151 1924 Christus
3174 1910 3189 1936 ,
3226 1885 3292 1924 ex
3327 1869 3501 1925 sacris
3550 1868 3703 1925 Scri-

2126 1959 2332 2029 pluris;
2382 1966 2435 2013 et
2481 1974 2546 2013 ex
2596 1959 2789 2015 iisdem
2828 1958 3125 2030 Scripturis
3169 1961 3255 2017 leo
3306 1960 3701 2019 Antichristus.

2128 2051 2242 2105 Rex
2290 2050 2574 2119 Christus;
2631 2066 2695 2105 ac
2729 2066 2824 2107 rex
2872 2051 3259 2108 Antichristus.
3296 2052 3585 2110 Exhibitus
3623 2064 3706 2110 est

2130 2139 2379 2195 Salvator
2408 2152 2468 2195 ut
2499 2155 2708 2209 agnus;
2760 2142 2877 2212 ipse
2920 2158 3137 2213 quoque
3169 2145 3375 2214 pariter
3415 2154 3476 2200 ut
3528 2160 3704 2217 agnus

2128 2232 2428 2301 apparebit.
2457 2232 2605 2288 Misit
2651 2232 2913 2289 Dominus
2946 2236 3220 2304 apostolos
3257 2236 3311 2290 in
3337 2252 3529 2292 omnes
3574 2253 3708 2308 get.-

2131 2335 2247 2391 tes;
2283 2326 2457 2380 mittet
2479 2334 2533 2380 et
2556 2326 2670 2396 ipse
2705 2328 2927 2396 perinde
2972 2328 3479 2399 pseudoapostolos.
3557 2328 3708 2384 Con-

2130 2416 2369 2488 gregavit
2416 2415 2666 2471 Salvator
2694 2432 2822 2472 oves
2849 2457 2864 2481 ,
2896 2434 3018 2488 quae
3054 2418 3316 2488 dispersae
3344 2429 3538 2485 erant;
3588 2419 3705 2489 ipse

2130 2522 2347 2576 quoque
2371 2507 2570 2577 pariter
2600 2507 2859 2577 populum
2891 2508 3260 2579 congregabit,
3297 2508 3390 2578 qui
3422 2508 3707 2578 dispersus

2130 2606 2231 2650 est.
2267 2595 2420 2651 Dedit
2454 2596 2719 2651 Dominus
2750 2595 2998 2651 fidelibus
3032 2597 3147 2652 suis
3182 2597 3562 2668 signaculum;
3590 2600 3706 2670 ipse

2132 2702 2349 2757 quoque
2375 2687 2625 2741 similiter
2658 2687 2824 2742 dabit.
2863 2687 3129 2756 Apparuit
3164 2688 3411 2743 Salvator
3462 2689 3708 2745 hominis

2134 2779 2357 2846 habitu;
2387 2780 2501 2850 ipse
2526 2795 2743 2850 quoque
2771 2780 2825 2834 in
2857 2780 3097 2835 hominis
3131 2782 3318 2837 habitu
3350 2783 3558 2838 veniet.
3601 2783 3708 2838 Ex-

2133 2872 2319 2927 citavit
2349 2870 2616 2939 Salvator,
2648 2889 2711 2928 ac
2735 2884 2981 2929 sanctam
3020 2874 3241 2929 domum
3288 2891 3444 2930 suam
3481 2885 3543 2930 ut
3570 2887 3709 2931 tem-

2133 2964 2280 3034 plum
2303 2964 2463 3031 fecit;
2503 2966 2620 3034 ipse
2647 2964 2832 3019 itidem
2866 2966 3126 3035 templum
3161 2965 3431 3036 lapidibus
3452 2977 3710 3023 constru~

2133 3065 2278 3109 ctum
2312 3053 2700 3125 Hierosolymis
2750 3056 3029 3110 excitabit.
3078 3074 3097 3109 ι
3134 3054 3198 3109 Hi
3235 3065 3399 3123 sunt,
3430 3056 3591 3126 juxta
3650 3055 3705 3110 S.

2134 3145 2503 3218 Hippolytum,
2532 3147 2875 3202 characteres
2907 3148 3000 3218 qui
3036 3147 3091 3203 in
3120 3148 3353 3218 speciem
3375 3146 3509 3203 Iesu
3546 3147 3709 3203 Chri-

442 3253 744 3311 Jerusalem
771 3256 1047 3311 destructa
1071 3254 1197 3322 fuit,
1226 3255 1484 3325 templum
1529 3267 1803 3316 eversum,
1850 3250 2024 3307 sacri-

2132 3246 2219 3291 sto
2245 3245 2296 3291 et
2329 3236 2663 3291 Antichristo
2709 3251 3030 3293 communes
3065 3247 3257 3305 erunt;
3314 3238 3518 3308 quibus
3560 3238 3707 3293 aliud

443 3350 629 3404 ficium
653 3351 937 3413 abolitum,
961 3350 1297 3405 abominatio
1319 3346 1673 3403 desolationis
1702 3346 1803 3401 fuit
1831 3345 1884 3400 in
1906 3345 2027 3400 loco

446 3452 681 3509 sancto;
709 3443 1169 3512 quemadmodum
1192 3441 1560 3497 ecclesiastica
1583 3450 1770 3494 narrat
1796 3438 2023 3493 historia

446 3549 518 3588 ex
572 3533 678 3588 tide
732 3534 975 3603 ipsorum
1031 3531 1405 3597 Hebraeorum,
1460 3531 1585 3601 qui,
1620 3544 1745 3583 cum
1792 3528 2027 3599 propriis

447 3622 624 3679 oculis
655 3622 996 3679 calamitates
1030 3622 1152 3679 illas
1179 3620 1615 3692 conspexissent,
1662 3619 1856 3674 litteris
1895 3635 2027 3674 con-

445 3716 750 3786 signarunt.

520 3806 703 3861 Enach
729 3817 775 3862 et
803 3806 983 3862 Elius.
1012 3838 1082 3848 —
1106 3807 1217 3862 Nec
1239 3810 1378 3862 ultra
1413 3808 1737 3877 conjecturae
1775 3805 1908 3860 fines
1933 3820 2027 3858 va-

447 3905 608 3968 gatur
628 3898 795 3953 altera
825 3900 940 3956 haec
970 3901 1027 3954 S.
1054 3898 1326 3969 Hippolyti
1352 3899 1535 3968 opinio
1560 3897 1671 3968 (26)
1696 3915 1709 3963 ;
1742 3895 2024 3950 Enochum

448 3989 658 4045 scilicet
687 3999 740 4045 et
773 3989 945 4045 Etiam
980 3991 1274 4061 prophetas
1304 4005 1400 4060 per
1425 3989 1708 4044 dimidium
1741 3994 2027 4057 septuage-

448 4082 604 4136 sima:
623 4081 975 4138 hebdomadas
995 4092 1331 4153 pugnaturos
1365 4097 1486 4136 cum
1517 4079 1887 4145 Antichristo;
1927 4093 2026 4132 nec

448 4183 559 4223 non
613 4169 989 4241 insumpturos
1027 4173 1081 4226 in
1131 4173 1513 4242 praedicatione
1546 4190 1563 4222 ι
1602 4170 1686 4226 his
1726 4170 1893 4235 mille,
1942 4169 2024 4223 bis

448 4269 671 4314 centum
711 4264 989 4332 sexaginta
1021 4264 1167 4329 dies;
1207 4284 1223 4317 ι
1259 4265 1402 4333 quod
1433 4279 1586 4333 aeque
1624 4264 1889 4316 incertum
1919 4271 2020 4316 est.

450 4347 636 4404 Enoch
664 4360 718 4405 et
739 4351 884 4407 Elias
908 4354 1245 4422 apparebunt
1276 4355 1463 4424 utique
1491 4352 1810 4407 Antichristi
1842 4361 2020 4416 aetate,

447 4438 699 4495 homines
722 4442 786 4496 ad
821 4444 1193 4512 paenitentiam
1219 4445 1586 4509 cohortantes,
1637 4443 1793 4497 sicuti
1833 4442 2019 4497 eodem

449 4531 572 4586 loco
604 4543 790 4588 noster
819 4535 909 4590 hic
932 4546 1122 4591 auctor
1149 4540 1326 4592 docet.
1355 4536 1577 4600 Verum,
1609 4550 1845 4604 quonam
1886 4548 2024 4604 prae-

448 4624 562 4681 cise
593 4634 834 4695 tempore
863 4630 1240 4699 apparebunt?
1267 4630 1411 4697 Quot
1442 4630 1634 4684 diebus
1675 4639 1879 4683 terram
1921 4629 2021 4681 ha-

518 4744 563 4777 ³⁸
598 4744 769 4816 Apoc.
799 4763 923 4814 xm,
948 4750 1033 4803 Η.

519 4863 635 4937 (22)
675 4864 735 4937 _S_.
770 4864 1043 4937 Hippolyt.
1068 4870 1162 4923 lib.
1199 4869 1277 4923 De
1308 4871 1460 4937 Ant.,
1490 4886 1643 4926 num.
1666 4871 1755 4925 48.

518 4934 633 5003 (ea)
673 4933 996 5003 ιιιθιηξίῡέιῐ.

519 5004 633 5143 (24)
676 5003 844 5073 Idem,
876 5008 1031 5073 ibid.,
1059 5025 1211 5063 num.
1238 5010 1324 5065 I9.

544 5074 635 5143 25)
676 5073 822 5130 Idem
856 5118 871 5143 ,
904 5079 1070 5143 ibid.,
1098 5096 1251 5134 num.
1304 5081 1324 5134 Δ

544 5074 635 5144 25)
676 5073 822 5153 Idem
856 5118 871 5143 ,
904 5079 1070 5153 ibid.,
1098 5081 1377 5153 num._43
1429 5091 1484 5137 et
1532 5099 1686 5152 seqq.
1771 5083 2020 5153 Captatio

448 5142 565 5223 haec
584 5142 718 5199 certi
741 5142 1007 5223 temporis
1035 5142 1381 5223 Antichristi,
1414 5163 1474 5207 ut
1505 5163 1558 5209 et
1584 5142 1785 5208 Christi
1826 5142 1890 5209 a'd
1933 5154 2022 5223 ju-

448 5211 654 5293 dicium
683 5211 1472 5293 vgtturi,_omnino_cavenda,
1514 5224 1660 5293 quod
1695 5238 1859 5293 nosse
1908 5211 2023 5279 haec

448 5285 709 5341 mortales
733 5284 1076 5347 Providentia
1104 5291 1360 5348 noluerit.
1395 5284 1671 5350 Videndus
1702 5293 1761 5348 S.
1787 5292 2027 5366 Chryso-

2133 3328 2380 3398 adjungit
2402 3328 2537 3400 (28),
2571 3344 2680 3384 non
2711 3344 2862 3400 aeque
2879 3339 3087 3385 certum
3108 3349 3124 3399 ;
3149 3331 3295 3402 quod
3322 3331 3555 3397 scilicet,
3580 3347 3707 3388 cum

2136 3418 2383 3475 Salvator
2410 3422 2619 3476 venerit
2652 3422 2707 3477 in
2740 3422 3158 3480 circumcisione
3190 3424 3550 3497 immundum
3570 3467 3586 3495 ,
3618 3440 3709 3480 ve-

2126 3516 2238 3568 niet
2258 3523 2311 3569 et
2338 3513 2427 3569 ille
2449 3514 2721 3571 similiter.

2196 3611 2312 3668 Hoc
2340 3623 2522 3668 autem
2563 3622 2723 3683 pacto
2761 3630 2791 3670 a
2824 3629 2955 3670 vero
2977 3613 3199 3672 Christo
3246 3613 3460 3671 secerni
3507 3614 3710 3686 poterit

2126 3704 2379 3759 seductor
2410 3704 2535 3760 ille:
2582 3705 2687 3759 erit
2729 3705 2931 3776 quippe
2980 3705 3237 3777 politicus
3271 3714 3565 3777 tyrannus,
3610 3705 3707 3776 qui

2127 3796 2370 3850 omnium
2411 3805 2805 3852 tormentorum
2839 3796 2952 3871 (29)
2981 3813 3175 3869 genere
3205 3798 3607 3853 animadvertat
3652 3798 3707 3851 in

2125 3905 2239 3954 eos,
2269 3889 2361 3959 qui
2389 3889 2535 3945 illius
2566 3889 2874 3944 doctrinam
2918 3891 3115 3946 sectari
3147 3891 3425 3959 abnuant;
3477 3890 3711 3961 insuper

2125 3979 2277 4035 falsis
2306 3981 2764 4051 promissionihus
2791 3982 3009 4037 allicere
3024 3982 3285 4048 tentabit;
3310 3998 3405 4053 per
3429 3998 3710 4038 summam

2125 4073 2490 4142 arrogantiam
2525 4072 2737 4127 divinos
2765 4073 3004 4129 honores
3030 4076 3283 4143 exquiret
3321 4074 3475 4145 (ωδε
3538 4090 3709 4145 quem

2125 4162 2339 4216 tandem
2372 4160 2635 4217 Dominus
2665 4164 2993 4228 humiliabit,
3023 4174 3075 4218 et
3111 4178 3327 4233 poenam
3372 4163 3582 4234 iuﬂiget
3618 4165 3710 4219 ni-

2124 4256 2247 4309 miae
2278 4254 2421 4323 illius
2460 4255 2729 4323 superbiae
2769 4255 3032 4310 debitam.
3084 4254 3242 4310 Jesus
3279 4255 3535 4310 Christus
3580 4270 3708 4310 eum

2138 4346 2526 4400 exterminahit
2547 4347 2736 4415 spiritu
2766 4347 2879 4401 oris
2922 4349 3004 4401 sui
3034 4346 3184 4419 (5|);
3224 4355 3277 4401 et
3321 4346 3580 4415 deinceps
3618 4361 3711 4400 ve-

2124 4438 2235 4492 niet
2256 4438 2500 4507 judicare
2527 4453 2719 4492 omnes
2745 4438 3014 4493 homines.
3045 4437 3169 4493 Haec
3195 4448 3323 4492 sunt
3348 4438 3703 4503 notabiliora,

2124 4545 2246 4600 qua:
2274 4530 2327 4583 in
2363 4529 2486 4583 divo
2519 4527 2804 4601 Hippolyto
2837 4531 3017 4601 quoad
3059 4531 3253 4600 dogma
3286 4530 3701 4600 deprehendere

2126 4621 2297 4693 potui.

2056 4868 2101 4924 D
2133 4874 2366 4927 stomus,
2421 4862 2610 4917 homil.
2642 4862 2678 4915 2
2725 4862 2846 4934 adv.
2885 4860 3122 4930 Iudaeos,
3152 4871 3205 4918 et
3234 4860 3604 4934 Hieronymus
3650 4860 3705 4915 in

2130 4935 2368 4989 Danielis
2394 4949 2471 4995 ιχ,
2510 4934 2710 5001 aliique
2742 4933 2961 4987 ibidem.

2192 5005 2306 5076 (26)
2436 5000 2735 5076 Hippolyta
2772 5003 2868 5057 lib.
2904 5002 2977 5076 De
3015 5002 3362 5071 Antichristo,
3382 5016 3538 5057 num.
3570 5000 3657 5057 ιδ.

2188 5074 2301 5148 (27)
2340 5075 2505 5148 Idem,
2542 5074 2705 5148 i_hid_.,
2753 5090 2905 5127 num.
2946 5074 2979 5148 εἰ
3026 5083 3079 5128 et
3110 5089 3261 5144 seqq.

2219 5143 2310 5215 28)
2350 5145 2514 5215 Idem,
2550 5144 2706 5211 ibid.,
2743 5143 2994 5215 num.A6.

2217 5212 2308 5283 29)
2349 5213 2517 5281 Idem,
2545 5215 2582 5269 ι.
2611 5230 2687 5281 c.,
2719 5231 2870 5269 num.
2905 5212 2995 5269 25.

2249 5288 2303 5356 0)
2342 5284 2507 5356 Idem,
2536 5285 2574 5356 ι.
2598 5301 2671 5350 c.,
2694 5301 2847 5339 num.
2885 5284 2955 5338 52
2978 5294 3221 5356 θιίεεξιια.

2215 5352 2304 5429 31)
2344 5355 2513 5424 Idem,
2536 5355 2573 5410 ι.
2601 5372 2673 5425 c.,
2696 5373 2849 5413 num.
2872 5356 2943 5413 65
2963 5364 3016 5412 et
3039 5355 3083 5410 ll
3112 5352 3359 5409 Thessal.
3393 5369 3456 5420 ll,
3483 5352 3533 5409 Ι.
