3882 6520
140 398 231 455 377
1105 399 1196 456 DE
1238 399 1401 458 VITA
1439 398 1530 456 ΕΤ
1566 396 1719 457 SCR]

1829 396 1884 454 lS
1916 398 1986 454 -S.
2037 396 2427 455 HlPPOLY'l'l.
2446 454 2449 459 .

788 798 1455 862 OBSERVATIONES
1509 793 1895 858 MOBALES
1930 798 2033 858 ET
2089 800 2722 863 DlSClPLINARES.

688 923 1088 980 ARTICULUS
1144 924 1185 981 Ι.

545 1032 749 1071 PUNCTA
787 1033 1020 1073 HORALIA
1055 1033 1307 1082 ουευλιι.

206 1105 378 1161 Caute
408 1124 472 1161 ac
518 1126 637 1162 cum
671 1120 810 1163 metu
844 1112 1087 1165 veritates
1129 1110 1399 1181 religionis
1447 1109 1720 1164 tradenda:

140 1209 278 1252 sunt.
313 1227 390 1239 —-
416 1198 653 1255 Sanctus
683 1209 869 1256 noster
893 1202 1185 1271 episc0pus
1210 1202 1366 1255 initio
1405 1202 1489 1255 sui
1525 1210 1724 1256 tracta-

142 1300 227 1344 tus
290 1289 369 1344 De
425 1292 755 1346 Antichrin
802 1293 1089 1348 lectionem
1140 1293 1342 1363 prmbet
1384 1293 1451 1347 iis
1506 1309 1720 1349 summe

139 1384 531 1446 necessariam,
562 1385 762 1454 quibus
786 1384 930 1441 Deus
968 1385 1206 1439 indolem
1236 1401 1300 1440 ac
1347 1386 1526 1441 dotem
1561 1396 1719 1441 caete.

137 1490 225 1530 ros
248 1474 485 1529 docendi
517 1476 743 1547 largitus
769 1487 871 1532 est.
897 1476 956 1532 In
983 1493 1049 1533 eo
1078 1477 1253 1548 posita
1280 1487 1460 1533 autem
1492 1488 1575 1533 est
1605 1479 1721 1535 haac

136 1568 295 1623 lectio
322 1569 464 1639 (52),
507 1570 655 1641 quod
696 1571 903 1627 scilicet
945 1570 1226 1641 religionis
1258 1571 1516 1626 veritates
1562 1570 1720 1626 facile

135 1678 244 1717 non
294 1663 521 1717 tradant
562 1663 658 1730 iis,
691 1663 784 1735 qui
814 1665 881 1720 ad
921 1665 1237 1721 earumdem
1277 1666 1508 1720 abusum
1562 1666 1718 1735 proni

135 1762 262 1807 sunt
291 1768 357 1806 ac
388 1751 665 1823 dispositi,
712 1756 807 1809 sed
850 1754 955 1824 piis
992 1754 1337 1810 solummodo
1377 1756 1715 1825 hominibus,

134 1846 225 1915 qui
256 1845 311 1898 in
359 1844 559 1900 timore
604 1846 699 1900 Dei
746 1846 957 1912 vivunt,
989 1847 1041 1901 in
1072 1848 1360 1902 sanctitate
1394 1856 1448 1903 et
1483 1848 1713 1911 iustitia.

136 1941 210 1993 llli
248 1940 381 2010 ipsi,
414 1940 509 2009 qui
541 1940 758 2003 docent,
783 1940 979 1995 docere
1004 1940 1203 1995 debent
1228 1955 1351 1996 cum
1392 1951 1571 2006 metu,
1619 1956 1720 1996 nec

135 2032 377 2087 coelestia
402 2032 585 2101 eloqui
627 2031 847 2097 debent,
881 2031 989 2087 nisi
1028 2032 1270 2087 eharitas
1314 2040 1506 2102 urgeat
1542 2050 1555 2087 :
1590 2031 1720 2087 hinc

138 2123 247 2191 ipse
279 2122 530 2193 gentium
570 2122 866 2193 Apostolus
893 2137 1015 2178 cum
1045 2136 1191 2178 metu
1216 2134 1268 2178 et
1308 2132 1467 2180 caute
1500 2124 1567 2179 de
1602 2140 1718 2195 my-

136 2216 316 2269 steriis
361 2215 490 2269 fidei
554 2216 915 2285 loquebatur;
970 2216 1097 2286 quia
1131 2231 1253 2271 cum
1287 2226 1415 2272 tunc
1458 2218 1718 2287 temporis

1752 920 1799 979 Δ
1828 924 2106 981 attendere
2132 926 2389 981 deberent
2424 926 2664 982 haeretici
2690 925 2861 981 nostri
2895 924 3057 996 hujus
3082 924 3406 992 saeculi,nee

1823 1030 1931 1069 non
1970 1017 2126 1071 multi
2162 1018 2255 1088 qui
2295 1018 2433 1071 inter
2457 1019 2771 1076 Catholicos
2807 1017 2947 1071 male
2980 1017 3193 1073 vivunt.

1896 1107 2029 1162 Cum
2061 1110 2123 1162 de
2170 1111 2436 1180 mysteriis
2471 1112 2670 1180 agitur,
2706 1111 2967 1163 curiosius
2998 1127 3100 1163 non
3136 1110 3404 1181 inquiren-

1820 1198 2197 1255 dum—Nec
2225 1202 2454 1257 minoris
2500 1208 2583 1256 est
2632 1202 2880 1256 utilitatis
2940 1202 2994 1255 id
3060 1201 3204 1271 quod
3249 1202 3407 1255 docet

1820 1291 1927 1346 alio
1956 1291 2075 1347 loco
2099 1292 2239 1346 idem
2268 1291 2327 1346 S.
2365 1292 2690 1362 Hippolytus
2724 1292 2835 1364 (34)
2872 1311 2883 1345 :
2924 1292 3151 1358 scilicet,
3179 1307 3301 1346 eum
3335 1290 3403 1345 de

1818 1383 2094 1455 mysteriis
2116 1383 2317 1454 agitur.
2339 1384 2612 1439 curiosius
2635 1400 2741 1440 non
2775 1384 3182 1454 inquirendum.
3202 1382 3402 1436 Exem-

1817 1473 1968 1544 plum
1998 1472 2343 1543 proieramus
2374 1474 2442 1529 ab
2466 1476 2655 1529 eodem
2688 1485 3026 1545 excerptum,
3050 1474 3197 1545 quod
3225 1483 3309 1529 est
3333 1474 3402 1529 de

1818 1566 2167 1635 generatione
2205 1566 2369 1621 Verbi
2408 1586 2423 1622 :
2461 1565 2598 1622 «Sed
2632 1568 2774 1622 dicet
2802 1568 2931 1621 mihi
2968 1567 3168 1638 aliquis
3201 1567 3405 1639 (verba

1818 1666 1947 1712 sunt
1997 1657 2055 1713 S.
2114 1657 2473 1731 Hippolyti):
2526 1659 2815 1725 Quomodo
2880 1657 3118 1713 Verbum
3159 1660 3401 1730 genitum
3485 1666 3497 1676 ‘

1817 1751 1934 1805 est?
1968 1749 2397 1821 Explicationem
2450 1751 2613 1822 hujus
2666 1751 2907 1824 mysterii
2944 1753 3221 1822 quomodo
3266 1752 3403 1823 petis

1820 1852 1900 1908 tu,
1922 1844 2014 1913 qui
2052 1843 2275 1898 modum
2295 1844 2662 1913 generationis
2690 1843 2943 1897 humanae
2968 1860 3075 1899 non
3106 1852 3260 1915 potes
3278 1860 3405 1913 pcr-

1819 1934 1961 1991 fecte
1991 1936 2222 1991 efferre?
2265 1935 2383 1991 Non
2423 1938 2556 1992 satis
2588 1945 2673 1991 est
2713 1938 2809 1991 tibi
2859 1938 2999 1993 scire
3074 1938 3219 2007 quod
3261 1936 3407 1991 Deus

1818 2029 2083 2083 mundum
2118 2030 2382 2093 condidit,
2414 2028 2519 2084 nisi
2556 2029 2759 2085 audeas
2800 2030 3078 2101 inquirere
3128 2030 3405 2100 quomodo

1820 2120 2099 2176 condidit?
2153 2119 2271 2175 Non
2328 2121 2527 2177 sullieit
2572 2122 2669 2177 tibi
2712 2136 3063 2193 cognoscere,
3110 2122 3258 2192 quod
3310 2119 3406 2174 Fi-
3502 2112 3521 2131 ⁴

1820 2215 1927 2269 lius
1987 2213 2081 2268 Dei
2131 2214 2226 2269 tibi
2276 2214 2528 2283 apparuit
2579 2214 2645 2267 ad
2694 2213 2967 2278 salutem,
3024 2211 3070 2267 si
3124 2220 3303 2265 tamen
3351 2208 3406 2264 id

138 2321 231 2360 nec
262 2321 463 2361 omnes
510 2307 762 2362 homines
815 2308 1133 2374 crederent,
1166 2325 1265 2364 nec
1300 2309 1396 2363 toti
1448 2318 1714 2363 terrarum
1749 2276 1793 2335 Β
1821 2306 2037 2373 credis;
2072 2306 2164 2362 sed
2192 2306 2411 2376 insuper
2436 2306 2711 2375 quomodo
2743 2305 2959 2376 genitus
2988 2312 3073 2358 est
3099 2302 3402 2357 secundum

138 2400 251 2453 orbi
293 2398 434 2453 fides
472 2399 844 2466 illucesceret,
886 2399 1035 2469 justa
1064 2400 1374 2457 formidinis
1420 2417 1586 2456 causa
1640 2402 1716 2457 illi

140 2504 241 2541 non
265 2489 479 2556 deerat,
511 2488 625 2544 fore
658 2490 847 2544 uthzec
878 2491 1133 2562 mysteria
1166 2492 1404 2562 indignis
1430 2501 1482 2547 et
1508 2493 1573 2547 ad
1596 2509 1722 2549 eon-

54 2636 55 2645 ,
141 2591 400 2652 templum
438 2599 653 2638 summe
680 2584 965 2654 dispositis
1013 2585 1449 2652 innotescerent;
1490 2586 1721 2657 ideoque

140 2672 427 2730 Timotheo
467 2675 738 2745 discipulo
793 2691 894 2730 suo
934 2676 1098 2730 etiam
1144 2684 1307 2746 atque
1347 2677 1513 2732 etiam
1565 2694 1718 2733 eom-

141 2766 377 2831 mendat,
416 2773 475 2819 ut
510 2780 616 2819 non
658 2766 835 2820 tradat
864 2766 1122 2821 veritates
1148 2782 1179 2821 a
1216 2782 1274 2821 se.
1299 2768 1409 2838 jam
1443 2780 1716 2839 acceptas,

142 2857 237 2910 nisi
260 2858 369 2927 piis
403 2872 467 2912 ac
496 2858 769 2930 religiosis
795 2859 949 2923 vir-is,
977 2860 1069 2930 qui
1093 2862 1230 2917 alios
1252 2862 1467 2931 possint
1499 2864 1716 2917 easdem

140 2951 389 3004 veritates
439 2949 657 3005 docere.
710 2968 731 3003 ι
770 2950 909 3006 Cum
959 2952 1125 3024 igitur
1167 2953 1358 3009 beatus
1402 2952 1717 3025 Apostolus,

147 3040 427 3113 subjungit
445 3039 503 3094 S.
526 3038 866 3112 Hippolytus,
891 3043 1007 3098 haec
1029 3052 1263 3100 eauteae
1282 3059 1406 3098 cum
1438 3054 1584 3098 metu
1610 3052 1721 3097 tra-

147 3132 309 3197 deret,
464 3133 657 3187 videns
678 3133 886 3189 scilicet
909 3134 1126 3204 spiritu,
1151 3150 1259 3189 non
1301 3150 1422 3191 esse
1471 3136 1717 3190 omnium

147 3222 294 3279 ﬁdem
323 3243 338 3291 ;
375 3233 586 3293 quanto
615 3240 705 3280 res
740 3226 899 3281 nobis
925 3228 1151 3297 majoris
1174 3226 1402 3297 periculi
1427 3225 1537 3294 tiet,
1563 3227 1610 3281 si
1642 3236 1719 3281 te-

146 3331 283 3373 mere
332 3317 600 3388 nuilaque
646 3318 858 3374 ratione
898 3318 1144 3391 profanis
1191 3319 1503 3376 hominibus
1558 3330 1721 3391 atque

1820 2400 2071 2470 spiritum
2097 2399 2314 2453 curiose
2339 2398 2601 2467 indagas?
2637 2396 2801 2467 Atqui
2844 2393 3252 2467 generationem
3285 2393 3406 2462 ejus

1818 2491 2117 2547 secundum
2177 2506 2394 2545 carnem
2441 2504 2701 2544 enarrare
2762 2504 2870 2542 non
2913 2486 3161 2557 pluribus
3238 2499 3404 2555 quam

1818 2584 2036 2639 duobus
2064 2582 2361 2655 (Matthzeo‘
2389 2590 2441 2636 et
2474 2579 2675 2652 Lucae)
2711 2578 3082 2635 concreditum
3113 2586 3224 2632 est:
3259 2584 3314 2631 et
3344 2585 3403 2629 tu

1819 2675 1988 2731 audes
2030 2673 2437 2743 generationem
2482 2672 2785 2728 secundum
2840 2670 3094 2741 spiritum
3141 2665 3409 2724 scrutari?

1829 2788 1846 2821 ι
1880 2767 2052 2836 Quam
2085 2767 2487 2838 generationem
2527 2765 2669 2836 apud
2694 2780 2751 2819 se
2785 2762 2946 2817 Pater
2984 2769 3205 2827 servat,
3248 2775 3406 2815 reve-

1829 2880 1846 2913 ι
1888 2862 2098 2915 laturus
2137 2870 2266 2914 tunc
2292 2859 2518 2924 sanctis,
2570 2856 2665 2928 qui
2707 2865 2766 2911 ut
2800 2854 2993 2909 faciem
3033 2854 3155 2923 ejus
3192 2852 3410 2907 videant

1827 2972 1846 3006 ι
1885 2952 2031 3023 digni
2058 2959 2240 3006 erunt.
2272 2969 2291 3003 ι
2332 2949 2477 3004 Satis
2506 2950 2665 3013 habe,
2701 2947 2845 3017 quod
2881 2962 2911 3001 a
2951 2946 3170 3001 Christo
3202 2945 3407 2999 dictum

1820 3052 1903 3100 est
1942 3060 1955 3096 :
1991 3042 2145 3109 Quod
2203 3052 2387 3095 natum
2418 3051 2496 3094 est
2536 3056 2600 3093 ea:
2642 3041 2859 3109 spiritu,
2921 3038 3139 3107 spiritus
3191 3045 3268 3089 est
3311 3035 3358 3067 "
3387 3074 3405 3099 ,

1827 3178 1842 3192 .
1879 3176 1894 3192 .
1929 3176 1944 3191 .
1985 3176 1997 3189 .
2036 3134 2320 3189 Sulliciant
2357 3133 2471 3187 hzec
2503 3130 2812 3186 testimonia
2866 3128 3117 3183 fidelibus
3159 3124 3409 3181 veritatis

1823 3226 2117 3293 studiosis;
2154 3224 2398 3279 inﬁdeles
2433 3222 2580 3278 enim
2610 3222 2741 3275 nulli
2778 3220 3028 3275 credunt.
3070 3236 3090 3269 ›

1895 3317 2157 3385 Charitas
2176 3314 2504 3370 Christiana.
2540 3311 2759 3383 Figura:
2778 3309 3049 3363 Ecclesiw.
3065 3337 3135 3347 —
3152 3305 3407 3361 Charitas

145 3408 376 3482 indignis
406 3412 793 3468 tradiderimus
817 3413 998 3468 divina
1016 3413 1267 3483 eloquia!
1299 3433 1316 3466 ι
1340 3412 1492 3468 llam:
1508 3428 1723 3469 summe
1764 3455 1772 3473 .
1824 3408 1952 3477 Iesu
1982 3409 2183 3464 Christi
2213 3417 2295 3463 est
2320 3407 2501 3460 anima
2529 3403 2807 3470 Ecclesiae,
2838 3411 2893 3457 et
2922 3410 3005 3457 est
3026 3399 3192 3454 veluti
3219 3398 3413 3452 vincu-

148 3503 509 3559 neeessariam
546 3506 771 3561 moralis
807 3514 1019 3576 partem
1059 3506 1351 3562 confirmat
1375 3505 1623 3562 doctrina
1667 3502 1938 3599 malum
1994 3516 2105 3571 quo
2163 3498 2349 3554 lideles
2401 3494 2825 3599 uniuntur..Per
2875 3494 3018 3597 hanc
3066 3492 3411 3595 charitatem,

1786 3582 1805 3595 ι.

149 3597 321 3665 praxis
351 3612 700 3654 summorum
740 3599 989 3655 virorum
1023 3600 1293 3667 omnium,
1326 3598 1422 3670 qui
1451 3600 1505 3653 in
1532 3597 1720 3655 Eeele—
1830 3594 1994 3651 sicuti
2051 3602 2105 3648 et
2136 3608 2234 3664 per
2284 3592 2469 3655 ﬁdem,
2504 3586 2748 3644 Ecclesia
2793 3586 2988 3657 recipit
3036 3584 3409 3697 Baptis'r‘num:

151 3688 221 3743 sia
248 3689 1001 3749 ﬂoruerunt.0bservandum
1024 3702 1308 3764 prasterea,
1338 3692 1491 3763 quod
1510 3708 1572 3747 ex
1599 3692 1720 3747 lau-
1832 3710 1851 3743 ι
1895 3688 2138 3745 Ecclesia
2170 3703 2265 3758 per
2303 3686 2461 3740 ﬁdem
2499 3725 2514 3740 .
2543 3724 2556 3737 .
2583 3724 2599 3739 .
2629 3725 2645 3740 .
2685 3692 2739 3738 et
2766 3681 3087 3737 charitatem
3122 3679 3177 3733 in
3210 3676 3407 3769 Deum,

1748 3757 1784 3779 υ

152 3780 280 3837 datis
314 3782 376 3841 S.
414 3781 689 3857 Hippolyti
723 3785 903 3840 verbis
943 3785 1204 3839 invictum
1243 3804 1261 3838 ι
1300 3800 1397 3854 pro
1435 3784 1721 3855 disciplina
1879 3822 1893 3838 .
1928 3822 1943 3837 .
1983 3820 1996 3833 .
2043 3781 2239 3849 recipit
2277 3779 2559 3833 lavacrum
2594 3770 3196 3864 regenerationisl35).
3243 3788 3262 3823 ι

152 3875 366 3928 arcani)
400 3876 596 3945 primis
642 3875 900 3934 Ecclesia:
946 3877 1163 3934 saeculis
1211 3887 1398 3933 sancte
1426 3880 1720 3947 custodita,

154 3976 523 4035 argumentum
550 3968 867 4024 deducatur.

218 4056 327 4121 Quo
352 4068 512 4127 pacto
537 4070 739 4127 oportet
766 4059 932 4131 legere
953 4078 1015 4114 ac
1036 4061 1328 4133 intelligere
1348 4062 1553 4117 divinas
1577 4061 1724 4117 Scri-

154 4158 348 4216 pturas.
389 4181 461 4190 —
500 4149 606 4217 Qui
638 4152 691 4205 in
728 4152 1138 4222 Scripturarum
1167 4169 1445 4208 sacrarum
1489 4154 1721 4209 lectione

155 4257 361 4314 operam
396 4246 583 4301 locant
621 4262 807 4314 suam,
851 4248 960 4303 duo
1007 4264 1118 4319 pra:
1150 4249 1324 4303 oculis
1370 4249 1574 4304 habere
1625 4252 1720 4303 de-

154 4333 292 4392 bent.
338 4339 392 4393 1ο
429 4339 509 4393 Ex
554 4340 729 4394 sacris
762 4339 851 4395 his
878 4340 1052 4409 {libris
1087 4341 1311 4395 modum
1353 4340 1721 4412 cognoscendi

154 4424 335 4497 Deum,
369 4432 656 4502 eidemque
686 4430 987 4486 famulandi
1020 4448 1211 4487 eruere
1243 4433 1463 4499 debent,
1496 4449 1619 4487 eum
1655 4449 1721 4488 ex

158 4521 238 4576 his
266 4522 505 4579 fontibus
534 4524 883 4579 solummodo
915 4525 1032 4579 haec
1056 4524 1261 4579 hauriri
1289 4526 1533 4595 possint;
1562 4526 1618 4579 2°
1667 4526 1721 4580 in

158 4612 211 4666 id
243 4630 586 4686 summopere
618 4615 933 4671 incumbere
965 4616 1183 4682 debent,
1204 4625 1262 4670 ut
1287 4632 1473 4671 verum
1506 4633 1723 4671 earum-

156 4703 272 4759 dem
300 4704 702 4778 Scripturarum
721 4723 941 4763 sensum
974 4707 1313 4777 percipiant,
1345 4716 1399 4763 et
1428 4710 1723 4763 abhorrere

157 4796 225 4850 ab
253 4800 392 4853 omni
418 4801 867 4869 interpretatione
899 4800 966 4855 ad
1000 4800 1286 4855 arbitrium
1323 4803 1551 4857 conficta
1574 4842 1588 4866 ,
1639 4803 1722 4857 vel

157 4904 272 4959 quae
296 4893 551 4963 peculiari
584 4902 773 4948 nostro
806 4893 1021 4963 spiritui
1050 4936 1065 4961 ,
1104 4895 1415 4963 nostrisque
1452 4896 1723 4966 passioni-

1824 3881 1949 3946 post
2002 3881 2317 3942 susceptum
2373 3868 2714 3937 Baptismum
2769 3862 3251 3930 transgrediuntur
3313 3858 3408 3913 Dei

1825 3965 2108 4031 mandata,
2144 3963 2227 4017 vel
2261 3959 2509 4031 religioni
2534 3957 2861 4013 Christiana:
2881 3955 3132 4025 nuntium
3164 3953 3407 4035 mittunt,

1824 4067 2082 4114 aeternam
2130 4054 2361 4127 propriae
2409 4053 2604 4106 animae
2635 4059 2863 4105 mortem
2899 4046 3158 4102 inferunt.
3203 4043 3409 4099 Pecca-

1825 4162 1940 4207 tum
1974 4165 2121 4204 mors
2146 4158 2230 4203 est
2254 4148 2471 4211 animat,
2506 4146 2685 4215 inquit
2716 4151 2941 4199 sanctus
2968 4141 3060 4194 hic
3082 4138 3242 4192 Pater
3273 4135 3407 4207 (36),

1826 4242 2127 4316 prmsertim
2172 4250 2352 4294 autem
2388 4238 2661 4303 mmehia;
2696 4234 2825 4305 quia
2865 4233 3010 4287 enim
3043 4232 3225 4286 anima
3258 4230 3413 4284 Chri-

1826 4347 1910 4392 sto
1935 4334 2183 4404 copulata
2219 4332 2556 4388 discessione
2583 4345 2613 4383 a
2646 4328 2750 4383 title
2768 4327 2820 4381 in
2853 4340 3145 4397 perennem
3178 4323 3411 4378 traditur

1824 4437 2084 4493 mortem,
2118 4426 2184 4481 ad
2226 4426 2345 4496 ejus
2375 4425 2451 4478 rei
2488 4423 2649 4476 [idem
2673 4421 2879 4475 violato
2910 4432 3129 4488 quoque
3155 4431 3413 4486 corpora-

1824 4523 1957 4577 lium
1987 4522 2302 4591 nuptiarum
2352 4517 2556 4573 foedere
2592 4514 2974 4586 perversisque
3016 4511 3275 4566 thalamis
3325 4510 3411 4563 lex

1824 4629 2042 4686 pmnam
2072 4612 2270 4667 mortis
2306 4608 2523 4664 indixit.
2559 4608 2617 4659 In
2671 4614 2861 4660 sancto
2893 4602 3186 4673 Hippolyto
3244 4600 3412 4654 variae

1826 4704 2007 4776 quoad
2061 4702 2365 4758 Eeelesiam
2412 4696 2866 4767 comparationes
2910 4711 2973 4749 ac
3027 4690 3413 4747 similitudines

1825 4806 2154 4863 occurrunt;
2204 4796 2256 4849 in
2290 4792 2484 4865 primis
2514 4798 2798 4859 comparat
2831 4802 2950 4841 eam
2992 4784 3113 4839 navi
3156 4780 3411 4835 ﬂuctibus

1824 4894 2000 4966 pelagi
2050 4892 2267 4963 jactata:
2292 4930 2305 4955 ,
2341 4902 2463 4959 qua:
2498 4895 2680 4940 tamen
2714 4882 3003 4951 naufragio
3053 4876 3199 4933 haud
3239 4876 3411 4944 lperit,

158 4979 256 5034 bus
274 4982 340 5037 sit
358 4983 681 5047 conformis,
712 5000 821 5039 uno
843 4984 1031 5049 verbo,
1060 4984 1263 5039 nullam
1288 4985 1587 5054 Seripturis
1612 4988 1719 5042 vim
1756 4978 1798 5032 ι)
1828 4987 1956 5058 quia
2002 5002 2032 5040 a
2078 4983 2300 5038 Christo
2350 4980 2707 5050 gubernatur.
2754 4973 2833 5027 En
2886 4974 3189 5043 elegantem
3247 4967 3412 5037 hujus

160 5071 347 5129 inferre
367 5076 601 5131 debent:
635 5094 652 5126 ι
694 5074 813 5130 Non
845 5077 1147 5130 secundum
1174 5078 1449 5146 propriam
1472 5079 1723 5134 volunta-

162 5176 299 5235 tem,
340 5186 517 5240 neque
549 5170 849 5225 secundum
900 5170 1185 5239 proprium
1240 5186 1484 5232 sensum.
1546 5189 1722 5241 neque

160 5263 261 5314 vim
306 5263 597 5319 inferentes
648 5264 701 5317 in
743 5279 827 5328 ea,
867 5280 989 5333 qua:
1022 5263 1091 5317 ab
1136 5279 1203 5318 eo
1242 5262 1366 5318 data
1420 5275 1580 5332 sunt;
1626 5266 1721 5321 sed

160 5354 416 5420 quomodo
450 5356 571 5425 ipse
602 5353 793 5424 (Deus)
814 5371 913 5424 per
940 5364 1159 5411 sanctas
1187 5354 1500 5425 Scripturas
1527 5358 1723 5412 docere

160 5444 336 5514 voluit,
368 5449 447 5504 sic
478 5448 849 5519 intelligamus
884 5446 1020 5505 (55).
1057 5466 1075 5498 ι
1123 5447 1255 5514 Quae
1290 5448 1510 5520 quidem
1558 5450 1722 5504 verba

234 5558 271 5589 ³⁸
303 5559 455 5616 Joan.
501 5578 585 5628 Ill,
626 5561 680 5616 6.

238 5690 335 5767 (ἓξ)
372 5693 428 5749 S.
463 5694 895 5767 Hippolytailib.
932 5698 1004 5751 De
1031 5698 1297 5763 Antichn,
1344 5710 1496 5752 num.
1530 5698 1579 5753 1.

238 5762 336 5900 ὶόὅ)
373 5762 552 5831 Idem,
576 5762 703 5821 nde.
740 5766 922 5833 Noet.,
954 5784 1105 5823 num.
1141 5770 1195 5825 9.

259 5834 334 5900 34)
373 5838 539 5900 Idem,
566 5836 723 5895 ibid..
750 5854 902 5892 num.
941 5839 1027 5892 16.

259 5834 334 5902 34)
373 5838 539 5900 Idem,
566 5836 723 5895 ibid..
750 5854 902 5892 num.
941 5839 1027 5892 16.

239 5902 339 5975 ('55)
373 5907 535 5977 Idem,
570 5906 665 5963 lib.
703 5908 775 5963 Dc
811 5909 1165 5979 Antichritto,
1204 5926 1356 5967 num.
1392 5910 1482 5966 59.

1831 5075 2262 5151 comparationis
2289 5070 2714 5138 descriptionem
2743 5067 2813 5120 ab
2866 5064 3157 5135 Hippolyto
3188 5061 3416 5115 adorna-

1831 5185 1940 5231 tam
1979 5172 2128 5242 (57):
2174 5187 2191 5220 ι
2233 5166 2348 5221 Ala:
2383 5162 2595 5215 navium
2632 5172 2759 5213 sunt
2787 5158 3062 5223 Ecclesiw,
3094 5169 3237 5207 mare
3262 5168 3414 5204 man-

1830 5267 1952 5330 dus,
1987 5264 2041 5317 in
2075 5275 2186 5330 quo
2214 5254 2459 5311 Ecclesia
2499 5252 2758 5306 ﬂuetibus
2792 5251 3067 5320 jactatur,
3113 5260 3205 5299 nec
3239 5252 3423 5337 temeri.

1828 5356 2113 5424 naufragio
2140 5351 2301 5421 perit,
2326 5348 2526 5417 quippe
2547 5361 2672 5400 cum
2709 5344 2959 5398 solertem
2997 5339 3412 5409 gubernatorem

1830 5452 2100 5510 Christum
2154 5456 2341 5501 secum
2373 5440 2603 5508 habeat;
2648 5435 2755 5494 fert
2795 5450 2925 5491 vero
2950 5434 3118 5489 etiam
3146 5430 3204 5486 in
3232 5429 3412 5484 medio

1906 5698 2021 5771 (56)
2040 5696 2099 5749 5-
2137 5690 2436 5771 ῐῖίνέθιῖίη
2471 5692 2688 5771 ιτθείὲἑο
2719 5676 3412 5771 δ(³.δ¹11ῗ²ζ³²ὶε¹ἶῖ³.ζῗξ“ί¹.¹7ᾒ’

1829 5746 2144 5833 ιπῗίῖξῖόιίι.
2172 5746 2392 5831 ι’ὸριῖη
2420 5746 2542 5829 pag.
2567 5756 2695 5818 276,
2735 5762 2790 5808 et
2812 5753 2955 5823 apud
2984 5746 3255 5817 Galland.,
3284 5759 3322 5803 t.
3347 5746 3411 5813 ll,

1830 5844 2031 5980 culpam).
2057 5834 2455 5973 ἒξδῄίρροψη
2482 5897 2578 5953 ιη),
2615 5893 2691 5950 οε
2726 5892 2994 5953 Αηείεήν..
3023 5906 3143 5962 cap.
3173 5888 3264 5946 59.
