3882 6546
533 402 640 459 5ῗ9

1515 395 1602 450 DE
1636 395 1798 450 VITA
1839 396 1926 450 ET
1973 396 2283 452 SClilPTIS
2319 399 2378 454 S.
2421 395 2829 470 lllPPOLYTl..
3653 403 3734 458 380

531 531 773 579 erectum
809 521 1072 574 adversus
1113 528 1344 572 mortem
1383 527 1668 588 trapetum,
1693 536 1816 589 qum
1861 522 2111 576 videlicet
2140 527 2184 582 Α
2213 522 2284 577 sit
2316 521 2569 578 Ecclesia:
2601 521 2972 591 magisterium
3001 538 3013 572 :
3056 539 3074 570 ‹
3110 519 3204 574 Est
3243 521 3384 574 enim
3411 519 3634 577 Ecclesia
3661 541 3734 579 or-

533 629 739 667 crucem
785 610 994 664 Domini
1027 624 1213 664 secum
1257 617 1454 678 portet.
1493 610 1586 664 Est
1605 611 1750 664 enim
1783 611 1902 679 ejus
1948 625 2112 682 prora

531 702 748 766 Oriens,
775 699 970 770 puppis
1014 715 1146 754 vero
1201 699 1500 767 Occidens,
1545 703 1751 756 cavitas
1813 701 2106 770 Meridies;

533 793 668 847 clavi
693 793 796 846 duo
835 791 1205 856 Testamenta;
1233 793 1442 846 circum
1485 795 1686 847 extenti
1715 795 1866 863 funes
1909 795 2111 850 Christi

531 885 786 948 charitas,
812 900 930 953 qua:
963 883 1258 938 Ecclesium
1285 886 1567 956 astringit:
1613 887 1799 952 linum,
1840 889 1986 956 quod
2027 904 2113 944 se-

532 992 654 1030 cum
705 975 829 1041 fert,
877 975 1149 1029 lavacrum
1199 985 1274 1030 est
1322 979 1728 1046 regenerationis
1789 979 1941 1046 (58);
1991 997 2114 1050 quae

531 1066 716 1122 ﬁdeles
746 1075 988 1120 renovat.
1025 1065 1176 1119 Venti
1213 1067 1334 1121 loco
1366 1068 1519 1122 adest
1553 1067 1784 1137 Spiritus
1825 1069 1914 1123 ille
1950 1087 1976 1124 e
2013 1088 2114 1124 caa-

530 1155 620 1222 lis,
652 1173 761 1227 quo
799 1157 982 1212 ﬁdeles
1009 1159 1402 1227 consignantur
1431 1159 1576 1225 Deo;
1617 1161 1778 1216 habet
1800 1164 2000 1232 pariter
2022 1165 2111 1220 illa

531 1251 758 1304 comites
786 1258 839 1303 et
874 1251 1068 1319 ferreas
1110 1255 1390 1313 anchoras,
1441 1263 1625 1306 sancta
1669 1256 1920 1310 nimirum
1961 1256 2114 1312 Chri-

533 1342 599 1394 sti
649 1341 924 1406 mandata,
981 1358 1102 1410 quae
1145 1341 1270 1396 ferri
1335 1343 1501 1397 robur
1547 1345 1722 1414 ipsum
1787 1348 2108 1418 praeferant;

531 1431 665 1499 quin
699 1439 753 1486 et
791 1442 988 1488 nautas
1017 1449 1047 1486 a
1085 1433 1291 1489 dextris
1331 1445 1494 1506 atque
1532 1437 1771 1496 sinistris
1808 1451 2112 1496 sanctorum

533 1522 837 1590 angelorum
871 1541 1012 1577 more
1035 1525 1362 1592 assistentes,
1389 1544 1610 1597 quarunt
1633 1547 1725 1598 ape
1748 1534 1983 1586 munitur
2013 1533 2112 1588 Ec-

531 1614 712 1668 clesia.
739 1614 794 1668 In
825 1632 886 1670 ea
919 1617 1085 1682 scala,
1120 1634 1241 1685 qua:
1270 1619 1322 1672 in
1361 1619 1528 1674 altum
1565 1623 1630 1676 ad
1661 1633 1952 1680 antennam
1982 1629 2112 1682 sub-

531 1708 714 1774 vehit,
749 1709 924 1779 imago
962 1723 1035 1764 est
1071 1711 1328 1766 salutaris
1353 1713 1552 1768 Christi
1581 1717 1880 1786 passionis,
1925 1720 2112 1778 fideles

531 1798 773 1864 trahens,
809 1808 868 1852 ut
898 1800 949 1852 in
978 1801 1147 1856 cmlos
1178 1803 1492 1856 ascendant.
1528 1803 1689 1874 Signa
1729 1821 1892 1874 super
1920 1818 2112 1864 anten-

531 1903 657 1940 nam
685 1887 737 1940 in
793 1889 959 1942 altum
989 1890 1200 1945 sublata
1224 1934 1238 1956 ,
1295 1893 1691 1961 prophetarum,
1740 1907 2033 1966 martyrum
2059 1907 2108 1951 et

533 1980 896 2047 apostolorum
941 1981 996 2034 in
1029 1981 1228 2036 Christi
1261 2001 1414 2054 regno
1457 1987 1834 2055 quiescentium
1882 1992 2110 2058 stipatus

531 2071 684 2126 ordo.
725 2091 743 2122 ι
777 2071 1062 2144 Colligitur
1085 2089 1150 2129 ex
1175 2075 1261 2130 his
1288 2077 1498 2133 ultimis
1523 2079 1722 2144 verbis,
1754 2082 2112 2150 quemadmo-

529 2162 660 2216 dum
693 2162 830 2216 bene
857 2163 1109 2219 observat
1141 2166 1209 2220 cl.
1243 2166 1548 2222 Ceillierius
1576 2168 1975 2238 (59),sanctum
2014 2186 2112 2224 no-

529 2263 704 2308 strum
734 2258 1045 2326 episcopum
1077 2261 1442 2314 communiter
1471 2260 1539 2314 ab
1560 2261 1800 2330 antiquis
1839 2270 2110 2331 receptam

529 2348 854 2402 sententiam
907 2359 1153 2404 secutum
1207 2349 1415 2417 fuisse,
1472 2351 1618 2420 quod
1667 2352 1926 2406 nimirum
1986 2368 2112 2422 pro-

527 2441 724 2508 phetae,
766 2443 996 2510 apostoli
1031 2454 1084 2497 et
1113 2453 1382 2516 martyres
1415 2442 1728 2499 felicitatem
1769 2453 2025 2500 aeternam
2055 2445 2110 2499 in

528 2531 685 2584 cmlis
709 2531 888 2601 adepti
925 2533 1147 2588 fuerint.

601 2621 842 2677 Ecclesia
875 2627 1064 2678 mulier
1102 2626 1208 2680 sole
1237 2628 1456 2680 amicta.
1475 2659 1544 2667 —
1569 2625 1739 2682 Paulo
1765 2626 1906 2682 infra
1948 2629 2110 2682 aliam

527 2713 595 2768 de
641 2714 880 2770 Ecclesia
902 2719 1313 2772 similitudinem
1349 2715 1524 2784 affert,
1554 2721 1682 2774 dum
1725 2721 1816 2774 illa
1843 2721 2111 2792 Apocaly-

528 2819 688 2873 pseos
727 2808 890 2860 verba
920 2824 1040 2877 cap.
1083 2825 1177 2876 xtl,
1213 2809 1333 2862 1-6:
1369 2809 1437 2862 Et
1471 2811 1577 2864 vidi
1616 2813 1825 2882 signant
1859 2829 2111 2884 magnum

528 2903 578 2947 et
605 2895 869 2963 mirabile,
899 2899 1169 2954 mulierem
1196 2901 1446 2954 amictam
1472 2902 1600 2969 sole,
1631 2913 1758 2972 etc.,
1785 2906 1838 2958 in
1866 2921 1988 2974 qua:
2034 2905 2110 2958 ita

529 2999 932 3044 commentatur
973 2991 1116 3063 (.50):
1167 3013 1185 3044 ι
1223 2993 1504 3050 Mulierem
1547 2997 1800 3050 arnictam
1850 2997 1964 3052 sole
2000 2998 2113 3052 cla-

527 3077 748 3132 rissime
787 3078 1083 3134 Ecclesium
1132 3083 1458 3152 signiﬁcavit
1497 3083 1829 3154 (Joannes),
1871 3084 2108 3140 Paterno

2215 611 2379 678 dinis,
2427 627 2531 666 non
2571 611 2910 665 confusionis
2939 611 3216 679 magistra.
3256 629 3272 661 ι
3298 608 3496 665 Notent
3525 611 3619 666 sibi
3649 613 3737 668 haec

2213 703 2377 757 verba
2430 719 2564 756 auro
2625 703 2895 772 cedroquc
2962 701 3122 771 digna
3181 701 3434 756 Ecclesiae
3488 703 3738 769 antistites,

2217 795 2608 864 theologichue
2634 795 2906 850 doctores.

2758 883 3152 940 ARTlCULUS
3187 882 3248 937 ll.

2565 992 2988 1032 OBSERVATIONES
3015 990 3429 1030 DISCIPLINARES.

2219 1053 2242 1066 ρ
2289 1067 2510 1137 Tempus
2545 1069 2614 1121 ad
2637 1069 2966 1137 Baptismum
2993 1067 3340 1136 recipiendum
3365 1065 3740 1134 pra/initum.—

2215 1161 2404 1227 Quoad
2426 1161 2792 1230 disciplinam,
2835 1162 2948 1216 lucc
2983 1161 3318 1215 observanda
3365 1158 3584 1212 veniunt
3625 1159 3738 1226 apud

2218 1249 2274 1304 S.
2333 1249 2678 1322 Hippolytum
2725 1269 2738 1304 :
2781 1252 2992 1319 primo,
3047 1249 3446 1304 solemnitatem
3501 1246 3737 1302 Paschalis

2215 1339 2384 1396 fuisse
2414 1351 2624 1412 tempus
2664 1343 2984 1412 praeﬁnitum
3024 1343 3089 1396 ad
3122 1341 3536 1395 ministrandum
3561 1349 3609 1393 et
3633 1341 3740 1394 reci-

2213 1433 2467 1503 piendum
2498 1434 2849 1504 Baptismum.
2873 1435 2961 1488 Ait
2985 1435 3127 1490 enim
3163 1443 3384 1490 sanctus
3419 1434 3680 1501 episcopus
3699 1433 3738 1484 in

2215 1528 2396 1583 illud:
2452 1529 2592 1582 Dum
2643 1529 2974 1581 observarent
3023 1528 3160 1580 diem
3241 1537 3426 1595 aptum
3459 1525 3542 1588 ’3,
3623 1538 3738 1576 com-

2215 1631 2465 1676 mentans
2495 1621 2635 1692 (-il):
2676 1620 2876 1686 «Quem
2905 1634 3090 1690 porro,
3115 1618 3218 1673 nisi
3246 1618 3390 1670 diem
3419 1615 3644 1675 Paschcc,
3667 1629 3738 1682 per

2215 1731 2374 1786 quem
2416 1715 2689 1769 lavacrum
2725 1716 2778 1768 in
2811 1713 3054 1784 pomario
3085 1711 3442 1766 aastuantihus
3471 1709 3732 1778 paratur?»

2286 1807 2668 1876 Dispositiones
2699 1808 2767 1860 ad
2799 1806 3150 1876 Baptismum.
3175 1835 3243 1843 ——
3263 1801 3644 1872 Dispositiones
3670 1815 3738 1851 τηις

2217 1905 2320 1952 tem
2345 1897 2543 1952 ibidem
2577 1906 2820 1952 vetustus
2855 1897 2943 1950 hic
2969 1894 3129 1948 Pater
3161 1901 3556 1950 commemorat
3577 1933 3590 1956 ,
3639 1889 3736 1942 dum

2214 1989 2289 2044 ita
2349 1990 2728 2059 prosequitur:
2790 2006 2808 2039 ι
2853 1988 3104 2046 Susanna
3169 1987 3360 2040 lavans
3407 1983 3600 2038 munda
3655 1980 3740 2032 Deo

2215 2097 2414 2151 sponsa
2469 2082 2680 2138 sistitur
2732 2096 2856 2134 cum
2893 2081 3104 2136 duabus
3139 2077 3270 2132 solis
3303 2076 3518 2146 puellis.
3553 2073 3740 2138 Quando

2213 2171 2356 2225 enim
2389 2169 2628 2226 Ecclesia
2665 2186 2730 2225 ex
2765 2185 2916 2226 more
2966 2169 3116 2238 cupit
3161 2168 3444 2221 lavacrum
3489 2168 3737 2230 suscipere,

2213 2261 2350 2317 duas
2373 2263 2680 2318 necessario
2709 2261 2935 2316 ancillas
2967 2261 3193 2315 comites
3219 2257 3416 2322 habet;
3451 2253 3634 2310 etenim
3661 2249 3739 2302 Ec-

2215 2355 2379 2409 clesia
2411 2370 2506 2424 per
2539 2355 2696 2408 ﬁdem
2727 2354 2779 2407 in
2815 2353 3122 2416 Christum,
3164 2361 3218 2404 et
3251 2364 3347 2419 per
3375 2346 3666 2438 charitatetn
3699 2341 3738 2438 in

2215 2443 2384 2498 Deum
2432 2445 2682 2499 confessa
2733 2443 2925 2512 recipit
2959 2443 3257 2496 lavacrum.
3297 2458 3315 2490 ι
3357 2435 3495 2491 Hinc
3525 2432 3738 2502 Baptismi

2214 2535 2439 2589 comites
2467 2535 2598 2589 ﬁdes
2628 2543 2680 2588 et
2707 2535 2968 2590 Charitas.

2291 2625 2496 2692 Oleum,
2524 2635 2678 2696 atque
2697 2626 2872 2678 unctio
2905 2626 2960 2678 in
2981 2623 3348 2693 Baptismo.—
3369 2619 3564 2675 Eodem
3586 2614 3738 2670 inloco
3797 2615 3804 2618 ’

2216 2716 2273 2772 S.
2302 2717 2622 2789 Hippolytus
2671 2720 2811 2774 inter
2839 2719 2974 2772 ritus
3019 2717 3075 2770 in
3123 2715 3405 2784 Baptismo
3464 2707 3739 2767 conferendo

2214 2809 2456 2863 adhiberi
2493 2809 2684 2864 solitos
2733 2819 2980 2865 recenset
3026 2810 3204 2864 oleum
3252 2816 3419 2876 atque
3453 2805 3736 2860 unctionem.

2217 2901 2416 2955 Scribit
2466 2902 2611 2955 enim
2663 2903 2717 2955 in
2783 2917 3002 2956 versum
3059 2899 3125 2954 17
3201 2898 3444 2954 Danielis
3481 2914 3494 2948 :
3534 2895 3739 2960 Dixitque

2213 2993 2670 3063 puellis:A/ferte
2719 2993 2846 3046 mihi
2899 2991 3070 3046 oleum
3129 3009 3150 3048 :
3206 3011 3224 3042 ι
3279 2989 3518 3044 Proinde
3564 2986 3674 3040 ﬁdes
3700 2989 3739 3034 et

2215 3085 2474 3149 Charitas,
2525 3086 2705 3140 oleum
2760 3093 2813 3139 et
2869 3091 3167 3154 smegmata
3217 3082 3525 3136 lavantibus
3567 3081 3736 3147 parant.

529 3170 777 3225 indutam
804 3169 1003 3238 Verbo,
1028 3175 1173 3242 quod
1213 3176 1327 3230 sole
1362 3175 1656 3230 micantius
1707 3178 1970 3246 splendet.
2019 3177 2110 3232 υἱ·-
2137 3195 2177 3252 C
2213 3178 2472 3244 Quaenam
2495 3191 2624 3230 vero
2647 3188 2966 3246 smcgmata,
2991 3173 3096 3228 nisi
3121 3172 3274 3227 Verbi
3294 3169 3584 3226 mandata?
3605 3161 3741 3231 Quod.

528 3264 702 3318 cendo
737 3279 866 3318 vero
902 3267 1084 3318 lunam
1116 3267 1210 3319 sub
1239 3267 1454 3332 pedibus
1504 3268 1638 3338 ejus,
1669 3270 1876 3324 caelesti
1931 3271 2111 3325 chari-

529 3363 640 3410 tate
671 3356 812 3410 luna:
845 3357 898 3411 in
940 3374 1144 3414 morem
1180 3369 1428 3414 ornatam
1455 3363 1712 3416 ostendit.
1739 3362 1893 3428 Quod
1928 3374 2108 3419 autem

525 3447 624 3511 ait
651 3449 707 3500 in
740 3450 910 3518 capite
941 3450 1053 3518 ejus
1093 3467 1286 3504 corona
1324 3453 1598 3506 stellarum
1628 3455 1924 3522 duodecim,
1970 3457 2108 3512 duo-

530 3539 704 3594 decim
738 3541 1018 3610 apostolos
1053 3543 1318 3612 designat,
1357 3561 1452 3613 per
1473 3561 1611 3615 quos
1645 3545 1868 3602 fundata
1893 3558 1975 3604 cst
2007 3549 2112 3604 Ec-

530 3631 718 3684 clesia.
737 3629 804 3684 Et
827 3633 1020 3687 habens
1041 3634 1094 3686 in
1113 3644 1258 3688 utero
1287 3635 1550 3690 clamabat
1571 3641 1892 3707 parturiens,
1920 3651 1970 3694 et
1993 3659 2112 3694 cru-

531 3723 775 3776 ciabatur
799 3766 814 3790 ,
853 3736 908 3778 ut
935 3736 1173 3797 pareret;
1205 3729 1330 3799 quia
1369 3745 1476 3784 non
1519 3742 1698 3786 cessat
1748 3733 1990 3789 Ecclesia
2044 3753 2110 3791 ex

532 3821 695 3876 corde
719 3819 954 3880 Verbum
991 3827 1240 3896 gignere,
1277 3827 1420 3896 quod
1451 3827 1505 3880 in
1534 3829 1736 3886 mundo
1772 3831 1840 3886 ab
1882 3832 2112 3888 inﬁdeli—

532 3917 636 3974 bus
663 3922 1092 3989 persccutionem
1117 3921 1340 3990 patitur.
1373 3921 1440 3976 Et
1461 3925 1681 3992 peperit,
1709 3925 1903 3994 inquit,
1937 3926 2110 3995 ﬁlium

533 4011 852 4079 masculum,
879 4015 967 4082 qui
1006 4023 1118 4067 erat
1143 4023 1380 4068 recturus
1404 4032 1580 4069 omnes
1610 4027 1815 4086 gentes;
1843 4020 2101 4074 nimirum

534 4100 794 4168 Ecclesia,
820 4103 948 4157 dum
971 4102 1250 4158 Christum
1269 4103 1384 4170 Dei,
1407 4105 1704 4160 masculam
1732 4122 1794 4161 ac
1811 4107 2104 4177 perfectam

534 4192 760 4262 prolem,
793 4193 883 4262 qui
919 4192 1062 4249 Deus
1100 4203 1154 4248 et
1197 4195 1362 4249 homo
1389 4195 1733 4263 praedicatur,
1779 4213 1991 4266 semper
2017 4215 2112 4267 pa-

533 4282 640 4346 rit,
671 4283 829 4340 docet
866 4301 1054 4340 omnes
1089 4295 1294 4354 gentes.
1318 4286 1492 4341 Porro
1523 4288 1774 4357 dicendo,
1811 4301 1990 4360 raptus
2023 4303 2102 4347 est

533 4375 680 4444 filius
711 4377 823 4444 ejus
863 4378 931 4430 ad
971 4377 1158 4442 Deum,
1195 4389 1243 4434 et
1269 4381 1337 4434 ad
1379 4382 1624 4436 thronum
1651 4383 1798 4448 eius;
1831 4386 2106 4442 caelestem

533 4481 734 4536 regem,
769 4483 876 4521 non
926 4476 1200 4523 terrenum
1253 4486 1376 4525 esse
1427 4473 1716 4541 signiﬁcat,
1776 4477 1868 4544 qui
1913 4493 1978 4531 ex
2016 4479 2106 4534 illa

2214 3289 2338 3327 nam
2374 3279 2554 3324 autem
2581 3270 2782 3332 oleum,
2815 3267 2921 3322 nisi
2961 3267 3130 3321 virtus
3162 3265 3400 3334 Spiritus
3423 3259 3617 3318 sancti?
3645 3255 3740 3326 qui-

2214 3367 2315 3422 bus
2343 3378 2461 3436 post
2483 3367 2761 3418 lavacrum
2792 3371 3048 3431 tanquam
3074 3367 3351 3428 unguento
3385 3355 3564 3410 ﬁdeles
3585 3365 3740 3449 perun:

2215 3470 2435 3531 guntur.
2470 3458 2678 3512 Cuncta
2709 3457 2824 3511 lucc
2867 3472 2964 3526 per
2995 3456 3208 3510 beatam
3245 3451 3551 3506 Susannam
3603 3450 3738 3498 nostrt

2212 3567 2376 3608 causa
2408 3552 2781 3622 ﬁgurabantur
2808 3564 2822 3600 :
2853 3563 2920 3602 ne
2951 3547 3112 3601 modo
3153 3545 3381 3607 scilicet,
3405 3543 3497 3614 qui
3531 3540 3628 3594 Deo
3647 3551 3738 3591 cre—

2213 3645 2415 3713 dimus,
2458 3661 2522 3700 ea
2559 3659 2682 3713 quae
2732 3638 3199 3710 inprazscntiarum
3243 3637 3298 3690 in
3343 3633 3580 3690 Ecclesia
3618 3631 3737 3688 ﬁunt,

2216 3745 2475 3806 tanquam
2503 3750 2638 3789 nova
2667 3749 2728 3788 ac
2763 3730 3044 3800 peregrina
3074 3729 3474 3783 existimemus.
3507 3745 3524 3777 ι

2290 3828 2510 3897 Tempus
2539 3825 2837 3880 celebrandi
2855 3823 3236 3877 solemnitatem
3253 3817 3571 3892 paschalem.

2212 3918 2390 3974 cundo
2415 3917 2578 3972 tradit
2604 3918 2692 3972 hic
2718 3927 2964 3971 vetustus
2989 3913 3250 3970 Ecclesia:
3289 3911 3470 3976 Pater,
3505 3903 3739 3960 Paschalis

2214 4010 2612 4064 solemnitatem
2643 4008 2907 4062 celebrari
2935 4007 3190 4062 debuisse
3229 4001 3512 4057 Dominica
3543 4005 3648 4068 post
3670 3992 3739 4044 de-

2212 4101 2408 4154 cimam
2447 4109 2694 4170 quartam
2735 4100 2918 4153 lunam
2945 4097 3154 4162 Martii,
3209 4091 3314 4148 nisi
3343 4091 3550 4147 decima
3587 4093 3738 4157 quarta

2210 4191 2336 4245 luna
2381 4191 2642 4244 incideret
2679 4191 2733 4243 in
2781 4191 2920 4244 diem
2977 4187 3235 4252 Sabbati;
3268 4199 3379 4254 quo
3411 4198 3538 4237 sane
3567 4179 3614 4232 in
3640 4187 3738 4229 casu

2206 4279 2362 4350 juxta
2390 4279 2640 4334 eumdem
2670 4279 2930 4333 celebrari
2967 4293 3074 4332 non
3103 4276 3332 4332 debebat
3353 4273 3522 4328 festus
3548 4265 3740 4322 Pascha-

2210 4374 2280 4427 tis
2319 4373 2438 4428 dies
2473 4371 2755 4427 Dominica
2785 4371 3050 4440 sequenti,
3087 4370 3180 4424 sed
3211 4365 3494 4422 transferri
3527 4365 3576 4417 in
3612 4360 3737 4414 aliam

2211 4466 2629 4536 subsequentem
2661 4463 3022 4529 Dominicam,
3065 4479 3130 4516 ne
3163 4461 3332 4515 festus
3365 4460 3454 4513 hic
3490 4457 3596 4512 dies
3631 4451 3737 4504 cele—

533 4572 749 4626 semper
780 4560 1043 4614 nascitur.
1087 4579 1104 4612 ι
1150 4561 1293 4616 idem
1329 4561 1387 4615 S.
1427 4561 1586 4620 Pater
1614 4567 1667 4620 in
1705 4577 1936 4622 tractatu
1985 4586 2108 4640 per-
2141 4556 2182 4608 Ῑ)
2211 4559 2461 4612 bl‘m‘ewl'
2506 4557 2692 4611 εοάθιιὶ
2744 4557 2848 4622 die,
2911 4569 3020 4624 (1υο
3077 4553 3340 4607 Dominus
3389 4557 3570 4605 “05‘0"
3615 4543 3738 4597 Jesl's

534 4649 683 4704 brevi
711 4649 784 4704 De
815 4649 1062 4706 Susanna
1096 4655 1280 4712 multis
1318 4659 1483 4712 etiam
1515 4659 1769 4726 ostendit,
1799 4659 2107 4715 Susannam

531 4741 764 4810 ﬁguram
786 4745 1023 4814 gessisse
1052 4745 1326 4804 Ecclesite.
1361 4749 1416 4802 ln
1455 4766 1616 4821 opere
1650 4768 1779 4806 vero
1817 4751 1891 4806 De
1939 4755 2110 4806 tradi-

533 4837 671 4892 tione
689 4841 1044 4908 apostolorum
1063 4843 1237 4908 docet,
1253 4860 1482 4899 numero
1505 4845 1592 4908 l9,
1609 4845 1748 4913 apud
1765 4843 2105 4900 Gallandinm

531 4939 680 4984 tomo
701 4931 1096 4990 “Bibliotheca:
1123 4937 1367 5004 Patrum,
1395 4937 1648 4992 columna
1676 4937 1801 5004 507,
1826 4939 2101 5008 quodnam

635 5046 682 5077 ³³
721 5047 856 5102 Dan.
900 5067 1018 5116 xm,
1065 5052 1148 5108 l5.

605 5183 723 5262 ('58)_
761 5182 916 5248 Quod
959 5185 1059 5262 sic
1088 5187 1306 5262 lavacro
1357 5191 1787 5262 regenerationis
1827 5204 2106 5262 comparet

533 5249 890 5330 Hippolytus,
926 5255 1060 5309 nihil
1113 5259 1257 5330 aliud
1305 5249 1648 5316 cominodius
1695 5263 1806 5316 lino
1841 5249 2100 5330 occurrit,

509 5323 642 5404 'quo
666 5323 744 5403 sic
773 5327 1062 5404 capiuntur
1093 5329 1293 5404 pisces,
1333 5331 1566 5404 etcujus
1593 5334 1931 5402 metaphora,
1967 5323 2104 5404 pra};

532 5394 732 5467 dicatio
756 5396 1070 5467 evangelica
1093 5394 1313 5453 d’roclo
1337 5442 1350 5463 ,
1382 5394 1797 5467 Chiysostomb,
1829 5394 1982 5466 etc..-
2010 5407 2104 5460 dc-

531 5463 791 5538 claratur.
827 5463 956 5533 Ejus
985 5467 1165 5536 itaque
1197 5471 1372 5535 navis,
1397 5463 1518 5538 quae
1539 5463 1904 5538 Ecclesia-cst,
1935 5463 2102 5530 linum

533 5535 812 5610 capiendis
839 5535 1148 5610 pisciculis,
1176 5549 1227 5592 et
1261 5549 1318 5593 ut
1348 5535 1459 5610 jam
1501 5541 1706 5596 Christi
1752 5561 1816 5597 ac
1849 5535 2108 5600 Ecclesiae

535 5605 776 5658 membra
808 5607 916 5660 sint
945 5618 1092 5662 extra
1117 5611 1304 5663 mundi
1339 5605 1552 5680 profani
1580 5614 1929 5672 salsedinem.
1955 5617 2104 5670 lava-

533 5687 686 5726 crum
725 5685 809 5730 est
842 5680 1297 5749 regenerationis,
1347 5697 1453 5751 quo
1489 5683 1568 5736 sic
1597 5681 1816 5741 Christo
1858 5685 2107 5756 incorpo—

531 5756 738 5798 rantur.

2211 4651 2463 4706 Christus
2499 4657 2748 4705 mortuus
2787 4656 2869 4702 est
2900 4647 3033 4714 (Η).
3511 4731 3519 4733 _
3609 4727 3622 4733 Α
3677 4723 3687 4733 ,

2281 4743 2464 4798 Tertio
2499 4743 2654 4798 docet
2683 4741 2997 4796 solvendum
3039 4753 3158 4792 esse
3191 4727 3651 4803 Quadragcsimale
3672 4727 3736 4792 je-

2205 4835 2422 4907 junium
2453 4835 2734 4888 Dominica
2765 4831 3075 4886 Paschalis:
3103 4849 3119 4881 ‹
3151 4829 3372 4882 Solvere
3407 4835 3580 4880 autem
3610 4829 3738 4888 opor-

2213 4937 2286 4983 tet
2311 4928 2599 4999 jcjunium,
2636 4926 2727 4980 ubi
2763 4923 3044 4978 Dominica
3071 4921 3322 4976 inciderit
3347 4918 3479 4989 (45).
3511 4935 3530 4967 ι

2283 5207 2396 5277 (59)
2439 5205 2590 5292 lie-mi
2617 5203 2852 5270 Ceillicr,
2891 5201 3029 5256 Hist.
3073 5200 3248 5270 gént‘r.
3269 5197 3358 5252 des
3390 5199 3734 5260 auteurs,tom.

2211 5273 2428 5346 ll,'pag.
2462 5276 2584 5329 571.
2878 5343 2888 5354 .
3207 5342 3216 5351 .
3577 5333 3601 5362 Γ

2284 5347 2396 5422 (hil)
2529 5341 3058 5422 liipprxly't.thl).__De
3090 5339 3360 5402 Antichr.,
3395 5331 3652 5422 triumph.

2286 5398 2555 5489 intra,
2601 5398 2877 5489 auceps
2941 5413 3221 5489 Susanna.
3291 5398 3445 5489 aliud.
3498 5398 3734 5489 βίιητξτξίέςι

2215 5477 2348 5570 toni.
2385 5477 2676 5570 llucq'lum.
2721 5485 2826 5540 445
2859 5493 2913 5538 ct
2941 5482 3081 5552 hri-4,;
3105 5492 3156 5538 ct
3181 5477 3584 5552 apud’Fabric"
3627 5481 3733 5527 ιοωο

2213 5557 2254 5626 l,
2293 5573 2414 5626 pag.
2443 5557 2569 5610 9.75.

2287 5627 2398 5698 ('49.)
2438 5626 2543 5698 ιιι,
2579 5623 2818 5698 Deryrlo
2854 5623 3032 5696 pasch.

2286 5694 2395 5769 (l5)
2436 5696 2601 5764 idem,
2632 5694 2761 5749 ibid.
