3882 6546
137 412 236 470 561

1133 417 1219 474 DE
1259 417 1414 473 VlTA
1456 419 1542 473 ΕΤ
1583 418 1896 476 SCRIPTIS
1937 421 1994 476 S.
2040 420 2430 479 HlPPOLYTl.

3309 433 3417 490 3'39.

1441 665 1824 755 CAPUT
1917 665 2108 751 III.

136 835 517 898 JUDICIUM
572 839 677 900 DE
731 842 794 902 S.
854 840 1294 904 HIPPULYTI
1361 843 1744 916 INGENIO,

1825 820 2324 903 ERUDI'TIONE
2405 843 2506 905 AC
2565 845 2825 908 STYLO
2913 849 3019 910 DE
3056 852 3412 919 EIUSDEM

728 949 1226 1012 ERRORIBUS.
1287 944 1792 1022 OPERUMQUE
1847 948 2202 1008 EIUSDEM
2264 948 2798 1012 EDITIONIBUS.

689 1093 1089 1152 ARTICULUS
1130 1099 1172 1152 Ι.

203 1199 274 1238 DE
311 1200 549 1252 INGENIO,
592 1203 920 1242 ERUDITIONE
960 1205 1026 1244 AC
1065 1207 1232 1244 ετϊιιυ
1259 1206 1303 1245 S.
1349 1207 1652 1246 ιιιΡΡοιγτι.

201 1275 489 1330 Iudicium
519 1278 572 1332 Μ
578 1280 890 1334 aurinorum
908 1281 972 1334 de
994 1282 1224 1350 ingenio,
1252 1284 1568 1345 eruditione,
1599 1293 1724 1348 etc.,

137 1367 194 1422 S.
229 1369 539 1440 Hippolyti.
564 1403 632 1411 —
662 1372 874 1428 Eruditi
913 1373 1174 1428 Historia:
1217 1375 1498 1430 litterario:
1535 1375 1728 1429 Gallice

135 1475 392 1518 auctores
421 1463 491 1517 de
515 1466 687 1520 sancti
728 1465 1000 1538 Hippolyti
1041 1466 1362 1523 Portuensis
1393 1468 1612 1537 ingenio
1660 1481 1726 1522 ac

131 1556 444 1610 eruditione
467 1551 540 1611 ita
565 1560 919 1626 pronuntiant
947 1559 1097 1631 (44):
1154 1561 1292 1615 Cum
1335 1569 1560 1615 sanctus
1594 1559 1718 1628 Hip-

132 1647 348 1717 polytus
402 1657 516 1702 tam
566 1651 782 1717 multa,
833 1653 1297 1719 quemadmodum
1357 1653 1721 1717 ostendimus,

130 1741 530 1810 conscripserit
563 1758 751 1812 opera,
779 1760 887 1799 non
916 1745 1236 1800 dubitamus
1261 1745 1394 1815 quin
1425 1747 1508 1800 vir
1553 1749 1722 1802 multa

131 1833 441 1888 eruditione
476 1833 660 1890 fuerit.
693 1835 868 1902 Quid?
903 1838 1050 1906 quod
1083 1855 1184 1896 nos
1220 1840 1455 1894 necdum
1499 1840 1552 1893 in
1601 1856 1724 1895 om-

133 1926 301 1991 nium,
327 1943 456 1996 quze
484 1943 515 1982 e
551 1928 764 1983 calamo
790 1929 909 1998 ejus
938 1931 1163 1995 ﬂuxere,
1197 1947 1424 2001 Operum
1471 1935 1718 1988 notitiam

131 2018 466 2085 pervenisse,
489 2020 662 2074 multo
683 2030 866 2076 autem
894 2022 1078 2077 minus
1108 2023 1198 2076 illa
1222 2023 1406 2076 omnia
1431 2032 1483 2078 et
1507 2026 1720 2096 singula

130 2109 421 2166 adnotasse
448 2112 799 2167 arbitremur.
833 2112 947 2169 Hoc
984 2114 1177 2168 saltem
1223 2124 1439 2170 constat
1471 2117 1716 2183 omnino,

131 2204 268 2272 quod
292 2205 512 2259 nullum
535 2207 860 2261 eruditionis
883 2208 1269 2264 ecclesiastica:
1299 2217 1428 2264 tunc
1461 2211 1719 2280 temporis

132 2294 290 2349 fuerit
315 2313 494 2366 genus
512 2338 527 2361 ,
557 2299 626 2353 de
653 2315 765 2368 quo
789 2315 897 2354 non
939 2299 1143 2369 aliquid
1166 2301 1371 2370 scripto
1400 2303 1714 2372 reliquerit;

133 2387 259 2441 adeo
287 2398 348 2442 ut
367 2390 578 2458 optimo
607 2390 732 2460 jure
757 2390 1039 2446 sistendus
1065 2408 1096 2446 a
1129 2393 1287 2447 nobis
1319 2393 1418 2448 hoc
1441 2395 1564 2449 loco
1587 2411 1717 2450 san.-

133 2487 247 2532 ctus
280 2479 610 2549 Hippolytus
631 2491 776 2536 esset
803 2482 964 2536 veluti
997 2497 1281 2538 sacrarum
1305 2483 1606 2540 litterarum
1633 2486 1713 2540 in-

138 2580 357 2639 terpres,
389 2573 701 2639 canonista,
728 2574 1035 2645 theologus,
1065 2577 1510 2640 controversista,
1549 2578 1719 2633 histo-

136 2663 294 2726 ricus,
329 2664 732 2735 ehronologus,
775 2672 960 2719 orator
983 2675 1146 2736 atque
1168 2678 1328 2738 poeta
1345 2668 1714 2724 Christianus.

137 2745 362 2804 Sanctus
389 2767 612 2821 quoque
649 2752 1010 2826 Hieronymus
1039 2756 1153 2828 (45)
1187 2773 1295 2812 non
1324 2757 1539 2813 dubitat
1587 2775 1716 2812 san-

136 2849 269 2893 ctum
302 2853 555 2898 nostrum
591 2861 688 2900 eos
717 2846 857 2901 inter
884 2847 1147 2904 Ecclesia:
1178 2849 1367 2904 Patres
1392 2865 1674 2905 recensere
1698 2890 1714 2915 ,

141 2949 158 2982 ι
184 2933 354 3000 quiin
391 2943 603 2989 tantum
637 2938 835 3006 (verba
861 2948 990 2994 sunt
1016 2940 1260 2994 doctoris
1301 2941 1526 2994 maximi
1550 2949 1566 3006 )
1593 2942 1715 3010 phi»

141 3023 486 3092 Iosophorum
528 3029 794 3084 doctrinis
829 3040 991 3100 atque
1035 3033 1324 3087 sententiis
1374 3049 1506 3088 suos
1534 3050 1714 3088 resar-

140 3113 276 3170 ciunt
304 3118 508 3182 libros,
541 3130 602 3173 ut
631 3123 850 3178 nescias
899 3124 1028 3194 quid
1056 3123 1107 3177 in
1136 3124 1242 3179 illis
1270 3125 1505 3192 primum
1536 3127 1713 3180 admi-

141 3208 240 3260 rari
264 3209 494 3276 debeas,
524 3215 892 3270 eruditionem
930 3216 1134 3289 saeculi,
1158 3232 1228 3271 an
1254 3217 1537 3273 scientiaru
1569 3218 1715 3274 Scri-

144 3307 441 3365 pturarum.
484 3320 503 3353 ι

206 3388 496 3446 Maximam
525 3409 648 3449 esse
681 3399 822 3451 inter
863 3397 1168 3453 doctrinam
1219 3401 1392 3454 sancti
1443 3399 1714 3471 Hippolyti

145 3480 299 3530 nostri
332 3489 388 3533 et
430 3481 579 3536 illam
613 3484 723 3536 divi
752 3483 939 3541 Irenazi
989 3488 1075 3541 sui
1117 3490 1365 3558 magistri
1398 3491 1715 3544 consensio-

147 3584 252 3622 nem
283 3586 349 3624 ex
401 3571 492 3638 iis,
545 3590 666 3643 quae
699 3592 862 3646 supra
891 3579 956 3632 de
986 3580 1222 3635 residuis
1264 3581 1412 3635 illius
1457 3583 1714 3650 operibus

145 3657 553 3728 disputavimus,
590 3664 748 3721 facile
787 3668 1155 3738 deprehendet
1203 3672 1481 3725 studiosus
1511 3673 1712 3740 llector.

148 3749 309 3807 Causa
336 3770 468 3810 vero
504 3757 668 3826 hujus
722 3762 1105 3819 consensionis
1149 3779 1494 3834 nequaquam
1530 3773 1711 3820 tamen
1745 3794 1785 3847 ο

151 3843 198 3896 in
225 3845 360 3900 illius
407 3847 800 3919 discipulaturn
860 3855 1018 3910 unice
1075 3856 1415 3912 refundenda
1451 3871 1572 3925 est;
1621 3861 1716 3914 sed

152 3937 472 4002 potissimum
527 3942 691 3996 etiam
740 3944 843 3999 hoc
874 3947 1022 4002 illius
1077 3963 1306 4003 summa:
1357 3950 1716 4005 sollicitudini

153 4030 538 4099 ascribendum,
590 4051 753 4103 quam
811 4037 1124 4100 adhibebat,
1181 4055 1249 4092 ne
1297 4041 1382 4094 vel
1426 4041 1714 4096 minimum

154 4119 452 4191 quidquam,
481 4125 630 4193 quod
665 4127 734 4180 ab
758 4130 1203 4184 antecessoribus
1238 4131 1357 4185 suis
1409 4143 1714 4202 acceperat,

151 4209 439 4270 immutaret
471 4217 606 4288 (46).

211 4303 673 4369 Quemadmodum
722 4321 902 4366 autem
961 4313 1018 4368 S.
1083 4316 1321 4370 tremens
1373 4317 1713 4372 divinitatem

151 4390 292 4449 Verbi
323 4399 513 4452 aeterni
549 4410 658 4454 tam
689 4404 865 4458 valide
914 4420 978 4458 ac
1009 4407 1208 4461 invicte
1259 4409 1625 4475 continuavit,
1656 4421 1714 4464 ut

149 4488 286 4553 pauci
315 4491 544 4544 omnino
575 4495 752 4548 sancti
781 4494 973 4551 Patres
1007 4500 1240 4552 concilio
1273 4495 1494 4555 Nicaeno
1533 4513 1715 4570 poste—

149 4575 304 4633 riores
350 4580 417 4634 de
473 4582 581 4636 hoc
621 4584 902 4654 religionis
956 4591 1221 4659 mysterio
1276 4591 1496 4662 dignius
1547 4593 1712 4647 locuti

149 4663 362 4736 iuerint;
395 4672 475 4727 sic
502 4672 617 4728 fere
641 4677 849 4741 omnia,
878 4694 1000 4746 qua:
1041 4690 1325 4749 superant,
1363 4684 1537 4737 sancti
1582 4683 1714 4754 Ilip-

148 4758 294 4829 polyti
345 4765 552 4833 scripta
588 4767 830 4822 textibus
859 4781 1108 4825 conserta
1156 4783 1318 4834 sunt,
1365 4776 1566 4843 quibus
1597 4777 1713 4831 lucc

147 4847 370 4907 doctrina
404 4855 716 4912 clarissime
748 4861 1042 4916 stabilitur.
1099 4862 1238 4919 Hine
1287 4864 1538 4934 judicare
1589 4869 1715 4923 licet

148 5011 315 5096 ,ηρ-ί)
359 5013 888 5096 Histoirelittératre
910 5019 974 5073 de
993 5017 1049 5073 la
1086 5017 1315 5088 France,
1353 5032 1486 5077 tom.
1519 5023 1558 5088 l,
1588 5040 1708 5096 pag.

149 5080 237 5135 597
255 5080 305 5137 et
328 5086 473 5138 suiv.

209 5154 414 5232 ($5)_S.
467 5153 811 5232 Hieronym.,
855 5161 1015 5229 epist.
1057 5163 1122 5215 ad
1175 5161 1428 5232 Magnum
1461 5167 1708 5232 {orator.,
1745 5142 1790 5196 θ

151 5236 285 5296 num.
314 5226 400 5288 70,
431 5241 485 5294 p.
510 5226 615 5279 450
654 5226 784 5283 edit.
817 5226 1022 5286 noviss.
1061 5226 1456 5296 Venet.,'in-4.

157 5295 510 5420 5(ig2ni‘glld
540 5297 785 5372 Fabric.,
828 5304 965 5376 Opp.
993 5295 1268 5374 Hippolyt.
1321 5314 1455 5358 tom.
1496 5305 1537 5372 Ι,
1584 5322 1709 5377 pag.

155 5381 199 5428 ο,
229 5381 369 5422 num.
396 5381 453 5421 2.

348 5437 540 5515 Sani,
575 5437 721 5494 Hist.
750 5439 956 5505 ecclcs.,
981 5442 1073 5495 lib.
1102 5459 1140 5504 ι,
1167 5459 1288 5515 pag.
1317 5444 1405 5498 98.

215 5505 316 5584 (48)
353 5509 959 5584 Circa_antintir_tailicti
993 5505 1206 5578 astatis,
1237 5505 1360 5579 ἷμιο
1395 5531 1588 5584 passus
1626 5528 1709 5572 est

158 5571 401 5656 Christus,
435 5581 630 5656 maluit
663 5580 720 5633 S.
753 5579 1074 5652 Hippolytus
1099 5571 1408 5656 abire-tneo.
1446 5571 1708 5656 magistro

161 5658 244 5724 suo
276 5650 566 5724 discedere,
620 5668 784 5720 quam
836 5668 866 5704 a
913 5650 1187 5707 cdmmuni
1240 5650 1706 5712 sententiafNam

162 5719 423 5797 scripserat
468 5719 714 5797 _lrenazus
753 5738 976 5797 passum
1007 5740 1126 5797 esse
1157 5725 1432 5780 Christum
1469 5731 1708 5797 quadra-

163 5789 356 5865 genario
379 5792 636 5865 majorem
664 5789 824 5865 libfn
861 5795 979 5846 adv.
1019 5795 1228 5861 ltwrcs.,
1250 5813 1369 5865 cap.
1402 5789 1498 5851 ἓξὲξ
1529 5797 1704 5852 Econ-

166 5865 231 5906 tra
257 5856 566 5931 Hippolytus
592 5864 642 5916 in
675 5864 1117 5935 interpretatione
1149 5856 1526 5935 in'Dauielcm,
1549 5886 1699 5925 num.

1763 1105 1806 1157 Α
1835 1099 1902 1152 de
1927 1099 2300 1167 magnitudine
2335 1099 2570 1169 injuriae,
2601 1116 2766 1170 quam
2794 1115 2984 1159 sancto
3007 1115 3198 1160 nostro
3227 1108 3411 1164 intulit

1833 1189 2070 1245 Sandius
2101 1191 2236 1260 (47),
2260 1191 2390 1245 dum
2428 1192 2677 1247 eumdem
2707 1205 2971 1261 accusat,
2999 1199 3157 1266 quasi
3189 1201 3410 1270 apposi-

1831 1292 1939 1336 tam
1963 1283 2287 1337 sententiam
2322 1284 2610 1338 tenuisset.
2650 1281 2756 1339 Sed
2793 1286 2861 1339 ab
2904 1288 3004 1342 hac
3032 1287 3167 1343 falsa
3218 1292 3409 1344 crimi-

1829 1376 2050 1428 natione
2097 1375 2166 1429 cl.
2205 1374 2393 1429 Bullus
2429 1377 2539 1446 (48)
2587 1379 2838 1433 eumdem
2871 1389 2979 1433 tam
3028 1381 3185 1449 plene
3213 1397 3278 1434 ac
3312 1398 3414 1436 cu-

1829 1466 2032 1518 mulate
2063 1465 2379 1530 vindicavit,
2413 1475 2473 1522 ut
2502 1469 2648 1523 nulla
2671 1471 2908 1538 supersit
2942 1471 3176 1540 amplius
3218 1473 3321 1527 hac
3353 1473 3408 1527 in

1828 1571 1886 1609 re
1916 1555 2227 1611 ditiicultas.

1898 1648 2125 1718 Insuper
2171 1659 2394 1705 sanctus
2440 1649 2758 1721 Hippolytus
2790 1652 2871 1706 sui
2905 1653 3147 1722 magistri
3191 1663 3414 1710 secutus

1825 1753 1908 1799 est
1933 1744 2236 1798 doctrinam
2272 1745 2324 1797 in
2355 1745 2677 1799 stabilienda
2727 1746 3034 1798 animarum
3085 1746 3409 1800 immortali-

1825 1842 1933 1888 tate
1978 1850 2043 1890 ac
2095 1851 2386 1906 corporum
2426 1838 2847 1892 resurrectione.
2883 1837 3012 1892 Dure
3043 1838 3126 1891 lue
3154 1839 3412 1893 veritates

1823 1927 2105 1996 religionis
2132 1927 2456 1982 Christianae
2486 1944 2584 1982 sua
2615 1936 2772 1983 relate
2802 1927 3106 1997 praeprimis
3144 1929 3412 1985 acerrime

1823 2019 2153 2088 impugnata
2197 2017 2440 2072 fuerunt.
2471 2018 2794 2088 Opinionem
2837 2020 2904 2072 de
2953 2021 3408 2091 metempsychosi

1821 2109 1984 2164 etiam
2009 2110 2224 2175 evertit,
2256 2118 2419 2180 atque
2441 2110 2827 2165 auctoritatem
2860 2112 3238 2182 Apocalypsis,
3265 2113 3410 2168 velut

1821 2202 2042 2271 genuini
2076 2201 2306 2257 Joannis
2345 2203 2690 2272 evangelista
2723 2204 2935 2272 scripti,
2965 2203 3228 2258 defendit.
3261 2204 3408 2270 Quin

1817 2307 1885 2347 eo
1910 2294 2073 2348 etiam
2101 2293 2388 2364 processit,
2413 2303 2471 2348 ut
2496 2294 2819 2349 sententiam
2844 2311 3064 2364 quoque
3093 2295 3262 2359 illam,
3287 2311 3414 2366 qum

1820 2397 2011 2442 sancto
2045 2386 2247 2442 Irenaeo
2280 2387 2460 2457 quoad
2488 2387 2784 2457 Epistulam
2819 2389 2885 2442 ad
2921 2388 3176 2443 Hebrzeos
3208 2390 3411 2444 tribui-

1823 2487 1928 2542 tur,
1961 2479 2106 2548 quod
2154 2477 2412 2532 nimirum
2445 2493 2552 2533 non
2590 2479 2661 2532 sit
2693 2478 2804 2533 divi
2848 2478 3023 2544 Pauli,
3060 2480 3413 2549 amplexatus

1821 2570 2013 2636 fuerit;
2045 2587 2360 2641 quanquam
2406 2571 2653 2626 eamdem
2705 2580 2762 2625 ut
2810 2571 3147 2639 Scripturam
3196 2586 3410 2626 sacram

1819 2663 2143 2732 susceperit.
2187 2663 2267 2716 Ad
2298 2663 2412 2718 haec
2444 2663 2760 2718 verosimile
2790 2671 2874 2718 est
2912 2663 3262 2718 Portuensem
3295 2662 3411 2731 epi-

1819 2767 2045 2822 scopum
2078 2754 2265 2807 saltem
2299 2769 2365 2807 ex
2395 2762 2549 2822 parte
2581 2754 2823 2823 opinioni
2855 2755 2962 2807 divi
2993 2753 3179 2808 lrenmi
3213 2769 3402 2808 acces-

1820 2847 1959 2902 sisse
1993 2845 2059 2901 de
2096 2855 2238 2901 statu
2273 2847 2580 2900 animarum
2609 2855 2733 2916 post
2766 2858 3018 2913 mortem,
3047 2857 3101 2900 et
3141 2847 3208 2902 de
3235 2846 3408 2900 dura-

1821 2938 1967 2990 tione
2018 2939 2232 3001 mundi,
2282 2954 2446 3008 quam
2483 2947 2712 3008 uterque
2742 2940 2949 2992 exactis
2999 2955 3092 2992 sex
3140 2951 3410 2992 annorum

1822 3028 2064 3082 millibus
2093 3031 2425 3083 statuebant.

1888 3121 1958 3175 At
2002 3121 2324 3191 magistrum
2358 3137 2517 3177 suum
2552 3122 2604 3175 in
2638 3122 2820 3178 studio
2868 3120 3287 3190 interpretanda:
3319 3136 3412 3175 sa-

1819 3229 1928 3270 cra:
1951 3213 2246 3281 Scriptura:
2271 3213 2545 3270 indefesso
2567 3214 2900 3278 antecelluit,
2928 3214 3159 3282 indeque
3185 3213 3408 3282 planum
3472 3277 3486 3290 I

1820 3303 1969 3368 fecit,
2004 3303 2150 3372 quod
2187 3318 2473 3357 sacrorum
2515 3304 2776 3358 librorum
2813 3302 3224 3372 intelligentiam
3263 3302 3412 3355 velut

1821 3413 1934 3451 rem
1972 3397 2171 3451 summi
2211 3397 2472 3450 momenti
2505 3398 2570 3451 ad
2604 3397 2921 3466 religionem
2950 3405 3153 3450 sartam
3183 3403 3409 3448 tectam-

1819 3504 1924 3558 que
1978 3488 2300 3543 servandam
2356 3489 2745 3543 consideravit.
2804 3487 2930 3541 Hmc
2987 3487 3164 3557 gloria
3217 3495 3414 3541 sancto-

1821 3580 2112 3650 Hippolyto
2161 3588 2348 3637 nostro
2393 3579 2642 3642 debetur,
2675 3579 2820 3648 quod
2861 3579 3069 3647 primas
3104 3578 3245 3631 inter
3280 3593 3411 3632 san-

1818 3679 1937 3724 ctos
1965 3669 2170 3733 Patres,
2204 3669 2296 3737 qui
2350 3671 2403 3722 in
2455 3669 2637 3737 plures
2687 3683 2859 3722 sacrae
2902 3667 3199 3737 Scriptura:
3237 3667 3410 3722 libros

1818 3762 2193 3831 con'nnentati
2219 3761 2444 3826 fuerint,
2473 3761 2708 3815 tenuerit
2749 3769 2970 3829 partes;
3005 3761 3258 3829 quodque
3292 3759 3414 3828 ipse

1821 3852 2175 3908 incitamento
2226 3868 2288 3905 ac
2337 3852 2587 3920 exemplo
2640 3850 2804 3905 fuerit
2855 3867 3052 3920 magno
3092 3849 3311 3919 Origeni
3341 3850 3406 3904 ad

1821 3945 2227 4015 suscipiendum
2280 3944 2520 3996 laborem
2583 3941 2844 3996 Ecclesia:
2901 3953 3008 3996 tam
3079 3943 3405 4010 proﬁcuum.

1821 4035 2122 4089 Fatendum
2171 4035 2334 4088 etiam
2379 4033 2566 4102 quod,
2623 4032 2858 4101 Origene
2907 4042 3170 4100 excepto,
3225 4031 3416 4085 nullus

1821 4125 1923 4180 SS.
1955 4125 2176 4178 Patrum
2227 4125 2347 4193 plus
2394 4138 2575 4192 opera:
2629 4122 2840 4176 dederit
2895 4122 3077 4175 sensui
3109 4121 3415 4190 allegorice

1818 4235 1980 4289 quam
2014 4227 2237 4272 sanctus
2265 4215 2608 4285 Hippolytus.
2645 4213 2820 4281 Hujus
2849 4214 2925 4266 rei
2963 4228 3095 4268 sane
3125 4212 3410 4267 convinci-

1820 4324 1945 4362 mur
1976 4323 2042 4361 ex
2075 4306 2319 4375 reliquiis
2355 4305 2599 4374 ejusdem
2648 4304 3167 4358 commentariorum
3216 4303 3269 4357 in
3319 4318 3407 4357 sav

1818 4416 1940 4456 cras
1971 4400 2198 4453 litteras.
2230 4397 2459 4452 Photius
2485 4397 2596 4466 (49)
2622 4410 2842 4464 quoque
2874 4395 3128 4449 observat
3153 4395 3408 4448 eumdem

1819 4494 2111 4562 protulisse
2141 4491 2437 4546 sententias
2470 4493 2534 4543 ad
2563 4488 2807 4542 veritatis
2834 4487 3020 4541 limam
3059 4487 3240 4540 minus
3270 4502 3402 4540 exa-

1817 4591 1971 4646 ctas;
2018 4581 2109 4636 sed
2175 4582 2288 4635 haec
2332 4576 2563 4634 Photius
2612 4578 2862 4647 intelligit
2907 4578 2973 4632 de
3015 4592 3076 4631 ea
3125 4577 3402 4646 diligentia

1816 4684 1869 4729 et
1897 4690 2050 4738 cura,
2077 4689 2200 4742 quae
2231 4673 2466 4742 primum
2513 4671 2677 4740 longo
2713 4680 2958 4738 tempore
3005 4677 3128 4738 post
3163 4677 3401 4730 atatem,

1816 4783 1920 4836 qua
1971 4775 2194 4821 sanctus
2237 4774 2421 4821 noster
2470 4764 2786 4835 scripserat,
2823 4761 3062 4816 innotuit
3110 4770 3274 4830 atque
3307 4759 3405 4814 ob-

1818 4866 2032 4912 servata
2069 4855 2188 4910 fuit.

1814 5034 1886 5099 4,
1923 5033 2035 5088 ait:
2080 5054 2097 5084 ‹
2133 5033 2334 5089 Passus
2369 5049 2494 5087 vero
2527 5040 2612 5086 est
2638 5045 2784 5085 anno
2820 5029 3098 5084 tricesimo
3136 5025 3315 5079 tertio.
3355 5042 3389 5099 _t

1892 5103 2003 5173 (49)
2052 5123 2069 5154 t
2103 5103 2263 5158 Lecta
2298 5113 2382 5158 est
2421 5102 2695 5172 Hippolyti
2748 5100 2987 5173 episcopi
3038 5095 3402 5173 et_martyris

1819 5167 2192 5243 interpretatio
2241 5167 2694 5241 Danielisfqném
2740 5167 2842 5243 etsi
2897 5169 2962 5243 ad
3012 5167 3238 5222 verbum
3293 5181 3403 5219 non

1817 5239 2073 5314 explicat.
2107 5243 2428 5299 sententiam
2469 5239 2761 5314 tamentut
2797 5241 2868 5293 ita
2899 5239 3100 5304 dicam,
3133 5251 3240 5289 non
3272 5249 3404 5301 pra:-

1814 5310 2092 5370 tercurrit.
2122 5315 2287 5368 Multa
2334 5327 2496 5383 porro
2531 5310 2697 5366 veteri
2746 5325 2922 5383 more,
2951 5324 3056 5361 non
3082 5315 3170 5383 Aut
3214 5315 3400 5373 postea

1815 5388 1966 5440 fuere
2016 5375 2353 5457 accuratius-
2379 5397 2630 5443 excussa,
2673 5375 3399 5457 persequitur._Quanquam

1814 5470 2002 5509 eorum
2036 5457 2186 5524 posci
2224 5455 2489 5508 rationem
2519 5446 2734 5524 atquuin
2769 5446 3006 5524 nonest.
3041 5446 3226 5524 Neque
3253 5447 3398 5524 enim

1814 5527 1898 5581 fas
1928 5529 1995 5579 ab
2025 5518 2110 5592 iis,
2139 5527 2229 5595 qui
2261 5518 2609 5578 fundamenta
2640 5523 2716 5576 rei
2742 5520 2971 5589 alicujus
3005 5518 3398 5572 consideranda

1818 5597 2121 5666 posuerint,
2163 5596 2430 5649 rationem
2487 5603 2730 5666 repetere
2778 5607 2984 5666 eorum
3030 5604 3151 5658 qua:
3208 5597 3397 5666 pra’te—

1817 5657 1996 5731 i'ierc;
2052 5667 2146 5721 sed
2204 5666 2386 5720 favere
2415 5657 2594 5734 potius
2626 5661 2846 5716 conatui
2886 5660 3008 5730 ipsi,
3045 5657 3397 5734 quantulum-

1815 5730 2030 5807 cunque
2064 5739 2116 5790 in
2146 5752 2326 5807 rerum
2353 5730 2888 5807 contemplandarum
2914 5730 3397 5801 comprehensione

1819 5805 2203 5878 processerint.
2235 5827 2252 5861 ι
2297 5806 2478 5876 PhoL,
2501 5805 2636 5881 _cod.
2666 5819 2790 5860 ccu.
