3882 6548
463 444 573 501 585

1444 436 1531 491 DE
1571 434 1733 491 VlTA
1772 432 1859 487 ET
1900 431 2218 487 SCRIPTIS
2257 427 2315 487 s.
2350 412 2723 483 utPPOLvrt‘

3620 417 3735 473 ΞΜ

534 557 716 630 Stylus
764 556 934 612 sancti
978 554 1273 625 Hippolyti.
1314 585 1382 595 —
1430 554 1582 620 Quod
1634 563 1813 607 autem
1870 552 2043 608 sancti
2076 563 2118 617 Α
2155 573 2179 600 τ
2224 547 2296 601 hil
2351 547 2513 601 habet
2564 546 2801 606 irritum,
2836 541 3087 614 quamvis
3132 540 3181 595 ei
3227 538 3348 610 styli
3381 538 3739 593 Atheniensis

463 650 736 721 Hippolyti
789 647 1001 703 dicendi
1052 647 1435 717 scribendique
1480 646 1708 699 formam
1738 645 2041 711 conceruit,

464 745 582 797 lucc
627 755 817 794 omnes
864 739 1116 793 amabilis
1146 739 1446 807 primorum
1484 736 1805 791 szeculorum
1834 736 2043 805 simpli-

460 833 642 886 citatis
670 844 781 899 pra:
810 844 867 883 se
898 827 1000 882 fert
1027 830 1396 882 characteres.
1433 825 1545 881 llac
1576 835 1753 880 tamen
1796 841 1906 879 non
1948 826 2046 879 ob-

440 934 638 979 stante
691 923 850 976 divus
902 921 1267 992 Hieronymus
1301 936 1553 989 magnam
1582 919 1903 988 eloquentia:
1935 918 2042 971 vim

463 1024 654 1070 sancto
700 1023 886 1069 nostro
939 1014 1161 1068 ascribit
1192 1012 1304 1081 (50)
1354 1031 1366 1065 :
1418 1012 1687 1081 siquidem
1738 1010 2046 1079 eloquentia

462 1107 691 1161 multum
746 1106 1023 1159 sociabilis
1067 1114 1146 1158 est
1199 1120 1323 1158 cum
1384 1102 1753 1172 simplicitate,
1789 1117 1952 1171 quam
1991 1102 2046 1155 in

460 1194 583 1261 ejus
617 1192 836 1260 scriptis
863 1193 1298 1247 observavimus.
1330 1191 1646 1262 Eloquentia
1681 1191 1826 1245 enim
1862 1192 1905 1245 is
1930 1206 2047 1245 om-

464 1285 596 1338 nino
640 1285 803 1350 valet,
832 1299 1146 1354 quanquam
1194 1284 1429 1353 simplici
1477 1291 1661 1337 utatur
1695 1283 1855 1353 stylo,
1890 1284 2046 1352 quis-

462 1374 589 1444 quis
620 1384 740 1444 apte
767 1384 820 1428 et
841 1377 1086 1444 apposite
1115 1376 1178 1429 ad
1211 1374 1646 1444 persuadendum
1674 1375 1928 1439 disserit;
1959 1375 2048 1428 ille

466 1477 646 1521 autem
681 1470 1005 1537 persuadere
1046 1475 1241 1539 potest,
1273 1470 1365 1538 qui
1410 1469 1745 1539 argumentis
1779 1470 1951 1523 utitur
1981 1470 2047 1524 ad

466 1558 890 1615 commovendos
918 1570 972 1614 et
999 1561 1272 1616 sedandos
1302 1559 1530 1615 affectus
1564 1562 1800 1615 maxime
1832 1576 2048 1615 accom-

469 1649 726 1705 tnodaﬁs.

537 1739 805 1794 Caeterum
847 1742 1020 1811 stylus
1048 1741 1168 1810 ejus
1201 1749 1320 1796 erat
1348 1740 1551 1811 gravis,
1580 1740 1781 1805 clarus,
1821 1739 2048 1805 nitidus,

466 1832 740 1897 concisus,
777 1832 1060 1887 inutilibus
1103 1832 1263 1886 rebus
1308 1833 1532 1886 minime
1572 1832 1795 1887 omnino
1824 1830 2051 1885 intrica~

2153 659 2171 692 δ
2221 639 2401 694 desint
2453 639 2688 708 lepores.
2737 634 2855 690 Non
2907 650 3035 688 vera
3083 636 3306 702 promit,
3338 640 3393 685 et
3449 631 3503 682 in
3539 630 3741 699 primis

2154 751 2173 783 «
2224 730 2474 801 Epistolae
2521 729 2588 783 ad
2642 727 2899 783 Hebraeos
2944 724 3173 779 Paulum
3221 741 3326 778 non
3373 738 3496 778 esse
3543 730 3741 775 auclo-

2154 843 2173 877 «
2220 840 2464 880 rema...
2485 822 2642 893 Apud
2669 822 2919 876 eumdem
2957 829 3235 874 auctorem
3270 816 3576 888 (Pltotium)
3605 813 3741 869 alibi

2154 916 2430 988 Hippolyti
2479 914 2855 970 commentarii
2901 914 3183 981 cujusdam
3234 912 3287 965 in
3346 910 3628 963 Daniclem
3681 909 3744 962 ﬁt

2149 1008 2407 1062 mentio:
2457 1024 2475 1057 «
2510 1004 2737 1059 Etiamsi
2789 1018 2897 1056 non
2952 1003 3206 1072 explicet,
3256 1001 3436 1070 inquit
3483 998 3742 1059 Photius,

2153 1100 2337 1153 «illum
2371 1098 2689 1167 pr0phctam
2718 1096 2783 1149 ad
2810 1096 3067 1158 litteram,
3102 1096 3277 1163 ipsum
3311 1102 3492 1146 tamen
3526 1092 3741 1144 nullum

2155 1191 2431 1245 «omittere
2458 1204 2701 1251 sensum.
2742 1189 3048 1258 priscorum
3100 1202 3251 1240 more
3281 1202 3368 1239 res
3416 1185 3701 1253 explicare
3725 1226 3741 1249 ,

2154 1297 2292 1335 «non
2318 1296 2446 1335 vero
2480 1282 2554 1334 ita
2586 1290 2859 1342 accurate,
2889 1290 2949 1334 ut
2978 1280 3175 1333 exinde
3209 1278 3661 1347 suntexpositaa;
3690 1286 3747 1329 at

2156 1389 2294 1427 «non
2322 1372 2943 1443 ideocensoriadiguum
2971 1388 3091 1426 esse
3117 1372 3348 1439 virgula,
3370 1371 3499 1440 quia
3521 1383 3743 1438 aequum

2157 1482 2293 1518 tuon
2324 1476 2405 1521 est
2453 1466 2522 1519 ab
2570 1466 2656 1526 iis,
2686 1465 2780 1534 qui
2826 1466 3068 1519 scientia:
3118 1463 3475 1517 fundamenta
3500 1462 3743 1531 jaciunt,

2159 1557 2405 1625 «exigere
2459 1565 2521 1611 ut
2552 1556 2685 1610 nihil
2728 1557 3017 1610 omittant:
3051 1566 3239 1610 contra
3286 1570 3417 1609 vero
3450 1570 3551 1609 eos
3588 1554 3747 1608 laude

2159 1648 2383 1716 «dignos
2403 1663 2549 1711 esse,
2582 1648 2727 1717 quod
2761 1648 2921 1717 primi
2957 1663 3045 1701 res
3076 1647 3406 1717 aperuerint,
3440 1657 3493 1701 et
3518 1646 3745 1701 invene-

2167 1740 2362 1793 crint.)
2419 1739 2687 1793 Caeterum
2746 1753 2960 1793 errasse
3024 1737 3373 1809 Hippolytum
3435 1754 3564 1793 cum
3626 1739 3746 1792 finis

2155 1830 2344 1883 mundi
2377 1838 2593 1898 tempus
2630 1829 2857 1884 delinire
2880 1830 3073 1895 voluit,
3106 1840 3160 1884 ct
3189 1830 3512 1885 Antichristi
3548 1830 3747 1884 adven-

470 1935 577 1991 tus,
615 1934 779 1994 atque
828 1942 1108 1981 sacrarum
1161 1926 1566 1995 Scripturarum
1621 1924 2049 1994 interpretationi
2085 1918 2124 1971 Β
2156 1928 2269 1975 tum
2304 1937 2467 1991 quem
2497 1921 2659 1977 Jesus
2682 1922 2854 1976 voluit
2877 1923 3154 1976 occultum
3176 1921 3483 1992 discipulis,
3512 1923 3603 1976 vel
3624 1939 3745 1976 cum

468 2018 704 2071 maxime
734 2033 1061 2087 congruens.
1096 2017 1197 2072 Sed
1235 2018 1445 2087 lepores
1479 2032 1543 2073 ac
1571 2025 1914 2071 venustatem
1948 2016 2052 2070 ele-

466 2108 664 2176 gantia
689 2107 879 2161 Atticae
909 2124 1015 2162 non
1047 2110 1225 2163 habet.
1252 2108 1472 2177 Regulae
1498 2124 1717 2179 quoque
1747 2108 1813 2163 ad
1847 2122 2051 2163 sermo-

466 2200 554 2253 nis
583 2199 904 2269 elegantiam
939 2200 1306 2255 conducentes
1335 2201 1605 2254 interdum
1653 2200 1722 2254 ab
1768 2214 1834 2253 eo
1869 2201 2050 2270 negle—

466 2299 565 2343 ctae
592 2289 830 2343 fuerunt.
866 2289 989 2345 Haec
1033 2290 1099 2344 de
1138 2291 1339 2355 indole,
1374 2292 1613 2361 ingenio,
1642 2291 1948 2345 eruditione
1986 2304 2051 2347 ac

466 2381 608 2451 stylo
632 2382 805 2435 sancti
838 2381 1106 2452 Hippolyti
1132 2381 1421 2437 clarissimi
1447 2382 1549 2436 viri
1573 2398 1602 2436 e
1631 2383 2050 2452 congregatione

464 2467 654 2523 Sancti
690 2469 861 2523 Mauri
894 2471 1340 2538 pronuntiarunt.

539 2560 706 2615 Crisis
742 2561 997 2615 Ceillierii
1024 2562 1087 2614 de
1112 2563 1341 2631 ingenio,
1364 2562 1658 2616 eruditione
1683 2580 1745 2616 ac
1766 2562 1902 2632 stylo
1927 2579 2051 2616 san-

462 2653 536 2705 cti
577 2652 873 2721 Hippolyti.
904 2683 974 2693 —
1018 2652 1098 2706 Ab
1148 2654 1342 2706 borum
1392 2655 1633 2707 virorum
1676 2653 1882 2722 judicio
1938 2669 2049 2708 non

463 2744 671 2797 abludit
702 2744 859 2797 crisis
894 2744 1192 2798 doctissimi
1225 2743 1501 2809 Ceillierii,
1536 2760 1645 2813 quo
1689 2745 1875 2815 judice
1919 2761 2049 2801 san-

466 2844 587 2889 ctus
618 2846 801 2888 n05ter
830 2833 1153 2906 Hippolytus
1180 2836 1369 2890 habuit
1394 2836 1670 2906 ingenium
1704 2838 2046 2906 praeclarum,

466 2925 597 2979 mite
626 2934 790 2994 atque
821 2941 852 2979 a
883 2935 1063 2997 satyra
1094 2927 1320 2981 omnino
1350 2928 1671 2983 abhorrens.
1703 2927 2050 2984 Cohaercnter

465 3016 690 3085 cogitat,
733 3017 914 3071 nativo
946 3017 1160 3072 dicendi
1199 3035 1394 3089 genere
1437 3020 1626 3085 utitur,
1670 3020 1843 3074 solide
1878 3022 2049 3075 ratio-

467 3110 707 3164 cinator.
753 3109 878 3165 Suis
913 3112 966 3165 in
999 3128 1211 3167 sacram
1244 3113 1582 3183 Scripturam
1618 3114 2048 3184 expositionibus

466 3202 588 3271 plus
616 3204 845 3259 iuhzeret
866 3205 1081 3274 spiritui
1114 3220 1275 3274 quam
1304 3206 1515 3261 litterae.
1554 3205 1750 3261 Verum
1781 3209 2049 3278 allegoria:

466 3296 612 3349 illius
643 3307 770 3351 sunt
798 3307 1062 3363 venustae,
1089 3306 1141 3353 et
1170 3299 1489 3369 plerumque
1518 3299 1650 3354 satis
1680 3301 1958 3369 appositte.
1980 3300 2048 3355 At

470 3402 594 3441 vero
621 3388 889 3457 expositio
939 3404 1134 3444 sensus
1182 3390 1429 3445 litteralis
1479 3407 1586 3444 non
1640 3396 1776 3445 adeo
1821 3393 2049 3447 feliciter

465 3480 643 3534 eidem
696 3481 964 3536 interdum
1012 3484 1298 3539 successit.
1334 3483 1518 3539 Genus
1552 3484 1670 3554 ejus
1696 3486 1911 3540 dicendi
1939 3487 2049 3542 cla-

468 3585 613 3635 rum,
660 3586 822 3640 grave
870 3586 935 3625 ac
984 3572 1357 3637 succinctum;
1411 3575 1661 3642 quamvis
1707 3584 1886 3629 autem
1930 3576 2049 3646 ejus

465 3654 704 3715 orationi
731 3677 839 3716 non
873 3662 1042 3717 insint
1064 3678 1255 3718 omnes
1279 3665 1403 3736 styli
1426 3664 1774 3722 Atheniensis
1798 3677 2052 3723 venusta-

468 3759 552 3805 tes
571 3794 585 3817 ,
617 3760 844 3808 ornatus
886 3761 1090 3821 tamen,
1116 3755 1340 3821 nobilis,
1378 3755 1578 3813 liuidus
1603 3767 1657 3812 et
1686 3773 1939 3814 amamus
1967 3769 2051 3816 est

469 3842 616 3897 illius
646 3845 817 3914 stylns
850 3846 987 3914 (5i).

540 3934 808 3989 Cteterum
854 3944 909 3990 et
946 3934 1179 3991 Maurini
1211 3937 1405 4005 nostri,
1438 3947 1493 3993 et
1526 3938 1805 4008 Remigius
1831 3942 2049 3998 Ccillie-

468 4023 586 4078 rius
617 4025 671 4078 in
699 4026 1048 4094 dijudicando
1075 4029 1313 4098 ingenio,
1346 4031 1485 4101 stylo
1518 4041 1571 4085 et
1601 4030 1904 4085 eruditione
1926 4048 2051 4086 san-

466 4118 540 4171 cti
575 4115 846 4189 Hippolyti
896 4120 1067 4175 secuti
1112 4121 1457 4188 potissimum
1495 4135 1623 4176 sunt
1648 4124 1823 4176 virum
1867 4124 2050 4178 erudi-

469 4204 740 4260 tissimum
771 4206 1045 4273 Photium,
1078 4214 1236 4278 cujus
1267 4226 1557 4266 censuram
1592 4213 1857 4283 integram
1888 4213 2051 4271 refert

474 4295 737 4365 Dupinius
763 4316 861 4354 sua
895 4301 947 4354 in
978 4301 1304 4355 Bibliotheca
1324 4301 1547 4371 (52),ita
1584 4305 1848 4373 loquens:
1879 4324 1896 4355 «
1921 4304 2051 4375 Ilip-

470 4388 637 4459 polyti
681 4400 869 4444 contra
923 4392 1206 4447 haereticos
1247 4393 1445 4447 librum
1481 4395 1684 4465 legerat
1718 4394 1967 4462 Photius,
1997 4407 2051 4452 et

471 4495 536 4532 en
570 4481 698 4548 quid
740 4481 805 4535 de
836 4497 901 4535 eo
937 4484 1172 4537 sentiat:
1222 4503 1239 4535 «
1276 4483 1547 4556 Hippolyti
1571 4529 1585 4551 ,
1623 4486 1809 4541 lrenaei
1843 4488 2051 4544 audito-

474 4589 495 4621 «
543 4572 637 4635 tis,
668 4581 853 4626 contra
896 4573 965 4627 52
1008 4575 1228 4629 htcreses
1262 4577 1364 4645 legi
1394 4578 1670 4641 libellum;
1706 4595 1734 4633 a
1765 4578 2045 4635 Dosithea-

474 4678 494 4710 «
541 4661 625 4715 nis
664 4663 893 4724 orditur,
935 4671 988 4717 et
1040 4664 1105 4718 ad
1146 4664 1377 4720 Noetum
1423 4683 1596 4737 usque
1643 4678 1696 4723 et
1749 4668 2044 4726 Noetianos

474 4770 495 4801 «
542 4753 734 4822 pergit.
772 4753 879 4809 Eas
935 4772 1126 4811 omnes
1167 4758 1333 4812 tradit
1384 4759 1450 4813 ab
1487 4760 1686 4815 lrenaao
1737 4763 2045 4820 conlutatas

476 4864 493 4895 «
543 4844 711 4901 fuisse
757 4848 1008 4912 hzereses,
1042 4859 1095 4903 et
1150 4867 1208 4905 se
1258 4852 1310 4905 in
1362 4868 1426 4906 eo
1465 4854 1643 4907 libello
1693 4856 1826 4909 nihil
1871 4858 2041 4923 aliud,

474 4955 493 4986 «
542 4952 703 5005 quam
742 4939 886 4993 illius
916 4940 1091 4997 Patris
1135 4944 1419 4999 ratiocinia
1451 4954 1505 4998 et
1534 4957 1851 5015 argumenta
1879 4951 2044 5004 colle-

473 5045 491 5077 «
539 5028 702 5097 gisse.
735 5030 1025 5101 Perspicua
1056 5042 1160 5101 est,
1209 5045 1260 5090 et
1295 5036 1472 5108 gravis
1500 5038 1618 5107 ejus
1643 5040 1838 5105 oratio,
1872 5048 1926 5094 et
1957 5043 2042 5095 ni-

537 5120 584 5152 ³⁵
614 5120 752 5176 Gen.
780 5138 866 5186 ιιι,
898 5123 949 5178 l.

537 5211 732 5296 ςεξωήε
762 5212 1082 5296 Hippolytus
1133 5218 1217 5291 vir
1267 5219 1686 5296 disertissimus.
1718 5245 1737 5278 ι
1780 5226 2043 5296 ,Πὶθνοηη

466 5281 621 5364 epist.
666 5281 844 5364 '28.ad
868 5281 1202 5364 inanium.
1249 5292 1357 5364 «hS.
1410 5292 1681 5364 Hippolyti
1737 5281 2046 5352 eruditione

468 5352 778 5435 clarissimi.
808 5374 845 5435 »θ
868 5354 1220 5435 lifl‘artyrolog.
1248 5352 1880 5435 RontaanQidAugusti.

695 5422 1117 5504 RepliACeillier,
1149 5422 1292 5483 Hist.
1344 5435 1460 5502 gén.
1492 5422 1597 5488 «les
1629 5422 1861 5502 auteurs,
1907 5446 1949 5491 t.
1979 5437 2042 5504 ll,

468 5504 526 5561 p.
554 5492 659 5561 _57l
695 5502 749 5547 et
773 5495 895 5550 572.

542 5559 916 5642 (ᾃὲλριμρίῃη
944 5567 1231 5642 _l§i‘b_liotlt.,
1269 5578 1309 5623 t.
1346 5573 1388 5634 Ι,
1441 5588 1495 5642 p.
1536 5575 1636 5630 178
1681 5586 1735 5631 ct
1782 5578 1883 5633 179
1913 5579 2042 5634 edit.

469 5628 646 5708 Latin.
672 5628 1093 5708 Coloniaeditlﬁ.

507 5702 652 5783 ,(55)
696 5700 829 5783 Vide
859 5706 1020 5776 hujus
1050 5718 1182 5764 sect.
1216 5725 1334 5780 cap.
1372 5712 1419 5774 l,
1449 5725 1552 5768 art.
1588 5714 1674 5778 10,
1712 5718 1799 5772 ubi
1841 5719 1905 5773 de
1938 5721 2045 5774 ori-t

472 5787 614 5898 pure,
649 5788 870 5828 nomine
919 5792 982 5831 ac
1024 5790 1262 5848 tempore
1291 5784 1607 5839 Antichristi
1641 5788 2040 5855 disseruimus;

494 5859 560 5898 uc
607 5843 871 5898 duntaxat
924 5847 1101 5898 adhuc
1148 5851 1630 5898 anitt‘tatlvm'timnc
1699 5862 1841 5898 nnnd
1898 5863 2040 5898 nulln

494 5859 560 5898 uc
607 5843 871 5899 duntaxat
924 5847 1101 5905 adhuc
1133 5843 1653 5926 animadvertimus,
1699 5862 1842 5929 quod
1898 5843 2045 5917 nullo

2154 2012 2428 2066 instanter
2482 2012 2551 2066 ab
2600 2028 2667 2066 eo
2705 2021 2971 2080 peterent.
3010 2031 3028 2063 «
3060 2010 3135 2079 Id,
3180 2013 3376 2082 inquit,
3427 2012 3535 2066 500
3588 2014 3748 2067 annis

2158 2102 2623 2171 «postChristum,
2648 2106 2812 2158 lixum
2835 2104 3029 2167 voluit,
3050 2105 3207 2173 quasi
3225 2104 3463 2159 mundus
3481 2120 3582 2159 sex
3606 2106 3749 2159 mille

2159 2194 2347 2248 «annis
2372 2210 2479 2247 non
2504 2194 2739 2263 amplius
2768 2194 3065 2250 duraturus
3095 2205 3240 2250 esset
3273 2214 3285 2249 :
3320 2195 3373 2249 id
3403 2196 3575 2250 nimis
3620 2198 3748 2252 sub-

2158 2289 2307 2343 «tile.
2337 2287 2471 2358 Ejus
2505 2288 2779 2342 scribendi
2805 2287 2946 2341 ratio
2983 2289 3270 2358 perspicua
3316 2298 3419 2354 est,
3458 2298 3514 2343 et
3548 2291 3751 2357 nitida,

2157 2390 2241 2434 cet.
2264 2380 2329 2433 ad
2355 2381 2808 2434 commentarium
2848 2389 2994 2449 apta,
3022 2381 3147 2435 licet
3181 2397 3209 2434 a
3237 2382 3361 2451 styli
3388 2381 3745 2435 Atheniensis

2157 2471 2400 2541 clegibus
2422 2483 2474 2525 et
2501 2472 2735 2541 puritate
2770 2474 3008 2527 recedat.
3045 2472 3233 2527 Exstat
3257 2474 3421 2527 etiam
3463 2474 3648 2543 ipsius
3681 2474 3747 2526 De

2157 2561 2405 2616 «Christo
2431 2563 2821 2617 etAntichristo
2854 2566 3096 2628 ltomilia,
3116 2566 3169 2618 iu
3199 2581 3327 2635 qua,
3358 2567 3459 2620 etsi
3491 2568 3745 2620 eumdem

2155 2654 2460 2708 «scribendi
2491 2655 2711 2709 modum
2743 2657 3062 2721 servaverit,
3094 2658 3396 2726 simplicior
3416 2667 3604 2713 tamen
3644 2669 3742 2723 est,

2156 2752 2238 2798 «ct.
2267 2746 2439 2814 magis
2468 2746 2671 2801 redolet
2702 2748 3137 2815 antiquitatem.»
3171 2746 3267 2800 His
3296 2747 3475 2803 Photii
3498 2750 3639 2804 locis
3669 2750 3744 2802 in-

2151 2839 2388 2889 notescit
2416 2852 2523 2891 non
2571 2838 2749 2892 solum
2790 2837 3063 2909 Hippolyti
3095 2854 3343 2908 operum,
3366 2856 3491 2909 qua:
3520 2842 3740 2911 legerat.

2149 2935 2550 2996 atgumentum,
2598 2930 2689 2984 sed
2728 2941 2781 2984 et
2816 2931 2963 2985 illius
2992 2932 3232 2985 auctoris
3259 2938 3373 2985 tum
3405 2933 3607 3003 stylns,
3637 2942 3744 2987 tnut

2148 3023 2449 3077 character.
2484 3043 2502 3075 ι
2540 3022 2814 3077 Hactenus
2844 3025 3136 3093 perdoctus
3163 3023 3326 3080 Ellics
3353 3025 3655 3095 Dupinius.

2698 3137 3099 3193 ARTICULUS
3139 3137 3204 3193 ll.

2075 3265 2116 3321 C
2235 3244 2561 3287 NCULIARES
2596 3245 2871 3286 OPINIONES
2901 3246 2963 3285 AC
2991 3246 3230 3288 ERRORES
3266 3249 3311 3286 S.
3349 3246 3661 3285 HIPPOLTTL

2224 3319 2366 3373 Num
2400 3319 2457 3374 S.
2498 3320 2815 3389 Hippolytus
2846 3320 2938 3374 sub
2959 3321 3286 3375 Antirhristo
3316 3322 3598 3374 diabolum
3633 3337 3744 3390 per-

2148 3422 2412 3475 sonatum,
2444 3423 2493 3466 et
2538 3422 2825 3480 serpentem
2858 3411 3217 3465 intellexerit?
3243 3444 3313 3453 -—
3345 3412 3506 3478 Quod
3540 3420 3743 3481 spectat

2150 3503 2217 3559 ad
2242 3504 2526 3572 Opiniones
2551 3505 2851 3573 peculiares
2883 3519 3207 3573 erroresque
3233 3504 3408 3558 sancti
3441 3505 3614 3573 hujus
3639 3504 3743 3571 cpi-

2150 3595 2321 3664 scopi,
2381 3603 2578 3664 przeter
2624 3596 2739 3665 jam
2780 3595 2924 3649 dicta
2974 3596 3226 3664 superius
3274 3595 3420 3649 circa
3466 3596 3743 3649 Antichri-

2151 3697 2292 3742 Stum
2325 3686 2462 3757 (55),
2492 3688 2897 3742 observandum
2920 3689 3123 3757 pariter
3152 3689 3241 3742 hic
3270 3690 3437 3754 venit,
3465 3691 3619 3758 quod
3658 3704 3743 3742 ve-

2148 3785 2330 3832 tustus
2370 3778 2458 3832 hic
2493 3777 2650 3833 Pater
2690 3780 2741 3833 in
2786 3780 2923 3833 libro
2952 3780 3025 3833 De.
3059 3780 3270 3835 Christo
3304 3791 3352 3835 et
3384 3782 3734 3843 Antichristo,

2152 3886 2205 3924 η.
2239 3870 2325 3936 14,
2358 3881 2733 3926 commentans
2764 3871 2815 3925 in
2850 3872 2981 3926 illud
3021 3871 3216 3927 Cenes.
3248 3887 3394 3937 xm,
3427 3872 3493 3925 Π
3524 3892 3536 3925 ;
3618 3872 3738 3924 Fiat

2149 3959 2269 4012 Dan
2338 3976 2574 4029 serpens,
2613 3962 2794 4014 sedens
2850 3962 2905 4015 in
2963 3970 3128 4029 terra,
3162 3964 3400 4015 mordens
3425 3962 3733 4014 calcaneum

2149 4052 2306 4121 equi;
2365 4067 2459 4121 per
2523 4053 3004 4121 interrogationem
3066 4056 3331 4109 scribat:
3417 4055 3737 4121 (Quisnam

2150 4142 2315 4211 igitur
2344 4159 2587 4213 serpens,
2625 4144 2730 4198 nisi
2759 4145 3151 4210 Antichristus,
3195 4146 3450 4201 seductor
3499 4146 3612 4208 ille,
3650 4145 3738 4215 qui

2153 4235 2332 4288 dictus
2382 4235 2433 4288 in
2489 4234 2749 4290 Genesi“
2780 4247 2882 4303 est,
2911 4238 3003 4306 qui
3044 4238 3257 4293 seduxit
3289 4237 3477 4302 Evam,
3516 4230 3569 4292 et
3599 4238 3741 4291 Ada-

2151 4341 2298 4379 mttm
2334 4327 2701 4395 supplantavit
2734 4328 2881 4399 (54)?
2902 4349 2919 4380 ι
2953 4327 3009 4382 Si
3039 4345 3163 4383 eum
3196 4331 3369 4398 ipsum
3408 4340 3736 4398 serpentem,

2151 4420 2243 4489 qui
2273 4421 2478 4489 primos
2505 4429 2756 4487 parentes
2778 4421 2994 4475 seduxit
3014 4430 3066 4474 et
3098 4422 3463 4490 supplantavit
3492 4422 3548 4473 in
3583 4437 3739 4491 para-

2151 4512 2292 4577 diso,
2326 4513 2454 4566 velit
2488 4511 2809 4583 Hippolytus
2833 4528 2954 4568 esse
2985 4514 3405 4577 Antichristum,
3440 4523 3491 4566 et
3524 4514 3580 4566 in
3618 4530 3738 4583 per-

2086 4618 2125 4669 [)
2154 4616 2323 4665 sona;
2357 4602 2513 4667 quasi
2549 4602 2616 4669 is,
2646 4602 2740 4671 qui
2790 4602 2880 4656 illa
2928 4604 3107 4672 specie
3156 4606 3408 4673 apparuit
3434 4612 3487 4657 et
3521 4603 3737 4658 locutus

2146 4701 2248 4754 est,
2280 4693 2395 4761 ipse
2446 4702 2593 4746 tanta
2635 4694 2746 4757 illa,
2791 4708 2912 4760 quzc
2964 4694 3030 4748 de
3073 4694 3411 4749 Antichristo
3464 4694 3733 4759 feruntur,

2147 4784 2218 4837 sit
2267 4794 2613 4851 Operaturus,
2642 4786 2735 4854 qui
2791 4801 2917 4839 vere
2958 4786 3073 4855 ipse
3126 4787 3397 4849 diabolus,
3435 4796 3550 4851 aut,
3578 4796 3735 4857 prout

2147 4873 2465 4946 Hippolytus
2484 4887 2660 4941 vocat,
2680 4878 2876 4932 diaboli
2905 4878 3048 4932 illius
3082 4879 3173 4942 sit,
3204 4895 3309 4931 non
3340 4880 3517 4932 solum
3554 4880 3732 4933 imita-

2148 4967 2312 5032 tione,
2348 4967 2441 5020 sed
2476 4968 2637 5021 etiam
2669 4978 2900 5035 natura;
2930 4984 3074 5023 unus
3108 4971 3316 5024 scilicet
3354 4971 3479 5040 quis
3511 4974 3735 5040 nequis-

2149 5056 2411 5110 simorum
2445 5057 2887 5124 dwmonum,etsi
2908 5060 3168 5129 nonlnrte
3192 5061 3279 5114 ille
3305 5062 3553 5115 omnium
3580 5064 3732 5132 prin~

2150 5234 2310 5311 modo
2354 5238 2655 5293 audiendus
2690 5240 2759 5293 sit
2787 5249 3012 5295 sanctus
3059 5239 3401 5311 Hippolytus.
3434 5244 3528 5311 qui
3580 5259 3725 5298 com-

2151 5309 2482 5373 plementum
2512 5312 2875 5379 septuaginta
2930 5309 3329 5365 hebdomadtim
3382 5309 3626 5368 Danielis
3663 5316 3722 5368 ad

2149 5379 2443 5430 secundum
2495 5378 2696 5433 Christi
2735 5378 3054 5445 atlvvntum,
3106 5394 3160 5434 et
3213 5383 3280 5435 ad
3329 5383 3725 5438 Auticltristum

2149 5447 2346 5524 trahit;
2402 5464 2526 5501 cum
2582 5452 2770 5524 reliqui
2814 5450 3074 5524 Ecclesite
3118 5451 3304 5506 I’atrcs
3335 5468 3399 5506 ac
3430 5452 3727 5524 Scriptura:

2150 5518 2468 5585 interpretes
2510 5518 2711 5591 melius
2759 5522 2825 5574 ad
2876 5522 3078 5575 Christi
3135 5524 3372 5591 primum
3431 5518 3725 5580 adventum

2149 5597 2392 5661 spectare
2418 5590 2603 5661 velint,
2638 5592 2864 5658 ejusque
2890 5594 3083 5645 mortis
3116 5590 3352 5661 pmnam.
3386 5605 3438 5648 et
3465 5594 3723 5650 Hieroso-

2149 5656 2416 5726 lymorum
2446 5656 2738 5736 excidium,
2761 5656 3131 5736 Romanorum
3153 5665 3290 5736 duce
3315 5662 3437 5736 Tito
3464 5685 3477 5719 :
3507 5666 3722 5736 quando

2147 5737 2341 5804 exusto
2375 5730 2594 5797 templo,
2624 5730 2701 5804 sic
2732 5734 2951 5804 victima
2986 5735 3220 5804 cessavit
3250 5743 3304 5791 ct
3334 5730 3542 5804 libatio,
3568 5738 3723 5793 deso-

2147 5797 2259 5852 lato
2300 5800 2418 5852 loco
2447 5816 2557 5865 quo
2584 5801 2758 5854 solum
2785 5800 2963 5856 facere
2990 5803 3202 5858 licebat.

2221 5869 2333 5940 (54)
2378 5868 2751 5942 S..Hippo|yt.,
2789 5871 2861 5926 Dc
2885 5872 3149 5943 Amic/tn,
3187 5891 3241 5930 η.
3276 5876 3359 5932 14.
