3882 6514
140 335 232 393 335

1097 328 1186 385 DE
1229 325 1391 381 \‘lTA
1421 322 1511 378 ET
1557 282 1871 376 SCHIPTlS
1901 314 1958 369 S.
2000 307 2388 368 HIPPOLYTL

3267 300 3375 357 δεῖ

138 473 267 527 ceps,
291 466 339 511 et
379 458 502 509 κατ’
527 454 722 525 ἐξοχὴν
763 450 1014 505 diabolus
1042 466 1055 502 :
1082 446 1218 502 nihil
1258 440 1685 501 ecclesiasticum
1718 441 1764 499 Α
1794 449 1940 495 nam,
1973 440 2031 485 ut
2055 429 2267 499 egregie
2301 423 2585 527 subiungit
2616 418 2981 527 eruditus'ille
3008 418 3253 527 critieus,
3277 422 3372 489 qui

138 562 227 615 est,
263 551 345 604 sed
381 564 606 619 prorsus
640 548 937 601 abhorrens
968 558 997 596 a
1028 541 1152 603 ﬁde,
1191 540 1305 593 sive
1352 536 1687 605 intelligatur

139 641 241 696 lore
265 640 574 695 Antichristi
603 640 805 695 anima.
843 636 957 688 sive
983 634 1119 687 alias
1155 631 1230 685 illi
1262 643 1515 700 persona.
1559 625 1692 678 Aui-

139 752 243 790 mos
264 734 536 787 hominum
563 731 706 784 aliud
734 744 904 798 genus
934 725 1226 795 spirituum
1260 720 1508 792 agnoscit
1532 718 1685 783 lides,

138 840 164 880 a
207 824 539 889 substantiis,
570 837 705 890 quas
757 819 900 873 Deus
944 826 1097 871 extra
1139 828 1369 882 corpora
1413 810 1688 873 condidit;

138 934 222 973 nec
249 933 396 972 saera
425 916 671 968 doctrina
700 913 954 975 admittit,
975 919 1126 963 extra
1153 906 1367 960 divinas
1391 903 1686 965 Personas,

137 1026 345 1080 quarum
377 1010 461 1061 vis
494 1008 722 1068 inﬁnita,
756 1019 918 1074 posse
950 1017 1117 1056 unum
1150 999 1301 1055 alteri
1331 1013 1359 1051 a
1394 1013 1450 1052 se
1476 996 1692 1050 diverso

134 1117 400 1171 personam
455 1114 594 1157 esse.
646 1113 737 1152 seu
798 1096 871 1149 illi
933 1092 1272 1165 bypostaticc
1322 1089 1484 1142 uniri.
1533 1086 1690 1153 Quod

133 1212 248 1249 vero
294 1193 659 1247 Antichristus
702 1192 777 1244 ita
825 1188 1087 1243 damonis
1136 1185 1329 1255 spiritu
1374 1182 1604 1245 allletur,
1635 1190 1695 1234 ut

133 1290 237 1343 suis
279 1288 537 1340 omnibus
568 1286 715 1337 illum
763 1282 984 1346 referat,
1015 1289 1069 1335 et
1095 1281 1250 1349 quasi
1285 1280 1423 1333 alter
1456 1278 1545 1331 ille
1576 1290 1692 1329 ser-

134 1393 255 1444 prus
284 1378 541 1444 antiquus
587 1375 851 1438 videatur,
882 1373 998 1440 ipse
1046 1370 1301 1425 seductor
1349 1368 1518 1432 orbis,
1549 1366 1694 1419 velut.

142 1471 219 1523 ille
243 1469 340 1522 fuit
371 1469 667 1536 primorum
704 1472 1009 1534 parentum,
1042 1478 1071 1515 a
1113 1461 1264 1514 Pauli
1294 1458 1471 1513 verbis
1501 1472 1696 1511 sensu»

132 1577 225 1629 que
256 1576 356 1612 non
392 1557 599 1611 abludit
635 1574 649 1610 :
678 1563 931 1623 recteque
960 1553 1129 1608 sensit
1162 1550 1504 1620 Hippolytus,
1545 1548 1589 1602 si
1620 1547 1692 1600 ita

131 1652 307 1712 voluit,
333 1650 436 1703 etsi
473 1648 775 1717 simplicius
804 1646 1019 1699 locutus
1054 1652 1137 1697 est
1170 1662 1183 1698 :
1220 1658 1318 1696 nec
1352 1637 1695 1709 improbabili

132 1742 452 1811 conjectura.
489 1738 755 1807 serpentis
810 1736 889 1791 sic
931 1735 1239 1790 insidiantis
1286 1742 1412 1802 typo
1443 1731 1695 1801 designa-

135 1845 233 1888 tum
265 1850 293 1887 a
322 1832 526 1886 .lacobo
569 1829 962 1884 Antichristum
995 1827 1254 1883 ostendit.
1297 1824 1467 1880 Verba
1494 1824 1698 1879 Graecis

134 1936 263 1986 sunt,
311 1926 435 1993 ὃφις
485 1922 568 1992 ἐφ’
599 1921 740 1983 ὸδσῦ,
774 1921 1142 1990 ἐγκαθήμενος
1191 1918 1282 1970 ἐπὶ
1332 1918 1539 1987 τρίδου.
1590 1914 1701 1969 Nec

134 2018 253 2070 forte
296 2017 453 2069 aliter
495 2016 776 2083 scripserit
823 2012 1164 2082 Hippolytus.
1197 2009 1399 2062 Auctor
1431 2006 1698 2061 subdititii

131 2108 292 2176 operis
322 2106 401 2160 De
433 2106 761 2159 Antichristo
799 2113 848 2157 et
896 2103 1078 2155 mutuli
1118 2101 1568 2153 consummatione
1601 2115 1698 2153 ex-

132 2200 241 2267 poni
271 2215 379 2251 non
418 2207 613 2267 potest,
648 2197 778 2266 quin
818 2210 1004 2249 verum
1034 2203 1226 2247 natura
1255 2193 1555 2246 daemonem
1587 2190 1701 2245 An-

134 2291 423 2343 tichristum
461 2290 751 2356 putaverit,
782 2289 874 2359 qui
906 2288 1012 2342 sibi
1045 2303 1230 2341 verum
1262 2285 1610 2356 Hippolytum
1646 2286 1699 2338 in

130 2396 237 2433 eum
268 2395 493 2433 sensum
525 2381 749 2433 traxerit
782 2400 793 2434 :
826 2380 967 2448 quod
998 2393 1126 2433 vero
1161 2376 1448 2447 Hippolyto
1483 2394 1591 2430 non
1619 2375 1702 2430 of-

135 2470 284 2534 liciat,
316 2470 449 2539 quin
494 2470 781 2539 posteriori
812 2484 940 2522 vero
974 2483 1135 2522 sensu
1164 2466 1358 2536 exponi
1389 2476 1569 2535 queat.

193 2560 261 2613 De
290 2572 439 2613 statu
466 2562 767 2613 animarum
794 2569 909 2629 post
934 2568 1242 2628 pra’sentem
1277 2557 1460 2609 vitam.
1487 2587 1558 2595 —-
1588 2555 1699 2611 Ob-

135 2654 445 2706 servandum
473 2653 733 2715 secundo,
756 2652 910 2720 juxta
941 2660 1189 2705 sanctum
1222 2649 1569 2720 Hippolytum
1588 2650 1700 2721 (55)

135 2746 532 2799 subterraneum
565 2744 855 2812 quemdam
888 2743 1067 2797 locum
1099 2741 1307 2805 haberi,
1340 2740 1390 2793 in
1417 2757 1578 2811 quem
1613 2757 1702 2795 sc-

134 2838 314 2889 cedunt
345 2852 540 2890 omnes
570 2837 821 2890 homines
845 2844 967 2904 post
992 2844 1313 2905 praesentem
1346 2835 1487 2898 hanc
1512 2837 1700 2901 vitam;

134 2927 263 2983 hunc
296 2930 477 2983 locum
523 2943 764 2985 coaavum
795 2943 916 2982 esse
959 2928 1186 2991 mundo,
1218 2936 1437 2997 tresque
1460 2928 1703 2983 diversas

133 3020 272 3075 sedes
299 3021 783 3090 comprehendere.
817 3018 1019 3085 Prima,
1049 3035 1211 3089 quam
1238 3020 1327 3073 ille
1352 3031 1507 3074 vocat
1529 3020 1704 3073 Abra-

134 3113 206 3168 hae
235 3115 440 3178 sinum,
468 3115 633 3184 justis
659 3123 741 3168 est
771 3114 1085 3183 assignata;
1119 3114 1356 3169 secunda
1388 3124 1700 3181 peccatores
1731 3128 1771 3184 c

136 3206 447 3276 retinet,qtri
478 3206 675 3259 ibidem
706 3205 985 3274 patiuntur
1015 3206 1339 3275 temporales
1367 3221 1555 3275 [uenas
1584 3223 1705 3261 ma-

138 3294 192 3348 lis
230 3311 420 3350 enritm
472 3295 729 3364 operibus
760 3295 1005 3359 debitas;
1038 3297 1255 3349 tertiam
1300 3296 1551 3351 ellormat
1576 3298 1703 3367 qui-

137 3391 245 3442 dam
294 3390 439 3458 ignis
468 3388 657 3442 aeterni
691 3388 860 3452 lacus,
890 3404 1053 3458 quem
1107 3389 1292 3443 nullus
1326 3389 1507 3444 adhuc
1550 3390 1705 3460 juxta

142 3482 190 3536 S.
220 3481 591 3553 Hippolytum,
625 3483 904 3550 ingressus
941 3491 1058 3548 est;
1110 3482 1214 3535 hoc
1257 3481 1456 3551 quippe
1502 3482 1706 3552 suppli-

141 3574 291 3640 rium,
324 3585 380 3629 ut
428 3576 521 3629 ille
547 3576 643 3641 ait,
674 3577 739 3629 ad
772 3575 1002 3630 extremi
1032 3574 1223 3643 judicii
1258 3584 1501 3642 tempora
1533 3589 1710 3628 reser-

142 3676 305 3719 vatum
338 3676 443 3720 est.
478 3666 631 3719 Tunc
672 3666 882 3736 injusti,
918 3665 1097 3733 inquit
1129 3664 1237 3727 ille,
1270 3674 1478 3719 aeterno
1505 3664 1711 3733 suppli-

145 3758 219 3811 cio
242 3759 731 3829 adjudicabuntur;
762 3757 895 3827 justi
931 3773 1059 3811 vero
1093 3757 1399 3827 regnabunt
1432 3757 1487 3810 in
1519 3770 1710 3825 perpe-

145 3858 309 3915 tuum;
338 3868 494 3921 teque
522 3852 669 3906 enim
696 3852 851 3906 docet
869 3852 955 3905 hic
982 3860 1176 3905 auctor
1193 3859 1451 3904 teternam
1478 3849 1711 3919 gloriam

146 3942 291 4010 justis
317 3952 648 3998 reservatam
671 3958 792 3997 esse
816 3951 940 4013 post
965 3942 1325 3996 universalem
1353 3942 1713 3996 resurrectio-

149 4039 402 4101 nem,ctsi
452 4048 579 4108 post
627 4048 859 4092 mortem
907 4038 1144 4091 maxima
1188 4035 1540 4106 perfruantur
1567 4046 1715 4091 tran-

150 4133 397 4198 quillitate
430 4134 483 4186 iu
515 4132 979 4202 contemplatione
1008 4132 1306 4185 visibilium
1343 4132 1637 4195 bonorum,
1661 4140 1716 4185 et

150 4221 197 4273 in
223 4239 309 4292 spe
342 4224 655 4292 perlruendi
699 4224 915 4277 tandem
948 4222 1243 4291 aliquando
1277 4221 1596 4276 caelestibus
1619 4221 1716 4274 bo-

150 4314 243 4368 nis.
278 4316 543 4385 Opinatur
584 4318 809 4385 insuper
835 4317 994 4370 divus
1026 4313 1370 4384 Hippolytus,
1402 4314 1456 4367 iu
1498 4314 1713 4368 subter-

152 4424 303 4463 raneo
327 4412 418 4463 illo
446 4412 568 4464 loco
594 4410 819 4479 angelos
851 4409 1041 4463 adesse
1065 4409 1155 4477 qui
1181 4407 1404 4476 praesint
1427 4406 1716 4460 animabus

150 4500 333 4555 ibidem
364 4502 618 4567 detentis,
641 4517 879 4571 quorum
915 4500 1081 4569 aliqui
1110 4499 1341 4553 debeant
1364 4498 1543 4566 justos
1569 4512 1633 4552 eo
1658 4497 1712 4551 in

148 4591 261 4645 loco
291 4595 537 4648 comitari
564 4612 579 4658 ;
628 4594 721 4647 alii
754 4608 883 4647 vero
909 4591 1236 4661 promet-itas
1278 4604 1470 4659 poenas
1498 4589 1719 4657 injustis

149 4683 396 4753 inﬂigere.
430 4685 729 4754 Opinioncs
751 4685 867 4737 ista:
893 4682 1217 4737 audaciores
1248 4690 1395 4747 sunt,
1422 4696 1586 4750 quam
1621 4694 1720 4748 par

150 4786 254 4841 est;
283 4779 391 4832 imo
414 4796 604 4833 earum
630 4779 826 4847 aliqua:
846 4777 1048 4831 erroris
1074 4784 1259 4828 notam
1289 4790 1396 4827 non
1419 4772 1717 4842 effugiunt:

149 4879 225 4921 ast
251 4888 615 4939 agnoscamus
654 4886 779 4924 eum
810 4869 1005 4923 Photio
1045 4866 1157 4938 (56)
1189 4880 1402 4920 errores
1426 4866 1581 4929 istos,
1614 4864 1722 4917 sic-

150 4962 218 5013 uti
268 4972 321 5015 ct
373 4965 533 5025 alios,
572 4963 665 5032 qui
701 4963 753 5015 in
783 4961 1025 5030 ejusdem
1061 4957 1305 5011 auctoris
1332 4956 1589 5025 operibus
1627 4955 1721 5008 de-

149 5053 398 5118 prehendi
448 5063 702 5123 possunt,
736 5054 1039 5122 pritnorum
1095 5048 1347 5104 Ecclesia
1396 5047 1719 5100 sarculorum

150 5143 377 5199 indolem
436 5161 661 5215 sapere;
696 5145 923 5214 ideoque
971 5157 1128 5211 πριιιιο
1168 5141 1291 5210 jure
1346 5139 1447 5191 hac
1501 5152 1609 5190 una
1656 5137 1723 5190 de

152 5250 310 5292 causa
357 5253 617 5308 magnum
668 5238 813 5290 hunc
865 5238 1042 5289 virum
1081 5231 1333 5287 damnari
1364 5244 1472 5283 non
1506 5242 1668 5297 posse
1705 5245 1718 5280 :

219 5399 332 5469 (55)
374 5400 432 5454 S.
464 5398 742 5469 Hippolyt.
780 5397 834 5450 in
863 5402 1093 5469 tractatu
1127 5392 1245 5469 ad_v.
1284 5388 1489 5469 Ciceros
1513 5394 1560 5469 et
1594 5383 1726 5469 Pla:

158 5455 339 5540 tpiiem',
391 5455 550 5540 apudf
576 5455 1001 5540 ἶῖιιὺιίςη-Ορρἒ
1026 5475 1161 5540 tum.
1185 5460 1224 5523 l,
1257 5458 1460 5540 pagi),
1496 5464 1549 5509 et
1568 5455 1727 5540 _apud

155 5525 440 5606 Gallan’dq'
467 5553 506 5595 t.
538 5539 581 5594 ιι
622 5525 876 5592 Biblioth.
904 5525 1050 5597 re,
1081 5525 1282 5606 colum:
1313 5529 1438 5589 tsi,
1467 5544 1523 5580 ιι.
1562 5525 1614 5579 ι.

222 5613 332 5679 (56)
371 5613 603 5666 Photius
632 5612 687 5663 iu
719 5607 996 5679 Biblioth.,
1032 5605 1150 5658 cod.
1184 5617 1321 5679 ceu._
1395 5672 1405 5679 _
1451 5618 1457 5624 ·
1569 5675 1579 5679 _
1690 5665 1701 5677 _

228 5672 401 5750 (5η.
448 5684 589 5735 Audi
613 5680 758 5749 quod
782 5678 1002 5750 gravius
1038 5687 1089 5729 et
1120 5672 1480 5742 periculosius
1504 5675 1617 5749 est;
1654 5672 1731 5719 ait

157 5741 492 5809 enimVatcs
541 5741 724 5822 reg-ius
761 5741 809 5804 τ’
834 5748 1006 5801 Darsa
1062 5741 1239 5799 eorum
1282 5757 1483 5813 semper
1511 5741 1727 5792 incurva

1793 524 2196 592 Seripturarum
2247 517 2507 589 mysteria
2558 524 2614 570 et
2657 513 2973 570 abscondita
3008 510 3278 580 explicare
3310 524 3377 565 ac

1792 616 2038 671 evolvere
2087 609 2330 683 aggressi
2385 617 2513 663 sunt
2560 605 2806 660 omnium
2856 604 3040 673 primi,
3072 600 3378 671 vituperari

1792 724 1899 761 non
1933 706 2150 768 debent,
2187 704 2231 759 si
2274 718 2381 756 non
2420 698 2604 755 omnia
2642 705 3018 768 penetrarunt,
3051 696 3161 749 imo
3187 712 3215 749 e
3242 711 3377 749 con-

1792 812 1950 852 verso
1994 794 2365 850 commendari
2410 792 2570 846 debet
2600 806 2787 844 eorum
2822 790 2989 853 zelus,
3023 786 3379 857 quantumvis

1792 904 1984 959 parum
2021 885 2351 957 profecerim
2386 885 2440 937 in
2472 881 2812 952 expositione
2837 895 3028 935 eorum
3056 894 3177 947 qua:
3210 892 3380 949 expo-

1795 979 1971 1035 uetula
2008 984 2388 1045 susceperunt.

1863 1068 2031 1122 Error
2066 1066 2123 1121 S.
2162 1065 2433 1135 Hippolyti
2467 1065 2609 1117 circa
2642 1063 2973 1131 septuaginta
3028 1060 3374 1114 hebdomade:

1796 1160 2031 1213 Danielis
2065 1159 2293 1228 primum
2328 1158 2380 1209 in
2412 1156 2639 1208 adventu
2676 1154 2990 1206 Antichristi
3023 1153 3379 1221 complendas.

1794 1281 1863 1290 --
1898 1250 2185 1305 lnnnimus
2208 1250 2321 1318 jam
2357 1248 2610 1317 superius
2665 1256 2935 1299 vetustum
2981 1245 3127 1299 hunc
3163 1243 3381 1299 Patrem

1794 1352 2107 1399 assecutum
2166 1357 2275 1395 HOH
2328 1354 2450 1395 esse
2513 1354 2698 1392 verum
2766 1352 2986 1391 sensum
3040 1335 3382 1405 septuaginta

1796 1435 2288 1499 hebdomadarum,
2343 1432 2411 1487 de
2461 1432 2661 1501 quibus
2710 1439 2795 1485 est
2821 1444 3001 1484 sermo
3035 1430 3088 1482 iu
3119 1429 3382 1499 propheta

1795 1527 2036 1591 Danielc,
2094 1524 2517 1593 carumdcmque
2571 1522 3037 1576 hebdomadarum
3087 1522 3380 1575 terminum

1797 1618 2027 1671 nimium
2065 1617 2382 1687 protendere
2407 1633 2421 1681 ;
2468 1613 2561 1684 qui
2589 1629 2721 1669 sane
2750 1629 2904 1668 error
2936 1613 3269 1668 excusabilis
3298 1622 3382 1668 est

1798 1709 1963 1764 etiam
1992 1708 2062 1764 ob
2094 1709 2313 1763 allatam
2342 1707 2502 1761 modo
2526 1706 2817 1761 rationem.
2880 1704 3079 1760 Verum
3107 1720 3261 1776 requa
3296 1704 3383 1760 fa-

1729 1786 1771 1840 Β
1802 1801 2005 1854 eilitate
2040 1800 2289 1854 excusari
2341 1814 2450 1852 non
2499 1806 2677 1867 potest
2721 1797 2859 1851 alter
2913 1796 3156 1865 ejusdem
3204 1812 3381 1860 error,

1808 1891 2029 1962 quando
2065 1892 2273 1946 scilicet
2300 1891 2494 1947 asserit
2527 1899 2741 1960 tempus
2771 1889 3111 1960 Babyloniae
3157 1889 3384 1958 captivi-

1806 1984 1932 2038 tatis
1951 1981 2119 2037 fuisse
2145 1996 2413 2034 annorum
2442 1981 2969 2051 quadringentorum
2999 1978 3215 2048 triginta
3246 1979 3383 2049 (57),

1801 2090 1923 2129 cum
1960 2083 2139 2128 tamen
2169 2070 2451 2141 Scriptura
2500 2070 2842 2140 septuaginta
2878 2078 3088 2123 tantum
3115 2083 3385 2124 annorum

1802 2165 1972 2220 fuisse
2022 2164 2203 2228 dicat;
2258 2162 2418 2217 sicuti
2454 2161 2634 2215 videre
2664 2169 2749 2215 est
2774 2161 2828 2213 in
2858 2160 3118 2229 propheta
3151 2158 3389 2215 Jeremia

1801 2273 1921 2327 cap.
1960 2272 2084 2319 χιν,
2121 2272 2172 2309 v.
2213 2255 2245 2310 9
2275 2264 2326 2310 ct
2352 2255 2436 2308 11.

2328 2344 2726 2405 ARTICULUS
2765 2345 2856 2398 HI.

1960 2457 2259 2495 EDITIO‘NUI
2299 2456 2346 2495 S.
2386 2453 2666 2492 ιιιΡΡοιῐτι
2707 2452 2920 2490 ορειιυιι
2954 2450 3230 2490 HECENSIO.

1872 2532 2012 2586 Ante
2068 2533 2282 2586 initium
2343 2531 2626 2600 praesentis
2684 2529 2866 2584 saeculi
2914 2528 3097 2581 nullus
3145 2528 3388 2581 virorum

1803 2625 2139 2679 eruditorum
2192 2624 2245 2679 id
2302 2623 2504 2677 laboris
2556 2638 2618 2676 ac
2649 2621 2837 2686 studii,
2882 2622 3026 2690 quod
3082 2629 3260 2673 tamen
3312 2626 3392 2672 tot

1806 2717 1927 2771 aliis
1978 2716 2137 2785 longe
2172 2715 2493 2769 inferiorum
2529 2722 2581 2768 et
2616 2721 2923 2783 temporum
2968 2721 3022 2766 et
3073 2712 3386 2765 meritorum

1806 2808 2165 2877 scriptoribus
2198 2808 2503 2876 impensum
2538 2816 2623 2860 est
2649 2807 2818 2859 multa
2851 2821 2974 2860 cum
3010 2803 3193 2870 laude,
3242 2804 3294 2856 in
3332 2818 3394 2857 se

1805 2898 2065 2967 suscepit,
2126 2906 2187 2951 ut
2216 2896 2273 2950 S.
2309 2895 2497 2949 lreneei
2530 2896 2805 2964 discipuli,
2833 2905 2885 2949 et
2919 2906 3079 2948 tanta:
3109 2894 3395 2948 vetustatis

1806 3001 2077 3059 tantaeque
2102 2990 2448 3044 auctoritatis
2471 2989 2735 3054 doctoris,
2760 2989 2930 3043 sancti
2962 2988 3170 3042 scilicet
3193 2986 3394 3056 Hippa-

1806 3086 1897 3156 lyti
1946 3084 2265 3138 Portucnsis
2314 3083 2553 3153 episcopi
2603 3099 2666 3136 ac
2713 3083 2969 3152 martyris
3010 3096 3195 3150 opera,
3243 3096 3394 3149 qua:-

1809 3192 2025 3245 cunque
2055 3176 2277 3245 reperiri
2310 3184 2555 3245 possent,
2588 3175 2885 3242 colligeret,
2930 3173 3264 3241 collectaque
3294 3186 3395 3240 pu-

1808 3266 2054 3321 blicaret.

1879 3358 2118 3423 Primus,
2169 3358 2261 3427 qui
2293 3374 2411 3411 eam
2448 3358 2500 3411 in
2532 3356 2918 3427 cogitationem
2956 3353 3258 3417 descendit,
3294 3367 3395 3406 ne-

1811 3451 2150 3521 glectamque
2204 3450 2488 3521 hucusque
2533 3458 2774 3519 spartam
2806 3448 3053 3511 tentavit,
3086 3454 3205 3500 erat
3258 3462 3397 3515 prae-

1811 3542 2149 3597 clarissimus
2190 3541 2272 3594 vir
2299 3539 2539 3595 Joannes
2568 3539 2789 3601 Millius,
2826 3537 2988 3606 quive
3014 3536 3158 3589 illam
3190 3550 3401 3588 ornan-

1812 3634 1936 3687 dam
1967 3633 2234 3701 sumpsit,
2269 3633 2647 3703 potuissetque
2676 3631 2891 3699 egregie
2907 3645 3124 3693 ornare,
3145 3628 3248 3682 nisi
3273 3636 3401 3681 ante

1812 3742 2035 3780 manum
2071 3725 2314 3778 ultimam
2347 3725 2651 3793 appositam
2685 3721 2941 3775 humanis
2984 3721 3147 3773 rebus
3178 3727 3399 3788 ereptus

1812 3814 2030 3871 fuisset.
2085 3812 2275 3867 Omnis
2305 3814 2524 3882 quidem
2561 3828 2684 3881 spes
2717 3826 2841 3865 cum
2876 3809 3028 3863 Millii
3062 3823 3290 3877 corpore
3315 3822 3402 3861 se-

1815 3908 1964 3978 pulta
1994 3922 2103 3960 non
2132 3904 2477 3969 credebatur,
2511 3921 2634 3959 cum
2671 3904 2908 3973 spissum
2936 3902 3187 3955 volumen
3223 3899 3405 3953 anim—

1814 3999 2198 4053 adversionum
2248 3982 2367 4064 ejus
2419 3997 2484 4049 ad
2539 3995 2596 4049 S.
2629 3993 2899 4063 Hippolyti
2936 3992 3132 4060 scripta
3161 3989 3398 4043 Joannes

1815 4091 2139 4146 Guilielmus
2172 4088 2342 4143 Janus
2372 4088 2666 4142 academice
2694 4083 3144 4155 Wittebergensis
3185 4080 3399 4152 prol'cs-

1818 4200 1909 4239 sor
1960 4192 2154 4237 nactus
2182 4191 2348 4247 esset,
2400 4179 2848 4251 Hippolyteisque
2893 4176 3109 4245 scriptis
3138 4174 3399 4243 colligen-

1817 4276 1925 4339 dis,
1974 4274 2315 4344 expoliendis
2344 4281 2509 4341 atque
2542 4269 2856 4339 evulgandis
2888 4268 3144 4321 insudare
3182 4263 3404 4319 nuntia-

1817 4378 1987 4422 retur.
2056 4364 2159 4420 Sed
2189 4366 2467 4419 incassum
2512 4363 2752 4417 cultorcs
2777 4360 3119 4430 antiquitatis
3145 4357 3404 4413 ecclesia-
3458 4382 3461 4391 ·

1747 4473 1790 4527 ι)
1821 4463 1969 4517 stica:
1994 4460 2141 4513 hunc
2172 4458 2492 4512 thesaurum
2520 4462 2909 4524 exspectarunt
2948 4454 3016 4506 ab
3045 4451 3258 4505 eodem.

1890 4551 2073 4605 Edttio
2114 4546 2517 4603 Cnseo-Latina
2543 4545 2802 4599 Fabricii.
2828 4574 2899 4585 -—-
2926 4546 3137 4597 Interea
3164 4541 3405 4595 celeber-

1818 4644 1993 4699 rimus
2023 4640 2307 4694 Fabricius
2354 4639 2544 4691 doctor
2571 4646 2622 4690 et
2665 4635 2945 4706 professor
2980 4631 3080 4686 SS.
3119 4628 3406 4698 theologia:

1820 4739 1873 4791 in
1908 4734 2191 4807 gymnasio
2234 4732 2652 4799 Hamburgensi,
2688 4739 2766 4785 tot
2806 4727 3036 4796 egregiis
3074 4725 3189 4793 jam
3230 4720 3406 4791 operi-

1820 4838 1925 4893 bus
1960 4838 2254 4891 litteratum
2292 4834 2481 4887 orbcm
2528 4828 2628 4884 sibi
2669 4825 2983 4880 devinctum
3010 4820 3239 4881 habens,
3274 4815 3408 4885 Hip-

1822 4930 2012 5000 polyti,
2066 4928 2133 4982 de
2167 4928 2324 4997 cujus
2374 4936 2607 4993 persona
2655 4929 2708 4972 et
2737 4915 2954 4983 scriptis
2992 4927 3089 4982 pro
3115 4907 3407 4963 dillusissi-

1825 5037 1911 5076 ma
1943 5037 2042 5075 sua
2069 5020 2302 5074 lectione
2336 5012 2676 5070 Bibliotheca:
2712 5025 2820 5064 sum
2851 5007 3047 5061 (ἐνατία
3081 5005 3171 5058 lib.
3203 5019 3254 5067 v,
3280 5017 3403 5071 cap.

1825 5112 1878 5177 1,
1938 5110 2087 5183 §25,
2138 5105 2552 5177 diligentissime
2590 5100 2867 5163 disseruit,
2923 5108 3261 5165 quaecunque
3311 5106 3406 5145 su-

1826 5212 2074 5273 persunt,
2129 5204 2481 5254 monumenta
2537 5194 2591 5246 in
2644 5205 2810 5243 unum
2865 5202 3065 5256 corpus
3120 5198 3310 5253 cogere
3340 5196 3405 5237 ac

1835 5379 2018 5455 (Ρδιιιἶ
2044 5389 2237 5455 vant,
2268 5371 2381 5439 9.4).
2402 5368 2484 5455 ‘ld
2512 5375 2615 5455 est.
2666 5373 2723 5417 ut
2749 5360 2998 5455 serviant)
3016 5354 3269 5455 gentibus

2271 5422 2632 5518 quadraginta
2664 5435 2843 5515 annis,
2877 5441 2934 5484 ut
2961 5422 3256 5524 Baliylpnc,
3285 5422 3406 5524 lsed

1832 5494 2370 5591 sie-rh‘p-erfinq‘uitfin
2394 5494 2706 5591 servitutem
2727 5505 3004 5591 incurva}:
3102 5494 3403 5591 Hippolyti:

1832 5560 2627 5649 iitiie'ésﬁum.
2657 5578 2721 5641 6;
2747 5572 2918 5649 _apud
2956 5560 3332 5649 lfabrief
3361 5560 3409 5617 ιι

2179 5634 2331 5725 ἐξίοι
2358 5634 2502 5723 apud
2533 5634 2781 5707 Gallaml.
2811 5634 2946 5699 10m.
2982 5639 3046 5709 ll,
3075 5639 3179 5695 col.
3208 5634 3336 5691 449.
