3882 6526
493 314 603 371 387
637 321 646 324 “

1487 315 1575 372 DE
1613 313 1782 372 VITA
1821 313 1908 370 ET
1949 267 2262 370 SCHIPTIS
2295 315 2355 369 S.
2387 315 2776 372 HIPPOLYTI.

3643 324 3740 380 588

495 435 778 508 splendide
823 435 1090 516 illustrata
1117 435 1318 507 publici
1361 437 1502 508 juris
1529 439 1711 493 facere
1739 437 1794 491 in
1829 438 2070 492 animum
2103 443 2147 498 Α
2177 436 2454 489 duodecim
2487 437 2762 506 apostolis,
2825 436 3048 492 ubinam
3073 437 3311 508 quisque
3335 453 3530 494 eorum
3565 442 3748 507 praedi-

495 525 734 594 induxit,
767 529 974 584 inscius
1010 527 1188 584 adhuc
1211 545 1374 600 quem
1409 530 1616 586 exitum
1647 530 1958 584 habiturum
1985 545 2075 584 es-

497 635 582 681 set
607 625 676 680 cl.
703 625 825 680 lani
856 625 1147 680 consilium
1175 623 1232 679 in
1257 625 1481 680 edendis
1515 626 1624 680 divi
1646 623 1920 694 Hippolyti
1949 639 2078 704 cpe-

495 718 670 772 ribus.
725 715 857 771 Post
914 716 1244 772 indefessam
1301 717 1467 788 igitur
1525 717 1580 771 in
1635 715 1955 786 indagandis
2013 731 2078 771 ac

494 805 832 876 colligendis,
879 821 1002 876 quae
1051 807 1254 878 injuria
1285 815 1588 876 temporum
1633 807 1872 859 nondum
1907 805 2075 859 inter-

495 899 766 962 ciderunt,
823 898 996 954 sancti
1050 901 1226 954 nostri
1276 901 1513 970 scriptis,
1539 899 1751 953 duobus
1780 897 2074 952 volumini-

492 989 595 1044 bus
619 991 672 1043 in
705 989 838 1044 folio
870 991 1084 1045 minare
1115 989 1466 1062 Hippolytum
1519 989 1791 1058 evulgavit
1822 990 2074 1044 laudatus

491 1079 746 1136 Albertus
801 1079 1086 1136 Fabricius
1155 1080 1491 1151 Hamburgi,
1547 1095 1783 1149 quorum
1835 1081 2072 1150 primum

489 1174 745 1227 volumen
803 1189 948 1227 anno
999 1172 1157 1239 l7l6;
1213 1173 1442 1228 alterum
1495 1173 1630 1227 1718
1675 1173 1850 1228 lucem
1895 1173 2073 1242 publi-

493 1283 612 1321 cam
647 1268 801 1322 vidit.

573 1360 630 1413 ln
662 1361 914 1415 volumen
951 1361 1101 1430 prius
1139 1362 1414 1432 congessit
1443 1377 1785 1433 quaecunque
1819 1362 2076 1434 Hippoly-

493 1451 534 1504 ti
571 1451 732 1522 hujus
769 1453 1004 1521 reperire
1049 1455 1243 1523 potuit.
1331 1451 1514 1510 Primo
1545 1456 1664 1509 loco
1686 1469 1909 1524 apparet
1941 1457 2076 1511 liber

493 1531 574 1596 De
617 1545 975 1608 Amic/triste,
1044 1547 1202 1614 cujus
1266 1547 1560 1601 editionem
1621 1546 2074 1602 Combelisianam

489 1634 766 1687 recensuit
798 1634 863 1687 ad
901 1635 1131 1703 primam
1178 1633 1545 1689 Parisiensem
1598 1635 1901 1690 Gudianam
1946 1643 2077 1696 anni

491 1722 650 1786 1661,
687 1737 787 1778 nec
818 1741 990 1794 pauca
1020 1725 1344 1778 emendavit.
1409 1723 1707 1780 Substratte
1751 1726 1912 1780 etiam
1942 1737 2070 1781 sunt

489 1811 720 1882 singulis
751 1815 962 1884 paginis
996 1815 1376 1870 adnotatioues
1405 1817 1753 1884 Combelisii;
1810 1819 1938 1872 item
1969 1833 2066 1882 eae,

489 1919 626 1973 quas
662 1921 774 1961 suae
818 1907 1042 1962 editioni
1091 1923 1254 1962 manu
1300 1910 1520 1978 propria
1553 1910 1810 1964 alleverat
1839 1910 2066 1977 Gudius,

487 2009 597 2049 non
631 1997 851 2051 omissis
881 1998 967 2060 iis,
997 2013 1136 2067 quas
1193 1997 1452 2067 Epistolis
1506 2001 1621 2057 suis
1681 2004 1882 2056 criticis
1929 2004 2072 2058 inse-

487 2098 671 2142 ruerat
713 2087 1067 2159 Tanaquillus
1095 2091 1287 2146 Faber.
1345 2091 1442 2148 His
1476 2109 1606 2149 suas
1628 2095 1834 2164 passim
1873 2095 2070 2164 adjecit

487 2179 893 2237 observationes
949 2185 1064 2253 ipse
1112 2185 1418 2254 Fabricius,
1473 2187 1564 2256 qui
1617 2197 1671 2242 ct
1718 2197 1960 2242 veterum
2002 2191 2069 2246 de

487 2271 578 2324 illo
609 2273 748 2326 libro
785 2277 1094 2330 testimonia
1130 2279 1398 2348 adjunxit.
1459 2278 1719 2350 Sequitur
1764 2281 1943 2335 Conon
1972 2301 2070 2352 pa-

483 2363 704 2430 schalis,
753 2365 806 2418 in
859 2365 974 2435 jam
1023 2379 1326 2423 memorata
1376 2379 1556 2425 statua
1604 2387 1948 2435 marmorea,
1999 2379 2066 2428 ad

483 2453 677 2508 urbem
724 2455 953 2510 Romam
988 2458 1208 2524 ellossa,
1259 2459 1445 2516 Graece
1479 2471 1532 2516 et
1563 2462 1774 2527 Latine,
1817 2481 1939 2518 eum
1977 2466 2064 2534 iis,

485 2559 607 2613 quae
651 2560 759 2600 non
812 2549 988 2602 solum
1038 2549 1092 2602 in
1124 2547 1389 2604 Cononem
1419 2553 1565 2608 hunc
1594 2552 1863 2623 Josephus
1896 2557 2067 2610 Scali—

484 2650 608 2703 ger,
663 2635 956 2708 Dionysius
998 2637 1286 2708 Petavius,
1339 2641 1587 2713 ZEgidius
1631 2645 1960 2716 Bucherius,
2013 2648 2062 2706 J.

483 2723 803 2782 Dominicus
832 2729 1128 2799 Cassinus;
1167 2734 1259 2788 sed
1289 2735 1450 2787 etiam
1494 2735 1547 2788 in
1585 2737 1898 2808 Catalogum
1928 2742 2064 2794 scri-

481 2827 694 2884 ptorum
741 2817 1054 2893 Hippolyti,
1121 2823 1176 2878 in
1244 2825 1429 2879 eadem
1482 2837 1656 2882 statua
1707 2831 2061 2899 descriptum,

484 2908 791 2979 Stephanus
851 2915 898 2969 le
947 2915 1163 2988 Moyne,
1225 2917 1465 2975 Thomas
1514 2919 1735 2990 Galcus,
1777 2923 2063 2982 Eduardus

480 3000 810 3072 Bernardus,
861 3006 1004 3064 Guil.
1050 3009 1262 3066 Caveus
1315 3013 1669 3081 scripserunt,
1717 3016 1896 3071 addita
1944 3018 2060 3087 ipsa

480 3095 681 3155 statua,
741 3093 916 3150 tribus
967 3095 1164 3153 tabulis
1213 3099 1377 3155 aeneis
1419 3116 1700 3170 expressa.
1756 3105 1892 3160 Cum
1929 3123 2057 3163 vero

477 3191 674 3249 praeter
713 3183 979 3240 Cononem
1021 3190 1324 3259 pasclralem
1351 3193 1513 3247 etiam
1547 3195 2058 3254 Demonstrationem

479 3278 768 3340 temporum
800 3275 1083 3332 Paschatis
1109 3289 1162 3334 et
1191 3278 1486 3336 Cltronlcon
1539 3284 1861 3359 Hippolytus
1909 3305 2060 3344 com-

477 3368 738 3434 posuerit,
787 3371 1101 3426 tesrimonia
1145 3385 1412 3441 veterum,
1465 3379 1520 3432 in
1566 3381 1765 3452 quibus
1801 3383 1965 3439 unius
1991 3400 2056 3440 ex

475 3454 562 3510 his
607 3458 782 3512 tribus
826 3462 1028 3516 mentio
1081 3465 1158 3531 lit,
1211 3468 1544 3536 conjunctim
1593 3473 1920 3529 exhibentur
1949 3492 2056 3532 una

475 3561 600 3600 cum
649 3549 870 3618 antiqua
912 3554 1160 3610 versione
1209 3557 1397 3613 Latina
1453 3561 1736 3630 Chronici,
1791 3568 1936 3636 quod
1986 3584 2056 3623 ex

474 3637 662 3693 multis
704 3639 927 3708 judiciis
962 3644 1028 3698 ad
1063 3644 1414 3720 Hippolytum
1466 3655 1700 3710 retulere
1753 3658 2052 3716 doctissimi

471 3727 595 3782 viri.
659 3728 822 3787 Ilisce
852 3734 1102 3804 adjunxit
1127 3739 1390 3811 integram
1421 3743 1858 3802 dissertatiouem
1881 3749 2052 3805 Fran-

471 3820 603 3875 cisci
630 3821 912 3880 Blanchini
941 3827 1018 3882 De
1045 3828 1254 3886 Conone
1276 3836 1516 3903 paschali
1543 3838 1838 3910 Hippolyti,
1865 3841 2051 3900 Roma:

470 3927 615 3968 anno
668 3915 806 3970 1705
848 3919 1048 3975 editam
1076 3964 1090 3987 ,
1146 3933 1200 3980 et
1247 3927 1688 3996 disceptationes,
1741 3935 1940 4004 quibus
1983 3939 2050 3993 de

469 4017 614 4058 anno
661 4009 838 4075 primo
882 4011 1094 4081 imperii
1131 4015 1315 4072 Severi
1339 4021 1655 4087 Alexandri,
1711 4026 1763 4078 in
1791 4028 2046 4085 cathedra

467 4111 777 4154 marmorea
829 4101 1100 4177 Hippolyti
1129 4121 1450 4180 memorato,
1502 4115 1642 4170 inter
1666 4133 1722 4172 se
1756 4123 2046 4176 contende-

465 4195 595 4278 runt
637 4185 911 4258 Virginius
955 4192 1292 4265 Valsechius,
1346 4201 1628 4274 Philippus
1669 4207 1736 4261 de
1771 4207 1820 4262 la
1851 4209 2040 4278 Turre,

467 4285 523 4330 et
547 4275 704 4333 Joan.
741 4279 1045 4352 Vignolius.
1101 4289 1232 4355 Qua:
1253 4309 1416 4360 porro
1447 4297 1536 4350 hic
1566 4299 1787 4368 scripta,
1822 4303 1904 4356 vel
1931 4275 2042 4356 fra-v

466 4379 683 4437 gmenta
713 4371 1004 4446 Hippolyti,
1041 4391 1168 4435 sunt
1200 4402 1212 4436 :
1245 4383 1642 4442 Demonstrotio
1664 4390 1912 4447 adversus
1940 4393 2042 4448 Ju-

2181 526 2408 591 cavcrit,
2443 542 2507 580 ac
2544 526 2636 580 ubi
2667 537 3077 582 consummatus
3107 528 3198 590 sit,
3232 541 3394 597 quam
3421 529 3624 582 nudam
3645 531 3748 597 jam

2175 619 2546 688 publicaverat
2579 617 2862 674 Fabricius
2889 635 3037 674 anno
3069 619 3227 682 ΠΗ,
3289 635 3530 674 trnacum
3583 622 3750 678 tribus

2175 709 2284 763 illis
2313 708 2390 761 De
2423 709 2530 761 vita
2559 708 2760 778 Moysis
2809 709 2984 776 libris,
3035 709 3309 764 Gaulmini
3357 713 3749 768 commentario

2175 801 2464 856 illustratis
2493 816 2616 870 pag.
2647 799 2776 862 508,
2807 804 2900 856 sed
2941 817 3085 856 nunc
3115 804 3370 871 stipatam
3397 804 3750 873 amplissimis

2177 893 2620 947 adnotationibus
2642 893 2916 948 Francisci
2941 892 3275 950 Combelisii.
3295 893 3426 950 Item
3448 895 3520 948 De
3543 907 3748 965 septua-

2177 984 2326 1052 ginta
2376 985 2675 1050 apostolis,
2727 999 2790 1038 ac
2824 999 2944 1052 quae
2981 985 3208 1053 reperiri
3262 996 3491 1054 potuere
3519 1001 3588 1040 ex
3624 991 3752 1042 scri-

2179 1077 2288 1146 ptis
2310 1075 2586 1147 Hippolyti
2610 1077 2850 1146 junioris
2880 1076 3148 1135 Thebani.
3173 1077 3461 1133 Volumine
3489 1081 3752 1148 posterio-

2172 1170 2218 1222 ri
2253 1169 2448 1222 borum
2498 1185 2720 1238 operum
2777 1170 3171 1224 continentur:
3202 1169 3478 1240 Hippolyti
3525 1171 3752 1224 Demon-

2175 1259 2366 1310 stratio
2417 1258 2668 1312 adversus
2699 1257 2942 1325 Judwos,
2993 1259 3348 1328 ejusdemque
3375 1264 3630 1314 adversus
3653 1261 3756 1314 ho:-

2176 1353 2315 1406 resin
2349 1351 2529 1414 Nocti,
2573 1361 2804 1421 utraque
2827 1368 2976 1407 nunc
2995 1354 3232 1421 primum
3258 1354 3444 1408 Graece
3473 1371 3540 1410 ex
3577 1357 3754 1411 codice

2179 1442 2444 1498 Vaticano
2469 1461 2572 1498 ms.
2605 1444 2770 1510 edita,
2813 1460 2936 1498 cum
2958 1448 3146 1500 eadem
3183 1444 3435 1500 Turriaui
3483 1448 3752 1514 versione,

2175 1543 2232 1588 et
2270 1535 2460 1588 iisdem
2505 1535 2668 1600 notis,
2717 1551 2839 1604 qum
2868 1537 2982 1604 jam
3033 1537 3137 1591 vol.
3170 1538 3211 1602 Ι,
3257 1553 3380 1607 pag.
3413 1537 3520 1592 2‘28
3551 1540 3751 1606 (31255,

2175 1627 2394 1682 iltsertte
2447 1628 2811 1698 reperiuntur.
2865 1629 3190 1699 Fragmenta
3231 1647 3298 1684 ex
3343 1630 3748 1684 Commentariis

2175 1720 2232 1772 in
2276 1717 2518 1788 Genesin,
2559 1719 2744 1775 Graece
2768 1731 2819 1776 et
2845 1720 3037 1776 Latine
3071 1722 3268 1778 itidem
3303 1724 3540 1792 primum
3585 1725 3642 1778 in
3675 1726 3752 1778 lu-

2171 1825 2290 1866 cem
2317 1811 2517 1866 emissa
2549 1827 2615 1866 ex
2635 1812 2838 1866 Catena
2862 1812 3086 1868 Patrum
3115 1813 3427 1870 Grtecomm
3459 1815 3529 1869 88
3561 1817 3751 1870 biblio-

2170 1904 2343 1959 thecae
2395 1905 2854 1968 Vindobonensis,
2903 1923 3026 1976 «prae
3063 1908 3344 1962 continent
3371 1908 3750 1964 adnotationes

2169 1996 2238 2050 ad
2265 1995 2460 2051 Genes.
2494 2013 2534 2060 ι-,
2569 1998 2622 2061 5,
2649 1999 2714 2064 6;
2755 2015 2834 2064 ιιι,
2869 1999 2932 2064 8;
2967 2016 3118 2062 xux,
3148 2003 3201 2066 5,
3235 2002 3292 2060 4.
3329 2001 3382 2067 5,
3419 2003 3506 2068 11,
3541 2002 3636 2066 12,
3671 2002 3752 2058 lli.

2169 2090 2290 2143 Alia
2332 2090 2582 2158 quaedam
2629 2090 2952 2158 fragmenta,
3009 2098 3066 2144 ut
3113 2092 3180 2146 de
3209 2090 3460 2154 Ezechia,
3513 2092 3568 2146 in
3607 2092 3752 2146 lsaire

2169 2195 2402 2244 xxxvnr,
2435 2178 2488 2242 5,
2523 2195 2590 2232 ex
2619 2180 2738 2232 cod.
2772 2177 3002 2232 Coislin.
3035 2179 3160 2234 195.
3197 2170 3376 2235 Locus
3397 2197 3461 2234 ex
3491 2179 3750 2251 Hippoly-

2169 2271 2209 2325 ti
2242 2285 2494 2324 sermone
2518 2271 2552 2322 ‘2
2573 2309 2590 2332 ,
2621 2271 2676 2322 in
2715 2269 3009 2334 Danielem,
3029 2271 3226 2327 citatus
3255 2271 3604 2336 Eustrathio,
3637 2288 3750 2341 cap.

2167 2362 2233 2416 19
2256 2363 2517 2416 adversus
2541 2361 3137 2432 Psychopannychitas,
3174 2374 3228 2418 et
3256 2365 3524 2418 nonnulla
3563 2365 3624 2418 in
3649 2365 3750 2418 He-

2165 2458 2390 2512 naudoti
2451 2457 2697 2510 Historia
2755 2457 3185 2526 patriarcharum
3239 2459 3562 2526 Alexandr.,
3631 2477 3746 2531 pag.

2165 2549 2289 2612 560,
2355 2547 2648 2617 Hippolyto
2698 2550 2955 2617 ascripta,
3005 2565 3126 2618 qua:
3171 2559 3352 2604 tamen
3397 2553 3586 2620 potius
3631 2545 3750 2607 Julii

2165 2640 2398 2694 Romani
2449 2639 2572 2696 esse
2621 2641 2872 2710 praefatio
2920 2643 3100 2698 docet.
3155 2643 3670 2700 Commentationes
3698 2645 3747 2700 in

2173 2731 2370 2787 Cenes.
2401 2749 2505 2799 vn,
2563 2732 2626 2798 6;
2661 2749 2788 2798 vni,
2821 2735 2884 2801 1,
2920 2743 2974 2788 et
3003 2733 3297 2789 Deuteron.
3335 2751 3540 2803 χχχιιι,
3593 2737 3620 2790 1
3645 2776 3660 2801 ,
3685 2752 3750 2792 οι

2169 2822 2539 2881 Pentateucho
2586 2825 2820 2880 Arabico
2859 2827 3108 2882 biblioth.
3145 2827 3472 2894 Bodleianaa,
3507 2844 3655 2898 quas
3681 2829 3746 2884 cl.

2163 2915 2398 2986 Gagnier
2425 2918 2548 2971 inde
2575 2928 2862 2988 excerptas
2891 2919 3086 2974 Latine
3117 2919 3276 2975 vertit
3305 2938 3318 2972 :
3351 2921 3406 2973 in
3432 2921 3647 2990 quibus
3673 2931 3746 2974 ta-

2163 3023 2286 3062 men
2313 3008 2448 3062 nihil
2477 3009 2899 3065 Commentariis
2933 3010 3206 3081 Hippolyti
3245 3009 3449 3066 Grtecis
3485 3014 3540 3065 in
3577 3011 3748 3066 Gene-

2163 3101 2268 3156 sim
2303 3103 2610 3170 respondet.
2665 3102 2811 3158 Loca
2839 3105 3103 3158 nonnulla
3127 3105 3182 3158 in
3211 3103 3426 3158 Leontii
3460 3101 3744 3174 Byzantini

2164 3197 2258 3249 lib.
2291 3207 2516 3249 tcontra
2551 3193 2884 3260 Nestorium,
2935 3207 2989 3251 et
3033 3197 3087 3250 in
3115 3197 3356 3256 Concilio
3385 3196 3744 3252 Lateranensi

2163 3303 2307 3342 anno
2336 3287 2460 3352 649,
2497 3304 2618 3359 pag.
2650 3289 2750 3342 281
2782 3299 2836 3343 et
2867 3288 2994 3354 287,
3047 3304 3114 3343 ex
3144 3288 3434 3360 Hippolyto
3487 3289 3742 3343 adducta.

2159 3379 2454 3436 Doctorum
2489 3383 2734 3436 virorum
2785 3381 3166 3436 adnotationes
3193 3382 3261 3436 de
3289 3381 3614 3452 Hippolyto,
3651 3396 3748 3434 no-

2158 3473 2405 3526 minalim
2438 3487 2505 3527 ex
2541 3471 2694 3527 Sam.
2729 3471 2888 3526 Petiti
2917 3470 3106 3541 Eclog.
3133 3471 3460 3542 chronolog.,
3519 3473 3622 3526 lib.
3663 3488 3742 3534 ιιι,

2157 3581 2278 3634 cap.
2306 3563 2362 3630 2,
2405 3565 2473 3620 de
2505 3564 3028 3622 heckaedecaeteride
3042 3575 3176 3622 etex
3227 3563 3428 3634 Georg.
3467 3563 3618 3618 Bulli
3647 3563 3746 3616 De-

2155 3657 2289 3725 fens.
2325 3657 2422 3726 ﬁd.
2457 3655 2692 3722 Nicazn.,
2734 3666 2868 3712 sect.
2903 3672 2964 3720 ιι,
3003 3671 3126 3727 cap.
3159 3653 3215 3721 8,
3249 3667 3304 3710 et
3326 3663 3457 3709 sect.
3501 3670 3588 3718 ιιι,
3623 3671 3740 3724 cap.

2153 3749 2206 3816 8,
2257 3753 2325 3806 de
2367 3751 2616 3806 doctrina
2645 3751 2940 3823 Hippolyti,
3001 3765 3240 3805 unacum
3261 3748 3312 3804 J.
3375 3748 3510 3806 Ern.
3543 3748 3740 3804 Grabii

2152 3843 2596 3898 adnotationibus
2648 3844 2840 3898 eodem
2899 3843 3290 3913 spectantibus.
3345 3843 3440 3898 His
3503 3843 3744 3914 denique

2151 3939 2500 4010 subjungitur
2529 3938 2802 4011 Hippolyti
2833 3940 3070 4009 junioris
3099 3937 3342 3993 Thebani
3365 3935 3740 4006 fragmentum

2147 4043 2214 4082 ex
2267 4029 2544 4085 Chronico
2577 4031 2975 4086 commentario
3017 4031 3086 4085 ab
3129 4029 3364 4085 Henrico
3409 4029 3644 4082 Canisio
3685 4028 3740 4081 in

2149 4127 2282 4174 tom.
2317 4120 2386 4174 ill
2418 4120 2730 4175 Lectionum
2774 4122 3116 4191 antiquarum
3161 4121 3390 4176 editum.
3433 4121 3578 4186 Quia
3607 4135 3738 4176 vero

2147 4213 2262 4266 haec
2287 4213 2474 4267 omnia
2499 4228 2610 4267 non
2643 4215 2783 4268 ultra
2810 4213 2880 4267 62
2901 4213 3128 4284 paginas
3155 4213 3400 4283 implent,
3431 4215 3502 4268 ad
3519 4215 3734 4283 justum

2145 4303 2395 4358 volumen
2421 4304 2818 4360 conﬁciendum
2842 4305 3062 4360 additur
3075 4305 3342 4374 appendix
3361 4307 3734 4374 complectens

2145 4393 2488 4464 Spicilegium
2513 4395 2742 4450 Patr'um
2765 4396 2948 4452 saeculi
2978 4411 3064 4463 tu,
3081 4407 3134 4450 et
3161 4395 3426 4452 Chalcidii
3449 4396 3734 4452 Commen-

464 4461 609 4514 dteos
639 4477 704 4516 ex
734 4468 985 4556 versione
1021 4469 1211 4528 Latina
1241 4475 1515 4533 Francisci
1549 4479 1820 4550 Turriani,
1873 4502 2036 4556 quam
2072 4487 2115 4542 D
2146 4487 2308 4538 larios
2341 4485 2398 4537 in
2439 4485 2694 4540 Timarum
2726 4485 2970 4541 Platonis
3003 4486 3342 4554 emendatos,
3397 4497 3454 4542 et
3475 4492 3632 4544 notis
3671 4489 3732 4542 il-

464 4563 588 4605 esse
619 4555 944 4621 particulam
969 4560 1475 4622 Commentariorum
1497 4569 1770 4646 Hippolyti
1803 4577 1856 4630 in
1883 4555 2039 4632 Psal-

463 4657 575 4694 mos
607 4643 888 4705 Fabricius
938 4656 1284 4726 suspicatur;
1339 4643 1641 4734 fragmenta
1671 4643 1734 4723 ex
1767 4670 1906 4724 libro
1936 4673 2036 4724 ad-

461 4749 638 4790 uersus
670 4737 899 4807 Graecos,
961 4749 1055 4814 qui
1085 4750 1402 4808 inscribitur
1437 4759 1729 4814 :Adrersns
1761 4761 2036 4818 Platonem

460 4826 526 4880 de
565 4845 729 4885 causa
777 4835 1042 4903 universi;
1097 4857 1162 4895 ex
1193 4859 1358 4913 opere
1402 4847 1652 4905 adversus
1683 4853 1924 4922 ltwrescs,
1978 4857 2032 4910 in

460 4917 660 4986 quibus
675 4925 979 4993 copiosiora
1005 4941 1152 4996 sunt,
1181 4951 1302 5003 quae
1326 4937 1591 4994 Adversus
1616 4940 1891 5010 Bel-onem,
1923 4961 2037 5000 ser-

459 5017 582 5062 vata
613 5027 642 5064 a
667 5011 976 5086 Nicephoro
1019 5021 1622 5094 Constantinopolitano
1665 5039 1718 5082 et
1749 5031 2036 5088 Anastasio

457 5097 899 5174 Bibliothecario,
935 5119 990 5164 et
1021 5114 1270 5167 adversus
1299 5115 1527 5170 Noetnm
1563 5118 1754 5175 Latine
1802 5131 2031 5192 tantum,

455 5190 548 5246 hic
577 5197 944 5268 exhibentur;
983 5203 1112 5256 item
1149 5205 1284 5278 Περὶ
1313 5210 1670 5280 χαρισμάτων
1704 5190 2034 5288 ἀποστολικῆ

457 5287 774 5356 παράδοσις,
811 5291 1053 5347 Homilia
1083 5297 1136 5350 in
1171 5311 1510 5354 sacrosancta
1536 5287 2036 5376 Tltcoplraniahprié

455 5391 604 5431 munt
625 5381 768 5436 edita
795 5399 860 5437 ex
879 5401 1011 5440 mss.
1043 5389 1229 5446 codice
1247 5391 1468 5448 Thomte
1494 5394 1666 5463 Caici,
1689 5399 2032 5468 interspersis

459 5469 660 5525 notulis
675 5470 941 5544 Fabricii;
967 5489 1018 5531 et
1042 5478 1339 5548 fragmenta
1365 5499 1430 5537 ex
1457 5483 1733 5557 Hippolyti
1761 5489 2032 5542 Commen-

459 5561 612 5612 tariis
658 5563 710 5616 in
759 5570 930 5623 uarios
985 5567 1275 5640 Scriptura:
1303 5571 1487 5641 libros,
1519 5586 1572 5630 et
1601 5593 1664 5630 cx
1695 5579 1814 5647 ejus
1844 5579 2032 5632 Homi-

458 5651 568 5707 liis.
639 5653 890 5727 Subjecta
917 5663 1184 5732 appencix
1215 5667 1596 5736 complccritur
1631 5673 1832 5742 scripta
1866 5673 2030 5728 dubia

453 5755 509 5800 et
536 5751 835 5820 supposita,
889 5754 1088 5813 librum
1112 5757 1191 5812 De
1217 5765 1664 5820 consummatione
1701 5767 1918 5836 mundi;
1953 5767 2030 5822 De

2139 4576 2421 4632 lustratos.
2477 4577 2534 4631 ln
2585 4577 2870 4648 Spicilegio
2920 4579 3014 4634 illo
3050 4589 3350 4635 occurrunt
3387 4598 3401 4633 :
3443 4580 3504 4634 1°
3536 4581 3734 4637 lremei

2139 4667 2438 4738 fragmenta
2477 4685 2648 4740 nuper
2675 4687 2705 4725 a
2731 4672 2800 4726 cl.
2831 4671 3142 4741 Christoph.
3179 4671 3370 4752 Matth.
3395 4671 3593 4729 Pl'allio
3611 4676 3732 4729 edi-

2139 4771 2228 4826 ta;
2279 4763 2344 4815 2ο
2379 4759 2675 4816 Clementis
2715 4763 3072 4818 Alexandrini
3127 4763 3453 4836 fragmenta,
3499 4783 3630 4836 quae
3675 4769 3730 4820 in

2137 4855 2378 4908 editione
2422 4853 2718 4910 Oxoniensi
2768 4865 2982 4910 tantum
3035 4857 3222 4912 Graece
3269 4858 3565 4928 leguntur;
3621 4861 3728 4914 alia

2138 4946 2266 4998 item
2300 4961 2330 4998 a
2357 4945 2596 5000 Macario
2623 4946 3063 5017 Chrysocephalo
3084 4989 3099 5014 ,
3150 4948 3442 5004 Anastasio
3487 4949 3724 5014 Siuaita,

2137 5039 2448 5109 Nicephoro
2501 5039 2608 5093 CP.
2639 5049 2692 5093 et
2739 5038 2900 5093 Joan.
2937 5041 3293 5106 Damasceno,
3341 5057 3409 5096 ex
3439 5042 3728 5099 Clemente

2134 5131 2286 5184 Alex.
2321 5134 2522 5198 citata;
2578 5133 2634 5186 5°
2661 5132 2926 5186 Methodii
2959 5133 3180 5188 Eubulii
3205 5134 3516 5188 Convirium
3543 5140 3726 5192 decem

2135 5224 2398 5292 virginum
2435 5239 2464 5276 a
2497 5222 2677 5276 Leone
2709 5223 2910 5277 Allatio
2943 5233 2997 5278 ct
3029 5223 3192 5279 Petro
3221 5225 3455 5281 Possino
3487 5231 3722 5296 editum,

2134 5329 2236 5368 nec
2281 5330 2388 5367 non
2425 5314 2735 5368 Combclisii
2768 5313 3061 5368 Aucluario
3091 5315 3232 5370 Bibl.
3271 5316 3502 5371 Patrum
3543 5322 3726 5376 inscr-

2137 5415 2272 5472 tum,
2307 5423 2430 5460 cum
2461 5405 2660 5462 Leonis
2691 5407 2872 5460 Allatii
2924 5406 3156 5464 diatriba
3204 5409 3267 5462 de
3295 5409 3620 5478 Melhodiis;
3655 5415 3721 5468 4ο

2133 5499 2345 5553 Claudii
2391 5497 2646 5552 Salmasii
2681 5499 3102 5553 Commentarius
3148 5501 3424 5554 inchoatus
3457 5505 3510 5556 in
3543 5507 3722 5560 Arno-

2133 5591 2274 5644 bium
2330 5606 2394 5645 ex
2442 5591 2758 5660 apographo
2785 5591 3036 5645 Gudiano
3080 5593 3290 5658 editus;
3349 5594 3412 5648 5°
3441 5596 3576 5650 Acta
3611 5599 3721 5651 Ar-

2132 5681 2328 5746 chelai,
2363 5681 2602 5750 episcopi
2623 5680 3028 5751 Mesopotamiae
3058 5698 3180 5737 cum
3209 5683 3420 5739 Mam-te
3441 5726 3456 5750 ,
3491 5703 3560 5740 cx
3594 5689 3718 5741 edi-

2133 5772 2279 5828 tione
2309 5771 2471 5826 Laur.
2503 5772 2798 5828 Alexandri
2829 5772 3116 5845 Zaccagnii
3139 5819 3153 5842 ,
3191 5777 3392 5845 quibus
3427 5779 3719 5847 sulrjungi-
