3882 6546
169 333 280 390 539

1171 338 1260 393 DF.
1295 336 1458 392 vrrs
1490 335 1575 390 ET
1615 297 1931 394 SCRIPTlS
1971 337 2028 394 s.
2072 333 2455 396 turpem“.

3334 344 3438 404 590

172 462 264 507 tur
311 452 528 508 Ludov.
572 457 768 511 Anton.
819 457 1102 512 Mura‘torii
1146 459 1458 531 disquisitio
1499 462 1552 515 in
1587 461 1760 515 Mani-
1791 471 1838 523 Α
1865 463 2100 532 phania;
2153 465 2217 519 5ο
2261 467 2508 535 sequitur
2557 464 2631 521 De
2675 457 3084 521 charis‘motibus
3145 470 3438 538 apostolico

167 547 455 601 cinnorum
503 551 1023 618 anatliematisnios;
1075 553 1139 607 6°
1171 553 1226 607 S.
1255 554 1520 624 Pamphili
1555 565 1759 625 marty-

171 639 245 692 ris
265 637 555 708 Expositio
572 643 804 710 capitum
826 643 1050 696 Actuum
1075 646 1506 714 opostolicorum,
1526 662 1555 700 a
1575 647 1758 702 Mont-

172 729 431 784 fauconio
463 743 518 784 et
548 731 851 802 Zaccagnio
879 733 1045 797 edita,
1095 736 1181 790 cui
1213 749 1266 792 et
1299 738 1419 792 alia:
1466 739 1756 808 κεφαλαιο-

172 819 393 890 parma:
429 822 673 890 ejusdem
701 823 823 878 libri
869 826 1009 880 sacri
1039 821 1482 898 subiunguntur;
1529 830 1592 881 7°
1624 831 1757 885 Acta

171 911 446 978 passionis
503 913 560 968 S.
608 912 877 984 Pamphili
921 918 1177 988 martyris
1227 934 1292 972 ex
1339 919 1496 974 libris
1537 919 1755 976 Eusebii

167 1002 530 1059 llrsariensis
569 1006 637 1060 de
668 1007 814 1063 illius
842 1006 984 1076 Vita,
1032 1025 1155 1066 cum
1187 1013 1329 1066 notis
1358 1011 1752 1084 Papebroehii;

164 1097 227 1146 δυ
260 1094 518 1166 Gregorii
558 1097 949 1172 Thaumaturgi
987 1101 1263 1172 Expositio
1290 1105 1436 1174 ﬁdei.

233 1185 268 1238 J
275 1188 522 1241 udicium
540 1190 798 1246 Ceillierii
818 1193 882 1247 de
902 1196 1001 1248 hoc
1029 1196 1644 1266 editione.—C:eterum,
1665 1199 1747 1254 ob-

161 1292 424 1334 servante
456 1283 764 1340 clarissimo
792 1286 1039 1359 Remigio
1067 1289 1339 1346 Ceillierio
1369 1292 1500 1364 (58),
1537 1295 1751 1350 laudata

160 1373 404 1430 Fabricii
423 1392 649 1447 operum
670 1378 1114 1453 Hippolytcorum
1133 1384 1300 1439 editio
1317 1400 1423 1439 non
1440 1387 1574 1440 satis
1596 1388 1752 1442 nobis

163 1479 350 1522 exacta
373 1470 609 1526 videtur.
629 1471 814 1544 Neque
829 1475 973 1530 enim
994 1477 1286 1545 perdoctus
1311 1477 1488 1533 editor
1502 1479 1747 1534 ordinem

166 1568 473 1627 tetnporum
527 1579 702 1634 neque
746 1567 1099 1621 materiarum
1148 1578 1401 1624 accurate
1442 1572 1752 1630 observavit

157 1651 214 1703 .in
253 1654 612 1711 recensendis
660 1657 779 1727 ejus
819 1646 1070 1728 scriptis;
1126 1669 1288 1731 atque
1321 1663 1630 1719 verosimile
1665 1676 1751 1721 est

163 1749 302 1816 quod
331 1765 400 1803 ea
430 1752 670 1820 imprimi
704 1755 994 1822 curaverit,
1024 1764 1188 1825 prout
1208 1771 1270 1812 ea
1299 1761 1559 1828 receperit
1587 1760 1745 1830 eique

161 1840 213 1893 in
253 1857 459 1898 manus
511 1845 822 1901 inciderint.
879 1846 1005 1904 Huic
1055 1857 1239 1905 tamen
1280 1851 1399 1905 laus
1443 1853 1513 1907 cl.
1548 1853 1743 1909 Fabri-

161 1933 238 1986 cio
259 1933 517 2002 debetur,
567 1938 714 2007 quod
759 1938 813 1993 in
859 1941 1161 2012 colligenda
1192 1942 1622 2014 fragmentorum
1651 1962 1744 2002 co-

161 2026 239 2096 pia
274 2030 611 2099 scriptorum
643 2032 809 2103 hujus
841 2033 1020 2091 Patris
1044 2037 1188 2091 haud
1215 2037 1502 2095 infeliciter
1527 2041 1744 2097 labora-

160 2121 309 2187 verit,
355 2138 485 2192 qua:
529 2124 582 2178 in
632 2135 871 2182 veterum
899 2138 1180 2184 auctorum
1211 2133 1490 2200 operibus,
1524 2134 1578 2188 in
1612 2150 1744 2190 con-

159 2215 410 2268 ciliorum
452 2216 628 2281 Actis,
682 2226 738 2272 et
785 2219 838 2273 in
883 2221 1336 2278 bibliothecarum
1391 2223 1738 2293 Parisiensis,

157 2305 466 2364 Germania:
494 2321 548 2364 et
579 2310 876 2367 Britanniae
921 2315 1136 2385 angulis
1162 2315 1405 2385 dispersa
1447 2319 1688 2375 latebant
1723 2338 1735 2372 :

157 2401 293 2470 quod
325 2418 396 2456 ex
428 2402 498 2459 iis
526 2403 774 2474 quredam
808 2421 837 2461 e
862 2405 1050 2462 Grzeco
1089 2409 1144 2463 in
1177 2409 1430 2465 Latinum
1480 2413 1739 2470 traduxev

156 2492 252 2556 rit,
306 2494 573 2563 plurimis
616 2497 1089 2555 observationibus
1139 2502 1376 2558 maxime
1425 2521 1739 2574 peraccom-

159 2587 325 2640 modis
362 2597 480 2641 tum
533 2589 600 2643 ad
653 2597 858 2646 textum
913 2592 1360 2659 dilucidandum,
1388 2609 1501 2651 tum
1543 2599 1609 2653 ad
1641 2600 1739 2656 do-

156 2679 334 2732 ctrinae
365 2680 548 2750 capita
582 2682 889 2748 enodanda,
945 2700 1068 2752 qua:
1096 2686 1271 2754 prima
1305 2687 1484 2744 fronte
1506 2690 1737 2747 lectores

156 2765 439 2832 perplexos
472 2766 701 2822 reddere
728 2779 969 2838 possent,
1006 2769 1380 2827 illustraverit.

223 2857 407 2911 Editio
463 2857 760 2914 Gallandii.
798 2892 866 2901 —
903 2862 1060 2916 Anno
1109 2862 1268 2930 1766,
1321 2865 1401 2919 vir
1445 2865 1735 2935 perdoctus

157 2950 394 3004 Andreas
426 2948 746 3007 Callandius
778 2950 1049 3025 Hippolyti
1089 2954 1262 3025 Opera
1296 2956 1351 3008 in
1375 2957 1618 3011 ordinem
1653 2957 1734 3010 di-

157 3051 319 3110 gesta,
373 3042 625 3114 duasque
673 3046 726 3099 in
773 3057 954 3115 partes
989 3047 1212 3114 tributa,
1256 3063 1449 3106 rursus
1473 3050 1526 3104 in
1557 3051 1732 3105 lucem

1863 559 2100 612 traditio.
2159 557 2358 614 Ultimo
2407 562 2624 616 tandem
2677 562 2799 617 loco
2857 563 3072 618 sistitur
3121 562 3304 618 Conon
3343 582 3426 634 pa.

1859 649 2052 704 scholis
2105 649 2292 706 Graece
2331 668 2394 707 ac
2446 652 2672 718 Latine,
2730 654 3025 724 interprete
3065 656 3437 712 eruditissimo

1859 739 2156 796 Francisco
2204 740 2548 810 Blanchinio,
2579 745 2834 815 notisque
2856 745 3059 815 Egidii
3092 746 3346 802 Bucherii
3373 747 3423 801 il-

1858 832 2125 889 lustratus

1925 925 2065 979 Alite
2094 926 2348 982 editiones
2393 931 2746 1000 quorumdam
2789 928 3158 999 opusculorum
3203 928 3262 984 S.
3295 928 3433 999 Hip-

1855 1017 2044 1086 polyti.
2103 1017 2284 1072 Editio
2325 1020 2474 1089 Cycli
2520 1021 2808 1090 paschalis.
2838 1052 2909 1063 -—
2941 1020 3210 1076 Caeterum
3279 1036 3434 1076 nova:

1853 1109 2108 1166 editionis
2148 1127 2374 1181 operum
2401 1113 2457 1166 S.
2488 1111 2757 1183 Hippolyti
2787 1129 2939 1183 spem
2992 1114 3120 1168 fecit
3169 1129 3222 1168 v.
3252 1113 3322 1168 cl.
3378 1112 3429 1168 J.

1854 1201 1998 1257 Guil.
2049 1202 2220 1257 Janus
2267 1204 2510 1259 historiae
2559 1206 2614 1260 in
2645 1205 2922 1259 academia
2972 1205 3431 1276 Wittenbergensi

1853 1294 2170 1364 professor,
2203 1297 2258 1350 in
2313 1298 2468 1366 cujus
2515 1299 2768 1354 manibus
2797 1297 3017 1352 fuerunt
3063 1299 3275 1354 scliedaa
3311 1298 3432 1352 Mil-

1853 1387 2032 1453 lianae,
2061 1403 2182 1457 qua:
2212 1404 2336 1443 cum
2368 1390 2629 1444 nonnulla
2661 1390 2840 1444 adhuc
2864 1391 3065 1444 inedita
3103 1392 3431 1460 complecte-

1854 1489 1962 1544 tur,
1995 1490 2109 1534 tum
2143 1482 2246 1534 alia
2290 1498 2356 1536 ex
2403 1482 2566 1536 unius
2605 1492 2818 1536 tantum
2861 1483 3066 1538 codicis
3115 1484 3429 1553 apographo

1851 1573 2015 1637 edita,
2047 1588 2168 1626 cum
2197 1573 2443 1641 pluribus
2463 1574 2705 1628 melioris
2737 1583 2882 1628 nota:
2914 1589 3017 1628 ms.
3044 1574 3260 1636 collata,
3288 1574 3429 1628 mul-

1850 1663 2030 1731 tisque
2079 1662 2324 1730 partibus
2378 1661 2750 1716 emendatiora
2805 1661 3112 1724 exhibebit,
3166 1660 3262 1724 iis,
3305 1675 3429 1730 quas

1850 1765 2034 1823 aperte
2081 1753 2370 1824 llippolyto
2417 1755 2696 1824 supposita
2744 1763 2903 1820 sunt,
2950 1754 3282 1825 segregatis,
3333 1760 3430 1806 aut

1847 1849 2039 1903 saltem
2082 1847 2398 1902 distinctis:
2456 1846 2821 1916 quorumdam
2873 1846 3035 1900 etiam
3088 1859 3259 1899 novas
3304 1859 3427 1898 ver-

1845 1942 2030 1996 siones
2047 1940 2202 2010 juxta
2229 1941 2548 1993 relationem
2574 1940 2626 1993 in
2646 1939 2796 1994 Actis
2817 1939 3156 1993 eruditorum
3179 1937 3427 2006 Lipsien-

1845 2033 1998 2087 sibus
2039 2032 2196 2098 1718,
2235 2047 2357 2102 pag.
2408 2031 2536 2096 144,
2582 2031 2842 2085 daturum
2894 2044 2954 2084 se
3000 2029 3271 2099 promisit.
3318 2027 3425 2082 Sed

1842 2125 2175 2194 promissum
2246 2140 2355 2177 non
2431 2123 2687 2178 exsolvit.
2757 2121 3064 2192 Antequam
3141 2120 3426 2176 Fabricius

1844 2219 2043 2287 scripta
2101 2215 2158 2271 S.
2212 2215 2481 2287 Hippolyti
2534 2231 2704 2270 unum
2748 2216 2802 2270 in
2846 2231 3047 2285 corpus
3094 2215 3422 2285 collegisset,

1843 2311 2090 2380 quaedam
2123 2310 2236 2379 jam
2286 2310 2580 2380 separatim
2634 2310 2904 2379 impressa
2953 2309 3290 2363 visebantur.
3331 2305 3424 2360 Sic

1842 2404 2034 2475 Cyclas
2087 2404 2354 2474 paschalis
2401 2404 2456 2457 in
2511 2417 2673 2472 opere
2725 2403 2870 2472 quod
2928 2402 2998 2457 cl.
3048 2401 3288 2472 Scaliger
3344 2401 3424 2457 De

1840 2497 2201 2551 emendatione
2256 2509 2547 2567 temporum
2605 2495 2839 2551 confecit
2888 2496 3188 2565 impressus
3235 2493 3422 2548 Crazce

1839 2591 2080 2645 occurrit
2110 2590 2280 2656 1585,
2330 2587 2504 2642 Paris.
2524 2589 2579 2642 in
2622 2587 2742 2652 τοι,
2797 2586 3048 2657 Lugduni
3092 2585 3419 2639 Batavorum

1839 2683 2014 2746 1598,
2080 2682 2319 2738 Colonia!
2384 2683 2738 2752 Allobrogum
2799 2666 3187 2736 seuCeneva:
3256 2679 3416 2734 169.9.

1837 2775 1922 2830 Cl.
1973 2775 2240 2832 Gruterus
2277 2777 2332 2830 in
2373 2776 2696 2832 collectione
2741 2773 3155 2844 Inscriptionum
3201 2771 3418 2827 lleidel-

1835 2867 2014 2938 bergre
2066 2867 2204 2922 1600
2231 2869 2501 2938 evulgata,
2552 2877 2607 2923 et
2656 2883 2802 2921 anno
2838 2867 2977 2921 1707
3025 2864 3417 2921 Amstelodami

1836 2958 2203 3028 reimpressa,
2269 2961 2522 3015 eumdem
2578 2959 2796 3030 Cyclum
2867 2959 3170 3027 pose/talem
3230 2957 3416 3012 Crtece

1834 3052 2149 3121 publicavit.
2203 3052 2264 3108 P.
2312 3052 2582 3107 Bucherio
2635 3053 2930 3121 interprete
2974 3050 3168 3105 Latine
3214 3050 3418 3120 prodiit

157 3133 329 3188 emisit
375 3149 478 3188 sua
509 3135 564 3188 in
595 3135 927 3191 Bibliotheca
969 3149 1198 3192 veterum
1225 3139 1467 3208 Patrum,
1487 3150 1634 3198 tomo
1665 3142 1728 3210 ll,
1759 3163 1801 3220 ρ
1836 3158 1981 3198 anno
2017 3144 2175 3212 1654,
2207 3145 2261 3198 in
2300 3143 2420 3209 fol.,
2465 3143 2814 3213 Antwerpiaz,
2846 3145 2986 3209 Icum
3020 3143 3416 3197 commentario

161 3221 414 3281 Venetiis.
475 3228 535 3281 ln
569 3228 670 3283 hac
708 3229 944 3285 editione
973 3247 1095 3300 quae
1120 3233 1382 3302 ampliora
1429 3242 1576 3301 sunt,
1620 3235 1734 3292 sive

160 3317 378 3387 integra,
413 3320 530 3374 sive
556 3321 770 3388 mutila,
823 3323 1058 3391 priorem
1089 3323 1268 3378 locum
1312 3325 1586 3393 obtinent;
1635 3342 1734 3397 po-

161 3413 434 3466 steriorem
467 3429 596 3468 vero
628 3414 928 3485 fragmenta
953 3417 1161 3486 reliqua
1201 3417 1489 3474 minutiora
1518 3436 1616 3489 pro
1645 3436 1734 3474 ar-

165 3505 391 3569 gumenti
436 3503 700 3573 dignitate
741 3514 838 3560 aut
883 3507 1145 3562 varietate
1181 3507 1433 3563 discreta.
1485 3509 1730 3566 Primum

165 3593 327 3650 locum
365 3597 419 3650 in
443 3598 680 3653 editione
713 3598 982 3654 Gallandii
1014 3600 1413 3655 Demonstratio
1444 3601 1502 3657 S.
1526 3601 1730 3673 Ilippo-

167 3687 250 3756 lyti
273 3689 331 3741 de
357 3687 569 3744 Christo
593 3701 641 3744 et
675 3691 1002 3746 Antichristo
1041 3703 1301 3764 occupat;
1347 3695 1486 3750 hanc
1531 3696 1732 3766 exeipit

168 3783 471 3850 opusculum
512 3785 566 3838 in
597 3782 923 3839 Susannam.
995 3784 1180 3841 Tertio
1224 3787 1473 3857 sequitur
1502 3787 1730 3841 Demon-

168 3877 335 3928 stratio
385 3876 634 3932 adversus
677 3877 916 3933 Judwos.
961 3877 1095 3934 Dein
1121 3879 1482 3951 fragmentum
1515 3880 1728 3952 insigne

171 3967 436 4037 subjicitur
459 3986 527 4026 ex
559 3971 699 4024 libro
729 3971 979 4025 adversus
1011 3971 1244 4036 ercos,
1284 3973 1378 4042 qui
1410 3972 1728 4028 inscribitur

169 4059 407 4116 Adversus
423 4063 704 4118 Platonem
721 4065 786 4118 de
803 4081 968 4120 causa
994 4067 1244 4120 universi.
1258 4065 1517 4132 Quintum
1543 4066 1724 4121 locum

171 4164 377 4224 occupat
423 4157 639 4227 egregia
691 4173 822 4213 sane
845 4157 1156 4212 lucubratio
1193 4159 1440 4212 adversus
1471 4158 1721 4215 Noetum.

172 4244 389 4303 Tandem
430 4249 876 4321 Hippolyteorum
929 4260 1136 4321 partem
1169 4253 1401 4322 primam
1426 4251 1568 4322 apud
1600 4251 1726 4307 Gal-

169 4338 390 4396 landium
416 4342 677 4398 claudunt
696 4343 994 4414 fragmenta
1029 4345 1362 4416 8,'excerpta
1385 4361 1450 4400 ex
1472 4360 1724 4401 sermone

169 4431 224 4484 de
239 4433 484 4505 theologia
501 4444 549 4488 et
569 4436 936 4490 incarnatione
952 4448 1139 4491 contra
1153 4438 1417 4492 Beronem
1440 4447 1492 4491 et
1511 4437 1724 4493 llelico-

1834 3246 1888 3290 et
1926 3244 2173 3291 veterum
2207 3237 2275 3292 de
2306 3235 2364 3292 S.
2410 3235 2701 3308 Hippolyto
2737 3235 3064 3290 testimoniis
3088 3236 3141 3288 in
3167 3235 3414 3304 ejusdem

1835 3325 2087 3394 Buqlierii
2139 3325 2395 3379 Doctrina
2432 3335 2743 3394 temporum.
2789 3325 3117 3380 Franciscus
3162 3325 3415 3380 Blanclii-

1833 3419 1959 3474 nius
1989 3419 2138 3474 hunc
2171 3417 2390 3488 Cyclum
2433 3427 2618 3487 postea
2652 3417 2886 3472 inseruit
2929 3417 3412 3474 dissertationibus

1833 3514 1949 3568 suis
1999 3511 2078 3566 De
2121 3513 2425 3566 calendario
2459 3522 2507 3568 et
2564 3510 2710 3582 cyclo
2759 3509 2985 3565 Iuliano
3023 3509 3210 3566 Romae
3270 3509 3413 3565 1705

1831 3605 2138 3674 impressis.

1902 3697 2178 3751 Editiones
2210 3696 2333 3750 libri
2368 3698 2431 3749 de
2474 3695 2798 3749 Antichristo
2836 3702 2885 3748 et
2918 3691 3157 3762 opusculi
3197 3695 3252 3745 in
3301 3689 3410 3746 Stt-

1830 3806 2074 3843 sannom.
2111 3820 2181 3830 —
2211 3788 2744 3844 Demonstrationem
2783 3787 2854 3840 De
2907 3785 3117 3839 Christo
3167 3793 3217 3838 et
3250 3783 3410 3837 Anti-

1829 3883 2027 3938 christo
2060 3883 2267 3953 primus
2317 3883 2372 3936 in
2417 3882 2594 3936 lucem
2642 3881 2855 3944 extulit,
2899 3878 3211 3947 ercisque
3263 3878 3410 3950 typis

1828 3975 1998 4032 edidit
2026 3975 2181 4042 1661,
2225 3975 2280 4028 in
2309 3973 2385 4042 8°,
2431 3973 2796 4044 Marquardus
2842 3970 3054 4026 Gudius
3101 3969 3405 4024 llolsatus:

1828 4069 2024 4124 deinde
2066 4083 2212 4121 anno
2241 4065 2398 4130 1672,
2433 4065 2852 4120 Graeco-Latine
2875 4064 3115 4133 vulgavit
3160 4063 3407 4118 illustra-

1827 4161 2010 4230 vitque
2029 4159 2359 4214 Franciscus
2381 4158 2744 4214 Conibcﬁsius
2770 4157 2822 4210 in
2841 4157 3096 4211 Auctario
3123 4156 3406 4209 novissimo

1826 4245 2170 4299 Bibliothecce
2200 4245 2448 4310 Patrum,
2479 4255 2627 4299 tonio
2657 4245 2699 4310 Ι,
2732 4261 2858 4315 pag.
2885 4245 3068 4312 26-62,
3092 4243 3319 4299 Parisiis
3351 4245 3408 4298 in

1827 4340 1946 4406 fol.,
1977 4341 2162 4394 addito
2191 4339 2354 4393 etiam
2389 4339 2654 4410 opusculo
2678 4338 2733 4393 in
2767 4338 3070 4392 Susannam
3097 4354 3127 4392 a
3155 4353 3279 4409 pag.
3311 4338 3410 4392 50-

1826 4433 1915 4488 56.
1960 4432 2274 4487 Combelisii
2319 4433 2499 4486 versio
2546 4430 2741 4486 Latina
2767 4431 3013 4500 quinque
3063 4439 3189 4500 post
3230 4445 3408 4484 annos

169 4537 277 4577 nem
300 4523 453 4597 (alias
487 4525 769 4592 llelicem).
797 4525 932 4582 Huic
961 4526 1276 4584 Gallandius
1300 4530 1720 4599 przecedentium
1753 4510 1798 4565 D
1828 4525 2056 4594 repetita
2087 4525 2141 4578 in
2162 4523 2489 4578 Bibliotheca
2509 4523 2627 4579 PP.
2650 4523 3004 4594 Lugdunensi
3023 4533 3155 4578 tom.
3186 4521 3403 4592 XXVII,

167 4615 413 4671 editorum
454 4617 866 4676 observationes
895 4622 1110 4690 adjecit,
1139 4638 1315 4690 neque
1338 4631 1496 4676 notas
1513 4621 1719 4686 omisit,

173 4726 293 4780 quas
317 4711 559 4766 eruditus
592 4710 1105 4768 Sirmondianorum
1148 4715 1326 4770 editor
1375 4715 1610 4785 margini
1637 4715 1720 4769 al-

168 4801 314 4870 levit;
358 4807 633 4862 Anastasii
685 4806 923 4860 versioni
982 4807 1415 4861 testimoniorum
1463 4807 1722 4877 Hippoly-

168 4902 354 4952 teorum
375 4897 832 4954 Combelisianam
863 4899 1236 4954 recensionem
1265 4900 1539 4968 apposuit.
1555 4909 1719 4968 atque

169 4986 380 5059 integras
412 4991 860 5060 Cappcronnierii
904 4991 1407 5046 animadversiones
1455 4991 1715 5046 subdidit.

170 5076 216 5130 ln
243 5091 382 5149 parte
406 5099 443 5136 ιι
480 5083 834 5137 continentur
862 5083 1071 5152 reliqua
1105 5083 1308 5150 scripta
1345 5081 1662 5153 llippolytea
1701 5067 1735 5136 ε’

171 5180 212 5223 et
234 5172 284 5224 1°
307 5184 870 5244 occurruntexcerpta
893 5174 1408 5228 Commentariorum
1437 5174 1490 5227 in
1509 5174 1717 5242 aliquot

171 5276 311 5318 sacra:
351 5265 648 5336 Scriptura:
691 5268 860 5323 libros
887 5284 916 5322 a
960 5267 1170 5324 Joanne
1211 5266 1432 5321 Albcrto
1466 5266 1715 5322 Fabricio

174 5362 263 5407 tum
291 5371 318 5410 e
343 5374 442 5411 ms.
471 5359 755 5414 codicibus
786 5368 938 5414 eruta
959 5399 974 5426 ,
1027 5370 1139 5413 tum
1167 5374 1230 5413 ex
1257 5358 1496 5428 antiquis
1523 5357 1711 5413 Eccle-

173 5445 246 5498 siae
286 5450 636 5517 scriptoribus
683 5454 925 5507 studiose
969 5453 1224 5517 collecta;
1283 5452 1348 5505 2°
1389 5451 1716 5507 exhibentur

171 5537 296 5591 varia
349 5540 520 5608 λόγων
572 5557 669 5596 seu
733 5542 1045 5597 Sermonum
1091 5545 1551 5613 homiliarumque
1603 5544 1716 5597 fra-

174 5641 355 5694 gmenta
385 5651 398 5688 :
429 5635 605 5705 iisque
625 5637 974 5706 praemittitur
996 5637 1222 5692 liomilia
1251 5638 1303 5692 in
1335 5646 1518 5691 sancta
1546 5637 1710 5690 Theo-

1825 4633 1949 4688 pag.
1983 4616 2088 4681 1-9,
2123 4632 2269 4670 anno
2295 4617 2505 4671 scilicet
2534 4615 2694 4671 1677.

1897 4706 2167 4760 Editiones
2199 4715 2461 4761 tractatus
2488 4707 2737 4760 adversus
2766 4705 2985 4760 Judo'os
3006 4714 3055 4760 et
3085 4705 3406 4760 Gnaeos.—

1825 4801 2352 4858 Demonstrationem
2385 4802 2632 4856 adversus
2681 4801 2899 4856 Judwos
2926 4843 2942 4868 ,
2977 4803 3090 4856 sive
3135 4802 3254 4870 ejus
3289 4798 3402 4852 fra-

1824 4903 2106 4965 gmentum
2156 4893 2345 4949 Latine
2400 4910 2467 4947 ex
2512 4893 2794 4948 Francisci
2849 4892 3104 4946 Turriaui
3147 4891 3399 4944 versione

1825 4986 2037 5055 primus
2065 4986 2305 5056 vulgavit
2344 4985 2671 5040 Possevinus
2702 4987 2756 5039 in
2789 4986 3064 5054 Apporotu
3090 4998 3270 5047 sacro,
3304 4981 3396 5036 ubi

1824 5077 1892 5131 de
1938 5076 2233 5149 Hippolyto
2273 5059 2523 5143 disserit,
2577 5076 2820 5129 Venetiis
2869 5074 3039 5140 1605,
3071 5083 3126 5128 et
3157 5073 3400 5127 Coloniae

1825 5171 1986 5238 1608,
2017 5172 2069 5225 in
2105 5171 2200 5226 fol.
2228 5189 2244 5237 ;
2285 5180 2333 5224 et
2362 5169 2592 5223 Carolus
2618 5166 2889 5237 Josephus
2929 5166 3246 5221 linbonatus
3285 5163 3402 5218 Me-

1823 5264 2157 5318 diolanensis
2199 5264 2251 5316 in
2287 5261 2618 5315 Bibliotheca
2663 5257 3154 5312 Latino-Ilebroica
3208 5256 3398 5311 Roma:

1825 5359 1992 5421 1691,
2019 5358 2072 5410 iu
2103 5357 2219 5421 fol.,
2250 5373 2372 5426 pag.
2406 5355 2493 5409 74.
2532 5356 2921 5427 Fragmentum
2965 5354 3180 5423 insigne
3215 5351 3394 5404 adver-

1822 5469 1912 5506 sus
1947 5451 2156 5505 Graecos
2189 5459 2237 5503 et
2280 5449 2558 5504 Platonem
2593 5449 2810 5514 Grteee,
2848 5457 2910 5502 ut
2955 5462 3021 5500 ex
3051 5445 3202 5500 Italia
3237 5458 3395 5497 acce-

1821 5553 1994 5613 perat,
2025 5542 2236 5611 primus
2265 5540 2433 5595 edidit
2480 5540 2651 5596 David
2687 5539 3031 5595 Hocschelius
3064 5539 3115 5592 in
3152 5537 3296 5591 notis
3328 5537 3397 5589 ad

1821 5634 2072 5691 Photiutn
2105 5651 2226 5705 pag.
2257 5634 2381 5699 925,
2403 5635 2660 5706 Augustm
2695 5633 3099 5690 Vindelicorum
3135 5631 3295 5700 1601,
3337 5629 3397 5686 in

233 5790 325 5863 (58)
365 5793 513 5851 Remi
549 5794 788 5867 Ceillier,
847 5795 1083 5852 Histoire
1128 5799 1299 5869 génér.
1348 5803 1439 5854 des
1495 5808 1730 5865 autaurs,
1762 5806 1900 5855 tom.
1929 5797 1993 5865 ll,
2027 5813 2148 5870 pag.
2185 5795 2307 5852 572.
