3882 6548
456 324 557 381 591

1436 315 1526 371 DE
1561 313 1729 370 VlTA
1766 313 1856 368 ET
1897 309 2213 368 SCRIPTIS
2252 310 2312 365 S.
2354 307 2745 364 HIPPOLYTI.

3620 301 3723 353 3‘32

458 442 592 510 τοι,
625 450 682 497 et
712 449 965 497 re'cusum
1008 437 1239 496 Geneva:
1268 437 1443 504 1615,
1486 435 1814 507 Bothomagi
1856 434 2027 499 1655,
2059 436 2105 494 Α
2134 430 2276 487 riani
2334 430 2587 485 versione
2651 428 2863 500 primus
2905 426 3147 500 vulgavit
3187 425 3445 485 Canisius
3499 436 3633 484 tam.
3674 428 3718 481 γ

458 534 513 590 in
534 533 628 590 fol.
647 534 854 590 Deinde
878 550 1004 589 cum
1036 549 1136 589 sua
1158 533 1409 588 versione
1438 531 1750 601 Stephanus
1776 531 1827 585 le
1847 528 2042 601 Moyne

459 624 517 679 in
552 623 728 679 Variis
759 625 950 691 s‘acris,
980 641 1104 696 pag.
1127 625 1219 691 55,
1245 624 1494 695 Lugduni
1524 622 1854 677 Batavorum
1879 620 2038 685 1685,

465 718 626 785 1694,
660 719 715 772 in
741 719 816 772 4ο.
840 716 976 772 Cum
1006 718 1193 772 eadem
1212 715 1656 786 interpretatione
1686 714 1851 768 etiam
1880 726 2042 768 recu-

471 809 710 865 dendum
770 809 917 863 dedit
958 807 1007 863 J.
1045 808 1299 863 Albertus
1332 805 1617 861 Fabricius
1656 805 1708 858 in
1746 801 2044 872 appendice

461 904 529 958 ad
556 917 719 971 opera
747 900 965 972 Joseplii
990 901 1187 969 Judmi,
1215 900 1416 971 Lipsiae
1437 899 1597 963 1691,
1625 898 1678 951 in
1703 896 1798 952 fol.

510 995 785 1050 Editiones
806 1006 1065 1051 tractatus
1084 996 1337 1050 adversus
1354 994 1578 1050 hatresin
1598 992 1776 1055 Nocti,
1795 1000 1843 1044 et
1861 999 2044 1044 contra

461 1088 714 1145 Beronem
757 1099 805 1143 et
839 1087 1170 1143 llelicem.—-
1200 1087 1588 1158 Fragmentum
1619 1084 1696 1138 De
1726 1083 1833 1137 Deo
1858 1098 1962 1137 uno
1992 1092 2043 1136 et

465 1182 638 1244 trino,
666 1191 715 1235 et
754 1182 818 1235 de
858 1183 1106 1251 mysterio
1157 1179 1543 1236 incarnationis
1585 1186 1771 1232 contra
1820 1175 2044 1231 Iiwresin

466 1270 628 1326 Noeti
672 1273 775 1327 sub
832 1273 1070 1328 homilim
1118 1272 1339 1327 nomine
1389 1270 1584 1325 Latine
1628 1268 1795 1324 edidit
1836 1283 1903 1321 ex
1947 1280 2045 1321 sua

463 1364 715 1418 versione
758 1363 1033 1419 Gerardus
1067 1362 1297 1417 Vossius
1338 1358 1698 1431 Tungrensis,
1742 1356 1810 1412 ad
1842 1356 2046 1411 calcem

465 1453 712 1525 Gregorii
740 1454 1160 1525 Tliaumaturgi,
1187 1453 1502 1523 Moguntina,
1528 1450 1687 1514 1604,
1720 1449 1776 1503 in
1799 1449 1876 1515 4ο,
1904 1448 2047 1502 notis

466 1548 629 1600 etiam
663 1548 921 1615 subjectis
963 1564 993 1600 a
1029 1563 1149 1617 pag.
1187 1544 1375 1600 58-68.
1422 1544 1541 1611 Qua
1587 1558 1719 1597 vero
1772 1541 1839 1596 de
1882 1555 2047 1595 causa

466 1651 593 1691 cum
619 1637 874 1706 operibus
901 1637 958 1691 S.
987 1636 1233 1707 Gregorii
1261 1633 1654 1704 Thaumaturgi
1679 1633 1765 1687 hic
1787 1639 2049 1686 tractatus

467 1725 693 1781 Parisiis
723 1725 861 1779 1622
886 1726 1251 1795 reimpressus
1303 1739 1410 1778 non
1456 1723 1653 1787 fuerit,
1710 1723 2045 1793 ignoramus.

466 1816 625 1870 Anno
662 1826 839 1871 tamen
873 1816 1011 1871 1618
1041 1818 1095 1871 in
1128 1816 1459 1871 Bibliotheca
1480 1815 1705 1868 Patrum
1734 1812 2048 1869 Coloniensi

468 1908 588 1963 sine
620 1910 765 1963 notis
795 1910 1013 1978 prodiit,
1046 1923 1100 1963 et
1132 1908 1385 1980 Lugduni
1420 1907 1577 1973 1677,
1607 1918 1741 1961 tom.
1783 1906 1868 1974 Ill,
1902 1915 1957 1961 et
1991 1907 2048 1962 in

469 2000 846 2070 supplemento
878 2000 1194 2055 Morclliano
1227 2000 1401 2055 Paris.
1424 1999 1585 2063 1659,
1616 2009 1753 2054 tom.
1779 1998 1819 2067 Ι,
1840 2015 1893 2070 p.
1919 1999 2044 2055 620.

483 2088 808 2160 Fragmenta
843 2102 968 2147 octo
1007 2093 1073 2145 de
1102 2091 1361 2162 theologia
1389 2101 1439 2146 et
1469 2093 1832 2147 incarnatione
1862 2092 2042 2145 adver-

473 2194 567 2235 sus
591 2179 848 2235 Beronem
871 2191 921 2236 et
948 2181 1185 2235 Helicem
1228 2182 1535 2250 haereticos,
1588 2181 1779 2237 Latine
1806 2199 1873 2237 ex
1906 2181 2049 2236 Tur-

2143 525 2498 593 Antiquarum
2527 522 2839 587 lectionum,
2872 536 2997 591 pag.
3032 520 3157 588 154,
3196 520 3515 592 lngolstadii
3560 523 3717 590 1604,

2142 620 2199 673 in
2238 621 2314 673 4ο.
2348 618 2475 675 Haec
2509 618 2814 689 fragmenta
2854 632 2981 672 cum
3016 615 3206 672 eadem
3255 618 3509 672 versione
3539 618 3593 671 in
3635 618 3727 671 Bi-

2144 710 2418 766 bliothecis
2449 710 2549 765 SS.
2585 709 2811 763 Patrum
2852 708 3203 771 Coloniensi,
3240 706 3597 778 Lugdunensi
3621 748 3635 773 ,
3674 716 3727 763 et

2143 801 2370 859 Parisiis
2398 802 2531 856 1654
2556 802 2887 871 reimpressa
2917 798 3159 854 fuerunt.
3188 799 3389 854 Eadem
3420 799 3725 870 fragmenta

2144 892 2341 948 Latine
2401 893 2612 963 pridem
2680 892 2844 947 vertit
2899 890 3226 946 Anastasius
3292 891 3726 961 apocrisiarius,

2144 982 2311 1052 inque
2358 982 2710 1038 Collectaneis
2762 982 3044 1037 Anastasii
3092 981 3503 1038 Bibliothecarii
3563 983 3728 1039 edidit

2145 1075 2373 1133 Parisiis
2398 1076 2557 1140 1620,
2592 1077 2647 1131 in
2683 1076 2761 1143 8°,
2789 1075 3137 1142 Sirmondus,
3174 1075 3375 1131 additis
3406 1092 3437 1131 e
3471 1074 3727 1156 Turriani

2146 1169 2334 1226 codice
2357 1168 2583 1236 Graecis,
2621 1179 2792 1238 atque
2816 1169 2890 1223 ita
2922 1169 3112 1224 Grmce
3155 1183 3218 1223 ac
3250 1166 3444 1222 Latine
3472 1168 3730 1238 leguntur

2146 1264 2307 1319 etiam
2338 1263 2392 1317 in
2435 1272 2573 1317 tom.
2618 1262 2687 1316 lll
2722 1260 2962 1332 Operum
2995 1260 3273 1316 Sirmondi
3307 1246 3539 1317 Parisiis
3570 1262 3727 1327 1696,

2147 1358 2202 1412 in
2237 1357 2356 1422 fol.,
2396 1373 2520 1426 pag.
2554 1355 2685 1411 585.
2736 1354 2922 1411 Graece
2970 1355 3102 1409 item
3150 1364 3206 1410 et
3260 1354 3452 1410 Latine
3490 1355 3729 1425 Operum

2149 1450 2325 1504 sancti
2350 1448 2572 1502 Maximi
2599 1455 2731 1501 tom.
2766 1446 2787 1499 ι
2828 1445 3113 1516 praemissa
3145 1446 3316 1500 edidit
3342 1447 3729 1512 Combeﬁsius,

2151 1543 2244 1613 qui
2270 1541 2614 1596 etAnastasii
2639 1539 2947 1594 versionem
2980 1541 3279 1594 recensuit.
3303 1538 3505 1593 Eadem
3537 1539 3733 1593 exinde

2153 1635 2206 1688 in
2248 1649 2407 1688 suum
2455 1630 2805 1703 Hippolytum
2839 1631 3116 1685 transtulit
3146 1630 3452 1685 Fabricius.
3484 1629 3732 1685 Postbzec

2152 1740 2218 1780 ex
2247 1724 2560 1780 Combeﬁsii
2584 1724 2824 1779 editione
2856 1722 3043 1778 Graeca
3072 1723 3379 1791 desumpsit
3404 1722 3730 1792 Basnagius,

2153 1833 2217 1873 ac
2239 1817 2496 1872 Turriani
2533 1816 2773 1872 versioni
2803 1814 3055 1885 adjunxit
3075 1823 3209 1870 tom.
3243 1813 3263 1867 l
3292 1813 3551 1869 Thesauri
3572 1815 3732 1867 Cani-

2154 1908 2324 1976 siani;
2386 1907 2452 1963 ad
2500 1908 2659 1978 cujus
2708 1908 2912 1964 calcem
2972 1918 3235 1981 praeterea
3288 1923 3344 1963 v.
3394 1907 3466 1962 cl.
3519 1905 3732 1960 Claudii

2154 2000 2607 2071 Cappcronnierii
2654 2002 3159 2058 animadversiones
3196 2003 3247 2057 in
3293 2000 3579 2056 Anastasii
3622 2015 3735 2054 ver-

2155 2093 2366 2148 sionem
2405 2108 2531 2147 cum
2576 2094 2782 2149 Griecis
2831 2095 3088 2150 collatam
3134 2094 3335 2165 adjecit
3385 2108 3536 2149 anno
3567 2092 3733 2159 1725,

2157 2185 2554 2242 Amstelodami
2588 2186 2643 2241 in
2674 2184 2825 2243 folio.

470 2432 589 2494 DE
642 2432 1061 2499 ANONYMO
1117 2436 1542 2500 CHRONICI
1595 2435 1987 2500 AUCTORE
2036 2439 2193 2501 SUB
2253 2438 2766 2502 ALEXANDRO
2812 2437 3141 2501 SEVERO
3198 2435 3733 2503 CONSCRIPTI.

1108 2563 1302 2625 Varia
1336 2565 1745 2627 eruditorum
1792 2564 2029 2645 placita
2084 2568 2169 2630 de
2228 2567 2429 2647 hujus
2460 2567 2764 2630 Chronici
2812 2578 3097 2629 auctore.

541 2687 690 2743 Inter
718 2691 891 2759 Opera
923 2690 982 2744 S.
1014 2680 1289 2763 Hippolyti
1322 2692 1563 2762 episcopi
1594 2702 1648 2748 ct
1678 2693 1958 2764 martyris,
1988 2694 2057 2750 de
2164 2709 2283 2748 rum
2318 2694 2551 2764 primus.
2582 2690 3131 2749 Occurrebatl'dolort
3162 2698 3350 2744 nostro
3377 2689 3461 2743 vir
3486 2688 3736 2742 doctissi-

472 2782 673 2851 quibus
708 2783 993 2853 hucusque
1021 2783 1418 2849 disseruimus,
1459 2787 1710 2841 nonnulli
1756 2788 1862 2842 viri
1905 2787 2056 2843 docti
2157 2802 2282 2841 mus
2308 2787 2564 2841 dominus
2610 2784 2691 2839 Du
2724 2785 2908 2855 Cange
2950 2784 3003 2837 in
3035 2794 3309 2853 postrema
3347 2780 3593 2835 editione
3629 2779 3733 2833 Pa-

474 2878 871 2929 recensendum
906 2875 1293 2931 existimarunt
1321 2886 1375 2932 et
1402 2878 1696 2933 Chronicon
1729 2880 1889 2946 illud,
1911 2883 2058 2953 quod
2161 2879 2355 2935 scholis
2383 2878 2669 2943 Chronici;
2700 2879 2791 2933 ubi
2816 2879 2883 2932 de
2913 2876 3187 2948 Hippolyti
3216 2874 3449 2939 Conone,
3490 2882 3546 2928 et
3583 2870 3735 2927 Cum.

474 2982 805 3038 anonymus,
841 2968 932 3038 qui
969 2974 1072 3024 sub
1108 2972 1370 3028 extremis
1411 2971 1705 3028 Alexandri
1739 2972 1925 3030 Severi
1957 2975 2061 3029 im-
2167 2972 2424 3027 mcntario
2451 2972 2675 3027 Pascha!
2703 2971 2939 3042 plurima
2957 2984 3083 3025 cum
3104 2968 3441 3023 disseruerat
3469 2966 3733 3031 solidiori,

474 3060 744 3129 peratoris
770 3063 1108 3131 temporibus
1131 3063 1337 3130 ﬂoruit,
1361 3063 1622 3120 Africano
1647 3081 1886 3135 comvus,
1910 3068 2054 3123 circa
2163 3081 2271 3135 qua
2305 3065 2489 3135 pollet,
2526 3064 2833 3119 eruditione
2880 3063 2933 3116 in
2968 3061 3119 3116 omni
3169 3075 3365 3129 genere
3409 3060 3737 3124 litterarum,

472 3148 679 3205 Christi
726 3167 931 3207 annum
976 3152 1104 3219 9.36,
1158 3156 1445 3225 scripsisse
1492 3159 1844 3228 comperitur.
1904 3158 2057 3216 Hanc
2161 3152 2314 3206 visus
2336 3162 2418 3207 est
2447 3152 2685 3222 aliquam
2712 3152 2767 3205 in
2801 3166 2953 3221 spem
2986 3166 3087 3205 nos
3119 3150 3391 3204 adducere
3436 3149 3570 3204 libri
3612 3148 3736 3220 Hip-

475 3246 799 3300 sententiam
837 3260 948 3315 prae
987 3246 1201 3301 caeteris
1247 3257 1331 3303 est
1384 3250 1669 3319 amplexus
1713 3266 1767 3305 v.
1798 3252 1867 3307 cl.
1911 3252 2057 3307 Canv
2162 3244 2363 3316 polytei
2420 3242 2729 3313 tepefiunt“
2778 3242 2831 3296 in
2882 3251 3097 3297 velUSlO
3148 3241 3242 3295 illo
3294 3240 3515 3305 COdiCe.
3582 3256 3738 3311 quem

474 3333 598 3405 gius
629 3335 763 3405 (59).
802 3335 906 3391 Sed
934 3336 988 3391 in
1018 3338 1183 3392 aliam
1222 3338 1475 3394 abierunt
1501 3339 1834 3397 Pearsonius
1862 3342 1969 3414 (60)
2004 3352 2058 3398 ei
2086 3319 2131 3382 C
2162 3332 2419 3389 Canisius
2444 3335 2797 3404 Antiquarum
2828 3333 3112 3387 lectionum
3138 3340 3271 3386 tom.
3298 3329 3388 3396 lll,
3411 3338 3464 3384 et
3493 3329 3740 3385 Labbeus

476 3425 785 3481 Dodwcllus
804 3426 951 3497 (6|):
981 3444 1217 3499 quorum
1250 3431 1524 3499 posterior
1564 3446 1923 3504 anonymum,
1948 3450 2058 3505 quo
2163 3427 2218 3481 in
2254 3426 2429 3495 primo
2458 3426 2802 3481 Bibliothecce
2829 3426 3318 3493 manuscriptorum
3346 3421 3571 3492 publico
3604 3423 3740 3478 bono

477 3512 546 3569 de
584 3517 821 3585 agimus,
857 3518 1148 3587 scripsisse
1174 3520 1364 3573 statuit
1394 3522 1586 3589 paucis
1633 3532 1761 3592 post
1802 3523 2061 3597 Hippoly—
2162 3518 2219 3573 in
2262 3519 2439 3573 lucem
2487 3516 3185 3588 protulerant.‘Adornavit
3226 3532 3355 3571 vero
3408 3521 3578 3576 etiam
3635 3522 3741 3590 ipse

477 3615 595 3659 tum
622 3606 816 3673 annis;
855 3623 977 3662 cum
1020 3609 1160 3664 alias
1212 3619 1437 3667 sanctus
1471 3612 1573 3669 iste
1603 3625 1810 3687 martyr
1853 3626 1905 3671 et
1941 3619 2059 3687 epi-
2162 3612 2305 3666 v.cl.
2332 3611 2547 3665 tertiam
2583 3611 2827 3681 ejusdem
2858 3613 3104 3679 opusculi
3136 3612 3455 3680 editionem,
3496 3631 3654 3669 num.
3681 3607 3739 3666 IV

480 3710 680 3768 scopus
740 3702 920 3769 primo
991 3701 1239 3772 ejusdem
1305 3703 1603 3760 Alexandri
1658 3706 1846 3763 Severi
1914 3726 2060 3765 anno

481 3794 701 3863 Cyclum
732 3810 894 3849 suum
920 3796 1212 3853 inchoasse
1235 3809 1513 3857 noscatur.
1535 3801 1827 3870 Caeterum,
1860 3805 2057 3874 inquit,

480 3888 652 3941 multa
698 3897 884 3943 noster
911 3905 1221 3961 anonymus
1252 3892 1437 3961 liabet,
1484 3910 1607 3964 quae
1635 3910 1759 3950 cum
1795 3897 2062 3968 hypotlie-

482 3980 636 4034 sibus
669 3977 945 4052 Hippolyti
993 3984 1402 4055 chronologicis
1432 3985 1485 4040 in
1530 3987 1777 4057 ejusdem
1821 3989 2061 4059 paschali

482 4069 692 4124 Conone
741 4073 1045 4128 observatis
1096 4077 1413 4131 consentire
1462 4078 1772 4146 videantur,
1830 4096 2063 4151 quaeque

482 4159 620 4215 adeo
668 4159 957 4234 Hippolyto
1006 4178 1345 4236 anonymum
1395 4166 1649 4224 debuisse
1717 4169 1802 4224 fas
1858 4180 1943 4225 est
2002 4179 2065 4227 ut

484 4252 847 4321 suspicemur.
874 4256 1119 4320 Quorum
1172 4258 1393 4327 quidem
1440 4260 1685 4315 virorum
1720 4263 2063 4318 eruditorum

484 4345 769 4399 sententiae
800 4346 888 4399 illa
922 4347 976 4401 in
1019 4349 1215 4418 primis
1246 4366 1347 4405 nos
1383 4362 1584 4423 c0gunt
1620 4356 1903 4419 accedere,
1940 4370 2064 4424 quae

486 4433 592 4490 hac
622 4435 690 4490 de
721 4452 780 4491 re
807 4439 1063 4507 praeclare
1108 4441 1243 4496 satis
1270 4442 1567 4498 edisseruit
1608 4444 1838 4501 illustris
1864 4447 2065 4516 praesul

488 4525 818 4586 Franciscus
848 4530 1206 4589 Blanchinius
1231 4533 1364 4605 (62).
1398 4534 1491 4591 Sic
1523 4537 1688 4609 igitur
1717 4539 1842 4594 ille:

2162 3704 2217 3756 in
2258 3702 2477 3757 Selectis
2512 3704 2580 3756 ad
2615 3703 2997 3757 illustrandum
3035 3703 3362 3772 Chronicon,
3410 3710 3561 3775 quod
3590 3721 3741 3777 para-

2163 3794 2285 3849 bat:
2317 3794 2475 3866 cujus
2502 3795 2719 3849 titulum
2750 3795 2804 3849 in
2850 3796 3093 3851 indiculo
3128 3796 3347 3851 Selectis
3380 3800 3642 3867 praeﬁxo,
3681 3814 3740 3852 ex

2165 3888 2404 3958 antiquis
2450 3887 2783 3943 membranis
2839 3903 2966 3943 cum
3022 3889 3276 3944 redderet
3324 3906 3450 3962 pag.
3501 3892 3643 3959 405,
3675 3893 3740 3945 ita

2166 3980 2627 4035 rommendavit:
2671 3983 2765 4039 IV.
2832 3983 2997 4039 Liber
3053 3982 3419 4051 generationis
3472 3984 3544 4037 ab
3574 3984 3740 4037 Adam

2176 4087 2348 4143 usque
2415 4072 2482 4128 ad
2537 4072 2804 4137 ordinem,
2836 4087 2960 4141 qua:
2994 4072 3117 4144 (sic)
3148 4075 3501 4129 continentur
3538 4076 3594 4129 in
3648 4077 3741 4129 hoc

2176 4163 2347 4219 libro.
2427 4166 2571 4234 Opus
2638 4166 2779 4235 quod
2834 4164 3127 4236 Hippolyto
3194 4165 3482 4221 Parmensi
3552 4168 3742 4221 ascribi

2167 4272 2317 4325 posse
2356 4257 2605 4311 duximus
2646 4259 2701 4310 in
2742 4257 3057 4327 pra'fatione
3100 4276 3120 4315 :
3158 4274 3223 4313 ea:
3274 4262 3503 4314 editione
3530 4260 3741 4313 Henriri

2170 4348 2414 4414 Canisii,
2457 4358 2505 4402 et
2538 4348 2773 4418 Philippi
2814 4348 3011 4403 Labbei
3052 4352 3121 4403 ad
3160 4351 3317 4420 ﬁdem
3355 4353 3550 4405 codicis
3593 4353 3743 4406 colle-

2168 4440 2242 4509 gii
2294 4456 2405 4496 soc.
2452 4440 2581 4495 Jesu
2629 4441 2956 4496 Parisiensis
3003 4445 3348 4513 recognitum.
3398 4443 3464 4497 Et
3515 4460 3645 4499 ecce
3694 4445 3742 4498 in

2166 4532 2488 4603 praefatione
2510 4534 2781 4603 plurimus
2800 4542 2883 4588 est
2907 4534 2959 4587 in
2985 4535 3320 4603 conjecturis
3335 4537 3740 4606 conquirendis,

567 4639 585 4671 σ
618 4621 948 4681 Dolebamus
977 4627 1122 4695 quod
1162 4628 1299 4682 liber
1325 4629 1416 4683 ille
1453 4630 1811 4696 interciderit,
1852 4632 1944 4687 ubi
1978 4633 2065 4689 di-
2098 4659 2143 4713 Β
2173 4625 2315 4679 unde
2343 4623 2630 4695 Hippolyto
2658 4626 2909 4695 martyri,
2951 4642 3111 4695 quem
3148 4626 3503 4683 Portuensem
3531 4629 3741 4697 episco-

491 4726 731 4784 gesscrat
802 4717 1127 4790 Hippolytus
1197 4721 1697 4778 demonstrationem
1770 4735 2067 4795 temporum
2171 4734 2300 4789 Pum
2341 4733 2407 4772 ex
2471 4732 2550 4771 ΥΠ
2616 4717 3016 4773 δυδυνι)ίε²¹“ίίδ
3049 4717 3223 4774 “lisse
3273 4729 3544 4786 θυιυηιθῐ,
3581 4720 3741 4776 ιτὶιὶυί

491 4804 736 4873 ΡαδεΙιω,
773 4812 1212 4879 quemadmodum
1243 4815 1299 4867 in
1328 4814 1526 4869 tabula.
1558 4815 1708 4887 Opus
1736 4819 1879 4873 enim
1910 4821 2065 4887 illud,

492 4899 540 4953 si
599 4898 667 4953 ad
719 4916 820 4955 nos
878 4902 1153 4973 integrum
1206 4909 1575 4976 pervenisset,
1620 4911 1809 4966 haberi
1850 4913 2109 4978 debereL

496 5000 619 5059 post
648 5007 835 5047 sacras
855 4994 1066 5051 litteras
1098 5000 1346 5053 omnium
1369 5002 1850 5070 pretiosissimum.
1886 5004 2071 5075 Siqui-

494 5080 616 5133 dem
661 5092 786 5136 ante
827 5082 1176 5157 Hippolytum
1221 5104 1383 5143 nemo
1411 5090 1712 5163 digesserat
1760 5094 1815 5147 in
1861 5105 2067 5149 certam

493 5172 726 5238 seriem,
782 5191 882 5230 nec
929 5179 996 5231 ad
1046 5180 1181 5250 cycli
1234 5197 1484 5237 normam
1538 5185 1821 5255 redegerat
1883 5202 2071 5242 sacros

444 5296 447 5299 -
493 5266 723 5321 annales
749 5285 762 5321 :
792 5268 939 5337 quod
970 5270 1058 5325 ille
1090 5275 1338 5341 praestitit
1369 5274 1813 5332 Christianorum
1841 5281 2075 5349 scripto-

501 5491 531 5565 s
565 5424 809 5552 ἔξθέιὲιὲ
855 5426 1071 5500 Cange,
1106 5429 1324 5486 Praefat.
1377 5432 1447 5488 ad
1492 5434 1790 5491 Chronicon
1845 5436 2069 5507 Pasch.,

571 5564 682 5649 (60)
722 5565 1029 5649 Ρεωτερξι,
1041 5569 1268 5649 Qissert.
1299 5572 1325 5627 1
1352 5573 1419 5630 de
1443 5590 1683 5633 success.
1716 5577 1879 5649 prim.
1908 5578 2069 5635 Rom.

497 5634 845 5713 Ρομξᾳῇλθῖρο
880 5634 1032 5713 ᾌΟῇδ
1061 5642 1111 5696 ί·

554 5687 1404 5788 (61)ὐὸῖιῖὗείξίἦεξὲηδίᾖειιι.
1425 5716 1490 5774 de
1507 5715 1664 5775 Rom.
1686 5719 1881 5791 pontii“.
1906 5722 2069 5787 prim.

2170 4824 2282 4880 prae
2306 4810 2519 4864 czeteris
2547 4809 2759 4864 debeat.
2788 4828 2806 4862 ι

2250 4903 2468 4971 Verum,
2496 4905 2538 4959 si
2572 4905 2639 4958 ad
2670 4903 3017 4976 Hippolytum
3041 4905 3353 4975 episcopum
3379 4916 3433 4961 et
3453 4917 3742 4978 martyrem

2173 4995 2354 5050 Conon
2392 4995 2492 5050 iste
2518 5010 2861 5050 marmoreus
2896 4996 3215 5052 referendus
3243 5007 3349 5064 est,
3398 5011 3456 5052 ut
3498 5004 3742 5053 omnium

2176 5087 2460 5141 doctorum
2495 5087 2776 5157 ipsiusque
2807 5088 2942 5141 adeo
2969 5086 3160 5157 Cangii
3186 5090 3448 5159 sull'ragio
3478 5089 3740 5155 refertur;

2177 5177 2677 5233 demonstraturum
2736 5194 2823 5233 me
2876 5195 2996 5234 esse
3045 5180 3299 5247 conﬁdo,
3360 5183 3429 5236 ad
3496 5185 3740 5235 eumdem

2178 5267 2528 5338 Hippolytum
2562 5283 2671 5322 non
2711 5269 2984 5340 pertinere
3013 5268 3255 5323 codicem
3302 5269 3457 5325 illum
3500 5270 3744 5325 Canisia—

2177 5460 2443 5517 success.,
2484 5461 2602 5516 cap.
2635 5446 2719 5509 14,
2756 5445 2783 5517 §
2815 5447 2900 5503 19.

2250 5517 2364 5599 (62)
2404 5516 2654 5599 Blancnh:
2697 5516 2923 5574 Dissert.
2961 5517 3029 5574 de
3067 5517 3408 5599 Cit-napasch.
3454 5520 3512 5575 S.
3549 5520 3742 5599 Hippo-

2180 5586 2297 5658 lyti,
2326 5603 2446 5665 cap.
2472 5588 2524 5653 5,
2561 5586 2588 5657 §
2624 5588 2654 5638 7
2680 5604 2857 5660 seqq.,
2888 5599 2942 5646 et
2962 5590 3107 5662 apud
3129 5586 3346 5647 Fabric.
3378 5602 3511 5648 tom.
3543 5586 3677 5665 Op'p'.
3701 5589 3740 5658 ι,

2177 5674 2302 5730 pag.
2337 5659 2435 5714 114
2458 5667 2511 5714 et
2546 5673 2700 5728 seqq.
