3882 6512
194 300 300 356 395

1178 309 1266 364 DE
1304 309 1465 367 VITA
1503 311 1591 366 ET
1634 311 1946 371 SCRIPTIS
1979 318 2038 373 S.
2068 319 2457 382 HIPPOLY'I'I.

3337 329 3441 391 594

192 438 326 478 num
365 431 424 479 et
465 422 837 492 Labbcanum,
873 432 1203 500 cmteroquin
1239 434 1589 502 spectabilem
1618 454 1629 488 :
1675 434 1768 489 sed
1799 441 1845 496 Α
1879 458 1896 487 ι
1936 439 2140 495 bratur.
2173 441 2288 512 Ipse
2316 447 2460 499 enim
2485 455 2603 501 erat
2624 446 2830 517 justum
2853 446 3077 505 Pascha.
3104 452 3143 503 A
3179 448 3440 510 Passione

190 530 315 570 esse
347 518 530 586 potius
578 519 944 586 referendum,
974 524 1057 577 vel
1092 524 1160 578 ad
1204 523 1468 579 Heronem
1513 527 1661 581 illum
1703 545 1770 583 ex

188 609 521 681 philosopho
553 611 923 667 Christianum
948 624 1002 668 et
1032 626 1323 688 martyrem
1354 636 1367 672 :
1398 634 1558 687 quem
1595 619 1707 688 ipse
1737 636 1767 674 a

186 714 488 757 neocoratu
531 706 713 774 templi
764 706 1043 777 Serapidis
1094 710 1148 763 in
1200 709 1365 765 Portu
1430 710 1677 765 Romano
1699 712 1766 766 ad

184 792 389 849 Christi
430 797 590 851 ﬁdem
643 810 927 855 evocatum
982 804 1293 871 suspicatur
1340 819 1407 858 ex
1455 804 1639 858 Graeca
1682 806 1766 857 iu-

182 887 489 957 scriptione
513 892 655 961 apud
686 892 948 962 Spouium
991 904 1122 949 sect.
1167 913 1219 961 Χ,
1251 912 1402 949 unm.
1434 896 1524 961 9:2,
1563 895 1763 951 Severo

177 981 495 1039 Alexandro
525 987 846 1055 imperante,
876 988 1088 1059 ipsique
1114 990 1247 1043 adeo
1271 987 1559 1061 Hippolyto
1579 1005 1763 1059 aequa-

176 1072 280 1127 lem
304 1092 320 1139 ;
352 1086 409 1128 et
438 1076 505 1131 de
539 1078 875 1145 temporibus
915 1080 1207 1149 scripsisse
1236 1080 1395 1135 docet
1424 1097 1489 1134 ex
1518 1094 1758 1136 veterum

176 1166 535 1233 testimoniis,
586 1184 821 1239 eumque
880 1171 1211 1241 neophytum
1257 1172 1501 1241 explesse
1552 1184 1757 1244 marty-

174 1258 340 1313 rium.
390 1259 608 1315 Accedo
656 1262 838 1330 itaque
881 1262 948 1315 ad
1001 1278 1123 1317 eam
1184 1266 1543 1331 sententiam,
1590 1282 1752 1337 quam

175 1353 419 1407 secundo
470 1353 593 1408 loco
642 1356 783 1409 idem
820 1355 1069 1411 laudatus
1101 1369 1292 1413 auctor
1336 1361 1389 1412 iu
1439 1360 1755 1430 prmfatioue

172 1446 471 1511 subtexuit,
489 1449 677 1505 dicens
699 1452 782 1505 vel
800 1451 1085 1523 Hippolyto
1100 1455 1374 1525 episcopo,
1394 1457 1474 1510 vel
1503 1474 1521 1507 ι
1545 1458 1753 1511 auctori

170 1540 509 1609 synchrono,
559 1546 652 1613 qui
697 1546 894 1601 vixerit
940 1549 1043 1603 sub
1077 1549 1387 1604 Alexandro
1426 1552 1693 1622 Augusto,
1726 1570 1745 1603 ι

169 1646 288 1685 esse
348 1631 555 1687 librum
615 1636 1067 1705 adjudicandum.
1119 1639 1347 1696 Praestat
1398 1642 1519 1713 ejus
1580 1645 1746 1698 verba

169 1725 533 1780 transcribere
554 1742 620 1781 ex
643 1743 795 1783 num.
821 1729 887 1783 18
915 1731 1283 1800 praefatiouis:

235 1831 254 1864 ι
284 1815 564 1871 Caeterum
600 1816 874 1891 Hippolyti
924 1822 1198 1890 Chronico,
1247 1825 1313 1879 de
1355 1840 1465 1895 quo
1499 1826 1741 1896 agimus,

167 1907 440 1973 geminum
475 1924 640 1979 prope
679 1920 800 1976 est,
836 1912 941 1965 nisi
972 1914 1264 1983 ipsummet
1288 1916 1553 1971 exstiterit
1580 1917 1747 1971 Chro-

163 1998 313 2050 nicon
339 1999 501 2065 illud,
534 2003 681 2071 quod
712 2005 884 2059 edidit
912 2005 1179 2062 Henricus
1213 2009 1470 2065 Canisius
1508 2020 1639 2066 tom.
1676 2013 1745 2066 Ill

161 2089 337 2159 Antiq.
354 2091 597 2161 lection.,
620 2106 673 2149 et
698 2094 980 2167 Philippus
999 2096 1251 2154 Lahbeus
1285 2111 1414 2155 tom.
1445 2101 1627 2157 lnovw
1650 2103 1744 2158 Bi—

163 2179 436 2237 bliothecw
485 2200 551 2239 ex
596 2202 701 2241 ms.
736 2188 925 2244 codice
969 2191 1183 2260 collegii
1224 2190 1400 2249 Paris.
1449 2210 1565 2250 soc.
1612 2195 1742 2252 Jesu

160 2275 324 2333 hocce
379 2279 591 2336 titulo:
661 2282 739 2337 De
789 2286 1140 2340 divisionibus
1207 2300 1255 2343 et
1317 2293 1738 2360 generationibus

160 2372 407 2439 gentium.
437 2372 595 2440 Quod
615 2376 833 2445 quidem
853 2378 1145 2435 Chroniron
1158 2383 1224 2437 ad
1246 2382 1536 2439 Alexandri
1555 2385 1737 2441 Severi

160 2477 355 2518 annum
388 2482 513 2531 xm,
541 2484 776 2540 eumque
802 2472 1014 2542 imperii
1044 2486 1396 2545 postremum,
1431 2494 1540 2548 quo
1569 2480 1737 2550 impe-

160 2567 303 2611 rante
334 2573 398 2612 se
430 2560 639 2615 vixisse
684 2578 793 2618 non
852 2567 1020 2621 semel
1050 2580 1246 2623 auctor
1298 2569 1492 2635 innuit,
1531 2575 1733 2641 perdu-

160 2646 306 2703 citur.
340 2647 393 2705 Is
440 2667 570 2706 vero
610 2654 664 2707 in
718 2658 1035 2725 prmfatione
1067 2660 1469 2732 descripturum
1511 2680 1570 2719 se
1614 2666 1729 2719 ait:

164 2756 181 2789 ι
212 2739 470 2796 Gentium
524 2745 883 2816 divisionem,
914 2759 967 2805 et
1003 2763 1291 2821 parentum
1328 2755 1727 2811 dinumeratam

163 2847 181 2880 ι
213 2836 645 2906 generationem,
681 2839 1098 2898 inhabitatiouis
1130 2860 1349 2914 quoque
1380 2857 1649 2917 tempora,
1677 2858 1731 2903 et

164 2938 181 2970 ι
211 2922 475 2979 bellorum
502 2930 941 2998 commissiones,
966 2942 1018 2987 et
1036 2934 1283 3003 judicum
1315 2946 1582 3007 tempora,
1606 2940 1723 3009 qui,

163 3028 180 3063 ι
209 3024 257 3069 et
286 3017 495 3087 quibus
540 3021 760 3092 regibus
801 3025 915 3078 uati
965 3035 1113 3093 sunt,
1160 3029 1461 3099 qualesque
1499 3032 1725 3101 captivi-

163 3122 180 3155 ι
214 3116 345 3164 tates
400 3112 621 3181 populi,
685 3122 739 3170 et
776 3117 977 3186 quibus
1032 3119 1308 3188 judicibus
1356 3122 1789 3195 contigerint,c

164 3214 180 3245 ι
209 3199 411 3270 quique
445 3203 779 3271 sacerdotes,
809 3207 1009 3276 quibus
1044 3209 1381 3278 temporibus
1405 3209 1643 3280 fuerant,
1667 3223 1722 3270 et

163 3309 179 3342 ι
208 3310 321 3363 quae
350 3296 583 3366 divisio,
617 3308 671 3354 et
716 3316 838 3370 quae
890 3304 1123 3372 perditio
1162 3303 1301 3360 facta
1338 3306 1448 3371 sit,
1480 3322 1718 3377 quonam

162 3400 180 3433 ι
211 3386 367 3442 modo
420 3391 697 3458 generatio
746 3394 975 3449 seminis
1031 3396 1200 3450 Israel
1260 3396 1326 3451 de
1367 3397 1621 3454 Patribus
1662 3403 1714 3454 in

164 3477 419 3535 tChristo
480 3484 751 3553 completa
810 3486 922 3551 sit,
973 3498 1026 3541 et
1083 3495 1219 3557 quot
1269 3490 1568 3560 quantique
1621 3508 1717 3561 per

162 3586 179 3618 ί
208 3581 399 3637 quanta
439 3582 686 3645 tempora
732 3576 1147 3635 dinumerentur
1198 3586 1325 3634 anni
1382 3597 1413 3636 a
1465 3592 1713 3638 creatura

160 3680 179 3711 ι
208 3667 384 3720 smculi
439 3682 615 3737 usque
656 3670 709 3723 in
750 3670 896 3726 hunc
942 3673 1108 3727 diem.
1141 3692 1159 3725 ι
1204 3672 1513 3729 Ριίθῖειιῐοιιί
1549 3676 1707 3730 index

157 3755 447 3825 subjicitur,
498 3761 656 3829 cujus
692 3763 724 3815 6
759 3773 923 3832 caput
959 3763 1110 3819 hisce
1149 3764 1331 3820 verbis
1386 3776 1705 3836 conceptum

157 3844 376 3916 legitur:
426 3869 445 3901 ‹
479 3851 787 3907 Declaratio
816 3852 1059 3921 Paschae,
1092 3863 1145 3909 et
1178 3858 1301 3926 quis
1342 3856 1560 3925 quando
1592 3872 1707 3910 ser-

162 3954 181 3987 ι
206 3941 340 3996 vavit
370 3958 434 3998 ex
470 3946 810 4014 temporibus
849 3945 1021 4016 Moysi
1054 3948 1110 4001 in
1147 3947 1294 4002 hunc
1321 3947 1487 4001 diem.
1523 3965 1541 3997 ι
1574 3947 1705 4014 Qua:

157 4032 352 4098 quidem
375 4036 440 4090 ad
465 4052 530 4091 ea
550 4036 1019 4109 referuntur,quae
1044 4039 1313 4093 habentur
1335 4038 1389 4093 in
1414 4054 1474 4094 ea
1502 4041 1698 4094 sectio-

159 4136 236 4185 ne,
265 4125 347 4179 ubi
370 4127 433 4181 de
455 4126 721 4185 Paschate
746 4130 975 4186 subinde
996 4146 1024 4184 a
1047 4129 1249 4185 Judacis
1278 4140 1469 4185 exacto
1497 4132 1694 4201 agitur.

159 4207 280 4267 Tum
298 4217 538 4273 additur:
573 4236 593 4270 ι
613 4220 656 4272 A
677 4220 1020 4289 generatione
1045 4231 1224 4276 autem
1259 4220 1458 4280 Christi
1488 4230 1610 4292 post
1630 4221 1698 4277 30

162 4319 180 4351 ι
215 4319 371 4363 annos
400 4323 549 4365 ‘cum
605 4325 800 4381 passus
850 4320 934 4366 est
967 4310 1230 4367 Dominus
1251 4353 1265 4379 ,
1288 4310 1524 4386 {Pascha
1555 4313 1698 4370 cele~

368 5829 631 5887 Ριτιιοι.
670 5825 787 5884 Gn.
821 5825 902 5885 Χ.

1878 549 1897 583 ε
1938 540 2116 587 autem
2171 533 2386 589 Domini
2448 552 2622 606 usque
2682 539 2734 591 in
2788 557 2881 595 xui
2959 557 3161 595 annum
3224 544 3438 613 imperii

1877 644 1897 678 ‹
1933 625 2223 681 Alexandri
2248 628 2479 685 Caesaris
2507 631 2632 686 anni
2657 631 2781 698 206,
2801 644 3074 690 servatum
3097 644 3180 691 est
3200 635 3434 701 Pascha,

1874 734 1894 767 ι
1932 718 2075 785 quod
2115 717 2169 772 in
2208 723 2781 778 commemorationem
2826 724 3043 779 Domini
3093 729 3265 782 nostri
3302 728 3432 785 Jesu

1872 826 1891 860 ι
1929 810 2129 864 Christi
2165 821 2413 866 servatur
2434 829 2464 867 a
2492 816 2669 871 nobis.
2696 815 2855 870 Fiunt
2884 818 3050 887 igitur
3083 835 3272 875 omnes
3302 822 3434 877 anni

1872 920 1890 952 ι
1929 902 1997 955 ab
2022 902 2191 956 Adam
2228 920 2400 975 usque
2442 907 2496 960 in
2534 908 2678 964 hunc
2711 910 2853 964 diem
2882 913 3009 966 annui
3042 912 3201 969 5738.
3241 935 3259 966 ι
3298 914 3431 981 Quae

1864 990 2080 1059 quidem
2118 993 2205 1046 hic
2243 1009 2273 1047 a
2301 995 2459 1049 nobis
2500 998 2661 1053 allata
2697 1000 2741 1053 si
2783 1002 2905 1071 quis
2940 1017 3064 1057 cum
3090 1005 3176 1069 iis,
3210 1021 3330 1074 qua:
3359 1008 3428 1061 de

1861 1080 2129 1154 Hippolyti
2158 1084 2413 1139 Chronico
2441 1091 2740 1159 attigimus,
2772 1094 2837 1146 ad
2866 1096 3128 1150 amussim
3172 1097 3426 1153 conferre

1858 1177 2025 1243 velit;
2066 1178 2197 1232 illud
2254 1179 2431 1251 ipsum
2486 1198 2605 1237 esse
2652 1185 2894 1253 ejusdem
2937 1188 3231 1243 Chronicon
3280 1192 3422 1246 haud

1858 1266 2142 1321 dillieulter
2169 1268 2305 1324 forte
2337 1273 2616 1339 concedet,
2652 1276 2739 1329 cui
2774 1276 3091 1333 laterculum
3130 1281 3175 1335 is
3208 1284 3422 1349 prtemi-

1857 1359 2008 1423 serit,
2048 1361 2129 1414 vel
2152 1361 2469 1428 subdiderit,
2529 1363 2583 1417 in
2641 1362 2920 1421 Paschalis
2951 1366 3093 1431 festi,
3126 1370 3191 1423 de
3222 1386 3331 1439 quo
3364 1371 3421 1426 in

1854 1452 1964 1518 illa,
1996 1470 2157 1523 quam
2187 1454 2447 1521 diximus,
2485 1460 2723 1514 sectione
2751 1461 2878 1530 egit,
2904 1461 3212 1516 inveniendi
3254 1478 3417 1517 cano—

1852 1560 1975 1598 nem
2002 1562 2095 1599 seu
2128 1548 2365 1616 regulam
2390 1566 2403 1613 ;
2429 1550 2495 1603 ad
2523 1568 2684 1619 quam
2714 1554 3017 1622 prasteritos
3045 1564 3099 1609 et
3127 1565 3415 1624 sequentes

1851 1650 2028 1691 annos
2061 1639 2368 1708 expendere
2403 1642 2659 1697 lectorem
2697 1647 2949 1700 voluerit.
2985 1664 3004 1698 ι

1774 1784 1818 1839 Β
1918 1777 2084 1837 Recte
2132 1784 2351 1853 quidem
2399 1795 2811 1856 argumentatur
2858 1804 2926 1843 ex
2991 1789 3142 1845 hisce
3195 1788 3412 1845 duobus

1850 1876 2095 1930 numeris
2128 1892 2396 1932 annorum
2417 1895 2447 1933 τι
2465 1879 2726 1935 Passione
2750 1880 2964 1935 Domini
2988 1882 3056 1936 ad
3086 1898 3288 1936 annum
3312 1898 3411 1937 χιιι

1850 1966 2035 2023 Severi
2067 1970 2381 2038 Alexandri,
2415 1989 2516 2028 nec
2541 1990 2650 2028 non
2686 1975 2754 2028 ab
2783 1989 2869 2040 eo,
2897 1991 3061 2045 quem
3097 1991 3231 2031 xxxi
3280 1985 3406 2030 ante

1844 2059 2162 2118 Passionem
2192 2080 2259 2118 ex
2305 2074 2546 2120 veterum
2588 2069 2851 2123 sententia
2898 2070 3258 2123 incarnationi
3304 2069 3410 2125 Do-

1843 2155 2060 2211 mihiea:
2089 2156 2381 2212 tribuebat.
2422 2156 2761 2224 Quinetiam,
2816 2168 2877 2213 ut
2923 2161 3116 2215 addam
3163 2161 3406 2228 reliquas

1841 2247 2078 2315 epochas
2110 2248 2165 2302 in
2201 2264 2508 2303 marmoreo
2524 2246 2733 2303 Conone
2761 2252 3077 2317 reccnsitas,
3105 2252 3398 2306 concedam

1839 2339 2127 2409 plerasque
2157 2355 2345 2394 earum
2372 2357 2495 2395 cum
2533 2342 2775 2395 numeris
2809 2343 3013 2397 codicis
3040 2342 3312 2397 Labbeani
3349 2351 3404 2398 et

1838 2430 2114 2485 Canisiani
2177 2447 2498 2502 congruere.
2559 2431 2756 2487 Verum
2791 2448 2913 2487 cum
2976 2433 3281 2503 discrepent
3330 2434 3399 2487 ab

1836 2522 2040 2575 eisdem
2100 2523 2357 2591 reliquae,
2423 2539 2596 2592 eaque
2646 2525 2988 2595 potissimum
3040 2540 3160 2594 quae
3212 2525 3401 2578 deﬁnit

1836 2612 2180 2667 intervallum
2210 2612 2351 2667 inter
2383 2614 2490 2667 duo
2515 2611 2800 2682 Paschata,
2834 2616 3003 2670 Exodi
3030 2626 3083 2670 et
3120 2616 3394 2682 Ezechire;

1832 2708 2111 2762 evidenter
2150 2708 2459 2763 ostenditur
2502 2725 2867 2764 marmoreum
2912 2710 3182 2781 Hippolyti
3225 2710 3392 2765 Chro-

1831 2803 1985 2863 nicon
2013 2802 2286 2856 diversum
2323 2817 2444 2856 esse
2476 2817 2506 2855 a
2555 2802 2757 2871 scripto
2788 2803 2887 2872 ipsi
2918 2802 3131 2872 aequali,
3162 2804 3213 2854 in
3240 2816 3393 2855 coms

1829 2896 1973 2964 putis
2029 2895 2391 2949 dissentienti.
2449 2896 2585 2950 Cum
2642 2912 2770 2950 vero
2826 2904 3068 2960 constet,
3122 2894 3391 2967 Hippolyti

1828 3001 2088 3039 numeros
2117 2996 2226 3040 tam
2268 3001 2437 3055 prope
2470 2986 2728 3041 accedere
2769 2986 2837 3040 ad
2870 2988 3188 3055 peritiorum
3229 2988 3389 3042 chro—

1825 3079 2145 3149 nologorum
2194 3060 2520 3142 sententias,
2598 3080 2676 3132 uti
2721 3095 2785 3132 ex
2842 3082 3249 3153 comparatione
3292 3096 3392 3135 os:

1823 3186 2034 3230 tensum
2079 3171 2180 3227 fuit
2234 3186 2395 3241 supra
2441 3179 2707 3226 :econtra
2753 3186 2880 3225 vero
2921 3171 3143 3241 '.vitiosa
3214 3173 3388 3226 mani.

1820 3266 1958 3321 feste
1998 3265 2069 3321 sit
2112 3264 2444 3333 computatio
2495 3264 2749 3335 anonymi
2787 3266 2839 3320 in
2893 3265 3196 3321 deﬁniendo
3244 3282 3384 3336 pras—

1821 3359 2006 3414 sertim
2038 3357 2322 3411 intervallo
2356 3372 2386 3411 a
2414 3356 2679 3411 Paschate
2707 3356 2873 3411 Josue
2907 3358 2974 3412 ad
3006 3357 3213 3413 Pascha
3249 3357 3384 3412 Eze-

1819 3452 1985 3517 chiae;
2024 3465 2200 3520 operae
2229 3450 2460 3519 pretium
2499 3448 2655 3514 duco,
2687 3449 2924 3503 rationes
2969 3447 3237 3520 Hippolyti
3280 3450 3381 3506 hoc

1822 3543 1876 3596 in
1920 3550 2276 3595 monumento
2311 3540 2630 3609 superstites
2663 3538 2951 3603 exhibere;
2996 3548 3056 3594 ut
3086 3540 3199 3593 htec
3234 3540 3378 3601 anti-

1818 3632 2081 3697 quissima
2121 3632 2363 3686 omnium
2414 3630 2765 3701 chronologia
2805 3630 3095 3699 paschalis,
3127 3628 3379 3684 maxima

1817 3723 2087 3795 Hippolyti
2124 3723 2327 3793 peritia:
2352 3723 2525 3785 testis,
2560 3722 2614 3775 in
2655 3721 3177 3776 commendationem
3222 3721 3378 3774 cedat

1815 3819 2095 3888 sapientia:
2125 3815 2368 3877 Patrum,
2410 3818 2503 3887 qui
2544 3815 2777 3885 proximi
2818 3816 2884 3869 ab
2915 3815 3196 3883 apostolis,
3224 3821 3276 3897 et
3304 3812 3377 3866 ab

1814 3910 2126 3979 apostolicis
2147 3910 2279 3964 viris
2305 3908 2478 3979 prima
2502 3908 2755 3973 Ecclesia:
2783 3907 2997 3972 sarcula,
3024 3915 3083 3960 ut
3110 3904 3375 3974 sanguine

1812 4019 1911 4073 pro
1958 4002 2177 4059 Christo
2239 4001 2389 4067 fuso,
2436 4002 2506 4056 ita
2558 4002 2720 4057 etiam
2773 4001 2988 4070 scriptis
3047 3996 3374 4053 clarissimis

1808 4098 2167 4153 illustrarunt.

1807 4214 2098 4287 (Cononem
2122 4214 2421 4285 paschalem
2449 4212 2506 4267 S.
2530 4211 2806 4284 Hippolyti
2840 4210 2954 4264 vide
2987 4208 3175 4279 infra.)
3206 4204 3366 4262 Ενιτ.

1805 4312 1875 4367 ΡΑ
1885 4325 1974 4363 τιι.
