3826 6492
114 387 190 443 101

846 382 936 438 DE
973 381 1370 440 PORTUENSI
1405 383 1462 438 S.
1505 383 1870 442 HIPPOLYTI
1905 386 2098 442 SEDE.
2139 418 2207 428 —
2234 385 2413 442 PARS
2448 387 2487 442 I.

3201 389 3304 444 40$

113 506 323 580 quamvis
391 505 441 559 in
468 503 701 575 epistola
765 503 831 558 ad
896 503 1185 560 Damasum
1258 504 1444 560 multis
1521 513 1645 559 ante
1672 513 1717 567 Α
1745 505 1980 566 doctori,
2027 505 2156 558 dum
2203 505 2452 560 eumdem
2501 503 2812 575 Catalogum
2859 504 3109 575 scripsit,
3146 521 3307 562 sena-

112 597 380 666 L’atalogum
419 594 575 649 annis
633 593 834 664 scripta
880 593 1034 663 (76),
1097 602 1152 649 et
1210 595 1262 648 in
1320 595 1636 664 prml’atioue

113 703 201 743 suae
227 688 277 739 in
303 685 600 740 Hatthtznm
627 683 985 752 Expositionis
1013 725 1029 752 ,
1075 685 1194 740 solo
1235 686 1491 757 martyris
1526 701 1632 740 no—

118 780 234 834 mine
253 776 582 848 Hippolytum
610 785 856 831 nostrum
888 775 1222 832 decorasset.
1247 775 1634 848 Hieronymum

113 867 463 939 quodammodo
515 867 568 920 in
623 866 724 920 hac
754 881 813 919 re
853 874 1076 920 secutus
1117 873 1200 920 est
1241 864 1490 926 Photius.
1541 867 1635 936 qui

116 976 208 1016 cum
235 959 434 1014 duobus
466 959 519 1012 in
550 957 683 1012 locis
715 956 986 1028 Hippolyti
1013 957 1186 1013 nostri
1217 958 1546 1023 meminerit,
1580 960 1635 1013 in

113 1066 263 1105 eorum
288 1051 448 1104 altero
477 1049 585 1120 (77)
619 1049 770 1104 illum
800 1051 949 1104 nullo
973 1065 1071 1104 nec
1105 1045 1360 1120 martyris
1384 1065 1482 1104 nec
1516 1049 1635 1120 epi-

114 1142 229 1212 scopi
273 1141 419 1194 titulo
469 1141 782 1211 insignivit;
836 1143 890 1195 in
944 1142 1114 1196 altero
1146 1156 1272 1196 vero
1301 1141 1548 1196 eumdem
1582 1151 1636 1196 et

113 1233 375 1300 episcopum
399 1239 451 1284 et
481 1240 772 1302 martyrem
808 1231 1167 1286 disertissime
1189 1231 1476 1300 appellavit
1498 1232 1630 1302 ('18).

115 1322 158 1376 Si
186 1323 324 1393 igitur
361 1321 638 1377 Romanus
682 1332 899 1378 senator
946 1322 1047 1376 fuit
1092 1321 1438 1394 Hippolytus,
1491 1333 1635 1378 recte

111 1413 211 1470 inde
242 1414 419 1468 deduci
452 1429 612 1482 posse
643 1414 973 1468 arbitramur
1016 1414 1190 1482 ipsum
1225 1414 1279 1467 in
1321 1412 1633 1480 Occidente,

112 1521 194 1561 non
221 1507 266 1559 in
295 1503 503 1561 Oriente
537 1506 760 1572 vixisse,
811 1514 1202 1575 proptereaque
1246 1507 1300 1560 in
1344 1504 1634 1561 Occidente

111 1596 419 1666 episcopalem
455 1596 642 1652 sedem
677 1598 962 1652 obtulisse.

163 1707 232 1762 IlI.
264 1707 531 1780 Marianas
590 1706 850 1762 Victorius
900 1715 1004 1763 non
1044 1708 1417 1780 Hippolytum,
1473 1712 1560 1764 sed

270 1779 600 1848 Apollonium
631 1789 919 1833 senatorem
949 1782 1111 1850 fuisse
1134 1779 1420 1836 contendit.

162 1869 346 1926 Scimus
384 1872 732 1927 doctissimos
765 1872 912 1927 viros
935 1913 951 1936 ,
993 1873 1136 1927 inter
1185 1888 1324 1941 quos
1356 1871 1630 1926 Marianos
1661 1848 1706 1907 Β

109 1958 329 2018 Veturius
361 1963 658 2029 Reatinus,
691 1963 1133 2019 accuratissimus
1153 1963 1388 2032 Operam
1412 1963 1468 2018 S.
1506 1962 1631 2018 Ilie-

110 2055 276 2122 ronymi
307 2056 496 2118 editor,
551 2055 803 2109 arbitrari
836 2055 980 2110 hunc
1014 2054 1326 2127 Hieronymi
1363 2055 1541 2109 locum
1572 2055 1635 2108 li-

108 2141 361 2198 brat-iorum
419 2145 715 2199 oscitantia
754 2145 921 2200 fuisse
968 2145 1359 2215 depravatum;
1421 2153 1629 2200 senato-

108 2234 212 2289 riam
242 2235 430 2289 idcirco
459 2236 782 2302 dignitatem
811 2253 916 2292 non
949 2235 1256 2308 Hippolyto,
1299 2236 1390 2291 sed
1421 2237 1636 2306 Apollo-

107 2324 176 2377 nio
189 2325 499 2382 tribuendam
529 2343 776 2392 censeas,
807 2338 1045 2384 vetustos
1064 2330 1280 2383 codices
1305 2329 1530 2399 hujusce
1559 2327 1638 2382 rei

109 2426 146 2468 te
170 2426 233 2472 tes
259 2419 304 2471 in
333 2420 515 2474 medio
546 2421 817 2489 producit,
852 2421 907 2476 in
940 2421 1138 2490 quibus
1168 2421 1395 2492 legitur:
1437 2441 1455 2472 ε
1506 2421 1635 2490 Hip-

110 2507 280 2578 polytus
307 2520 358 2563 et
379 2511 704 2581 Apollonius
731 2511 986 2567 Romame
1019 2514 1171 2567 urbis
1203 2523 1420 2568 senator
1449 2514 1580 2583 (79).
1611 2533 1629 2564 ι

111 2599 356 2659 Victorium
406 2616 636 2662 secutus
669 2616 753 2662 est
780 2608 1132 2663 doctissimus
1177 2608 1481 2662 monachus
1531 2605 1640 2659 Re-

109 2695 266 2764 migius
307 2697 617 2754 Ceillierius
663 2699 717 2752 in
766 2698 1015 2754 Historia
1048 2709 1325 2753 auctorum
1365 2714 1637 2752 sacrorum

106 2800 143 2843 et
179 2792 634 2848 ecclesiasticarum
659 2794 807 2862 (80),
837 2810 904 2848 eo
931 2795 1274 2864 potissimum
1300 2803 1640 2873 argumento,

109 2884 220 2950 quod
245 2884 294 2937 S.
327 2884 696 2957 Hieronymus
741 2887 793 2940 in
836 2903 1001 2956 supra
1050 2887 1266 2942 laudato
1296 2886 1548 2957 Catalogo
1581 2884 1635 2940 S.

112 2974 402 3048 Hippolytum
439 2988 754 3033 senatorem
786 2979 1035 3048 nuspiam
1064 2980 1314 3050 appellet.
1359 2977 1554 3034 Verum
1591 2979 1639 3033 si

110 3068 330 3125 Ceillicrio
381 3075 432 3125 in
494 3074 605 3128 hac
653 3089 712 3126 re
757 3072 1232 3129 ﬁdesadhibenda
1277 3083 1456 3139 esset,
1497 3073 1643 3128 illius

1738 597 1929 650 toriam
1990 595 2259 668 Hippolyti
2330 598 2645 668 dignitatem
2697 598 2856 668 plane
2913 599 3304 671 incompertam

1735 684 1924 740 fuisse.

1808 798 1895 854 IV.
1937 798 2194 870 Scaligeri
2222 807 2272 851 et
2308 798 2511 869 Moynii
2561 800 2625 852 de
2658 801 2925 853 senatoria
2969 799 3235 870 Apollonii

2104 870 2360 939 dignitate
2391 871 2648 924 sententia
2680 871 2934 937 reficitur.

1804 959 2074 1032 Josephus
2094 959 2333 1028 Scaliger
2380 962 2397 1028 (
2416 961 2520 1032 82)
2553 961 2605 1014 in
2637 961 2750 1016 suis
2780 963 2846 1016 ad
2876 961 3089 1016 Eusebii
3140 961 3308 1016 Chro-

1734 1060 1889 1113 nicon
1938 1057 2535 1123 animadversionibus,
2586 1067 2640 1111 et
2674 1067 2796 1126 post
2838 1073 2960 1112 eum
3000 1056 3306 1129 Stephanus

1734 1151 1785 1204 le
1818 1149 2009 1220 Moyne
2037 1149 2147 1219 (8'5)
2189 1158 2242 1204 et
2281 1150 2548 1204 Antonius
2579 1146 2776 1217 Pagius
2805 1147 2915 1218 (84)
2952 1150 3134 1203 senior
3172 1152 3308 1203 scri-

1735 1239 1870 1298 bunt
1896 1241 1954 1294 S.
1983 1238 2401 1311 Hieronymum,
2447 1248 2638 1307 praeter
2672 1240 2914 1293 omnium
2959 1249 3202 1294 veterum
3241 1242 3306 1295 li-

1735 1331 1880 1394 dem,
1904 1329 2251 1399 Apollonium
2280 1330 2428 1383 urbis
2451 1328 2707 1382 Romana:
2731 1338 3034 1382 senatorem
3060 1343 3307 1392 vocasse,

1734 1439 1800 1479 eo
1850 1423 2192 1494 potissimum
2237 1430 2556 1488 argumento
2604 1420 2806 1485 innixi,
2852 1420 2999 1490 quod
3043 1421 3308 1476 Eusebius

1735 1517 1876 1570 hanc
1910 1515 2180 1584 Apollonii
2210 1515 2524 1585 dignitatem
2561 1513 2915 1585 ignoraverit.
2969 1512 3307 1582 Quapropter

1736 1606 1996 1661 Ruﬁnum
2047 1605 2276 1661 inscitiae
2320 1615 2587 1677 arguunt,
2637 1605 2793 1674 quasi
2840 1605 2954 1673 ipse
2988 1620 3307 1672 germanum

1733 1697 2027 1752 Eusebiani
2071 1706 2356 1753 contextus
2399 1712 2619 1753 sensum
2660 1712 2823 1766 prava
2860 1696 3307 1765 interpretatione

1734 1791 1957 1845 vitiarit.
2019 1813 2039 1842 ι
2102 1789 2418 1860 Apollonius
2462 1791 2644 1852 enim,
2705 1789 2880 1859 inquit
2942 1787 3224 1860 Moyuius,
3278 1807 3311 1844 a

1736 1883 1961 1938 Pet-enni
1994 1882 2246 1954 prtel'ecto
2275 1883 2526 1952 praetorio
2549 1883 2724 1950 capite
2753 1881 3040 1936 damnatus
3068 1881 3166 1936 luit
3184 1923 3198 1948 ,
3243 1882 3308 1936 ad

1735 1991 1897 2046 quem
1931 1975 1983 2029 in
2014 1983 2292 2030 senatores
2347 1975 2554 2028 nullum
2589 1974 2681 2042 jus
2730 1981 2782 2027 et
2831 1973 3116 2043 imperium
3149 1975 3314 2042 perti-

1737 2068 1917 2122 nebat.
1965 2087 1984 2118 »
2020 2065 2218 2136 Pagius
2258 2065 2479 2119 vero-S.
2516 2063 2936 2134 Hieronymum,
2976 2083 2994 2113 ι
3034 2064 3148 2119 haec
3188 2079 3318 2133 pro-

1737 2160 1856 2229 prio
1883 2159 2097 2230 ingenio
2123 2173 2189 2212 ex
2215 2157 2446 2212 Eusebio
2468 2171 2820 2227 exaggerasse
2853 2175 2870 2207 ι
2898 2156 2997 2210 sibi
3023 2159 3313 2226 persuasit.

1740 2250 2060 2319 Hujusmodi
2111 2262 2291 2304 tamen
2343 2251 2631 2304 doctorum
2692 2249 2934 2302 virorum
2991 2258 3314 2319 argumenta

1740 2343 1870 2397 nihil
1897 2359 1997 2399 nos
2026 2352 2326 2406 morantur,
2369 2343 2662 2412 quominus
2688 2341 3034 2412 Hippolytum
3061 2353 3116 2397 et
3142 2341 3313 2410 Apol-

1739 2431 1948 2489 Ionium
1999 2443 2276 2489 senatores
2313 2431 2479 2487 fuisse
2529 2432 2834 2488 credamus.
2889 2432 2968 2488 Ex
3024 2449 3090 2488 eo
3130 2433 3310 2492 enim,

1739 2529 1883 2597 quod
1933 2525 2200 2582 Eusebius
2252 2525 2578 2581 senatoriam
2627 2523 2897 2596 Hippolyti
2946 2534 3001 2580 et
3044 2524 3315 2594 Apollonii

1741 2620 2056 2688 dignitatem
2105 2617 2404 2688 ignorarit,
2459 2616 2585 2686 quis
2639 2632 2880 2686 unquam
2932 2615 2988 2670 S.
3047 2613 3316 2686 Hierony-

1743 2729 1912 2780 mum,
1940 2713 2032 2782 qui
2068 2726 2176 2766 non
2210 2711 2392 2765 multis
2437 2719 2558 2779 post
2589 2709 2882 2766 Eusebium
2925 2712 3083 2765 annis
3108 2711 3315 2775 ﬂoruit,

1743 2806 1948 2862 nullam
1979 2805 2208 2875 hujusce
2239 2805 2316 2860 rei
2349 2804 2593 2859 notitiam
2628 2804 2830 2859 habere
2860 2804 3099 2874 potuisse
3133 2803 3318 2857 lit-ma-

1744 2899 1859 2954 bit?
1890 2895 2004 2952 Hoc
2031 2896 2226 2951 falsum
2263 2895 2485 2950 omnino
2514 2895 2670 2950 nobis
2694 2896 2942 2960 videtur;
2977 2910 3098 2948 nam
3133 2893 3319 2948 Hiero-

1745 3005 1940 3062 nymus
1969 2989 2174 3044 diutius
2198 2987 2386 3041 Romae
2433 2995 2679 3042 moratus
2711 2998 2815 3051 est,
2867 2987 2956 3041 ubi
2994 2989 3314 3058 martyrium

1746 3079 2146 3136 consummavit
2179 3079 2530 3148 Apollonius,
2583 3079 3038 3147 quemadmodum
3090 3079 3321 3147 ipsemet

111 3163 236 3217 etiam
282 3166 602 3237 martyrium
641 3165 854 3221 eodem°
881 3167 1042 3236 plane
1092 3168 1396 3236 argumenti
1449 3181 1643 3236 genere
1670 3194 1711 3251 ρ
1744 3169 1908 3225 etiam
1943 3167 2192 3240 Moynius
2219 3168 2346 3221 alibi
2377 3166 2608 3231 l‘alelur;
2644 3167 2872 3236 ideoque
2903 3167 3035 3232 haec,
3069 3183 3191 3235 quae
3233 3181 3320 3222 re-

113 3253 292 3310 inliciari
331 3273 662 3328 possemus,
712 3274 835 3313 cum
878 3258 1238 3330 Hieronymus
1288 3260 1341 3314 in
1391 3258 1645 3328 Catalogo

113 3343 400 3420 Hippolytum
436 3360 694 3406 nostrum
740 3352 998 3422 martyris
1049 3351 1267 3405 nomine
1314 3351 1458 3406 haud
1501 3351 1648 3406 desi-

113 3440 268 3505 gnarit.
313 3441 662 3513 Quapropter
689 3459 812 3498 cum
848 3443 1054 3514 antiqui
1084 3443 1298 3498 codices
1336 3453 1392 3498 et
1423 3451 1646 3499 vetustae

112 3533 346 3600 editiones,
377 3553 524 3607 quas
561 3547 781 3592 secutus
816 3547 899 3592 est
927 3538 1257 3592 Martianeus
1301 3536 1413 3606 (81)
1458 3537 1511 3590 in
1546 3553 1643 3592 sua

113 3635 292 3690 operum
323 3629 492 3684 sancti
545 3627 862 3697 Hieronymi
907 3630 1166 3692 editione,
1214 3627 1560 3698 Hippolytum
1593 3632 1647 3682 et

111 3713 400 3784 Apollonium
437 3729 729 3776 senatores
761 3719 929 3776 fuisse
956 3730 1240 3783 testentur,
1270 3731 1323 3776 et
1367 3721 1424 3775 S.
1457 3721 1646 3776 Hiero-

113 3822 267 3877 nymus
295 3813 430 3870 hanc
470 3815 788 3885 epistolam,
833 3825 892 3869 ut
923 3815 1186 3880 diximus,
1220 3815 1494 3884 aliquibus
1524 3824 1646 3884 post

112 3901 274 3956 clitum
301 3908 625 3975 scriptorum
659 3906 948 3960 illustrium
974 3907 1286 3976 Catalogum
1315 3909 1473 3960 annis
1511 3923 1644 3961 ροη-

113 3993 382 4062 scripserit;
438 4004 594 4052 recte
644 3997 860 4066 quidem
921 3997 1188 4066 conjicere
1240 4012 1530 4066 possumus
1584 3996 1641 4051 S-

167 4144 257 4218 (ἒξ)
291 4145 344 4218 In
366 4150 531 4218 epist.
567 4148 633 4204 ad
663 4147 952 4204 Damasum
982 4151 1178 4216 scripta
1206 4166 1351 4205 anno
1379 4151 1502 4205 581.

171 4214 260 4284 (Π)
295 4217 347 4292 _lu
375 4214 730 4292 Bibliotheca,
761 4222 880 4274 cod.
909 4237 1057 4286 cur,
1087 4214 1212 4292 pag.
1244 4222 1348 4277 50:!
1377 4224 1505 4277 edit.
1538 4221 1645 4278 R0-

115 4281 308 4355 tltomagi
335 4291 462 4344 anui
488 4291 653 4343 1655.

168 4354 422 4445 έῖἷξῖίξίῖδς
456 4375 760 4445 είὲῗί¹ι.Ρ³Ϊόο
791 4359 966 4445 δεδι..
1008 4440 1017 4445 ,
1093 4433 1106 4445 .
1211 4433 1223 4444 .

168 4426 260 4547 (Ὶῼ)
294 4426 366 4483 Ita
409 4430 546 4500 legit
590 4426 866 4486 litari-anus
905 4431 1180 4488 Victorius
1210 4433 1264 4486 in
1295 4448 1392 4495 sua
1409 4431 1642 4504 Operum

114 4490 158 4545 S.
197 4493 463 4570 Iteronymi
491 4501 756 4573 editione,
787 4503 1028 4573 incitata
1054 4505 1238 4570 episL,
1270 4505 1645 4573 quaaapudip-

113 4579 213 4646 smn.
231 4577 540 4646 estanumer.
564 4572 720 4646 _84_in
741 4579 860 4646 _tom
882 4572 979 4646 “II,
1007 4589 1127 4641 pag.
1156 4573 1270 4646 251
1291 4572 1646 4646 ίθάίι.ί11ωιή;ε

114 4637 217 4715 antri
242 4637 393 4702 1564,
430 4640 849 4715 ap_ud_Paulum
879 4637 1174 4698 Manutium
1213 4645 1330 4697 Aldi
1385 4645 1552 4697 tilium
1591 4645 1642 4697 in

115 4705 288 4786 ﬁdibus
327 4705 530 4786 populi
583 4709 832 4786 Romani.
889 4715 1032 4786 Inter
1098 4716 1429 4786 recentiores
1479 4715 1643 4786 etiam

114 4770 715 4854 Hominicustallarsius
745 4784 798 4835 in
831 4784 1017 4854 eadem
1050 4783 1209 4853 epist.
1239 4801 1360 4852 quae
1385 4792 1468 4838 est
1493 4785 1647 4852 juxta

113 4851 252 4924 ἔρεξας
295 4851 788 4924 editionem__num.
843 4851 928 4916 70,
974 4855 1026 4906 in
1071 4851 1202 4908 tum.
1243 4851 1286 4917 I,
1339 4857 1408 4907 ita
1448 4851 1648 4923 pariter

114 4911 230 4981 legit,
255 4928 409 4989 atque
438 4937 562 4990 pag.
589 4921 693 4974 427
727 4923 838 4978 hmc
872 4911 971 4977 nos
995 4932 1176 4978 monet
1215 4943 1228 4978 :
1268 4911 1286 4976 ἆ
1315 4911 1473 4978 Falso
1513 4926 1648 4978 Era-

114 4997 259 5040 smum
273 5001 488 5046 secutus
516 4993 691 5046 editor
707 4991 1091 5048 Benedictinus
1121 4996 1320 5058 legerat
1346 5006 1645 5059 senatores,

113 5068 209 5109 cum
234 5059 294 5113 de
339 5061 631 5118 Apollonio
660 5072 889 5118 tantum.
941 5074 998 5118 ut
1046 5081 1112 5118 ex
1163 5064 1416 5118 Cataloao
1458 5067 1645 5118 linuet.

113 5074 209 5131 cum
234 5074 294 5113 oe
339 5074 631 5130 Apotlomo
660 5074 889 5127 tantum,
941 5074 998 5118 ut
1046 5081 1112 5119 ex
1163 5074 1416 5134 Uatatogo
1458 5074 1646 5133 liquet,

113 5123 280 5211 dictum
309 5131 412 5211 _sit,
467 5134 743 5211 innocum
769 5135 985 5211 nedum
1017 5134 1090 5211 de
1116 5134 1418 5207 Hippolyto,
1455 5136 1548 5188 sed
1581 5136 1648 5190 de

114 5195 361 5261 Apollonio
384 5201 505 5271 ipso
533 5203 624 5256 alii
656 5203 920 5266 dubitent,
957 5195 1200 5258 fueritne.
1220 5195 1458 5272 unquam
1489 5221 1650 5260 sena-

115 5273 214 5330 tor,
254 5286 318 5323 an
371 5275 593 5352 proprio
653 5273 870 5343 ingenio
903 5290 968 5328 ex
1006 5274 1238 5330 Eusebio
1290 5274 1648 5346 Hieronymus

115 5349 499 5385 uagantium-IL
546 5362 563 5385 ι

113 5351 432 5384 uagam-aver-

139 5351 503 5405 Xaggeraverit.
546 5362 563 5394 ι

139 5406 261 5489 ,(80)
298 5410 536 5466 Histoire
557 5415 795 5489 generale
835 5415 922 5489 des
966 5425 1177 5489 autcttrs
1202 5419 1376 5489 sacres
1413 5425 1460 5469 et
1495 5417 1652 5469 eccle-

113 5485 375 5558 siastiques,
419 5498 540 5552 cap.
594 5485 711 5558 27,7
738 5487 983 5558 insanit
1023 5486 1302 5558 Hippolyte
1349 5486 1554 5556 évéque
1597 5498 1651 5541 et

115 5558 304 5628 gnartyr,
332 5554 581 5628 doctenr
599 5556 667 5611 de
701 5555 935 5626 l‘Einse,
971 5554 1106 5610 tom.
1131 5556 1195 5623 ll,
1220 5554 1346 5628 'pag.
1384 5554 1486 5612 3I6
1518 5559 1647 5614 edit.

113 5610 256 5673 Paris.
287 5610 414 5676 anui
453 5624 609 5678 I750.

301 5691 458 5765 Tum.
489 5693 576 5760 IV,
607 5711 728 5765 pag.
754 5697 876 5749 (356.

169 5758 263 5839 (ϐξ)
299 5762 391 5839 Ad
429 5758 631 5839 annum
677 5758 848 5839 1205,
900 5783 1016 5838 pag.
1058 5766 1163 5821 9.9.5
1198 5770 1326 5822 edit.
1386 5769 1643 5826 Amstelo-

114 5823 396 5888 diuti'anni
429 5835 597 5892 1658:
642 5857 657 5890 ε
694 5823 915 5906 Quis—ci
955 5823 1037 5894 his
1066 5840 1301 5910 colligat,
1348 5823 1649 5908 senatorem

1750 3263 1905 3316 ticuit
1943 3260 2227 3323 Eusebius,
2267 3258 2349 3312 vel
2381 3275 2446 3311 ex
2485 3257 2733 3328 genuinis
2765 3258 3033 3326 Apollonii
3065 3259 3320 3328 martyris

1746 3352 1896 3408 Actis
1924 3351 1993 3405 ab
2024 3348 2261 3404 Eusebio
2291 3349 2624 3412 memoratis,
2653 3349 2736 3402 vel
2769 3364 2836 3403 ex
2865 3348 3008 3411 aliis,
3041 3363 3162 3417 quae
3191 3357 3322 3402 tunc

1747 3449 2086 3513 supererant,
2120 3440 2508 3503 monumentis,
2533 3439 2768 3496 Eusebio
2798 3437 2983 3492 forsan
3016 3438 3232 3506 ignotis,
3257 3435 3319 3493 S.

1745 3537 1935 3592 doctor
1970 3533 2240 3590 deducere
2270 3534 2442 3603 potuit
2472 3533 2604 3602 (85).
2635 3530 2743 3586 Nec
2768 3531 3018 3586 eumdem
3045 3529 3104 3584 S.
3140 3530 3323 3584 docto-

1746 3645 1860 3684 rem
1897 3628 2080 3682 vitiata
2095 3626 2275 3681 Rulini
2295 3627 2544 3681 versione
2571 3626 2878 3693 deceptum,
2904 3639 3028 3677 cum
3049 3620 3324 3693 Scaligero

1745 3730 1800 3776 et
1832 3720 2047 3791 Moyuio
2077 3719 2324 3774 dubitare
2355 3718 2622 3787 quispiam
2667 3715 2881 3786 poterit.
2907 3713 3064 3778 Nam,
3101 3722 3159 3767 ut
3189 3714 3327 3768 scite

1747 3830 1844 3883 pro
1908 3829 2058 3867 more
2127 3827 2227 3867 suo
2309 3812 2563 3866 observat
2621 3809 2970 3864 doctissimus
3024 3807 3324 3861 Tillemon»

1749 3909 1856 3962 tius
1886 3907 2028 3976 (86),
2065 3905 2122 3961 S.
2169 3906 2527 3975 Hieronymus
2554 3904 2782 3956 virorum
2829 3901 3119 3955 illustrium
3157 3899 3321 3952 Cata-

1746 3991 1922 4068 legum
1955 4000 2163 4060 decem,
2214 3995 2496 4064 epistolam
2543 4008 2671 4047 vero
2713 3994 2780 4046 ad
2828 3991 3079 4061 Magnum
3115 3990 3322 4059 aliquot

1747 4152 1915 4206 fuisse
1967 4147 2441 4219 (Apollonium)?
2475 4147 2618 4219 unde
2663 4160 2793 4199 vero
2837 4143 2902 4198 de
2947 4143 3049 4197 hoc
3087 4152 3323 4219 martyre

1749 4214 2110 4290 Hieronymus
2159 4228 2213 4274 et
2255 4217 2483 4290 Hulinus
2529 4217 2670 4290 scire
2718 4224 3042 4284 potuerunt,
3096 4214 3199 4266 nisi
3241 4230 3323 4290 ex

1745 4285 2020 4345 Eusebio?
2087 4291 2141 4343 In
2195 4289 2354 4357 epist.
2409 4287 2474 4342 ad
2529 4285 2782 4357 Magnum
2837 4295 3108 4357 oratorem
3171 4285 3323 4337 urbis

1747 4363 1960 4416 Romae:
1992 4379 2011 4412 ί
2050 4352 2368 4430 Hippolytus
2389 4352 2702 4430 quoque,et
2729 4355 3048 4430 Apollonius
3065 4352 3325 4430 Humana:

1753 4453 1770 4483 ι
1813 4432 1962 4486 urbis
2001 4425 2277 4486 senatores
2305 4425 2533 4498 propria
2581 4427 2840 4498 opuscula
2885 4425 3258 4498 condiderunt.
3299 4443 3318 4473 ι

1746 4501 1852 4556 Iste
1883 4500 2200 4571 Hippolytus
2232 4495 2491 4553 Romana:
2531 4496 2680 4552 urbis
2725 4505 2943 4571 senator
2970 4506 3074 4571 tam
3107 4495 3324 4571 ignotus

1753 4574 1925 4642 potuit
1951 4566 2463 4642 esseA'Hierouymo,
2517 4583 2680 4642 quam
2727 4567 2865 4621 liber
2903 4566 3192 4642 Apollonii:
3227 4566 3322 4632 qui

1750 4632 2028 4712 nunquam
2062 4640 2183 4695 fuit.
2224 4632 2403 4712 Hze'c,_
2426 4632 2485 4693 ut
2517 4632 2656 4712 dixi,
2684 4653 2750 4691 ex
2793 4632 3120 4712 praepostera
3154 4632 3323 4712 Euse-

1749 4705 1899 4767 biaui
1934 4711 2033 4766 loci
2072 4710 2515 4778 interpretatione
2547 4705 2964 4770 derivata’suut,
3008 4706 3142 4778 _d_um
3184 4705 3322 4778 ἀποι-

1746 4782 1933 4851 λογίαν
1965 4797 2061 4850 pro
2095 4773 2274 4836 libello
2301 4779 2638 4851 apologetico
2666 4779 2958 4851 accipiunt.
3007 4773 3192 4851 Neque
3221 4775 3322 4826 du-

1748 4846 1860 4924 bito
1894 4846 2304 4924 Hieronymum,
2334 4846 2585 4924 cu_m;illa
2615 4849 2895 4924 scriberet,
2930 4860 3048 4923 non
3075 4846 3321 4924 Graecym

1753 4923 1967 4978 Eusebii
1997 4911 2299 4992 exeinplar,
2325 4921 2418 4974 sed
2455 4919 2634 4973 Rulini
2680 4916 3177 4986 interpretationem
3225 4911 3323 4966 La-

1749 4999 1916 5049 tinam
1946 4994 1996 5045 in
2029 4993 2281 5046 manibus
2307 4992 2579 5044 habuisse.
2614 5008 2632 5039 ι

1822 5065 1934 5131 (85)
1978 5062 2379 5132 Ριευιεεοημξω
2419 5059 2584 5132 Varia
2613 5075 2750 5132 ερον.
2774 5097 2787 5116 ,
2819 5067 2855 5110 t.
2887 5056 3020 5132 ‘I,__p.
3053 5057 3140 5132 59..

1820 5125 1932 5204 (84)
1973 5133 2050 5186 Ad
2085 5125 2173 5204 ad.
2206 5131 2335 5204 I89,
2371 5146 2522 5183 num.
2554 5128 2915 5204 4,_in_:lnnul.
2944 5125 3161 5182 Baronii
3185 5133 3318 5178 tom.

1749 5199 1970 5274 Il,‘pag.
2003 5203 2128 5264 542,
2153 5203 2282 5257 edit.
2313 5201 2470 5255 Lucae
2496 5200 2621 5252 anni
2660 5199 2808 5274 1758.

1823 5265 1948 5345 (85)
1976 5274 2222 5345 Legenda
2249 5280 2378 5345 sunt
2397 5287 2482 5335 ea,
2517 5286 2638 5345 qua;
2661 5269 2711 5345 in
2740 5270 2883 5345 notis
2909 5268 2974 5322 ad
3009 5267 3180 5345 CLQ-I,
3201 5265 3318 5345 -Iih.

1751 5362 1781 5398 v
1813 5337 1954 5397 Hist.
1995 5337 2120 5396 ccci.
2166 5342 2415 5405 Eusebii,
2461 5337 2579 5410 pag.
2611 5340 2745 5404 240,
2779 5340 3006 5392 allirmat
3041 5337 3318 5390 Valesius:

1757 5438 1775 5468 ι
1811 5415 2009 5478 Potuit,
2047 5413 2243 5481 inquit,
2277 5410 2634 5483 Hieronymus
2679 5411 2854 5479 legere
2878 5411 3006 5483 Acta
3051 5410 3165 5483 ipsa
3197 5421 3324 5483 pas-

1751 5487 1924 5541 sionis
1964 5475 2254 5553 Apollonii,
2284 5482 2350 5536 ad
2378 5475 2636 5553 qua-[nos
2685 5475 2894 5550 ablegat
2942 5475 3227 5533 Eusebius.
3265 5475 3320 5528 In

1751 5557 1949 5627 quibus
1992 5550 2140 5627 Actis
2168 5563 2222 5627 et
2249 5550 2468 5606 senator
2495 5550 2794 5627 Romanus,
2839 5561 2892 5605 et
2942 5567 2971 5604 a
3024 5564 3182 5604 servo
3225 5562 3334 5602 suo

1753 5622 1996 5697 proditus
2043 5624 2343 5687 dicebatur,
2396 5633 2454 5677 ut
2491 5622 2745 5697 credibile
2772 5632 2886 5697 est;
2926 5641 2944 5672 ι
2977 5634 3190 5697 necnon
3237 5635 3334 5680 ea,

1753 5691 1872 5766 qum
1894 5698 1945 5749 in
1973 5703 2211 5766 rmstran‘t
2245 5697 2565 5766 sententiam
2599 5693 2762 5746 etiam
2793 5693 2845 5745 in
2878 5693 3022 5748 uotis
3051 5691 3323 5758 variorum

1754 5765 1819 5821 H'I
1855 5771 1997 5819 IIIIIIC
2027 5765 2276 5819 eumdem
2311 5765 2488 5817 IOClIlII
2521 5772 2834 5818 monentur.

1824 5838 1934 5908 (86)
1975 5835 2129 5892 Tom.
2169 5834 2256 5905 III,
2291 5835 2561 5889 .Ilémoircs
2603 5851 2734 5904 ponr
2777 5835 2939 5888 serrir
2984 5835 3014 5887 ὰ
3052 5831 3326 5886 l‘Ilistozre
