  <div class='ocr_page' id='page_1' title='image "/cluster/home/n/w/nwhite01/storage/ocr_20150623/10/hvd.32044019207620/207.png"; bbox 0 0 3826 6496; ppageno 0'>
   <div class='ocr_carea' id='block_1_1' title="bbox 470 392 578 452">
    <p class='ocr_par' dir='ltr' id='par_1_1' title="bbox 470 392 578 452">
     <span class='ocr_line' id='line_1_1' title="bbox 470 392 578 452; baseline -0.046 0"><span class='ocrx_word' id='word_1_1' title='bbox 470 392 578 452; x_wconf 67' lang='grc'><strong>405</strong></span> 
     </span>
    </p>
   </div>
   <div class='ocr_carea' id='block_1_2' title="bbox 1265 382 2894 443">
    <p class='ocr_par' dir='ltr' id='par_1_2' title="bbox 1265 382 2894 443">
     <span class='ocr_line' id='line_1_2' title="bbox 1265 382 2894 443; baseline -0.002 -2"><span class='ocrx_word' id='word_1_2' title='bbox 1265 388 1352 442; x_wconf 88' lang='lat' dir='ltr'><strong>DE</strong></span> <span class='ocrx_word' id='word_1_3' title='bbox 1389 384 1783 442; x_wconf 79' lang='lat' dir='ltr'><strong>PORTUENSI</strong></span> <span class='ocrx_word' id='word_1_4' title='bbox 1818 387 1877 443; x_wconf 88' lang='lat' dir='ltr'><strong>S.</strong></span> <span class='ocrx_word' id='word_1_5' title='bbox 1919 384 2279 442; x_wconf 77' lang='lat' dir='ltr'><strong>Hll’POLYTl</strong></span> <span class='ocrx_word' id='word_1_6' title='bbox 2312 382 2504 439; x_wconf 86' lang='lat' dir='ltr'><strong>SEDE.</strong></span> <span class='ocrx_word' id='word_1_7' title='bbox 2536 414 2607 424; x_wconf 89' lang='lat'><strong>—</strong></span> <span class='ocrx_word' id='word_1_8' title='bbox 2639 382 2818 439; x_wconf 81' lang='lat' dir='ltr'><strong>PARS</strong></span> <span class='ocrx_word' id='word_1_9' title='bbox 2855 383 2894 438; x_wconf 91' lang='grc' dir='ltr'><strong>Ι.</strong></span> 
     </span>
    </p>
   </div>
   <div class='ocr_carea' id='block_1_3' title="bbox 3585 383 3682 441">
    <p class='ocr_par' dir='ltr' id='par_1_3' title="bbox 3585 383 3682 441">
     <span class='ocr_line' id='line_1_3' title="bbox 3585 383 3682 441; baseline 0.041 -4"><span class='ocrx_word' id='word_1_10' title='bbox 3585 383 3682 441; x_wconf 78' lang='grc'><strong>404</strong></span> 
     </span>
    </p>
   </div>
   <div class='ocr_carea' id='block_1_4' title="bbox 400 502 3682 578">
    <p class='ocr_par' dir='ltr' id='par_1_4' title="bbox 400 502 3682 578">
     <span class='ocr_line' id='line_1_4' title="bbox 400 502 3682 578; baseline -0.003 -11"><span class='ocrx_word' id='word_1_11' title='bbox 400 503 411 511; x_wconf 71' lang='grc'><strong>’</strong></span> <span class='ocrx_word' id='word_1_12' title='bbox 468 524 595 567; x_wconf 89' lang='lat' dir='ltr'><strong>ante</strong></span> <span class='ocrx_word' id='word_1_13' title='bbox 619 524 791 566; x_wconf 88' lang='lat' dir='ltr'><strong>annos</strong></span> <span class='ocrx_word' id='word_1_14' title='bbox 822 508 1008 571; x_wconf 78' lang='lat' dir='ltr'><strong>edidit,</strong></span> <span class='ocrx_word' id='word_1_15' title='bbox 1042 523 1205 578; x_wconf 88' lang='lat' dir='ltr'><strong>quam</strong></span> <span class='ocrx_word' id='word_1_16' title='bbox 1247 507 1475 563; x_wconf 77' lang='lat' dir='ltr'><strong>Rutinus</strong></span> <span class='ocrx_word' id='word_1_17' title='bbox 1506 507 1821 563; x_wconf 70' lang='lat' dir='ltr'><strong>Eusebianze</strong></span> <span class='ocrx_word' id='word_1_18' title='bbox 1859 505 2040 560; x_wconf 79' lang='lat' dir='ltr'><strong>Histo~</strong></span> <span class='ocrx_word' id='word_1_19' title='bbox 2067 510 2115 566; x_wconf 82' lang='grc' dir='ltr'><strong>Α</strong></span> <span class='ocrx_word' id='word_1_20' title='bbox 2141 505 2356 575; x_wconf 88' lang='lat' dir='ltr'><strong>capitali</strong></span> <span class='ocrx_word' id='word_1_21' title='bbox 2392 503 2654 573; x_wconf 89' lang='lat' dir='ltr'><strong>supplicio</strong></span> <span class='ocrx_word' id='word_1_22' title='bbox 2689 505 2871 559; x_wconf 91' lang='lat' dir='ltr'><strong>statim</strong></span> <span class='ocrx_word' id='word_1_23' title='bbox 2918 502 3182 558; x_wconf 81' lang='lat' dir='ltr'><strong>sententia</strong></span> <span class='ocrx_word' id='word_1_24' title='bbox 3216 511 3436 557; x_wconf 87' lang='lat' dir='ltr'><strong>senatus</strong></span> <span class='ocrx_word' id='word_1_25' title='bbox 3468 502 3682 557; x_wconf 85' lang='lat' dir='ltr'><strong>damna-</strong></span> 
     </span>
    </p>
   </div>
   <div class='ocr_carea' id='block_1_5' title="bbox 469 598 2031 668">
    <p class='ocr_par' dir='ltr' id='par_1_5' title="bbox 469 598 2031 668">
     <span class='ocr_line' id='line_1_5' title="bbox 469 598 2031 668; baseline -0.001 -13"><span class='ocrx_word' id='word_1_26' title='bbox 469 606 564 658; x_wconf 73' lang='grc' dir='ltr'><strong>τίω</strong></span> <span class='ocrx_word' id='word_1_27' title='bbox 593 603 895 658; x_wconf 83' lang='lat' dir='ltr'><strong>versionem</strong></span> <span class='ocrx_word' id='word_1_28' title='bbox 925 600 1264 655; x_wconf 80' lang='lat' dir='ltr'><strong>adornasset.</strong></span> <span class='ocrx_word' id='word_1_29' title='bbox 1325 599 1443 654; x_wconf 84' lang='lat' dir='ltr'><strong>Non</strong></span> <span class='ocrx_word' id='word_1_30' title='bbox 1491 600 1658 654; x_wconf 83' lang='lat' dir='ltr'><strong>levem</strong></span> <span class='ocrx_word' id='word_1_31' title='bbox 1705 600 1937 668; x_wconf 91' lang='lat' dir='ltr'><strong>denique</strong></span> <span class='ocrx_word' id='word_1_32' title='bbox 1975 598 2031 653; x_wconf 88' lang='lat' dir='ltr'><strong>S.</strong></span> 
     </span>
    </p>
   </div>
   <div class='ocr_carea' id='block_1_6' title="bbox 467 690 2034 759">
    <p class='ocr_par' dir='ltr' id='par_1_6' title="bbox 467 690 2034 759">
     <span class='ocr_line' id='line_1_6' title="bbox 467 690 2034 759; baseline -0.004 -11"><span class='ocrx_word' id='word_1_33' title='bbox 467 694 676 749; x_wconf 89' lang='lat' dir='ltr'><strong>doctori</strong></span> <span class='ocrx_word' id='word_1_34' title='bbox 737 692 921 748; x_wconf 62' lang='lat' dir='ltr'><strong>Griece</strong></span> <span class='ocrx_word' id='word_1_35' title='bbox 971 706 1036 745; x_wconf 88' lang='lat' dir='ltr'><strong>ac</strong></span> <span class='ocrx_word' id='word_1_36' title='bbox 1088 690 1349 746; x_wconf 89' lang='lat' dir='ltr'><strong>Hebraice</strong></span> <span class='ocrx_word' id='word_1_37' title='bbox 1399 690 1728 759; x_wconf 80' lang='lat' dir='ltr'><strong>peritissimo</strong></span> <span class='ocrx_word' id='word_1_38' title='bbox 1779 690 2034 758; x_wconf 88' lang='lat' dir='ltr'><strong>injuriam</strong></span> 
     </span>
    </p>
   </div>
   <div class='ocr_carea' id='block_1_7' title="bbox 468 782 2037 857">
    <p class='ocr_par' dir='ltr' id='par_1_7' title="bbox 468 782 2037 857">
     <span class='ocr_line' id='line_1_7' title="bbox 468 782 2037 857; baseline -0.003 -16"><span class='ocrx_word' id='word_1_39' title='bbox 468 786 639 857; x_wconf 83' lang='lat' dir='ltr'><strong>gratis</strong></span> <span class='ocrx_word' id='word_1_40' title='bbox 690 785 917 839; x_wconf 90' lang='lat' dir='ltr'><strong>inurunt</strong></span> <span class='ocrx_word' id='word_1_41' title='bbox 962 783 1209 855; x_wconf 85' lang='lat' dir='ltr'><strong>Moynius</strong></span> <span class='ocrx_word' id='word_1_42' title='bbox 1254 793 1308 839; x_wconf 90' lang='lat' dir='ltr'><strong>et</strong></span> <span class='ocrx_word' id='word_1_43' title='bbox 1362 782 1634 853; x_wconf 78' lang='lat' dir='ltr'><strong>Scaliger,</strong></span> <span class='ocrx_word' id='word_1_44' title='bbox 1677 783 1807 838; x_wconf 92' lang='lat' dir='ltr'><strong>dum</strong></span> <span class='ocrx_word' id='word_1_45' title='bbox 1858 782 2037 851; x_wconf 92' lang='lat' dir='ltr'><strong>ipsum</strong></span> 
     </span>
    </p>
   </div>
   <div class='ocr_carea' id='block_1_8' title="bbox 466 872 2039 945">
    <p class='ocr_par' dir='ltr' id='par_1_8' title="bbox 466 872 2039 945">
     <span class='ocr_line' id='line_1_8' title="bbox 466 872 2039 945; baseline -0.005 -14"><span class='ocrx_word' id='word_1_46' title='bbox 466 892 577 931; x_wconf 90' lang='lat' dir='ltr'><strong>non</strong></span> <span class='ocrx_word' id='word_1_47' title='bbox 610 876 827 931; x_wconf 87' lang='lat' dir='ltr'><strong>aliunde</strong></span> <span class='ocrx_word' id='word_1_48' title='bbox 876 876 1008 941; x_wconf 70' lang='lat' dir='ltr'><strong>haec,</strong></span> <span class='ocrx_word' id='word_1_49' title='bbox 1051 890 1170 945; x_wconf 65' lang='lat' dir='ltr'><strong>qua:</strong></span> <span class='ocrx_word' id='word_1_50' title='bbox 1200 876 1265 929; x_wconf 92' lang='lat' dir='ltr'><strong>de</strong></span> <span class='ocrx_word' id='word_1_51' title='bbox 1295 874 1585 944; x_wconf 89' lang='lat' dir='ltr'><strong>Apollonio</strong></span> <span class='ocrx_word' id='word_1_52' title='bbox 1615 873 1852 938; x_wconf 86' lang='lat' dir='ltr'><strong>tradidit,</strong></span> <span class='ocrx_word' id='word_1_53' title='bbox 1904 872 2039 925; x_wconf 89' lang='lat' dir='ltr'><strong>hau-</strong></span> 
     </span>
    </p>
   </div>
   <div class='ocr_carea' id='block_1_9' title="bbox 467 962 2034 1038">
    <p class='ocr_par' dir='ltr' id='par_1_9' title="bbox 467 962 2034 1038">
     <span class='ocr_line' id='line_1_9' title="bbox 467 962 2034 1038; baseline -0.004 -16"><span class='ocrx_word' id='word_1_54' title='bbox 467 968 606 1022; x_wconf 90' lang='lat' dir='ltr'><strong>sisse</strong></span> <span class='ocrx_word' id='word_1_55' title='bbox 632 977 918 1023; x_wconf 85' lang='lat' dir='ltr'><strong>autumant</strong></span> <span class='ocrx_word' id='word_1_56' title='bbox 946 982 1110 1038; x_wconf 85' lang='lat' dir='ltr'><strong>quam</strong></span> <span class='ocrx_word' id='word_1_57' title='bbox 1140 982 1204 1021; x_wconf 81' lang='lat' dir='ltr'><strong>ex</strong></span> <span class='ocrx_word' id='word_1_58' title='bbox 1228 974 1524 1019; x_wconf 87' lang='lat' dir='ltr'><strong>memorata</strong></span> <span class='ocrx_word' id='word_1_59' title='bbox 1548 963 1729 1018; x_wconf 82' lang='lat' dir='ltr'><strong>Ruﬁni</strong></span> <span class='ocrx_word' id='word_1_60' title='bbox 1757 962 2034 1029; x_wconf 86' lang='lat' dir='ltr'><strong>versione;</strong></span> 
     </span>
    </p>
   </div>
   <div class='ocr_carea' id='block_1_10' title="bbox 465 1053 2035 1129">
    <p class='ocr_par' dir='ltr' id='par_1_10' title="bbox 465 1053 2035 1129">
     <span class='ocr_line' id='line_1_10' title="bbox 465 1053 2035 1129; baseline -0.003 -18"><span class='ocrx_word' id='word_1_61' title='bbox 465 1059 597 1128; x_wconf 89' lang='lat' dir='ltr'><strong>quid</strong></span> <span class='ocrx_word' id='word_1_62' title='bbox 626 1059 768 1112; x_wconf 91' lang='lat' dir='ltr'><strong>enim</strong></span> <span class='ocrx_word' id='word_1_63' title='bbox 798 1059 915 1129; x_wconf 87' lang='lat' dir='ltr'><strong>ipsa</strong></span> <span class='ocrx_word' id='word_1_64' title='bbox 947 1074 1086 1129; x_wconf 85' lang='lat' dir='ltr'><strong>Opus</strong></span> <span class='ocrx_word' id='word_1_65' title='bbox 1112 1058 1299 1111; x_wconf 88' lang='lat' dir='ltr'><strong>habuit</strong></span> <span class='ocrx_word' id='word_1_66' title='bbox 1333 1056 1712 1127; x_wconf 84' lang='lat' dir='ltr'><strong>Hieronymus,</strong></span> <span class='ocrx_word' id='word_1_67' title='bbox 1763 1055 1854 1125; x_wconf 91' lang='lat' dir='ltr'><strong>qui</strong></span> <span class='ocrx_word' id='word_1_68' title='bbox 1886 1053 2035 1108; x_wconf 67' lang='lat' dir='ltr'><strong>Grae—</strong></span> 
     </span>
    </p>
   </div>
   <div class='ocr_carea' id='block_1_11' title="bbox 465 1144 2039 1216">
    <p class='ocr_par' dir='ltr' id='par_1_11' title="bbox 465 1144 2039 1216">
     <span class='ocr_line' id='line_1_11' title="bbox 465 1144 2039 1216; baseline -0.003 -15"><span class='ocrx_word' id='word_1_69' title='bbox 465 1163 560 1202; x_wconf 89' lang='lat' dir='ltr'><strong>cas</strong></span> <span class='ocrx_word' id='word_1_70' title='bbox 607 1148 812 1203; x_wconf 85' lang='lat' dir='ltr'><strong>litteras</strong></span> <span class='ocrx_word' id='word_1_71' title='bbox 861 1156 972 1201; x_wconf 88' lang='lat' dir='ltr'><strong>tam</strong></span> <span class='ocrx_word' id='word_1_72' title='bbox 1015 1148 1184 1216; x_wconf 84' lang='lat' dir='ltr'><strong>probe</strong></span> <span class='ocrx_word' id='word_1_73' title='bbox 1225 1146 1446 1200; x_wconf 85' lang='lat' dir='ltr'><strong>calluit?</strong></span> <span class='ocrx_word' id='word_1_74' title='bbox 1490 1144 1766 1213; x_wconf 78' lang='lat' dir='ltr'><strong>Tandem,</strong></span> <span class='ocrx_word' id='word_1_75' title='bbox 1801 1152 1860 1196; x_wconf 92' lang='lat' dir='ltr'><strong>ut</strong></span> <span class='ocrx_word' id='word_1_76' title='bbox 1889 1152 2039 1196; x_wconf 86' lang='lat' dir='ltr'><strong>notat</strong></span> 
     </span>
    </p>
   </div>
   <div class='ocr_carea' id='block_1_12' title="bbox 464 1232 2034 1303">
    <p class='ocr_par' dir='ltr' id='par_1_12' title="bbox 464 1232 2034 1303">
     <span class='ocr_line' id='line_1_12' title="bbox 464 1232 2034 1303; baseline -0.005 -12"><span class='ocrx_word' id='word_1_77' title='bbox 464 1237 816 1293; x_wconf 89' lang='lat' dir='ltr'><strong>doctissimus</strong></span> <span class='ocrx_word' id='word_1_78' title='bbox 847 1238 1148 1292; x_wconf 87' lang='lat' dir='ltr'><strong>monachus</strong></span> <span class='ocrx_word' id='word_1_79' title='bbox 1166 1236 1532 1292; x_wconf 88' lang='lat' dir='ltr'><strong>Theodoricus</strong></span> <span class='ocrx_word' id='word_1_80' title='bbox 1564 1234 1875 1289; x_wconf 83' lang='lat' dir='ltr'><strong>Ruinartius</strong></span> <span class='ocrx_word' id='word_1_81' title='bbox 1901 1232 2034 1303; x_wconf 86' lang='lat'><strong>(87),</strong></span> 
     </span>
    </p>
   </div>
   <div class='ocr_carea' id='block_1_13' title="bbox 467 1324 2034 1399">
    <p class='ocr_par' dir='ltr' id='par_1_13' title="bbox 467 1324 2034 1399">
     <span class='ocr_line' id='line_1_13' title="bbox 467 1324 2034 1399; baseline -0.006 -17"><span class='ocrx_word' id='word_1_82' title='bbox 467 1328 527 1382; x_wconf 86' lang='lat' dir='ltr'><strong>S.</strong></span> <span class='ocrx_word' id='word_1_83' title='bbox 555 1328 883 1399; x_wconf 82' lang='lat' dir='ltr'><strong>Hieronymo</strong></span> <span class='ocrx_word' id='word_1_84' title='bbox 921 1328 1101 1382; x_wconf 78' lang='lat' dir='ltr'><strong>favent</strong></span> <span class='ocrx_word' id='word_1_85' title='bbox 1135 1337 1315 1382; x_wconf 80' lang='lat' dir='ltr'><strong>vetera</strong></span> <span class='ocrx_word' id='word_1_86' title='bbox 1362 1342 1590 1396; x_wconf 78' lang='lat' dir='ltr'><strong>quaeque</strong></span> <span class='ocrx_word' id='word_1_87' title='bbox 1632 1324 2034 1395; x_wconf 82' lang='lat' dir='ltr'><strong>Martyrologia,</strong></span> 
     </span>
    </p>
   </div>
   <div class='ocr_carea' id='block_1_14' title="bbox 464 1414 2039 1491">
    <p class='ocr_par' dir='ltr' id='par_1_14' title="bbox 464 1414 2039 1491">
     <span class='ocr_line' id='line_1_14' title="bbox 464 1414 2039 1491; baseline -0.004 -16"><span class='ocrx_word' id='word_1_88' title='bbox 464 1436 588 1491; x_wconf 75' lang='lat' dir='ltr'><strong>qua:</strong></span> <span class='ocrx_word' id='word_1_89' title='bbox 615 1421 703 1475; x_wconf 89' lang='lat' dir='ltr'><strong>die</strong></span> <span class='ocrx_word' id='word_1_90' title='bbox 746 1419 811 1473; x_wconf 82' lang='lat' dir='ltr'><strong>l8</strong></span> <span class='ocrx_word' id='word_1_91' title='bbox 838 1419 1058 1488; x_wconf 88' lang='lat' dir='ltr'><strong>Aprilis,</strong></span> <span class='ocrx_word' id='word_1_92' title='bbox 1105 1435 1213 1489; x_wconf 92' lang='lat' dir='ltr'><strong>quo</strong></span> <span class='ocrx_word' id='word_1_93' title='bbox 1258 1420 1429 1473; x_wconf 89' lang='lat' dir='ltr'><strong>sancti</strong></span> <span class='ocrx_word' id='word_1_94' title='bbox 1470 1417 1737 1487; x_wconf 85' lang='lat' dir='ltr'><strong>Apollonii</strong></span> <span class='ocrx_word' id='word_1_95' title='bbox 1780 1415 1922 1469; x_wconf 88' lang='lat' dir='ltr'><strong>diem</strong></span> <span class='ocrx_word' id='word_1_96' title='bbox 1960 1414 2039 1469; x_wconf 79' lang='lat' dir='ltr'><strong>fe-</strong></span> 
     </span>
    </p>
   </div>
   <div class='ocr_carea' id='block_1_15' title="bbox 465 1505 2040 1576">
    <p class='ocr_par' dir='ltr' id='par_1_15' title="bbox 465 1505 2040 1576">
     <span class='ocr_line' id='line_1_15' title="bbox 465 1505 2040 1576; baseline -0.004 -12"><span class='ocrx_word' id='word_1_97' title='bbox 465 1522 611 1566; x_wconf 91' lang='lat' dir='ltr'><strong>stum</strong></span> <span class='ocrx_word' id='word_1_98' title='bbox 667 1513 980 1576; x_wconf 84' lang='lat' dir='ltr'><strong>celebrant,</strong></span> <span class='ocrx_word' id='word_1_99' title='bbox 1031 1527 1153 1566; x_wconf 89' lang='lat' dir='ltr'><strong>eum</strong></span> <span class='ocrx_word' id='word_1_100' title='bbox 1201 1510 1445 1565; x_wconf 84' lang='lat' dir='ltr'><strong>disertim</strong></span> <span class='ocrx_word' id='word_1_101' title='bbox 1498 1508 1801 1564; x_wconf 86' lang='lat' dir='ltr'><strong>senatorem</strong></span> <span class='ocrx_word' id='word_1_102' title='bbox 1857 1505 2040 1576; x_wconf 89' lang='lat' dir='ltr'><strong>appel-</strong></span> 
     </span>
    </p>
   </div>
   <div class='ocr_carea' id='block_1_16' title="bbox 466 1604 600 1658">
    <p class='ocr_par' dir='ltr' id='par_1_16' title="bbox 466 1604 600 1658">
     <span class='ocr_line' id='line_1_16' title="bbox 466 1604 600 1658; baseline 0.015 -2"><span class='ocrx_word' id='word_1_103' title='bbox 466 1604 600 1658; x_wconf 86' lang='lat' dir='ltr'><strong>lant.</strong></span> 
     </span>
    </p>
   </div>
   <div class='ocr_carea' id='block_1_17' title="bbox 468 1710 2039 1783">
    <p class='ocr_par' dir='ltr' id='par_1_17' title="bbox 468 1710 2039 1783">
     <span class='ocr_line' id='line_1_17' title="bbox 468 1710 2039 1783; baseline -0.002 -15"><span class='ocrx_word' id='word_1_104' title='bbox 468 1710 538 1768; x_wconf 70' lang='grc' dir='ltr'><strong>ν.</strong></span> <span class='ocrx_word' id='word_1_105' title='bbox 558 1710 618 1768; x_wconf 88' lang='lat' dir='ltr'><strong>S.</strong></span> <span class='ocrx_word' id='word_1_106' title='bbox 638 1713 951 1782; x_wconf 81' lang='lat' dir='ltr'><strong>Apollonius</strong></span> <span class='ocrx_word' id='word_1_107' title='bbox 970 1730 1071 1767; x_wconf 89' lang='lat' dir='ltr'><strong>non</strong></span> <span class='ocrx_word' id='word_1_108' title='bbox 1089 1731 1120 1767; x_wconf 93' lang='lat' dir='ltr'><strong>a</strong></span> <span class='ocrx_word' id='word_1_109' title='bbox 1143 1714 1369 1767; x_wconf 83' lang='lat' dir='ltr'><strong>Perenni</strong></span> <span class='ocrx_word' id='word_1_110' title='bbox 1389 1715 1652 1783; x_wconf 68' lang='lat' dir='ltr'><strong>pra&#39;fecto,</strong></span> <span class='ocrx_word' id='word_1_111' title='bbox 1669 1713 1759 1767; x_wconf 86' lang='lat' dir='ltr'><strong>sed</strong></span> <span class='ocrx_word' id='word_1_112' title='bbox 1788 1730 1821 1767; x_wconf 92' lang='lat' dir='ltr'><strong>a</strong></span> <span class='ocrx_word' id='word_1_113' title='bbox 1852 1721 2039 1767; x_wconf 77' lang='lat' dir='ltr'><strong>senatu</strong></span> 
     </span>
    </p>
   </div>
   <div class='ocr_carea' id='block_1_18' title="bbox 758 1784 1770 1853">
    <p class='ocr_par' dir='ltr' id='par_1_18' title="bbox 758 1784 1770 1853">
     <span class='ocr_line' id='line_1_18' title="bbox 758 1784 1770 1853; baseline 0.002 -16"><span class='ocrx_word' id='word_1_114' title='bbox 758 1785 979 1853; x_wconf 82' lang='lat' dir='ltr'><strong>capitali</strong></span> <span class='ocrx_word' id='word_1_115' title='bbox 1027 1786 1285 1838; x_wconf 81' lang='lat' dir='ltr'><strong>sententia</strong></span> <span class='ocrx_word' id='word_1_116' title='bbox 1331 1784 1614 1838; x_wconf 83' lang='lat' dir='ltr'><strong>damnatus</strong></span> <span class='ocrx_word' id='word_1_117' title='bbox 1647 1785 1770 1853; x_wconf 79' lang='lat' dir='ltr'><strong>fuit.</strong></span> 
     </span>
    </p>
   </div>
   <div class='ocr_carea' id='block_1_19' title="bbox 534 1875 2040 1947">
    <p class='ocr_par' dir='ltr' id='par_1_19' title="bbox 534 1875 2040 1947">
     <span class='ocr_line' id='line_1_19' title="bbox 534 1875 2040 1947; baseline 0.001 -18"><span class='ocrx_word' id='word_1_118' title='bbox 534 1875 690 1941; x_wconf 85' lang='lat' dir='ltr'><strong>Quod</strong></span> <span class='ocrx_word' id='word_1_119' title='bbox 715 1877 783 1930; x_wconf 87' lang='lat' dir='ltr'><strong>ad</strong></span> <span class='ocrx_word' id='word_1_120' title='bbox 803 1877 995 1946; x_wconf 83' lang='lat' dir='ltr'><strong>capitis</strong></span> <span class='ocrx_word' id='word_1_121' title='bbox 1023 1878 1346 1932; x_wconf 89' lang='lat' dir='ltr'><strong>sententiam</strong></span> <span class='ocrx_word' id='word_1_122' title='bbox 1381 1878 1592 1941; x_wconf 88' lang='lat' dir='ltr'><strong>attinet,</strong></span> <span class='ocrx_word' id='word_1_123' title='bbox 1612 1892 1719 1947; x_wconf 88' lang='lat' dir='ltr'><strong>qua</strong></span> <span class='ocrx_word' id='word_1_124' title='bbox 1743 1878 2040 1931; x_wconf 90' lang='lat' dir='ltr'><strong>damnatus</strong></span> 
     </span>
    </p>
   </div>
   <div class='ocr_carea' id='block_1_20' title="bbox 464 1970 2040 2041">
    <p class='ocr_par' dir='ltr' id='par_1_20' title="bbox 464 1970 2040 2041">
     <span class='ocr_line' id='line_1_20' title="bbox 464 1970 2040 2041; baseline -0.001 -15"><span class='ocrx_word' id='word_1_125' title='bbox 464 1980 550 2026; x_wconf 89' lang='lat' dir='ltr'><strong>est</strong></span> <span class='ocrx_word' id='word_1_126' title='bbox 590 1971 929 2039; x_wconf 85' lang='lat' dir='ltr'><strong>Apollonius,</strong></span> <span class='ocrx_word' id='word_1_127' title='bbox 958 1971 1100 2025; x_wconf 90' lang='lat' dir='ltr'><strong>hanc</strong></span> <span class='ocrx_word' id='word_1_128' title='bbox 1130 1987 1237 2025; x_wconf 91' lang='lat' dir='ltr'><strong>non</strong></span> <span class='ocrx_word' id='word_1_129' title='bbox 1275 1987 1305 2025; x_wconf 90' lang='lat' dir='ltr'><strong>a</strong></span> <span class='ocrx_word' id='word_1_130' title='bbox 1334 1971 1563 2026; x_wconf 89' lang='lat' dir='ltr'><strong>Perenni</strong></span> <span class='ocrx_word' id='word_1_131' title='bbox 1594 1970 1871 2041; x_wconf 68' lang='lat' dir='ltr'><strong>przefecto,</strong></span> <span class='ocrx_word' id='word_1_132' title='bbox 1890 1972 1980 2025; x_wconf 90' lang='lat' dir='ltr'><strong>sed</strong></span> <span class='ocrx_word' id='word_1_133' title='bbox 2008 1986 2040 2025; x_wconf 92' lang='lat' dir='ltr'><strong>a</strong></span> 
     </span>
    </p>
   </div>
   <div class='ocr_carea' id='block_1_21' title="bbox 469 2062 2041 2133">
    <p class='ocr_par' dir='ltr' id='par_1_21' title="bbox 469 2062 2041 2133">
     <span class='ocr_line' id='line_1_21' title="bbox 469 2062 2041 2133; baseline -0.001 -16"><span class='ocrx_word' id='word_1_134' title='bbox 469 2072 664 2117; x_wconf 87' lang='lat' dir='ltr'><strong>senatu</strong></span> <span class='ocrx_word' id='word_1_135' title='bbox 685 2064 1085 2132; x_wconf 76' lang='lat' dir='ltr'><strong>promulgatam</strong></span> <span class='ocrx_word' id='word_1_136' title='bbox 1115 2072 1347 2119; x_wconf 80' lang='lat' dir='ltr'><strong>testatur</strong></span> <span class='ocrx_word' id='word_1_137' title='bbox 1368 2065 1656 2129; x_wconf 84' lang='lat' dir='ltr'><strong>Eusebius,</strong></span> <span class='ocrx_word' id='word_1_138' title='bbox 1691 2064 1849 2133; x_wconf 89' lang='lat' dir='ltr'><strong>cujus</strong></span> <span class='ocrx_word' id='word_1_139' title='bbox 1876 2062 2041 2117; x_wconf 86' lang='lat' dir='ltr'><strong>verba</strong></span> 
     </span>
    </p>
   </div>
   <div class='ocr_carea' id='block_1_22' title="bbox 465 2153 2043 2226">
    <p class='ocr_par' dir='ltr' id='par_1_22' title="bbox 465 2153 2043 2226">
     <span class='ocr_line' id='line_1_22' title="bbox 465 2153 2043 2226; baseline 0 -20"><span class='ocrx_word' id='word_1_140' title='bbox 465 2153 635 2223; x_wconf 86' lang='lat' dir='ltr'><strong>paulo</strong></span> <span class='ocrx_word' id='word_1_141' title='bbox 650 2167 810 2223; x_wconf 85' lang='lat' dir='ltr'><strong>supra</strong></span> <span class='ocrx_word' id='word_1_142' title='bbox 838 2155 1128 2224; x_wconf 83' lang='lat' dir='ltr'><strong>exscripsit</strong></span> <span class='ocrx_word' id='word_1_143' title='bbox 1151 2155 1404 2208; x_wconf 88' lang='lat' dir='ltr'><strong>idemmct</strong></span> <span class='ocrx_word' id='word_1_144' title='bbox 1427 2155 1696 2226; x_wconf 83' lang='lat' dir='ltr'><strong>Moynius;</strong></span> <span class='ocrx_word' id='word_1_145' title='bbox 1713 2170 1882 2224; x_wconf 88' lang='lat' dir='ltr'><strong>quare</strong></span> <span class='ocrx_word' id='word_1_146' title='bbox 1899 2170 2043 2208; x_wconf 84' lang='lat' dir='ltr'><strong>sum-</strong></span> 
     </span>
    </p>
   </div>
   <div class='ocr_carea' id='block_1_23' title="bbox 465 2246 2040 2315">
    <p class='ocr_par' dir='ltr' id='par_1_23' title="bbox 465 2246 2040 2315">
     <span class='ocr_line' id='line_1_23' title="bbox 465 2246 2040 2315; baseline 0 -16"><span class='ocrx_word' id='word_1_147' title='bbox 465 2260 686 2315; x_wconf 86' lang='lat' dir='ltr'><strong>mopere</strong></span> <span class='ocrx_word' id='word_1_148' title='bbox 717 2248 1012 2311; x_wconf 86' lang='lat' dir='ltr'><strong>miramur,</strong></span> <span class='ocrx_word' id='word_1_149' title='bbox 1040 2246 1217 2300; x_wconf 90' lang='lat' dir='ltr'><strong>virum</strong></span> <span class='ocrx_word' id='word_1_150' title='bbox 1255 2248 1508 2312; x_wconf 90' lang='lat' dir='ltr'><strong>doctum,</strong></span> <span class='ocrx_word' id='word_1_151' title='bbox 1542 2247 1742 2301; x_wconf 88' lang='lat' dir='ltr'><strong>suimet</strong></span> <span class='ocrx_word' id='word_1_152' title='bbox 1772 2247 2040 2315; x_wconf 90' lang='lat' dir='ltr'><strong>quodam-</strong></span> 
     </span>
    </p>
   </div>
   <div class='ocr_carea' id='block_1_24' title="bbox 464 2338 2043 2406">
    <p class='ocr_par' dir='ltr' id='par_1_24' title="bbox 464 2338 2043 2406">
     <span class='ocr_line' id='line_1_24' title="bbox 464 2338 2043 2406; baseline 0.001 -15"><span class='ocrx_word' id='word_1_153' title='bbox 464 2339 630 2393; x_wconf 87' lang='lat' dir='ltr'><strong>modo</strong></span> <span class='ocrx_word' id='word_1_154' title='bbox 650 2338 1024 2405; x_wconf 85' lang='lat' dir='ltr'><strong>oblitum,tam</strong></span> <span class='ocrx_word' id='word_1_155' title='bbox 1049 2339 1286 2393; x_wconf 84' lang='lat' dir='ltr'><strong>absurda</strong></span> <span class='ocrx_word' id='word_1_156' title='bbox 1305 2339 1604 2394; x_wconf 83' lang='lat' dir='ltr'><strong>dictitasse.</strong></span> <span class='ocrx_word' id='word_1_157' title='bbox 1626 2338 1889 2392; x_wconf 89' lang='lat' dir='ltr'><strong>Perennis</strong></span> <span class='ocrx_word' id='word_1_158' title='bbox 1912 2354 2043 2406; x_wconf 76' lang='lat' dir='ltr'><strong>pra:-</strong></span> 
     </span>
    </p>
   </div>
   <div class='ocr_carea' id='block_1_25' title="bbox 462 2428 2044 2500">
    <p class='ocr_par' dir='ltr' id='par_1_25' title="bbox 462 2428 2044 2500">
     <span class='ocr_line' id='line_1_25' title="bbox 462 2428 2044 2500; baseline -0.002 -16"><span class='ocrx_word' id='word_1_159' title='bbox 462 2431 608 2485; x_wconf 89' lang='lat' dir='ltr'><strong>torio</strong></span> <span class='ocrx_word' id='word_1_160' title='bbox 631 2430 919 2500; x_wconf 61' lang='lat' dir='ltr'><strong>praefectus</strong></span> <span class='ocrx_word' id='word_1_161' title='bbox 937 2446 1046 2484; x_wconf 93' lang='lat' dir='ltr'><strong>non</strong></span> <span class='ocrx_word' id='word_1_162' title='bbox 1071 2430 1123 2484; x_wconf 92' lang='lat' dir='ltr'><strong>in</strong></span> <span class='ocrx_word' id='word_1_163' title='bbox 1144 2430 1511 2499; x_wconf 86' lang='lat' dir='ltr'><strong>Apollonium,</strong></span> <span class='ocrx_word' id='word_1_164' title='bbox 1530 2429 1623 2483; x_wconf 90' lang='lat' dir='ltr'><strong>sed</strong></span> <span class='ocrx_word' id='word_1_165' title='bbox 1649 2430 1703 2482; x_wconf 90' lang='lat' dir='ltr'><strong>in</strong></span> <span class='ocrx_word' id='word_1_166' title='bbox 1727 2428 2044 2483; x_wconf 87' lang='lat' dir='ltr'><strong>scelestissi-</strong></span> 
     </span>
    </p>
   </div>
   <div class='ocr_carea' id='block_1_26' title="bbox 463 2518 2042 2589">
    <p class='ocr_par' dir='ltr' id='par_1_26' title="bbox 463 2518 2042 2589">
     <span class='ocr_line' id='line_1_26' title="bbox 463 2518 2042 2589; baseline -0.001 -16"><span class='ocrx_word' id='word_1_167' title='bbox 463 2534 615 2573; x_wconf 84' lang='lat' dir='ltr'><strong>mum</strong></span> <span class='ocrx_word' id='word_1_168' title='bbox 634 2520 869 2574; x_wconf 89' lang='lat' dir='ltr'><strong>indicem</strong></span> <span class='ocrx_word' id='word_1_169' title='bbox 893 2519 987 2589; x_wconf 93' lang='lat' dir='ltr'><strong>qui</strong></span> <span class='ocrx_word' id='word_1_170' title='bbox 1008 2519 1354 2588; x_wconf 88' lang='lat' dir='ltr'><strong>Apollonium</strong></span> <span class='ocrx_word' id='word_1_171' title='bbox 1377 2518 1749 2572; x_wconf 87' lang='lat' dir='ltr'><strong>Christianum</strong></span> <span class='ocrx_word' id='word_1_172' title='bbox 1773 2533 1895 2572; x_wconf 89' lang='lat' dir='ltr'><strong>esse</strong></span> <span class='ocrx_word' id='word_1_173' title='bbox 1916 2533 2042 2587; x_wconf 89' lang='lat' dir='ltr'><strong>pro-</strong></span> 
     </span>
    </p>
   </div>
   <div class='ocr_carea' id='block_1_27' title="bbox 465 2609 2041 2682">
    <p class='ocr_par' dir='ltr' id='par_1_27' title="bbox 465 2609 2041 2682">
     <span class='ocr_line' id='line_1_27' title="bbox 465 2609 2041 2682; baseline -0.001 -17"><span class='ocrx_word' id='word_1_174' title='bbox 465 2612 607 2666; x_wconf 84' lang='lat' dir='ltr'><strong>didit</strong></span> <span class='ocrx_word' id='word_1_175' title='bbox 629 2611 811 2682; x_wconf 88' lang='lat' dir='ltr'><strong>(quem</strong></span> <span class='ocrx_word' id='word_1_176' title='bbox 835 2612 894 2666; x_wconf 88' lang='lat' dir='ltr'><strong>S.</strong></span> <span class='ocrx_word' id='word_1_177' title='bbox 918 2610 1284 2682; x_wconf 83' lang='lat' dir='ltr'><strong>Hieronymus</strong></span> <span class='ocrx_word' id='word_1_178' title='bbox 1309 2609 1420 2681; x_wconf 89' lang='lat'><strong>(88)</strong></span> <span class='ocrx_word' id='word_1_179' title='bbox 1440 2611 1725 2680; x_wconf 90' lang='lat' dir='ltr'><strong>ipsiusmet</strong></span> <span class='ocrx_word' id='word_1_180' title='bbox 1751 2610 1809 2665; x_wconf 94' lang='lat' dir='ltr'><strong>S.</strong></span> <span class='ocrx_word' id='word_1_181' title='bbox 1838 2619 2041 2681; x_wconf 85' lang='lat' dir='ltr'><strong>marty-</strong></span> 
     </span>
    </p>
   </div>
   <div class='ocr_carea' id='block_1_28' title="bbox 464 2702 2041 2775">
    <p class='ocr_par' dir='ltr' id='par_1_28' title="bbox 464 2702 2041 2775">
     <span class='ocr_line' id='line_1_28' title="bbox 464 2702 2041 2775; baseline -0.001 -18"><span class='ocrx_word' id='word_1_182' title='bbox 464 2704 547 2759; x_wconf 83' lang='lat' dir='ltr'><strong>ris</strong></span> <span class='ocrx_word' id='word_1_183' title='bbox 578 2719 799 2758; x_wconf 90' lang='lat' dir='ltr'><strong>servum</strong></span> <span class='ocrx_word' id='word_1_184' title='bbox 825 2702 1087 2758; x_wconf 85' lang='lat' dir='ltr'><strong>Severum</strong></span> <span class='ocrx_word' id='word_1_185' title='bbox 1108 2703 1331 2759; x_wconf 88' lang='lat' dir='ltr'><strong>nomine</strong></span> <span class='ocrx_word' id='word_1_186' title='bbox 1361 2704 1531 2759; x_wconf 83' lang='lat' dir='ltr'><strong>fuisse</strong></span> <span class='ocrx_word' id='word_1_187' title='bbox 1556 2704 1785 2775; x_wconf 91' lang='lat' dir='ltr'><strong>scribit),</strong></span> <span class='ocrx_word' id='word_1_188' title='bbox 1812 2704 2041 2758; x_wconf 78' lang='lat' dir='ltr'><strong>extremi</strong></span> 
     </span>
    </p>
   </div>
   <div class='ocr_carea' id='block_1_29' title="bbox 465 2794 2041 2866">
    <p class='ocr_par' dir='ltr' id='par_1_29' title="bbox 465 2794 2041 2866">
     <span class='ocr_line' id='line_1_29' title="bbox 465 2794 2041 2866; baseline 0 -17"><span class='ocrx_word' id='word_1_189' title='bbox 465 2796 720 2864; x_wconf 86' lang='lat' dir='ltr'><strong>supplicii</strong></span> <span class='ocrx_word' id='word_1_190' title='bbox 746 2798 1071 2852; x_wconf 88' lang='lat' dir='ltr'><strong>sententiam</strong></span> <span class='ocrx_word' id='word_1_191' title='bbox 1102 2797 1495 2866; x_wconf 83' lang='lat' dir='ltr'><strong>pronuntiavit.</strong></span> <span class='ocrx_word' id='word_1_192' title='bbox 1529 2796 1607 2850; x_wconf 86' lang='lat' dir='ltr'><strong>En</strong></span> <span class='ocrx_word' id='word_1_193' title='bbox 1632 2797 1801 2866; x_wconf 86' lang='lat' dir='ltr'><strong>ipsius</strong></span> <span class='ocrx_word' id='word_1_194' title='bbox 1822 2794 2041 2850; x_wconf 85' lang='lat' dir='ltr'><strong>Eusebii</strong></span> 
     </span>
    </p>
   </div>
   <div class='ocr_carea' id='block_1_30' title="bbox 464 2885 2040 2958">
    <p class='ocr_par' dir='ltr' id='par_1_30' title="bbox 464 2885 2040 2958">
     <span class='ocr_line' id='line_1_30' title="bbox 464 2885 2040 2958; baseline 0.003 -21"><span class='ocrx_word' id='word_1_195' title='bbox 464 2885 630 2939; x_wconf 85' lang='lat' dir='ltr'><strong>verba</strong></span> <span class='ocrx_word' id='word_1_196' title='bbox 659 2886 809 2956; x_wconf 88' lang='lat'><strong>(89):</strong></span> <span class='ocrx_word' id='word_1_197' title='bbox 847 2906 865 2937; x_wconf 74' lang='grc' dir='ltr'><strong><em>ι</em></strong></span> <span class='ocrx_word' id='word_1_198' title='bbox 910 2888 1014 2940; x_wconf 89' lang='lat' dir='ltr'><strong>Sed</strong></span> <span class='ocrx_word' id='word_1_199' title='bbox 1049 2889 1233 2947; x_wconf 83' lang='lat' dir='ltr'><strong>miser,</strong></span> <span class='ocrx_word' id='word_1_200' title='bbox 1288 2888 1480 2957; x_wconf 86' lang='lat' dir='ltr'><strong>inquit,</strong></span> <span class='ocrx_word' id='word_1_201' title='bbox 1526 2889 1902 2958; x_wconf 79' lang='lat' dir='ltr'><strong>intempestive</strong></span> <span class='ocrx_word' id='word_1_202' title='bbox 1949 2905 2040 2943; x_wconf 86' lang='lat' dir='ltr'><strong>su-</strong></span> 
     </span>
    </p>
   </div>
   <div class='ocr_carea' id='block_1_31' title="bbox 466 2978 2040 3049">
    <p class='ocr_par' dir='ltr' id='par_1_31' title="bbox 466 2978 2040 3049">
     <span class='ocr_line' id='line_1_31' title="bbox 466 2978 2040 3049; baseline 0.003 -18"><span class='ocrx_word' id='word_1_203' title='bbox 466 2986 653 3046; x_wconf 77' lang='lat' dir='ltr'><strong>scepta</strong></span> <span class='ocrx_word' id='word_1_204' title='bbox 687 2978 1035 3032; x_wconf 89' lang='lat' dir='ltr'><strong>accusatione</strong></span> <span class='ocrx_word' id='word_1_205' title='bbox 1066 2978 1336 3047; x_wconf 81' lang='lat' dir='ltr'><strong>(videlicet</strong></span> <span class='ocrx_word' id='word_1_206' title='bbox 1369 2979 1614 3049; x_wconf 84' lang='lat' dir='ltr'><strong>servus),</strong></span> <span class='ocrx_word' id='word_1_207' title='bbox 1650 2996 1772 3034; x_wconf 91' lang='lat' dir='ltr'><strong>cum</strong></span> <span class='ocrx_word' id='word_1_208' title='bbox 1804 2982 2040 3049; x_wconf 87' lang='lat' dir='ltr'><strong>impera-</strong></span> 
     </span>
    </p>
   </div>
   <div class='ocr_carea' id='block_1_32' title="bbox 466 3069 2040 3140">
    <p class='ocr_par' dir='ltr' id='par_1_32' title="bbox 466 3069 2040 3140">
     <span class='ocr_line' id='line_1_32' title="bbox 466 3069 2040 3140; baseline 0.003 -19"><span class='ocrx_word' id='word_1_209' title='bbox 466 3069 609 3123; x_wconf 88' lang='lat' dir='ltr'><strong>torio</strong></span> <span class='ocrx_word' id='word_1_210' title='bbox 639 3069 820 3123; x_wconf 88' lang='lat' dir='ltr'><strong>edicto</strong></span> <span class='ocrx_word' id='word_1_211' title='bbox 853 3069 1100 3138; x_wconf 88' lang='lat' dir='ltr'><strong>capitalis</strong></span> <span class='ocrx_word' id='word_1_212' title='bbox 1144 3086 1302 3139; x_wconf 77' lang='lat' dir='ltr'><strong>poena</strong></span> <span class='ocrx_word' id='word_1_213' title='bbox 1344 3071 1396 3123; x_wconf 92' lang='lat' dir='ltr'><strong>in</strong></span> <span class='ocrx_word' id='word_1_214' title='bbox 1427 3086 1521 3124; x_wconf 82' lang='lat' dir='ltr'><strong>eos</strong></span> <span class='ocrx_word' id='word_1_215' title='bbox 1585 3072 1676 3140; x_wconf 91' lang='lat' dir='ltr'><strong>qui</strong></span> <span class='ocrx_word' id='word_1_216' title='bbox 1716 3072 1840 3125; x_wconf 90' lang='lat' dir='ltr'><strong>talia</strong></span> <span class='ocrx_word' id='word_1_217' title='bbox 1885 3070 2040 3125; x_wconf 87' lang='lat' dir='ltr'><strong>detu-</strong></span> 
     </span>
    </p>
   </div>
   <div class='ocr_carea' id='block_1_33' title="bbox 466 3162 2038 3229">
    <p class='ocr_par' dir='ltr' id='par_1_33' title="bbox 466 3162 2038 3229">
     <span class='ocr_line' id='line_1_33' title="bbox 466 3162 2038 3229; baseline 0.004 -15"><span class='ocrx_word' id='word_1_218' title='bbox 466 3162 660 3216; x_wconf 85' lang='lat' dir='ltr'><strong>lissent</strong></span> <span class='ocrx_word' id='word_1_219' title='bbox 699 3174 843 3217; x_wconf 84' lang='lat' dir='ltr'><strong>esset</strong></span> <span class='ocrx_word' id='word_1_220' title='bbox 877 3164 1171 3218; x_wconf 84' lang='lat' dir='ltr'><strong>constituta</strong></span> <span class='ocrx_word' id='word_1_221' title='bbox 1199 3205 1214 3229; x_wconf 93' lang='lat'><strong>,</strong></span> <span class='ocrx_word' id='word_1_222' title='bbox 1242 3164 1527 3219; x_wconf 80' lang='lat' dir='ltr'><strong>confestim</strong></span> <span class='ocrx_word' id='word_1_223' title='bbox 1567 3164 1755 3221; x_wconf 78' lang='lat' dir='ltr'><strong>fractis</strong></span> <span class='ocrx_word' id='word_1_224' title='bbox 1785 3167 2038 3221; x_wconf 89' lang='lat' dir='ltr'><strong>cruribus</strong></span> 
     </span>
    </p>
   </div>
   <div class='ocr_carea' id='block_1_34' title="bbox 465 3254 2034 3332">
    <p class='ocr_par' dir='ltr' id='par_1_34' title="bbox 465 3254 2034 3332">
     <span class='ocr_line' id='line_1_34' title="bbox 465 3254 2034 3332; baseline 0.005 -23"><span class='ocrx_word' id='word_1_225' title='bbox 465 3256 755 3322; x_wconf 87' lang='lat' dir='ltr'><strong>occiditur,</strong></span> <span class='ocrx_word' id='word_1_226' title='bbox 780 3254 1022 3311; x_wconf 85' lang='lat' dir='ltr'><strong>Perenne</strong></span> <span class='ocrx_word' id='word_1_227' title='bbox 1042 3257 1226 3327; x_wconf 87' lang='lat' dir='ltr'><strong>judice</strong></span> <span class='ocrx_word' id='word_1_228' title='bbox 1256 3258 1523 3327; x_wconf 90' lang='lat' dir='ltr'><strong>ejusmodi</strong></span> <span class='ocrx_word' id='word_1_229' title='bbox 1558 3262 1819 3317; x_wconf 88' lang='lat' dir='ltr'><strong>adversus</strong></span> <span class='ocrx_word' id='word_1_230' title='bbox 1853 3262 2034 3332; x_wconf 90' lang='lat' dir='ltr'><strong>ipsum</strong></span> 
     </span>
    </p>
   </div>
   <div class='ocr_carea' id='block_1_35' title="bbox 466 3348 2037 3419">
    <p class='ocr_par' dir='ltr' id='par_1_35' title="bbox 466 3348 2037 3419">
     <span class='ocr_line' id='line_1_35' title="bbox 466 3348 2037 3419; baseline 0.004 -18"><span class='ocrx_word' id='word_1_231' title='bbox 466 3348 792 3401; x_wconf 82' lang='lat' dir='ltr'><strong>sententiam</strong></span> <span class='ocrx_word' id='word_1_232' title='bbox 845 3350 1254 3418; x_wconf 86' lang='lat' dir='ltr'><strong>pronuntiante.</strong></span> <span class='ocrx_word' id='word_1_233' title='bbox 1290 3360 1308 3403; x_wconf 68' lang='lat' dir='ltr'><strong>i</strong></span> <span class='ocrx_word' id='word_1_234' title='bbox 1347 3349 1665 3419; x_wconf 85' lang='lat' dir='ltr'><strong>Apollonius</strong></span> <span class='ocrx_word' id='word_1_235' title='bbox 1699 3368 1826 3407; x_wconf 90' lang='lat' dir='ltr'><strong>vero</strong></span> <span class='ocrx_word' id='word_1_236' title='bbox 1872 3369 1901 3407; x_wconf 90' lang='lat' dir='ltr'><strong>a</strong></span> <span class='ocrx_word' id='word_1_237' title='bbox 1951 3369 2037 3408; x_wconf 84' lang='lat' dir='ltr'><strong>se-</strong></span> 
     </span>
    </p>
   </div>
   <div class='ocr_carea' id='block_1_36' title="bbox 468 3438 2038 3510">
    <p class='ocr_par' dir='ltr' id='par_1_36' title="bbox 468 3438 2038 3510">
     <span class='ocr_line' id='line_1_36' title="bbox 468 3438 2038 3510; baseline 0.006 -21"><span class='ocrx_word' id='word_1_238' title='bbox 468 3446 621 3502; x_wconf 88' lang='lat' dir='ltr'><strong>natu,</strong></span> <span class='ocrx_word' id='word_1_239' title='bbox 647 3446 708 3492; x_wconf 91' lang='lat' dir='ltr'><strong>ut</strong></span> <span class='ocrx_word' id='word_1_240' title='bbox 740 3438 1010 3505; x_wconf 82' lang='lat' dir='ltr'><strong>diximus,</strong></span> <span class='ocrx_word' id='word_1_241' title='bbox 1038 3455 1147 3493; x_wconf 93' lang='lat' dir='ltr'><strong>non</strong></span> <span class='ocrx_word' id='word_1_242' title='bbox 1180 3456 1210 3494; x_wconf 90' lang='lat' dir='ltr'><strong>a</strong></span> <span class='ocrx_word' id='word_1_243' title='bbox 1244 3440 1498 3505; x_wconf 88' lang='lat' dir='ltr'><strong>Perenni,</strong></span> <span class='ocrx_word' id='word_1_244' title='bbox 1519 3443 1735 3510; x_wconf 89' lang='lat' dir='ltr'><strong>capitali</strong></span> <span class='ocrx_word' id='word_1_245' title='bbox 1767 3446 2038 3499; x_wconf 87' lang='lat' dir='ltr'><strong>sententia</strong></span> 
     </span>
    </p>
   </div>
   <div class='ocr_carea' id='block_1_37' title="bbox 467 3527 2038 3603">
    <p class='ocr_par' dir='ltr' id='par_1_37' title="bbox 467 3527 2038 3603">
     <span class='ocr_line' id='line_1_37' title="bbox 467 3527 2038 3603; baseline 0.007 -22"><span class='ocrx_word' id='word_1_246' title='bbox 467 3527 573 3581; x_wconf 76' lang='lat' dir='ltr'><strong>fuit</strong></span> <span class='ocrx_word' id='word_1_247' title='bbox 600 3529 923 3597; x_wconf 87' lang='lat' dir='ltr'><strong>damnatus,</strong></span> <span class='ocrx_word' id='word_1_248' title='bbox 954 3533 1098 3600; x_wconf 93' lang='lat' dir='ltr'><strong>quod</strong></span> <span class='ocrx_word' id='word_1_249' title='bbox 1133 3534 1419 3603; x_wconf 88' lang='lat' dir='ltr'><strong>perspicue</strong></span> <span class='ocrx_word' id='word_1_250' title='bbox 1448 3534 1607 3588; x_wconf 92' lang='lat' dir='ltr'><strong>docet</strong></span> <span class='ocrx_word' id='word_1_251' title='bbox 1653 3534 1916 3591; x_wconf 89' lang='lat' dir='ltr'><strong>Eusebius</strong></span> <span class='ocrx_word' id='word_1_252' title='bbox 1954 3537 2038 3593; x_wconf 89' lang='lat' dir='ltr'><strong>his</strong></span> 
     </span>
    </p>
   </div>
   <div class='ocr_carea' id='block_1_38' title="bbox 469 3618 2040 3697">
    <p class='ocr_par' dir='ltr' id='par_1_38' title="bbox 469 3618 2040 3697">
     <span class='ocr_line' id='line_1_38' title="bbox 469 3618 2040 3697; baseline 0.007 -27"><span class='ocrx_word' id='word_1_253' title='bbox 469 3618 652 3673; x_wconf 72' lang='lat' dir='ltr'><strong>Verbis</strong></span> <span class='ocrx_word' id='word_1_254' title='bbox 681 3638 695 3672; x_wconf 94' lang='lat'>:</span> <span class='ocrx_word' id='word_1_255' title='bbox 730 3638 749 3670; x_wconf 76' lang='grc' dir='ltr'>ι</span> <span class='ocrx_word' id='word_1_256' title='bbox 779 3619 983 3674; x_wconf 87' lang='lat' dir='ltr'><strong>Verum</strong></span> <span class='ocrx_word' id='word_1_257' title='bbox 1029 3620 1141 3676; x_wconf 87' lang='lat' dir='ltr'><strong>Deo</strong></span> <span class='ocrx_word' id='word_1_258' title='bbox 1171 3624 1582 3691; x_wconf 88' lang='lat' dir='ltr'><strong>acceptissimus</strong></span> <span class='ocrx_word' id='word_1_259' title='bbox 1629 3637 1851 3697; x_wconf 89' lang='lat' dir='ltr'><strong>martyr,</strong></span> <span class='ocrx_word' id='word_1_260' title='bbox 1898 3629 2040 3681; x_wconf 85' lang='lat' dir='ltr'><strong>mul-</strong></span> 
     </span>
    </p>
   </div>
   <div class='ocr_carea' id='block_1_39' title="bbox 469 3712 2039 3785">
    <p class='ocr_par' dir='ltr' id='par_1_39' title="bbox 469 3712 2039 3785">
     <span class='ocr_line' id='line_1_39' title="bbox 469 3712 2039 3785; baseline 0.01 -23"><span class='ocrx_word' id='word_1_261' title='bbox 469 3719 587 3763; x_wconf 90' lang='lat' dir='ltr'><strong>tum</strong></span> <span class='ocrx_word' id='word_1_262' title='bbox 616 3726 679 3765; x_wconf 90' lang='lat' dir='ltr'><strong>ac</strong></span> <span class='ocrx_word' id='word_1_263' title='bbox 704 3712 865 3766; x_wconf 83' lang='lat' dir='ltr'><strong>enixe</strong></span> <span class='ocrx_word' id='word_1_264' title='bbox 893 3728 1018 3767; x_wconf 89' lang='lat' dir='ltr'><strong>eum</strong></span> <span class='ocrx_word' id='word_1_265' title='bbox 1046 3725 1311 3769; x_wconf 81' lang='lat' dir='ltr'><strong>exorante</strong></span> <span class='ocrx_word' id='word_1_266' title='bbox 1348 3718 1529 3785; x_wconf 82' lang='lat' dir='ltr'><strong>judice</strong></span> <span class='ocrx_word' id='word_1_267' title='bbox 1550 3759 1564 3781; x_wconf 93' lang='lat'><strong>,</strong></span> <span class='ocrx_word' id='word_1_268' title='bbox 1618 3728 1678 3772; x_wconf 90' lang='lat' dir='ltr'><strong>ut</strong></span> <span class='ocrx_word' id='word_1_269' title='bbox 1710 3721 1776 3774; x_wconf 89' lang='lat' dir='ltr'><strong>de</strong></span> <span class='ocrx_word' id='word_1_270' title='bbox 1805 3722 1908 3775; x_wconf 82' lang='lat' dir='ltr'><strong>ﬁde</strong></span> <span class='ocrx_word' id='word_1_271' title='bbox 1940 3738 2039 3778; x_wconf 86' lang='lat' dir='ltr'><strong>sua</strong></span> 
     </span>
    </p>
   </div>
   <div class='ocr_carea' id='block_1_40' title="bbox 470 3803 2040 3880">
    <p class='ocr_par' dir='ltr' id='par_1_40' title="bbox 470 3803 2040 3880">
     <span class='ocr_line' id='line_1_40' title="bbox 470 3803 2040 3880; baseline 0.006 -27"><span class='ocrx_word' id='word_1_272' title='bbox 470 3813 657 3854; x_wconf 84' lang='lat' dir='ltr'><strong>coram</strong></span> <span class='ocrx_word' id='word_1_273' title='bbox 683 3810 873 3857; x_wconf 84' lang='lat' dir='ltr'><strong>senatu</strong></span> <span class='ocrx_word' id='word_1_274' title='bbox 899 3803 1236 3873; x_wconf 89' lang='lat' dir='ltr'><strong>loqueretur,</strong></span> <span class='ocrx_word' id='word_1_275' title='bbox 1254 3820 1376 3858; x_wconf 89' lang='lat' dir='ltr'><strong>cum</strong></span> <span class='ocrx_word' id='word_1_276' title='bbox 1402 3806 1767 3861; x_wconf 88' lang='lat' dir='ltr'><strong>disertissima</strong></span> <span class='ocrx_word' id='word_1_277' title='bbox 1792 3809 2040 3880; x_wconf 82' lang='lat' dir='ltr'><strong>apologia</strong></span> 
     </span>
    </p>
   </div>
   <div class='ocr_carea' id='block_1_41' title="bbox 471 3889 2039 3966">
    <p class='ocr_par' dir='ltr' id='par_1_41' title="bbox 471 3889 2039 3966">
     <span class='ocr_line' id='line_1_41' title="bbox 471 3889 2039 3966; baseline 0.007 -22"><span class='ocrx_word' id='word_1_278' title='bbox 471 3889 597 3946; x_wconf 80' lang='lat' dir='ltr'><strong>ﬁdei</strong></span> <span class='ocrx_word' id='word_1_279' title='bbox 638 3907 751 3947; x_wconf 74' lang='lat' dir='ltr'><strong>sua:</strong></span> <span class='ocrx_word' id='word_1_280' title='bbox 777 3907 960 3947; x_wconf 88' lang='lat' dir='ltr'><strong>coram</strong></span> <span class='ocrx_word' id='word_1_281' title='bbox 1011 3894 1267 3949; x_wconf 89' lang='lat' dir='ltr'><strong>omnibus</strong></span> <span class='ocrx_word' id='word_1_282' title='bbox 1297 3896 1563 3951; x_wconf 89' lang='lat' dir='ltr'><strong>rationem</strong></span> <span class='ocrx_word' id='word_1_283' title='bbox 1598 3904 1827 3953; x_wconf 89' lang='lat' dir='ltr'><strong>testatus</strong></span> <span class='ocrx_word' id='word_1_284' title='bbox 1860 3899 2039 3966; x_wconf 86' lang='lat' dir='ltr'><strong>esset,</strong></span> 
     </span>
    </p>
   </div>
   <div class='ocr_carea' id='block_1_42' title="bbox 469 4047 2039 4123">
    <p class='ocr_par' dir='ltr' id='par_1_42' title="bbox 469 4047 2039 4123">
     <span class='ocr_line' id='line_1_42' title="bbox 469 4047 2039 4123; baseline 0.006 -22"><span class='ocrx_word' id='word_1_285' title='bbox 469 4047 1080 4123; x_wconf 60' lang='lat' dir='ltr'><strong>ecclesiastique,_Notes</strong></span> <span class='ocrx_word' id='word_1_286' title='bbox 1123 4066 1219 4105; x_wconf 89' lang='lat' dir='ltr'><strong>sur</strong></span> <span class='ocrx_word' id='word_1_287' title='bbox 1246 4052 1396 4123; x_wconf 82' lang='lat' dir='ltr'><strong>saint</strong></span> <span class='ocrx_word' id='word_1_288' title='bbox 1437 4054 1703 4123; x_wconf 87' lang='lat' dir='ltr'><strong>Apollone</strong></span> <span class='ocrx_word' id='word_1_289' title='bbox 1748 4053 2039 4123; x_wconf 87' lang='lat' dir='ltr'><strong>sénateur,</strong></span> 
     </span>
    </p>
   </div>
   <div class='ocr_carea' id='block_1_43' title="bbox 470 4118 2043 4194">
    <p class='ocr_par' dir='ltr' id='par_1_43' title="bbox 470 4118 2043 4194">
     <span class='ocr_line' id='line_1_43' title="bbox 470 4118 2043 4194; baseline 0.007 -24"><span class='ocrx_word' id='word_1_290' title='bbox 470 4133 593 4187; x_wconf 87' lang='lat' dir='ltr'><strong>pag.</strong></span> <span class='ocrx_word' id='word_1_291' title='bbox 623 4118 725 4194; x_wconf 66' lang='lat' dir='ltr'><strong>tiu</strong></span> <span class='ocrx_word' id='word_1_292' title='bbox 746 4118 875 4174; x_wconf 84' lang='lat' dir='ltr'><strong>edit.</strong></span> <span class='ocrx_word' id='word_1_293' title='bbox 900 4119 1073 4175; x_wconf 90' lang='lat' dir='ltr'><strong>Paris.</strong></span> <span class='ocrx_word' id='word_1_294' title='bbox 1098 4137 1190 4176; x_wconf 89' lang='lat' dir='ltr'><strong>an.</strong></span> <span class='ocrx_word' id='word_1_295' title='bbox 1209 4122 1364 4186; x_wconf 89' lang='grc'>1701,</span> <span class='ocrx_word' id='word_1_296' title='bbox 1384 4118 1579 4177; x_wconf 72' lang='lat' dir='ltr'><strong>notet:</strong></span> <span class='ocrx_word' id='word_1_297' title='bbox 1604 4144 1623 4175; x_wconf 74' lang='grc' dir='ltr'><strong><em>ο</em></strong></span> <span class='ocrx_word' id='word_1_298' title='bbox 1646 4135 1764 4179; x_wconf 89' lang='lat' dir='ltr'><strong>...et</strong></span> <span class='ocrx_word' id='word_1_299' title='bbox 1789 4127 1949 4194; x_wconf 79' lang='lat' dir='ltr'><strong>qu’ils</strong></span> <span class='ocrx_word' id='word_1_300' title='bbox 1976 4118 2043 4182; x_wconf 84' lang='lat' dir='ltr'><strong>ne</strong></span> 
     </span>
    </p>
   </div>
   <div class='ocr_carea' id='block_1_44' title="bbox 472 4189 2042 4261">
    <p class='ocr_par' dir='ltr' id='par_1_44' title="bbox 472 4189 2042 4261">
     <span class='ocr_line' id='line_1_44' title="bbox 472 4189 2042 4261; baseline 0.004 -18"><span class='ocrx_word' id='word_1_301' title='bbox 472 4204 533 4243; x_wconf 83' lang='lat' dir='ltr'><strong>se</strong></span> <span class='ocrx_word' id='word_1_302' title='bbox 568 4189 746 4261; x_wconf 77' lang='lat' dir='ltr'><strong>solent</strong></span> <span class='ocrx_word' id='word_1_303' title='bbox 770 4205 866 4258; x_wconf 91' lang='lat' dir='ltr'><strong>pas</strong></span> <span class='ocrx_word' id='word_1_304' title='bbox 884 4206 1156 4261; x_wconf 83' lang='lat' dir='ltr'><strong>sonveuus</strong></span> <span class='ocrx_word' id='word_1_305' title='bbox 1185 4208 1291 4261; x_wconf 92' lang='lat' dir='ltr'><strong>que</strong></span> <span class='ocrx_word' id='word_1_306' title='bbox 1313 4194 1470 4247; x_wconf 79' lang='lat' dir='ltr'><strong>Rntin</strong></span> <span class='ocrx_word' id='word_1_307' title='bbox 1504 4196 1585 4248; x_wconf 86' lang='lat' dir='ltr'><strong>n‘a</strong></span> <span class='ocrx_word' id='word_1_308' title='bbox 1614 4189 2042 4251; x_wconf 76' lang='lat' dir='ltr'><strong>traduitEusebe</strong></span> 
     </span>
    </p>
   </div>
   <div class='ocr_carea' id='block_1_45' title="bbox 478 4259 2041 4335">
    <p class='ocr_par' dir='ltr' id='par_1_45' title="bbox 478 4259 2041 4335">
     <span class='ocr_line' id='line_1_45' title="bbox 478 4259 2041 4335; baseline 0.006 -24"><span class='ocrx_word' id='word_1_309' title='bbox 478 4259 735 4335; x_wconf 74' lang='lat' dir='ltr'><strong>que_bie_n</strong></span> <span class='ocrx_word' id='word_1_310' title='bbox 760 4261 857 4335; x_wconf 74' lang='lat' dir='ltr'><strong>des</strong></span> <span class='ocrx_word' id='word_1_311' title='bbox 883 4259 1267 4335; x_wconf 62' lang='lat' dir='ltr'><strong>annéesapres</strong></span> <span class='ocrx_word' id='word_1_312' title='bbox 1283 4280 1387 4332; x_wconf 88' lang='lat' dir='ltr'><strong>que</strong></span> <span class='ocrx_word' id='word_1_313' title='bbox 1414 4264 1471 4319; x_wconf 92' lang='lat' dir='ltr'><strong>S.</strong></span> <span class='ocrx_word' id='word_1_314' title='bbox 1502 4263 1716 4319; x_wconf 81' lang='lat' dir='ltr'><strong>Jérome</strong></span> <span class='ocrx_word' id='word_1_315' title='bbox 1733 4268 1875 4320; x_wconf 89' lang='lat' dir='ltr'><strong>avait</strong></span> <span class='ocrx_word' id='word_1_316' title='bbox 1894 4266 2041 4335; x_wconf 88' lang='lat' dir='ltr'><strong>parlé</strong></span> 
     </span>
    </p>
   </div>
   <div class='ocr_carea' id='block_1_46' title="bbox 472 4326 2042 4452">
    <p class='ocr_par' dir='ltr' id='par_1_46' title="bbox 472 4326 2042 4452">
     <span class='ocr_line' id='line_1_46' title="bbox 472 4326 2042 4452; baseline 0.008 -72"><span class='ocrx_word' id='word_1_317' title='bbox 472 4326 939 4452; x_wconf 47' lang='lat' dir='ltr'><strong>geu3}eApollone</strong></span> <span class='ocrx_word' id='word_1_318' title='bbox 980 4346 1047 4385; x_wconf 89' lang='lat' dir='ltr'><strong>en</strong></span> <span class='ocrx_word' id='word_1_319' title='bbox 1072 4326 1196 4398; x_wconf 64' lang='grc'>592,</span> <span class='ocrx_word' id='word_1_320' title='bbox 1224 4326 1361 4389; x_wconf 78' lang='lat' dir='ltr'><strong>dans</strong></span> <span class='ocrx_word' id='word_1_321' title='bbox 1385 4351 1483 4389; x_wconf 89' lang='lat' dir='ltr'><strong>son</strong></span> <span class='ocrx_word' id='word_1_322' title='bbox 1510 4336 1667 4391; x_wconf 88' lang='lat' dir='ltr'><strong>trailé</strong></span> <span class='ocrx_word' id='word_1_323' title='bbox 1688 4336 1789 4389; x_wconf 77' lang='lat' dir='ltr'><strong>Des</strong></span> <span class='ocrx_word' id='word_1_324' title='bbox 1814 4326 2042 4392; x_wconf 66' lang='lat' dir='ltr'><strong>hofnmes</strong></span> 
     </span>
     <span class='ocr_line' id='line_1_47' title="bbox 714 4419 793 4452; baseline 0.013 -3"><span class='ocrx_word' id='word_1_325' title='bbox 714 4439 727 4452; x_wconf 88' lang='lat'>.</span> <span class='ocrx_word' id='word_1_326' title='bbox 771 4419 793 4450; x_wconf 58' lang='grc' dir='ltr'>δ</span> 
     </span>
    </p>
   </div>
   <div class='ocr_carea' id='block_1_47' title="bbox 714 4419 793 4452">
    <p class='ocr_par' dir='ltr' id='par_1_47' title="bbox 714 4419 793 4452">
     <span class='ocr_line' id='line_1_48' title="bbox 714 4419 793 4452; baseline -0.025 0"><span class='ocrx_word' id='word_1_327' title='bbox 714 4439 727 4452; x_wconf 84' lang='grc'><strong>.</strong></span> <span class='ocrx_word' id='word_1_328' title='bbox 771 4419 793 4450; x_wconf 66' lang='grc' dir='ltr'><strong><em>ι</em></strong></span> 
     </span>
    </p>
   </div>
   <div class='ocr_carea' id='block_1_48' title="bbox 546 4467 2045 4545">
    <p class='ocr_par' dir='ltr' id='par_1_48' title="bbox 546 4467 2045 4545">
     <span class='ocr_line' id='line_1_49' title="bbox 546 4467 2045 4545; baseline 0.007 -24"><span class='ocrx_word' id='word_1_329' title='bbox 546 4467 657 4538; x_wconf 87' lang='grc'><strong>(87)</strong></span> <span class='ocrx_word' id='word_1_330' title='bbox 697 4471 850 4545; x_wconf 36' lang='grc' dir='ltr'><strong>Λείᾳ-</strong></span> <span class='ocrx_word' id='word_1_331' title='bbox 880 4480 1194 4545; x_wconf 60' lang='lat' dir='ltr'><strong>martyrum,</strong></span> <span class='ocrx_word' id='word_1_332' title='bbox 1244 4489 1367 4543; x_wconf 86' lang='lat' dir='ltr'><strong>pag.</strong></span> <span class='ocrx_word' id='word_1_333' title='bbox 1417 4474 1505 4537; x_wconf 70' lang='lat'><strong>7&#39;2,</strong></span> <span class='ocrx_word' id='word_1_334' title='bbox 1540 4476 1619 4545; x_wconf 11' lang='lat' dir='ltr'><strong>de,</strong></span> <span class='ocrx_word' id='word_1_335' title='bbox 1645 4472 1701 4528; x_wconf 89' lang='lat' dir='ltr'><strong>S.</strong></span> <span class='ocrx_word' id='word_1_336' title='bbox 1758 4475 2045 4545; x_wconf 86' lang='lat' dir='ltr'><strong>Apollonio</strong></span> 
     </span>
    </p>
   </div>
   <div class='ocr_carea' id='block_1_49' title="bbox 2138 593 3685 665">
    <p class='ocr_par' dir='ltr' id='par_1_49' title="bbox 2138 593 3685 665">
     <span class='ocr_line' id='line_1_50' title="bbox 2138 593 3685 665; baseline -0.002 -14"><span class='ocrx_word' id='word_1_337' title='bbox 2138 606 2243 651; x_wconf 93' lang='lat' dir='ltr'><strong>tur.</strong></span> <span class='ocrx_word' id='word_1_338' title='bbox 2273 615 2291 648; x_wconf 76' lang='grc' dir='ltr'><strong><em>ι</em></strong></span> <span class='ocrx_word' id='word_1_339' title='bbox 2328 596 2457 650; x_wconf 84' lang='lat' dir='ltr'><strong>Jure</strong></span> <span class='ocrx_word' id='word_1_340' title='bbox 2491 596 2656 665; x_wconf 86' lang='lat' dir='ltr'><strong>igitur</strong></span> <span class='ocrx_word' id='word_1_341' title='bbox 2689 611 2753 650; x_wconf 87' lang='lat' dir='ltr'><strong>ac</strong></span> <span class='ocrx_word' id='word_1_342' title='bbox 2805 596 2997 649; x_wconf 90' lang='lat' dir='ltr'><strong>merito</strong></span> <span class='ocrx_word' id='word_1_343' title='bbox 3043 594 3306 649; x_wconf 84' lang='lat' dir='ltr'><strong>Henricus</strong></span> <span class='ocrx_word' id='word_1_344' title='bbox 3350 593 3593 647; x_wconf 79' lang='lat' dir='ltr'><strong>Valesius</strong></span> <span class='ocrx_word' id='word_1_345' title='bbox 3634 595 3685 649; x_wconf 89' lang='lat' dir='ltr'><strong>in</strong></span> 
     </span>
    </p>
   </div>
   <div class='ocr_carea' id='block_1_50' title="bbox 2137 685 3682 754">
    <p class='ocr_par' dir='ltr' id='par_1_50' title="bbox 2137 685 3682 754">
     <span class='ocr_line' id='line_1_51' title="bbox 2137 685 3682 754; baseline -0.006 -8"><span class='ocrx_word' id='word_1_346' title='bbox 2137 692 2280 746; x_wconf 87' lang='lat' dir='ltr'><strong>notis</strong></span> <span class='ocrx_word' id='word_1_347' title='bbox 2310 690 2376 743; x_wconf 89' lang='lat' dir='ltr'><strong>ad</strong></span> <span class='ocrx_word' id='word_1_348' title='bbox 2416 689 2559 743; x_wconf 91' lang='lat' dir='ltr'><strong>hunc</strong></span> <span class='ocrx_word' id='word_1_349' title='bbox 2585 688 2801 743; x_wconf 89' lang='lat' dir='ltr'><strong>Eusebii</strong></span> <span class='ocrx_word' id='word_1_350' title='bbox 2836 688 3013 742; x_wconf 91' lang='lat' dir='ltr'><strong>locum</strong></span> <span class='ocrx_word' id='word_1_351' title='bbox 3067 686 3393 741; x_wconf 78' lang='lat' dir='ltr'><strong>senatoriam</strong></span> <span class='ocrx_word' id='word_1_352' title='bbox 3429 685 3682 754; x_wconf 72' lang='lat' dir='ltr'><strong>Apollonii</strong></span> 
     </span>
    </p>
   </div>
   <div class='ocr_carea' id='block_1_51' title="bbox 2138 777 3684 853">
    <p class='ocr_par' dir='ltr' id='par_1_51' title="bbox 2138 777 3684 853">
     <span class='ocr_line' id='line_1_52' title="bbox 2138 777 3684 853; baseline -0.005 -16"><span class='ocrx_word' id='word_1_353' title='bbox 2138 783 2453 853; x_wconf 84' lang='lat' dir='ltr'><strong>dignitatern</strong></span> <span class='ocrx_word' id='word_1_354' title='bbox 2485 781 2697 850; x_wconf 84' lang='lat' dir='ltr'><strong>egregie</strong></span> <span class='ocrx_word' id='word_1_355' title='bbox 2727 789 2938 842; x_wconf 90' lang='lat' dir='ltr'><strong>tuetur,</strong></span> <span class='ocrx_word' id='word_1_356' title='bbox 2964 793 3031 833; x_wconf 94' lang='lat' dir='ltr'><strong>eo</strong></span> <span class='ocrx_word' id='word_1_357' title='bbox 3079 779 3221 848; x_wconf 92' lang='lat' dir='ltr'><strong>quod</strong></span> <span class='ocrx_word' id='word_1_358' title='bbox 3256 779 3372 847; x_wconf 86' lang='lat' dir='ltr'><strong>ipse</strong></span> <span class='ocrx_word' id='word_1_359' title='bbox 3405 793 3435 830; x_wconf 91' lang='lat' dir='ltr'><strong>a</strong></span> <span class='ocrx_word' id='word_1_360' title='bbox 3469 777 3684 831; x_wconf 89' lang='lat' dir='ltr'><strong>Perenni</strong></span> 
     </span>
    </p>
   </div>
   <div class='ocr_carea' id='block_1_52' title="bbox 2137 866 3687 940">
    <p class='ocr_par' dir='ltr' id='par_1_52' title="bbox 2137 866 3687 940">
     <span class='ocr_line' id='line_1_53' title="bbox 2137 866 3687 940; baseline -0.002 -18"><span class='ocrx_word' id='word_1_361' title='bbox 2137 869 2393 940; x_wconf 66' lang='lat' dir='ltr'><strong>praefecto</strong></span> <span class='ocrx_word' id='word_1_362' title='bbox 2441 868 2632 937; x_wconf 89' lang='lat' dir='ltr'><strong>jussus</strong></span> <span class='ocrx_word' id='word_1_363' title='bbox 2694 867 2860 921; x_wconf 81' lang='lat' dir='ltr'><strong>fuerit</strong></span> <span class='ocrx_word' id='word_1_364' title='bbox 2911 882 3095 921; x_wconf 89' lang='lat' dir='ltr'><strong>coram</strong></span> <span class='ocrx_word' id='word_1_365' title='bbox 3156 875 3347 921; x_wconf 90' lang='lat' dir='ltr'><strong>senatu</strong></span> <span class='ocrx_word' id='word_1_366' title='bbox 3404 866 3530 919; x_wconf 83' lang='lat' dir='ltr'><strong>ﬁdei</strong></span> <span class='ocrx_word' id='word_1_367' title='bbox 3584 880 3687 919; x_wconf 69' lang='lat' dir='ltr'><strong>sua:</strong></span> 
     </span>
    </p>
   </div>
   <div class='ocr_carea' id='block_1_53' title="bbox 2138 955 3687 1017">
    <p class='ocr_par' dir='ltr' id='par_1_53' title="bbox 2138 955 3687 1017">
     <span class='ocr_line' id='line_1_54' title="bbox 2138 955 3687 1017; baseline -0.005 0"><span class='ocrx_word' id='word_1_368' title='bbox 2138 963 2401 1017; x_wconf 89' lang='lat' dir='ltr'><strong>rationem</strong></span> <span class='ocrx_word' id='word_1_369' title='bbox 2450 961 2691 1014; x_wconf 87' lang='lat' dir='ltr'><strong>reddere.</strong></span> <span class='ocrx_word' id='word_1_370' title='bbox 2741 957 2958 1012; x_wconf 81' lang='lat' dir='ltr'><strong>Valesio</strong></span> <span class='ocrx_word' id='word_1_371' title='bbox 3008 957 3355 1011; x_wconf 87' lang='lat' dir='ltr'><strong>snbscribunt</strong></span> <span class='ocrx_word' id='word_1_372' title='bbox 3406 955 3687 1010; x_wconf 86' lang='lat' dir='ltr'><strong>Tillemou-</strong></span> 
     </span>
    </p>
   </div>
   <div class='ocr_carea' id='block_1_54' title="bbox 2137 1049 3278 1124">
    <p class='ocr_par' dir='ltr' id='par_1_54' title="bbox 2137 1049 3278 1124">
     <span class='ocr_line' id='line_1_55' title="bbox 2137 1049 3278 1124; baseline -0.005 -16"><span class='ocrx_word' id='word_1_373' title='bbox 2137 1055 2247 1109; x_wconf 87' lang='lat' dir='ltr'><strong>tius</strong></span> <span class='ocrx_word' id='word_1_374' title='bbox 2272 1053 2384 1124; x_wconf 88' lang='lat'><strong>(90)</strong></span> <span class='ocrx_word' id='word_1_375' title='bbox 2417 1060 2470 1107; x_wconf 90' lang='lat' dir='ltr'><strong>et</strong></span> <span class='ocrx_word' id='word_1_376' title='bbox 2503 1051 2780 1121; x_wconf 82' lang='lat' dir='ltr'><strong>Remigius</strong></span> <span class='ocrx_word' id='word_1_377' title='bbox 2805 1050 3109 1104; x_wconf 79' lang='lat' dir='ltr'><strong>Ceillierius</strong></span> <span class='ocrx_word' id='word_1_378' title='bbox 3140 1049 3278 1119; x_wconf 89' lang='grc'>(91).</span> 
     </span>
    </p>
   </div>
   <div class='ocr_carea' id='block_1_55' title="bbox 2138 1156 3689 1235">
    <p class='ocr_par' dir='ltr' id='par_1_55' title="bbox 2138 1156 3689 1235">
     <span class='ocr_line' id='line_1_56' title="bbox 2138 1156 3689 1235; baseline -0.008 -14"><span class='ocrx_word' id='word_1_379' title='bbox 2138 1166 2227 1223; x_wconf 81' lang='lat' dir='ltr'><strong>Vl.</strong></span> <span class='ocrx_word' id='word_1_380' title='bbox 2270 1167 2555 1235; x_wconf 61' lang='lat' dir='ltr'><strong>Praefectos</strong></span> <span class='ocrx_word' id='word_1_381' title='bbox 2591 1165 2837 1233; x_wconf 67' lang='lat' dir='ltr'><strong>prdatorio</strong></span> <span class='ocrx_word' id='word_1_382' title='bbox 2870 1164 3113 1232; x_wconf 83' lang='lat' dir='ltr'><strong>ipsosmct</strong></span> <span class='ocrx_word' id='word_1_383' title='bbox 3147 1170 3427 1235; x_wconf 69' lang='lat' dir='ltr'><strong>senatores</strong></span> <span class='ocrx_word' id='word_1_384' title='bbox 3461 1156 3689 1227; x_wconf 86' lang='lat' dir='ltr'><strong>quando-</strong></span> 
     </span>
    </p>
   </div>
   <div class='ocr_carea' id='block_1_56' title="bbox 2560 1233 3283 1305">
    <p class='ocr_par' dir='ltr' id='par_1_56' title="bbox 2560 1233 3283 1305">
     <span class='ocr_line' id='line_1_57' title="bbox 2560 1233 3283 1305; baseline -0.004 -18"><span class='ocrx_word' id='word_1_385' title='bbox 2560 1252 2656 1305; x_wconf 87' lang='lat' dir='ltr'><strong>que</strong></span> <span class='ocrx_word' id='word_1_386' title='bbox 2677 1235 2946 1303; x_wconf 76' lang='lat' dir='ltr'><strong>judicasse</strong></span> <span class='ocrx_word' id='word_1_387' title='bbox 2976 1233 3283 1285; x_wconf 80' lang='lat' dir='ltr'><strong>ostenditur.</strong></span> 
     </span>
    </p>
   </div>
   <div class='ocr_carea' id='block_1_57' title="bbox 2211 1320 3690 1397">
    <p class='ocr_par' dir='ltr' id='par_1_57' title="bbox 2211 1320 3690 1397">
     <span class='ocr_line' id='line_1_58' title="bbox 2211 1320 3690 1397; baseline -0.007 -16"><span class='ocrx_word' id='word_1_388' title='bbox 2211 1328 2399 1397; x_wconf 86' lang='lat' dir='ltr'><strong>Neque</strong></span> <span class='ocrx_word' id='word_1_389' title='bbox 2427 1342 2532 1383; x_wconf 85' lang='lat' dir='ltr'><strong>nos</strong></span> <span class='ocrx_word' id='word_1_390' title='bbox 2557 1328 2745 1381; x_wconf 89' lang='lat' dir='ltr'><strong>sinunt</strong></span> <span class='ocrx_word' id='word_1_391' title='bbox 2776 1326 2826 1378; x_wconf 91' lang='lat' dir='ltr'><strong>in</strong></span> <span class='ocrx_word' id='word_1_392' title='bbox 2854 1324 3178 1378; x_wconf 80' lang='lat' dir='ltr'><strong>contrariam</strong></span> <span class='ocrx_word' id='word_1_393' title='bbox 3207 1322 3355 1375; x_wconf 89' lang='lat' dir='ltr'><strong>abire</strong></span> <span class='ocrx_word' id='word_1_394' title='bbox 3377 1320 3690 1375; x_wconf 83' lang='lat' dir='ltr'><strong>sententiain</strong></span> 
     </span>
    </p>
   </div>
   <div class='ocr_carea' id='block_1_58' title="bbox 2142 1410 3693 1491">
    <p class='ocr_par' dir='ltr' id='par_1_58' title="bbox 2142 1410 3693 1491">
     <span class='ocr_line' id='line_1_59' title="bbox 2142 1410 3693 1491; baseline -0.006 -17"><span class='ocrx_word' id='word_1_395' title='bbox 2142 1418 2399 1491; x_wconf 86' lang='lat' dir='ltr'><strong>Scaligeri</strong></span> <span class='ocrx_word' id='word_1_396' title='bbox 2423 1428 2476 1473; x_wconf 89' lang='lat' dir='ltr'><strong>et</strong></span> <span class='ocrx_word' id='word_1_397' title='bbox 2501 1418 2698 1488; x_wconf 81' lang='lat' dir='ltr'><strong>Moyuii</strong></span> <span class='ocrx_word' id='word_1_398' title='bbox 2720 1424 3059 1486; x_wconf 87' lang='lat' dir='ltr'><strong>argumenta,</strong></span> <span class='ocrx_word' id='word_1_399' title='bbox 3097 1424 3279 1482; x_wconf 88' lang='lat' dir='ltr'><strong>utpote</strong></span> <span class='ocrx_word' id='word_1_400' title='bbox 3303 1428 3424 1482; x_wconf 74' lang='lat' dir='ltr'><strong>qua:</strong></span> <span class='ocrx_word' id='word_1_401' title='bbox 3449 1411 3597 1465; x_wconf 79' lang='lat' dir='ltr'><strong>facili</strong></span> <span class='ocrx_word' id='word_1_402' title='bbox 3618 1410 3693 1464; x_wconf 84' lang='lat' dir='ltr'><strong>di-</strong></span> 
     </span>
    </p>
   </div>
   <div class='ocr_carea' id='block_1_59' title="bbox 2139 1499 3694 1579">
    <p class='ocr_par' dir='ltr' id='par_1_59' title="bbox 2139 1499 3694 1579">
     <span class='ocr_line' id='line_1_60' title="bbox 2139 1499 3694 1579; baseline -0.008 -14"><span class='ocrx_word' id='word_1_403' title='bbox 2139 1512 2358 1566; x_wconf 88' lang='lat' dir='ltr'><strong>luantur</strong></span> <span class='ocrx_word' id='word_1_404' title='bbox 2371 1510 2605 1579; x_wconf 86' lang='lat' dir='ltr'><strong>negotio.</strong></span> <span class='ocrx_word' id='word_1_405' title='bbox 2624 1509 2815 1560; x_wconf 88' lang='lat' dir='ltr'><strong>Dicunt</strong></span> <span class='ocrx_word' id='word_1_406' title='bbox 2826 1508 2969 1559; x_wconf 90' lang='lat' dir='ltr'><strong>enim</strong></span> <span class='ocrx_word' id='word_1_407' title='bbox 2985 1505 3294 1574; x_wconf 63' lang='lat' dir='ltr'><strong>praefectum</strong></span> <span class='ocrx_word' id='word_1_408' title='bbox 3317 1503 3594 1571; x_wconf 64' lang='lat' dir='ltr'><strong>praetorio,</strong></span> <span class='ocrx_word' id='word_1_409' title='bbox 3612 1499 3694 1569; x_wconf 86' lang='lat' dir='ltr'><strong>qui</strong></span> 
     </span>
    </p>
   </div>
   <div class='ocr_carea' id='block_1_60' title="bbox 2139 1595 3701 1669">
    <p class='ocr_par' dir='ltr' id='par_1_60' title="bbox 2139 1595 3701 1669">
     <span class='ocr_line' id='line_1_61' title="bbox 2139 1595 3701 1669; baseline -0.008 -13"><span class='ocrx_word' id='word_1_410' title='bbox 2139 1612 2270 1658; x_wconf 93' lang='lat' dir='ltr'><strong>tunc</strong></span> <span class='ocrx_word' id='word_1_411' title='bbox 2295 1602 2551 1669; x_wconf 90' lang='lat' dir='ltr'><strong>temporis</strong></span> <span class='ocrx_word' id='word_1_412' title='bbox 2572 1615 2636 1654; x_wconf 81' lang='lat' dir='ltr'><strong>ex</strong></span> <span class='ocrx_word' id='word_1_413' title='bbox 2654 1599 2891 1667; x_wconf 89' lang='lat' dir='ltr'><strong>equestri</strong></span> <span class='ocrx_word' id='word_1_414' title='bbox 2913 1598 3102 1650; x_wconf 90' lang='lat' dir='ltr'><strong>ordine</strong></span> <span class='ocrx_word' id='word_1_415' title='bbox 3125 1595 3537 1654; x_wconf 86' lang='lat' dir='ltr'><strong>desumebatur,</strong></span> <span class='ocrx_word' id='word_1_416' title='bbox 3558 1605 3701 1645; x_wconf 84' lang='lat' dir='ltr'><strong>sena-</strong></span> 
     </span>
    </p>
   </div>
   <div class='ocr_carea' id='block_1_61' title="bbox 2143 1682 3697 1764">
    <p class='ocr_par' dir='ltr' id='par_1_61' title="bbox 2143 1682 3697 1764">
     <span class='ocr_line' id='line_1_62' title="bbox 2143 1682 3697 1764; baseline -0.008 -15"><span class='ocrx_word' id='word_1_417' title='bbox 2143 1706 2319 1750; x_wconf 89' lang='lat' dir='ltr'><strong>torum</strong></span> <span class='ocrx_word' id='word_1_418' title='bbox 2345 1692 2567 1764; x_wconf 85' lang='lat' dir='ltr'><strong>judiciis</strong></span> <span class='ocrx_word' id='word_1_419' title='bbox 2588 1691 2852 1745; x_wconf 87' lang='lat' dir='ltr'><strong>interesse</strong></span> <span class='ocrx_word' id='word_1_420' title='bbox 2881 1689 3028 1743; x_wconf 91' lang='lat' dir='ltr'><strong>nullo</strong></span> <span class='ocrx_word' id='word_1_421' title='bbox 3057 1695 3214 1757; x_wconf 89' lang='lat' dir='ltr'><strong>pacto</strong></span> <span class='ocrx_word' id='word_1_422' title='bbox 3242 1685 3489 1755; x_wconf 83' lang='lat' dir='ltr'><strong>potuisse</strong></span> <span class='ocrx_word' id='word_1_423' title='bbox 3514 1702 3529 1737; x_wconf 89' lang='lat'><strong>:</strong></span> <span class='ocrx_word' id='word_1_424' title='bbox 3560 1682 3697 1751; x_wconf 90' lang='lat' dir='ltr'><strong>atqui</strong></span> 
     </span>
    </p>
   </div>
   <div class='ocr_carea' id='block_1_62' title="bbox 2142 1773 3699 1853">
    <p class='ocr_par' dir='ltr' id='par_1_62' title="bbox 2142 1773 3699 1853">
     <span class='ocr_line' id='line_1_63' title="bbox 2142 1773 3699 1853; baseline -0.009 -13"><span class='ocrx_word' id='word_1_425' title='bbox 2142 1786 2402 1840; x_wconf 86' lang='lat' dir='ltr'><strong>Perennis</strong></span> <span class='ocrx_word' id='word_1_426' title='bbox 2424 1783 2675 1853; x_wconf 64' lang='lat' dir='ltr'><strong>praetorio</strong></span> <span class='ocrx_word' id='word_1_427' title='bbox 2690 1780 2997 1851; x_wconf 75' lang='lat' dir='ltr'><strong>praefectus,</strong></span> <span class='ocrx_word' id='word_1_428' title='bbox 3012 1794 3135 1834; x_wconf 90' lang='lat' dir='ltr'><strong>cum</strong></span> <span class='ocrx_word' id='word_1_429' title='bbox 3157 1778 3210 1832; x_wconf 91' lang='lat' dir='ltr'><strong>in</strong></span> <span class='ocrx_word' id='word_1_430' title='bbox 3246 1785 3440 1831; x_wconf 85' lang='lat' dir='ltr'><strong>senatu</strong></span> <span class='ocrx_word' id='word_1_431' title='bbox 3460 1776 3530 1830; x_wconf 90' lang='lat' dir='ltr'><strong>de</strong></span> <span class='ocrx_word' id='word_1_432' title='bbox 3549 1773 3699 1843; x_wconf 85' lang='lat' dir='ltr'><strong>Apol-</strong></span> 
     </span>
    </p>
   </div>
   <div class='ocr_carea' id='block_1_63' title="bbox 2068 1859 3701 1939">
    <p class='ocr_par' dir='ltr' id='par_1_63' title="bbox 2068 1859 3701 1939">
     <span class='ocr_line' id='line_1_64' title="bbox 2068 1859 3701 1939; baseline -0.007 -12"><span class='ocrx_word' id='word_1_433' title='bbox 2068 1859 2288 1927; x_wconf 50' lang='lat' dir='ltr'><strong>B&#39;lonio</strong></span> <span class='ocrx_word' id='word_1_434' title='bbox 2304 1872 2532 1939; x_wconf 71' lang='lat' dir='ltr'><strong>qntestio</strong></span> <span class='ocrx_word' id='word_1_435' title='bbox 2556 1870 2741 1923; x_wconf 88' lang='lat' dir='ltr'><strong>habita</strong></span> <span class='ocrx_word' id='word_1_436' title='bbox 2764 1878 2846 1923; x_wconf 88' lang='lat' dir='ltr'><strong>est</strong></span> <span class='ocrx_word' id='word_1_437' title='bbox 2868 1909 2882 1934; x_wconf 94' lang='lat'><strong>,</strong></span> <span class='ocrx_word' id='word_1_438' title='bbox 2911 1882 3149 1937; x_wconf 69' lang='lat' dir='ltr'><strong>praesens</strong></span> <span class='ocrx_word' id='word_1_439' title='bbox 3186 1864 3309 1932; x_wconf 81' lang='lat' dir='ltr'><strong>fuit,</strong></span> <span class='ocrx_word' id='word_1_440' title='bbox 3334 1874 3388 1919; x_wconf 92' lang='lat' dir='ltr'><strong>et</strong></span> <span class='ocrx_word' id='word_1_441' title='bbox 3425 1864 3701 1919; x_wconf 80' lang='lat' dir='ltr'><strong>sanctissi-</strong></span> 
     </span>
    </p>
   </div>
   <div class='ocr_carea' id='block_1_64' title="bbox 2141 1956 3703 2031">
    <p class='ocr_par' dir='ltr' id='par_1_64' title="bbox 2141 1956 3703 2031">
     <span class='ocr_line' id='line_1_65' title="bbox 2141 1956 3703 2031; baseline -0.006 -15"><span class='ocrx_word' id='word_1_442' title='bbox 2141 1978 2288 2016; x_wconf 90' lang='lat' dir='ltr'><strong>mum</strong></span> <span class='ocrx_word' id='word_1_443' title='bbox 2312 1960 2513 2016; x_wconf 82' lang='lat' dir='ltr'><strong>Christi</strong></span> <span class='ocrx_word' id='word_1_444' title='bbox 2538 1970 2829 2031; x_wconf 85' lang='lat' dir='ltr'><strong>martyrem</strong></span> <span class='ocrx_word' id='word_1_445' title='bbox 2854 1974 2951 2028; x_wconf 93' lang='lat' dir='ltr'><strong>pro</strong></span> <span class='ocrx_word' id='word_1_446' title='bbox 2976 1957 3232 2011; x_wconf 86' lang='lat' dir='ltr'><strong>tribunali</strong></span> <span class='ocrx_word' id='word_1_447' title='bbox 3250 1958 3317 2012; x_wconf 90' lang='lat' dir='ltr'><strong>de</strong></span> <span class='ocrx_word' id='word_1_448' title='bbox 3342 1972 3458 2011; x_wconf 74' lang='lat' dir='ltr'><strong>sua:</strong></span> <span class='ocrx_word' id='word_1_449' title='bbox 3493 1956 3703 2025; x_wconf 83' lang='lat' dir='ltr'><strong>religio-</strong></span> 
     </span>
    </p>
   </div>
   <div class='ocr_carea' id='block_1_65' title="bbox 2142 2050 3701 2122">
    <p class='ocr_par' dir='ltr' id='par_1_65' title="bbox 2142 2050 3701 2122">
     <span class='ocr_line' id='line_1_66' title="bbox 2142 2050 3701 2122; baseline -0.006 -12"><span class='ocrx_word' id='word_1_450' title='bbox 2142 2057 2227 2110; x_wconf 88' lang='lat' dir='ltr'><strong>nis</strong></span> <span class='ocrx_word' id='word_1_451' title='bbox 2253 2056 2356 2109; x_wconf 84' lang='lat' dir='ltr'><strong>llde</strong></span> <span class='ocrx_word' id='word_1_452' title='bbox 2377 2053 2748 2122; x_wconf 81' lang='lat' dir='ltr'><strong>interrogavit:</strong></span> <span class='ocrx_word' id='word_1_453' title='bbox 2771 2050 3117 2121; x_wconf 88' lang='lat' dir='ltr'><strong>Apollonium</strong></span> <span class='ocrx_word' id='word_1_454' title='bbox 3141 2064 3271 2119; x_wconf 85' lang='lat' dir='ltr'><strong>ergo</strong></span> <span class='ocrx_word' id='word_1_455' title='bbox 3297 2066 3364 2103; x_wconf 81' lang='lat' dir='ltr'><strong>ex</strong></span> <span class='ocrx_word' id='word_1_456' title='bbox 3387 2058 3701 2103; x_wconf 85' lang='lat' dir='ltr'><strong>senatorum</strong></span> 
     </span>
    </p>
   </div>
   <div class='ocr_carea' id='block_1_66' title="bbox 2141 2140 3703 2210">
    <p class='ocr_par' dir='ltr' id='par_1_66' title="bbox 2141 2140 3703 2210">
     <span class='ocr_line' id='line_1_67' title="bbox 2141 2140 3703 2210; baseline -0.005 -9"><span class='ocrx_word' id='word_1_457' title='bbox 2141 2147 2264 2200; x_wconf 88' lang='lat' dir='ltr'><strong>albo</strong></span> <span class='ocrx_word' id='word_1_458' title='bbox 2291 2144 2514 2199; x_wconf 90' lang='lat' dir='ltr'><strong>omnino</strong></span> <span class='ocrx_word' id='word_1_459' title='bbox 2545 2143 2854 2197; x_wconf 89' lang='lat' dir='ltr'><strong>delendum.</strong></span> <span class='ocrx_word' id='word_1_460' title='bbox 2884 2141 3146 2195; x_wconf 87' lang='lat' dir='ltr'><strong>Fatemur</strong></span> <span class='ocrx_word' id='word_1_461' title='bbox 3170 2140 3422 2210; x_wconf 89' lang='lat' dir='ltr'><strong>equidem</strong></span> <span class='ocrx_word' id='word_1_462' title='bbox 3452 2155 3586 2195; x_wconf 90' lang='lat' dir='ltr'><strong>cum</strong></span> <span class='ocrx_word' id='word_1_463' title='bbox 3613 2140 3703 2194; x_wconf 85' lang='lat' dir='ltr'><strong>do-</strong></span> 
     </span>
    </p>
   </div>
   <div class='ocr_carea' id='block_1_67' title="bbox 2142 2233 3706 2304">
    <p class='ocr_par' dir='ltr' id='par_1_67' title="bbox 2142 2233 3706 2304">
     <span class='ocr_line' id='line_1_68' title="bbox 2142 2233 3706 2304; baseline -0.003 -12"><span class='ocrx_word' id='word_1_464' title='bbox 2142 2240 2242 2292; x_wconf 89' lang='lat' dir='ltr'><strong>ctis</strong></span> <span class='ocrx_word' id='word_1_465' title='bbox 2275 2237 2404 2291; x_wconf 90' lang='lat' dir='ltr'><strong>viris</strong></span> <span class='ocrx_word' id='word_1_466' title='bbox 2432 2236 2715 2290; x_wconf 86' lang='lat' dir='ltr'><strong>Pancirolo</strong></span> <span class='ocrx_word' id='word_1_467' title='bbox 2742 2236 2854 2304; x_wconf 73' lang='lat'><strong>(92)</strong></span> <span class='ocrx_word' id='word_1_468' title='bbox 2884 2245 2937 2290; x_wconf 86' lang='lat' dir='ltr'><strong>et</strong></span> <span class='ocrx_word' id='word_1_469' title='bbox 2974 2234 3307 2290; x_wconf 85' lang='lat' dir='ltr'><strong>Gothofredo</strong></span> <span class='ocrx_word' id='word_1_470' title='bbox 3336 2233 3482 2304; x_wconf 86' lang='grc'>(95),</span> <span class='ocrx_word' id='word_1_471' title='bbox 3516 2243 3706 2303; x_wconf 62' lang='lat' dir='ltr'><strong>praeto-</strong></span> 
     </span>
    </p>
   </div>
   <div class='ocr_carea' id='block_1_68' title="bbox 2142 2328 3707 2398">
    <p class='ocr_par' dir='ltr' id='par_1_68' title="bbox 2142 2328 3707 2398">
     <span class='ocr_line' id='line_1_69' title="bbox 2142 2328 3707 2398; baseline -0.003 -14"><span class='ocrx_word' id='word_1_472' title='bbox 2142 2330 2223 2384; x_wconf 89' lang='lat' dir='ltr'><strong>rio</strong></span> <span class='ocrx_word' id='word_1_473' title='bbox 2258 2328 2557 2398; x_wconf 70' lang='lat' dir='ltr'><strong>praefectos,</strong></span> <span class='ocrx_word' id='word_1_474' title='bbox 2593 2335 2652 2382; x_wconf 94' lang='lat' dir='ltr'><strong>ut</strong></span> <span class='ocrx_word' id='word_1_475' title='bbox 2681 2329 2826 2382; x_wconf 88' lang='lat' dir='ltr'><strong>viros</strong></span> <span class='ocrx_word' id='word_1_476' title='bbox 2848 2328 3119 2398; x_wconf 88' lang='lat' dir='ltr'><strong>equestris</strong></span> <span class='ocrx_word' id='word_1_477' title='bbox 3148 2328 3380 2392; x_wconf 87' lang='lat' dir='ltr'><strong>ordinis,</strong></span> <span class='ocrx_word' id='word_1_478' title='bbox 3414 2329 3623 2381; x_wconf 90' lang='lat' dir='ltr'><strong>nullam</strong></span> <span class='ocrx_word' id='word_1_479' title='bbox 3656 2328 3707 2381; x_wconf 83' lang='lat' dir='ltr'><strong>in</strong></span> 
     </span>
    </p>
   </div>
   <div class='ocr_carea' id='block_1_69' title="bbox 2142 2418 3706 2488">
    <p class='ocr_par' dir='ltr' id='par_1_69' title="bbox 2142 2418 3706 2488">
     <span class='ocr_line' id='line_1_70' title="bbox 2142 2418 3706 2488; baseline -0.002 -14"><span class='ocrx_word' id='word_1_480' title='bbox 2142 2431 2422 2475; x_wconf 88' lang='lat' dir='ltr'><strong>senatores</strong></span> <span class='ocrx_word' id='word_1_481' title='bbox 2453 2426 2776 2488; x_wconf 88' lang='lat' dir='ltr'><strong>potestatem</strong></span> <span class='ocrx_word' id='word_1_482' title='bbox 2807 2427 2933 2473; x_wconf 91' lang='lat' dir='ltr'><strong>ante</strong></span> <span class='ocrx_word' id='word_1_483' title='bbox 2966 2418 3333 2472; x_wconf 80' lang='lat' dir='ltr'><strong>Alexandrum</strong></span> <span class='ocrx_word' id='word_1_484' title='bbox 3358 2418 3485 2488; x_wconf 91' lang='lat' dir='ltr'><strong>jure</strong></span> <span class='ocrx_word' id='word_1_485' title='bbox 3514 2419 3706 2472; x_wconf 86' lang='lat' dir='ltr'><strong>habere</strong></span> 
     </span>
    </p>
   </div>
   <div class='ocr_carea' id='block_1_70' title="bbox 2140 2511 3705 2581">
    <p class='ocr_par' dir='ltr' id='par_1_70' title="bbox 2140 2511 3705 2581">
     <span class='ocr_line' id='line_1_71' title="bbox 2140 2511 3705 2581; baseline -0.002 -16"><span class='ocrx_word' id='word_1_486' title='bbox 2140 2513 2410 2581; x_wconf 85' lang='lat' dir='ltr'><strong>potuisse;</strong></span> <span class='ocrx_word' id='word_1_487' title='bbox 2479 2527 2667 2567; x_wconf 88' lang='lat' dir='ltr'><strong>verum</strong></span> <span class='ocrx_word' id='word_1_488' title='bbox 2716 2514 2786 2567; x_wconf 91' lang='lat' dir='ltr'><strong>ob</strong></span> <span class='ocrx_word' id='word_1_489' title='bbox 2850 2511 3293 2581; x_wconf 86' lang='lat' dir='ltr'><strong>corruptissimos</strong></span> <span class='ocrx_word' id='word_1_490' title='bbox 3345 2511 3705 2581; x_wconf 86' lang='lat' dir='ltr'><strong>quorumdam</strong></span> 
     </span>
    </p>
   </div>
   <div class='ocr_carea' id='block_1_71' title="bbox 2140 2604 3705 2676">
    <p class='ocr_par' dir='ltr' id='par_1_71' title="bbox 2140 2604 3705 2676">
     <span class='ocr_line' id='line_1_72' title="bbox 2140 2604 3705 2676; baseline -0.001 -20"><span class='ocrx_word' id='word_1_491' title='bbox 2140 2604 2508 2674; x_wconf 83' lang='lat' dir='ltr'><strong>Augustorum</strong></span> <span class='ocrx_word' id='word_1_492' title='bbox 2536 2620 2736 2669; x_wconf 87' lang='lat' dir='ltr'><strong>mores,</strong></span> <span class='ocrx_word' id='word_1_493' title='bbox 2770 2608 2863 2676; x_wconf 91' lang='lat' dir='ltr'><strong>qui</strong></span> <span class='ocrx_word' id='word_1_494' title='bbox 2898 2606 3155 2659; x_wconf 87' lang='lat' dir='ltr'><strong>vitiorum</strong></span> <span class='ocrx_word' id='word_1_495' title='bbox 3189 2604 3461 2660; x_wconf 82' lang='lat' dir='ltr'><strong>illecebris</strong></span> <span class='ocrx_word' id='word_1_496' title='bbox 3496 2604 3705 2667; x_wconf 86' lang='lat' dir='ltr'><strong>irretiti,</strong></span> 
     </span>
    </p>
   </div>
   <div class='ocr_carea' id='block_1_72' title="bbox 2143 2695 3707 2767">
    <p class='ocr_par' dir='ltr' id='par_1_72' title="bbox 2143 2695 3707 2767">
     <span class='ocr_line' id='line_1_73' title="bbox 2143 2695 3707 2767; baseline -0.003 -16"><span class='ocrx_word' id='word_1_497' title='bbox 2143 2697 2354 2767; x_wconf 84' lang='lat' dir='ltr'><strong>imperii</strong></span> <span class='ocrx_word' id='word_1_498' title='bbox 2397 2713 2551 2767; x_wconf 70' lang='lat' dir='ltr'><strong>teque</strong></span> <span class='ocrx_word' id='word_1_499' title='bbox 2592 2714 2657 2753; x_wconf 90' lang='lat' dir='ltr'><strong>ac</strong></span> <span class='ocrx_word' id='word_1_500' title='bbox 2707 2698 2932 2767; x_wconf 88' lang='lat' dir='ltr'><strong>pudoris</strong></span> <span class='ocrx_word' id='word_1_501' title='bbox 2978 2698 3362 2759; x_wconf 90' lang='lat' dir='ltr'><strong>immemores,</strong></span> <span class='ocrx_word' id='word_1_502' title='bbox 3399 2695 3707 2764; x_wconf 65' lang='lat' dir='ltr'><strong>reipublicae</strong></span> 
     </span>
    </p>
   </div>
   <div class='ocr_carea' id='block_1_73' title="bbox 2141 2789 3709 2860">
    <p class='ocr_par' dir='ltr' id='par_1_73' title="bbox 2141 2789 3709 2860">
     <span class='ocr_line' id='line_1_74' title="bbox 2141 2789 3709 2860; baseline -0.002 -17"><span class='ocrx_word' id='word_1_503' title='bbox 2141 2790 2508 2844; x_wconf 84' lang='lat' dir='ltr'><strong>moderamina</strong></span> <span class='ocrx_word' id='word_1_504' title='bbox 2534 2789 2799 2860; x_wconf 60' lang='lat' dir='ltr'><strong>prafectis</strong></span> <span class='ocrx_word' id='word_1_505' title='bbox 2826 2790 3079 2860; x_wconf 70' lang='lat' dir='ltr'><strong>praetorio</strong></span> <span class='ocrx_word' id='word_1_506' title='bbox 3095 2789 3579 2851; x_wconf 83' lang='lat' dir='ltr'><strong>concrediderunt,</strong></span> <span class='ocrx_word' id='word_1_507' title='bbox 3605 2802 3709 2841; x_wconf 88' lang='lat' dir='ltr'><strong>rem</strong></span> 
     </span>
    </p>
   </div>
   <div class='ocr_carea' id='block_1_74' title="bbox 2141 2882 3709 2950">
    <p class='ocr_par' dir='ltr' id='par_1_74' title="bbox 2141 2882 3709 2950">
     <span class='ocr_line' id='line_1_75' title="bbox 2141 2882 3709 2950; baseline -0.002 -14"><span class='ocrx_word' id='word_1_508' title='bbox 2141 2884 2297 2938; x_wconf 86' lang='lat' dir='ltr'><strong>aliter</strong></span> <span class='ocrx_word' id='word_1_509' title='bbox 2329 2884 2578 2938; x_wconf 88' lang='lat' dir='ltr'><strong>evenisse</strong></span> <span class='ocrx_word' id='word_1_510' title='bbox 2624 2884 2872 2939; x_wconf 90' lang='lat' dir='ltr'><strong>scribunt</strong></span> <span class='ocrx_word' id='word_1_511' title='bbox 2918 2883 3133 2936; x_wconf 92' lang='lat' dir='ltr'><strong>illorum</strong></span> <span class='ocrx_word' id='word_1_512' title='bbox 3177 2892 3482 2950; x_wconf 83' lang='lat' dir='ltr'><strong>temporum</strong></span> <span class='ocrx_word' id='word_1_513' title='bbox 3532 2882 3709 2935; x_wconf 84' lang='lat' dir='ltr'><strong>ocula-</strong></span> 
     </span>
    </p>
   </div>
   <div class='ocr_carea' id='block_1_75' title="bbox 2141 2974 3710 3047">
    <p class='ocr_par' dir='ltr' id='par_1_75' title="bbox 2141 2974 3710 3047">
     <span class='ocr_line' id='line_1_76' title="bbox 2141 2974 3710 3047; baseline -0.001 -16"><span class='ocrx_word' id='word_1_514' title='bbox 2141 2979 2333 3033; x_wconf 82' lang='lat' dir='ltr'><strong>tissimi</strong></span> <span class='ocrx_word' id='word_1_515' title='bbox 2360 2987 2544 3041; x_wconf 86' lang='lat' dir='ltr'><strong>testes,</strong></span> <span class='ocrx_word' id='word_1_516' title='bbox 2572 2976 2793 3031; x_wconf 87' lang='lat' dir='ltr'><strong>Tacitus</strong></span> <span class='ocrx_word' id='word_1_517' title='bbox 2817 2975 2930 3047; x_wconf 83' lang='grc'>(94)</span> <span class='ocrx_word' id='word_1_518' title='bbox 2962 3017 2976 3041; x_wconf 93' lang='grc'><strong>,</strong></span> <span class='ocrx_word' id='word_1_519' title='bbox 3007 2975 3372 3044; x_wconf 87' lang='lat' dir='ltr'><strong>Lampridius,</strong></span> <span class='ocrx_word' id='word_1_520' title='bbox 3399 2975 3523 3040; x_wconf 86' lang='lat' dir='ltr'><strong>Dio,</strong></span> <span class='ocrx_word' id='word_1_521' title='bbox 3554 2974 3710 3029; x_wconf 85' lang='lat' dir='ltr'><strong>Hero-</strong></span> 
     </span>
    </p>
   </div>
   <div class='ocr_carea' id='block_1_76' title="bbox 2140 3068 3710 3138">
    <p class='ocr_par' dir='ltr' id='par_1_76' title="bbox 2140 3068 3710 3138">
     <span class='ocr_line' id='line_1_77' title="bbox 2140 3068 3710 3138; baseline -0.003 -15"><span class='ocrx_word' id='word_1_522' title='bbox 2140 3071 2355 3133; x_wconf 89' lang='lat' dir='ltr'><strong>dianus,</strong></span> <span class='ocrx_word' id='word_1_523' title='bbox 2390 3068 2737 3138; x_wconf 84' lang='lat' dir='ltr'><strong>Spartianus,</strong></span> <span class='ocrx_word' id='word_1_524' title='bbox 2770 3068 2992 3136; x_wconf 92' lang='lat' dir='ltr'><strong>aliique,</strong></span> <span class='ocrx_word' id='word_1_525' title='bbox 3024 3083 3087 3121; x_wconf 81' lang='lat' dir='ltr'><strong>ex</strong></span> <span class='ocrx_word' id='word_1_526' title='bbox 3119 3083 3352 3137; x_wconf 90' lang='lat' dir='ltr'><strong>quorum</strong></span> <span class='ocrx_word' id='word_1_527' title='bbox 3386 3083 3710 3121; x_wconf 84' lang='lat' dir='ltr'><strong>monumen-</strong></span> 
     </span>
    </p>
   </div>
   <div class='ocr_carea' id='block_1_77' title="bbox 2140 3156 3712 3228">
    <p class='ocr_par' dir='ltr' id='par_1_77' title="bbox 2140 3156 3712 3228">
     <span class='ocr_line' id='line_1_78' title="bbox 2140 3156 3712 3228; baseline -0.002 -15"><span class='ocrx_word' id='word_1_528' title='bbox 2140 3160 2210 3214; x_wconf 92' lang='lat' dir='ltr'><strong>tis</strong></span> <span class='ocrx_word' id='word_1_529' title='bbox 2240 3168 2423 3228; x_wconf 91' lang='lat' dir='ltr'><strong>aperte</strong></span> <span class='ocrx_word' id='word_1_530' title='bbox 2460 3157 2768 3227; x_wconf 88' lang='lat' dir='ltr'><strong>colligimus</strong></span> <span class='ocrx_word' id='word_1_531' title='bbox 2793 3156 3077 3226; x_wconf 69' lang='lat' dir='ltr'><strong>praefectos</strong></span> <span class='ocrx_word' id='word_1_532' title='bbox 3125 3157 3378 3226; x_wconf 81' lang='lat' dir='ltr'><strong>praetorio</strong></span> <span class='ocrx_word' id='word_1_533' title='bbox 3408 3173 3519 3212; x_wconf 85' lang='lat' dir='ltr'><strong>non</strong></span> <span class='ocrx_word' id='word_1_534' title='bbox 3563 3156 3712 3210; x_wconf 89' lang='lat' dir='ltr'><strong>modo</strong></span> 
     </span>
    </p>
   </div>
   <div class='ocr_carea' id='block_1_78' title="bbox 2139 3249 3711 3319">
    <p class='ocr_par' dir='ltr' id='par_1_78' title="bbox 2139 3249 3711 3319">
     <span class='ocr_line' id='line_1_79' title="bbox 2139 3249 3711 3319; baseline -0.002 -12"><span class='ocrx_word' id='word_1_535' title='bbox 2139 3259 2452 3307; x_wconf 88' lang='lat' dir='ltr'><strong>senatorum</strong></span> <span class='ocrx_word' id='word_1_536' title='bbox 2482 3266 2678 3306; x_wconf 89' lang='lat' dir='ltr'><strong>causas</strong></span> <span class='ocrx_word' id='word_1_537' title='bbox 2710 3259 2835 3305; x_wconf 85' lang='lat' dir='ltr'><strong>ante</strong></span> <span class='ocrx_word' id='word_1_538' title='bbox 2864 3250 3232 3304; x_wconf 82' lang='lat' dir='ltr'><strong>Alexandrum</strong></span> <span class='ocrx_word' id='word_1_539' title='bbox 3277 3249 3597 3319; x_wconf 75' lang='lat' dir='ltr'><strong>iudicasse,</strong></span> <span class='ocrx_word' id='word_1_540' title='bbox 3630 3265 3711 3304; x_wconf 84' lang='lat' dir='ltr'><strong>ve-</strong></span> 
     </span>
    </p>
   </div>
   <div class='ocr_carea' id='block_1_79' title="bbox 2137 3340 3713 3413">
    <p class='ocr_par' dir='ltr' id='par_1_79' title="bbox 2137 3340 3713 3413">
     <span class='ocr_line' id='line_1_80' title="bbox 2137 3340 3713 3413; baseline -0.004 -15"><span class='ocrx_word' id='word_1_541' title='bbox 2137 3359 2282 3410; x_wconf 87' lang='lat' dir='ltr'><strong>rum,</strong></span> <span class='ocrx_word' id='word_1_542' title='bbox 2314 3343 2457 3413; x_wconf 92' lang='lat' dir='ltr'><strong>quod</strong></span> <span class='ocrx_word' id='word_1_543' title='bbox 2482 3344 2779 3397; x_wconf 77' lang='lat' dir='ltr'><strong>maximum</strong></span> <span class='ocrx_word' id='word_1_544' title='bbox 2806 3352 2909 3407; x_wconf 87' lang='lat' dir='ltr'><strong>est,</strong></span> <span class='ocrx_word' id='word_1_545' title='bbox 2937 3342 3149 3412; x_wconf 89' lang='lat' dir='ltr'><strong>imperii</strong></span> <span class='ocrx_word' id='word_1_546' title='bbox 3180 3340 3419 3396; x_wconf 83' lang='lat' dir='ltr'><strong>Romani</strong></span> <span class='ocrx_word' id='word_1_547' title='bbox 3442 3341 3614 3396; x_wconf 82' lang='lat' dir='ltr'><strong>veluti</strong></span> <span class='ocrx_word' id='word_1_548' title='bbox 3634 3356 3713 3393; x_wconf 84' lang='lat' dir='ltr'><strong>ar-</strong></span> 
     </span>
    </p>
   </div>
   <div class='ocr_carea' id='block_1_80' title="bbox 2137 3432 3712 3504">
    <p class='ocr_par' dir='ltr' id='par_1_80' title="bbox 2137 3432 3712 3504">
     <span class='ocr_line' id='line_1_81' title="bbox 2137 3432 3712 3504; baseline -0.003 -12"><span class='ocrx_word' id='word_1_549' title='bbox 2137 3437 2312 3492; x_wconf 88' lang='lat' dir='ltr'><strong>bitros</strong></span> <span class='ocrx_word' id='word_1_550' title='bbox 2369 3437 2667 3491; x_wconf 79' lang='lat' dir='ltr'><strong>exstitisse.</strong></span> <span class='ocrx_word' id='word_1_551' title='bbox 2726 3435 2990 3489; x_wconf 90' lang='lat' dir='ltr'><strong>Perennis</strong></span> <span class='ocrx_word' id='word_1_552' title='bbox 3055 3436 3310 3504; x_wconf 72' lang='lat' dir='ltr'><strong>praetorio</strong></span> <span class='ocrx_word' id='word_1_553' title='bbox 3388 3432 3712 3502; x_wconf 58' lang='lat' dir='ltr'><strong>praefectus,</strong></span> 
     </span>
    </p>
   </div>
   <div class='ocr_carea' id='block_1_81' title="bbox 2138 3523 3712 3597">
    <p class='ocr_par' dir='ltr' id='par_1_81' title="bbox 2138 3523 3712 3597">
     <span class='ocr_line' id='line_1_82' title="bbox 2138 3523 3712 3597; baseline -0.003 -16"><span class='ocrx_word' id='word_1_554' title='bbox 2138 3543 2298 3597; x_wconf 89' lang='lat' dir='ltr'><strong>quem</strong></span> <span class='ocrx_word' id='word_1_555' title='bbox 2346 3536 2503 3597; x_wconf 87' lang='lat' dir='ltr'><strong>negat</strong></span> <span class='ocrx_word' id='word_1_556' title='bbox 2553 3527 2811 3595; x_wconf 87' lang='lat' dir='ltr'><strong>Scaliger,</strong></span> <span class='ocrx_word' id='word_1_557' title='bbox 2863 3535 2921 3579; x_wconf 89' lang='lat' dir='ltr'><strong>ut</strong></span> <span class='ocrx_word' id='word_1_558' title='bbox 2959 3527 3135 3579; x_wconf 91' lang='lat' dir='ltr'><strong>virum</strong></span> <span class='ocrx_word' id='word_1_559' title='bbox 3168 3525 3439 3595; x_wconf 88' lang='lat' dir='ltr'><strong>equestris</strong></span> <span class='ocrx_word' id='word_1_560' title='bbox 3471 3523 3712 3589; x_wconf 87' lang='lat' dir='ltr'><strong>ordinis,</strong></span> 
     </span>
    </p>
   </div>
   <div class='ocr_carea' id='block_1_82' title="bbox 2140 3614 3714 3687">
    <p class='ocr_par' dir='ltr' id='par_1_82' title="bbox 2140 3614 3714 3687">
     <span class='ocr_line' id='line_1_83' title="bbox 2140 3614 3714 3687; baseline -0.004 -14"><span class='ocrx_word' id='word_1_561' title='bbox 2140 3627 2451 3673; x_wconf 89' lang='lat' dir='ltr'><strong>senatorum</strong></span> <span class='ocrx_word' id='word_1_562' title='bbox 2495 3617 2715 3687; x_wconf 86' lang='lat' dir='ltr'><strong>judiciis</strong></span> <span class='ocrx_word' id='word_1_563' title='bbox 2767 3618 3030 3671; x_wconf 89' lang='lat' dir='ltr'><strong>interesse</strong></span> <span class='ocrx_word' id='word_1_564' title='bbox 3072 3622 3350 3686; x_wconf 87' lang='lat' dir='ltr'><strong>potuisse,</strong></span> <span class='ocrx_word' id='word_1_565' title='bbox 3408 3614 3714 3670; x_wconf 88' lang='lat' dir='ltr'><strong>Commodo</strong></span> 
     </span>
    </p>
   </div>
   <div class='ocr_carea' id='block_1_83' title="bbox 2139 3708 3711 3779">
    <p class='ocr_par' dir='ltr' id='par_1_83' title="bbox 2139 3708 3711 3779">
     <span class='ocr_line' id='line_1_84' title="bbox 2139 3708 3711 3779; baseline -0.003 -13"><span class='ocrx_word' id='word_1_566' title='bbox 2139 3713 2481 3778; x_wconf 84' lang='lat' dir='ltr'><strong>luxuriante,</strong></span> <span class='ocrx_word' id='word_1_567' title='bbox 2541 3712 2839 3767; x_wconf 89' lang='lat' dir='ltr'><strong>vastissimi</strong></span> <span class='ocrx_word' id='word_1_568' title='bbox 2884 3710 3096 3779; x_wconf 90' lang='lat' dir='ltr'><strong>imperii</strong></span> <span class='ocrx_word' id='word_1_569' title='bbox 3143 3710 3383 3765; x_wconf 88' lang='lat' dir='ltr'><strong>habenas</strong></span> <span class='ocrx_word' id='word_1_570' title='bbox 3437 3708 3711 3778; x_wconf 88' lang='lat' dir='ltr'><strong>suscepit,</strong></span> 
     </span>
    </p>
   </div>
   <div class='ocr_carea' id='block_1_84' title="bbox 2141 3802 3714 3875">
    <p class='ocr_par' dir='ltr' id='par_1_84' title="bbox 2141 3802 3714 3875">
     <span class='ocr_line' id='line_1_85' title="bbox 2141 3802 3714 3875; baseline -0.003 -17"><span class='ocrx_word' id='word_1_571' title='bbox 2141 3804 2451 3875; x_wconf 88' lang='lat' dir='ltr'><strong>Lampridio</strong></span> <span class='ocrx_word' id='word_1_572' title='bbox 2484 3813 2616 3858; x_wconf 90' lang='lat' dir='ltr'><strong>teste</strong></span> <span class='ocrx_word' id='word_1_573' title='bbox 2649 3802 2792 3874; x_wconf 79' lang='lat'><strong>(95),</strong></span> <span class='ocrx_word' id='word_1_574' title='bbox 2827 3803 2918 3871; x_wconf 92' lang='lat' dir='ltr'><strong>qui</strong></span> <span class='ocrx_word' id='word_1_575' title='bbox 2946 3818 3059 3857; x_wconf 88' lang='lat' dir='ltr'><strong>rem</strong></span> <span class='ocrx_word' id='word_1_576' title='bbox 3109 3810 3261 3856; x_wconf 88' lang='lat' dir='ltr'><strong>tanto</strong></span> <span class='ocrx_word' id='word_1_577' title='bbox 3286 3803 3539 3871; x_wconf 82' lang='lat' dir='ltr'><strong>Augusto</strong></span> <span class='ocrx_word' id='word_1_578' title='bbox 3572 3802 3714 3855; x_wconf 54' lang='lat' dir='ltr'><strong>inde-</strong></span> 
     </span>
    </p>
   </div>
   <div class='ocr_carea' id='block_1_85' title="bbox 2141 3891 3713 3966">
    <p class='ocr_par' dir='ltr' id='par_1_85' title="bbox 2141 3891 3713 3966">
     <span class='ocr_line' id='line_1_86' title="bbox 2141 3891 3713 3966; baseline -0.004 -15"><span class='ocrx_word' id='word_1_579' title='bbox 2141 3911 2326 3952; x_wconf 85' lang='lat' dir='ltr'><strong>coram</strong></span> <span class='ocrx_word' id='word_1_580' title='bbox 2368 3897 2624 3966; x_wconf 86' lang='lat' dir='ltr'><strong>graphice</strong></span> <span class='ocrx_word' id='word_1_581' title='bbox 2667 3893 2928 3949; x_wconf 87' lang='lat' dir='ltr'><strong>describit</strong></span> <span class='ocrx_word' id='word_1_582' title='bbox 2974 3894 3062 3947; x_wconf 91' lang='lat' dir='ltr'><strong>his</strong></span> <span class='ocrx_word' id='word_1_583' title='bbox 3102 3894 3286 3949; x_wconf 82' lang='lat' dir='ltr'><strong>verbis</strong></span> <span class='ocrx_word' id='word_1_584' title='bbox 3326 3909 3339 3944; x_wconf 91' lang='lat'><strong>:</strong></span> <span class='ocrx_word' id='word_1_585' title='bbox 3393 3911 3411 3943; x_wconf 74' lang='grc' dir='ltr'>ί</span> <span class='ocrx_word' id='word_1_586' title='bbox 3451 3891 3713 3947; x_wconf 86' lang='lat' dir='ltr'><strong>Perennis</strong></span> 
     </span>
    </p>
   </div>
   <div class='ocr_carea' id='block_1_86' title="bbox 2141 4052 3717 4173">
    <p class='ocr_par' dir='ltr' id='par_1_86' title="bbox 2141 4052 3717 4173">
     <span class='ocr_line' id='line_1_87' title="bbox 2141 4052 3717 4173; baseline -0.006 -60"><span class='ocrx_word' id='word_1_587' title='bbox 2141 4059 2346 4113; x_wconf 84' lang='lat' dir='ltr'><strong>mensis</strong></span> <span class='ocrx_word' id='word_1_588' title='bbox 2374 4058 2574 4138; x_wconf 81' lang='lat' dir='ltr'><strong>Aprilis</strong></span> <span class='ocrx_word' id='word_1_589' title='bbox 2617 4057 2702 4111; x_wconf 89' lang='lat' dir='ltr'><strong>die</strong></span> <span class='ocrx_word' id='word_1_590' title='bbox 2747 4056 2858 4137; x_wconf 39' lang='lat'><strong>18,.</strong></span> <span class='ocrx_word' id='word_1_591' title='bbox 2880 4055 2933 4109; x_wconf 91' lang='lat' dir='ltr'><strong>in</strong></span> <span class='ocrx_word' id='word_1_592' title='bbox 2971 4053 3031 4109; x_wconf 91' lang='lat' dir='ltr'><strong>S.</strong></span> <span class='ocrx_word' id='word_1_593' title='bbox 3066 4053 3345 4124; x_wconf 79' lang='lat' dir='ltr'><strong>Apollonio</strong></span> <span class='ocrx_word' id='word_1_594' title='bbox 3370 4067 3495 4173; x_wconf 47' lang='lat' dir='ltr'><strong>pag.</strong></span> <span class='ocrx_word' id='word_1_595' title='bbox 3532 4052 3639 4105; x_wconf 79' lang='grc'><strong>559</strong></span> <span class='ocrx_word' id='word_1_596' title='bbox 3666 4060 3717 4104; x_wconf 84' lang='lat' dir='ltr'><strong>et</strong></span> 
     </span>
     <span class='ocr_line' id='line_1_88' title="bbox 2144 4121 3717 4173; baseline 0 0"><span class='ocrx_word' id='word_1_597' title='bbox 2144 4144 2295 4173; x_wconf 66' lang='lat' dir='ltr'><strong>gena-</strong></span> <span class='ocrx_word' id='word_1_598' title='bbox 2328 4129 2455 4173; x_wconf 69' lang='lat' dir='ltr'><strong>RdlL</strong></span> <span class='ocrx_word' id='word_1_599' title='bbox 2495 4128 2706 4173; x_wconf 61' lang='lat' dir='ltr'><strong>Veneta!</strong></span> <span class='ocrx_word' id='word_1_600' title='bbox 2734 4142 2860 4173; x_wconf 82' lang='lat' dir='ltr'><strong>anni</strong></span> <span class='ocrx_word' id='word_1_601' title='bbox 2890 4124 3047 4173; x_wconf 72' lang='grc'>1758-</span> <span class='ocrx_word' id='word_1_602' title='bbox 3078 4124 3133 4173; x_wconf 90' lang='lat' dir='ltr'><strong>ln</strong></span> <span class='ocrx_word' id='word_1_603' title='bbox 3172 4122 3419 4173; x_wconf 81' lang='lat' dir='ltr'><strong>Romano</strong></span> <span class='ocrx_word' id='word_1_604' title='bbox 3479 4121 3717 4173; x_wconf 76' lang='lat' dir='ltr'><strong>lartvro—</strong></span> 
     </span>
    </p>
   </div>
   <div class='ocr_carea' id='block_1_87' title="bbox 2144 4121 3717 4198">
    <p class='ocr_par' dir='ltr' id='par_1_87' title="bbox 2144 4121 3717 4198">
     <span class='ocr_line' id='line_1_89' title="bbox 2144 4121 3717 4198; baseline -0.007 -15"><span class='ocrx_word' id='word_1_605' title='bbox 2144 4144 2297 4198; x_wconf 76' lang='lat' dir='ltr'><strong>seqq.</strong></span> <span class='ocrx_word' id='word_1_606' title='bbox 2328 4121 2455 4181; x_wconf 80' lang='lat' dir='ltr'><strong>edit.</strong></span> <span class='ocrx_word' id='word_1_607' title='bbox 2495 4128 2712 4198; x_wconf 62' lang='lat' dir='ltr'><strong>Venetae</strong></span> <span class='ocrx_word' id='word_1_608' title='bbox 2734 4126 2861 4198; x_wconf 88' lang='lat' dir='ltr'><strong>anni</strong></span> <span class='ocrx_word' id='word_1_609' title='bbox 2890 4124 3047 4179; x_wconf 83' lang='grc'>1758.</span> <span class='ocrx_word' id='word_1_610' title='bbox 3078 4121 3133 4177; x_wconf 86' lang='grc' dir='ltr'>1ιί</span> <span class='ocrx_word' id='word_1_611' title='bbox 3172 4122 3419 4198; x_wconf 79' lang='lat' dir='ltr'><strong>Romano</strong></span> <span class='ocrx_word' id='word_1_612' title='bbox 3450 4121 3717 4198; x_wconf 65' lang='lat' dir='ltr'><strong>Martyro:</strong></span> 
     </span>
    </p>
   </div>
   <div class='ocr_carea' id='block_1_88' title="bbox 2143 4190 3716 4269">
    <p class='ocr_par' dir='ltr' id='par_1_88' title="bbox 2143 4190 3716 4269">
     <span class='ocr_line' id='line_1_90' title="bbox 2143 4190 3716 4269; baseline -0.005 -17"><span class='ocrx_word' id='word_1_613' title='bbox 2143 4190 2285 4269; x_wconf 70' lang='lat' dir='ltr'><strong>logie</strong></span> <span class='ocrx_word' id='word_1_614' title='bbox 2310 4198 2470 4252; x_wconf 89' lang='lat' dir='ltr'><strong>etiam</strong></span> <span class='ocrx_word' id='word_1_615' title='bbox 2498 4196 2555 4252; x_wconf 91' lang='lat' dir='ltr'><strong>S.</strong></span> <span class='ocrx_word' id='word_1_616' title='bbox 2584 4193 2899 4269; x_wconf 77' lang='lat' dir='ltr'><strong>Apollonius</strong></span> <span class='ocrx_word' id='word_1_617' title='bbox 2927 4204 3145 4269; x_wconf 85' lang='lat' dir='ltr'><strong>senator</strong></span> <span class='ocrx_word' id='word_1_618' title='bbox 3178 4190 3623 4269; x_wconf 29' lang='lat' dir='ltr'><strong>_nomina_t‘u_r_die</strong></span> 
     </span>
    </p>
   </div>
   <div class='ocr_carea' id='block_1_89' title="bbox 2142 4260 3715 4337">
    <p class='ocr_par' dir='ltr' id='par_1_89' title="bbox 2142 4260 3715 4337">
     <span class='ocr_line' id='line_1_91' title="bbox 2142 4260 3715 4337; baseline -0.006 -15"><span class='ocrx_word' id='word_1_619' title='bbox 2142 4260 2384 4337; x_wconf 73' lang='lat' dir='ltr'><strong>Aprilis,</strong></span> <span class='ocrx_word' id='word_1_620' title='bbox 2426 4283 2547 4337; x_wconf 88' lang='lat' dir='ltr'><strong>pag.</strong></span> <span class='ocrx_word' id='word_1_621' title='bbox 2605 4260 2706 4320; x_wconf 81' lang='grc'><strong>156</strong></span> <span class='ocrx_word' id='word_1_622' title='bbox 2752 4267 2909 4337; x_wconf 85' lang='lat' dir='ltr'><strong>cdit._</strong></span> <span class='ocrx_word' id='word_1_623' title='bbox 2931 4261 3531 4337; x_wconf 73' lang='lat' dir='ltr'><strong>Antuerpiensis_16l5</strong></span> <span class='ocrx_word' id='word_1_624' title='bbox 3557 4303 3573 4323; x_wconf 90' lang='lat'><strong>,</strong></span> <span class='ocrx_word' id='word_1_625' title='bbox 3630 4260 3715 4337; x_wconf 76' lang='lat' dir='ltr'><strong>ubi</strong></span> 
     </span>
    </p>
   </div>
   <div class='ocr_carea' id='block_1_90' title="bbox 2144 4332 3717 4392">
    <p class='ocr_par' dir='ltr' id='par_1_90' title="bbox 2144 4332 3717 4392">
     <span class='ocr_line' id='line_1_92' title="bbox 2144 4332 3717 4392; baseline -0.004 -1"><span class='ocrx_word' id='word_1_626' title='bbox 2144 4332 2313 4392; x_wconf 75' lang='lat' dir='ltr'><strong>multa</strong></span> <span class='ocrx_word' id='word_1_627' title='bbox 2346 4332 2738 4392; x_wconf 59' lang='lat' dir='ltr'><strong>dello&#39;mmodo</strong></span> <span class='ocrx_word' id='word_1_628' title='bbox 2790 4346 2843 4391; x_wconf 90' lang='lat' dir='ltr'><strong>et</strong></span> <span class='ocrx_word' id='word_1_629' title='bbox 2882 4334 3148 4389; x_wconf 89' lang='lat' dir='ltr'><strong>Perennio</strong></span> <span class='ocrx_word' id='word_1_630' title='bbox 3178 4332 3445 4387; x_wconf 84' lang='lat' dir='ltr'><strong>Baronius</strong></span> <span class='ocrx_word' id='word_1_631' title='bbox 3477 4332 3532 4385; x_wconf 89' lang='lat' dir='ltr'><strong>in</strong></span> <span class='ocrx_word' id='word_1_632' title='bbox 3578 4332 3717 4385; x_wconf 90' lang='lat' dir='ltr'><strong>notis</strong></span> 
     </span>
    </p>
   </div>
   <div class='ocr_carea' id='block_1_91' title="bbox 2145 4418 2549 4464">
    <p class='ocr_par' dir='ltr' id='par_1_91' title="bbox 2145 4418 2549 4464">
     <span class='ocr_line' id='line_1_93' title="bbox 2145 4418 2549 4464; baseline -0.005 0"><span class='ocrx_word' id='word_1_633' title='bbox 2145 4418 2549 4464; x_wconf 88' lang='lat' dir='ltr'><strong>commemorat.</strong></span> 
     </span>
    </p>
   </div>
   <div class='ocr_carea' id='block_1_92' title="bbox 2219 4470 3715 4548">
    <p class='ocr_par' dir='ltr' id='par_1_92' title="bbox 2219 4470 3715 4548">
     <span class='ocr_line' id='line_1_94' title="bbox 2219 4470 3715 4548; baseline -0.006 -17"><span class='ocrx_word' id='word_1_634' title='bbox 2219 4478 2331 4548; x_wconf 88' lang='lat'><strong>(88)</strong></span> <span class='ocrx_word' id='word_1_635' title='bbox 2372 4479 2503 4548; x_wconf 78' lang='lat' dir='ltr'><strong>Cap.</strong></span> <span class='ocrx_word' id='word_1_636' title='bbox 2547 4476 2615 4530; x_wconf 74' lang='grc'><strong>42</strong></span> <span class='ocrx_word' id='word_1_637' title='bbox 2661 4476 2737 4530; x_wconf 85' lang='lat' dir='ltr'><strong>De</strong></span> <span class='ocrx_word' id='word_1_638' title='bbox 2763 4476 2893 4548; x_wconf 72' lang='lat' dir='ltr'><strong>viris</strong></span> <span class='ocrx_word' id='word_1_639' title='bbox 2923 4472 3266 4548; x_wconf 45' lang='lat' dir='ltr'><strong>illustribus.“</strong></span> <span class='ocrx_word' id='word_1_640' title='bbox 3292 4470 3595 4548; x_wconf 68' lang='lat' dir='ltr'><strong>Deservo,</strong></span> <span class='ocrx_word' id='word_1_641' title='bbox 3627 4471 3715 4548; x_wconf 82' lang='lat' dir='ltr'><strong>qui</strong></span> 
     </span>
    </p>
   </div>
   <div class='ocr_carea' id='block_1_93' title="bbox 475 4539 3717 4618">
    <p class='ocr_par' dir='ltr' id='par_1_93' title="bbox 475 4539 3717 4618">
     <span class='ocr_line' id='line_1_95' title="bbox 475 4539 3717 4618; baseline -0.003 -17"><span class='ocrx_word' id='word_1_642' title='bbox 475 4541 898 4618; x_wconf 58' lang='lat' dir='ltr'><strong>IP9I‘ere,_ed_i_t_.</strong></span> <span class='ocrx_word' id='word_1_643' title='bbox 931 4539 1195 4618; x_wconf 39' lang='lat' dir='ltr'><strong>Fertian</strong></span> <span class='ocrx_word' id='word_1_644' title='bbox 1239 4539 1342 4618; x_wconf 55' lang='lat' dir='ltr'><strong>an:</strong></span> <span class='ocrx_word' id='word_1_645' title='bbox 1388 4545 1550 4618; x_wconf 67' lang='grc'>1751.</span> <span class='ocrx_word' id='word_1_646' title='bbox 1609 4539 2045 4617; x_wconf 75' lang='lat' dir='ltr'><strong>MartyroIOgium</strong></span> <span class='ocrx_word' id='word_1_647' title='bbox 2080 4545 2123 4603; x_wconf 93' lang='lat' dir='ltr'>D</span> <span class='ocrx_word' id='word_1_648' title='bbox 2154 4539 2574 4618; x_wconf 63' lang='lat' dir='ltr'><strong>S.}\pollonium</strong></span> <span class='ocrx_word' id='word_1_649' title='bbox 2606 4548 2862 4618; x_wconf 84' lang='lat' dir='ltr'><strong>prodidit,</strong></span> <span class='ocrx_word' id='word_1_650' title='bbox 2883 4542 3459 4618; x_wconf 67' lang='lat' dir='ltr'><strong>lcgeiiclus__\l_allarsius</strong></span> <span class='ocrx_word' id='word_1_651' title='bbox 3492 4542 3546 4594; x_wconf 91' lang='lat' dir='ltr'><strong>in</strong></span> <span class='ocrx_word' id='word_1_652' title='bbox 3578 4539 3717 4618; x_wconf 63' lang='lat' dir='ltr'><strong>notis</strong></span> 
     </span>
    </p>
   </div>
   <div class='ocr_carea' id='block_1_94' title="bbox 473 4609 2048 4688">
    <p class='ocr_par' dir='ltr' id='par_1_94' title="bbox 473 4609 2048 4688">
     <span class='ocr_line' id='line_1_96' title="bbox 473 4609 2048 4688; baseline 0.006 -28"><span class='ocrx_word' id='word_1_653' title='bbox 473 4609 682 4688; x_wconf 81' lang='lat' dir='ltr'><strong>Adonis</strong></span> <span class='ocrx_word' id='word_1_654' title='bbox 705 4612 792 4688; x_wconf 79' lang='lat' dir='ltr'><strong>die</strong></span> <span class='ocrx_word' id='word_1_655' title='bbox 819 4611 885 4664; x_wconf 87' lang='grc'><strong>18</strong></span> <span class='ocrx_word' id='word_1_656' title='bbox 915 4612 1113 4688; x_wconf 85' lang='lat' dir='ltr'><strong>Aprilis</strong></span> <span class='ocrx_word' id='word_1_657' title='bbox 1267 4615 1536 4688; x_wconf 67' lang='lat' dir='ltr'><strong>Apollonii</strong></span> <span class='ocrx_word' id='word_1_658' title='bbox 1584 4609 1856 4688; x_wconf 72' lang='lat' dir='ltr'><strong>senatoris</strong></span> <span class='ocrx_word' id='word_1_659' title='bbox 1891 4609 2048 4672; x_wconf 77' lang='lat' dir='ltr'><strong>men-</strong></span> 
     </span>
    </p>
   </div>
   <div class='ocr_carea' id='block_1_95' title="bbox 475 4681 2050 4756">
    <p class='ocr_par' dir='ltr' id='par_1_95' title="bbox 475 4681 2050 4756">
     <span class='ocr_line' id='line_1_97' title="bbox 475 4681 2050 4756; baseline 0.008 -25"><span class='ocrx_word' id='word_1_660' title='bbox 475 4681 677 4756; x_wconf 67' lang='lat' dir='ltr'><strong>tionem</strong></span> <span class='ocrx_word' id='word_1_661' title='bbox 691 4681 896 4756; x_wconf 56' lang='lat' dir='ltr'><strong>liabet,</strong></span> <span class='ocrx_word' id='word_1_662' title='bbox 917 4698 1037 4756; x_wconf 76' lang='lat' dir='ltr'><strong>pag.</strong></span> <span class='ocrx_word' id='word_1_663' title='bbox 1094 4683 1196 4756; x_wconf 65' lang='lat' dir='ltr'><strong>liii</strong></span> <span class='ocrx_word' id='word_1_664' title='bbox 1225 4681 1353 4756; x_wconf 83' lang='lat' dir='ltr'><strong>edit.</strong></span> <span class='ocrx_word' id='word_1_665' title='bbox 1402 4684 1587 4739; x_wconf 59' lang='lat' dir='ltr'><strong>Romae</strong></span> <span class='ocrx_word' id='word_1_666' title='bbox 1620 4686 1779 4751; x_wconf 81' lang='grc'>1745,</span> <span class='ocrx_word' id='word_1_667' title='bbox 1801 4703 1961 4756; x_wconf 88' lang='lat' dir='ltr'><strong>opera</strong></span> <span class='ocrx_word' id='word_1_668' title='bbox 1995 4697 2050 4743; x_wconf 83' lang='lat' dir='ltr'><strong>et</strong></span> 
     </span>
    </p>
   </div>
   <div class='ocr_carea' id='block_1_96' title="bbox 474 4750 2045 4827">
    <p class='ocr_par' dir='ltr' id='par_1_96' title="bbox 474 4750 2045 4827">
     <span class='ocr_line' id='line_1_98' title="bbox 474 4750 2045 4827; baseline 0.006 -25"><span class='ocrx_word' id='word_1_669' title='bbox 474 4750 657 4827; x_wconf 63' lang='lat' dir='ltr'><strong>studio</strong></span> <span class='ocrx_word' id='word_1_670' title='bbox 686 4750 952 4827; x_wconf 65' lang='lat' dir='ltr'><strong>pominici</strong></span> <span class='ocrx_word' id='word_1_671' title='bbox 984 4753 1222 4827; x_wconf 64' lang='lat' dir='ltr'><strong>Georgii,</strong></span> <span class='ocrx_word' id='word_1_672' title='bbox 1255 4755 1346 4821; x_wconf 91' lang='lat' dir='ltr'><strong>qui</strong></span> <span class='ocrx_word' id='word_1_673' title='bbox 1374 4756 1590 4827; x_wconf 69' lang='lat' dir='ltr'><strong>insuper</strong></span> <span class='ocrx_word' id='word_1_674' title='bbox 1612 4757 1723 4810; x_wconf 79' lang='lat' dir='ltr'><strong>haec</strong></span> <span class='ocrx_word' id='word_1_675' title='bbox 1746 4750 1902 4827; x_wconf 42' lang='lat' dir='ltr'><strong>not-at</strong></span> <span class='ocrx_word' id='word_1_676' title='bbox 1925 4775 2045 4827; x_wconf 86' lang='lat' dir='ltr'><strong>pag.</strong></span> 
     </span>
    </p>
   </div>
   <div class='ocr_carea' id='block_1_97' title="bbox 474 4819 2046 4891">
    <p class='ocr_par' dir='ltr' id='par_1_97' title="bbox 474 4819 2046 4891">
     <span class='ocr_line' id='line_1_99' title="bbox 474 4819 2046 4891; baseline 0.006 -20"><span class='ocrx_word' id='word_1_677' title='bbox 474 4819 658 4873; x_wconf 71' lang='grc' dir='ltr'>162ει</span> <span class='ocrx_word' id='word_1_678' title='bbox 695 4820 985 4875; x_wconf 77' lang='lat' dir='ltr'><strong>Meminero</strong></span> <span class='ocrx_word' id='word_1_679' title='bbox 1013 4819 1364 4887; x_wconf 41' lang='lat' dir='ltr'><strong>Ade—noster,</strong></span> <span class='ocrx_word' id='word_1_680' title='bbox 1400 4819 1701 4891; x_wconf 81' lang='lat' dir='ltr'><strong>Usuardus,</strong></span> <span class='ocrx_word' id='word_1_681' title='bbox 1740 4819 2046 4881; x_wconf 73' lang='lat' dir='ltr'><strong>Romanum</strong></span> 
     </span>
    </p>
   </div>
   <div class='ocr_carea' id='block_1_98' title="bbox 473 4891 2049 4970">
    <p class='ocr_par' dir='ltr' id='par_1_98' title="bbox 473 4891 2049 4970">
     <span class='ocr_line' id='line_1_100' title="bbox 473 4891 2049 4970; baseline 0.006 -28"><span class='ocrx_word' id='word_1_682' title='bbox 473 4906 727 4970; x_wconf 61' lang='lat' dir='ltr'><strong>parvum,</strong></span> <span class='ocrx_word' id='word_1_683' title='bbox 760 4903 813 4945; x_wconf 90' lang='lat' dir='ltr'><strong>et</strong></span> <span class='ocrx_word' id='word_1_684' title='bbox 840 4891 1126 4970; x_wconf 64' lang='lat' dir='ltr'><strong>Nptkerus.</strong></span> <span class='ocrx_word' id='word_1_685' title='bbox 1160 4892 1400 4970; x_wconf 72' lang='lat' dir='ltr'><strong>Meminit</strong></span> <span class='ocrx_word' id='word_1_686' title='bbox 1430 4894 1881 4970; x_wconf 77' lang='lat' dir='ltr'><strong>Richenovicnse.</strong></span> <span class='ocrx_word' id='word_1_687' title='bbox 1917 4917 1945 4970; x_wconf 14' lang='grc' dir='ltr'><strong>»ν</strong></span> <span class='ocrx_word' id='word_1_688' title='bbox 1976 4897 2049 4952; x_wconf 84' lang='lat' dir='ltr'><strong>De</strong></span> 
     </span>
    </p>
   </div>
   <div class='ocr_carea' id='block_1_99' title="bbox 474 4960 2049 5032">
    <p class='ocr_par' dir='ltr' id='par_1_99' title="bbox 474 4960 2049 5032">
     <span class='ocr_line' id='line_1_101' title="bbox 474 4960 2049 5032; baseline 0.006 -21"><span class='ocrx_word' id='word_1_689' title='bbox 474 4960 623 5015; x_wconf 88' lang='lat' dir='ltr'><strong>illius</strong></span> <span class='ocrx_word' id='word_1_690' title='bbox 664 4963 929 5032; x_wconf 62' lang='lat' dir='ltr'><strong>inartyrio</strong></span> <span class='ocrx_word' id='word_1_691' title='bbox 976 4962 1241 5018; x_wconf 87' lang='lat' dir='ltr'><strong>Baronius</strong></span> <span class='ocrx_word' id='word_1_692' title='bbox 1290 4965 1356 5017; x_wconf 88' lang='lat' dir='ltr'><strong>ad</strong></span> <span class='ocrx_word' id='word_1_693' title='bbox 1402 4981 1491 5019; x_wconf 89' lang='lat' dir='ltr'><strong>an.</strong></span> <span class='ocrx_word' id='word_1_694' title='bbox 1540 4966 1679 5029; x_wconf 84' lang='grc'>189,</span> <span class='ocrx_word' id='word_1_695' title='bbox 1728 4983 1879 5021; x_wconf 90' lang='lat' dir='ltr'><strong>num.</strong></span> <span class='ocrx_word' id='word_1_696' title='bbox 1928 4969 1951 5021; x_wconf 96' lang='grc'><strong>1</strong></span> <span class='ocrx_word' id='word_1_697' title='bbox 1995 4977 2049 5023; x_wconf 86' lang='lat' dir='ltr'><strong>et</strong></span> 
     </span>
    </p>
   </div>
   <div class='ocr_carea' id='block_1_100' title="bbox 473 5030 2047 5106">
    <p class='ocr_par' dir='ltr' id='par_1_100' title="bbox 473 5030 2047 5106">
     <span class='ocr_line' id='line_1_102' title="bbox 473 5030 2047 5106; baseline 0.005 -23"><span class='ocrx_word' id='word_1_698' title='bbox 473 5045 631 5106; x_wconf 81' lang='lat' dir='ltr'><strong>seq.;_</strong></span> <span class='ocrx_word' id='word_1_699' title='bbox 662 5030 865 5101; x_wconf 85' lang='lat' dir='ltr'><strong>Pagius</strong></span> <span class='ocrx_word' id='word_1_700' title='bbox 888 5032 941 5085; x_wconf 90' lang='lat' dir='ltr'><strong>in</strong></span> <span class='ocrx_word' id='word_1_701' title='bbox 964 5032 1253 5106; x_wconf 57' lang='lat' dir='ltr'><strong>(lg-iticqad</strong></span> <span class='ocrx_word' id='word_1_702' title='bbox 1288 5050 1376 5106; x_wconf 89' lang='lat' dir='ltr'><strong>an.</strong></span> <span class='ocrx_word' id='word_1_703' title='bbox 1410 5035 1530 5099; x_wconf 86' lang='grc'>187,</span> <span class='ocrx_word' id='word_1_704' title='bbox 1558 5052 1708 5091; x_wconf 92' lang='lat' dir='ltr'><strong>num.</strong></span> <span class='ocrx_word' id='word_1_705' title='bbox 1739 5038 1791 5100; x_wconf 83' lang='lat'><strong>5,</strong></span> <span class='ocrx_word' id='word_1_706' title='bbox 1825 5053 2047 5106; x_wconf 88' lang='lat' dir='ltr'><strong>passum</strong></span> 
     </span>
    </p>
   </div>
   <div class='ocr_carea' id='block_1_101' title="bbox 473 5101 2049 5175">
    <p class='ocr_par' dir='ltr' id='par_1_101' title="bbox 473 5101 2049 5175">
     <span class='ocr_line' id='line_1_103' title="bbox 473 5101 2049 5175; baseline 0.005 -22"><span class='ocrx_word' id='word_1_707' title='bbox 473 5101 752 5175; x_wconf 49' lang='lat' dir='ltr'><strong>existimat</strong></span> <span class='ocrx_word' id='word_1_708' title='bbox 789 5118 932 5155; x_wconf 90' lang='lat' dir='ltr'><strong>anno</strong></span> <span class='ocrx_word' id='word_1_709' title='bbox 970 5103 1089 5175; x_wconf 76' lang='grc'>186.</span> <span class='ocrx_word' id='word_1_710' title='bbox 1139 5101 1419 5175; x_wconf 79' lang='lat' dir='ltr'><strong>Usuardus</strong></span> <span class='ocrx_word' id='word_1_711' title='bbox 1447 5121 1662 5174; x_wconf 56' lang='lat' dir='ltr'><strong>qmique</strong></span> <span class='ocrx_word' id='word_1_712' title='bbox 1720 5106 1777 5161; x_wconf 89' lang='lat' dir='ltr'><strong>S.</strong></span> <span class='ocrx_word' id='word_1_713' title='bbox 1825 5101 2049 5175; x_wconf 74' lang='lat' dir='ltr'><strong>Apollo-</strong></span> 
     </span>
    </p>
   </div>
   <div class='ocr_carea' id='block_1_102' title="bbox 470 5172 2051 5246">
    <p class='ocr_par' dir='ltr' id='par_1_102' title="bbox 470 5172 2051 5246">
     <span class='ocr_line' id='line_1_104' title="bbox 470 5172 2051 5246; baseline 0.006 -24"><span class='ocrx_word' id='word_1_714' title='bbox 470 5172 623 5246; x_wconf 69' lang='lat' dir='ltr'><strong>nium</strong></span> <span class='ocrx_word' id='word_1_715' title='bbox 651 5174 916 5246; x_wconf 81' lang='lat' dir='ltr'><strong>senatoris</strong></span> <span class='ocrx_word' id='word_1_716' title='bbox 946 5174 1101 5246; x_wconf 88' lang='lat' dir='ltr'><strong>titulo</strong></span> <span class='ocrx_word' id='word_1_717' title='bbox 1128 5173 1400 5246; x_wconf 68' lang='lat' dir='ltr'><strong>decoravit</strong></span> <span class='ocrx_word' id='word_1_718' title='bbox 1421 5193 1435 5228; x_wconf 88' lang='lat'><strong>:</strong></span> <span class='ocrx_word' id='word_1_719' title='bbox 1459 5172 1478 5225; x_wconf 70' lang='grc' dir='ltr'>ἑ</span> <span class='ocrx_word' id='word_1_720' title='bbox 1508 5172 1693 5231; x_wconf 73' lang='lat' dir='ltr'><strong>Ruina:</strong></span> <span class='ocrx_word' id='word_1_721' title='bbox 1720 5177 1861 5230; x_wconf 86' lang='lat' dir='ltr'><strong>beati</strong></span> <span class='ocrx_word' id='word_1_722' title='bbox 1878 5172 2051 5246; x_wconf 60' lang='lat' dir='ltr'><strong>Apol-</strong></span> 
     </span>
    </p>
   </div>
   <div class='ocr_carea' id='block_1_103' title="bbox 472 5239 2049 5315">
    <p class='ocr_par' dir='ltr' id='par_1_103' title="bbox 472 5239 2049 5315">
     <span class='ocr_line' id='line_1_105' title="bbox 472 5239 2049 5315; baseline 0.006 -23"><span class='ocrx_word' id='word_1_723' title='bbox 472 5239 921 5315; x_wconf 62' lang='lat' dir='ltr'><strong>lonirsenatoris,</strong></span> <span class='ocrx_word' id='word_1_724' title='bbox 959 5244 1050 5315; x_wconf 89' lang='lat' dir='ltr'><strong>qui</strong></span> <span class='ocrx_word' id='word_1_725' title='bbox 1087 5246 1188 5297; x_wconf 91' lang='lat' dir='ltr'><strong>sub</strong></span> <span class='ocrx_word' id='word_1_726' title='bbox 1212 5244 1512 5299; x_wconf 87' lang='lat' dir='ltr'><strong>Commodo</strong></span> <span class='ocrx_word' id='word_1_727' title='bbox 1541 5246 1785 5315; x_wconf 88' lang='lat' dir='ltr'><strong>principe</strong></span> <span class='ocrx_word' id='word_1_728' title='bbox 1820 5264 1850 5301; x_wconf 94' lang='lat' dir='ltr'><strong>a</strong></span> <span class='ocrx_word' id='word_1_729' title='bbox 1888 5239 2049 5302; x_wconf 79' lang='lat' dir='ltr'><strong>servo</strong></span> 
     </span>
    </p>
   </div>
   <div class='ocr_carea' id='block_1_104' title="bbox 472 5311 2046 5385">
    <p class='ocr_par' dir='ltr' id='par_1_104' title="bbox 472 5311 2046 5385">
     <span class='ocr_line' id='line_1_106' title="bbox 472 5311 2046 5385; baseline 0.006 -22"><span class='ocrx_word' id='word_1_730' title='bbox 472 5311 751 5385; x_wconf 83' lang='lat' dir='ltr'><strong>proditus,</strong></span> <span class='ocrx_word' id='word_1_731' title='bbox 778 5313 919 5381; x_wconf 90' lang='lat' dir='ltr'><strong>quod</strong></span> <span class='ocrx_word' id='word_1_732' title='bbox 954 5314 1294 5385; x_wconf 52' lang='lat' dir='ltr'><strong>Christianus</strong></span> <span class='ocrx_word' id='word_1_733' title='bbox 1338 5324 1499 5380; x_wconf 80' lang='lat' dir='ltr'><strong>esset,</strong></span> <span class='ocrx_word' id='word_1_734' title='bbox 1541 5311 1755 5385; x_wconf 73' lang='lat' dir='ltr'><strong>insigne</strong></span> <span class='ocrx_word' id='word_1_735' title='bbox 1793 5319 2046 5372; x_wconf 91' lang='lat' dir='ltr'><strong>volumen</strong></span> 
     </span>
    </p>
   </div>
   <div class='ocr_carea' id='block_1_105' title="bbox 475 5383 2047 5454">
    <p class='ocr_par' dir='ltr' id='par_1_105' title="bbox 475 5383 2047 5454">
     <span class='ocr_line' id='line_1_107' title="bbox 475 5383 2047 5454; baseline 0.005 -20"><span class='ocrx_word' id='word_1_736' title='bbox 475 5384 803 5450; x_wconf 89' lang='lat' dir='ltr'><strong>composuit,</strong></span> <span class='ocrx_word' id='word_1_737' title='bbox 834 5383 977 5454; x_wconf 86' lang='lat' dir='ltr'><strong>quod</strong></span> <span class='ocrx_word' id='word_1_738' title='bbox 1008 5384 1061 5437; x_wconf 90' lang='lat' dir='ltr'><strong>in</strong></span> <span class='ocrx_word' id='word_1_739' title='bbox 1092 5395 1279 5437; x_wconf 90' lang='lat' dir='ltr'><strong>senatu</strong></span> <span class='ocrx_word' id='word_1_740' title='bbox 1308 5385 1450 5454; x_wconf 89' lang='lat' dir='ltr'><strong>legit,</strong></span> <span class='ocrx_word' id='word_1_741' title='bbox 1478 5401 1541 5439; x_wconf 88' lang='lat' dir='ltr'><strong>ac</strong></span> <span class='ocrx_word' id='word_1_742' title='bbox 1566 5383 1758 5439; x_wconf 87' lang='lat' dir='ltr'><strong>deinde</strong></span> <span class='ocrx_word' id='word_1_743' title='bbox 1784 5389 2047 5443; x_wconf 83' lang='lat' dir='ltr'><strong>sententia</strong></span> 
     </span>
    </p>
   </div>
   <div class='ocr_carea' id='block_1_106' title="bbox 476 5452 2047 5522">
    <p class='ocr_par' dir='ltr' id='par_1_106' title="bbox 476 5452 2047 5522">
     <span class='ocr_line' id='line_1_108' title="bbox 476 5452 2047 5522; baseline 0.004 -16"><span class='ocrx_word' id='word_1_744' title='bbox 476 5462 699 5508; x_wconf 84' lang='lat' dir='ltr'><strong>senatus</strong></span> <span class='ocrx_word' id='word_1_745' title='bbox 726 5469 823 5522; x_wconf 90' lang='lat' dir='ltr'><strong>pro</strong></span> <span class='ocrx_word' id='word_1_746' title='bbox 850 5452 1068 5507; x_wconf 86' lang='lat' dir='ltr'><strong>Christo</strong></span> <span class='ocrx_word' id='word_1_747' title='bbox 1101 5455 1273 5522; x_wconf 89' lang='lat' dir='ltr'><strong>capite</strong></span> <span class='ocrx_word' id='word_1_748' title='bbox 1306 5452 1585 5510; x_wconf 82' lang='lat' dir='ltr'><strong>truncatus</strong></span> <span class='ocrx_word' id='word_1_749' title='bbox 1614 5467 1712 5510; x_wconf 90' lang='lat' dir='ltr'><strong>est.</strong></span> <span class='ocrx_word' id='word_1_750' title='bbox 1755 5478 1772 5508; x_wconf 72' lang='grc' dir='ltr'><strong>ο</strong></span> <span class='ocrx_word' id='word_1_751' title='bbox 1808 5456 2047 5512; x_wconf 87' lang='lat' dir='ltr'><strong>Videnda</strong></span> 
     </span>
    </p>
   </div>
   <div class='ocr_carea' id='block_1_107' title="bbox 473 5523 2048 5595">
    <p class='ocr_par' dir='ltr' id='par_1_107' title="bbox 473 5523 2048 5595">
     <span class='ocr_line' id='line_1_109' title="bbox 473 5523 2048 5595; baseline 0.005 -22"><span class='ocrx_word' id='word_1_752' title='bbox 473 5537 597 5595; x_wconf 75' lang='lat' dir='ltr'><strong>qua:</strong></span> <span class='ocrx_word' id='word_1_753' title='bbox 624 5523 688 5576; x_wconf 89' lang='lat' dir='ltr'><strong>ad</strong></span> <span class='ocrx_word' id='word_1_754' title='bbox 721 5525 868 5577; x_wconf 90' lang='lat' dir='ltr'><strong>hunc</strong></span> <span class='ocrx_word' id='word_1_755' title='bbox 913 5524 1091 5595; x_wconf 84' lang='lat' dir='ltr'><strong>locum</strong></span> <span class='ocrx_word' id='word_1_756' title='bbox 1142 5526 1350 5595; x_wconf 80' lang='lat' dir='ltr'><strong>notavit</strong></span> <span class='ocrx_word' id='word_1_757' title='bbox 1397 5523 1633 5581; x_wconf 84' lang='lat' dir='ltr'><strong>Joannes</strong></span> <span class='ocrx_word' id='word_1_758' title='bbox 1661 5526 1896 5595; x_wconf 87' lang='lat' dir='ltr'><strong>Baptista</strong></span> <span class='ocrx_word' id='word_1_759' title='bbox 1928 5527 2048 5581; x_wconf 86' lang='lat' dir='ltr'><strong>Sol-</strong></span> 
     </span>
    </p>
   </div>
   <div class='ocr_carea' id='block_1_108' title="bbox 474 5591 2041 5666">
    <p class='ocr_par' dir='ltr' id='par_1_108' title="bbox 474 5591 2041 5666">
     <span class='ocr_line' id='line_1_110' title="bbox 474 5591 2041 5666; baseline 0.004 -22"><span class='ocrx_word' id='word_1_760' title='bbox 474 5591 643 5666; x_wconf 73' lang='lat' dir='ltr'><strong>let-ius</strong></span> <span class='ocrx_word' id='word_1_761' title='bbox 672 5594 1118 5649; x_wconf 87' lang='lat' dir='ltr'><strong>accuratissimus</strong></span> <span class='ocrx_word' id='word_1_762' title='bbox 1146 5593 1376 5666; x_wconf 89' lang='lat' dir='ltr'><strong>Usnar_di</strong></span> <span class='ocrx_word' id='word_1_763' title='bbox 1406 5597 1597 5660; x_wconf 90' lang='lat' dir='ltr'><strong>editor,</strong></span> <span class='ocrx_word' id='word_1_764' title='bbox 1628 5591 1758 5651; x_wconf 58' lang='lat' dir='ltr'><strong>toni.</strong></span> <span class='ocrx_word' id='word_1_765' title='bbox 1787 5596 1872 5660; x_wconf 86' lang='lat' dir='ltr'><strong>Vl,</strong></span> <span class='ocrx_word' id='word_1_766' title='bbox 1906 5609 2041 5666; x_wconf 88' lang='lat' dir='ltr'><strong>part.</strong></span> 
     </span>
    </p>
   </div>
   <div class='ocr_carea' id='block_1_109' title="bbox 477 5662 2048 5735">
    <p class='ocr_par' dir='ltr' id='par_1_109' title="bbox 477 5662 2048 5735">
     <span class='ocr_line' id='line_1_111' title="bbox 477 5662 2048 5735; baseline 0.003 -18"><span class='ocrx_word' id='word_1_767' title='bbox 477 5678 517 5722; x_wconf 88' lang='lat' dir='ltr'><strong>t,</strong></span> <span class='ocrx_word' id='word_1_768' title='bbox 543 5662 674 5715; x_wconf 85' lang='lat' dir='ltr'><strong>Acta</strong></span> <span class='ocrx_word' id='word_1_769' title='bbox 704 5674 1017 5735; x_wconf 57' lang='lat' dir='ltr'><strong>sanctarum</strong></span> <span class='ocrx_word' id='word_1_770' title='bbox 1054 5666 1259 5719; x_wconf 89' lang='lat' dir='ltr'><strong>mensis</strong></span> <span class='ocrx_word' id='word_1_771' title='bbox 1306 5664 1452 5718; x_wconf 87' lang='lat' dir='ltr'><strong>Junii</strong></span> <span class='ocrx_word' id='word_1_772' title='bbox 1494 5682 1613 5735; x_wconf 84' lang='lat' dir='ltr'><strong>pag.</strong></span> <span class='ocrx_word' id='word_1_773' title='bbox 1648 5668 1753 5721; x_wconf 73' lang='grc'><strong>218</strong></span> <span class='ocrx_word' id='word_1_774' title='bbox 1786 5662 1921 5721; x_wconf 58' lang='lat' dir='ltr'><strong>edit:</strong></span> <span class='ocrx_word' id='word_1_775' title='bbox 1957 5666 2048 5721; x_wconf 79' lang='lat' dir='ltr'><strong>Ve-</strong></span> 
     </span>
    </p>
   </div>
   <div class='ocr_carea' id='block_1_110' title="bbox 476 5735 2046 5804">
    <p class='ocr_par' dir='ltr' id='par_1_110' title="bbox 476 5735 2046 5804">
     <span class='ocr_line' id='line_1_112' title="bbox 476 5735 2046 5804; baseline 0.004 -19"><span class='ocrx_word' id='word_1_776' title='bbox 476 5740 615 5804; x_wconf 74' lang='lat' dir='ltr'><strong>neta:</strong></span> <span class='ocrx_word' id='word_1_777' title='bbox 642 5736 769 5804; x_wconf 76' lang='lat' dir='ltr'><strong>anni</strong></span> <span class='ocrx_word' id='word_1_778' title='bbox 799 5735 970 5799; x_wconf 67' lang='grc'>1743,</span> <span class='ocrx_word' id='word_1_779' title='bbox 1012 5751 1110 5790; x_wconf 88' lang='lat' dir='ltr'><strong>nec</strong></span> <span class='ocrx_word' id='word_1_780' title='bbox 1135 5750 1240 5789; x_wconf 89' lang='lat' dir='ltr'><strong>non</strong></span> <span class='ocrx_word' id='word_1_781' title='bbox 1274 5752 1395 5804; x_wconf 75' lang='lat' dir='ltr'><strong>quae</strong></span> <span class='ocrx_word' id='word_1_782' title='bbox 1427 5736 1749 5792; x_wconf 73' lang='lat' dir='ltr'><strong>Godel‘ridus</strong></span> <span class='ocrx_word' id='word_1_783' title='bbox 1779 5736 2046 5793; x_wconf 86' lang='lat' dir='ltr'><strong>Hensche-</strong></span> 
     </span>
    </p>
   </div>
   <div class='ocr_carea' id='block_1_111' title="bbox 478 5802 2039 5874">
    <p class='ocr_par' dir='ltr' id='par_1_111' title="bbox 478 5802 2039 5874">
     <span class='ocr_line' id='line_1_113' title="bbox 478 5802 2039 5874; baseline 0.004 -17"><span class='ocrx_word' id='word_1_784' title='bbox 478 5803 623 5871; x_wconf 85' lang='lat' dir='ltr'><strong>nius,</strong></span> <span class='ocrx_word' id='word_1_785' title='bbox 654 5812 706 5860; x_wconf 86' lang='lat' dir='ltr'><strong>et</strong></span> <span class='ocrx_word' id='word_1_786' title='bbox 747 5802 933 5861; x_wconf 87' lang='lat' dir='ltr'><strong>Daniel</strong></span> <span class='ocrx_word' id='word_1_787' title='bbox 974 5802 1375 5874; x_wconf 83' lang='lat' dir='ltr'><strong>Papebrocbius</strong></span> <span class='ocrx_word' id='word_1_788' title='bbox 1424 5815 1553 5861; x_wconf 89' lang='lat' dir='ltr'><strong>tom.</strong></span> <span class='ocrx_word' id='word_1_789' title='bbox 1617 5807 1660 5860; x_wconf 92' lang='grc'><strong>11</strong></span> <span class='ocrx_word' id='word_1_790' title='bbox 1699 5809 1815 5864; x_wconf 83' lang='lat' dir='ltr'><strong>Act.</strong></span> <span class='ocrx_word' id='word_1_791' title='bbox 1868 5817 2039 5872; x_wconf 81' lang='lat' dir='ltr'><strong>sanet.</strong></span> 
     </span>
    </p>
   </div>
   <div class='ocr_carea' id='block_1_112' title="bbox 2152 4612 3713 4682">
    <p class='ocr_par' dir='ltr' id='par_1_112' title="bbox 2152 4612 3713 4682">
     <span class='ocr_line' id='line_1_114' title="bbox 2152 4612 3713 4682; baseline -0.004 -10"><span class='ocrx_word' id='word_1_792' title='bbox 2152 4621 2214 4672; x_wconf 89' lang='lat' dir='ltr'><strong>ad</strong></span> <span class='ocrx_word' id='word_1_793' title='bbox 2248 4612 2390 4672; x_wconf 75' lang='lat' dir='ltr'><strong>hunc</strong></span> <span class='ocrx_word' id='word_1_794' title='bbox 2412 4612 2621 4679; x_wconf 64' lang='lat' dir='ltr'><strong>locumi</strong></span> <span class='ocrx_word' id='word_1_795' title='bbox 2643 4612 2951 4670; x_wconf 73' lang='lat' dir='ltr'><strong>&#39;l‘illemont.</strong></span> <span class='ocrx_word' id='word_1_796' title='bbox 2978 4624 3108 4669; x_wconf 89' lang='lat' dir='ltr'><strong>tom.</strong></span> <span class='ocrx_word' id='word_1_797' title='bbox 3141 4612 3222 4677; x_wconf 92' lang='grc'>111,</span> <span class='ocrx_word' id='word_1_798' title='bbox 3246 4629 3366 4682; x_wconf 87' lang='lat' dir='ltr'><strong>pag.</strong></span> <span class='ocrx_word' id='word_1_799' title='bbox 3398 4612 3567 4665; x_wconf 87' lang='lat' dir='ltr'><strong>citata</strong></span> <span class='ocrx_word' id='word_1_800' title='bbox 3588 4612 3713 4674; x_wconf 69' lang='lat'><strong>614;</strong></span> 
     </span>
    </p>
   </div>
   <div class='ocr_carea' id='block_1_113' title="bbox 2705 4684 3429 4756">
    <p class='ocr_par' dir='ltr' id='par_1_113' title="bbox 2705 4684 3429 4756">
     <span class='ocr_line' id='line_1_115' title="bbox 2705 4684 3429 4756; baseline -0.004 -17"><span class='ocrx_word' id='word_1_801' title='bbox 2705 4703 2826 4756; x_wconf 88' lang='lat' dir='ltr'><strong>pag.</strong></span> <span class='ocrx_word' id='word_1_802' title='bbox 2858 4686 2977 4749; x_wconf 73' lang='lat'><strong>152,</strong></span> <span class='ocrx_word' id='word_1_803' title='bbox 3011 4700 3060 4737; x_wconf 93' lang='lat' dir='ltr'><strong>c.</strong></span> <span class='ocrx_word' id='word_1_804' title='bbox 3096 4684 3175 4744; x_wconf 78' lang='grc'><strong>15,</strong></span> <span class='ocrx_word' id='word_1_805' title='bbox 3197 4684 3429 4756; x_wconf 77' lang='lat' dir='ltr'><strong>altique.</strong></span> 
     </span>
    </p>
   </div>
   <div class='ocr_carea' id='block_1_114' title="bbox 2150 4684 2673 4751">
    <p class='ocr_par' dir='ltr' id='par_1_114' title="bbox 2150 4684 2673 4751">
     <span class='ocr_line' id='line_1_116' title="bbox 2150 4684 2673 4751; baseline -0.01 -8"><span class='ocrx_word' id='word_1_806' title='bbox 2150 4689 2384 4743; x_wconf 79' lang='lat' dir='ltr'><strong>Ceillier.</strong></span> <span class='ocrx_word' id='word_1_807' title='bbox 2430 4697 2560 4741; x_wconf 89' lang='lat' dir='ltr'><strong>tom.</strong></span> <span class='ocrx_word' id='word_1_808' title='bbox 2595 4684 2639 4739; x_wconf 86' lang='lat' dir='ltr'><strong>ll</strong></span> <span class='ocrx_word' id='word_1_809' title='bbox 2659 4729 2673 4751; x_wconf 87' lang='lat'><strong>,</strong></span> 
     </span>
    </p>
   </div>
   <div class='ocr_carea' id='block_1_115' title="bbox 3420 4750 3713 4805">
    <p class='ocr_par' dir='ltr' id='par_1_115' title="bbox 3420 4750 3713 4805">
     <span class='ocr_line' id='line_1_117' title="bbox 3420 4750 3713 4805; baseline 0 -2"><span class='ocrx_word' id='word_1_810' title='bbox 3420 4750 3531 4804; x_wconf 72' lang='grc'><strong>240</strong></span> <span class='ocrx_word' id='word_1_811' title='bbox 3585 4751 3713 4805; x_wconf 91' lang='lat' dir='ltr'><strong>edit.</strong></span> 
     </span>
    </p>
   </div>
   <div class='ocr_carea' id='block_1_116' title="bbox 2222 4754 3364 4828">
    <p class='ocr_par' dir='ltr' id='par_1_116' title="bbox 2222 4754 3364 4828">
     <span class='ocr_line' id='line_1_118' title="bbox 2222 4754 3364 4828; baseline -0.005 -17"><span class='ocrx_word' id='word_1_812' title='bbox 2222 4757 2331 4828; x_wconf 86' lang='lat'><strong>(89)</strong></span> <span class='ocrx_word' id='word_1_813' title='bbox 2377 4757 2519 4811; x_wconf 82' lang='lat' dir='ltr'><strong>Hist.</strong></span> <span class='ocrx_word' id='word_1_814' title='bbox 2558 4754 2739 4810; x_wconf 77' lang='lat' dir='ltr'><strong>eccles.</strong></span> <span class='ocrx_word' id='word_1_815' title='bbox 2783 4757 2875 4809; x_wconf 88' lang='lat' dir='ltr'><strong>lib.</strong></span> <span class='ocrx_word' id='word_1_816' title='bbox 2939 4772 2989 4821; x_wconf 86' lang='lat' dir='ltr'><strong>v,</strong></span> <span class='ocrx_word' id='word_1_817' title='bbox 3044 4772 3093 4808; x_wconf 90' lang='lat' dir='ltr'><strong>c.</strong></span> <span class='ocrx_word' id='word_1_818' title='bbox 3149 4754 3253 4817; x_wconf 69' lang='grc'><strong>21,</strong></span> <span class='ocrx_word' id='word_1_819' title='bbox 3309 4768 3364 4821; x_wconf 90' lang='lat' dir='ltr'><strong>p.</strong></span> 
     </span>
    </p>
   </div>
   <div class='ocr_carea' id='block_1_117' title="bbox 2150 4828 2665 4897">
    <p class='ocr_par' dir='ltr' id='par_1_117' title="bbox 2150 4828 2665 4897">
     <span class='ocr_line' id='line_1_119' title="bbox 2150 4828 2665 4897; baseline -0.004 -15"><span class='ocrx_word' id='word_1_820' title='bbox 2150 4828 2506 4897; x_wconf 69' lang='lat' dir='ltr'><strong>Cantabrigae.</strong></span> <span class='ocrx_word' id='word_1_821' title='bbox 2570 4896 2583 4897; x_wconf 18' lang='grc' dir='ltr'>ί</span> <span class='ocrx_word' id='word_1_822' title='bbox 2596 4895 2607 4897; x_wconf 26' lang='grc' dir='ltr'><strong><em>Α</em></strong></span> <span class='ocrx_word' id='word_1_823' title='bbox 2656 4844 2665 4855; x_wconf 71' lang='grc' dir='ltr'>ι</span> 
     </span>
    </p>
   </div>
   <div class='ocr_carea' id='block_1_118' title="bbox 2222 4890 3720 4966">
    <p class='ocr_par' dir='ltr' id='par_1_118' title="bbox 2222 4890 3720 4966">
     <span class='ocr_line' id='line_1_120' title="bbox 2222 4890 3720 4966; baseline -0.007 -14"><span class='ocrx_word' id='word_1_824' title='bbox 2222 4897 2332 4966; x_wconf 84' lang='grc'>(90)</span> <span class='ocrx_word' id='word_1_825' title='bbox 2374 4890 2526 4951; x_wconf 60' lang='lat' dir='ltr'><strong>Tom.</strong></span> <span class='ocrx_word' id='word_1_826' title='bbox 2568 4895 2668 4957; x_wconf 86' lang='grc'>111,</span> <span class='ocrx_word' id='word_1_827' title='bbox 2707 4911 2829 4965; x_wconf 87' lang='lat' dir='ltr'><strong>pag.</strong></span> <span class='ocrx_word' id='word_1_828' title='bbox 2859 4893 2925 4949; x_wconf 76' lang='lat'><strong>56</strong></span> <span class='ocrx_word' id='word_1_829' title='bbox 2944 4935 2959 4957; x_wconf 93' lang='lat'><strong>,</strong></span> <span class='ocrx_word' id='word_1_830' title='bbox 2987 4894 3053 4966; x_wconf 8' lang='lat' dir='ltr'><strong>in,</strong></span> <span class='ocrx_word' id='word_1_831' title='bbox 3072 4892 3224 4946; x_wconf 84' lang='lat' dir='ltr'><strong>Saint</strong></span> <span class='ocrx_word' id='word_1_832' title='bbox 3250 4891 3538 4966; x_wconf 79' lang='lat' dir='ltr'><strong>Apollone,</strong></span> <span class='ocrx_word' id='word_1_833' title='bbox 3560 4890 3720 4966; x_wconf 76' lang='lat' dir='ltr'><strong>sena-</strong></span> 
     </span>
    </p>
   </div>
   <div class='ocr_carea' id='block_1_119' title="bbox 2148 4962 3720 5049">
    <p class='ocr_par' dir='ltr' id='par_1_119' title="bbox 2148 4962 3720 5049">
     <span class='ocr_line' id='line_1_121' title="bbox 2148 4962 3720 5049; baseline -0.005 -28"><span class='ocrx_word' id='word_1_834' title='bbox 2148 4962 2270 5049; x_wconf 80' lang='lat' dir='ltr'><strong>teur</strong></span> <span class='ocrx_word' id='word_1_835' title='bbox 2299 4962 2507 5022; x_wconf 83' lang='lat' dir='ltr'><strong>romain</strong></span> <span class='ocrx_word' id='word_1_836' title='bbox 2540 4977 2593 5023; x_wconf 87' lang='lat' dir='ltr'><strong>et</strong></span> <span class='ocrx_word' id='word_1_837' title='bbox 2618 4962 2826 5037; x_wconf 69' lang='lat' dir='ltr'><strong>marter</strong></span> <span class='ocrx_word' id='word_1_838' title='bbox 2846 5005 2861 5031; x_wconf 90' lang='lat'><strong>,</strong></span> <span class='ocrx_word' id='word_1_839' title='bbox 2907 4977 2959 5018; x_wconf 85' lang='lat' dir='ltr'><strong>et</strong></span> <span class='ocrx_word' id='word_1_840' title='bbox 2999 4963 3103 5017; x_wconf 85' lang='grc'><strong>615</strong></span> <span class='ocrx_word' id='word_1_841' title='bbox 3143 4974 3197 5017; x_wconf 90' lang='lat' dir='ltr'><strong>et</strong></span> <span class='ocrx_word' id='word_1_842' title='bbox 3225 4979 3379 5030; x_wconf 85' lang='lat' dir='ltr'><strong>seqq.</strong></span> <span class='ocrx_word' id='word_1_843' title='bbox 3400 5004 3413 5026; x_wconf 91' lang='lat'><strong>,</strong></span> <span class='ocrx_word' id='word_1_844' title='bbox 3448 4962 3504 5014; x_wconf 89' lang='lat' dir='ltr'><strong>in</strong></span> <span class='ocrx_word' id='word_1_845' title='bbox 3535 4962 3720 5015; x_wconf 84' lang='lat' dir='ltr'><strong>citatis</strong></span> 
     </span>
    </p>
   </div>
   <div class='ocr_carea' id='block_1_120' title="bbox 2148 5048 3717 5176">
    <p class='ocr_par' dir='ltr' id='par_1_120' title="bbox 2148 5048 3717 5176">
     <span class='ocr_line' id='line_1_122' title="bbox 2148 5048 3717 5176; baseline -0.005 -15"><span class='ocrx_word' id='word_1_846' title='bbox 2148 5048 2334 5176; x_wconf 51' lang='lat'><strong>&quot;033)</strong></span> <span class='ocrx_word' id='word_1_847' title='bbox 2376 5108 2530 5162; x_wconf 92' lang='lat' dir='ltr'><strong>Tom.</strong></span> <span class='ocrx_word' id='word_1_848' title='bbox 2563 5108 2654 5162; x_wconf 84' lang='lat' dir='ltr'><strong>cit.</strong></span> <span class='ocrx_word' id='word_1_849' title='bbox 2693 5107 2758 5167; x_wconf 89' lang='lat' dir='ltr'><strong>ll,</strong></span> <span class='ocrx_word' id='word_1_850' title='bbox 2787 5121 2912 5175; x_wconf 83' lang='lat' dir='ltr'><strong>pag.</strong></span> <span class='ocrx_word' id='word_1_851' title='bbox 2947 5103 3133 5176; x_wconf 86' lang='lat' dir='ltr'><strong>eadem</strong></span> <span class='ocrx_word' id='word_1_852' title='bbox 3164 5102 3265 5155; x_wconf 74' lang='grc'>152</span> <span class='ocrx_word' id='word_1_853' title='bbox 3286 5144 3299 5165; x_wconf 91' lang='grc'><strong>,</strong></span> <span class='ocrx_word' id='word_1_854' title='bbox 3330 5117 3381 5156; x_wconf 91' lang='lat' dir='ltr'><strong>c.</strong></span> <span class='ocrx_word' id='word_1_855' title='bbox 3413 5100 3485 5155; x_wconf 83' lang='grc'><strong>15</strong></span> <span class='ocrx_word' id='word_1_856' title='bbox 3522 5101 3717 5176; x_wconf 71' lang='lat' dir='ltr'><strong>citato.</strong></span> 
     </span>
    </p>
   </div>
   <div class='ocr_carea' id='block_1_121' title="bbox 2221 5172 3721 5250">
    <p class='ocr_par' dir='ltr' id='par_1_121' title="bbox 2221 5172 3721 5250">
     <span class='ocr_line' id='line_1_123' title="bbox 2221 5172 3721 5250; baseline -0.007 -17"><span class='ocrx_word' id='word_1_857' title='bbox 2221 5172 2333 5250; x_wconf 74' lang='lat'><strong>(9:2)</strong></span> <span class='ocrx_word' id='word_1_858' title='bbox 2371 5180 2425 5233; x_wconf 89' lang='lat' dir='ltr'><strong>ln</strong></span> <span class='ocrx_word' id='word_1_859' title='bbox 2460 5178 2664 5250; x_wconf 85' lang='lat' dir='ltr'><strong>Notitia</strong></span> <span class='ocrx_word' id='word_1_860' title='bbox 2708 5172 2964 5250; x_wconf 74' lang='lat' dir='ltr'><strong>utraque_</strong></span> <span class='ocrx_word' id='word_1_861' title='bbox 2985 5174 3339 5250; x_wconf 73' lang='lat' dir='ltr'><strong>dignitatum,</strong></span> <span class='ocrx_word' id='word_1_862' title='bbox 3377 5172 3617 5250; x_wconf 74' lang='lat' dir='ltr'><strong>cap._5,</strong></span> <span class='ocrx_word' id='word_1_863' title='bbox 3656 5173 3721 5249; x_wconf 86' lang='lat' dir='ltr'><strong>de</strong></span> 
     </span>
    </p>
   </div>
   <div class='ocr_carea' id='block_1_122' title="bbox 2149 5242 3717 5334">
    <p class='ocr_par' dir='ltr' id='par_1_122' title="bbox 2149 5242 3717 5334">
     <span class='ocr_line' id='line_1_124' title="bbox 2149 5242 3717 5334; baseline -0.006 -32"><span class='ocrx_word' id='word_1_864' title='bbox 2149 5242 2419 5334; x_wconf 31' lang='lat' dir='ltr'><strong>praeludis</strong></span> <span class='ocrx_word' id='word_1_865' title='bbox 2459 5249 2729 5318; x_wconf 59' lang='lat' dir='ltr'><strong>praetorio,</strong></span> <span class='ocrx_word' id='word_1_866' title='bbox 2772 5262 2893 5315; x_wconf 85' lang='lat' dir='ltr'><strong>pag.</strong></span> <span class='ocrx_word' id='word_1_867' title='bbox 2935 5244 2964 5295; x_wconf 88' lang='grc'><strong>7</strong></span> <span class='ocrx_word' id='word_1_868' title='bbox 3008 5244 3136 5298; x_wconf 87' lang='lat' dir='ltr'><strong>edit.</strong></span> <span class='ocrx_word' id='word_1_869' title='bbox 3174 5242 3559 5313; x_wconf 82' lang='lat' dir='ltr'><strong>Lugdunensis</strong></span> <span class='ocrx_word' id='word_1_870' title='bbox 3590 5243 3717 5294; x_wconf 83' lang='lat' dir='ltr'><strong>anni</strong></span> 
     </span>
    </p>
   </div>
   <div class='ocr_carea' id='block_1_123' title="bbox 2151 5320 3722 5461">
    <p class='ocr_par' dir='ltr' id='par_1_123' title="bbox 2151 5320 3722 5461">
     <span class='ocr_line' id='line_1_125' title="bbox 2151 5320 3722 5461; baseline -0.008 -17"><span class='ocrx_word' id='word_1_871' title='bbox 2151 5320 2333 5461; x_wconf 54' lang='grc' dir='ltr'><strong>1ὺῗὲξξ)</strong></span> <span class='ocrx_word' id='word_1_872' title='bbox 2372 5388 2429 5440; x_wconf 87' lang='lat' dir='ltr'><strong>In</strong></span> <span class='ocrx_word' id='word_1_873' title='bbox 2458 5388 2578 5443; x_wconf 89' lang='lat' dir='ltr'><strong>cod.</strong></span> <span class='ocrx_word' id='word_1_874' title='bbox 2603 5386 3004 5461; x_wconf 74' lang='lat' dir='ltr'><strong>Theodosiano,</strong></span> <span class='ocrx_word' id='word_1_875' title='bbox 3035 5398 3155 5461; x_wconf 77' lang='lat' dir='ltr'><strong>cap.</strong></span> <span class='ocrx_word' id='word_1_876' title='bbox 3297 5382 3722 5461; x_wconf 64' lang='lat' dir='ltr'><strong>desenatoruru</strong></span> 
     </span>
    </p>
   </div>
   <div class='ocr_carea' id='block_1_124' title="bbox 2149 5451 3721 5542">
    <p class='ocr_par' dir='ltr' id='par_1_124' title="bbox 2149 5451 3721 5542">
     <span class='ocr_line' id='line_1_126' title="bbox 2149 5451 3721 5542; baseline -0.005 -31"><span class='ocrx_word' id='word_1_877' title='bbox 2149 5451 2396 5542; x_wconf 44' lang='lat' dir='ltr'><strong>smnus</strong></span> <span class='ocrx_word' id='word_1_878' title='bbox 2428 5474 2645 5542; x_wconf 68' lang='lat' dir='ltr'><strong>reorum</strong></span> <span class='ocrx_word' id='word_1_879' title='bbox 2679 5457 2830 5520; x_wconf 82' lang='lat' dir='ltr'><strong>foro,</strong></span> <span class='ocrx_word' id='word_1_880' title='bbox 2867 5466 2999 5510; x_wconf 90' lang='lat' dir='ltr'><strong>tom.</strong></span> <span class='ocrx_word' id='word_1_881' title='bbox 3047 5454 3115 5507; x_wconf 94' lang='lat' dir='ltr'><strong>Ill</strong></span> <span class='ocrx_word' id='word_1_882' title='bbox 3144 5453 3273 5507; x_wconf 88' lang='lat' dir='ltr'><strong>edit.</strong></span> <span class='ocrx_word' id='word_1_883' title='bbox 3326 5451 3530 5521; x_wconf 75' lang='lat' dir='ltr'><strong>Lipsia:</strong></span> <span class='ocrx_word' id='word_1_884' title='bbox 3585 5452 3721 5504; x_wconf 80' lang='lat' dir='ltr'><strong>anni</strong></span> 
     </span>
    </p>
   </div>
   <div class='ocr_carea' id='block_1_125' title="bbox 2150 5528 3722 5666">
    <p class='ocr_par' dir='ltr' id='par_1_125' title="bbox 2150 5528 3722 5666">
     <span class='ocr_line' id='line_1_127' title="bbox 2150 5528 3718 5597; baseline -0.004 -13"><span class='ocrx_word' id='word_1_885' title='bbox 2150 5529 2307 5585; x_wconf 80' lang='grc'>1758,</span> <span class='ocrx_word' id='word_1_886' title='bbox 2342 5545 2463 5595; x_wconf 81' lang='lat' dir='ltr'><strong>pag.</strong></span> <span class='ocrx_word' id='word_1_887' title='bbox 2501 5528 2587 5584; x_wconf 88' lang='grc'>18.</span> <span class='ocrx_word' id='word_1_888' title='bbox 3710 5590 3718 5597; x_wconf 17' lang='grc' dir='ltr'><strong>ἑ</strong></span> 
     </span>
     <span class='ocr_line' id='line_1_128' title="bbox 2220 5590 3722 5666; baseline -0.007 -14"><span class='ocrx_word' id='word_1_889' title='bbox 2220 5599 2332 5666; x_wconf 76' lang='grc'>(94)</span> <span class='ocrx_word' id='word_1_890' title='bbox 2377 5598 2491 5650; x_wconf 90' lang='lat' dir='ltr'><strong>Lib.</strong></span> <span class='ocrx_word' id='word_1_891' title='bbox 2527 5614 2575 5649; x_wconf 87' lang='lat' dir='ltr'><strong>iv</strong></span> <span class='ocrx_word' id='word_1_892' title='bbox 2596 5606 2703 5650; x_wconf 90' lang='lat' dir='ltr'><strong>etv</strong></span> <span class='ocrx_word' id='word_1_893' title='bbox 2727 5594 3029 5661; x_wconf 80' lang='lat' dir='ltr'><strong>Annalium,</strong></span> <span class='ocrx_word' id='word_1_894' title='bbox 3056 5595 3107 5647; x_wconf 91' lang='lat' dir='ltr'><strong>in</strong></span> <span class='ocrx_word' id='word_1_895' title='bbox 3136 5592 3336 5666; x_wconf 85' lang='lat' dir='ltr'><strong>quibus</strong></span> <span class='ocrx_word' id='word_1_896' title='bbox 3360 5590 3491 5646; x_wconf 63' lang='lat' dir='ltr'><strong>Elii</strong></span> <span class='ocrx_word' id='word_1_897' title='bbox 3525 5590 3722 5660; x_wconf 78' lang='lat' dir='ltr'><strong>Sejant</strong></span> 
     </span>
    </p>
   </div>
   <div class='ocr_carea' id='block_1_126' title="bbox 2147 5664 3311 5741">
    <p class='ocr_par' dir='ltr' id='par_1_126' title="bbox 2147 5664 3311 5741">
     <span class='ocr_line' id='line_1_129' title="bbox 2147 5664 3311 5741; baseline -0.004 -21"><span class='ocrx_word' id='word_1_898' title='bbox 2147 5664 2384 5741; x_wconf 56' lang='lat' dir='ltr'><strong>przelecti</strong></span> <span class='ocrx_word' id='word_1_899' title='bbox 2420 5670 2671 5741; x_wconf 58' lang='lat' dir='ltr'><strong>praetorio</strong></span> <span class='ocrx_word' id='word_1_900' title='bbox 2704 5667 2995 5741; x_wconf 89' lang='lat' dir='ltr'><strong>potentiam</strong></span> <span class='ocrx_word' id='word_1_901' title='bbox 3029 5664 3311 5741; x_wconf 60' lang='lat' dir='ltr'><strong>describit.</strong></span> 
     </span>
    </p>
   </div>
   <div class='ocr_carea' id='block_1_127' title="bbox 2215 5733 3729 5807">
    <p class='ocr_par' dir='ltr' id='par_1_127' title="bbox 2215 5733 3729 5807">
     <span class='ocr_line' id='line_1_130' title="bbox 2215 5733 3729 5807; baseline -0.004 -16"><span class='ocrx_word' id='word_1_902' title='bbox 2215 5738 2325 5807; x_wconf 79' lang='grc'>(95)</span> <span class='ocrx_word' id='word_1_903' title='bbox 2366 5733 2433 5789; x_wconf 73' lang='lat' dir='ltr'><strong>lu</strong></span> <span class='ocrx_word' id='word_1_904' title='bbox 2467 5733 2751 5807; x_wconf 57' lang='lat' dir='ltr'><strong>Commodo</strong></span> <span class='ocrx_word' id='word_1_905' title='bbox 2776 5779 2790 5802; x_wconf 93' lang='lat'><strong>,</strong></span> <span class='ocrx_word' id='word_1_906' title='bbox 2846 5752 2965 5805; x_wconf 90' lang='lat' dir='ltr'><strong>pag.</strong></span> <span class='ocrx_word' id='word_1_907' title='bbox 3016 5736 3129 5807; x_wconf 68' lang='lat'><strong>47,</strong></span> <span class='ocrx_word' id='word_1_908' title='bbox 3154 5736 3218 5807; x_wconf 85' lang='lat' dir='ltr'><strong>_in</strong></span> <span class='ocrx_word' id='word_1_909' title='bbox 3256 5733 3400 5790; x_wconf 81' lang='lat' dir='ltr'><strong>Hist.</strong></span> <span class='ocrx_word' id='word_1_910' title='bbox 3462 5733 3729 5803; x_wconf 60' lang='lat' dir='ltr'><strong>Augustm</strong></span> 
     </span>
    </p>
   </div>
   <div class='ocr_carea' id='block_1_128' title="bbox 2146 5804 3195 5881">
    <p class='ocr_par' dir='ltr' id='par_1_128' title="bbox 2146 5804 3195 5881">
     <span class='ocr_line' id='line_1_131' title="bbox 2146 5804 3195 5881; baseline -0.007 -16"><span class='ocrx_word' id='word_1_911' title='bbox 2146 5804 2481 5881; x_wconf 67' lang='lat' dir='ltr'><strong>sti-imbribus</strong></span> <span class='ocrx_word' id='word_1_912' title='bbox 2516 5809 2642 5862; x_wconf 86' lang='lat' dir='ltr'><strong>edit.</strong></span> <span class='ocrx_word' id='word_1_913' title='bbox 2676 5805 2846 5863; x_wconf 78' lang='lat' dir='ltr'><strong>Paris.</strong></span> <span class='ocrx_word' id='word_1_914' title='bbox 2884 5804 3007 5862; x_wconf 85' lang='lat' dir='ltr'><strong>anni</strong></span> <span class='ocrx_word' id='word_1_915' title='bbox 3047 5804 3195 5860; x_wconf 71' lang='lat' dir='ltr'><strong>H320.</strong></span> 
     </span>
    </p>
   </div>
  </div>
