3826 6494
191 405 299 460 405

992 396 1081 451 DE
1119 394 1512 452 PORTUENSI
1554 396 1611 451 S.
1647 389 2003 448 HlPPOLYTI
2038 388 2231 446 SEDE.
2266 417 2335 428 —-
2362 384 2541 441 PARS
2571 383 2611 437 l'.

3325 379 3427 437 806

189 538 372 583 autem
408 523 693 582 Commodi
719 522 959 578 animum
992 521 1303 591 praesciens,
1325 520 1546 579 invenit,
1570 532 1759 586 quem—
1787 521 1831 577 Α
1860 515 1978 575 eius
2022 512 2227 583 judicio
2272 510 2326 564 in
2368 516 2557 565 senatu
2604 503 2907 560 interfuerit
2930 544 2943 568 ,
2998 502 3142 572 quod
3179 501 3427 570 impossi-

190 620 487 675 admodum
530 619 647 687 ipse
684 625 874 686 potens
910 622 1082 679 esset;
1131 628 1255 666 nam
1290 610 1559 681 persuasit
1600 609 1763 664 Com-

188 712 379 775 modo,
412 719 473 763 ut
502 710 616 779 ipse
638 706 851 761 deliciis
878 712 1117 763 vacaret,
1162 702 1303 756 idem
1352 715 1479 753 vero
1507 699 1762 752 Perennis

187 801 342 856 curis
372 799 746 863 incumberet,
796 793 941 866 quod
970 792 1301 848 Commodus
1344 791 1588 844 ltetanter
1610 803 1764 843 acce-

188 893 285 964 pit.
312 911 333 945 i
368 892 437 947 Et
463 892 628 961 paulo
655 898 779 959 post
805 905 820 942 :
855 906 872 938 ι
898 885 1051 939 Tunc
1080 892 1257 938 tamen
1282 882 1541 937 Perennis
1570 889 1762 935 cuncta

188 987 415 1041 sibimet
442 983 758 1047 vindicavit,
794 996 932 1052 quos
965 979 1136 1032 voluit
1183 975 1476 1039 interemit,
1510 972 1765 1043 Spoliavit

189 1076 498 1147 plurimos,
535 1076 718 1130 omnia
766 1074 887 1143 jura
914 1070 1197 1127 subvertit.
1228 1086 1249 1121 ι
1285 1064 1595 1150 Lampridio
1634 1079 1767 1118 con-

188 1169 439 1227 sentiunt
462 1167 563 1222 Dio
582 1164 692 1238 (96)
716 1173 770 1220 et
799 1162 1162 1227 Herodianus,
1184 1159 1328 1214 unde
1354 1157 1514 1212 nobis
1536 1171 1766 1227 arguere

188 1261 317 1315 licet
347 1276 516 1331 quam
547 1259 683 1313 altas
712 1256 768 1311 in
819 1255 1049 1325 imperio
1081 1253 1327 1307 Romano
1363 1251 1571 1305 radices
1597 1249 1767 1319 egerit

189 1349 460 1407 Perennis
508 1349 770 1421 potentia.
821 1345 969 1411 Sed,
1024 1360 1093 1399 ne
1138 1343 1225 1398 cui
1271 1342 1495 1397 dubium
1528 1340 1767 1409 supersit

188 1443 500 1499 Perennem
550 1440 805 1511 capitales
844 1435 1346 1492 animadversiones
1400 1434 1453 1487 in
1508 1433 1769 1502 ipsosmet

188 1544 479 1593 senatores
505 1532 838 1596 exercuisse,
866 1528 1243 1584 exscribamus
1268 1525 1357 1580 hic
1402 1522 1768 1579 luculentissi-

188 1642 343 1681 mum
364 1622 659 1679 Herodiani
683 1620 796 1693 (97)
819 1618 1215 1683 testimonium,
1232 1631 1299 1670 ex
1320 1631 1430 1685 quo
1456 1629 1564 1668 non
1588 1614 1766 1668 solum

189 1725 412 1773 constat
461 1715 759 1770 Perennem
790 1712 1007 1783 plenam
1043 1710 1097 1763 in
1143 1708 1433 1778 primarios
1458 1714 1765 1771 senatores,

188 1810 284 1880 qui
305 1848 324 1875 ,
356 1806 738 1878 conjuratione
768 1803 931 1870 facta,
963 1800 1323 1858 Commodum
1353 1798 1420 1853 de
1446 1798 1625 1852 medio
1661 1798 1765 1851 tol-

1863 606 1969 659 bile
2015 620 2078 658 ac
2122 602 2343 673 penitus
2378 601 2736 669 incongruum
2785 592 2963 649 doctis
2990 594 3122 647 viris
3177 592 3312 646 falso
3346 593 3427 646 vi-

1862 710 1983 751 sum
2011 702 2111 748 est.

1862 849 1973 905 ΥΠ.
2018 847 2339 901 Prudentius
2386 846 2728 915 Hippolytum
2765 842 3106 897 Portuenscm
3144 841 3427 915 elegantis-

1935 921 2066 973 sima
2101 920 2331 971 carmine
2361 911 2625 981 laudavit,
2667 916 2730 968 de
2776 930 2876 983 quo
2921 922 3092 967 tamen
3126 911 3264 966 varie
3306 927 3427 965 sen-

1939 992 2077 1040 tiunt
2123 989 2338 1040 eruditi.

1939 998 2077 1043 tiunt
2123 998 2338 1041 eruditi.

1936 1140 2293 1207 Prudentius,
2349 1139 2440 1208 qui
2507 1137 2608 1192 sub
2676 1135 2984 1191 Theodosio
3033 1133 3259 1188 Juniore
3331 1129 3432 1184 llo-

1866 1234 2007 1297 ruit,
2049 1234 2101 1286 in
2156 1232 2297 1286 libro
2342 1229 2482 1298 Περὶ
2533 1226 2884 1296 Στεφάνων,
2942 1226 3144 1296 hymno
3200 1225 3255 1276 11
3312 1222 3426 1292 (I),

1867 1325 2210 1396 Hippolytum
2245 1329 2533 1393 martyrem
2567 1319 2921 1374 Portuensem
2948 1318 3282 1372 carminibus
3314 1316 3431 1371 suis

1866 1416 2177 1480 celebravit,
2196 1415 2353 1483 cujus
2383 1413 2752 1468 coemeterium
2788 1413 2842 1466 in
2867 1427 2994 1482 agro
3020 1410 3239 1464 Verane
3264 1410 3438 1463 situnt

1867 1516 2023 1563 aetate
2051 1522 2148 1561 sua
2174 1519 2519 1574 summopere
2553 1503 2953 1557 venerabantur
2979 1500 3208 1554 Romani
3234 1499 3432 1553 exteri-

1867 1616 1991 1671 que.
2018 1598 2217 1653 Verum
2252 1614 2318 1652 ex
2348 1604 2427 1651 tot
2457 1596 2781 1667 Hippolytis,
2809 1611 2947 1665 quos
2978 1594 3147 1648 sacris
3177 1591 3433 1647 Ecclesia:

1869 1690 2024 1745 fastis
2051 1688 2315 1757 ascriptos
2340 1688 2636 1751 cernimus,
2667 1689 2921 1757 quisnam
2950 1685 3036 1739 ille
3061 1684 3243 1749 fuerit,
3269 1697 3434 1751 quem

1869 1783 2195 1838 Prudentius
2239 1783 2451 1853 egregio
2498 1783 2600 1835 hoc
2644 1778 2887 1835 carmine
2929 1777 3190 1841 laudarit,
3236 1775 3436 1828 acriter

191 1902 307 1957 lere
361 1900 712 1970 cogitarunt,
759 1894 1193 1967 iurisdictionem
1241 1891 1526 1958 habuisse,
1571 1905 1760 1945 verum
1792 1878 1836 1932 Β
1864 1880 2147 1946 hucusque
2194 1875 2529 1945 disputatum
2584 1873 2687 1928 fuit
2735 1889 2763 1927 a
2812 1869 3206 1926 recentioribus
3253 1865 3435 1935 magni

188 1992 399 2057 etiam,
465 1989 611 2059 quod
663 2000 1010 2056 summopere
1076 1983 1416 2048 mirandum,
1479 1982 1769 2051 ipsammet

188 2082 484 2138 Commodi
528 2095 776 2136 sororem
823 2079 959 2134 tanti
997 2076 1218 2133 sceleris
1266 2074 1545 2130 consciam
1577 2074 1769 2128 mortis

190 2174 467 2245 supplicio
515 2173 827 2243 mulctasse.
871 2190 889 2223 ε
929 2170 1272 2236 ριιαξεῑίοηεε
1332 2175 1548 2231 autem,
1596 2166 1771 2234 inquit

191 2266 568 2331 Herodianus,
617 2264 887 2319 Perennio
922 2263 1207 2331 diligenter
1252 2266 1569 2320 exercente,
1615 2272 1770 2312 soror

192 2361 315 2428 ipsa
344 2357 659 2421 Commodi,
689 2354 1065 2424 eonjuratique
1089 2367 1300 2414 omnes,
1329 2349 1618 2418 eteterique
1642 2363 1773 2416 pra:-

189 2459 345 2506 terea
379 2449 865 2520 quantulacunque
912 2444 1223 2515 suspicione
1252 2441 1459 2507 attaeti,
1506 2438 1771 2509 supplicio

190 2544 376 2600 κισθοιὶ
426 2550 575 2596 sunt.
626 2559 646 2593 ι
681 2538 1003 2609 Spartianus
1048 2536 1105 2590 in
1160 2533 1376 2599 Severo,
1428 2541 1486 2586 ut
1528 2530 1775 2585 animad-

189 2637 359 2691 vertit
387 2633 773 2690 Tillemontius
809 2631 945 2701 (98),
980 2646 1011 2683 a
1040 2626 1309 2698 praefectis
1331 2626 1583 2695 praetorio
1616 2638 1774 2679 sena-

192 2730 371 2783 torios
398 2728 547 2781 viros
564 2725 838 2795 judicatos
870 2721 1040 2776 fuisse
1066 2727 1316 2775 testatur.
1346 2716 1580 2772 Severus
1605 2715 1771 2782 enim,

200 2840 220 2871 ε
251 2820 347 2889 qui
376 2834 408 2872 a
436 2817 565 2872 divo
593 2817 775 2870 Marco
799 2816 968 2869 latum
994 2812 1207 2866 clavum
1231 2809 1402 2879 petiit,
1427 2817 1480 2862 et
1509 2806 1770 2875 accepit,»

191 2923 250 2968 et
281 2910 708 2982 quamplurimis
748 2906 962 2979 praefuit
1005 2902 1332 2976 provinciis,
1388 2920 1405 2952 ι
1447 2901 1502 2954 in
1550 2898 1774 2965 Silicia,

195 3004 361 3073 quasi
390 3003 460 3056 de
493 3001 723 3069 imperio
747 3000 830 3053 vel
858 3006 1032 3061 vates,
1056 2995 1139 3049 vel
1162 2993 1443 3048 Chaldaeos
1471 2990 1780 3046 consuluis-

194 3106 310 3159 set,
363 3110 493 3150 reus
539 3093 716 3148 factus
749 3092 891 3161 apud
928 3088 1210 3160 prafectos
1263 3084 1547 3155 praetorio,
1582 3083 1780 3152 quibus

197 3184 514 3241 audiendus
558 3185 718 3239 datus
768 3182 975 3247 fuerat,
1022 3181 1135 3251 jam
1169 3178 1467 3234 Commodo
1501 3179 1555 3231 in
1589 3176 1776 3230 odium

196 3285 497 3343 veniente,
547 3276 830 3331 absolutus
862 3283 974 3341 est,
1019 3271 1415 3328 calumniatore
1464 3270 1520 3323 in
1560 3283 1776 3323 crucem

201 3381 328 3426 aeto
360 3370 503 3440 (99).
529 3389 548 3421 ι
586 3369 664 3423 Ex
694 3368 781 3422 bis
814 3368 997 3438 itaque
1045 3363 1494 3421 luculentissimis
1520 3361 1781 3431 exemplis

200 3472 394 3533 aperte
422 3468 689 3526 constat,
736 3459 1036 3515 Perennem
1063 3497 1078 3522 ,
1120 3466 1455 3524 czeterosque
1499 3452 1781 3524 praefectos

199 3555 466 3623 praetorio
506 3553 609 3611 sub
658 3551 959 3607 Commodo
1008 3550 1218 3620 plenam
1264 3548 1319 3603 in
1364 3556 1644 3603 senatores
1682 3562 1781 3617 po-

200 3643 821 3714 testatemihabuisse;
876 3657 1046 3712 quare
1100 3640 1252 3695 irrito
1302 3653 1528 3708 prorsus
1584 3648 1783 3692 conatu

204 3737 490 3806 Scaliger,
519 3744 574 3790 et
600 3743 722 3805 post
752 3748 875 3788 eum
915 3732 1164 3803 Moynius
1208 3739 1262 3784 et
1301 3728 1534 3800 Pagius,
1585 3726 1781 3781 Ruﬁno

203 3830 443 3887 inscitia:
463 3838 520 3884 et
546 3827 605 3883 S.
641 3826 967 3897 Hieronymo
1010 3824 1345 3879 credulitatis
1372 3832 1529 3878 notas
1570 3821 1785 3875 inurere

205 3926 534 3983 tentarunt,
587 3932 708 3971 cum
738 3915 1060 3985 Apollonius
1099 3914 1249 3968 urbis
1287 3921 1508 3969 senator
1545 3926 1664 3966 esse
1693 3925 1786 3980 pu-

205 4012 400 4077 tuerit,
418 4008 671 4080 quamvis
692 4006 954 4063 Pereunis
988 4006 1240 4076 przetorio
1263 4004 1546 4075 przel‘ectus
1570 4003 1785 4073 capitali

282 4228 405 4301 (96)
454 4225 704 4301 Cassius“
732 4224 828 4279 Dio
862 4225 1239 4301 Cocceianus,
1282 4222 1486 4301 "fetor.
1541 4222 1789 4301 Romulia?

212 4294 306 4355 lib.
346 4294 498 4352 Lini
524 4338 540 4363 ,
563 4298 632 4366 in
664 4295 947 4350 Commodo
971 4336 984 4359 ,
1035 4307 1165 4366 tum.
1199 4294 1277 4363 ll,
1315 4295 1437 4366 §9,
1473 4310 1592 4364 pag.
1630 4294 1787 4356 1210,

213 4371 351 4424 1211
383 4368 517 4423 edit.
551 4365 847 4435 Hambut'gi
875 4368 1002 4419 anni
1037 4365 1195 4419 1752.

287 4439 409 4509 (97)
440 4437 569 4509 Lib.
608 4451 660 4500 ι,
704 4432 925 4509 νςεξψῖβ,
971 4453 1089 4505 pag.
1142 4435 1212 4509 25
1261 4435 1389 4491 edit.
1435 4432 1520 4489 Jo.
1575 4432 1789 4489 Henrici

213 4504 452 4565 Biecleri
478 4506 808 4577 ίξιιιηο-λιϐθζιΔ
828 4504 1191 4577 Argentorati.

1867 1971 2110 2025 nominis
2158 1970 2537 2040 scriptoribus.
2584 1969 2690 2022 Alii
2732 1967 2910 2030 enim,
2957 1980 3192 2035 quorum
3239 1977 3436 2031 agmen

1868 2064 2017 2119 ducit
2064 2064 2333 2117 maximus
2378 2062 2663 2115 Annalium
2710 2060 3185 2115 ecclesiasticarum
3237 2069 3439 2125 parens

1870 2158 2135 2213 Baronius
2172 2156 2285 2224 (2),
2332 2154 2626 2209 Prudentio
2669 2152 2803 2205 vitio
2835 2158 3086 2213 vertunt,
3134 2148 3280 2217 quod
3325 2156 3436 2199 tres

1870 2247 2185 2319 Hippolytos
2214 2248 2269 2301 in
2306 2262 2471 2300 unum
2516 2243 2850 2307 confuderit,
2881 2244 3194 2311 episcopum
3230 2238 3439 2292 scilicet

1871 2350 2151 2405 nostrum,
2180 2339 2404 2406 militem
2443 2338 2545 2392 sub
2574 2335 2864 2390 Valeriano
2888 2347 3108 2403 passum
3139 2340 3193 2385 et
3216 2330 3435 2383 demum

1872 2429 2216 2502 Hippolytum
2253 2431 2625 2500 presbyterum
2676 2426 3103 2488 Antiochenum,
3141 2423 3293 2493 prius
3325 2419 3437 2474 No-

1869 2527 1978 2581 vati
2002 2527 2346 2596 diseipulum,
2371 2533 2553 2594 postea
2580 2523 2872 2592 gloriosum
2903 2517 3103 2572 Christi
3144 2524 3434 2585 martyrem

1873 2618 1977 2672 sub
2008 2614 2189 2670 Decio.
2230 2614 2335 2668 Alii
2368 2627 2519 2676 vero,
2572 2611 2712 2664 inter
2744 2622 2882 2677 quos
2911 2603 3283 2660 Tlteodorieus
3314 2598 3442 2653 Rui-

1873 2708 2083 2764 nartius
2106 2707 2206 2775 (5),
2239 2704 2595 2761 Sebastianus
2623 2698 2999 2753 Tillemontius
3029 2696 3128 2766 (4),
3162 2690 3442 2761 Remigius

1874 2800 2176 2859 Ceillierius
2221 2796 2300 2869 (5)
2326 2837 2339 2860 ,
2387 2794 2585 2863 aliique
2614 2790 2939 2846 contrariam
2971 2802 3196 2858 prorsus
3219 2793 3443 2838 tuentur

1877 2890 2221 2953 sententiam,
2253 2898 2307 2943 et
2325 2886 2678 2941 Prudentium
2710 2882 2777 2936 ab
2808 2882 2911 2935 boc
2936 2877 3273 2935 confusionis
3309 2875 3441 2928 vitio

1875 2985 2149 3039 vindicare
2184 2990 2451 3036 conantur
2473 3020 2487 3046 ,
2511 2978 2639 3031 dum
2682 2977 2903 3030 unicum
2939 2972 3285 3041 Hippolytum
3320 2984 3440 3037 pre-

1850 3072 1851 3075 “
1878 3078 2151 3147 sbyterum
2172 3074 2239 3127 ab
2261 3073 2377 3142 ipso
2394 3071 2667 3125 laudatum
2685 3068 2890 3129 dicunt,
2909 3066 2999 3134 qui
3016 3062 3443 3118 Novatianorum

1881 3176 2042 3224 secta
2092 3165 2301 3234 laqueis
2351 3162 2626 3232 quondam
2686 3159 2959 3225 irretitus,
3010 3170 3199 3211 eorum
3248 3152 3445 3208 haeresi

1880 3259 2219 3331 postmodum
2249 3256 2455 3326 ejurata
2482 3296 2496 3320 ,
2542 3251 2805 3320 insignem
2852 3246 3097 3318 martyrii
3124 3245 3358 3315 palmam
3386 3241 3444 3299 'm

1883 3353 2050 3407 Portu
2100 3348 2346 3403 Romano
2391 3355 2473 3400 est
2516 3343 2763 3412 adeptus.
2801 3340 3026 3394 Demum
3074 3337 3275 3391 Fronto
3329 3333 3443 3386 Du-

1882 3460 2026 3500 caaus
2048 3442 2123 3514 (6)
2154 3440 2386 3495 mediam
2412 3439 2551 3491 inter
2571 3438 2669 3490 bos
2693 3431 2971 3504 professus
2997 3439 3077 3485 est
3101 3425 3447 3490 sententiam;

1882 3537 2011 3592 dum
2042 3534 2387 3605 Hippolytum
2419 3531 2730 3600 episcopum
2756 3525 3110 3580 Portuensem
3138 3537 3169 3575 a
3198 3518 3444 3573 Pruden-

1882 3631 1958 3685 tio
2004 3629 2109 3683 hoc
2156 3626 2397 3682 carmine
2440 3622 2717 3678 laudatum
2765 3616 3009 3683 censuit,
3054 3628 3214 3684 quem
3254 3608 3451 3664 Novati

1883 3720 2162 3777 erroribus
2201 3726 2418 3787 captum
2462 3724 2516 3769 et
2566 3728 2689 3767 mox
2732 3721 2855 3766 ante
2900 3706 3147 3779 martyrii
3187 3715 3452 3758 coronam

1884 3814 2188 3869 exsolutum
2213 3808 2448 3864 tradidit.
2477 3805 2687 3872 Quibus
2710 3819 2839 3859 vero
2861 3803 3130 3857 rationum
3161 3797 3452 3854 momentis

1886 3905 2169 3977 prazcipuaa
2200 3916 2522 3972 magnorum
2560 3900 2797 3953 virorum
2843 3896 3085 3950 nitantur
3131 3890 3450 3955 sententiae,

1886 4000 2038 4068 prius
2068 3995 2360 4066 inquirere,
2385 4002 2439 4048 et
2468 3992 2685 4047 demum
2717 3989 2845 4059 quid
2879 3998 3000 4058 post
3054 3994 3130 4040 tot
3164 3993 3453 4053 tantosque

1890 4227 2235 4294 imperatore.
2268 4240 2290 4272 ι
2332 4220 2389 4274 ld
2425 4218 2603 4294 ipsum
2638 4216 2831 4294 r_epe_tit
2872 4215 2927 4267 in
2953 4212 3114 4294 __notis
3143 4209 3219 4294 ad
3252 4208 3452 4294 Many:

1890 4280 2154 4364 refugium
2206 4280 3009 4364 Romanumdiefilidauuarii,
3058 4280 3452 4364 p.55,die_1§

1890 4348 2119 4435 Ᾰίυςῖἶειὶ
2144 4403 2156 4421 ,
2179 4378 2325 4435 _pag.
2480 4401 2495 4425 ,
2521 4368 2575 4414 et
2602 4357 2671 4411 22
2699 4356 2939 4426 ejusdem
2986 4348 3223 4419 mensis,
3256 4366 3309 4420 p.
3349 4348 3455 4405 355

1892 4430 2144 4490 ediiionis
2179 4430 2468 4485 Rosweidi.

1969 4506 2045 4575 (5)
2084 4505 2217 4556 Acta
2260 4511 2547 4575 martyrum
2590 4500 2814 4575 sincere3
2853 4512 2972 4575 pag.
3022 4494 3263 4575 l§3_.cit.
3301 4491 3454 4575 θεῷ..

287 4560 609 4650 (digium.
639 4573 739 4643 Ill,
764 4560 932 4631 Νυιθξ
964 4593 1058 4631 sur
1089 4575 1233 4631 saint
1260 4573 1554 4644 Apollone,
1582 4583 1707 4629 note
1739 4574 1792 4641 4,
1826 4580 1870 4634 D
1900 4560 2268 4650 admonitione
2320 4574 2372 4625 in
2398 4560 2867 4650 martyrium.
2893 4560 3163 4650 Hippolyti
3183 4583 3222 4650 l:
3263 4581 3281 4613 ι
3320 4560 3457 4650 'l‘Von

252 4648 340 4719 ag.
372 4648 502 4719 615.

212 4666 592 4790 Ρῦῗέῶιὲἶιηι
623 4715 1052 4790 @liLSpartiani
1097 4714 1263 4769 verba
1306 4715 1360 4790 in
1397 4714 1581 4790 Severo
1618 4715 1792 4784 impe-

211 4786 438 4847 ratore.
472 4803 596 4856 pag.
624 4787 694 4839 65
728 4786 933 4839 Histor.
965 4788 1191 4855 August.
1219 4787 1427 4855 script.,
1472 4786 1600 4856 edit.
1638 4792 1791 4839 citat.

288 4855 857 4931 (l)APag.il94_edit.
900 4856 1212 4931 Antuerpize
1254 4858 1382 4909 anui
1424 4855 1796 4931 156§.AAure-

215 4925 332 4984 lius
353 4925 635 4983 'Clemens
683 4925 1208 4981 Prudentiusnatus
1236 4936 1319 4979 est
1348 4941 1491 4979 anno
1525 4926 1660 4991 548,
1694 4926 1795 4979 sub

218 5001 391 5055 Saliae
442 4998 767 5061 consulatu,
821 5007 881 5050 ut
930 4999 1063 5065 ipse,
1097 5005 1325 5050 testatur
1380 4996 1433 5049 in
1484 4997 1796 5064 praefatione

216 5068 685 5138 Cathemeriuwu,
728 5083 849 5138 pag.
887 5064 975 5138 5S.
1030 5064 1159 5138 Ejus
1193 5065 1430 5138 Uperum
1490 5067 1796 5138 catalogum

220 5143 362 5196 texit
420 5135 745 5192 Gennadius
792 5135 844 5190 in
914 5135 1170 5206 Catulogo
1224 5137 1455 5206 virorum
1503 5136 1796 5189 illustrium

219 5228 349 5281 cap.
387 5209 487 5273 i5,
520 5223 581 5281 p_._
608 5207 925 5281 958._'_l‘ot_n._
951 5204 1350 5281 ll_0perum_S.
1372 5204 1693 5281 Hieronymi
1718 5207 1798 5260 ci-

220 5275 353 5336 tata:
377 5275 810 5334 edit.’Vallarsii.
828 5278 962 5332 Vide
987 5277 1237 5330 Ruinart.
1267 5277 1321 5329 in
1348 5277 1468 5345 Acti.
1500 5275 1797 5345 Martyrum

219 5355 463 5415 sinam,
512 5362 636 5417 pag.
682 5348 822 5414 144,
876 5348 967 5401 ubi
1015 5358 1297 5401 auctorum
1337 5346 1391 5400 in
1444 5344 1797 5400 Prudentium

222 5422 422 5476 laudes
451 5419 738 5487 descripta:
765 5419 1122 5487 reperiuntur.
1440 5485 1449 5487 μ
1712 5485 1731 5487 _

602 5433 738 5473 'IDIIB
765 5433 1122 5473 νευρτιυηιυτ.

293 5434 422 5475 udes
451 5434 738 5487 descripta:
765 5434 1122 5503 reperiuntur.

293 5491 377 5561 (2)
418 5490 503 5543 Ad
555 5502 769 5561 annum!
797 5489 1000 5542 Christi
1040 5488 1178 5561 229,
1222 5502 1377 5561 tium.
1428 5485 1493 5561 9,
1541 5494 1679 5561 tom.
1711 5485 1797 5554 11,

224 5557 368 5632 pag.
392 5561 493 5614 481
556 5557 686 5632 edit.
750 5558 909 5612 Luca:
942 5576 955 5612 :
991 5558 1164 5632 «Haec
1219 5557 1563 5632 Prudentius,
1592 5559 1684 5632 qui
1716 5568 1799 5612 ta-

158 5692 164 5694 _
226 5627 360 5687 men
389 5644 580 5684 errore
619 5630 834 5698 lapsus,
866 5638 976 5683 tres
1008 5631 1061 5682 in
1100 5645 1265 5683 unum
1299 5627 1579 5698 confundit
1606 5628 1802 5698 llippo—

230 5705 401 5773 lytos,
451 5696 905 5773 titilitem'_nenipe
936 5715 1152 5767 passum
1179 5699 1281 5773 sub
1324 5696 1646 5773 Valeriano,
1673 5696 1800 5768 Cepi-

228 5769 464 5839 scopum
501 5771 605 5822 sub
650 5769 957 5839 Alexandro
1003 5781 1056 5823 et
1098 5770 1468 5839 presbyterum
1512 5770 1802 5823 Antioche-

231 5837 406 5908 nam,
476 5840 607 5896 olim
680 5837 1067 5909 Novatianum,
1101 5837 1417 5910 martyrem
1474 5840 1577 5896 sub
1640 5840 1799 5895 Decio

1897 4646 2061 4716 igitur
2101 4645 2278 4716 alium
2331 4631 2678 4716 agnoscimus
2724 4631 3062 4707 Hippolytum
3091 4631 3159 4687 in.
3183 4634 3287 4687 hoc
3320 4631 3459 4716 Prus-

1895 4702 2062 4770 dventii
2100 4702 2550 4785 hyinuo,pr;eter
2578 4702 2933 4785 Portuenseni
2980 4714 3269 4785 martyrem
3317 4702 3458 4755 cele-

1897 4774 2213 4848 berrimuin,
2265 4774 2373 4836 cui'
2408 4782 2520 4834 haec
2563 4780 2764 4843 omnia,
2812 4776 3043 4848 quierab
3084 4774 3186 4826 hoc
3239 4780 3461 4826 auctore

1896 4847 2223 4916 referuntur,
2256 4852 2458 4916 Optime
2480 4858 2787 4916 competere
2810 4847 3215 4916 existimamus.
3248 4861 3265 4892 ι

1969 4870 2223 4916 teruntur,
2256 4870 2288 4904 0
2311 4870 2458 4904 )llme
2480 4870 2787 4916 competere
2810 4870 3206 4901 cxistuuautus.
3248 4870 3265 4892 ι

1969 4924 2237 5049 (apium.
2270 4870 2357 4988 lil,
2388 4937 2507 4990 pag.
2534 4921 2658 4984 675,
2676 4919 2837 4974 Nutes
2870 4932 2965 4971 sur
2990 4917 3133 4970 saint
3157 4911 3457 4983 Hippolyte,

1896 5006 2022 5052 note
2048 5006 2099 5049 4.

1969 5067 2046 5143 («51>
2088 5062 2493 5143 Tom-.l!:.car.-
2525 5060 2767 5143 δδηρεξξ·
2791 5056 2919 5143 ἕθῖρ
2958 5052 3073 5143 5‘3.-

2088 5137 2144 5189 ln
2173 5123 2271 5189 sua
2299 5123 2587 5206 Nicephori
2619 5123 2827 5206 (Ean—isti
2860 5123 3249 5206 Ecclesiasticw
3293 5123 3462 5200 histor

1899 5193 1993 5260 ria}
2023 5193 2460 5274 interpretatione
2487 5216 2609 5255 cum
2627 5199 2827 5274 (graecis
2867 5197 3062 5274 eiulatu
3087 5205 3142 5250 et
3165 5193 3462 5274 recOgnita,

1901 5289 2007 5331 tam
2034 5278 2100 5329 ad
2134 5261 2254 5343 cap.
2283 5275 2371 5338 5|,
2406 5272 2515 5343 lib.
2538 5286 2591 5323 tv
2644 5268 2808 5343 Hist?
2837 5284 2891 5343 p_.
2916 5267 3040 5343 350,
3069 5280 3231 5335 quam
3255 5261 3463 5343 φρς-ξξ,

1900 5349 1993 5401 l;b.
2018 5363 2092 5411 VI,
2124 5331 2216 5414 μ’
2234 5343 2338 5397 395
2358 5331 2725 5397 edit.l.utetiae
2763 5331 3103 5414 Parisiorum
3137 5334 3268 5414 anni
3304 5331 3462 5414 isse,

1901 5418 1991 5471 ubi
2036 5403 2369 5470 tle-Novato
2417 5416 2639 5471 suisque
2702 5410 2924 5465 asseelis
2957 5406 3198 5469 disserit,
3255 5403 3465 5457 nullum

1901 5488 2067 5543 alium
2096 5484 2441 5555 Hippolytum
2473 5499 2503 5536 a
2539 5475 2831 5536 Prudentio
2877 5481 2928 5555 iit
2964 5493 3063 5533 suo
3098 5477 3298 5545 hymno
3328 5475 3465 5555 .lau--

1901 5561 2087 5613 datutn
2122 5545 2384 5622 agnoscit,
2414 5570 2576 5623 quam
2606 5562 2851 5623 nostrum
2882 5549 3234 5623 Portuensem
3259 5545 3469 5613 episeo-

1904 5644 2051 5698 pum.
2085 5644 2104 5678 ι
2138 5619 2455 5698 Hippolytus
2495 5622 2807 5678 Portuensis
2835 5619 3121 5689 episcopus
3145 5625 3199 5698 e_t
3228 5624 3467 5698 martyr,

1904 5685 2025 5752 cum
2043 5698 2109 5751 ad
2142 5685 2466 5765 supplicium
2500 5703 2799 5765 raperetur,
2834 5685 2892 5765 ut
2930 5685 3193 5765 est—apud
3226 5685 3470 5765 Pruden-

1904 5773 2060 5831 tium,
2090 5788 2107 5820 ι
2136 5756 2444 5835 respondit:
2471 5785 2493 5814 ι
2520 5756 2727 5835 Fugite,
2762 5778 2803 5835 op
2823 5759 3029 5825 miseri,
3054 5756 3235 5835 rete"
3260 5756 3471 5827 insigne

1905 5831 2305 5895 retractationis
2341 5852 2434 5893 seu
2479 5831 2837 5892 revocationis
2869 5831 3199 5901 exemplum.
