3826 6472
480 377 588 438 405

1275 375 1361 428 DE
1398 370 1791 429 PORTUENSI
1828 373 1887 430 s.
1927 342 2288 428 animum
2321 369 2513 425 sane.
2546 400 2615 411 —
2649 368 2827 426 PARS
2864 370 2902 425 ι.

3595 370 3689 429 101

411 489 420 496 ’
478 509 604 553 ante
629 510 801 552 annos
832 494 1017 557 edidit,
1052 509 1214 564 quam
1256 492 1484 549 Rutilius
1515 493 1829 550 Eusebiana:
1869 492 2048 546 Histo~
2077 498 2123 553 Α
2150 491 2366 561 capitali
2401 490 2663 559 supplicio
2698 491 2879 545 statim
2927 489 3190 544 sententia
3224 497 3446 545 senatus
3477 490 3690 544 damna-

478 592 573 644 τίω
603 589 905 644 versionem
934 586 1273 641 adornasset.
1334 585 1452 640 Non
1500 586 1667 640 levem
1714 586 1945 654 denique
1984 584 2041 639 S.

477 680 686 735 doctori
746 678 930 734 Graece
981 692 1045 731 ac
1097 676 1358 732 Hebraice
1409 676 1737 745 peritissimo
1788 676 2043 745 injuriam

477 772 649 843 gratis
699 771 926 826 inurunt
972 769 1218 841 Moynius
1264 779 1317 824 et
1371 768 1643 839 Scaliger,
1686 769 1816 824 dum
1866 768 2045 837 ipsum

476 878 586 917 non
619 862 836 917 aliunde
885 862 1018 926 haec,
1059 876 1179 930 qua:
1208 862 1274 915 de
1304 860 1594 930 Apollonio
1623 859 1861 924 tradidit,
1912 858 2047 911 hau-

477 954 614 1008 sisse
640 963 927 1008 autumant
955 968 1119 1023 quam
1149 968 1212 1007 ex
1238 960 1531 1006 memorata
1557 948 1738 1004 Rufini
1765 948 2043 1015 versione;

475 1045 605 1114 quid
634 1045 777 1099 enim
807 1045 924 1114 ipsa
956 1060 1094 1115 opus
1120 1044 1308 1097 habuit
1340 1042 1721 1113 Hieronymus,
1771 1041 1863 1110 qui
1894 1039 2044 1095 Grae-

474 1149 568 1187 cas
616 1134 821 1189 litteras
871 1143 981 1187 tam
1025 1133 1195 1202 probe
1234 1132 1455 1186 calluit?
1498 1130 1775 1199 Tandem,
1809 1138 1869 1183 ut
1899 1138 2048 1182 notat

473 1224 825 1279 doctissimus
856 1224 1157 1278 monachus
1175 1222 1541 1277 Theodoricus
1572 1220 1884 1274 Ruinartius
1910 1218 2044 1289 (87),

476 1314 536 1368 S.
563 1313 891 1385 Hieronymo
930 1314 1110 1369 favent
1143 1323 1323 1368 vetera
1371 1328 1599 1382 quaeque
1641 1310 2043 1380 Martyrologia,

473 1422 597 1477 qua:
624 1407 712 1461 die
754 1406 819 1459 18
846 1405 1066 1474 Aprilis,
1113 1422 1222 1475 quo
1266 1405 1438 1459 sancti
1478 1403 1746 1473 Apollonii
1789 1402 1931 1456 diem
1968 1400 2047 1454 fe-

475 1508 620 1552 stum
676 1499 989 1562 celebrant,
1038 1514 1162 1552 eum
1210 1496 1454 1551 disertim
1507 1492 1810 1550 senatorem
1866 1492 2049 1562 appel-

476 1590 609 1645 lant.

478 1696 547 1755 V.
567 1697 627 1754 S.
646 1698 960 1768 Apollonius
979 1716 1080 1753 non
1097 1717 1128 1753 a
1151 1700 1377 1754 Perenni
1397 1701 1661 1770 prta/ecta,
1679 1699 1768 1753 sed
1797 1716 1829 1753 a
1861 1708 2047 1753 senatu

674 1794 677 1799 ί
766 1771 987 1839 capitali
1035 1772 1293 1825 sententia
1339 1770 1622 1825 damnatus
1655 1771 1779 1840 fuit.

542 1861 698 1928 Quod
723 1863 791 1917 ad
811 1863 1003 1933 capitis
1030 1866 1355 1918 sententiain
1390 1865 1600 1928 attinet,
1620 1878 1727 1934 qua
1751 1864 2049 1917 damnatus

473 1967 558 2011 est
598 1957 937 2025 Apollonius,
966 1957 1107 2011 hanc
1138 1973 1245 2011 non
1282 1974 1313 2012 a
1342 1957 1571 2013 Perenni
1602 1957 1879 2027 przefecto,
1898 1959 1988 2012 sed
2016 1973 2048 2012 a

478 2058 672 2103 senatu
694 2050 1093 2118 promulgatam
1123 2059 1354 2105 testatur
1376 2051 1664 2116 Eusebius,
1699 2051 1857 2119 cujus
1885 2049 2049 2104 verba

473 2139 643 2209 paulo
658 2154 819 2209 supra
846 2141 1135 2211 exscripsit
1158 2142 1412 2195 ideunnet
1436 2142 1704 2213 Moyuius;
1721 2156 1890 2210 quare
1907 2156 2051 2195 sum-

472 2246 694 2301 mopere
724 2234 1020 2297 miramur,
1048 2232 1225 2286 virum
1262 2234 1479 2287 doctum
1503 2275 1516 2297 ,
1550 2234 1750 2288 suimet
1780 2234 2047 2302 quodam-

473 2324 638 2378 inodo
658 2324 1032 2391 oblitum,tain
1057 2325 1294 2379 absurda
1312 2325 1611 2380 dictitasse.
1633 2324 1897 2379 Perennis
1919 2340 2051 2394 pra:-

470 2416 617 2471 torio
639 2416 927 2487 przefectus
945 2432 1053 2471 non
1078 2417 1130 2470 in
1150 2416 1518 2486 Apollonium,
1538 2416 1632 2469 sed
1658 2416 1711 2468 in
1734 2415 2052 2471 scelestissi-

472 2520 623 2559 mum
642 2505 876 2560 indicem
901 2505 995 2575 qui
1014 2506 1362 2575 Apollonium
1385 2505 1757 2559 Christianum
1781 2519 1902 2559 esse
1924 2519 2050 2574 pro-

473 2598 615 2652 didit
637 2597 819 2667 (quem
843 2597 901 2652 S.
927 2596 1292 2668 Hieronymus
1317 2596 1428 2669 (88)
1449 2597 1732 2666 ipsiusmet
1759 2597 1817 2652 S.
1846 2605 2049 2668 marty-

473 2690 555 2744 ris
587 2705 807 2744 servum
833 2688 1093 2744 Severum
1116 2690 1339 2746 nomine
1368 2690 1538 2746 luisse
1564 2690 1793 2761 scribit),
1820 2690 2048 2745 extremi

473 2782 728 2849 supplicii
754 2783 1079 2838 sententiam
1109 2783 1503 2852 pronuntiavit.
1537 2782 1614 2836 En
1640 2783 1808 2853 ipsius
1830 2782 2048 2837 Eusebii

472 2871 638 2925 verba
667 2872 817 2943 (89):
855 2892 873 2924 ι
918 2874 1022 2927 Sed
1056 2875 1241 2933 miser.
1296 2875 1488 2944 inquit,
1534 2876 1910 2945 intempestive
1957 2892 2049 2930 su-

474 2972 661 3032 scepta
695 2964 1043 3019 accusatione
1074 2965 1344 3033 (videlicet
1377 2966 1622 3035 servus),
1658 2983 1780 3020 cum
1812 2968 2047 3036 impera-

474 3054 617 3108 torio
647 3055 828 3109 edicto
860 3056 1108 3124 capitalis
1152 3072 1309 3125 poena
1350 3057 1404 3109 in
1435 3072 1529 3111 eos
1592 3058 1684 3126 qui
1723 3059 1848 3111 talia
1893 3057 2048 3111 detu-

474 3148 668 3203 lissent
707 3160 851 3203 esset
884 3150 1178 3204 constituta
1207 3191 1222 3216 ,
1250 3150 1534 3206 confestim
1575 3150 1763 3207 fractis
1794 3153 2045 3208 cruribus

473 3242 763 3308 occiditur,
788 3240 1031 3297 Perenne
1050 3244 1233 3312 judice
1264 3245 1532 3314 ejusmodi
1566 3248 1827 3303 adversus
1861 3249 2041 3319 ipsum

474 3334 800 3387 sententiam
852 3336 1261 3404 pronuntiante.
1297 3347 1316 3389 δ
1354 3335 1673 3406 Apollonius
1705 3355 1834 3393 vero
1879 3355 1908 3393 a
1958 3356 2045 3396 se-

475 3432 629 3489 natu,
655 3432 716 3477 ut
747 3424 985 3481 diximus
1004 3468 1018 3491 ,
1045 3442 1153 3480 non
1188 3442 1217 3480 a
1251 3426 1506 3491 Perenni,
1527 3430 1743 3497 capitali
1775 3433 2045 3487 sententia

475 3512 582 3567 fuit
608 3515 930 3583 damnatus,
962 3520 1106 3587 quod
1140 3521 1426 3589 perspicue
1456 3521 1615 3575 docet
1659 3521 1923 3578 Eusebius
1961 3524 2045 3580 his

477 3604 703 3659 verbis:
738 3624 757 3656 ι
788 3605 990 3660 Verum
1037 3607 1149 3662 Deo
1178 3611 1589 3677 acceptissimus
1637 3623 1858 3684 martyr,
1905 3615 2047 3668 mul-

477 3704 595 3750 tum
623 3712 687 3751 ac
711 3698 874 3752 enixe
900 3715 1025 3754 eum
1053 3712 1318 3757 exorante
1355 3704 1537 3772 judice
1558 3746 1571 3768 ,
1626 3715 1686 3759 ut
1718 3708 1783 3761 de
1811 3708 1916 3762 ﬁde
1948 3724 2046 3765 sua

479 3800 664 3840 coram
691 3796 881 3843 senatu
906 3789 1243 3860 loqueretur,
1261 3807 1383 3845 cum
1410 3792 1774 3847 disertissima
1799 3796 2047 3867 apologia

478 3875 605 3932 ﬁdei
645 3894 758 3933 sum
785 3894 967 3934 coram
1018 3880 1274 3937 omnibus
1304 3883 1571 3937 rationem
1607 3891 1834 3940 testatus
1867 3888 2046 3953 esset,

477 4033 1087 4111 ecclesiastiq_ue,_Notes
1130 4053 1231 4111 sur
1252 4038 1403 4111 saint
1446 4040 1711 4110 Apollone
1756 4040 2046 4111 sénateur,

477 4120 601 4174 pag.
630 4105 733 4181 (314
754 4105 883 4161 edit.
908 4105 1079 4162 Paris.
1106 4108 1371 4181 an.1701,
1391 4105 1517 4164 note
1534 4112 1586 4164 1:
1611 4130 1630 4162 ο
1654 4122 1771 4167 ...et
1796 4114 1956 4181 qu’ils
1983 4105 2051 4169 ne

480 4190 541 4230 se
576 4175 754 4248 solent
778 4192 873 4245 pas
892 4193 1163 4248 souvenus
1192 4195 1298 4248 que
1319 4180 1478 4235 Rutin
1510 4183 1593 4235 n‘a
1621 4175 2049 4238 traduitEusebe

486 4245 743 4322 que_bien
768 4248 864 4322 des
891 4245 1394 4322 atinées_apresque
1421 4250 1478 4306 S.
1509 4249 1723 4305 Jért‘nne
1740 4254 1883 4307 avait
1901 4253 2048 4322 parlé

480 4312 947 4439 apu3}eipollone
988 4334 1054 4372 en
1079 4312 1203 4385 599.,
1230 4312 1368 4375 dans
1392 4337 1490 4376 son
1518 4323 1675 4378 traité
1695 4322 1796 4376 Des
1820 4312 2049 4379 hoinmes

554 4455 665 4524 (87)
704 4458 858 4531 Acta__
887 4467 1200 4531 martyrum,
1250 4476 1373 4529 pag.
1424 4461 1513 4525 72,
1548 4463 1613 4515 de
1652 4460 1708 4515 S.
1766 4463 2052 4531 Apollonio

2147 592 2252 638 tur.
2282 602 2300 635 ι
2336 582 2466 637 Jure
2500 583 2665 652 igitur
2698 598 2761 636 ac
2814 583 3006 635 merito
3051 580 3314 635 Henricus
3358 580 3604 635 Valesius
3643 582 3691 636 in

2146 678 2289 733 notis
2319 677 2383 730 ad
2424 676 2567 730 hunc
2594 674 2810 729 Eusebii
2845 674 3023 728 locum
3076 672 3401 728 senatoriam
3438 672 3690 741 Apollonii

2147 769 2461 839 dignitatem
2494 768 2705 837 egregie
2736 775 2947 829 tuetur,
2973 780 3040 819 eo
3087 765 3230 834 quod
3265 766 3381 833 ipse
3414 780 3444 817 a
3477 764 3691 818 Perenni

2146 855 2401 927 praefecto
2450 855 2641 924 jussus
2702 853 2869 908 fuerit
2920 869 3103 908 coram
3164 862 3355 908 senatu
3412 853 3539 906 ﬁdei
3595 867 3693 906 sua:

2147 950 2410 1003 rationem
2460 948 2700 1000 reddere.
2750 944 2968 998 Valesio
3017 943 3364 998 subscribam
3415 942 3694 997 Tillemon-

2146 1041 2255 1095 tius
2281 1039 2392 1111 (90)
2426 1047 2479 1106 et
2511 1038 2789 1108 Remigius
2814 1037 3117 1091 Ceillierius
3149 1036 3286 1106 (91).

2148 1152 2236 1209 Vl.
2278 1154 2563 1222 Praefectos
2600 1152 2845 1220 prdatorio
2878 1151 3121 1219 ipsosmet
3157 1158 3435 1222 senatores
3468 1144 3696 1215 quando-

2568 1238 2665 1291 que
2686 1222 2955 1291 judicasse
2984 1220 3291 1271 ostenditur.

2219 1314 2407 1384 Neque
2435 1328 2540 1369 nos
2566 1314 2754 1367 sinunt
2784 1313 2834 1364 iu
2862 1312 3187 1365 contrariam
3216 1309 3363 1362 abire
3386 1306 3697 1361 sententiam

2151 1404 2409 1478 Scaligeri
2431 1414 2485 1459 et
2509 1404 2706 1475 Moynii
2729 1411 3068 1473 argumenta,
3105 1409 3287 1469 utpote
3311 1415 3432 1468 quae
3458 1397 3607 1451 facili
3626 1397 3700 1451 di-

2148 1499 2367 1552 luantur
2379 1496 2613 1566 negotio.
2632 1494 2977 1547 Dicuutenim
2994 1491 3301 1561 praelectum
3326 1490 3605 1558 praetorio,
3620 1486 3700 1556 qui

2149 1598 2278 1644 tunc
2304 1588 2559 1656 temporis
2581 1602 2645 1640 ex
2662 1585 2899 1653 equestri
2922 1584 3111 1637 ordine
3133 1582 3545 1641 desumebatur,
3568 1592 3707 1632 sena-

2151 1691 2328 1737 torum
2353 1679 2575 1750 judiciis
2596 1678 2860 1731 interesse
2889 1676 3036 1729 nullo
3065 1682 3223 1744 pacto
3251 1672 3498 1742 potuisse
3522 1690 3536 1723 :
3568 1670 3702 1738 atqui

2150 1772 2410 1826 Perennis
2433 1769 2684 1840 praetorio
2699 1766 3005 1838 praefectus,
3020 1782 3143 1821 cum
3166 1766 3219 1819 in
3254 1772 3448 1818 senatu
3468 1764 3539 1817 de
3557 1761 3705 1831 Apol-

2076 1845 2296 1913 Bionio
2313 1858 2540 1926 quaestio
2564 1856 2749 1910 habita
2773 1864 2891 1921 est,
2918 1869 3157 1924 praesens
3193 1851 3318 1920 fuit,
3342 1861 3396 1906 et
3433 1851 3707 1907 sanctissi-

2149 1965 2298 2004 mum
2320 1947 2522 2002 Christi
2546 1956 2836 2017 martyrem
2862 1961 2959 2015 pro
2984 1945 3241 1999 tribunali
3259 1945 3325 1999 de
3350 1959 3466 1998 sua:
3500 1943 3709 2013 religio-

2149 2043 2235 2097 nis
2262 2042 2365 2095 ﬁde
2385 2039 2756 2109 interrogavit:
2779 2037 3125 2108 Apollonium
3149 2052 3279 2107 ergo
3305 2052 3371 2091 ex
3394 2045 3706 2090 senatorum

2150 2134 2272 2187 albo
2299 2131 2522 2185 omnino
2553 2130 2862 2183 delendum.
2892 2128 3154 2183 Fatemur
3178 2128 3429 2198 equidem
3459 2142 3594 2182 cum
3620 2128 3708 2181 do—

2150 2226 2251 2279 ctis
2283 2224 2413 2277 viris
2440 2222 2724 2277 Paucirolo
2750 2222 2862 2291 (92)
2893 2233 2945 2277 et
2983 2221 3314 2277 Gothofredo
3343 2220 3490 2292 (93),
3523 2230 3711 2291 prasto-

2151 2317 2231 2370 rio
2266 2315 2565 2385 praefectos,
2601 2322 2660 2369 ut
2689 2316 2835 2370 viros
2857 2316 3127 2385 equestris
3156 2315 3388 2379 ordinis,
3422 2316 3630 2369 nullam
3662 2315 3712 2369 in

2151 2418 2431 2461 senatores
2462 2413 2784 2475 potestatem
2816 2414 2942 2461 ante
2974 2405 3341 2460 Alexandrum
3365 2406 3492 2476 jure
3521 2406 3712 2459 habere

2148 2500 2418 2568 potuisse;
2486 2514 2675 2554 verum
2724 2501 2795 2554 ob
2858 2499 3300 2568 corruptissimos
3352 2498 3710 2568 quorumdam

2148 2592 2516 2662 Augustorum
2544 2608 2744 2656 mores,
2778 2596 2872 2663 qui
2907 2593 3163 2647 vitiorum
3196 2591 3469 2647 illecebris
3504 2592 3710 2655 irretiti,

2151 2684 2362 2753 imperii
2405 2701 2559 2755 teque
2600 2701 2665 2740 ac
2715 2685 2940 2754 pudoris
2986 2684 3369 2747 immemores,
3406 2683 3712 2751 reipublicae

2149 2777 2516 2831 moderamina
2542 2776 2807 2846 prail‘ectis
2834 2776 3585 2847 praetorioconcrediderunt,
3613 2790 3711 2829 rem

2149 2870 2305 2925 aliter
2337 2871 2586 2925 evenisse
2632 2871 2880 2926 scribunt
2926 2871 3141 2923 illorum
3184 2880 3490 2938 temporum
3538 2869 3713 2923 ocula-

2148 2966 2341 3020 tissimi
2368 2975 2552 3028 testes,
2580 2963 2801 3019 Tacitus
2825 2962 2939 3034 (91)
2970 3004 2985 3028 ,
3015 2962 3379 3032 Lampridius.
3407 2962 3529 3028 Dio,
3558 2962 3714 3017 llero-

2148 3057 2363 3120 dianus,
2398 3054 2745 3125 Spartianus,
2778 3056 3000 3123 aliique,
3031 3070 3095 3108 ex
3127 3071 3359 3124 quorum
3393 3071 3713 3109 monumeno

2148 3146 2217 3201 tis
2248 3155 2431 3215 aperte
2468 3144 2776 3214 colligimus
2801 3144 3085 3214 praefectos
3132 3145 3385 3214 praetorio
3416 3160 3525 3199 non
3567 3144 3716 3198 modo

2146 3247 2460 3293 senatorum
2490 3253 2686 3292 causas
2718 3246 2843 3292 ante
2872 3238 3240 3291 Alexandrum
3285 3237 3603 3306 judicasse,
3635 3253 3715 3291 ve-

2144 3346 2289 3397 rum,
2322 3330 2465 3401 quod
2490 3331 2787 3384 maximum
2814 3339 2918 3394 est,
2945 3329 3157 3399 imperii
3188 3328 3426 3383 Romani
3449 3328 3619 3383 veluti
3639 3344 3716 3381 ar-

2145 3424 2319 3478 bitros
2377 3424 2675 3478 exstitisse.
2734 3422 2998 3477 Perennis
3063 3423 3318 3491 praetorio
3395 3420 3715 3490 praefectus,

2145 3530 2305 3583 quem
2354 3524 2510 3585 negat
2561 3514 2819 3583 Scaliger,
2871 3522 2930 3566 ut
2966 3514 3143 3567 virum
3176 3512 3446 3583 equestris
3478 3511 3714 3577 ordinis,

2147 3614 2459 3661 senatorum
2503 3604 2723 3673 judiciis
2775 3605 3039 3659 interesse
3081 3610 3358 3674 potuisse,
3415 3602 3717 3658 Commodo

2147 3700 2489 3766 luxuriante,
2549 3699 2846 3754 vastissimi
2892 3698 3104 3767 imperii
3152 3699 3391 3753 habenas
3445 3696 3713 3766 suscepit,

2148 3791 2459 3861 Lampridio
2492 3800 2624 3845 teste
2657 3789 2800 3861 (95),
2835 3790 2926 3859 qui
2955 3806 3068 3844 rem
3117 3797 3269 3843 tanto
3293 3791 3543 3859 Augusto
3576 3790 3717 3843 inde-

2148 3898 2334 3939 coram
2375 3884 2631 3954 graphice
2675 3881 2936 3937 describit
2982 3881 3070 3934 his
3110 3881 3294 3935 verbis
3333 3896 3347 3931 :
3400 3898 3419 3931 ‹
3457 3879 3715 3935 Perennis

2148 4046 2353 4101 mensis
2381 4045 2581 4125 Aprilis
2624 4044 2711 4098 die
2754 4043 2866 4124 18,⁸
2888 4043 2941 4096 in
2979 4041 3039 4096 S.
3073 4040 3352 4111 Apollonio
3378 4055 3503 4161 pag.
3539 4040 3643 4093 559
3669 4048 3719 4092 et

2152 4132 2303 4161 smn-
2334 4116 2462 4161 edit-
2500 4115 2714 4161 Veneta!
2742 4129 2869 4161 anm
2898 4112 3055 4161 1758.
3086 4111 3140 4161 lu
3180 4110 3427 4161 Romano
3488 4109 3719 4161 lartvro-

2152 4132 2303 4185 seqq.
2334 4109 2462 4169 edit.
2500 4115 2719 4185 Venetze
2742 4114 2869 4185 anni
2898 4112 3055 4167 1738.
3086 4109 3140 4164 lu
3180 4110 3427 4185 Romano
3457 4109 3719 4185 Martyro:

2150 4177 2292 4255 logie
2316 4186 2477 4239 etiam
2505 4184 2562 4239 S.
2591 4180 2907 4255 Apollonius
2934 4191 3153 4255 senator
3186 4180 3535 4255 nominatur;
3539 4177 3627 4232 die

2150 4248 2392 4325 Aprilis,
2434 4271 2554 4324 pag.
2612 4248 2713 4307 136
2759 4254 2919 4325 edit._
2938 4248 3577 4325 Alituerpieiisis_1615,
3632 4248 3717 4325 ubi

2151 4319 2320 4380 multa
2352 4326 2419 4380 de
2434 4319 2745 4378 Commodo
2797 4333 2851 4378 et
2890 4322 3155 4377 Perennio
3185 4319 3452 4374 Baronius
3484 4320 3539 4372 iu
3583 4320 3719 4373 notis

2153 4405 2556 4451 commemorat.

2226 4465 2338 4535 (88)
2379 4467 2509 4531 Cap.
2553 4464 2623 4517 42
2667 4464 2744 4517 De
2771 4463 2901 4535 viris
2931 4460 3274 4535 illitstribtts.__
3300 4458 3597 4535 Deservo,
3630 4459 3715 4535 qui

481 4527 905 4604 martyre,_ed_it.
938 4526 1201 4604 _Veron:e_
1246 4526 1349 4604 an:
1395 4532 1557 4604 1751.
1616 4526 2052 4604 Martyrologium
2088 4533 2130 4590 D
2161 4526 2582 4604 S.Apollonium
2613 4535 2869 4604 prodidit,
2891 4529 3466 4604 legendusyallarsius
3500 4530 3552 4581 in
3582 4526 3719 4604 notis

480 4596 690 4669 Adonis
713 4599 798 4669 die
826 4598 892 4651 18
922 4598 1119 4667 Aprilis
1170 4598 1226 4653 S.
1273 4601 1543 4669 Apollonii
1591 4596 1863 4658 senatoris
1899 4596 2055 4659 men-

483 4668 683 4742 tionem
698 4668 903 4742 liabet,
924 4685 1044 4742 pag.
1100 4669 1202 4742 161
1231 4668 1360 4725 edit.
1409 4670 1593 4725 Romae
1627 4673 1786 4737 1745,
1808 4690 1968 4742 opera
2003 4685 2057 4730 et

482 4736 664 4813 studio
694 4737 959 4813 I_)_omi_nici
991 4736 1228 4813 Georgii,
1262 4742 1352 4808 qui
1380 4743 1597 4813 insuper
1619 4743 1730 4796 haec
1754 4736 1909 4813 (not-at
1933 4761 2053 4813 pag.

481 4806 618 4860 162:
646 4824 665 4858 σ
702 4806 992 4862 Meminere
1019 4806 1370 4873 Ado'tioster,
1405 4806 1708 4877 Usuardus,
1750 4806 2054 4868 Romanum

480 4892 734 4957 parvum,
767 4889 820 4932 et
847 4878 1133 4957 Nulli-erus.
1165 4879 1406 4957 Meminit
1436 4881 1888 4957 Ricbenoviense.
1925 4904 1953 4957 »ί
1983 4884 2056 4938 De

482 4946 630 5001 illius
670 4950 936 5019 martyrio
982 4949 1248 5003 Baronius
1296 4951 1363 5003 ad
1408 4967 1497 5005 an.
1547 4952 1686 5015 189,
1735 4969 1886 5007 num.
1935 4956 1958 5007 1
2003 4964 2057 5009 et

481 5032 638 5093 seq.;_
670 5017 871 5087 Pagius
895 5018 947 5072 in
972 5019 1259 5093 Criticaad
1295 5036 1383 5093 an.
1416 5022 1537 5085 187,
1565 5038 1714 5078 num.
1738 5024 1798 5093 ,5,
1833 5040 2055 5093 passum

480 5088 758 5163 cristimat
795 5104 938 5163 anno
976 5089 1096 5163 186.
1146 5088 1426 5163 Usuardus
1454 5108 1669 5160 quoque
1726 5092 1784 5148 S.
1833 5088 2056 5163 Apollo-

478 5158 630 5233 nium
658 5161 922 5233 senatoris
952 5160 1107 5233 titulo
1133 5159 1406 5233 decpravit
1427 5180 1441 5214 :
1466 5158 1483 5211 ἑ
1514 5158 1699 5217 Romae
1726 5164 1869 5217 beati
1886 5158 2057 5233 Ἀνοί-

481 5225 927 5302 lonirsenatoris,
965 5231 1056 5302 qui
1078 5232 1194 5302 (sub
1219 5231 1518 5285 Commodo
1548 5233 1793 5302 principe
1828 5251 1857 5288 a
1895 5225 2055 5289 servo

480 5297 748 5364 proditus,
785 5300 925 5368 quod
960 5297 1301 5371 Christianus
1344 5310 1506 5367 esset,
1548 5297 1763 5371 insigne
1801 5305 2052 5359 volumen

483 5371 809 5436 composuit,
841 5370 983 5440 quod
1014 5370 1067 5423 in
1097 5381 1285 5423 senatu
1314 5372 1457 5440 legit,
1484 5389 1547 5426 ac
1573 5370 1765 5427 deinde
1791 5375 2054 5429 sententia

484 5449 705 5494 senatus
732 5455 829 5507 pro
856 5438 1074 5493 Christo
1106 5442 1280 5508 capite
1312 5438 1593 5497 truncatus
1621 5454 1720 5498 est.
1763 5466 1779 5495 υ
1815 5444 2053 5499 Videnda

480 5522 604 5583 quae
632 5509 695 5561 ad
728 5511 874 5563 hunc
904 5510 1096 5583 locum
1148 5512 1377 5583 notavit,
1404 5510 1641 5568 Joannes
1668 5513 1903 5583 Baptista
1934 5514 2054 5568 Sol-

482 5576 651 5653 lerius
680 5580 1124 5634 accuratissimus
1151 5580 1382 5653 Usuar_di
1412 5583 1605 5647 editor,
1636 5576 1766 5638 tom'.
1794 5583 1878 5647 Vl,
1912 5597 2047 5653 part.

486 5664 525 5707 t,
550 5648 681 5701 Acta
712 5660 1024 5723 sancgrum
1060 5652 1265 5705 mensis
1312 5650 1458 5723 Junii
1500 5670 1620 5723 pag.
1656 5654 1760 5707 218
1794 5648 1928 5708 edit:
1963 5654 2054 5709 νθ-

484 5726 621 5796 netu:
649 5719 1401 5796 anni‘17d5,‘nec_non_quae
1433 5719 1757 5796 Gode'fridus
1785 5723 2053 5779 Hensche-

486 5788 630 5855 nius,
662 5796 713 5843 et
754 5787 939 5845 Daniel
980 5787 1381 5859 Papebrochius
1431 5802 1560 5848 tom.
1624 5794 1667 5847 ll
1706 5796 1822 5850 Act.
1874 5804 2045 5858 sauct.

2158 4608 2221 4659 ad
2256 4599 2397 4659 hunc
2420 4605 2593 4658 locum
2611 4599 2963 4676 ;—_Tillenion_t;
2985 4600 3229 4676 tom._lll,
3254 4617 3373 4676 pag.
3406 4599 3572 4653 citata
3590 4599 3715 4661 6H;

2712 4691 2834 4743 pag.
2864 4674 2985 4736 152,
3018 4688 3067 4725 c.
3100 4671 3182 4733 15,
3215 4672 3436 4743 aliique.

2158 4676 2391 4730 Ceillier.
2437 4684 2567 4727 tom.
2602 4673 2647 4726 ll
2666 4717 2680 4738 ,

3427 4737 3536 4792 2-50
3588 4738 3713 4792 edit.

2229 4746 2338 4816 (89)
2384 4744 2527 4799 Hist.
2565 4742 2746 4798 eccles.
2791 4745 2882 4797 lib.
2947 4760 2997 4808 ν,
3051 4759 3099 4796 c.
3156 4742 3260 4805 21,
3316 4756 3372 4809 p.

2156 4815 2512 4884 Cantabrigie.
2578 4883 2589 4884 γ
2604 4882 2615 4884 Α
2663 4831 2673 4844 “

2229 4886 2339 4953 (99)
2380 4878 2533 4938 Tom.
2576 4882 2675 4944 lll,
2714 4898 2837 4952 pag.
2866 4881 2966 4947 56,
2994 4879 3231 4953 inSaint
3258 4880 3542 4953 Apollone,
3564 4878 3720 4953 sena-

2155 4949 2276 5037 teur
2306 4949 2513 5009 remain
2546 4964 2600 5009 et
2625 4949 2869 5024 martyr,
2914 4964 2967 5006 et
3006 4951 3111 5004 615
3150 4961 3204 5003 et
3233 4966 3420 5018 seqq.,
3454 4950 3509 5001 in
3540 4949 3721 5001 citatis

2155 5035 2340 5162 ιι03181.)
2382 5094 2536 5149 Tom.
2569 5094 2662 5148 cit.
2700 5094 2765 5153 ll.
2795 5108 2919 5162 pag.
2955 5090 3139 5162 eadem
3170 5090 3273 5143 152
3293 5131 3307 5153 ,
3337 5105 3389 5144 c.
3420 5087 3491 5141 15
3527 5089 3716 5162 citato.

2377 5167 2431 5220 ln
2467 5164 2673 5238 Notitia
2715 5159 2971 5238 utraque_
2992 5161 3347 5238 dignitatum,
3385 5159 3614 5238 cap._5,
3654 5161 3720 5235 de.

2155 5230 2425 5359 pegma
2465 5236 2736 5304 pratorio,
2780 5249 2900 5302 pag.
2942 5231 2971 5282 7
3016 5231 3143 5285 edit.
3180 5230 3562 5300 Lugdunensis
3589 5231 3715 5281 anui

2159 5345 2339 5447 “(’95)
2379 5375 2435 5428 lu
2464 5376 2584 5431 cod.
2610 5374 3012 5447 Theodosiano,
3043 5385 3161 5447 cap.
3193 5370 3279 5447 1__5,
3305 5370 3719 5447 desertatorum

2156 5438 2402 5533 ciiiilinis
2435 5461 2653 5533 reor‘um
2686 5445 2838 5509 loro,
2874 5454 3006 5497 tom.
3054 5438 3125 5495 Ill
3152 5441 3280 5496 edit.
3333 5438 3535 5509 Lipsia:
3585 5438 3717 5492 anui

2156 5517 2313 5573 1758.
2349 5532 2469 5583 pag.
2508 5516 2594 5573 18.
3707 5578 3715 5585 ἱ

2225 5587 2338 5654 (94)
2384 5586 2498 5638 Lib.
2534 5602 2583 5638 iv
2603 5594 2655 5638 et
2677 5601 2710 5638 v
2734 5583 3036 5650 Annalium,
3064 5583 3115 5636 in
3143 5581 3343 5654 quibus
3366 5579 3497 5635 Elii
3532 5579 3719 5648 Sejani

2152 5653 2390 5729 prreltecti
2427 5658 2677 5729 praetorio
2710 5656 3002 5729 potentiam
3036 5653 3319 5729 describit.

2221 5726 2332 5796 (95)
2372 5721 2440 5778 ln'
2474 5721 2758 5796 Commodo
2784 5768 2797 5791 ,
2852 5741 2972 5794 pag.
3023 5725 3137 5796 47,
3161 5724 3227 5796 in
3262 5722 3407 5780 Hist.
3469 5721 3725 5791 Augusta?

2152 5792 2488 5868 scriptoribus
2523 5798 2649 5851 edit.
2683 5792 2867 5852 Pat‘is.’
2891 5792 3014 5851 anni
3054 5792 3203 5849 1620.
