3826 6530
216 409 327 465 405

1020 408 1108 465 DE
1146 409 1539 468 PORTUENSI
1580 415 1637 470 S.
1674 413 2030 469 lllPPOLYTl
2065 413 2258 470 SEDE.
2292 444 2362 454 --
2389 413 2568 470 PARS
2598 413 2639 468 Υ.
2679 421 2682 425 ’

3352 419 3453 475 ιοσ

213 543 398 588 autem
433 532 718 589 Commodi
744 532 985 588 animum
1018 536 1328 603 praesciens,
1350 536 1571 597 invenit,
1596 552 1785 605 qucm-
1812 542 1856 599 Α
1885 538 2004 598 eius
2047 538 2253 607 judicio
2297 537 2351 591 in
2394 546 2582 593 senatu
2630 535 2968 602 interfuerit,
3004 538 3167 607 quod
3205 538 3452 609 impossi-

212 624 510 680 admodum
556 626 671 695 ipse
708 635 899 695 potens
935 635 1107 692 essm;
1156 643 1280 681 nam
1314 628 1583 697 persuasit
1624 629 1787 683 Com-

212 717 403 781 modo,
436 726 496 770 ut
525 717 639 786 ipse
662 716 875 771 deliciis
902 726 1140 777 vacaret,
1186 717 1327 771 idem
1376 732 1502 771 vero
1531 717 1785 772 Perennis

208 805 363 861 curis
394 805 768 873 incumberet,
818 805 963 877 quod
992 806 1323 862 Commodus
1367 807 1611 862 lretanter
1632 824 1786 863 acce-

208 897 306 967 pit.
334 917 354 950 i
390 898 459 953 Et
485 900 649 968 paulo
676 908 801 968 post
827 915 842 953 :
876 917 894 949 ι
921 897 1072 952 Tunc
1101 906 1278 953 tamen
1303 898 1563 954 Perennis
1592 910 1783 955 cuncta

206 991 437 1046 sibimet
464 992 778 1057 vindicavit,
815 1008 952 1062 quos
986 992 1157 1046 voluit
1204 992 1496 1057 interemit,
1530 992 1785 1061 spoliavit

207 1081 517 1151 plurimos,
554 1084 738 1138 omnia
784 1084 907 1153 jura
934 1084 1216 1139 subvertit.
1248 1102 1268 1136 ›
1304 1082 1614 1168 Lampridio
1653 1098 1787 1137 con-

206 1174 457 1232 sentiunt
480 1173 582 1229 Dio
601 1172 710 1245 (96)
734 1183 789 1229 et
818 1173 1181 1241 Herodianus,
1202 1175 1346 1230 unde
1372 1174 1532 1230 nobis
1554 1190 1784 1246 arguere

205 1264 334 1319 licet
364 1282 534 1336 quam
565 1266 700 1321 altas
730 1266 786 1321 in
837 1266 1067 1337 imperio
1099 1266 1344 1321 Romano
1380 1268 1589 1323 radices
1614 1270 1784 1338 egerit

204 1353 477 1413 Perennis
525 1358 787 1428 polentia.
838 1356 985 1424 Sed,
1041 1373 1109 1413 ne
1153 1358 1242 1412 cui
1287 1359 1511 1413 dubium
1545 1361 1783 1428 supersit

204 1446 515 1504 Perennem
565 1450 820 1519 capitales
859 1449 1361 1505 animadversiones
1416 1451 1468 1504 in
1524 1451 1783 1520 ipsosmet

202 1550 493 1596 senatores
519 1541 853 1607 exercuisse,
880 1541 1257 1596 exscribamus
1284 1541 1372 1597 hic
1416 1542 1782 1596 luculentissi-

202 1647 356 1685 mum
378 1628 673 1685 Herodiani
696 1629 809 1701 (97)
833 1631 1228 1697 testimonium,
1245 1647 1310 1685 ex
1334 1647 1443 1701 quo
1469 1647 1577 1687 non
1601 1634 1779 1688 solum

202 1730 425 1777 constat
473 1722 771 1777 Perennem
803 1723 1019 1793 plenam
1056 1723 1109 1776 in
1156 1724 1445 1792 primarios
1470 1733 1777 1792 senatores,

200 1815 294 1884 qui
316 1853 336 1880 ,
368 1814 749 1884 conjuratione
780 1813 943 1881 facta,
975 1813 1334 1870 Commodum
1364 1815 1431 1870 de
1457 1816 1635 1871 medio
1672 1818 1776 1871 tol-

1886 629 1993 682 bile
2039 644 2102 683 ac
2147 628 2367 699 penitus
2402 628 2760 699 incongruum
2810 626 2987 682 doctis
3015 629 3147 684 viris
3200 630 3337 685 falso
3370 632 3452 685 vi-

1885 734 2006 774 sum
2034 726 2134 773 est.

1885 872 2000 946 VII.
2042 871 2361 928 Prudentius
2392 875 2749 946 Hippolytum
2788 874 3129 931 Portuensem
3166 878 3449 946 elegantis-

1955 944 2087 997 simo
2122 947 2352 997 carmine
2382 944 2646 1012 laudavit,
2688 948 2751 1000 de
2797 964 2897 1016 quo
2942 956 3113 1003 tamen
3146 944 3286 1003 varie
3327 966 3447 1004 sen-

1959 1016 2097 1067 tiunt
2143 1016 2359 1068 eruditi.

1953 1164 2312 1233 Prudentius,
2368 1166 2458 1236 qui
2525 1167 2627 1222 sub
2694 1166 3003 1224 Theodosio
3051 1168 3278 1224 Juniore
3350 1168 3450 1223 ilo-

1883 1257 2025 1321 ruit,
2066 1258 2118 1311 in
2173 1258 2314 1311 libro
2359 1258 2500 1327 Hepl
2551 1258 2901 1327 Στεφάνων,
2960 1261 3162 1330 hymno
3218 1262 3272 1313 lt
3330 1261 3444 1331 (l),

1883 1349 2227 1419 Hippolytum
2260 1356 2550 1421 martyrem
2584 1350 2939 1405 Portuensem
2965 1353 3299 1409 carminibus
3331 1356 3447 1409 suis

1882 1441 2192 1505 celebravit,
2211 1442 2368 1509 cujus
2398 1444 2767 1498 cmmeterium
2804 1446 2857 1498 in
2883 1461 3010 1515 agro
3036 1445 3253 1500 Verane
3279 1448 3453 1501 situm

1880 1540 2037 1585 aetate
2065 1546 2162 1585 sua
2189 1546 2534 1602 summopere
2568 1536 2968 1590 venerabantur
2994 1536 3223 1590 Romani
3248 1538 3446 1591 exteri-

1881 1639 2004 1693 que.
2032 1622 2231 1677 Verum
2264 1641 2331 1679 ex
2361 1632 2440 1680 tot
2470 1625 2794 1699 Hippolytis,
2822 1644 2960 1698 quos
2992 1630 3160 1683 sacris
3190 1630 3447 1685 Ecclesia:

1882 1713 2037 1767 fastis
2062 1714 2327 1783 aseriptos
2352 1717 2648 1782 cernimus,
2680 1721 2932 1788 quisnam
2962 1720 3048 1773 ille
3072 1720 3254 1787 fuerit,
3281 1736 3445 1789 quem

1880 1806 2207 1863 Prudentius
2250 1810 2462 1880 egregio
2509 1812 2611 1866 hoc
2655 1811 2898 1866 carmine
2940 1812 3201 1877 laudarit,
3247 1814 3448 1866 acriter

204 1906 318 1960 lere
372 1907 722 1977 cogitarunt,
769 1906 1203 1977 jurisdictionem
1252 1907 1535 1976 habuisse,
1582 1925 1771 1964 verum
1802 1898 1845 1954 Β
1875 1902 2157 1971 hucusque
2205 1901 2538 1972 disputatum
2594 1904 2697 1959 fuit
2745 1921 2773 1959 a
2822 1905 3216 1960 recentioribus
3263 1904 3445 1974 magni

199 1997 408 2063 etiam,
475 1997 620 2066 quod
672 2012 1019 2067 summopere
1084 1998 1425 2064 mirandum,
1489 2000 1778 2069 ipsammet

200 2088 493 2143 Commodi
537 2104 784 2145 sororem
832 2091 967 2144 tanti
1005 2090 1226 2146 sceleris
1275 2092 1553 2147 consciam
1585 2094 1777 2149 mortis

202 2180 476 2250 supplicio
523 2181 834 2250 mulctasse.
878 2201 897 2234 ι
936 2182 1279 2248 Quazstiones
1339 2192 1555 2249 autem,
1603 2185 1778 2254 inquit

202 2271 574 2338 Herodianus,
624 2272 893 2328 Perennio
928 2275 1213 2344 diligenter
1258 2284 1575 2339 exercente,
1622 2292 1776 2332 soror

202 2365 321 2431 ipsa
350 2363 664 2429 Commodi,
695 2365 1070 2436 conjuratique
1095 2382 1304 2430 omnes,
1334 2368 1623 2436 czeterique
1647 2383 1778 2436 pra:-

199 2463 350 2511 terea
383 2457 869 2527 quantulacunque
916 2457 1226 2527 suspicione
1256 2458 1463 2525 attacti,
1510 2458 1775 2527 supplicio

199 2549 379 2604 affecti
429 2557 579 2603 sunt.
630 2567 649 2601 ι
684 2547 1006 2618 Spartianus
1051 2549 1107 2603 in
1163 2548 1379 2615 Severo,
1430 2558 1489 2603 ut
1531 2550 1777 2604 animad-

199 2641 362 2696 vertit
390 2641 774 2696 Tillemontius
811 2642 947 2712 (98),
982 2658 1013 2695 a
1042 2640 1311 2711 praefectis
1333 2644 1585 2711 praetorio
1618 2658 1776 2698 sena-

200 2734 373 2788 torios
401 2733 549 2787 viros
566 2732 840 2802 judicatos
871 2732 1041 2788 fuisse
1068 2742 1317 2788 testatur.
1347 2732 1581 2789 Severus
1605 2734 1771 2802 enim,

207 2844 225 2874 ο
253 2824 348 2893 qui
377 2839 409 2877 a
437 2824 565 2879 divo
594 2824 774 2879 Marco
800 2825 967 2879 latum
994 2825 1206 2878 clavum
1230 2825 1401 2893 petiit,
1427 2835 1480 2879 et
1509 2826 1770 2895 accepit,»

197 2927 250 2971 et
281 2917 707 2987 quamplurimis
746 2916 961 2988 praefuit
1005 2917 1331 2988 provinciis,
1387 2936 1403 2968 ‹
1446 2917 1501 2971 in
1549 2916 1773 2985 Silicia,

199 3009 360 3077 quasi
390 3009 457 3062 de
491 3008 721 3076 imperio
745 3010 828 3063 vel
857 3017 1030 3072 vates,
1055 3008 1137 3062 vel
1160 3008 1441 3063 Chaldzeos
1470 3010 1778 3066 consuluis~

199 3110 308 3163 set,
360 3116 490 3156 reus
536 3100 713 3156 lactus
746 3102 889 3171 apud
925 3100 1207 3172 praefectos
1260 3101 1544 3171 praetorio,
1579 3103 1776 3171 quibus

199 3190 511 3247 audiendus
554 3192 714 3247 datus
763 3192 970 3259 fuerat,
1017 3194 1130 3263 jam
1165 3194 1463 3250 Commodo
1497 3196 1551 3249 in
1585 3196 1771 3250 odium

198 3290 492 3349 veniente,
541 3284 825 3340 absolutus
857 3294 969 3351 est,
1014 3285 1409 3341 calumniatore
1459 3288 1514 3341 in
1555 3302 1770 3342 crucem

200 3385 321 3430 acto
354 3376 498 3447 (99).
523 3396 542 3428 ι
579 3377 658 3431 Ex
688 3378 775 3432 his
808 3379 991 3449 itaque
1038 3378 1488 3435 luculentissimis
1513 3381 1776 3451 exemplis

199 3478 387 3536 aperte
415 3478 681 3535 constat,
730 3468 1028 3526 Perennem
1056 3510 1071 3536 ,
1113 3480 1448 3541 czeterosque
1492 3471 1774 3542 praefectos

196 3561 458 3627 praetorio
497 3561 600 3617 sub
649 3560 950 3618 Commodo
998 3564 1209 3633 plenam
1255 3564 1310 3618 in
1355 3574 1636 3620 senatores
1673 3582 1773 3637 po-

200 3652 811 3720 testatemgbabuisse;
867 3669 1037 3723 quare
1090 3654 1243 3708 irrito
1293 3670 1518 3724 prorsus
1574 3668 1773 3712 conatu

201 3740 480 3811 Scaliger,
509 3750 564 3797 et
589 3752 712 3813 post
741 3759 864 3797 eum
905 3744 1154 3816 Moynius
1197 3754 1251 3799 et
1292 3744 1524 3817 Pagius,
1575 3745 1772 3801 Ruﬁno

200 3833 432 3891 inscitia:
453 3845 508 3891 et
535 3834 593 3891 S.
631 3835 955 3907 Hieronymo
999 3839 1334 3894 credulitatis
1362 3850 1517 3895 notas
1560 3840 1774 3895 inurere

203 3932 522 3989 tentarunt,
574 3940 696 3979 cum
726 3926 1047 3995 Apollonius
1087 3928 1236 3983 urbis
1274 3939 1495 3985 senator
1533 3946 1652 3985 esse
1682 3946 1774 4000 po-

203 4016 387 4083 tuerit,
404 4016 657 4086 quamvis
679 4015 940 4073 Perennis
975 4021 1226 4088 praetorio
1250 4021 1533 4091 przefectus
1557 4024 1771 4093 capitali

275 4232 390 4306 (96)
438 4232 685 4306 Cassius_
714 4234 812 4288 Dio
846 4236 1211 4304 Cocceianus,
1264 4239 1470 4295 Histor.
1525 4241 1773 4297 Romnme

210 4304 299 4382 lib,
322 4318 481 4382 exuit
508 4306 615 4382 ,__in
648 4304 930 4382 Commodo
954 4349 981 4382 ,_
1018 4319 1148 4382 tom.
1182 4308 1224 4365 ll
1246 4352 1261 4378 ,
1298 4311 1420 4381 §9,
1456 4328 1575 4382 pag.
1614 4314 1770 4377 1210,

210 4376 300 4427 iii
535 4373 830 4445 Hamburgi
857 4380 986 4431 anni
1020 4379 1177 4433 1752.

278 4444 392 4517 (97)
420 4443 551 4517 _Lib.
590 4459 641 4507 ι,
691 4443 811 4517 capi
845 4447 906 4511 8,
952 4464 1071 4517 pag.
1123 4449 1194 4504 25
1242 4450 1371 4507 edit.
1416 4450 1501 4506 Jo.
1556 4451 1770 4510 chrici

209 4512 788 4587 Btecleri_anno_l_694l_
809 4512 1171 4587 Argeiilorati.

277 4583 589 4680 (Bsgng‘om.
620 4582 683 4638 Ill
705 4628 719 4652 ,
746 4582 912 4642 Νοιθὲ
944 4605 1039 4643 sur
1069 4589 1213 4643 saiut
1240 4588 1535 4660 Apollone,
1563 4603 1688 4649 note
1719 4595 1772 4663 4,
1807 4602 1850 4656 D
1880 4582 2248 4680 admonitione
2300 4600 2352 4652 in
2378 4582 2847 4680 "martyriumme
2874 4582 3143 4680 Hippolyti

276 4725 388 4796 (99)
429 4724 570 4778 Sunt
601 4723 1032 4804 @liLSpartia‘ni
1075 4728 1241 4784 verba
1285 4731 1338 4804 in
1376 4731 1560 4786 Severo
1597 4734 1770 4804 impe-

204 4806 424 4870 ratore1
451 4796 671 4870 pag._(j;‘_i
708 4796 911 4870 Hister.
943 4801 1168 4868 August.
1197 4802 1404 4870 script.,
1450 4804 1578 4858 edit.
1616 4796 1768 4859 ciiat.

274 4864 524 4937 (l)_Pag.
566 4866 684 4937 194A
704 4868 833 4921 edit.
877 4864 1189 4937 Antuerpiie
1231 4864 1359 4925 anni
1393 4864 1557 4927 156$.
1606 4876 1773 4931 Aure-

206 4934 312 5011 lius
356 4934 611 5011 Clemens
658 4934 1184 4994 Prudentiusna—tus
1212 4952 1295 4995 est
1324 4958 1468 4996 anno
1501 4944 1637 5011 548,
1670 4947 1771 4999 sub

206 5004 366 5082 Saliae
417 5006 741 5082 consulatu,
796 5010 1300 5082 ut_ipse_gtestatur
1354 5013 1408 5065 in
1459 5004 1771 5082 praefatione

204 5075 659 5154 Cathemerinwn,
701 5093 823 5154 pag.
862 5075 949 5154 3g.
1004 5076 1133 5154 Ejus
1168 5080 1404 5154 Operum
1459 5075 1771 5154 catalogum

206 5146 709 5220 texit_(_}ennad_i_us
738 5146 817 5220 _ih
887 5147 1144 5220 Cgtajogo
1199 5146 1428 5204 virorum
1477 5146 1770 5208 illustrium

204 5231 322 5285 cap.
359 5215 459 5294 i_3_,
492 5230 553 5294 p1
581 5216 897 5294 join,
923 5215 1323 5294 ll_0perum_S.
1355 5221 1665 5294 Hieronymi
1692 5228 1771 5280 ci-

204 5283 326 5365 tata!
349 5283 781 5365 edit.’Valla_rsi_i.
799 5289 934 5365 Vide
958 5283 1209 5345 Ruinart.
1240 5292 1293 5345 in
1311 5294 1445 5365 Act:
1473 5283 1769 5365 Martyrum

204 5359 435 5423 δίποδι,
482 5370 608 5425 pag.
654 5358 794 5424 1M,
848 5360 938 5413 ubi
986 5372 1269 5415 auctorum
1309 5363 1363 5417 in
1416 5358 1768 5421 Prudentium

205 5426 391 5481 laudes
421 5426 708 5495 descripta:
734 5431 1093 5495 reperiuntur.

840 5447 1093 5485 Ξτιυηιιιτ.

269 5496 472 5575 (2)
525 5510 738 5575 annum
766 5496 969 5554 Christi
1010 5502 1148 5575 2'29,
1192 5518 1347 5575 num.
1398 5502 1463 5569 9,
1511 5513 1642 5560 tom.
1682 5505 1767 5575 ll,

206 5565 335 5636 pag.”
360 5567 460 5620 481
525 5565 654 5644 edit.
720 5568 879 5623 Lucae
910 5587 923 5623 :
961 5588 986 5644 «γ
1010 5565 1143 5627 Ηωό
1187 5565 1532 5638 Prudentius,
1561 5579 1652 5644 qui
1684 5565 1768 5632 ta;

150 5692 153 5693 ν
209 5652 326 5717 meo
356 5651 547 5717 errore
589 5638 802 5706 lapsus,
834 5649 944 5695 tres
978 5643 1029 5694 in
1069 5659 1233 5717 unum
1268 5644 1547 5717 contundit
1575 5638 1770 5717 Hippo-

212 5707 367 5775 lytos,
416 5706 645 5788 militem
665 5724 873 5788 nempe
902 5726 1120 5779 passum
1147 5714 1248 5788 sub
1290 5712 1579 5769 Valeriano
1599 5758 1613 5779 ,
1640 5706 1768 5788 ’ἐρί-

211 5789 431 5845 scopum
467 5779 571 5854 sub
617 5778 924 5854 Alexandro
970 5793 1022 5836 et
1064 5785 1435 5854 presbyterum
1479 5778 1769 5844 Antioche-

213 5859 371 5914 num,
440 5846 572 5903 olim
646 5846 1383 5925 Novatianumfmartyrem
1441 5858 1543 5914 sub
1606 5860 1765 5916 Decio

1877 1995 2119 2051 nominis
2166 1998 2546 2066 scriptoribus.
2593 2000 2699 2053 Alii
2742 2000 2919 2063 enim,
2967 2015 3201 2070 quorum
3249 2016 3446 2070 agmen

1876 2086 2025 2141 ducit
2072 2090 2341 2144 maximus
2387 2091 2671 2145 Annalium
2718 2094 3193 2147 ecclesiasticarum
3246 2108 3449 2163 parens

1877 2180 2142 2236 Barouius
2179 2182 2292 2250 (2),
2338 2181 2633 2238 Prudentio
2676 2184 2810 2237 vitio
2842 2194 3093 2249 vertunt,
3141 2186 3286 2255 quod
3332 2194 3443 2239 tres

1876 2270 2191 2343 Hippolytos
2220 2274 2275 2327 in
2312 2290 2476 2329 unum
2522 2275 2856 2340 confuderit,
2888 2277 3199 2345 episcopum
3236 2276 3446 2330 scilicet

1877 2374 2123 2419 nostrum
2143 2405 2157 2429 ,
2187 2365 2409 2420 militem
2448 2368 2551 2420 sub
2580 2365 2869 2421 Valeriano
2892 2382 3112 2436 passum
3145 2376 3197 2420 ct
3221 2368 3441 2421 demum

1875 2451 2220 2525 Hippolytum
2257 2458 2629 2529 presbyterum
2680 2459 3107 2524 Autioehenum,
3146 2460 3297 2529 prius
3328 2457 3441 2512 No-

1872 2551 1981 2604 vati
2005 2551 2349 2621 discipulum,
2374 2562 2557 2621 postea
2582 2553 2875 2622 gloriosum
2906 2553 3105 2607 Christi
3148 2561 3438 2622 martyrem

1875 2640 1978 2694 sub
2010 2638 2192 2694 Decio.
2231 2641 2337 2694 Alii
2369 2656 2520 2705 vero,
2574 2641 2714 2693 inter
2746 2656 2883 2709 quos
2913 2638 3285 2694 Tlieodoricus
3316 2636 3444 2692 Rui-

1874 2732 2085 2787 nartius
2107 2732 2207 2799 ('5),
2240 2730 2595 2787 Sebastianus
2624 2730 3001 2785 Tillemontius
3030 2731 3129 2801 (4),
3162 2729 3443 2799 Remigius

1873 2823 2176 2881 Ceillierius
2221 2823 2300 2895 (5)
2326 2864 2339 2886 ,
2386 2822 2585 2892 aliique
2614 2822 2939 2877 contrariam
2972 2838 3196 2893 prorsus
3220 2832 3444 2875 tuentur

1875 2915 2220 2979 sententiam,
2251 2924 2305 2970 et
2324 2913 2676 2969 Prudentium
2709 2914 2776 2968 ab
2808 2915 2910 2969 hoc
2934 2914 3272 2968 confusionis
3309 2914 3440 2967 vitio

1873 3008 2147 3063 vindicare
2181 3017 2484 3074 conantur,
2508 3008 2636 3061 dum
2680 3008 2901 3061 unicum
2937 3006 3283 3078 Hippolytum
3318 3022 3438 3076 pre-

1874 3100 2148 3171 sbyterum
2169 3100 2236 3153 ab
2258 3100 2373 3169 ipso
2391 3100 2663 3153 laudatum
2682 3099 2886 3162 dicunt,
2906 3100 2997 3168 qui
3012 3099 3440 3154 Novatianorum

1877 3199 2037 3246 sectre
2088 3191 2297 3259 laqueis
2346 3192 2622 3260 quondam
2682 3191 2954 3258 irretitus,
3005 3206 3195 3245 eorum
3243 3191 3439 3246 haeresi

1875 3283 2214 3354 postmodum
2244 3282 2449 3353 ejurata
2477 3325 2491 3348 ,
2536 3283 2799 3351 insignem
2846 3281 3090 3353 martyrii
3119 3282 3352 3351 palmam
3382 3280 3439 3339 in

1876 3375 2043 3430 Portu
2094 3372 2340 3428 Romano
2385 3383 2467 3428 est
2510 3373 2757 3443 adeptus.
2794 3372 3019 3427 Demum
3069 3373 3269 3427 Fronto
3323 3371 3437 3425 Du-

1875 3482 2019 3523 czeus
2041 3466 2116 3539 (6)
2147 3467 2379 3521 mediam
2404 3467 2544 3521 inter
2564 3467 2662 3520 hos
2686 3464 2964 3535 professus
2989 3474 3070 3519 est
3094 3463 3438 3530 sententiam;

1874 3559 2002 3614 dum
2035 3560 2378 3631 Hippolytum
2410 3560 2722 3629 episcopum
2748 3558 3101 3613 Portuensem
3130 3573 3160 3612 a
3190 3556 3437 3611 Pruden-

1873 3653 1949 3707 tio
1995 3652 2099 3707 hoc
2147 3653 2388 3707 carmine
2430 3651 2709 3706 laudatum
2755 3651 2999 3717 censuit,
3045 3664 3204 3719 quem
3245 3646 3441 3702 Novati

1873 3745 2151 3800 erroribus
2191 3752 2408 3813 captum
2451 3753 2505 3797 et
2554 3760 2679 3797 mox
2721 3753 2845 3798 aute
2889 3742 3137 3814 martyrii
3177 3754 3441 3797 coronam

1872 3837 2176 3891 exsolutum
2202 3836 2437 3890 tradidit.
2466 3834 2675 3901 Quibus
2699 3851 2827 3891 vero
2849 3838 3118 3890 rationum
3150 3836 3441 3892 momentis

1873 3929 2157 3999 praecipuae
2188 3944 2509 3999 magnorum
2547 3930 2785 3984 virorum
2830 3930 3072 3983 nitantur
3118 3929 3437 3995 sententiae,

1874 4023 2025 4090 prius
2054 4020 2346 4091 inquirere,
2371 4030 2426 4076 et
2454 4021 2672 4076 demum
2704 4022 2831 4091 quid
2865 4033 2987 4091 post
3040 4030 3117 4077 tot
3150 4030 3440 4093 tantosque

1874 4249 2219 4318 imperatore.
2252 4266 2275 4298 ι
2317 4247 2373 4301 Id
2410 4247 2587 4317 ipsum
2621 4248 2815 4316 repetit
2857 4248 2911 4301 iu
2955 4248 3099 4303 notis
3137 4246 3203 4301 ad
3237 4246 3436 4318 Marty-

1874 4319 2138 4387 rologium
2188 4320 2491 4372 Romanum
2519 4319 2605 4373 die
2633 4320 2701 4370 50
2727 4317 2992 4383 Januarii,
3042 4334 3093 4387 p.
3124 4318 3215 4385 55,
3246 4319 3332 4373 die
3368 4319 3436 4373 15

1873 4388 2101 4458 Augusti
2126 4428 2139 4447 ,
2188 4404 2308 4455 pag.
2340 4388 2477 4454 540,
2503 4398 2557 4444 et
2584 4389 2653 4441 22
2681 4388 2921 4458 ejusdem
2969 4390 3206 4457 mensis,
3240 4405 3293 4458 p.
3332 4388 3438 4444 555

1874 4459 2126 4513 editionis
2159 4458 2450 4512 Rosweidi.

1949 4530 2026 4599 (5)
2065 4530 2198 4581 Acta
2240 4538 2527 4597 martyrum
2570 4530 2795 4588 sincera,
2834 4546 2953 4598 pag.
3003 4530 3106 4582 “5
3153 4531 3244 4584 cit.
3282 4530 3435 4594 edit.,

1951 4600 2248 4651 monitione
2300 4600 2352 4651 in
2396 4601 2712 4651 martvrium
2763 4600 2821 4651 S.
2874 4600 3143 4651 llinoolvti
3191 4620 3203 4651 :
3244 4618 3261 4651 t
3317 4599 3435 4651 Non

3191 4620 3203 4654 ε
3244 4618 3261 4651 1
3317 4615 3437 4653 1‘0"

1877 4670 2040 4739 igitur
2080 4670 2257 4740 alium
2311 4668 2657 4740 agnoscimus
2703 4668 3041 4740 Hippolytum
3073 4668 3139 4723 in.
3163 4670 3266 4725 hoc
3300 4668 3439 4725 Pru:

1873 4740 2040 4793 dentii
2078 4739 2299 4809 hymno,
2340 4749 2528 4807 prieter
2557 4738 2911 4793 Portuens'cni
2959 4750 3248 4809 martyrem
3296 4742 3437 4793 cele-

1875 4809 2191 4874 beri-imum,
2243 4810 2330 4862 cui
2385 4809 2498 4863 haec
2540 4811 2742 4875 omnia,
2790 4826 2913 4877 qua:
2954 4811 3022 4863 ab
3062 4811 3164 4862 hoe
3217 4819 3439 4864 auctore

1873 4878 2200 4941 referuntur,
2233 4880 2435 4946 optime
2458 4890 2764 4946 competere
2787 4881 3183 4935 existimamus.
3225 4899 3243 4930 ι

1945 4950 2019 5018 (4)
2059 4949 2213 5003 Tom.
2246 4948 2333 5015 Ill,
2365 4966 2484 5019 pag.
2510 4950 2813 5016 675,Notes
2847 4966 2942 5004 sur
2966 4952 3110 5005 saiut
3134 4948 3433 5019 Hippolyte,

1872 5030 1997 5073 note
2023 5021 2074 5073 4.

1944 5090 2021 5160 (5)
2063 5089 2316 5153 Τοηι.,11,
2347 5106 2468 5159 cap.
2501 5090 2590 5153 55,
2622 5106 2741 5160 pag.
2770 5089 2893 5153 567,
2933 5088 2960 5159 ξ,
2995 5087 3047 5142 6.

1943 5163 2019 5229 (6)
2061 5161 2117 5213 ln
2147 5176 2246 5215 sua
2272 5161 2561 5229 Nicephori
2593 5161 2801 5215 Callisti
2834 5160 3223 5214 Ecclesiastiea
3268 5160 3436 5212 Iusto.-

1872 5232 1967 5283 τίω
1997 5231 2433 5300 interpretatione
2461 5246 2582 5284 cum
2600 5229 2801 5300 Graecis
2840 5231 3035 5285 collata
3060 5240 3121 5285 et
3138 5232 3435 5300 recognita,

1873 5311 1980 5353 tam
2006 5303 2073 5354 ad
2106 5299 2226 5369 cap.
2255 5301 2343 5365 51,
2379 5301 2474 5355 lib.
2512 5316 2564 5353 iv
2616 5299 2780 5365 Hist.,
2809 5317 2863 5370 p.
2889 5302 3012 5366 550,
3041 5317 3203 5370 quam
3230 5299 3347 5367 cap.
3380 5300 3435 5362 5,

1872 5372 1964 5425 Lb.
1990 5387 2063 5435 vi,
2097 5385 2149 5439 p.
2206 5371 2310 5424 595
2335 5371 2697 5425 edit.Lutetim
2735 5372 3067 5427 Parisiorum
3112 5371 3240 5423 anni
3275 5370 3433 5431 1650,

1871 5442 1961 5494 ubi
2007 5442 2073 5494 de
2130 5439 2340 5495 Novato
2388 5445 2609 5506 suisque
2672 5444 2894 5497 asseclis
2927 5441 3169 5506 disserit,
3225 5442 3437 5496 nullum

1871 5511 2037 5565 alium
2066 5510 2411 5583 Hippolytum
2444 5528 2473 5566 a
2507 5510 2800 5567 Prudentio
2846 5514 2898 5565 in
2934 5528 3033 5567 suo
3068 5513 3269 5582 hymno
3318 5513 3434 5565 latt-

1870 5584 2057 5636 datum
2091 5584 2353 5653 agnoscit,
2383 5599 2545 5653 quam
2574 5593 2819 5637 nostrum
2852 5583 3203 5637 Portuensem
3228 5583 3439 5651 episco-

1871 5668 2020 5721 pum.
2054 5669 2072 5702 ‹
2107 5652 2424 5723 Hippolytus
2462 5654 2776 5709 Portuensis
2804 5653 3090 5723 episcopus
3114 5662 3167 5706 et
3212 5662 3435 5723 martyr,

1872 5738 1993 5775 cum
2011 5723 2077 5776 ad
2109 5724 2434 5791 supplicium
2468 5734 2766 5793 raperetur,
2802 5734 2859 5777 ut
2898 5733 2981 5779 est
3021 5724 3160 5792 apud
3194 5723 3437 5777 Pruden-

1872 5794 2027 5855 tium,
2057 5812 2074 5844 ι
2102 5794 2412 5862 respondit:
2438 5814 2454 5843 ι
2486 5793 2694 5863 Fugite,
2729 5809 2762 5847 ο
2790 5794 2995 5860 miseri,
3021 5814 3039 5845 ι
3073 5803 3201 5856 etc.,
3226 5794 3437 5865 insigne

1871 5864 2272 5920 retractationis
2308 5880 2400 5921 seu
2444 5865 2803 5923 revocatiouis
2835 5866 3163 5936 exemplum.
