3826 6538
515 376 618 436 ιιι

1305 373 1393 429 DE
1430 371 1824 431 PORTUENSI
1872 372 1927 427 S.
1976 371 2344 429 HIPPOLYTI
2376 371 2567 428 SEDE.
2603 402 2669 410 —
2699 371 2877 426 PARS
2901 368 2939 423 Ι.
3630 376 3715 431 412

505 497 705 568 vulgus
730 495 931 552 emisit.
982 494 1161 551 Pridie
1198 494 1467 553 Kalendas
1502 496 1782 551 Februarii
1811 495 2077 567 Mar-tyro—
2106 502 2153 557 Α
2180 498 2288 552 cris
2310 496 2565 552 Ecclesia:
2586 494 2743 550 fastis
2764 495 3030 565 ascriptos
3052 496 3343 563 cernimus,
3374 494 3713 563 Prudentium,

508 590 712 658 legium
756 588 1053 642 Florentini
1100 588 1234 660 (22),
1268 589 1666 644 Dacherianum
1706 587 1841 659 (2⁸5),
1871 596 1924 642 et
1954 587 2082 641 Gel-

508 681 733 736 lonense
789 680 930 750 (24),
987 679 1335 754 Hippolytum
1390 683 1679 752 quemdam
1741 682 2083 737 Alexandria:

509 779 833 826 memorant.
878 790 896 823 ι
949 771 1003 826 In
1055 773 1382 829 Alexandria
1428 774 1658 840 Tarsici,
1714 773 1906 842 Zotici,
1950 776 2083 829 Am-

506 863 678 929 moni,
735 862 1028 928 Commini,
1081 864 1317 936 Cyriaci,
1367 866 1613 932 Gemini,
1675 865 1890 933 Gelasi,
1941 867 2084 936 Epo-

506 954 610 1021 liti,
648 973 665 1005 ι
703 964 805 1009 etc.
838 955 973 1026 (sive
1002 955 1295 1028 Hippolyti)
1325 973 1484 1027 quem
1514 958 1648 1013 alias
1677 977 1697 1010 ι
1730 958 2077 1030 Appolytum,

506 1046 851 1119 Eppolytum,
883 1048 1230 1119 Oppolytum,
1283 1048 1627 1120 Yppolytum,
1661 1068 1679 1101 ι
1720 1051 1955 1120 majores
1981 1066 2082 1104 no-

507 1141 605 1195 stri
631 1141 821 1195 mediis
853 1142 1002 1195 hisce
1043 1142 1375 1211 temporibus
1417 1144 1685 1197 dixerunt.
1725 1143 1930 1209 Quarto
1973 1140 2082 1196 No-

506 1248 606 1288 nas
640 1232 922 1288 Februarii
968 1252 987 1285 ‹
1033 1234 1469 1304 Forosempronii
1498 1237 1586 1290 via
1626 1235 1914 1301 Flaminia,
1966 1237 2081 1289 mil-

506 1324 662 1378 liario
684 1326 751 1379 ab
784 1326 917 1379 urbe
946 1326 1067 1391 174,
1103 1325 1401 1393 Laurentii,
1432 1326 1672 1399 Eppolyti
1708 1347 1727 1378 ι
1761 1328 2076 1382 memoriam

504 1417 775 1472 celebrant
821 1418 1202 1491 Martyvrologia
1260 1419 1595 1486 Florentini,
1646 1420 1926 1485 Dacherii,
1978 1421 2082 1474 An-

507 1508 812 1577 tuerpiense
847 1518 903 1564 et
926 1510 1385 1579 Aquisgranense.
1432 1509 1753 1565 Gellonense
1813 1526 1943 1565 vero
1988 1526 2079 1567 se~

505 1596 692 1664 quenti
721 1596 809 1651 die
842 1596 1189 1669 Hippolytum
1226 1600 1517 1668 quemdam
1550 1599 1823 1654 Africanis
1865 1600 2080 1669 adjudi-

504 1697 593 1741 cat
625 1706 637 1742 :
678 1707 697 1740 ι
729 1688 913 1745 Africa
951 1690 991 1743 F
995 1691 1168 1755 elicis,
1219 1689 1523 1755 Laurentii,
1556 1692 1838 1755 Celerinae,
1880 1690 2081 1761 Hippo-

2181 590 2247 645 de
2276 604 2384 659 quo
2439 604 2585 643 nunc
2625 589 2858 660 agimus,
2898 589 3127 642 duorum
3160 589 3245 643 vel
3284 589 3449 643 trium
3491 598 3626 658 gesta
3672 590 3715 644 in

2182 697 2349 737 unum
2382 680 2653 737 conﬂasse
2696 681 2854 737 facile
2894 683 3164 752 quispiam
3197 696 3320 735 cum
3359 682 3591 735 maxime
3624 684 3712 733 An-

2183 773 2382 825 nalium
2438 773 2719 827 conditore
2770 775 3038 843 suSpicari
3083 782 3283 844 posset,
3338 773 3386 827 si
3438 772 3713 840 hujusmodi

2183 875 2658 921 monumentorum
2693 874 2842 919 tanta
2874 867 2955 921 vis
2993 876 3154 931 esset,
3187 874 3244 919 ut
3276 875 3497 929 cuncta,
3539 876 3645 933 quae
3672 867 3714 918 in

2181 958 2248 1011 iis
2278 957 2565 1025 habentur,
2631 957 2870 1012 indubiis
2897 958 3177 1012 doctorum
3210 957 3456 1011 virorum
3483 956 3715 1026 suffragiis

2180 1050 2360 1103 statim
2383 1049 2659 1120 probanda
2680 1051 2874 1104 forent.
2911 1048 3005 1105 His
3028 1050 3292 1118 siquidem
3329 1047 3548 1116 positis,
3586 1063 3611 1101 a
3636 1048 3715 1101 Ba-

2178 1143 2322 1197 ronii
2381 1144 2647 1199 sententia
2694 1142 2779 1196 vel
2834 1143 3117 1196 minimum
3152 1143 3440 1196 deﬂectere
3479 1140 3713 1210 piaculum

2179 1236 2521 1298 duceremus,
2551 1250 2673 1289 cum
2707 1236 2845 1299 Ado,
2886 1233 3190 1298 Usuardus,
3240 1232 3530 1298 Notkerus,
3575 1234 3715 1287 tribus

2179 1328 2298 1383 istis
2324 1325 2625 1397 Hippolytis
2653 1341 2717 1381 ea
2748 1327 3029 1396 perspicue
3064 1327 3323 1392 tribuant,
3355 1339 3479 1394 quae
3506 1340 3598 1379 suo
3625 1334 3716 1378 tan-

2178 1428 2292 1472 tum
2322 1417 2608 1489 Hippolyto
2636 1418 2929 1473 vindicavit
2958 1418 3304 1472 Prudentius.
3344 1416 3501 1470 Illum
3527 1418 3650 1471 enim
3675 1426 3715 1471 et

2178 1512 2575 1582 presbyterum,
2631 1510 2930 1565 Novatiano
2976 1510 3103 1564 olim
3147 1509 3429 1565 schismati
3484 1508 3713 1563 addictum

2179 1600 2328 1665 facit,
2372 1610 2426 1655 et
2462 1603 2804 1672 postmodum
2840 1602 3009 1671 plebis
3046 1600 3367 1656 Portuensis
3393 1611 3565 1672 caput,
3594 1616 3646 1655 ac
3673 1602 3715 1655 in

2180 1694 2347 1748 Portu
2377 1694 2624 1748 Romano
2662 1694 2817 1763 equis
2846 1694 3175 1762 discerptum
3209 1701 3505 1763 martyrem
3532 1689 3713 1759 obiisse,

502 1778 621 1849 lyti,
671 1778 988 1836 Felicitatis.
1030 1800 1049 1832 ι
1088 1781 1695 1851 Forosemproniensem
1730 1780 2078 1853 Hippolytum
2111 1851 2139 1855 _
2183 1800 2448 1854 sacraque
2479 1785 2647 1854 ipsius
2674 1786 2897 1855 pignora
2922 1785 2975 1837 in
2999 1785 3183 1855 urbem
3219 1786 3505 1847 translata,
3538 1784 3585 1836 in
3612 1799 3713 1851 agro

506 1868 765 1926 Rabanus
794 1872 926 1943 (25),
953 1881 1007 1927 et
1039 1871 1308 1928 Notkerus
1343 1872 1454 1944 (26)
1490 1890 1544 1927 1v
1579 1874 1759 1928 Nonas
1799 1851 2078 1951 Febr—uarii
2110 1851 2154 1905 Β
2184 1851 2397 1930 Veranio
2425 1892 2455 1930 a
2484 1851 2981 1931 fidelibus'condita
3003 1852 3191 1931 scribit
3211 1876 3555 1931 Christianus
3571 1885 3712 1944 poeta.

501 1964 779 2019 exhibent.
811 1964 1052 2035 Septimo
1076 1965 1344 2021 Kalendas
1372 1966 1497 2020 Maii
1526 1985 1545 2017 ι
1578 1967 1631 2021 in
1658 1966 1841 2021 Africa
1868 1966 2080 2021 Grisco-

506 2057 611 2124 nis,
643 2057 902 2123 Zenonis,
932 2058 1251 2123 lminandri,
1279 2058 1577 2119 Carmiani,
1615 2059 1859 2123 Arionis,
1921 2058 2077 2129 lppo-

502 2147 621 2220 lyti,
647 2147 876 2204 Diuduri
914 2169 931 2201 ι
963 2150 1288 2225 mentionem
1328 2148 1924 2221 habentMartyrologia
1960 2149 2081 2205 Flo-

503 2240 703 2294 rcntini
753 2250 807 2296 et
857 2242 1128 2297 Dacherii.
1184 2240 1509 2296 Gellonense
1563 2242 1773 2296 nullum
1839 2241 1943 2296 hac
1994 2242 2080 2297 die

502 2330 851 2405 Hippolytum
884 2333 1070 2400 refert,
1112 2332 1345 2389 fortasse
1371 2334 1499 2404 quia
1538 2335 1709 2404 ipsius
1756 2334 2079 2389 memoriam

504 2440 557 2478 tv
579 2422 761 2479 Nonas
782 2424 1088 2488 Februarii,
1124 2436 1183 2479 ut
1218 2426 1478 2492 diximus,
1516 2426 1807 2481 recensuit.
1849 2443 1947 2481 xui
1977 2427 2080 2482 Kao

503 2514 695 2571 lendas
742 2514 895 2581 Julii,
952 2535 972 2568 ι
1026 2515 1213 2571 Romae
1266 2518 1527 2587 Yppoliti,
1561 2517 1809 2587 Honorii,
1865 2520 2078 2585 Evodii,

504 2606 650 2661 Petri
694 2625 714 2659 ι
763 2607 814 2665 in
857 2606 1018 2663 dictis
1060 2609 1235 2663 tribus
1268 2608 1669 2681 Martyrologiis
1706 2611 1957 2681 leguntur
1984 2630 2081 2670 no-

504 2698 677 2753 mina.
704 2697 1148 2771 Martyrologium
1184 2710 1365 2755 tamen
1405 2705 1838 2773 manuscriptum
1883 2706 2082 2774 reginae

505 2784 736 2851 Sueciae,
765 2785 1081 2841 Florentino
1115 2788 1225 2858 (27)
1265 2798 1424 2854 teste,
1460 2807 1568 2845 non
1594 2791 1961 2863 Hippolytum,
1986 2795 2080 2849 sed

508 2896 532 2929 ι
568 2878 621 2933 in
654 2877 925 2950 Hippolyti
953 2883 1265 2935 cmmeterio
1312 2901 1330 2933 ι
1363 2883 1665 2937 natalitium
1702 2886 2081 2953 praedictorum

506 2982 809 3043 martyrum
848 2971 992 3027 diem
1024 2974 1354 3029 celebratum
1392 2975 1640 3031 alIirmat.
1674 2977 1848 3043 Quam
1890 2981 2081 3050 optimi

505 3063 717 3120 codicis
744 3064 1028 3120 lectionem
1058 3068 1253 3120 merito
1284 3066 1478 3136 probat
1508 3068 1591 3121 vir
1617 3068 1987 3137 doctissimus,
2015 3088 2081 3128 ex

504 3170 615 3226 qua
636 3170 754 3211 eam
783 3155 1011 3212 fortasse
1033 3158 1319 3228 descripsit
1342 3154 1647 3229 Stephanus
1674 3161 1722 3215 le
1738 3161 2076 3234 Moyne(28).
2106 3181 2153 3243 ς

506 3246 714 3302 Octavo
740 3246 867 3303 ldus
894 3249 1123 3319 Augusti
1155 3268 1172 3300 ι
1212 3249 1397 3304 Romae
1436 3250 1491 3303 in
1536 3253 1849 3307 cmmeterio
1887 3253 2084 3311 Calixti

507 3337 597 3392 via
647 3340 818 3409 Appia
875 3342 1072 3396 natalis
1119 3340 1264 3396 Xisti
1302 3342 1565 3412 episcopi,
1599 3352 1729 3409 etc.,
1784 3344 2083 3419 Laurentii,

506 3429 765 3499 Eppoliti,
796 3443 850 3487 et
872 3434 1106 3487 militum
1137 3432 1260 3499 165,
1310 3452 1328 3485 ι
1387 3450 1454 3489 ex
1502 3436 1774 3503 praedictis
1812 3436 2083 3510 Martyro-

510 3523 674 3593 logiis
730 3526 1055 3578 memoriam
1103 3526 1376 3589 eruimus,
1445 3536 1670 3596 excepto
1715 3531 2086 3586 vetustissimo

508 3614 893 3687 Martyrologio
914 3617 972 3673 S.
1006 3617 1312 3685 Villibrodi,
1342 3627 1397 3675 et
1422 3621 1592 3675 altero
1621 3621 1822 3691 regina:
1856 3622 2082 3691 Succiae,

508 3722 653 3777 quae,
688 3718 747 3764 ut
768 3708 1114 3765 Florentinus
1145 3720 1317 3776 notat,
1361 3711 1711 3784 Hippolytum
1750 3715 1853 3771 bac
1880 3716 1967 3773 die
2004 3733 2087 3772 re-

510 3798 698 3866 ticent,
751 3800 981 3870 ideoque
1034 3802 1181 3857 hunc
1222 3802 1290 3857 ab
1340 3801 1649 3875 Hippolyto,
1701 3821 1863 3875 quem
1904 3806 2085 3865 Idibus

510 3891 742 3960 Augusti
768 3900 954 3948 sancta
978 3903 1266 3950 veneratur
1302 3894 1545 3952 Ecclesia
1566 3938 1580 3963 ,
1624 3899 1766 3952 haud
1810 3899 2085 3973 diversum

508 3990 696 4038 censet
723 3983 790 4039 ad
821 3983 1025 4040 dictum
1057 3986 1200 4041 diem
1234 3987 1465 4058 ipsemet
1496 3989 1866 4047 Florentinus.

580 4071 639 4128 In
674 4082 825 4131 tanto
859 4077 1023 4148 igitur
1070 4077 1485 4153 Hippolytorum
1525 4100 1777 4153 numero,
1810 4101 1948 4157 quos
1992 4102 2083 4143 sa-

589 4345 699 4411 (22)
740 4346 872 4423 Vide
895 4347 1094 4423 pridie
1116 4347 1235 4404 Kal.
1265 4350 1437 4423 Febr.
1487 4367 1610 4422 pag.
1658 4351 1784 4417 291,
1832 4351 1925 4407 ubi
1979 4351 2084 4423 legi

515 4426 745 4486 possunt
765 4417 1005 4486 ejusdem
1038 4417 1336 4474 Florentini
1363 4417 1691 4476 nota’tio'nes.

914 4486 1116 4581 cham
1140 4490 1407 4546 d‘Acherii
1434 4500 1563 4546 tom.
1599 4491 1641 4545 ll
1667 4491 1957 4563 Spicit'egii,
1984 4492 2075 4549 cit.
2110 4527 2155 4581 υ

512 4557 766 4612 editionis
799 4574 917 4627 pag.
961 4558 1013 4612 5.

585 4627 698 4703 (git)
736 4629 891 4703 Apud
916 4629 1103 4703 ipsum
1130 4628 1346 4703 Acherii
1376 4640 1508 4687 tom.
1543 4634 1690 4698 eod.,
1725 4649 1848 4703 pag.
1877 4632 1967 4689 27.

585 4697 698 4773 (25)
736 4699 890 4773 Apud
943 4697 1234 4773 llenricum
1274 4700 1554 4773 Canisium
1603 4697 1742 4757 tom.-
1769 4697 1833 4769 ll,
1858 4712 2008 4773 parte
2038 4720 2078 4759 ιι

511 4767 695 4842 έηιὶᾳζ
741 4769 887 4831 lect.,
923 4770 1195 4842 editionis
1252 4772 1429 4828 citata:
1472 4790 1593 4842 pag.
1641 4767 2081 4829 319:71'Romtc

514 4837 954 4909 Forosempronii
986 4842 1070 4894 via
1117 4840 1378 4895 Flaminia
1418 4837 1672 4897 milliario
1710 4845 1775 4894 ah
1799 4845 1930 4898 urbe
1956 4845 2077 4909 174,

515 4907 814 4981 Laurentii,
847 4919 899 4963 et
923 4909 1215 4981 Hippolyti,
1252 4922 1305 4965 et
1333 4914 1589 4967 nativitas
1617 4914 1673 4967 S.
1710 4913 2015 4969 Fortunati.
2057 4907 2074 4967 ὁ

587 4979 701 5051 (26)
755 4981 907 5048 Apud
966 4979 1214 5051 enuntiem
1258 4982 1538 5037 Canisiunt
1597 4995 1729 5038 tom.
1779 4986 1966 5038 eodem
2014 4984 2079 5049 ll,

511 5050 762 5123 panni,
787 5066 906 5123 pag.
933 5052 999 5106 98
1032 5070 1043 5105 :
1076 5072 1093 5102 (
1136 5050 1266 5123 Item
1311 5052 1495 5107 Romae
1529 5054 1965 5123 Forosempronii
1996 5057 2083 5111 via

511 5115 1062 5195 Flaininia'milliario
1111 5123 1179 5195 ab
1210 5120 1351 5176 Urbe
1386 5125 1508 5188 165,
1536 5115 1841 5192 Laurentii,
1882 5123 2085 5195 Hippo-

510 5188 629 5257 lyti,
660 5199 714 5243 et
742 5192 997 5245 nativitas
1028 5190 1084 5245 S.
1114 5192 1413 5248 Fortunati.
1446 5214 1464 5246 ι

587 5259 699 5330 (27)
738 5278 763 5335 _¢
828 5258 1019 5335 Plures
1060 5261 1332 5333 Hippolyti
1381 5265 1603 5322 nomine
1642 5266 1871 5330 caelites,
1913 5265 2089 5335 inquit

512 5326 861 5407 Flor-eminus
892 5330 945 5385 in
967 5326 1208 5407 notis-all
1250 5326 1387 5407 hanc
1419 5337 1562 5390 diem
1595 5353 1717 5407 pag.
1746 5326 1872 5401 605,
1902 5326 2089 5391 Romae

512 5398 734 5473 filerunt
768 5403 1009 5473 venerati
1042 5421 1056 5456 :
1106 5418 1227 5456 cum
1260 5403 1500 5461 Honorio
1537 5398 1739 5473 tamen,
1777 5398 1985 5460 Evodio
2036 5418 2090 5461 et

512 5468 883 5540 Pretrosociis,
909 5474 1035 5527 alibi
1061 5488 1165 5526 non
1189 5478 1478 5531 succurrit.
1511 5477 1615 5532 Eos
1640 5468 1870 5540 tantum,
1898 5486 1952 5530 et
1980 5493 2088 5530 non

514 5539 653 5593 alios
683 5538 869 5596 Romae
902 5558 999 5597 xiii
1042 5543 1159 5597 Kal.
1196 5547 1246 5596 in
1278 5548 1383 5599 line
1413 5550 1604 5602 recolit
1634 5549 1795 5602 etiam
1824 5538 1958 5601 mss.
2003 5563 2091 5601 re-

515 5611 658 5686 ginae
684 5609 911 5686 Sueciaz,
944 5616 1047 5670 hac
1083 5626 1262 5669 tamen
1295 5616 1615 5683 differentia,
1654 5626 1715 5672 ut
1750 5634 1855 5671 non
1894 5616 2092 5686 Hippo-

516 5679 711 5754 lylum,
742 5683 834 5734 sed
866 5684 919 5736 in
955 5686 1074 5753 ejus
1102 5690 1417 5741 coemeterio
1444 5679 1771 5754 Honorium,
1824 5679 2091 5741 Evodium

515 5760 569 5802 et
595 5748 1054 5827 Petrunrrerjdat,
1085 5756 1439 5827 quotlniagis
1475 5759 1649 5827 placet
1692 5778 1703 5811 :
1746 5748 1769 5810 ί
1820 5760 2007 5812 Romae
2035 5758 2090 5811 in

520 5838 541 5873 ι
565 5823 874 5877 cmmeterio
894 5822 1159 5897 Hippolyti
1190 5824 1288 5883 SS.
1324 5822 1570 5893 Honorii,
1602 5828 1785 5884 Evodii
1808 5826 2037 5889 ctPctri,
2076 5849 2093 5881 ο

2182 1966 2385 2021 Horum
2418 1968 2635 2037 quidem
2683 1970 2893 2040 singula
2926 1969 3154 2040 singulis
3200 1978 3450 2024 veterum
3495 1967 3711 2039 Martyro'

2180 2059 2446 2129 logiorum
2494 2057 2794 2131 Hippolytis
2838 2062 3128 2116 convenire
3164 2075 3359 2115 omnes
3404 2059 3598 2113 vident.
3645 2056 3715 2111 Et-

2179 2151 2323 2202 enim
2367 2149 2740 2220 presbyterum
2786 2148 3142 2204 Novatianum
3184 2148 3491 2203 Antiochiae
3532 2163 3712 2217 passum

2180 2240 2266 2295 his
2329 2239 2442 2295 fere
2481 2242 2660 2296 verbis
2707 2257 2895 2297 omnes
2923 2258 3046 2296 cum
3100 2240 3338 2294 Notkero
3384 2239 3711 2293 describunt:

2187 2349 2206 2382 ι
2260 2331 2416 2400 Apud
2466 2331 2809 2385 Antiochiam
2872 2331 3055 2401 passio
3107 2330 3285 2385 sancti
3334 2327 3615 2399 Hippolyti,
3640 2326 3711 2396 qui

2181 2420 2372 2476 Novati
2411 2422 2704 2477 schismate
2745 2422 3138 2491 aliquantulum
3174 2422 3458 2490 deceptus,
3498 2427 3714 2488 operante

2182 2513 2351 2583 gratia
2376 2511 2582 2567 Christi
2629 2520 2938 2575 correctus,
2996 2511 3063 2565 ad
3124 2512 3450 2566 charitatem
3500 2506 3712 2563 Ecclesia:

2182 2607 2361 2671 rediit,
2393 2620 2492 2675 pro
2516 2620 2645 2674 qua,
2679 2613 2733 2660 et
2761 2605 2814 2658 in
2858 2619 2962 2674 qua
3010 2604 3220 2658 illustre
3260 2604 3575 2675 martyrium
3613 2616 3711 2655 con-

2183 2699 2472 2753 summavit
2502 2697 2634 2767 (29).
2678 2714 2697 2748 ι
2726 2694 3071 2765 Hippolytum
3104 2694 3328 2748 militem
3366 2693 3522 2763 equis
3546 2692 3710 2745 discer-

2182 2800 2331 2860 ptum
2378 2789 2519 2843 Beda
2572 2803 2694 2843 cum
2747 2802 2876 2841 mox
2921 2787 3202 2841 recensitis
3247 2784 3632 2857 Martyrologiis
3670 2797 3710 2843 ei

2182 2882 2455 2936 Breviario
2479 2879 2767 2933 Mozarabo
2789 2878 2902 2950 (50)
2937 2886 3169 2932 testatur
3208 2877 3314 2933 hoc
3355 2886 3511 2948 pacto
3537 2894 3552 2929 :
3582 2894 3598 2927 ι
3625 2872 3710 2927 Ro.

2182 2985 2284 3024 ma:
2313 2968 2369 3024 S.
2409 2968 2700 3040 Hippolyti,
2736 2968 2831 3037 qui
2873 2977 3112 3035 tempore
3158 2965 3305 3021 Decii
3355 2969 3546 3037 ligatus
3583 2965 3711 3035 pedes

2183 3062 2251 3115 ad
2283 3063 2420 3117 colla
2467 3062 2855 3116 indomitorum
2910 3075 3200 3130 equorum,
3260 3061 3344 3115 sic
3387 3076 3486 3130 per
3520 3058 3710 3113 carduos

2182 3155 2519 3223 tribulosque
2550 3163 2754 3208 tractus
2791 3154 2972 3210 emisit
3011 3155 3258 3224 spiritum
3292 3153 3427 3223 (3t).
3468 3171 3487 3204 ι
3522 3150 3704 3220 Episco-

2186 3263 2315 3317 pum
2350 3262 2476 3301 vero
2522 3257 2732 3301 veteres
2776 3247 2868 3301 isti
2906 3246 3401 3301 ecclesiasticarum
3451 3243 3711 3299 tabularu-

2187 3340 2479 3409 scriptores
2508 3340 2627 3393 solo
2652 3338 2889 3408 episcopi
2921 3339 3208 3408 designant
3249 3336 3490 3391 nomine.
3527 3334 3578 3388 lu
3599 3331 3711 3385 Mar-

2186 3431 2450 3503 tyrologio
2482 3439 2663 3484 tamen
2697 3429 2962 3494 Romano,
3016 3431 3120 3484 hoc
3162 3444 3230 3484 ex
3272 3429 3426 3484 Actis
3466 3429 3521 3482 S.
3560 3426 3713 3481 Aurea

2186 3524 2514 3592 descriptum
2552 3522 2749 3592 legitur
2782 3521 2953 3591 ipsius
2977 3520 3211 3592 elogium
3246 3521 3362 3591 (52)
3394 3540 3409 3576 :
3443 3540 3461 3573 ‹
3504 3519 3555 3573 ln
3581 3517 3710 3571 Portu

2186 3614 2435 3670 Romano
2475 3612 2747 3684 Hippolyti
2797 3612 3037 3683 episcopi
3095 3612 3403 3667 eruditione
3449 3606 3711 3667 clarissimi,

2186 3710 2282 3779 qui
2311 3707 2412 3763 sub
2451 3701 2761 3760 AleXandro
2800 3703 3148 3774 imperatore,
3182 3703 3253 3758 ob
3286 3704 3591 3773 praeclaram
3617 3698 3710 3753 ﬁdei

2186 3799 2585 3855 confessionem
2617 3797 2868 3852 manibus
2902 3796 3238 3866 pedibusque
3282 3795 3464 3868 ligatis
3496 3796 3546 3848 in
3584 3792 3709 3846 altam

2186 3890 2400 3946 foveam
2447 3891 2603 3961 aquis
2637 3892 2853 3960 plenam
2900 3890 3291 3960 praecipitatus,
3350 3887 3586 3957 martyrii
3625 3883 3711 3954 pal-

2186 3998 2333 4037 mam
2376 3983 2622 4052 accepit;
2677 3981 2835 4051 cujus
2892 3995 3091 4050 corpus
3142 3997 3173 4035 a
3225 3980 3549 4036 Christianis
3600 3973 3711 4044 apud

2185 4077 2436 4133 eumdem
2471 4078 2650 4133 locum
2685 4076 2957 4146 sepultum
3000 4074 3121 4130 fuit.
3162 4094 3181 4127 »
3238 4074 3336 4131 His
3369 4076 3547 4144 itaque
3585 4084 3711 4140 argu-

2188 4349 2520 4416 totidemque
2551 4353 2605 4399 et
2636 4341 2836 4416 iisdem
2858 4341 3171 4416 nominibus
3209 4350 3477 4416 martyres
3513 4338 3563 4392 in
3589 4344 3709 4390 vetu-

2187 4412 2865 4481 Stissimo'Antuerpiensi,
2907 4412 3255 4484 Cgrbeiensi,
3294 4421 3351 4466 et
3387 4420 3563 4465 nostro
3599 4421 3711 4484 mar-

2187 4488 2456 4560 tyrologio
2496 4485 2707 4560 _scripti
2763 4491 2909 4560 sunt.
2944 4482 3294 4560 Emendanda
3336 4487 3639 4560 quapropter
3655 4482 3709 4560 in

2182 4550 2472 4632 postremis
2496 4550 2710 4632 lacuna,
2727 4562 2780 4607 et
2798 4554 3088 4632 legendum
3120 4570 3191 4632 :_c
3222 4550 3410 4606 Roma:
3429 4553 3478 4632 in
3502 4554 3710 4632 cremgete:

2183 4619 2295 4684 irio
2309 4626 2644 4699 Hyppolyti.»
2656 4624 2780 4699 Erat
2798 4619 3158 4699 D.'Hi_ppolyti
3177 4624 3537 4699 coemeterium
3553 4619 3599 4670 in
3611 4628 3709 4683 agro

2179 4692 2847 4760 Verano'via'Tiburtina,
2885 4692 3292 4766 vel_idem.gvel
3341 4706 3504 4766 prope
3526 4701 3708 4766 “C(ltlllit‘t-

2182 4772 2374 4826 teriurn
2403 4768 2462 4821 Β.
2501 4765 2760 4837 (Syriacae,
2786 4756 2941 4837 quod
2974 4763 3048 4817 ita
3068 4762 3323 4837 designat
3342 4756 3485 4815 iiber
3522 4756 3707 4833 Pontili-

2181 4842 2313 4895 calis
2343 4840 2394 4891 in
2425 4831 2647 4892 Adriani
2702 4836 2719 4887 Ι
2760 4831 2878 4905 Vita
2909 4852 2935 4905 _:
2989 4852 3006 4883 ι
3065 4831 3235 4905 Simul
3281 4841 3336 4886 et
3386 4831 3707 4905 cmineteriuin

2188 4932 2205 4962 ι
2242 4912 2301 4966 Β.
2339 4908 2608 4979 Hippolyti
2636 4904 2876 4979 juxta
2909 4902 3286 4965 Laurentium,
3322 4903 3462 4970 quod
3491 4916 3520 4979 ιι
3552 4902 3707 4979 priscis;

2187 5000 2207 5033 ι
2241 4975 2550 5035 inarcuerat
2596 4975 2949 5045 temporibus,
2972 4989 3026 5045 Aa
3067 4988 3207 5045 novo
3251 4975 3526 5045 renovavit
3566 5009 3576 5019 .
3609 4976 3708 5045 part

2188 5072 2208 5105 ε
2244 5055 2403 5106 modo
2451 5059 2505 5103 et
2543 5036 2825 5119 ecclesiam
2862 5044 2922 5098 Β.
2959 5041 3163 5097 Christi
3191 5043 3444 5119 martyris
3482 5036 3706 5119 _S_tephaui

2192 5104 2210 5174 ἀ
2246 5104 2408 5178 sitam
2433 5120 2587 5189 juxta
2614 5117 2931 5189 praedictum
2962 5104 3353 5168 cmmeterium'
3385 5112 3441 5166 S.
3480 5104 3707 5178 Hippolyti

2193 5213 2211 5245 ι
2252 5187 2503 5247 similiter
2533 5187 2880 5243 restauravit.
2924 5203 2943 5236 ι

2259 5263 2369 5333 (28)
2408 5260 2712 5333 Prolegom.
2750 5256 2839 5333 ad-
2861 5254 3175 5333 V_ar._sacr._,
3214 5252 3307 5333 fol.
3337 5252 3406 5306 52
3430 5258 3480 5333 et
3504 5259 3681 5333 seqq,”

2260 5320 2372 5400 (29)
2412 5333 2550 5385 Sunt
2570 5320 2757 5397 ipsius
2794 5325 3013 5381 Notkeri
3062 5330 3221 5379 verba
3270 5325 3326 5378 in
3354 5321 3559 5393 ιιιοδιιιε
3592 5320 3705 5369 uotis

2191 5405 2451 5476 ευρβΐῖυὲ
2466 5401 2719 5476 “CMF;
2821 5468 2833 5476 .
2906 5467 2939 5476 ..
2967 5466 3013 5476 .-
3186 5465 3200 5476 .
3226 5465 3238 5476 .

2264 5465 2377 5545 (50)
2413 5470 2659 5545 Fol.
2682 5465 3304 5545 Breviariiblozarabi._
3363 5531 3422 5545 η.

2268 5523 2379 5613 isis
2415 5523 2507 5613 *u'a
2554 5523 2735 5613 uibus
2772 5539 3000 5613 Augusti
3270 5533 3327 5613 s,
3363 5523 3702 5613 ηερρριγέίέιξο

2194 5596 2447 5671 serihiiur
2478 5612 2533 5664 in
2562 5596 2942 5680 Martyrologio
2964 5596 3117 5661 Beda:
3147 5623 3270 5661 cum
3303 5596 3699 5680 Auctariqulori.

2193 5665 2500 5739 etaliorum
2534 5682 2588 5734 in
2632 5665 2765 5733 tom.
2808 5665 3014 5732 llvAct.
3051 5687 3365 5731 sanctorum
3397 5671 3580 5728 mensis
3600 5665 3702 5720 Mar-

2196 5758 2253 5810 tii
2277 5757 2579 5833 editonpag.
2620 5749 2840 5833 26.edit.
2876 5747 3089 5833 YenetJ:
3118 5750 3242 5803 anni
3281 5745 3435 5800 1755.

2267 5826 2378 5894 (52)
2420 5820 2514 5878 Die
2543 5835 2656 5875 xxn
2686 5820 2931 5888 Augusti.
