3826 6528
400 364 509 419 415

1202 357 1288 412 DE
1328 352 1720 411 PORTUENSI
1757 352 1814 407 S.
1854 348 2213 409 HIPPOLY'I‘I
2247 346 2437 403 SEDE.
2472 376 2539 385 —
2564 344 2745 400 PARS
2774 346 2816 405 1.

3523 343 3628 403 “6

400 485 468 540 lis
499 481 613 539 suis
635 481 920 552 seiunctim
946 494 1180 551 prasesse
1207 479 1487 543 videmus;
1516 477 1769 548 quodque
1793 477 1957 531 etiam
1987 484 2033 539 Α
2065 474 2274 529 sionem
2312 472 2513 542 hymno
2562 467 2859 536 prolixiore
2906 474 3232 536 prosccutus
3268 476 3351 522 est
3383 465 3628 524 Prudeno

401 576 657 630 Romana:
708 574 962 628 Ecclesia:
1019 571 1266 640 exemplo
1320 570 1508 623 fulcire
1562 568 1787 631 nititur,
1840 583 1962 639 quae

398 666 647 723 eumdem
682 666 839 733 plane
878 679 1080 717 morem
1114 679 1176 716 ac
1204 660 1649 717 consuetudinem
1691 660 1956 725 servavit,

398 767 460 811 ut
492 757 723 825 singulis
767 755 937 810 titulis
967 754 1165 823 singuli
1196 753 1602 822 praeﬁcercntnr
1632 750 1956 822 presbyteri.

398 847 495 903 llis
526 848 771 918 profecto
801 847 1135 917 argumentis
1167 847 1251 899 vir
1276 844 1624 899 doctissimus
1648 842 1960 913 hujusmodi

398 940 765 1008 conjecturam
798 940 866 992 ab
900 940 1016 1008 ipso
1046 936 1282 1007 primum
1314 935 1671 1004 excogitatam
1706 935 1957 999 munivit,

395 1046 622 1100 quaeque
655 1032 818 1083 etiam
850 1047 1023 1100 nuper
1052 1030 1298 1100 egregios
1342 1038 1499 1083 nacta
1548 1036 1632 1081 est
1680 1027 1921 1079 vindices
1943 1065 1957 1089 ,

394 1137 588 1190 nempe
614 1119 874 1175 Joannem
896 1120 1193 1191 Baptistam
1224 1118 1493 1173 Solcrium
1517 1126 1569 1170 et
1586 1116 1845 1169 Joannem
1872 1114 1961 1169 Pi-

395 1210 568 1275 nium,
609 1226 841 1279 quorum
879 1212 1014 1265 alter
1055 1210 1402 1281 Hippolytum
1446 1225 1475 1263 a
1524 1207 1814 1261 Prudentio
1843 1222 1958 1261 me-

392 1312 662 1355 moratum
705 1304 954 1357 eumdem
993 1320 1114 1359 esse
1148 1312 1352 1369 censet,
1387 1317 1547 1372 quem
1586 1311 1792 1355 veteres
1816 1299 1946 1352 Mar-

392 1393 617 1462 tyrolOgi
648 1394 952 1449 Antiochia:
986 1412 1209 1464 passum
1248 1395 1487 1457 tradunt,
1527 1402 1581 1447 et
1618 1408 1779 1461 quem
1813 1391 1959 1445 anti-

390 1485 482 1552 qui
498 1485 808 1553 pontiﬁcum
826 1486 1193 1541 Romanorum
1214 1487 1462 1555 catalogi,
1481 1485 1847 1538 Bucherianus
1861 1483 1962 1537 sci-

389 1575 516 1630 licet
541 1584 594 1631 et
621 1576 1071 1634 Henschenianus
1091 1579 1199 1649 (46)
1218 1596 1339 1634 cum
1362 1578 1416 1632 S.
1444 1577 1710 1630 Pontiano
1743 1591 1959 1630 summo

388 1668 642 1736 pontiﬁce
696 1671 749 1723 in
808 1670 1120 1725 Sardiniam
1178 1672 1471 1740 relegatum
1523 1671 1756 1733 docent;
1810 1668 1958 1736 quod

387 1760 550 1813 etiam
581 1772 705 1817 ante
740 1764 916 1831 ipsum
946 1765 1247 1819 autumavit
1280 1764 1590 1817 Dodwellus
1636 1760 1780 1831 (i7);
1828 1759 1960 1829 Hip-

387 1851 634 1921 polytum
674 1870 803 1909 vero
847 1857 1162 1926 episc0pum
1194 1856 1496 1910 Antiochiae
1525 1869 1744 1924 passum
1787 1852 1959 1907 credit

383 1942 540 2013 juxta
570 1944 898 2002 Tillemontii
926 1948 1290 2017 conjecturas,
1319 1948 1476 2016 cujus
1507 1954 1831 2015 argumenta
1858 1944 1959 1999 So-

387 2032 559 2090 lerius
594 2037 710 2107 ipse
741 2039 1050 2108 exscripsit,
1094 2040 1260 2093 tacito
1293 2040 1410 2108 ejus
1450 2039 1669 2092 nomine
1698 2037 1833 2110 (48).
1862 2038 1956 2090 Al-

387 2134 473 2181 ter
518 2144 671 2193 vero,
722 2146 913 2199 nempe
959 2129 1147 2185 Pinius
1181 2131 1315 2201 (4-9),
1365 2130 1633 2184 Ruinartii
1677 2129 1959 2183 sententia

388 2218 688 2271 maximum
723 2234 781 2273 se
824 2220 1094 2276 addidisse
1128 2230 1458 2275 momentum
1507 2218 1822 2282 arbitratur,
1864 2234 1958 2287 pe-

387 2308 576 2362 culiari
607 2313 839 2379 quadam
884 2313 1199 2383 conjectura
1248 2313 1301 2366 in
1348 2312 1586 2366 medium
1619 2312 1777 2365 allata
1800 2351 1815 2374 ,
1850 2326 1955 2380 qua

386 2398 662 2469 Prudentii
687 2401 1030 2475 Hippolytum
1054 2421 1156 2457 non
1188 2405 1241 2457 in
1272 2419 1403 2474 agro
1432 2402 1669 2469 Verane,
1696 2411 1753 2457 ut
1776 2404 1958 2457 hacte-

384 2507 489 2548 nus
539 2494 682 2549 docti
729 2496 830 2549 viri
877 2497 1243 2559 crediderunt,
1288 2498 1564 2565 sepultum
1608 2496 1954 2566 suspicatur,

385 2583 479 2637 sed
533 2584 586 2637 in
634 2586 717 2639 via
760 2584 1028 2651 Ostiensi;
1070 2590 1327 2659 quodque
1360 2604 1425 2642 ex
1477 2588 1803 2643 Kalendario
1846 2587 1955 2641 Bu-

385 2674 668 2737 cheriano,
699 2686 751 2730 et
798 2693 865 2730 ex
906 2679 1258 2747 sequentibus
1295 2676 1575 2733 Prudentii
1619 2680 1956 2734 carminibus

384 2763 577 2818 deduci
604 2781 765 2835 posse
797 2767 1024 2823 afﬁrmat
1054 2787 1065 2823 :

459 2873 674 2953 Talibus
711 2878 981 2953 Hippolyti
1000 2898 1197 2948 corpus
1224 2883 1510 2935 mandatur
1540 2885 1751 2953 opertis,

530 2947 748 3019 Propter
771 2951 858 3003 ubi
881 2947 1120 3019 apposita
1150 2964 1222 3005 est
1252 2970 1347 3005 ara
1373 2954 1550 3007 dicata
1571 2947 1708 3007 'Deo.

460 3015 570 3094 Illa
596 3015 922 3094 sacramenti
946 3015 1194 3094 donatrix
1224 3040 1422 3087 mensa,
1450 3026 1729 3094 eademque

530 3088 855 3162 Custos/ida
887 3092 971 3143 sui
1001 3094 1253 3162 martyris
1278 3095 1519 3161 apposita

455 3155 639 3232 Servat
668 3155 949 3232 ad'aeterni
971 3178 1112 3230 spem
1134 3155 1480 3230 iudicisossa
1514 3164 1772 3232 sepulcro,

526 3228 879 3304 Pascitidem
904 3228 1102 3290 sanctis
1134 3228 1428 3288 Tibricolas
1450 3228 1693 3304 dapibus.

455 3297 599 3352 Mira
637 3299 739 3355 loci
765 3303 958 3371 pietas,
987 3312 1091 3357 etc.

382 3408 586 3467 Verum
628 3414 841 3483 jurene,
870 3432 937 3469 an
966 3416 1161 3485 injuria
1199 3418 1314 3472 haec
1341 3417 1406 3473 de
1448 3417 1735 3491 Hippolyto
1762 3430 1948 3477 nostro

381 3505 697 3559 censuerint
724 3505 827 3563 viri
850 3506 1173 3573 doctissimi,
1203 3508 1377 3563 fusius
1406 3526 1506 3563 suo
1536 3512 1657 3566 loco
1682 3513 1949 3583 discepta-

385 3593 589 3649 bimus.

383 3701 539 3785 ﬁlii.
579 3703 778 3760 Fronto
794 3705 1054 3785 priamus.
1093 3710 1437 3785 Hippolytum
1472 3717 1773 3785 episcopum
1815 3717 1949 3771 Por-

452 3783 751 3856 tuensem_a
784 3776 1072 3856 Prudentia
1097 3776 1392 3856 laudatum,
1424 3776 1790 3856 eumque'ante
1814 3805 1949 3845 mar-

454 3846 651 3914 tyrium
684 3846 997 3902 Novatianis
1030 3854 1220 3919 lavisse
1246 3856 1489 3908 credidit.

450 3958 741 4017 Frontonis
793 3962 969 4020 Duczei
1021 3969 1365 4034 sententiam,
1398 3987 1562 4040 quam
1612 3974 1771 4027 tertio
1823 3975 1944 4030 loco

380 4051 634 4119 superius
684 4056 1081 4121 recensuimus,
1134 4067 1214 4112 tot
1267 4062 1552 4131 tantisque
1592 4066 1947 4133 scriptoribus

380 4143 475 4213 qui
511 4143 577 4197 de
622 4143 891 4218 Hippolyti
936 4151 1109 4203 nostri
1142 4152 1269 4206 sede
1308 4154 1524 4209 curiose
1569 4170 1631 4209 ac
1663 4135 1948 4226 diligenter

380 4233 661 4304 hucusque
693 4238 1059 4307 disputarunt,
1091 4244 1305 4310 penitus
1339 4246 1733 4317 incompertam
1778 4251 1947 4307 fuisse

378 4323 850 4391 deprehendimus.
902 4328 1034 4383 Eam
1088 4331 1336 4387 brevibus
1401 4334 1507 4390 illis
1590 4338 1763 4403 notis,
1822 4340 1944 4407 qui-

377 4412 483 4469 bus
567 4416 855 4488 Nicephori
939 4421 1364 4479 Ecclesiasticam
1443 4426 1728 4483 illustravit
1782 4430 1944 4483 histo-

2064 567 2193 621 tius.
2233 583 2251 616 ι
2291 562 2516 617 Demum
2546 576 2668 615 cum
2714 560 2808 613 lib.
2840 574 2915 623 vi,
2942 574 3060 628 cap.
3091 560 3124 614 5
3151 560 3263 627 (5i)
3302 575 3404 614 nos
3435 560 3627 616 doceat

2060 657 2422 727 Nicephorus,
2466 655 2743 709 decretum
2781 652 2950 707 fuisse
2988 653 3043 706 in
3093 653 3328 707 concilio
3360 652 3521 722 jussu
3565 652 3624 709 S.

2061 749 2301 805 Cornelii
2356 747 2630 817 pontiﬁcis
2680 744 2927 811 maximi,
2977 745 3163 800 Romae
3210 754 3435 811 coacto,
3479 747 3625 817 quod

2060 841 2395 896 Novatianus
2426 854 2551 894 cum
2585 839 2855 909 episcopis
2885 838 2992 893 illis
3020 838 3357 908 ueterisque,
3403 838 3499 908 qui
3531 853 3624 892 ve-

2063 950 2209 990 sana:
2258 933 2406 988 illius
2460 932 2746 989 dementiae
2794 931 3261 1000 subscripserant,
3306 945 3337 985 e
3382 930 3625 985 ﬁdelium

2061 1034 2203 1080 cmtu
2222 1025 2589 1081 ecclesiastico
2617 1024 2905 1081 interdicto
2928 1022 3472 1093 proscriberentur...
3501 1039 3521 1070 ε
3549 1021 3630 1073 la-

2061 1118 2143 1186 psi
2172 1132 2301 1170 vero
2332 1115 2526 1171 fratres
2553 1126 2607 1170 et
2635 1117 3015 1185 resipiscentes
3047 1112 3278 1181 benigne
3303 1109 3627 1165 admiuendi

2062 1208 2480 1277 humaniterqne
2531 1207 2827 1271 tractandi;
2870 1225 2888 1257 ι
2941 1205 3141 1258 Fronto
3175 1204 3288 1256 haec
3333 1200 3629 1270 Nicephori

2062 1300 2221 1353 verba
2253 1301 2317 1354 ad
2346 1300 2689 1372 Hippolytum
2728 1298 3044 1367 episcopum
3080 1294 3281 1360 retulit,
3315 1309 3480 1363 quem
3517 1290 3625 1345 Nov

2060 1391 2277 1444 vatiana
2322 1391 2442 1445 labe
2491 1392 2873 1461 inquinatum,
2929 1387 3275 1459 postmodum
3329 1384 3629 1453 resipuisse

2061 1482 2309 1545 credidit,
2368 1481 2660 1537 Prudentio
2705 1488 2840 1536 teste
2889 1498 2901 1533 :
2960 1497 2978 1530 ι
3010 1476 3351 1547 Hippolytus.
3411 1474 3625 1543 inquit,

2061 1572 2376 1628 Portuensis
2411 1574 2699 1643 episcopus
2722 1581 2775 1626 et
2798 1581 3024 1643 martyr,
3046 1586 3171 1625 cum
3199 1568 3267 1623 ad
3296 1566 3628 1637 supplicium

2061 1670 2360 1731 raperetur,
2390 1668 2448 1714 ut
2468 1670 2550 1716 est
2583 1661 2723 1731 apud
2741 1660 3117 1725 Prudentium,

2131 1772 2413 1843 Respondit
2442 1789 2461 1826 :
2492 1772 2705 1843 Fugite,
2731 1791 2762 1828 ο
2786 1775 2984 1834 miseri,
3011 1773 3331 1826 exsecranda
3360 1770 3564 1824 Novati

2199 1842 2533 1907 Schismata;
2565 1842 2838 1897 catholicis
2871 1844 3069 1896 reddite
3102 1860 3187 1896 vos
3216 1844 3447 1912 populis.
3542 1882 3545 1883 ν

2136 1912 2250 1966 Una
2274 1914 2402 1981 fides
2426 1916 2611 1983 rigeat,
2641 1917 2814 1982 prisco
2844 1930 2958 1983 quae
2986 1914 3197 1966 condita
3225 1913 3417 1983 templo
3444 1923 3561 1965 est:

2203 1984 2372 2047 Quam
2401 1982 2599 2037 Paulus
2625 1988 2830 2047 retinet,
2856 1982 3077 2053 quamve
3104 1985 3353 2036 cathedra
3386 1982 3560 2034 Petri.

2131 2053 2263 2119 Quae
2287 2055 2462 2118 docui,
2492 2056 2731 2107 docuisse
2755 2055 2929 2122 piget;
2964 2054 3252 2107 venerabile
3280 2065 3486 2122 martyr

2203 2125 2389 2189 Cerno,
2421 2126 2558 2193 quod
2590 2142 2622 2177 a
2651 2124 2796 2177 cultu
2822 2124 2972 2176 rebar
2992 2125 3167 2178 abesse
3194 2124 3308 2176 Dei.

2066 2256 2084 2289 ς
2120 2236 2333 2306 Insigne
2384 2237 2807 2301 retractationis,
2865 2252 2961 2291 seu
3015 2236 3377 2291 revocationis
3434 2251 3625 2289 exemo.

2057 2330 2229 2398 plum.
2270 2348 2287 2379 ι
2345 2327 2617 2385 Hactenus
2663 2328 2890 2393 Fronto,
2932 2329 3091 2399 cujus
3127 2337 3450 2399 argumenta
3495 2328 3634 2381 infe-

2058 2422 2174 2476 rius
2209 2421 2585 2476 discutiemus.

2318 2514 2432 2569 XII.
2472 2515 2693 2569 Baronii
2724 2516 2983 2568 sententia
3023 2514 3360 2582 expenditur.

2129 2607 2360 2661 Maxima
2391 2607 2555 2677 igitur
2592 2623 2929 2662 summorum
2962 2608 3201 2661 virorum
3246 2606 3313 2660 de
3348 2604 3631 2659 Prudentii

2057 2698 2346 2769 Hippolyto
2386 2699 2608 2753 dissidia
2656 2714 2762 2752 non
2814 2700 2983 2751 levem
3032 2714 3174 2752 nunc
3223 2699 3383 2752 nobis
3430 2698 3631 2751 dubio-

2057 2803 2176 2839 rum
2210 2796 2443 2854 segetem
2474 2786 2732 2855 praebent,
2763 2788 2964 2854 quibus
2993 2788 3075 2841 rei
3103 2788 3325 2849 veritas,
3356 2802 3527 2856 quam
3558 2780 3629 2840 to-

2056 2882 2129 2933 tis
2158 2880 2365 2934 viribus
2412 2879 2629 2948 assequi
2674 2894 2958 2944 conamur,
3009 2881 3182 2934 denso
3216 2880 3473 2949 caliginis
3512 2879 3628 2933 velo

2056 2964 2373 3025 otiuuditur.
2410 2969 2633 3035 Verum,
2665 2981 2721 3025 ut
2757 2982 2942 3026 nostra
2980 2970 3086 3025 fert
3110 2972 3315 3040 opinio,
3349 2987 3468 3025 rem
3494 2971 3628 3026 hanc

2060 3063 2222 3116 tantis
2253 3063 2657 3117 diﬁicultatibus
2692 3064 2974 3132 obseptain
3027 3063 3169 3116 haud
3199 3078 3317 3116 esse
3357 3061 3630 3131 comperi-

1981 3159 2022 3215 C
2059 3168 2199 3217 mus,
2232 3153 2384 3221 quin,
2421 3170 2476 3206 re
2505 3154 2697 3207 sedulo
2726 3170 3017 3222 perpensa,
3060 3153 3429 3208 clarissimam
3473 3153 3627 3209 nobis

2053 3244 2249 3307 lucem,
2284 3246 2337 3298 in
2363 3245 2754 3300 obscurissima
2777 3246 2907 3299 licet
2930 3246 3232 3315 quaestione
3255 3245 3625 3311 versantibus,

2050 3338 2300 3405 protinus
2351 3338 2605 3409 aﬁulgere
2650 3338 3077 3407 conspiciamus.
3130 3336 3333 3393 Omnes
3375 3338 3528 3391 enim
3561 3351 3627 3390 ex

2049 3430 2224 3484 doctis
2256 3430 2404 3495 viris,
2432 3447 2666 3500 quorum
2702 3431 2987 3485 sententiae
3019 3446 3127 3484 non
3156 3430 3444 3483 minimum
3470 3429 3625 3483 nobis

2050 3524 2102 3576 in
2136 3524 2233 3578 hac
2263 3540 2319 3577 re
2369 3525 2572 3594 negotii
2620 3523 2893 3577 facessere
2934 3530 3176 3591 possent,
3232 3536 3347 3575 rem
3394 3522 3625 3575 summis

2048 3624 2258 3669 tantum
2292 3615 2448 3669 labiis
2482 3616 2753 3671 delibasse
2782 3622 3019 3677 constat,
3072 3629 3170 3667 nec
3202 3621 3401 3683 praeter
3429 3629 3499 3667 ea
3539 3628 3622 3666 ra-

2048 3707 2215 3761 tionis
2264 3716 2559 3773 momenta,
2597 3723 2718 3777 quae
2753 3707 2997 3760 omnium
3045 3706 3256 3775 primus
3294 3706 3624 3775 excogitavit

2050 3799 2391 3863 Ruinartius,
2423 3808 2483 3853 ut
2524 3797 2878 3854 Prudentium
2915 3796 3257 3853 confusionis
3296 3800 3430 3854 vitio
3472 3800 3621 3852 labo—

2049 3901 2261 3947 rantem
2297 3900 2557 3957 tueretur,
2601 3892 2726 3945 novi
2759 3894 2896 3948 nihil
2948 3896 3016 3949 ab
3062 3895 3197 3967 ipsis
3243 3893 3615 3962 excogitatum

2049 3984 2553 4049 animadvertimus,
2607 4002 2719 4058 quo
2767 4002 2886 4052 nos,
2938 3988 3065 4042 licet
3116 3987 3337 4049 invitos,
3373 3986 3428 4038 in
3471 3985 3615 4037 illius

2048 4079 2313 4133 sententia
2352 4094 2610 4149 perpetuo
2646 4070 2869 4135 manere
2917 4080 3321 4148 compellerent.
3370 4076 3615 4146 Quapro-

2048 4176 2164 4236 pter
2221 4169 2267 4223 si
2320 4169 2563 4237 ejusdem
2617 4168 2887 4223 Ruinartii
2950 4172 3272 4223 sententiam
3332 4168 3614 4235 ipsismet,

2047 4260 2248 4329 quibus
2305 4262 2493 4315 nititur
2545 4270 2784 4316 veterum
2831 4261 3184 4324 testimoniis,
3230 4273 3489 4313 corruere
3524 4258 3618 4311 de-

2048 4356 2495 4422 monstrabimus,
2536 4357 2609 4410 nil
2668 4358 2825 4413 nobis
2880 4357 2985 4411 erit
3042 4356 3258 4426 reliqui,
3318 4354 3617 4424 quominus

2050 4461 2301 4516 magnum
2331 4446 2677 4519 Hippolytum
2719 4448 3033 4519 episcopum
3060 4457 3113 4502 et
3153 4456 3449 4519 martyrem
3490 4447 3617 4500 Por-

380 4512 539 4574 riam,
600 4512 815 4565 concise
867 4513 1156 4568 admodum
1210 4514 1421 4574 duobus
1453 4519 1504 4573 in
1539 4521 1671 4576 locis
1701 4525 1948 4591 exposuit

2058 4512 2232 4593 tuensi
2252 4512 2505 4593 Ecclesia:
2530 4512 2960 4609 adjudicanduni
3008 4556 3075 4593 ex
3115 4512 3313 4608 ipsius-
3334 4536 3609 4591 Prudentii

378 4602 464 4656 vir
497 4602 853 4661 clarissimus.
890 4605 1086 4664 Narrat
1134 4610 1471 4682 Nicephorus
1521 4615 1658 4670 libro
1698 4632 1773 4681 ιγ,
1822 4632 1944 4686 cap.

379 4692 443 4746 3i
488 4692 624 4763 (50),
666 4692 1009 4769 Hippolytum
1061 4714 1307 4758 nostrum
1357 4708 1605 4776 quaedam
1657 4709 1944 4776 scripsisse

379 4798 500 4852 quae
542 4787 958 4853 reprehensione
984 4805 1092 4845 non
1122 4801 1328 4858 carent,
1372 4796 1592 4864 quibus,
1625 4798 1941 4869 martyrium

378 4877 723 4953 postmodum
749 4890 1095 4945 consecutus,
1130 4900 1345 4938 omnem
1388 4887 1704 4957 ignorantiae
1756 4905 1943 4944 inaru-

376 4964 483 5021 lam
531 4968 771 5024 detersit.
810 4969 903 5025 His
955 4971 1245 5043 Nicephori
1279 4978 1458 5032 verbis
1507 4980 1645 5033 hanc
1697 4980 1938 5032 notulam

375 5058 608 5128 subjecit
646 5057 893 5117 Fronto:
934 5081 952 5115 ι
987 5062 1158 5135 Hujus
1199 5066 1415 5138 (nempe
1466 5066 1761 5139 Hippolyti)
1809 5085 1934 5138 pas-

448 5278 558 5361 (έβ)
586 5280 644 5361 [ῃ
684 5291 819 5361 toni.
866 5284 883 5338 1
916 5284 1036 5339 Act.
1060 5298 1249 5361 sanet.
1280 5290 1489 5361 mensis
1513 5290 1733 5357 Aprilis,
1764 5290 1790 5361 §
1836 5292 1933 5355 19,

376 5364 430 5419 p.
455 5351 526 5404 Ἡ
554 5353 683 5407 edit.
717 5353 926 5409 Venetae
947 5357 1073 5408 anni
1103 5357 1257 5422 1757,
1290 5360 1339 5413 in
1371 5360 1427 5413 S.
1463 5351 1721 5412 Pontiano
1758 5351 1790 5412 ἶ
1813 5380 1829 5409 ι
1864 5351 1936 5415 Eo

376 5428 619 5501 tempore
662 5424 960 5501 Pontianus
1012 5429 1319 5501 episcopus,
1363 5440 1415 5485 et
1459 5430 1778 5501 Hippolytus
1822 5449 1936 5497 pre.

376 5492 812 5567 gbyterexsules
858 5504 987 5551 sunt
1012 5492 1279 5567 deportati
1308 5492 1373 5554 in
1418 5492 1932 5555 insulam'uodram

378 5557 709 5629 Sardiniam,
747 5585 765 5616 ι
804 5577 907 5621 etc.

414 5629 556 5711 ,(47)
579 5632 760 5687 Disser
781 5639 945 5692 ation.
964 5637 1316 5709 Cyprianicw,
1344 5641 1560 5694 dissert.
1610 5642 1633 5711 ἦ
1650 5644 1665 5693 ι
1704 5642 1776 5695 De
1798 5659 1930 5710 pau-

375 5709 902 5782 c‘ttatenntartgjruin,
958 5711 1102 5777 ἔξω,
1157 5728 1277 5779 pag.
1311 5711 1379 5763 85
1422 5712 1551 5763 edit.
1605 5709 1836 5782 Opcruin
1873 5715 1929 5767 S.

373 5769 574 5828 Caecilii
605 5769 884 5848 Cypriani,
917 5769 1302 5839 A‘iustcloiiaini
1334 5798 1420 5836 an.
1455 5781 1606 5837 ιῑυο.

2046 4628 2378 4683 carminibus
2403 4631 2775 4698 patentissima
2812 4632 3237 4701 conspiciamus.
3283 4628 3443 4699 Quod
3492 4630 3611 4698 qui-

2043 4719 2163 4772 dem
2216 4729 2341 4774 ante
2398 4731 2616 4776 centum
2665 4724 3060 4793 quinquaginta
3123 4732 3177 4776 et
3236 4722 3378 4775 ultra
3438 4735 3608 4777 annos

2044 4813 2283 4867 maximo
2315 4814 2605 4869 Annalium
2638 4815 2908 4870 conditori
2939 4816 3176 4884 primum
3200 4813 3514 4869 suboluisse
3535 4812 3609 4863 vi-

2042 4906 2253 4973 dimus;
2291 4923 2480 4961 verum
2505 4924 2629 4961 cum
2661 4924 2890 4976 magnus
2922 4908 3006 4962 vir
3051 4908 3320 4960 immensa
3351 4906 3608 4959 ecclesia-

2043 4998 2299 5052 sticarum
2332 5000 2610 5054 annalium
2643 4999 2786 5055 mole
2814 5000 3160 5060 obrueretur,
3210 5011 3364 5052 suam
3396 4997 3465 5049 de
3509 4996 3605 5048 hac

2041 5092 2340 5162 quaestione
2369 5092 2714 5155 sententiam,
2748 5107 2810 5147 ea
2862 5107 2969 5160 qua
3010 5100 3244 5160 poterat,
3282 5089 3601 5144 selectorum

2110 5293 2220 5363 (48)
2256 5293 2311 5345 In
2343 5294 2485 5348 notis
2530 5295 2594 5347 ad
2629 5294 3068 5365 Martyrologium
3122 5292 3355 5348 Usuardi
3407 5293 3494 5365 die
3520 5290 3595 5365 ‘50

2036 5361 2300 5487 Jai.u.-n\:ili,
2356 5381 2474 5434 pag.
2532 5365 2596 5417 70
2655 5361 2780 5419 Act;
2841 5361 3079 5419 sanctor.
3138 5366 3341 5417 mensis
3410 5362 3593 5424 Junii,

2039 5445 2168 5487 tum.

2039 5445 2168 5489 tum.
2212 5436 2289 5487 Ἡ.

2107 5505 2216 5569 (49)
2236 5508 2354 5560 Act.
2379 5517 2616 5560 sanctor.
2635 5510 2834 5561 mensis
2859 5506 3109 5573 Augusti,
3127 5514 3256 5555 tom.
3276 5502 3339 5555 lll
3358 5503 3461 5573 ,tlic
3478 5516 3593 5573 xui.

2107 5576 2217 5644 (50)
2249 5576 2556 5644 Nrcphnr.,
2593 5595 2711 5646 pag.
2751 5580 2854 5632 550
2904 5572 3159 5634 editionis
3195 5573 3421 5628 Lutetia:
3450 5572 3596 5626 Pari-

2035 5645 2239 5698 siorum
2265 5647 2387 5698 anni
2426 5648 2575 5699 l650.

2106 5717 2217 5787 iiii)
2252 5718 2427 5784 idem,
2465 5733 2583 5789 pag.
2620 5718 2741 5772 595.
