3826 6528
168 319 277 377 H7

965 319 1049 375 os
1092 318 1489 377 ronwessr
1524 321 1580 375 s.
1622 316 1980 375 lllPPOLYTl
2022 319 2213 376 sane.
2257 352 2324 361 —
2363 319 2542 377 PARS
2577 308 2622 377 i.

3325 317 3430 382 ΜΘ

172 449 625 508 argumentorum
654 437 828 509 copia,
856 440 1070 496 munire
1094 442 1357 512 nequivit,
1384 444 1456 496 ita
1483 453 1753 497 utomnes
1784 451 1827 506 Α
1856 458 1962 512 que
1995 442 2373 497 conventicula
2411 444 2534 508 vici,
2572 445 2684 499 sive
2719 444 2885 500 laurze
2934 445 3001 500 ab
3042 444 3430 503 Alexandrinis

174 532 467 586 dubitandi
519 533 701 587 aditus
746 532 814 586 iis
846 533 1285 600 occluderentur,
1335 534 1537 603 quibus
1569 534 1621 588 in
1655 549 1752 603 po-

170 632 384 678 sterum
437 621 506 678 de
546 624 737 678 cadent
784 624 999 679 diverse
1038 640 1268 694 prorsus
1296 624 1363 677 ab
1404 626 1523 694 ipso
1551 627 1753 680 sentire

170 716 492 787 placuisset.
526 715 763 783 Etenim,
808 726 867 772 ut
900 718 1132 788 ingenue
1178 716 1483 783 fateamur,
1522 735 1654 789 pura
1691 735 1755 774 ac

168 818 301 879 puta
358 820 605 864 veterum
662 809 1170 882 Martyrologiorum
1234 812 1571 875 testimonia,
1633 827 1755 882 quae

166 900 333 966 alias,
385 901 479 955 ubi
533 902 601 956 de
657 904 863 969 sanctis
911 902 1114 957 Christi
1152 904 1488 974 martyribus
1536 905 1751 975 agitur,

169 1009 369 1064 magna
405 994 730 1050 auctoritate
764 996 966 1065 pollere
998 1011 1103 1049 non
1138 996 1449 1059 difﬁtemur,
1485 998 1537 1051 in
1570 997 1673 1052 hac
1698 1013 1755 1051 re

168 1084 475 1139 Prudentio
541 1087 916 1141 vetustissimo
966 1088 1439 1157 disertissimoque
1501 1090 1751 1158 scriptori

168 1178 561 1247 anteponenda
612 1195 721 1233 non
764 1194 906 1246 esse,
943 1189 1310 1239 recte,nostro
1342 1180 1561 1251 quidem
1608 1180 1757 1249 judi-

168 1270 277 1332 cio,
318 1268 645 1325 Ruinartius
687 1278 741 1325 et
784 1269 1166 1325 Tillemontius
1210 1272 1468 1326 docuere.
1501 1272 1757 1341 Quapro-

169 1372 293 1433 pter
336 1363 444 1416 alia
496 1378 725 1433 prorsus
774 1362 861 1416 via
907 1364 1067 1419 nobis
1114 1363 1474 1418 incedendum
1515 1364 1754 1418 arbitra-

170 1470 319 1519 mur,
359 1469 469 1523 qua
507 1454 928 1509 intricatissimze
971 1454 1098 1510 huic
1123 1454 1414 1525 quaastioni
1450 1455 1755 1511 clarissima

170 1546 422 1601 veritatis
450 1547 545 1600 lux
577 1560 676 1616 pro
707 1548 914 1601 viribus
949 1546 1227 1604 aﬂ‘eratur.

173 1655 315 1711 XIII.
374 1657 642 1713 Ruinartii
691 1660 1017 1733 conjectura.
1069 1663 1257 1730 quibus
1302 1663 1506 1718 nitatur
1561 1664 1758 1733 funda-

680 1731 892 1797 mentis,
930 1735 1250 1787 ostenditur.

1856 536 2023 605 vulgo
2061 538 2433 591 nominantur.
2478 558 2495 588 ι
2544 536 2655 593 Has
2684 554 2847 607 porro
2884 538 3153 596 Ecclesias
3180 542 3435 612 deinceps

1855 637 2139 682 enumerat
2170 627 2509 699 Epiphanius
2554 631 2689 702 (55),
2730 646 2921 700 nempe
2956 631 3197 704 Dionysii
3245 632 3435 688 Eccle-

1856 720 2016 786 siam,
2060 719 2317 784 Theouze,
2356 723 2536 786 Pierii,
2592 722 2931 792 Serapionis,
2970 722 3200 791 Persem,
3250 723 3433 796 Dizye,

1857 812 2135 880 Mendidii,
2163 814 2423 883 Anniani,
2448 816 2720 883 Baucalis,
2750 826 2802 870 et
2825 826 3071 883 caeteras,
3102 834 3334 887 quarum
3360 832 3437 873 re-

1856 909 1988 965 ticet
2015 908 2259 963 nomina.

2092 1000 2231 1056 XIV.
2263 1002 2532 1057 Ruinartii
2562 1012 2871 1074 argumenta
2901 1004 3202 1057 diluuntur.

1935 1091 2061 1148 Haec
2105 1094 2271 1163 igitur
2315 1108 2560 1150 veterum
2610 1097 2920 1151 testimonia
2966 1097 3273 1151 clarissimo
3298 1092 3438 1149 Rui-

1857 1188 2033 1241 nartio
2084 1187 2409 1258 conjiciendi
2457 1204 2649 1243 ansam
2702 1190 3017 1259 praebuere,
3074 1188 3436 1243 Portuensrm

1860 1278 2158 1334 Ecclesiam
2202 1281 2266 1334 ad
2314 1282 2488 1335 instar
2513 1281 2918 1345 Alexandrina),
2949 1282 3133 1336 varios
3178 1282 3439 1335 habuisse

1860 1373 2046 1427 titulos
2095 1373 2537 1445 presbyterorum
2588 1389 2733 1427 curae
2787 1374 3149 1438 commissos,
3202 1388 3437 1442 quorum

1858 1481 2029 1518 unum
2064 1463 2408 1534 Hippolytum
2456 1473 2703 1517 nostrum
2752 1464 3059 1518 obtinuisse
3094 1463 3343 1524 credidit,
3380 1470 3442 1516 ut

1857 1570 1923 1609 ex
1954 1573 2076 1612 mox
2106 1557 2283 1612 allatis
2316 1556 2460 1611 illius
2487 1557 2669 1610 verbis
2707 1555 3155 1610 manifestissime
3196 1564 3431 1609 constat.

1860 1649 2058 1703 Verum
2093 1650 2249 1721 longe
2272 1665 2370 1704 sua
2400 1649 2655 1718 opinione
2685 1647 2891 1702 fallitur
2921 1648 3006 1701 vir
3040 1646 3438 1713 doctissimus;

1861 1758 1985 1796 nam
2023 1743 2336 1811 ‘nujusmodi
2387 1742 2861 1805 consuetudinem,
2903 1755 3068 1809 quam
3099 1737 3443 1793 Alexandria:

244 1822 574 1879 Ruinartius
606 1824 814 1895 itaque,
842 1833 902 1878 ut
935 1828 1187 1894 superius
1224 1826 1504 1881 innuimus
1539 1866 1554 1890 ,
1591 1828 1754 1881 nullis
1788 1811 1829 1868 Β
1861 1835 2100 1903 viguisse
2138 1836 2362 1889 tradunt
2385 1833 2725 1904 Epiphanius
2754 1840 2807 1886 et
2839 1832 3200 1894 Sozomenus,
3237 1829 3291 1882 in
3324 1843 3442 1882 ma.

170 1917 294 1971 aliis
338 1926 587 1973 veterum
634 1918 1003 1973 monumentis
1046 1920 1374 1986 conjectura:
1412 1935 1524 1973 suae
1560 1918 1755 1973 funda-

171 2020 355 2066 menta
408 2010 560 2081 jecit,
592 2014 971 2081 'praeterquam
1020 2012 1137 2066 solo
1174 2011 1460 2066 Sozomeni
1512 2013 1755 2068 testimo-

170 2103 285 2167 nio.
330 2121 349 2154 ι
386 2101 549 2168 Haec,
600 2103 781 2173 inquit
830 2101 944 2173 (52)
998 2102 1235 2173 (nempe
1282 2119 1443 2173 supra
1490 2105 1755 2159 recensita

170 2193 459 2250 Prudentii
508 2195 830 2265 carmina),
897 2196 963 2251 ad
1026 2196 1376 2267 Hippolytum
1437 2197 1755 2267 episcopum

169 2289 455 2353 referunt;
517 2289 611 2343 sed
668 2289 799 2359 quid
852 2297 1001 2343 vetat
1067 2288 1438 2359 presbyterum
1511 2289 1752 2359 aliquam

170 2383 347 2453 plebis
381 2390 593 2451 partem
628 2396 742 2435 suae
771 2396 918 2436 cura:
951 2382 1302 2436 commissam
1350 2380 1642 2446 habuisse;
1674 2391 1757 2435 ta-

171 2473 248 2527 les
281 2484 417 2528 sunt
455 2475 635 2535 hodie,
668 2488 807 2543 quos
838 2474 1130 2543 parochos,
1162 2488 1257 2528 seu
1293 2474 1550 2529 curiones
1583 2475 1758 2545 appel-

170 2564 372 2619 lamus.
412 2564 604 2619 Refert
636 2564 994 2631 Sozomenus,
1034 2585 1052 2617 ι
1092 2574 1197 2619 etc.
1233 2565 1404 2635 Cujus
1438 2567 1603 2621 verba
1630 2582 1754 2622 mox

171 2660 455 2715 dabimus.
512 2680 533 2711 ι
573 2661 716 2714 Idem
762 2660 1137 2731 (prosequitur
1183 2660 1527 2729 Ruinartius)
1570 2659 1758 2717 Roma:

172 2752 441 2806 usitatum
476 2751 644 2807 fuisse
675 2753 833 2809 docet
866 2752 1159 2824 Dionysius
1190 2751 1465 2807 Petavius.
1496 2751 1628 2807 Vide
1654 2752 1758 2805 Va-

175 2843 292 2899 lesii
327 2853 499 2898 notas
530 2844 598 2897 ad
632 2845 776 2899 hunc
809 2843 1102 2898 Sozomeni
1139 2846 1343 2912 locum,
1386 2856 1439 2900 et
1466 2845 1757 2901 Commen-

184 2937 388 2990 tarium
421 2937 684 3007 praevium
717 2936 780 2991 D.
812 2936 861 2993 J.
890 2937 1185 2992 Mabillonii
1218 2938 1271 2992 in
1299 2939 1543 2994 ordinem
1566 2939 1762 2993 Roma-

182 3043 312 3083 num
333 3041 465 3098 cap.
485 3030 539 3083 3.
569 3049 587 3080 ι
613 3030 1021 3100 Verumtamen,
1048 3047 1178 3101 pace
1196 3032 1329 3085 tanti
1358 3032 1481 3094 viri,
1501 3033 1689 3099 multa,
1708 3040 1763 3088 et

1856 1928 2020 1983 ximis
2085 1937 2294 1982 tantum
2349 1927 2577 1981 urbibus
2641 1935 2773 1979 tunc
2823 1923 3083 1993 temporis
3133 1921 3441 1975 obtinuisse

1855 2019 2049 2074 docent
2081 2018 2379 2090 Dionysius
2408 2018 2682 2082 Petavius,
2718 2029 2769 2072 et
2800 2015 3070 2070 Henricus
3098 2013 3347 2069 Valesius
3379 2013 3436 2067 in

1856 2114 2046 2168 iisdem
2086 2113 2251 2179 notis,
2282 2129 2419 2183 quas
2458 2113 2561 2165 sibi
2602 2110 2780 2165 facere
2815 2109 3045 2164 credidit
3077 2110 3159 2161 vir
3191 2107 3437 2162 clarissi-

1856 2218 1998 2257 mus.
2060 2199 2149 2267 Et,
2192 2212 2251 2255 ut
2294 2218 2321 2254 a
2352 2200 2577 2255 Petavio
2631 2200 2980 2268 incipiamus,
3031 2198 3121 2251 hic
3163 2212 3317 2251 suam
3372 2197 3439 2267 de.

1856 2298 1960 2351 hac
1990 2311 2047 2350 re
2078 2296 2403 2350 sententiam
2436 2294 2521 2348 his
2552 2291 2730 2347 verbis
2758 2291 3012 2361 exposuit
3047 2289 3159 2361 (56)
3189 2307 3201 2342 :
3261 2306 3279 2339 ι
3312 2288 3438 2341 Siu-

1855 2390 2099 2461 gularem
2131 2389 2276 2452 ,ait,
2338 2396 2468 2441 tunc
2529 2386 2789 2457 temporis
2848 2383 3186 2439 Alexandria:
3231 2396 3436 2435 morem

1856 2482 2002 2536 hunc
2037 2480 2228 2543 fuisse,
2266 2478 2350 2532 vel
2383 2479 2575 2533 saltem
2605 2477 2792 2547 paucis
2823 2476 2877 2529 in
2909 2474 3170 2530 Ecclesiis
3198 2488 3437 2541 usurpa-

1858 2583 1999 2640 tum,
2025 2589 2091 2628 ex
2119 2588 2184 2628 eo
2214 2572 2499 2642 conjicias,
2524 2571 2666 2639 quod
2695 2579 2805 2623 tam
2838 2582 3095 2636 expresse
3126 2562 3439 2619 istiusmodi

1858 2666 2269 2722 consuetudinis
2311 2674 2572 2733 tanquam
2618 2662 3001 2716 Alexandrina:
3032 2658 3293 2714 Ecclesia:
3342 2670 3439 2726 pe-

1858 2759 2102 2824 culiaris,
2131 2757 2379 2811 meminit
2413 2754 2822 2825 (Epiphanius),
2855 2753 2933 2807 uti
2965 2751 3227 2806 nimirum
3254 2750 3441 2818 plures

1858 2853 1913 2907 in
1943 2850 2134 2905 eadem
2169 2849 2305 2903 urbe
2350 2847 2493 2901 tituli
2538 2844 2736 2909 forent,
2777 2845 2977 2915 quibus
3024 2842 3253 2911 singulis
3307 2854 3444 2894 suus

1860 2941 2156 2996 attributus
2211 2946 2358 2994 esset
2389 2937 2691 3007 presbyter,
2737 2935 2829 3005 qui
2875 2932 3275 2989 ecclesiasticas
3318 2928 3446 2983 fun-

1862 3034 2073 3087 ctiones
2119 3030 2232 3085 illic
2271 3030 2471 3084 obiret.
2510 3047 2529 3080 ι
2598 3027 2664 3080 Et
2713 3035 2837 3096 post
2888 3040 3061 3095 pauca
3111 3026 3225 3078 haec
3260 3021 3443 3076 addit:

181 3122 404 3191 quidem
433 3121 698 3187 maxima,
718 3138 817 3176 nos
832 3123 1164 3192 vetantquin
1195 3139 1349 3177 suam
1373 3125 1762 3194 amplectamur
1790 3162 1833 3220 ρ
1871 3146 1889 3179 ι
1920 3126 2037 3181 Non
2063 3124 2253 3180 dubito
2282 3123 2586 3191 majoribus
2614 3120 2880 3175 duntaxat
2912 3120 2965 3173 in
3003 3117 3229 3171 urbibus
3258 3118 3443 3186 plures

179 3216 537 3270 sententiam.
564 3213 698 3280 lmo,
730 3217 1002 3272 utmelius
1031 3217 1303 3283 dicamus,
1326 3218 1489 3273 iidem
1508 3218 1763 3274 Petavius

180 3317 227 3360 et
254 3305 533 3372 Valesius,
559 3321 699 3376 quos
728 3316 987 3378 tanquam
1020 3309 1345 3378 conjectura:
1376 3326 1487 3365 sua:
1510 3321 1765 3379 patronos

183 3396 418 3465 appellat
442 3396 525 3449 vir
545 3397 909 3463 clarissimus,
936 3413 1037 3453 nos
1056 3398 1268 3453 diversa
1293 3415 1517 3469 prorsus
1551 3402 1618 3454 ab
1648 3400 1765 3470 ipso

184 3488 384 3543 sentire
399 3489 761 3557 compellunt.
780 3487 976 3543 Narrat
996 3489 1335 3546 Sozomenus
1360 3492 1451 3545 lib.
1476 3509 1515 3557 ι,
1534 3509 1651 3562 cap.
1676 3494 1764 3561 15,

184 3579 372 3635 Arium
398 3580 616 3651 legatos
640 3581 859 3635 misisse
890 3582 955 3635 ad
980 3580 1269 3636 Paulinum
1298 3581 1446 3654 Tyri,
1471 3582 1767 3639 Eusebium

186 3671 473 3740 Cesareae,
506 3682 561 3726 et
591 3673 659 3727 ad
687 3672 1060 3744 Patrophilum
1092 3674 1438 3747 Scythopolis
1462 3678 1766 3747 episcopos,

189 3769 446 3838 ipsosque
505 3784 729 3838 rogasse
759 3779 819 3823 ut
852 3770 955 3824 sibi
991 3771 1101 3841 (55)
1136 3787 1370 3826 uuacum
1402 3774 1517 3828 suis
1553 3774 1769 3845 permit-

190 3869 359 3914 terent
403 3861 621 3930 plebem
662 3859 796 3930 ipsis
828 3863 1193 3917 adhmrentem
1240 3864 1293 3917 in
1324 3864 1565 3920 Ecclesia
1612 3867 1769 3920 colli-

192 3968 332 4023 gere,
362 3954 622 4007 eumdem
655 3969 718 4007 ex
751 3968 861 4023 quo
898 3969 1025 4008 mox
1058 3955 1248 4025 dejecti
1279 3956 1513 4022 fuerant,
1540 3958 1767 4028 gradum

193 4048 585 4101 obtinentibus.
642 4046 767 4101 Mox
822 4048 1026 4102 subdit:
1095 4067 1114 4100 i
1167 4050 1438 4119 Antiquus
1490 4052 1634 4105 enim
1686 4060 1770 4105 est

193 4138 531 4191 Alexandria:
564 4152 703 4202 mos,
741 4136 834 4205 qui
881 4143 933 4191 et
969 4138 1135 4193 etiam
1186 4155 1332 4193 nunc
1368 4141 1531 4210 viget,
1571 4150 1628 4194 ut
1667 4142 1770 4197 sub

199 4246 300 4285 uno
328 4232 615 4301 episcopo,
646 4229 740 4305 qui
765 4230 1022 4285 omnibus
1051 4241 1265 4300 praeest,
1298 4234 1596 4305 presbyteri
1619 4249 1770 4287 seor-

198 4337 311 4377 sum
359 4322 628 4377 ecclesias
678 4322 982 4387 obtineant,
1033 4331 1088 4377 et
1138 4322 1193 4376 in
1262 4324 1456 4377 iisdem
1507 4325 1769 4395 populum

199 4425 548 4487 congregent.
589 4433 608 4465 ι
651 4412 852 4468 Eadem
886 4414 1049 4468 etiam
1078 4414 1236 4469 docet
1262 4413 1601 4485 Epiphanius
1629 4418 1765 4483 (54),

1867 3226 2009 3280 inter
2032 3224 2291 3293 pomaaria
2319 3222 2506 3275 titulos
2536 3218 2725 3281 fuisse,
2757 3233 2882 3272 cum
2910 3216 3050 3270 intra
3078 3214 3267 3269 eadem
3292 3223 3444 3281 septa

1867 3316 2153 3382 contineri,
2189 3328 2407 3383 unaque
2440 3309 2735 3365 convenire
2768 3324 2875 3362 non
2910 3315 3164 3376 possent;
3199 3304 3444 3374 adeoque

1865 3409 2210 3479 presbyteros
2240 3404 2469 3475 singulis
2501 3401 2758 3457 Ecclesiis
2810 3399 3116 3468 impositos.
3170 3395 3226 3450 In
3259 3398 3445 3451 mino-

1867 3502 2020 3557 ribus
2070 3509 2249 3554 autem
2281 3512 2346 3551 ac
2375 3495 2556 3549 minus
2602 3493 2979 3563 frequentibus
3017 3489 3232 3560 oppidis
3278 3504 3446 3543 unam

1865 3593 2132 3648 duntaxat
2184 3586 2485 3643 Ecclesiam
2536 3584 2840 3648 exstitisse,
2894 3582 2948 3635 in
2991 3595 3155 3650 quam
3204 3578 3447 3632 universi

1867 3683 2226 3747 confluerent,
2278 3677 2591 3748 cujusmodi
2627 3676 2790 3747 Cypri
2839 3675 3004 3728 urbes
3034 3682 3214 3727 erant.
3274 3669 3446 3734 Unde,

1867 3777 2013 3848 quod
2043 3774 2389 3829 Alexandria:
2435 3780 2709 3839 receptum
2744 3777 2886 3833 erat,
2915 3766 3064 3821 velut
3096 3763 3453 3834 popularibus

1869 3868 1985 3924 suis
2037 3866 2383 3937 peregrinum
2432 3872 2487 3918 et
2526 3862 2846 3916 inusitatum
2902 3856 3180 3931 adnotavit
3211 3853 3448 3923 Epipha-

1868 3961 2012 4014 nius.
2051 3976 2070 4011 ι
2132 3957 2227 4013 His
2258 3962 2568 4011 consonant
2614 3958 2779 4007 etiam
2828 3965 2914 4016 ea,
2951 3964 3072 4018 quae
3116 3946 3278 4016 paulo
3309 3944 3451 3997 infra

1870 4053 2033 4106 habet
2082 4049 2222 4120 (57),
2268 4050 2398 4102 dum
2442 4048 2509 4101 de
2550 4035 3070 4113 chorepiscoporum
3124 4037 3449 4106 antiquitate

1870 4144 2149 4201 disseruit.
2191 4162 2210 4193 ε
2242 4143 2419 4211 Atque
2458 4140 2593 4205 haec,
2638 4137 2835 4206 inquit,
2864 4131 3155 4203 Epiphanii
3198 4138 3307 4184 tam
3358 4144 3452 4182 ac-

1871 4245 2058 4290 curata
2099 4234 2165 4288 de
2190 4230 2573 4286 Alexandrinae
2616 4227 2874 4282 Ecclesiae
2913 4223 3161 4295 pluribus
3204 4218 3453 4276 ecclesiis

1872 4326 2200 4391 observatio,
2232 4340 2345 4378 rem
2392 4337 2491 4377 nec
2531 4320 2660 4374 alibi
2702 4317 2931 4388 passim,
2978 4331 3078 4370 nec
3121 4314 3250 4368 olim
3285 4327 3451 4366 usur-

1870 4427 2054 4489 patam
2107 4433 2171 4472 ac
2205 4425 2474 4486 receptam
2526 4413 2702 4467 fuisse
2744 4410 3100 4465 demonstrat.
3140 4424 3159 4457 ι
3209 4402 3318 4458 Nec
3350 4402 3455 4457 mi—

198 4516 377 4561 contra
402 4507 640 4560 Arianos
673 4503 943 4569 scribens,
979 4503 1108 4558 dum
1137 4506 1329 4560 Arium
1361 4523 1548 4561 eorum
1575 4523 1770 4576 paren-
1802 4546 1846 4602 Ι)
1876 4527 1995 4565 rum
2040 4510 2088 4564 si
2132 4510 2273 4562 hanc
2306 4503 2682 4561 Alexandrinae
2698 4501 2954 4557 Ecclesiae
3004 4496 3452 4554 consuetudinem

201 4610 302 4653 tem
340 4618 359 4651 ι
397 4613 564 4654 unam
606 4611 674 4651 ex
706 4594 981 4665 praedictis
1030 4596 1295 4659 ecclesiis,
1326 4613 1518 4666 nempe
1561 4598 1768 4652 Bauca-

205 4689 424 4753 lensem,
495 4686 803 4743 obtinuisse
857 4686 1099 4739 tradidit.
1155 4705 1172 4737 ι
1237 4689 1449 4743 Etenim
1504 4699 1775 4759 quotquot

202 4778 536 4834 Alexandria:
569 4777 855 4833 catholicae
891 4779 1296 4832 communionis
1364 4778 1607 4833 ecclesia:
1646 4789 1774 4835 sunt

206 4873 291 4925 uni
321 4870 737 4940 archiepiscopo
771 4867 1049 4937 subjectae,
1074 4884 1208 4923 suus
1235 4869 1431 4939 cuique
1454 4872 1775 4940 praepositus

209 4973 287 5017 est
336 4981 355 5013 ς
406 4962 718 5033 presbyter,
746 4960 842 5030 qui
869 4958 1233 5013 ecclesiastica
1258 4977 1483 5016 munera
1503 4962 1568 5017 iis
1599 4962 1775 5016 admi-

209 5058 416 5122 nistret,
451 5058 549 5128 qui
597 5057 745 5112 circa
795 5053 1055 5110 ecclesias
1095 5055 1213 5107 illas
1260 5055 1527 5119 habitant,
1554 5072 1776 5109 earume

273 5171 379 5243 (ὃῖ)
408 5169 686 5253 ῐξμίῐηιῐςῐη
706 5169 842 5222 Acta
869 5176 1161 5253 martyrum
1187 5169 1387 5253 siq’cerla
1404 5178 1461 5253 let
1488 5168 1699 5233 selecto,

209 5237 387 5364 gazis
426 5242 741 5325 Hippolyto,
768 5257 892 5311 pag.
925 5237 1049 5305 145,
1077 5250 1206 5295 nota
1243 5240 1275 5295 5
1303 5240 1370 5293 ad
1402 5241 1663 5310 hymnum
1712 5239 1773 5292 11

255 5330 309 5364 ru
348 5324 501 5364 enin.

255 5313 501 5368 rudenlii.

280 5385 385 5455 (55)
414 5385 535 5438 Lib.
574 5400 589 5436 ι
624 5382 771 5436 Hist.
796 5382 949 5451 eccl.,
981 5404 1029 5443 c.
1058 5385 1146 5439 l5.

280 5452 381 5525 (54)
412 5459 630 5509 Advers.
684 5457 870 5511 literas.
917 5459 1014 5514 lib.
1061 5474 1122 5522 ll,
1170 5456 1359 5509 hmres.
1402 5452 1491 5517 G9,
1551 5468 1703 5508 num.
1748 5454 1769 5505 l

213 5534 393 5581 contra
421 5528 812 5580 Ariontanitas.

287 5596 393 5668 (55)
428 5596 558 5651 Loc.
589 5600 709 5662 «ἰὼ,
740 5611 861 5668 pag.
888 5598 1010 5654 728.

285 5666 388 5736 (56)
418 5671 474 5721 lu
508 5666 1073 5725 aniniadver'sionibus
1108 5670 1173 5723 ad
1200 5669 1397 5724 dictam
1425 5667 1656 5721 hieresin
1688 5666 1778 5731 69,

216 5752 333 5805 Quae
375 5748 589 5794 exstant
642 5748 777 5811 tom.
807 5740 845 5811 ll
877 5739 1113 5811 Operum
1150 5742 1322 5810 ipsius
1382 5740 1440 5794 ὃ.
1470 5736 1777 5807 Ερὶριηιιιίί,

222 5811 341 5864 edit.
368 5813 544 5867 citatas
574 5825 697 5881 pag.
723 5810 849 5864 276.

1875 4613 1985 4658 tam
2034 4611 2289 4656 accurate
2332 4599 2543 4653 notavit
2585 4594 2958 4665 Epiphanius;
3010 4607 3134 4644 nam
3179 4592 3234 4642 in
3277 4586 3453 4642 insula

1874 4695 2072 4763 Cypro,
2107 4692 2161 4744 in
2192 4706 2296 4759 qua
2340 4694 2455 4758 ipse
2484 4688 2857 4756 episcopatum
2889 4680 3149 4742 obtinuit,
3179 4677 3451 4731 interdum
3530 4760 3531 4763 η

1874 4785 2038 4837 etiam
2082 4781 2213 4845 vici,
2266 4787 2326 4832 ut
2366 4786 2550 4832 narrat
2590 4776 2930 4855 Sozqmenus
2981 4772 3114 4842 (58),
3164 4784 3455 4825 consecra—

1876 4883 1962 4928 tos
2013 4887 2127 4927 arvo
2167 4887 2268 4926 suo
2308 4871 2617 4925 habuerunt
2660 4869 2967 4937 episc0pos.
3016 4862 3123 4917 Nec
3167 4878 3195 4915 a
3232 4860 3454 4913 Petavio

1874 4966 1958 5020 vel
2017 4964 2302 5017 minimum
2348 4961 2600 5017 dissentit
2639 4958 2888 5013 Valesius
2924 4957 3058 5023 (59).
3112 4952 3225 5005 lmo
3259 4950 3452 5019 hujus-

1877 5057 2022 5112 ntodi
2066 5071 2271 5111 morem
2310 5055 2446 5107 adeo
2490 5052 2873 5105 Alexandrinae
2900 5046 3158 5101 Ecclesim
3206 5040 3454 5113 peculia-

1950 5166 2064 5235 (57)
2113 5165 2258 5219 ldem
2287 5162 2539 5235 Petavius
2578 5161 2632 5215 in
2667 5162 2854 5216 eadem
2886 5157 3357 5214 animadversione
3385 5155 3453 5209 ad

1879 5233 2111 5291 ham-sin
2147 5236 2237 5299 69,
2284 5252 2405 5304 pag.
2440 5233 2565 5287 281.

1950 5308 2063 5376 (58)
2106 5306 2224 5361 Lib.
2256 5299 2329 5358 vit
2357 5299 2502 5357 Hist.
2533 5301 2742 5376 eccles,
2776 5316 2894 5376 cap.
2926 5299 3051 5376 3Q}

2104 5377 2158 5429 ln
2203 5378 2345 5429 notis
2379 5377 2442 5427 ad
2479 5383 2639 5443 caput
2672 5373 2757 5431 15,
2796 5367 2887 5447 lib.
2920 5389 2932 5424 l
2972 5370 3113 5423 Hist.
3144 5371 3324 5447 cretes.
3355 5367 3456 5424 So-

1880 5441 2112 5513 zomeni,
2148 5463 2266 5516 pag.
2299 5446 2387 5509 55,
2436 5447 2523 5498 ubi
2550 5441 2687 5513 post
2721 5444 2962 5503 recitata,
3000 5458 3120 5509 quae
3162 5442 3215 5494 in
3250 5441 3457 5495 disser-

1879 5520 2083 5574 tatione
2132 5518 2400 5585 descripta
2457 5525 2585 5569 sunt
2626 5516 2810 5578 verba,
2864 5521 2922 5565 ut
2972 5516 3225 5585 probaret
3265 5521 3455 5585 contra

1880 5590 2158 5645 Petavium
2210 5604 2274 5641 ex
2315 5582 2706 5640 SJnnocentii
2757 5598 2908 5653 papa:
2954 5583 3181 5651 cpistola
3236 5582 3459 5641 minime

1881 5661 2097 5725 deduci,
2128 5658 2310 5712 Roma:
2339 5672 2435 5726 per
2470 5658 2655 5710 titulos
2692 5655 2861 5709 fuisse
2896 5656 3241 5724 presbyteros
3270 5655 3454 5726 distri-

1884 5723 2189 5798 |mtos,'qui
2218 5723 2426 5797 plebem
2460 5728 2753 5796 separatim
2790 5734 3054 5798 regerent,
3092 5727 3213 5798 haec
3230 5723 3455 5798 subjun-

1888 5804 1963 5873 git
1993 5820 2045 5857 ει
2078 5793 2155 5855 Δὶ]
2193 5793 2349 5871 cujus
2384 5798 2460 5854 rei
2501 5793 2873 5867 probationem
2910 5795 3127 5850 adducit
3160 5793 3456 5865 (Petavius)
