3826 6504
140 270 212 327 621
844 262 932 319 DE
971 263 1361 321 J’ORTUENSJ
1399 263 1456 319 S.
1494 262 1857 321 HIPPOLYTI
1899 264 2091 321 SEDE.
2125 264 2391 320 —-PARS
2426 264 2467 319 1.

3192 263 3300 321 «122

135 383 373 445 sanatione
401 380 706 453 prommiali,
753 397 938 453 quam,
969 385 1013 439 si
1051 384 1219 450 lubet,
1259 386 1507 441 consulet
1548 385 1625 442 le-
1654 394 1699 448 Α
1730 386 1796 439 ω]
1844 386 2240 441 nobilissimum
2289 388 2455 442 totius
2518 384 2668 441 orbis
2714 384 3022 455 imperium,
3055 384 3303 442 Romano

135 490 225 534 ctor
253 474 366 545 (71).

187 566 391 622 Valesius
440 564 595 637 igitur
648 573 704 621 et
769 564 1047 632 Petavius,
1100 582 1239 637 quos
1278 583 1377 637 pro
1402 582 1461 624 se
1490 568 1622 623 citat

134 658 406 721 Ruinartius,
426 656 684 711 maximas
703 666 916 711 tantum
948 657 1131 717 urbes.
1168 658 1395 711 Romam
1427 664 1627 726 nempe’

132 759 169 802 et
198 746 555 813 Alexandriam,
583 747 831 804 diversos
867 748 1062 818 primis
1095 748 1243 803 hisce
1284 749 1620 818 temporibus

131 841 270 895 titulos
312 839 548 894 habuisse
597 839 815 904 docent,
859 856 999 910 quos
1040 842 1352 910 separatim,
1396 843 1463 895 ab
1503 842 1619 911 epi-

130 948 253 1003 scopo
270 931 594 986 obtinuerunt
613 932 935 1002 presbyteri.
961 931 1058 989 His
1078 934 1345 1003 siquidem
1370 934 1617 1001 urbibus,

130 1040 217 1081 cum
241 1023 297 1076 ob
318 1022 525 1075 nimiam
558 1021 862 1077 incolarum
898 1024 1300 1079 multitudinem
1332 1025 1481 1079 solus
1508 1040 1618 1079 non

128 1117 338 1174 sufﬁceret
360 1114 664 1184 episcopus,
688 1116 989 1187 presbyteri
1018 1118 1073 1171 in
1100 1126 1307 1188 partem
1332 1117 1620 1187 pastoralis

126 1207 437 1263 sollicitudinis
488 1204 711 1281 fuerunt
764 1209 969 1276 vocati,
1028 1209 1274 1280 ipsisque
1334 1209 1619 1280 praecipuae

125 1303 352 1373 assignatas
392 1299 608 1355 fuerunt
651 1300 913 1367 ecclesiae,
962 1310 1019 1357 ut
1052 1302 1236 1358 ﬁdeles
1279 1303 1621 1358 commodius

124 1394 271 1450 divinis
292 1391 650 1446 imbuerentur
675 1393 948 1463 mysteriis
978 1408 1241 1464 sacraque
1267 1395 1621 1449 reﬁcerentur

122 1486 281 1557 synaxi.
308 1486 527 1542 Minores
559 1500 688 1542 vero
718 1486 902 1551 urbes,
931 1502 1052 1557 quae
1092 1486 1422 1542 diﬁicillimis
1471 1488 1621 1542 hisce

122 1579 376 1635 Christianae
420 1579 729 1649 reipublicae
780 1580 1119 1649 temporibus
1175 1588 1324 1634 tanta
1382 1579 1618 1634 ﬁdelium

122 1672 236 1741 copia
265 1671 392 1726 haud
432 1671 731 1741 pollebant,
768 1671 941 1727 solius
976 1671 1215 1741 episcopi
1258 1678 1414 1736 nutu,
1455 1669 1621 1724 mini-

1727 478 1905 532 adhuc
1939 488 2113 532 stante
2146 480 2392 548 imperio,
2427 477 2665 547 undique
2698 477 3063 543 conﬂuebant,
3095 478 3297 547 ipsam-

1728 583 1834 637 que
1860 583 1964 622 non
1993 584 2194 638 paucos
2230 568 2597 633 Christianos,
2630 583 2692 622 ex
2728 567 3109 623 remotissimis
3134 566 3299 623 etiam

1727 659 2023 727 provinciis
2071 660 2197 715 illuc
2237 659 2423 715 forsan
2471 660 2749 729 appulsos,
2804 658 3094 714 incoluisse
3126 660 3303 715 credi-

1727 767 1869 805 mus.
1929 750 2136 806 Tamen
2187 767 2313 806 cum
2374 752 2620 806 Romana
2679 762 2839 823 atque
2895 752 3301 816 Alexandrina,

1726 859 1889 913 quam
1917 842 2291 900 Theodoretus
2317 846 2428 915 (73)
2460 846 2613 899 πόλιν
2656 848 2916 917 μεγίστην
2949 848 3041 900 καὶ
3072 846 3303 901 πολυάν-

1728 934 1944 1007 θρωπον
1984 936 2235 1005 appellat,
2270 938 2442 1006 ipsam
2477 953 2637 991 nemo
2661 938 2901 1007 prudens
2940 939 3299 1006 comparabit,

1728 1036 1807 1093 ut,
1854 1027 2049 1082 harum
2093 1030 2363 1097 exemplo,
2418 1029 2473 1083 in
2523 1029 2612 1083 illa
2657 1029 2842 1098 plures
2902 1030 3302 1085 ecclesiasticos

1729 1119 1936 1183 titulos,
1974 1134 2071 1175 seu
2115 1122 2421 1189 parochias,
2458 1122 2513 1175 in
2563 1120 2831 1175 Ruinartii
2865 1120 3096 1191 gratiam
3131 1122 3303 1176 exsti-

1726 1211 1861 1267 tisse
1889 1210 2138 1267 aﬁirmet.
2174 1213 2324 1268 Alias
2347 1214 2492 1268 enim
2541 1215 2725 1275 urbes,
2765 1230 2901 1283 quas
2945 1222 3001 1268 et
3040 1214 3303 1271 circuitus

1728 1304 2109 1373 amplitudine,
2163 1314 2217 1359 et
2271 1306 2597 1375 populorum
2658 1305 2961 1374 frequentia
3015 1304 3303 1362 Portuensi

1726 1406 2073 1462 nequaquam
2099 1394 2458 1459 concessisse,
2478 1395 2586 1448 imo
2614 1394 2785 1462 ipsam
2806 1394 2964 1465 longe
2989 1410 3299 1464 superasse,

1726 1483 2077 1538 notissimum
2119 1493 2222 1547 est,
2263 1485 2441 1539 nullos
2484 1497 2612 1540 tunc
2647 1486 2907 1555 temporis
2962 1486 3146 1541 titulos
3176 1501 3302 1556 pre~

1727 1575 2070 1647 sbyterorum
2116 1594 2261 1633 cura:
2290 1580 2617 1633 commissos
2665 1579 2923 1633 habuisse
2944 1588 3177 1635 constat.
3211 1578 3303 1635 Sic

1725 1665 2063 1732 Nicomedia,
2088 1670 2500 1737 opulentissima
2544 1670 2781 1725 Orientis
2807 1671 3018 1736 civitas,
3053 1671 3303 1741 quamvis

120 1762 357 1817 strantihus
381 1762 710 1835 presbyteris
735 1777 799 1817 ac
826 1761 1093 1827 diaconis,
1120 1762 1464 1833 regebantur.
1482 1759 1619 1815 Hinc
1648 1760 1689 1815 Β
1720 1763 1920 1818 multos
1944 1765 2046 1819 hoc
2074 1780 2189 1819 aevo
2222 1766 2444 1819 haberet
2472 1768 2836 1836 presbyteros,
2865 1766 3081 1836 unicam
3120 1776 3301 1821 tamen

121 1854 251 1920 enim,
298 1862 352 1907 ut
407 1854 585 1924 inquit
638 1855 990 1909 doctissimus
1040 1852 1436 1910 Thomassinus
1481 1852 1614 1923 (72),

124 1964 136 1995 1
162 1945 278 2001 solus
308 1943 459 2015 vulgo
490 1944 805 2015 baptizabat
845 1946 1157 2015 episcopus.
1183 1945 1331 1998 solus
1355 1944 1617 1997 altaribus

118 2038 374 2108 poenitentes
396 2038 801 2103 reconciliabat,
832 2040 985 2094 solus
1005 2038 1287 2105 offerebat,
1318 2038 1423 2092 nisi
1454 2052 1616 2107 quem

116 2147 162 2185 et
181 2131 464 2202 presbyteris
488 2146 651 2187 suum
676 2132 1030 2187 substitueret
1053 2132 1105 2185 in
1132 2131 1310 2185 locum
1341 2140 1395 2185 et
1423 2130 1619 2184 offerre

113 2223 292 2291 juberet.
318 2223 489 2288 Quare
536 2232 594 2279 et
637 2223 692 2277 in
740 2224 996 2279 maximis
1040 2223 1347 2293 quibusque
1391 2223 1617 2277 urbibus

115 2330 193 2367 una
218 2324 317 2369 erat
340 2324 545 2370 tantum
600 2314 853 2379 ecclesia,
885 2314 1008 2370 fons
1032 2330 1173 2368 unus
1209 2313 1615 2384 baptismatis...

114 2406 205 2461 hinc
232 2416 277 2462 et
298 2422 477 2474 unum,
509 2409 565 2461 in
608 2422 717 2477 quo
752 2408 1057 2471 offerretur,
1085 2406 1273 2460 altare.
1313 2423 1331 2457 ι
1369 2405 1424 2459 Si
1452 2406 1617 2474 igitur

114 2497 151 2551 in
175 2498 513 2569 antiquissima
542 2496 798 2553 Ecclesiae
821 2498 1106 2567 disciplina
1132 2497 1429 2567 majoribus
1455 2498 1615 2550 etiam

114 2589 150 2640 in
179 2589 367 2645 urbibus
386 2591 705 2661 hujusmodi
740 2590 1039 2661 presbyteri
1076 2590 1247 2644 titulis
1269 2590 1382 2644 suis
1408 2590 1477 2644 ab
1500 2589 1616 2659 epi—

113 2695 236 2751 scopo
263 2683 533 2752 sejunctim
588 2681 853 2737 destinati
906 2681 1049 2735 haud
1098 2681 1443 2746 exstiterunt,
1494 2681 1618 2750 quis

111 2788 295 2843 unquam
316 2775 597 2831 Ruinartio
624 2777 891 2831 assentire
907 2775 1128 2845 poterit,
1147 2776 1241 2844 qui
1270 2773 1616 2845 Hippolytum

112 2862 151 2917 in
166 2863 407 2922 Portuensi
427 2866 699 2933 Ecclesia,
723 2882 886 2936 quam
914 2882 1046 2921 sane
1072 2866 1375 2936 majoribus
1398 2881 1619 2935 aequan-

110 2956 201 3011 dam
221 2974 359 3013 nemo
388 2959 634 3029 prudens
662 2958 985 3023 autumabit,
1021 2958 1259 3027 aliquam
1288 2957 1461 3027 plebis
1493 2971 1620 3025 par-

111 3058 189 3103 tem
214 3066 307 3106 sua
333 3068 473 3108 cura:
502 3052 859 3107 commissam
892 3051 1148 3105 habuisse
1176 3048 1440 3105 credidit?
1464 3049 1619 3114 Quod

112 3140 261 3197 navo
297 3145 452 3200 etiam
504 3158 633 3209 suo,
686 3143 741 3197 in
789 3159 899 3212 quo
949 3142 1259 3198 Christiana
1314 3142 1623 3211 respublica

113 3248 391 3305 summopere
442 3235 697 3301 ﬂorebat,
744 3233 1079 3304 Epiphanius
1123 3244 1177 3290 et
1226 3232 1622 3296 Theodoretus,

111 3322 364 3392 hujusmodi
410 3324 796 3381 Alexandrinae
842 3322 1098 3379 Ecclesia:
1139 3337 1369 3387 morem,
1404 3330 1463 3375 ut
1510 3336 1623 3375 rem

110 3419 204 3466 tunc
238 3415 536 3470 inusitatam
570 3421 851 3479 notarunt,
884 3412 1015 3482 quid
1050 3412 1394 3482 {censendum
1432 3410 1535 3465 erit
1559 3411 1626 3465 de

108 3506 255 3573 priscis
286 3509 384 3564 illis
419 3507 702 3580 Hippolyti
733 3506 908 3561 nostri
944 3506 1301 3575 temporibus,
1341 3505 1395 3558 in
1426 3505 1625 3575 quibus

107 3598 157 3650 ob
185 3608 509 3670 tyrannorum
569 3598 966 3655 immanitatem
999 3598 1266 3667 majorum
1311 3606 1622 3651 nostrorum

106 3704 170 3743 res
198 3692 461 3748 admodum
506 3700 772 3763 angustas
815 3690 1149 3758 afﬂictasque
1177 3687 1345 3743 fuisse
1378 3686 1626 3742 scimus?

106 3777 306 3837 Fatetnur
334 3786 549 3855 quidem
603 3782 827 3836 Portum
870 3779 1175 3835 Romanum
1225 3780 1366 3833 inter
1410 3778 1623 3833 Italicas

107 3873 228 3929 urbes
270 3878 601 3946 splendidam
644 3890 708 3928 ac
755 3876 999 3944 apprime
1040 3872 1275 3925 nobilem
1331 3869 1530 3935 fuisse,
1571 3879 1624 3923 et

108 3978 187 4019 non
216 3969 457 4025 mediocri
508 3967 839 4038 populorum
884 3963 1191 4035 frequentia
1233 3963 1480 4032 dilatam,
1530 3960 1623 4031 qui

156 4178 245 4252 (Ἠ)
282 4179 409 4252 CaP-
450 4181 508 4248 6,
561 4180 659 4235 ubi
710 4179 999 4252 exponitur
1042 4176 1346 4252 hierarchia
1392 4176 1623 4252 _Alexan-

102 4244 505 4321 dﬁnajgcivitatisi
552 4268 677 4321 pag.
720 4244 795 4303 28
837 4260 890 4305 et
937 4265 1089 4319 seqq.
1143 4258 1274 4303 tom.
1314 4246 1333 4298 1
1385 4244 1619 4317 Opcrum

102 4318 199 4371 edit.
220 4319 416 4377 Venetae
447 4318 579 4376 ann'i
623 4321 779 4374 1724.

154 4388 243 4459 (72)
276 4390 527 4490 Velusmet
555 4409 707 4490 cuolua
765 4390 1014 4490 Eccnlgsziw
1061 4388 1364 4458 disciplina,
1399 4397 1538 4456 part.
1576 4405 1613 4457 t,
1648 4436 1693 4490 Β

100 4457 252 4533 lib._n,
282 4478 393 4533 cap.
424 4462 517 4525 21,
554 4462 583 4533 §
620 4464 673 4525 8,
707 4475 827 4531 pag.
854 4460 979 4513 283.

153 4530 245 4600 (7'5)
278 4530 391 4586 Lib.
427 4550 443 4586 ι
480 4530 626 4585 Ηὲἑι.
651 4530 935 4599 εεειζοεψ.
968 4532 1022 4584 2.

153 4596 243 4669 (71)
272 4602 339 4655 De
370 4612 537 4655 morte
586 4618 805 4671 persec.,
837 4596 955 4669 cap.
999 4599 1085 4665 12,
1118 4615 1173 4669 p.
1202 4598 1273 4651 23
1312 4598 1441 4654 edit.
1474 4596 1621 4653 Pari-

99 4670 256 4726 tiensis
286 4674 407 4726 anni
439 4670 604 4727 1710.

154 4739 245 4811 (75)
298 4742 445 4796 Vetus
498 4754 548 4797 et
595 4760 729 4797 nova
770 4740 1037 4811 Ecclesiae,
1072 4738 1375 4807 disciplina,
1424 4740 1515 4793 lib.
1552 4756 1616 4806 tt,

97 4821 204 4883 part.
234 4828 412 4883 πλαψ.
445 4815 511 4867 21
549 4825 604 4868 et
628 4829 805 4883 seqq.,
833 4830 952 4881 pag.
978 4810 1077 4883 281
1104 4820 1336 4883 et‘seqq.

152 4882 243 4949 (76)
268 4882 337 4937 De
360 4879 448 4938 bis
482 4886 662 4953 agitur
699 4879 758 4936 in
782 4879 995 4938 concilii
1030 4880 1318 4934 Laodiceni
1364 4879 1619 4953 proliabif

100 4950 178 5003 lius
215 4969 345 5005 anno
387 4950 595 5008 ειη-1ἐῆ
634 4954 738 5007 564
783 4953 1060 5013 celebrati,
1112 4965 1319 5003 canone
1370 4954 1421 5009 9,
1477 4951 1618 5017 apud

96 5018 258 5087 Labbe,
293 5034 420 5079 tum.
460 5023 481 5076 Ι
514 5024 743 5089 Concil.,
778 5039 899 5093 pag.
940 5023 1077 5076 1498
1103 5020 1231 5093 ed_i_t.
1262 5019 1487 5073 Lutetiae
1512 5019 1619 5093 gPa-

97 5093 310 5147 risiorum
353 5097 478 5147 anni
514 5094 675 5157 1671,
710 5088 796 5148 his
825 5088 1005 5148 vcrbis
1037 5109 1051 5147 :
1093 5109 1111 5142 ι
1160 5088 1280 5143 Non
1323 5091 1623 5143 conceden-

97 5165 197 5215 dum
220 5179 351 5229 esse,
384 5174 443 5218 ut
475 5166 531 5218 in
556 5164 890 5229 cmmeteria,
916 5164 999 5217 vel
1029 5164 1084 5216 in
1112 5174 1198 5223 ea,
1223 5176 1343 5229 qum
1368 5159 1623 5213 dicuntur

96 5236 310 5303 martyria
356 5236 682 5304 quorumvis
741 5235 1150 5304 haereticorum,
1195 5236 1389 5304 abeant
1428 5231 1475 5304 Aii
1524 5230 1624 5304 qui

96 5298 484 5369 suntEcclesize,
517 5305 779 5359 orationis
804 5306 885 5358 vel
920 5302 1280 5358 venerationis
1308 5299 1498 5369 gratia.
1521 5298 1625 5353 Sed

97 5374 200 5427 tales
222 5376 260 5428 si
295 5376 402 5430 sint
428 5376 639 5442 fideles,
665 5390 786 5430 esse
828 5376 1223 5445 aliquantisper
1247 5371 1624 5445 excommuni-

94 5455 216 5516 catos
254 5465 267 5499 :
305 5448 389 5501 sin
421 5455 603 5500 autem
633 5442 949 5516 pmnitentia
979 5446 1267 5509 ducantur,
1299 5452 1353 5496 et
1383 5457 1502 5497 sese
1530 5442 1624 5495 de-

99 5514 286 5586 liquisse
314 5514 702 5579 confiteantur,
739 5518 963 5586 suscipi.
1010 5535 1029 5567 ι

1720 1854 1913 1910 habuit
1953 1856 2262 1922 ecclesiam,
2298 1858 2663 1927 parochialem
2711 1859 2940 1924 scilicet,
2993 1859 3301 1914 editissimo

1718 1945 1841 2001 loco
1887 1948 2074 2011 sitam,
2102 1963 2263 2017 quam
2310 1947 2630 2002 Diocletiani
2672 1948 2830 2017 jussu
2864 1948 3109 2004 funditus
3149 1965 3303 2005 ever-

1718 2053 1833 2093 sam
1869 2047 2053 2095 narrat
2096 2038 2412 2093 Lactantius
2461 2039 2515 2109 (7
2531 2040 2608 2109 .1).
2644 2038 2752 2094 Nec
2790 2041 3118 2096 dissentiunt
3152 2051 3303 2097 vetu-

1717 2128 1961 2183 stissima
2017 2144 2080 2183 ac
2132 2130 2377 2199 genuina
2435 2138 2748 2185 sanctorum
2800 2130 3094 2202 Martyrum
3145 2134 3300 2199 Acta,

1718 2219 2178 2288 conciliorumque
2210 2219 2354 2274 illius
2370 2221 2466 2274 arvi
2485 2229 2623 2275 statu
2634 2231 2704 2285 ta,
2723 2222 2915 2291 quregin
2936 2238 3099 2275 unum
3118 2224 3301 2276 omnia

1718 2311 1933 2381 collegit
1976 2312 2328 2368 doetissimus
2379 2311 2802 2377 Thomassinus,
2854 2315 2981 2367 dum
3018 2315 3084 2369 de
3132 2331 3297 2383 paro-

1718 2402 1857 2457 chiis
1884 2404 2254 2460 eruditissime
2284 2405 2351 2461 de
2401 2420 2554 2459 more
2590 2407 2850 2461 disseruit
2882 2406 3014 2476 (75).
3043 2406 3161 2460 Non
3194 2406 3301 2461 dif-

1719 2494 1935 2549 ﬁtetnur
1985 2507 2190 2563 tamen,
2233 2498 2425 2567 primis
2468 2498 2630 2551 etiam
2682 2499 2831 2553 hisce
2869 2500 3205 2568 temporibus
3240 2500 3297 2553 in

1720 2600 1826 2638 una
1858 2586 2161 2657 eademque
2202 2588 2334 2641 urbe
2382 2588 2670 2657 plerasque
2700 2589 2975 2644 exstitisse
3016 2590 3297 2657 ecclesias,

1718 2692 1856 2746 quas
1897 2678 2134 2747 majores
2170 2680 2343 2733 nostri
2386 2681 2668 2751 martyrio,
2703 2695 2797 2735 seu
2840 2692 3141 2753 martyrum
3176 2697 3295 2738 me-

1719 2768 1944 2833 morias,
1976 2772 2234 2833 oratoria,
2268 2786 2331 2826 ac
2365 2773 2674 2827 cmmeteria
2719 2772 2972 2828 dixerunt
2994 2773 3125 2844 (76),
3159 2790 3301 2844 quo-

1722 2877 1843 2914 rum
1892 2862 2114 2915 nomina
2158 2863 2401 2933 undique
2452 2863 2783 2933 conquisita,
2833 2880 2899 2918 ex
2949 2865 3299 2920 recouditiori

1722 2968 1893 3007 sacra:
1923 2954 2245 3007 eruditionis
2288 2956 2488 3010 larario
2526 2965 2787 3010 eruerunt
2821 2956 2964 3011 docti
2995 2958 3095 3010 viri
3128 2957 3302 3012 Fran-

1723 3048 1906 3100 ciscus
1950 3045 2119 3099 Maria
2167 3046 2516 3102 Florentiuus
2567 3048 2703 3118 (77),
2733 3045 2972 3102 Joannes
3004 3048 3299 3105 cardinalis

1728 3134 1875 3189 Bona
1928 3136 2061 3206 (78),
2119 3136 2357 3193 Joannes
2414 3137 2754 3208 Ciampinius
2810 3138 2946 3207 (79),
3008 3137 3302 3192 Tillemon-

1726 3226 1833 3281 tius
1881 3228 2015 3299 (80),
2058 3238 2112 3282 et
2150 3226 2387 3283 Joannes
2429 3228 2724 3301 Grancolas
2779 3228 2929 3299 (81);
2984 3227 3300 3297 hujusmodi

1728 3326 1908 3372 tamen
1946 3318 2188 3373 ecclesiae
2220 3334 2344 3373 cum
2370 3320 2645 3389 prioribus
2681 3318 2807 3383 illis,
2840 3320 2904 3372 de
2934 3319 3133 3388 quibus
3162 3319 3298 3373 hac-

1726 3417 1882 3463 tenus
1907 3410 2327 3478 disputavimus,
2355 3409 2497 3462 haud
2524 3417 2652 3462 sunt
2676 3407 3075 3477 comparandae.
3104 3406 3301 3474 Quam-

1726 3502 1805 3557 vis
1828 3503 1972 3557 enim
2004 3502 2302 3572 presbyteri
2339 3500 2394 3555 in
2425 3502 2555 3571 ipsis
2576 3500 2738 3554 etiam
2767 3512 2951 3554 essent
2987 3497 3297 3566 constituti,

1729 3602 1907 3649 tamen
1948 3595 2003 3649 in
2050 3594 2240 3649 iisdem
2277 3607 2379 3648 nec
2409 3593 2620 3663 plebem
2659 3592 2933 3662 colligere,
2968 3607 3068 3646 nec
3101 3602 3299 3647 cuncta
3372 3610 3381 3617 ί

1724 3698 1981 3753 peragere
2024 3684 2156 3753 ipsis
2205 3682 2377 3746 licuit,
2425 3697 2547 3751 qua!
2593 3681 2904 3735 titularibus
2941 3680 3201 3735 Romamn
3246 3690 3301 3735 et

1724 3775 2103 3828 Alexandrinae
2125 3771 2379 3826 Ecclesiae
2408 3772 2739 3842 presbyteris
2775 3772 2828 3824 in
2861 3772 3097 3840 pr0priis
3125 3770 3302 3824 eccle-

1729 3867 1826 3922 siis
1865 3866 2131 3935 permissu
2160 3863 2399 3933 episcopi
2435 3862 2658 3916 licuisse
2684 3878 2791 3915 non
2828 3862 3161 3931 ignoramus.
3192 3862 3299 3917 Eos

1725 3961 1992 4033 siquidem
2028 3960 2096 4015 ab
2128 3960 2235 4015 illis
2278 3960 2439 4030 plane
2487 3959 2777 4014 distinctos
2811 3966 2964 4011 notat
2998 3957 3079 4011 vir
3120 3956 3295 4011 maxi-

1808 4178 1922 4247 (78)
1983 4176 2163 4231 Citato
2210 4174 2305 4230 lib.
2342 4189 2385 4247 Vl
2442 4173 2635 4228 Rerum
2678 4173 2962 4247 ΔΙὶιιινςμὶιςζ,
3016 4188 3134 4243 cap.
3198 4174 3295 4241 19,

1723 4265 1845 4320 pag.
1872 4244 1975 4301 2'47
2010 4256 2065 4320 et
2093 4262 2269 4316 seqq.,
2300 4246 2576 4320 ubi_doc_te
2598 4244 2817 4320 quidem
2850 4244 3295 4320 obs_ervat._qnod

1721 4313 1965 4374 ecclesiae
2002 4313 2351 4371 dictae—ctiam
2398 4313 2827 4368 fucrintidomus
2863 4313 2959 4366 Dei
3010 4326 3064 4368 et
3107 4315 3294 4367 donius

1723 4390 2014 4451 orationis;
2049 4396 2103 4441 et
2153 4403 2183 4440 a
2232 4387 2435 4441 Grmcis
2478 4385 2753 4455 Κυριακά,
2790 4400 2818 4437 a
2859 4383 3068 4438 Latinis
3098 4385 3299 4455 Domi-

1721 4461 1878 4523 nica;
1913 4474 2119 4512 necnon
2152 4454 2579 4523 memoria:,quai
2599 4456 2642 4509 si
2668 4463 2850 4509 essent
2900 4454 3295 4524 apostolorum,

1719 4530 2012 4598 apostolia;
2056 4529 2101 4581 si
2142 4529 2547 4595 prophetarum,
2603 4526 2884 4594 prop/teter:
2943 4526 3292 4598 dicebantur:

1718 4596 1996 4668 martyrio,
2016 4598 2239 4649 concilia
2258 4609 2588 4663 martyrum;
2629 4597 2910 4668 εὐκτήρια,
2931 4604 2983 4668 et
3016 4596 3062 4647 si
3092 4605 3297 4665 marty-

1720 4613 1996 4668 martgrm,
2016 4613 2239 4649 concum
2258 4613 2588 4663 martyrum;
2629 4613 2910 4717 EUXTfjftl,
2931 4613 2983 4648 et
3016 4613 3062 4647 δι
3092 4613 3295 4665 marty-

1720 4687 1839 4723 rum
1875 4670 2340 4741 wpoqeuxcﬁptaa
2381 4668 2602 4741 Graecis,
2629 4676 2682 4741 et
2714 4682 2742 4718 ει
2833 4666 2994 4741 at_inis
3037 4672 3295 4741 oratoria,

1721 4751 1809 4809 atq
1825 4756 1890 4792 uc
1921 4733 2093 4791 'etiam
2140 4733 2372 4809 basilica:
2408 4736 2844 4809 nominabantur.
2873 4734 3170 4809 Legendus
3192 4733 3293 4787 Ba-

1722 4804 1913 4863 ronins
1948 4811 1999 4861 in
2031 4809 2175 4861 notis
2198 4808 2263 4859 ad
2304 4806 2741 4876 Martyrologium
2782 4804 3086 4876 Romanum
3114 4805 3208 4876 die
3243 4819 3293 4856 \‘l

1719 4879 1869 4941 Julii,
1899 4896 1949 4949 p.
1979 4880 2103 4943 285,
2134 4888 2353 4949 ctxxnt
2402 4874 2570 4949 Junii,
2604 4893 2724 4949 pag.
2772 4875 2919 4949 265;
2951 4874 3293 4949 “Dominicus

1725 4944 1914 5004 Macri-
1940 4952 1991 5003 in
2021 4948 2374 5012 llierolexico,
2410 4948 2556 5000 verb.
2597 4946 2846 4999 Oratoria
2874 4962 2894 5005 ;
2950 4944 3201 5013 Ducangc
3235 4944 3293 4997 iu

1726 5020 1989 5083 Clossnr.,
2021 5019 2173 5073 verb.
2201 5018 2481 5081 Memoria,
2524 5017 2744 5083 aliique.

1797 5092 1907 5161 (79)
1954 5080 2137 5143 Vetera
2167 5080 2687 5161 nlonuntent‘ahpart.
2711 5100 2749 5149 ι,
2770 5100 2887 5153 cap.
2920 5083 3006 5148 17,
3035 5080 3293 5161 pag.__157

1726 5168 1775 5215 et
1806 5154 1973 5230 'seqq.
2007 5160 2138 5213 edit.
2184 5157 2370 5230 Romae
2415 5156 2569 5230 1690,
2601 5155 2691 5230 υρί
2722 5165 2909 5230 contra
2960 5154 3295 5230 acatholicos

1726 5225 2084 5293 dettIOI'tstrat,
2114 5231 2166 5282 in
2201 5229 2372 5281 tribus
2408 5228 2597 5301 primis
2631 5225 2889 5301 Ecclesiae
2926 5225 3136 5301 smculis
3172 5239 3295 5301 per-

1727 5303 2068 5356 secutionum
2099 5309 2338 5366 tempore
2373 5295 2585 5367 publica
2614 5296 2836 5349 aedilicia
2869 5295 3059 5359 fuisse,
3092 5295 3144 5346 in
3175 5295 3294 5363 qui-

1728 5373 1830 5426 bus
1855 5370 2054 5448 Chrjsti
2095 5370 2497 5448 lid_e_les__sacras
2525 5383 2757 5437 synaxes
2798 5367 3149 5448 peragebant.

1799 5444 1910 5511 (8U)
1942 5440 2095 5493 Tum.
2140 5438 2228 5502 111,
2263 5439 2537 5511 llémoircs
2557 5434 2739 5511 ’ρους
2760 5434 2990 5511 εει-υ1ν’ὰ
3020 5434 3294 5511 l‘ffistoire

1728 5507 2156 5579 ecclésiastiqne:
2202 5510 2541 5578 persecution
2574 5513 2639 5562 de
2665 5508 2899 5579 l‘Eglise,
2933 5516 3047 5579 par
3076 5507 3293 5573 l'empe-

118 5575 238 5661 .(77)
264 5586 319 5641 ln
352 5589 636 5661 vetustior.
674 5575 1161 5661 Martyrologdiet
1190 5582 1440 5661 Augusti,
1475 5596 1629 5636 exer-
1728 5600 1855 5637 reur
1894 5575 2150 5661 Maxnnin
2192 5575 2415 5661 l',‘art_ie.
2445 5580 2712 5661 ti,_quand
2753 5575 3154 5661 lcstjlu‘étiens
3201 5584 3293 5628 unt

93 5653 310 5726 citatione
358 5657 415 5722 2,
454 5658 546 5710 tibi
592 5653 827 5712 erudite'
863 5653 990 5726 agit'
1014 5658 1080 5713 de
1107 5668 1119 5719 |
1145 5653 1319 5725 prima
1370 5653 1555 5708 Roma:
1596 5667 1626 5705 a

98 5718 147 5779 ι).
176 5723 320 5784 Petro
345 5718 591 5785 dedicata
625 5729 873 5794 ecclesia,
898 5718 1020 5800 pag.
1058 5718 1162 5782 607
1191 5735 1245 5782 et
1270 5740 1424 5795 seqq.

1731 5652 2045 5708 commence
2075 5651 2104 5703 ἐξ
2141 5652 2291 5704 avoir
2324 5652 2418 5703 des
2445 5649 2661 5719 églises,
2695 5664 2748 5719 ρ.
2780 5648 2902 5701 274.

1803 5722 1913 5792 (81)
1943 5720 2039 5774 ιω
2070 5724 2273 5776 ancien.
2303 5717 2507 5791 liturgf,
2542 5732 2676 5775 tom.
2707 5717 2772 5784 11,
2800 5734 2919 5789 pag.
2951 5717 3069 5773 597.
