3826 6496
548 287 657 347 423

1338 265 1426 338 DE
1460 271 1854 342 PORTUENSI
1916 280 1972 336 s.
2027 262 2388 336 iurromt
2427 279 2620 336 sane.
2656 281 3008 337 —paasr.
3638 271 3708 347 ιρι
3773 244 3775 282 ⁵

551 424 674 464 mus
702 406 942 463 Joannes
974 403 1322 462 Mabillonius
1357 407 1494 479 (82),
1529 407 1738 477 optimo
1769 405 1826 460 S.
1852 405 2122 461 lnnocen-
2161 411 2207 466 Α
2235 415 2346 470 tur,
2393 405 2574 460 nullus
2605 405 2887 459 dubitandi
2917 405 3073 459 locus
3121 403 3398 474 supererit,
3438 405 3550 474 quin
3571 406 3706 465 iisdem

551 501 611 557 tii
637 499 659 555 l
688 501 1001 557 testimonio
1045 499 1299 554 suﬂultus
1329 540 1342 566 ,
1393 500 1489 570 qui
1532 499 1969 554 cmmeteriorum
2011 514 2135 568 pre-

551 594 799 666 sbyteros
828 610 859 649 a
887 593 1200 648 titularibus
1233 608 1331 647 seu
1380 593 1588 647 urbicis
1618 593 1842 647 omnino
1887 592 2134 646 diversos

453 696 457 699 ‘
551 696 789 762 testatur
815 687 867 740 in
905 687 1136 757 epistola
1182 688 1248 740 ad
1283 685 1620 740 Decentium.
1657 685 1972 740 Mabillonio
2005 686 2136 740 sub-

552 780 745 836 scribit
784 779 1191 834 eruditissimus
1233 777 1422 849 Lupus
1471 777 1621 849 (83),
1673 778 1767 848 qui
1817 779 2131 848 hujusmodi

551 871 811 927 ecclesias
844 872 898 925 in
938 871 1244 942 majoribus
1289 871 1452 925 etiam
1492 871 1811 926 civitatibus
1858 887 1964 925 non
2011 885 2134 939 pre-

551 965 891 1037 sbyterorum
919 979 1039 1034 ope,
1061 964 1155 1019 sed
1189 964 1357 1019 solius
1381 964 1619 1034 episcopi
1655 979 1784 1018 cura
1822 963 2132 1018 moderatas

549 1068 801 1114 testatur.
843 1080 859 1112 ι
890 1056 1083 1114 Plures
1129 1057 1320 1125 fuisse,
1361 1058 1556 1128 inquit,
1592 1057 1850 1112 ecclesias
1879 1058 2042 1111 etiam
2078 1057 2132 1111 in

551 1149 676 1206 aliis
727 1151 1031 1222 majoribus
1073 1150 1409 1213 civitatibus.
1455 1165 1561 1204 non
1615 1157 1698 1204 est
1745 1149 2130 1204 dubitandum.

555 1239 756 1296 Verum
792 1242 845 1296 in
880 1241 1013 1311 ipsis
1042 1257 1148 1296 non
1175 1241 1501 1312 presbyteri,
1534 1241 1626 1294 sed
1655 1256 1750 1310 per
1794 1243 1976 1297 varios
2006 1257 2133 1296 suc-

550 1334 756 1389 cessive
785 1334 902 1388 dies
937 1335 1148 1389 videtur
1189 1333 1340 1389 solus
1366 1333 1494 1386 olim
1535 1334 1844 1402 episcopus,
1870 1341 1966 1388 aut
1997 1349 2134 1386 non-

550 1427 656 1481 nisi
683 1427 804 1496 ipso
834 1437 1108 1497 prazsentc
1143 1442 1208 1481 ac
1237 1426 1464 1495 jubente
1488 1426 1772 1496 presbyter
1792 1425 2064 1479 docuisse.
2107 1443 2125 1474 ι

556 1517 782 1572 Videtur
808 1519 959 1574 solus
988 1520 1279 1588 cpiscopus
1309 1518 1524 1573 cunctis
1547 1518 1666 1574 istis
1700 1518 1948 1574 ecclesiis
1979 1519 2133 1574 solus

550 1609 861 1667 immediate
893 1611 1235 1682 praesedisse.
1268 1610 1366 1665 His
1391 1610 1554 1681 igitur
1578 1611 1795 1680 positis,
1827 1611 2129 1666 doctissimi

549 1703 824 1760 Ruinartii
880 1705 1252 1774 conjecturam
1303 1705 1521 1774 penitus
1556 1705 1849 1759 evanuisse
1898 1706 2129 1759 conﬁdi-

551 1815 713 1866 mus;
749 1815 873 1854 cum
923 1799 1067 1853 enim
1104 1797 1377 1852 maximas
1411 1805 1620 1850 tantum
1657 1797 1823 1852 urbes
1858 1796 1912 1850 in
1943 1795 2128 1866 plures

551 1891 742 1948 titulos
800 1891 1241 1964 presbyterorum
1313 1904 1459 1944 cura:
1536 1889 1862 1944 commissos
1925 1887 2128 1943 divisas

549 1983 721 2039 fuisse
750 1991 982 2048 constet,
1014 1982 1255 2037 minores
1306 1996 1436 2036 vero
1473 1995 1638 2034 unam
1683 1989 1892 2035 tantum
1937 1980 2125 2034 titula—

548 2089 686 2143 rem,
724 2084 784 2129 ut
834 2074 907 2128 ita
953 2073 1222 2139 dicamus,
1273 2073 1564 2129 ecclesiam
1621 2072 1814 2143 primis
1867 2073 2127 2130 habuisse

547 2166 887 2237 temporibus
922 2165 1154 2220 doceant
1187 2165 1292 2219 viri
1336 2165 1640 2220 doctissimi
1668 2163 1948 2232 Petavius,
1980 2165 2126 2221 Tho-

546 2259 846 2321 massinus,
875 2256 1084 2329 Lupus,
1116 2267 1170 2312 et
1197 2258 1430 2327 ipsemet
1461 2256 1842 2312 Tillemontius
1873 2256 2006 2326 (84),
2031 2259 2124 2326 qui

548 2348 820 2403 Ruinartii
853 2349 1176 2403 sententiam
1206 2348 1477 2417 probavit,
1505 2348 1628 2417 quis
1655 2364 1893 2418 unquam
1921 2347 2116 2420 Hippo-

543 2442 716 2514 lytum
765 2449 1013 2495 nostrum
1060 2441 1392 2510 praecipuum
1449 2439 1684 2509 aliquem
1739 2440 1794 2492 in
1834 2440 2121 2497 Portuensi

546 2531 790 2588 Ecclesia
814 2533 1032 2586 titulum
1061 2532 1365 2586 obtinuisse
1397 2531 1708 2595 contendet,
1743 2547 1868 2586 cum
1897 2533 2120 2588 unicum

548 2627 774 2692 ibidem,
805 2633 992 2694 utpote
1032 2624 1088 2678 in
1132 2625 1330 2678 minori
1381 2623 1535 2690 urbe,
1569 2624 1787 2678 titulum
1826 2627 2118 2692 exstitisse,

546 2719 804 2788 primaeva
841 2716 1112 2786 majorum
1166 2725 1481 2770 nostrorum
1525 2715 1814 2787 disciplina
1854 2734 1954 2772 nos
2003 2733 2120 2772 mo-

547 2811 708 2868 neat?
1727 2865 1737 2876 .

615 2900 860 2957 Sublatis
903 2902 1087 2971 itaque
1129 2911 1208 2955 tot
1237 2901 1510 2972 tantisque
1553 2901 1842 2957 dubiorum
1874 2901 2118 2960 fontibus

543 3008 612 3050 es
636 2996 751 3050 sola
773 2994 1072 3051 doctissimi
1104 2993 1376 3048 Ruinartii
1401 2993 1715 3064 conjectura
1745 2995 2114 3063 manantibus,

2237 514 2496 568 magnum
2573 495 2916 569 Hippolytum
2987 495 3341 551 Portuensem
3391 499 3648 569 episcopum
3688 520 3709 558 ι

2235 589 2531 644 Prudentio
2575 591 2919 660 designatum
2965 604 3091 643 cum
3142 589 3544 645 eminentissimo
3581 595 3710 648 Anuc-
3775 576 3777 638 Ϊ

2236 684 2370 736 lium
2414 684 2697 738 conditore
2739 683 3120 738 decernamus.
3157 681 3290 748 Quis
3327 682 3458 736 enim
3500 684 3544 737 in
3577 689 3712 755 primis

2236 774 2493 830 Ecclesia:
2522 776 2862 845 temporibus
2883 775 3093 844 plebem
3122 775 3403 845 colligebat
3427 775 3713 848 docebatque?

2235 867 2370 932 Quis
2413 882 2512 937 pro
2547 867 2750 921 Christi
2784 866 3022 921 ﬁdelium
3065 866 3242 936 capite
3269 867 3422 936 vulgo
3452 866 3713 922 habebatur?
3778 910 3779 934 ς

2233 957 2370 1024 Quis
2404 958 2727 1013 venerandis
2759 957 2864 1012 illis
2899 956 3131 1012 senioris
3160 966 3213 1010 et
3246 957 3520 1011 sacerdotis
3545 959 3714 1012 nominio

2234 1050 2338 1103 bus
2399 1051 2466 1103 ab
2518 1050 2916 1118 antiquissimis
2977 1049 3334 1118 scriptoribus
3389 1057 3442 1102 ut
3493 1050 3710 1118 plurimum

2235 1140 2528 1210 insignitus
2557 1140 2700 1194 fuit?
2729 1139 3104 1210 Episcopusne
3136 1156 3203 1194 an
3238 1140 3530 1211 presbyter?
3554 1139 3712 1212 Episco-

2233 1247 2363 1302 pum
2397 1247 2529 1287 sane
2558 1232 2919 1286 sanctissimis
2967 1231 3276 1299 hujnsmodi
3325 1231 3605 1286 muneribus
3629 1232 3713 1286 fun-

2233 1333 2406 1385 ctum,
2438 1339 2500 1376 ac
2543 1323 2834 1392 przecipnis
2873 1322 3024 1378 hisce
3069 1323 3380 1376 nominibus
3424 1337 3449 1374 a
3496 1322 3714 1391 majoribus

2234 1418 2438 1472 nostris
2471 1417 2665 1485 priscis
2693 1417 2798 1470 illis
2835 1416 3172 1485 temporibus
3207 1414 3714 1484 designatum,veteres

2234 1518 2503 1564 testantur
2533 1506 2743 1572 Patres,
2775 1523 3009 1577 quorum
3051 1507 3247 1576 placita
3287 1508 3337 1560 in
3382 1522 3529 1560 unum
3555 1508 3713 1561 collecta

2234 1616 2375 1670 saepe
2407 1611 2702 1656 occurrunt
2734 1600 2785 1653 in
2819 1599 3034 1653 eximiis
3062 1613 3381 1668 magnorum
3411 1600 3614 1653 virorum
3641 1599 3713 1668 (85)

2234 1694 2509 1764 operibus,
2553 1694 2755 1762 quibus
2787 1693 2855 1746 ab
2891 1693 3084 1746 insana
3137 1692 3624 1762 presbyterianorum
3657 1707 3716 1760 pe-

2161 1759 2202 1813 Β
2235 1759 2462 1837 tulantia
2495 1759 2866 1852 episcopalem
2896 1759 3238 1860 dignitatem,
3266 1759 3319 1834 in
3349 1782 3470 1851 ipsis
3499 1784 3627 1836 etiam
3645 1759 3715 1834 La.

2231 1877 2470 1929 therana:
2528 1874 2821 1944 impietatis
2876 1873 3149 1939 exordiis,
3189 1889 3403 1928 summa
3457 1889 3564 1928 cum
3609 1873 3716 1927 laude

2230 1965 2594 2020 vindicarunt.
2626 1963 2852 2020 Monstri
2885 1966 3031 2020 enim
3057 1965 3236 2020 simile
3261 1975 3424 2031 esset,
3455 1967 3495 2020 si
3525 1962 3561 2016 ll
3581 1965 3719 2034 ppoly-

2229 2066 2342 2111 tum
2375 2057 2749 2128 presbyterum
2791 2073 2810 2108 ι
2869 2052 3042 2126 plebis
3084 2055 3402 2111 Portuensis
3439 2067 3579 2124 caput
3607 2056 3719 2108 exsti-

2228 2159 2357 2204 llSSt‘.
2388 2148 2768 2214 crederemus;
2809 2164 2932 2204 cum
2972 2149 3092 2203 sine
3121 2149 3402 2218 episcopo,
3436 2163 3525 2202 nec
3565 2146 3718 2206 ollern',

2228 2254 2404 2308 neque
2451 2238 2782 2294 sacriﬁcium
2831 2241 3135 2307 immolare,
3186 2256 3366 2310 neque
3413 2240 3586 2293 missas
3624 2237 3720 2290 cclev

2226 2332 2385 2386 brare
2426 2332 2768 2402 presbyteros
2809 2333 3073 2401 potuisse,
3103 2333 3244 2387 miro
3273 2332 3498 2387 doceant
3525 2345 3720 2386 consensu

2223 2426 2593 2481 vetustissima
2623 2425 2844 2479 Patrum
2869 2436 2922 2480 et
2944 2427 3326 2482 Conciliorum
3358 2434 3680 2482 monumenta:
3707 2443 3717 2470 ν

2222 2515 2493 2585 praecipue
2524 2531 2656 2571 vero
2675 2514 2732 2570 S.
2763 2514 3002 2586 lgnatius
3021 2527 3223 2587 martyr
3241 2516 3377 2586 (86),
3402 2516 3483 2586 qui
3509 2511 3720 2569 divinos!-

2222 2605 2382 2660 ﬁatus
2403 2605 2608 2678 Spiritu
2640 2608 2840 2678 ubique
2865 2611 3043 2666 ﬁdeles
3061 2620 3261 2674 monet,
3288 2627 3308 2660 t
3331 2625 3395 2664 ne
3421 2610 3526 2664 sine
3539 2608 3722 2676 episcopo

2225 2701 2431 2768 aliquid
2459 2700 2684 2763 faciant,
2710 2703 2801 2756 sed
2835 2703 2986 2756 illum
3023 2712 3332 2771 sequantur
3363 2713 3421 2756 ut
3442 2712 3633 2771 patrem.
3661 2716 3674 2746 ι

2291 2792 2360 2845 At
2420 2793 2562 2847 dicet
2613 2793 2813 2862 aliquis
2871 2794 3223 2864 presbyteros
3267 2795 3476 2865 plebem
3520 2792 3724 2869 docuisse,

2220 2884 2430 2954 plebem
2457 2885 2758 2956 collegisse,
2782 2897 2834 2940 et
2863 2887 3153 2940 sacerdotis
3190 2891 3245 2939 et
3286 2885 3501 2941 senioris
3519 2884 3723 2938 etiamna-

2221 2977 2464 3031 minibus
2495 2976 2597 3032 hoc
2631 2993 2745 3032 aevo
2777 2977 2946 3034 fuisse
2979 2979 3248 3034 interdum
3281 2979 3592 3049 designatos.
3613 2974 3721 3028 Fate-

547 3087 624 3142 ιιἱί
661 3086 824 3143 nobis
854 3102 1144 3156 superesse
1187 3086 1545 3150 arbitramur,
1579 3087 1875 3156 quominus
1916 3085 2118 3158 Hippo-

2224 3085 2348 3123 mur
2371 3069 2483 3125 lnec
2508 3073 2690 3125 omnia
2715 3071 2934 3126 licuisse
2955 3073 3117 3126 etiam
3143 3073 3495 3144 presbyteris,
3520 3067 3723 3143 permissu

545 3181 714 3253 lytum
745 3181 898 3235 illum
937 3179 1316 3246 Portuensem,
1345 3195 1507 3250 quem
1545 3178 1876 3235 Prudentius
1905 3180 2122 3252 elegan-

542 3273 763 3330 tissimo
786 3273 1028 3329 laudavit
1057 3273 1322 3338 carmine,
1353 3288 1463 3328 non
1498 3274 1645 3330 illius
1667 3275 1821 3332 urbis
1843 3277 2117 3331 titularem

543 3367 947 3439 presbyterum,
976 3365 1069 3422 sed
1117 3367 1432 3437 episcopum
1478 3368 1758 3422 exstitisse
1811 3370 2116 3425 credamus.

545 3457 614 3513 Et
643 3475 773 3514 sane
796 3459 1117 3528 pientissimi
1146 3466 1320 3528 poetae
1348 3459 1613 3526 carmina,
1645 3469 1705 3514 ut
1728 3461 1840 3529 jam
1873 3463 2119 3516 animad-

545 3551 709 3606 vertit
734 3549 1026 3617 Baronius,
1063 3551 1426 3621 episcopalem
1481 3549 1756 3624 Hippolyti
1797 3553 2116 3624 dignitatem

547 3643 801 3715 graphice
832 3644 991 3700 nobis
1024 3644 1094 3698 ob
1119 3645 1310 3700 oculos
1343 3654 1552 3714 ponunt
1583 3664 1596 3701 :

622 3759 756 3814 Cum
775 3759 892 3830 jam
936 3776 1124 3814 vesano
1169 3760 1335 3813 victor
1376 3769 1647 3829 raperetur
1687 3763 1750 3814 ab
1791 3762 1937 3816 hoste

689 3830 1007 3884 Exsultantes
1030 3831 1233 3895 anima,
1260 3833 1426 3883 victor
1454 3831 1523 3883 ad
1557 3833 1778 3884 exiliunt

617 3900 798 3957 Plebis
826 3917 1002 3954 amore
1031 3917 1140 3955 sua:
1173 3901 1350 3953 multis
1379 3902 1752 3955 comitantibus
1791 3902 1903 3956 ibat

688 3970 994 4039 Consultus,
1017 3988 1256 4042 quaenam
1282 3981 1424 4025 secta
1452 3972 1584 4039 j'oret
1620 3972 1822 4025 melior.

545 4085 614 4141 Et
640 4087 894 4158 deinceps
925 4105 938 4140 :

619 4201 747 4257 Haec
770 4201 1106 4272 persultanti,
1139 4199 1334 4272 celsum
1363 4201 1538 4255 subito
1569 4211 1689 4255 ante
1739 4202 1972 4256 tribunal

691 4271 929 4340 Oﬂertur
961 4273 1135 4325 senior
1171 4271 1387 4325 nexibus
1418 4273 1722 4340 imp‘icitus.

618 4339 816 4411 Stipati
846 4343 1042 4411 circum
1065 4341 1279 4409 juvenes
1310 4339 1539 4396 clamore
1561 4342 1871 4411 fremebant,

685 4409 866 4480 Ipsum
900 4409 1227 4465 Christicolis
1257 4428 1367 4465 esse
1389 4422 1542 4482 caput
1562 4409 1800 4483 populis.

545 4532 671 4589 Haec
695 4532 915 4604 quidem
957 4531 1238 4588 Prudentii
1280 4534 1468 4599 verba,
1499 4534 1544 4588 si
1589 4550 1714 4590 cum
1762 4536 1983 4608 antiqua
2020 4537 2112 4592 illa

542 4626 764 4683 Patrum
810 4634 1123 4682 nostrorum
1175 4626 1461 4697 disciplina
1495 4643 1783 4698 parumper
1824 4629 2112 4684 conferan-

615 4763 1138 4835 (82)AComme_ntar.
1187 4763 1246 4835 in;
1279 4761 1529 4817 Ordinem
1587 4763 1898 4831 Romanum,
1954 4781 2004 4820 c.
2053 4767 2107 4831 5,

542 4831 666 4905 pag.
697 4831 783 4898 16,
814 4843 947 4905 tom.
979 4833 1022 4886 ll
1057 4831 1249 4887 Μειεωὶ
1273 4835 1474 4887 Italici.

613 4906 725 4976 (85)
759 4905 821 4976 ln
870 4904 1088 4958 dissert.
1135 4906 1459 4972 procemiali,
1501 4919 1620 4974 cap.
1655 4905 1708 4971 6,
1744 4922 1864 4976 pag.
1897 4907 1966 4962 5‘2
2013 4909 2102 4961 cit.

539 4973 674 5032 tom.
703 4973 720 5030 l
746 4973 1005 5043 Operum.

611 5045 942 5122 (84)__Tor_n.
1000 5044 1070 5122 Χ,
1123 5044 1184 5122 in
1221 5045 1404 5122 _Saint
1459 5045 1741 5122 inuocem,
1802 5063 1923 5122 pag.
1981 5046 2102 5110 665,

538 5114 812 5179 anim-1'5,
866 5114 952 5169 Dit
1000 5117 1170 5170 levain
1199 5117 1322 5170 dont
1349 5114 1498 5185 parle
1530 5114 1918 5180 Ιηηοεεηιξιιῦὶ
1963 5130 2106 5172 recte

539 5201 848 5244 sermonem
883 5187 1062 5257 habet
1103 5189 1171 5242 de
1219 5187 1485 5242 fermento
1535 5189 1623 5242 die
1676 5187 1956 5242 Dominico
2011 5204 2105 5257 per

535 5259 778 5330 acolytos
824 5255 968 5330 mitti
1012 5257 1195 5330 solito,
1227 5259 1293 5313 de
1327 5257 1840 5330 quo_lnnocentium
1865 5255 2107 5330 pontiﬁ-

536 5326 1051 5398 cem'interrogabat
1099 5326 1387 5383 Decentius
1417 5326 1748 5398 :Eugubinus
1793 5326 2101 5397 epiScOpus.

607 5399 720 5468 (85)
757 5397 870 5452 Hoc
903 5411 1283 5468 argumentum
1319 5397 1547 5453 miriﬁce
1572 5407 1872 5452 tractarunt
1896 5398 2104 5452 Reuer-

535 5467 626 5523 ως
668 5467 1026 5523 Bellarminus
1069 5468 1148 5522 De
1189 5471 1553 5523 controversiis
1597 5471 1913 5524 Christiana:
1956 5469 2100 5538 ﬁdei,

493 5547 496 5550 ’
536 5538 774 5610 Operam
822 5547 957 5592 tom.
990 5538 1050 5604 ll,
1087 5541 1180 5593 lib.
1219 5557 1256 5605 ι,
1287 5555 1406 5608 cap.
1447 5540 1594 5610 M_et
1630 5556 1805 5609 seqq.,
1851 5556 1972 5610 pag.
2002 5540 2096 5610 151

535 5611 669 5662 edit.
698 5607 914 5662 Veneta!
945 5626 1033 5664 an.
1065 5610 1224 5664 1721.
1264 5607 1488 5664 Videndi
1520 5607 1720 5662 Thom.
1741 5607 1877 5664 Mor.
1910 5607 1962 5663 in
1995 5609 2102 5662 Lu-

540 5678 671 5731 ther.
727 5694 850 5747 pag.
905 5680 1042 5746 “4;
1091 5679 1330 5735 Joannes
1382 5682 1533 5734 card.
1590 5679 1829 5736 Rolfens.
1889 5679 2096 5748 lle/ens.

535 5749 820 5815 racerdot.,
858 5765 1134 5823 congress.
1183 5753 1233 5816 1,
1269 5767 1324 5822 p.
1373 5751 1538 5816 I254;
1577 5753 1827 5808 Albcrtus
1873 5749 2099 5822 Pighius

2223 3170 2402 3215 tamen
2436 3163 2698 3233 episcopi,
2735 3179 2897 3233 quem
2943 3163 3116 3234 plebis
3159 3165 3262 3218 sibi
3293 3165 3585 3220 commissa:
3613 3160 3723 3230 prin-

2223 3255 2394 3324 cipem
2445 3270 2509 3307 ac
2554 3255 2950 3309 moderatorem
2980 3255 3233 3310 Christus
3270 3255 3530 3311 Dominus
3573 3250 3724 3306 consti-

2222 3348 2342 3401 tuit.
2377 3346 2635 3401 Fatemur
2656 3349 2877 3401 senioris
2911 3356 2964 3402 et
2990 3350 3278 3403 sacerdotis
3315 3349 3531 3402 nomina
3553 3345 3638 3399 illis
3655 3343 3726 3395 hoc

2220 3454 2336 3493 tero
2364 3441 2696 3509 quandoque
2727 3441 2950 3504 tributa,
2983 3440 3444 3512 quemadmodum
3487 3448 3536 3494 et
3570 3447 3724 3506 ρητρθ·

2231 3531 2324 3584 siti
2347 3547 2544 3585 nomen
2579 3532 2709 3602 ipsis
2735 3533 3028 3603 episcopis,
3059 3533 3127 3586 ab
3153 3533 3394 3602 antiquis
3422 3546 3538 3588 cum
3558 3526 3724 3585 Graecis.

2221 3630 2334 3676 tum
2388 3622 2597 3679 Latinis
2643 3623 2901 3680 Patribus
2952 3640 3060 3679 non
3097 3626 3263 3680 semel
3308 3624 3569 3695 impertita
3604 3618 3724 3673 fuisse

2219 3725 2431 3770 constat
2477 3716 2638 3786 (86‘).
2670 3715 2782 3771 Nec
2819 3717 3029 3772 inﬁcias
3059 3718 3199 3772 imus
3245 3719 3576 3788 presbyteros
3609 3712 3725 3766 etiam

2217 3809 2429 3878 publice
2454 3809 2663 3878 plebem
2689 3809 2962 3876 docuisse,
2993 3811 3085 3866 sed
3110 3813 3484 3867 consentiente
3505 3807 3723 3879 episcopn.

2217 3903 2328 3956 imo
2355 3912 2410 3956 et
2436 3903 2603 3957 laicos
2627 3917 2862 3972 quoque,
2894 3903 2986 3972 qui
3019 3903 3087 3956 ab
3117 3903 3218 3957 hoc
3254 3911 3508 3958 arcentur
3535 3908 3724 3954 munere.

2215 3993 2403 4047 codem
2463 3992 2789 4062 quandoque
2837 3993 3074 4059 functos,
3131 4002 3378 4049 veterum
3437 3994 3725 4048 monumenta

2218 4092 2508 4149 testantur;
2541 4086 2684 4154 quod
2713 4095 2889 4139 tamen
2929 4086 3351 4154 reprehensione
3383 4101 3486 4140 nou
3515 4082 3724 4138 caruisse.

2216 4178 2284 4232 iis
2316 4186 2502 4230 notum
2532 4186 2634 4239 est,
2664 4177 2757 4247 qui
2798 4175 3048 4248 Origenis
3081 4193 3168 4233 res
3199 4188 3384 4248 gestas
3425 4177 3610 4248 optime
3643 4167 3725 4224 cal-

2215 4267 2323 4321 lent
2347 4266 2482 4333 (87).
2507 4265 2815 4338 Presbyteri
2843 4269 3007 4338 igitur
3035 4283 3192 4324 sacra
3219 4267 3530 4340 hujusmodi
3550 4274 3726 4320 munera

2215 4360 2481 4429 permissu
2516 4373 2730 4428 semper
2758 4360 2996 4430 episcopi
3042 4371 3170 4416 tunc
3220 4361 3479 4432 temporis
3518 4367 3727 4423 exseque-

2145 4464 2193 4524 ι)
2220 4451 2434 4515 bantur,
2463 4457 2516 4503 et
2543 4449 2758 4517 quidem
2799 4466 2907 4503 non
2957 4450 3270 4518 promiscue
3305 4464 3526 4513 omnes;
3555 4458 3661 4499 nam
3681 4454 3728 4494 ει

2215 4543 2348 4612 ipsis
2377 4544 2678 4612 praecipuos
2695 4542 2763 4596 ab
2791 4543 3064 4614 episcopis
3093 4552 3300 4598 tantum
3348 4543 3568 4598 selectos
3595 4551 3650 4590 an
3669 4547 3728 4584 m-

2213 4635 2562 4698 advertimus,
2607 4649 2746 4705 quos
2815 4635 2884 4688 ab
2947 4635 3191 4704 injuncto
3254 4633 3483 4690 docendi
3531 4639 3728 4687 munere.

2214 4767 2416 4841 _E_ccles.
2446 4770 2706 4841 hierareh.
2760 4771 2855 4826 lib.
2894 4786 2973 4835 In,
3007 4786 3127 4841 cap.
3161 4773 3265 4831 1οε
3302 4771 3597 4841 Stauislaus
3614 4762 3725 4841 card.

2212 4837 2412 4894 Hosius
2439 4842 2490 4893 in
2524 4839 2740 4894 Indicio
2763 4851 2810 4894 et
2838 4857 3056 4895 censura
3073 4837 3153 4895 'de
3184 4843 3462 4896 adoranda
3495 4839 3728 4894 Trinitate.

2211 4926 2264 4978 p.
2295 4909 2396 4964 156
2428 4911 2556 4964 edit.
2586 4911 2894 4981 Antuerpia:
2912 4913 3038 4965 anni
3066 4913 3192 4967 1671
3215 4931 3228 4978 ;
3255 4913 3526 4972 Petavius,
3546 4909 3725 4962 Dissert.

2209 4981 2406 5052 eccles.
2433 4981 2524 5052 lib.
2555 4982 2604 5046 1,
2631 4997 2749 5052 cap.
2792 4998 2804 5034 I
2837 4992 2891 5036 et
2925 4998 3111 5052 seqq.;
3144 4982 3414 5038 Baronius
3454 4984 3516 5034 ad
3565 4989 3727 5031 annum

2210 5050 2300 5123 58,
2322 5049 2493 5123 §_5,_4
2515 5060 2569 5123 et
2605 5049 2779 5122 seqq,
2814 5049 3016 5123 Annal:
3039 5049 3170 5107 tom.
3201 5055 3239 5118 l,
3266 5069 3388 5123 pag.
3417 5053 3509 5107 191
3532 5059 3726 5123 etseqq.

2429 5119 2796 5195 ll_t_Epist._atl
2823 5121 3148 5195 Trallianos,
3186 5119 3429 5195 ιιιιὶηξ-ιι,
3463 5139 3512 5192 p.
3541 5119 3618 5195 64.
3672 5185 3682 5195 .

2278 5189 2414 5261 (86')
2453 5190 2542 5246 Sic
2564 5189 2708 5261 apud
2757 5190 3050 5248 Eusebium
3112 5194 3205 5248 lib.
3252 5211 3283 5247 v
3330 5189 3477 5246 Hist:
3523 5189 3728 5261 ecclesia-

2206 5259 2375 5334 sticae,
2397 5259 2537 5334 'cap.
2564 5259 2656 5329 ει,
2687 5278 2807 5332 pag.
2839 5263 2964 5334 25d,
3012 5266 3173 5317 etiam
3206 5262 3437 5319 Romani
3488 5259 3728 5334 pontiﬁces

2205 5332 2501 5400 presbyteri
2532 5335 2902 5388 nominantur.
2921 5333 3342 5402 Prrepositorum
3365 5335 3577 5388 nomine
3598 5332 3727 5402 etiam

2205 5392 2491 5474 episcopos
2520 5403 2768 5473 intelligit
2793 5403 2849 5456 S.
2873 5392 3180 5474 Cyprianus
3209 5403 3491 5474 epistﬂiii,
3517 5417 3625 5474 pag.
3649 5392 3727 5450 l90

2203 5472 2331 5526 edit.
2364 5473 2538 5526 citatas.
2567 5472 2954 5528 Amstelodauii
2989 5477 3114 5528 anni
3159 5475 3315 5528 1700.
3351 5472 3487 5534 Vide
3516 5472 3728 5531 Ducange

2203 5543 2368 5613 yerbo
2416 5542 2726 5613 Presbyter,
2762 5553 2814 5598 et
2860 5544 3031 5600 Macri
3077 5543 3132 5600 in
3185 5544 3554 5610 Hicralexico,
3598 5537 3728 5593 γιτὺυ

2202 5610 2484 5682 Presbyter
2513 5623 2565 5667 et
2584 5610 2797 5668 Senior.

2273 5678 2511 5757 (δη-υς)
2555 5685 2804 5757 Origenis
2853 5686 3018 5756 gestis
3064 5685 3323 5757 legendus
3365 5680 3728 5757 Tillernontius,

2203 5760 2333 5808 tom.
2368 5751 2454 5808 Ill.
2491 5755 2540 5808 in
2576 5753 2814 5823 Origene,
2845 5751 2894 5810 et
2928 5751 3247 5826 praesertim,
3278 5773 3399 5828 pag.
3443 5755 3563 5812 5‘33.
