3826 6484
150 368 231 425 125

154 490 341 560 majores
359 486 514 543 nostri
536 486 885 550 διδασκάλους
908 502 1002 541 seu
1033 488 1282 542 doctores
1307 487 1490 543 dixere
1514 488 1646 559 (88).
1680 493 1724 550 Α

152 584 259 640 Cum
303 582 468 650 itaque
509 580 772 646 delegato,
826 588 885 633 ut
931 580 1004 633 ita
1045 580 1312 646 dicamus,
1343 580 1461 648 jure
1509 581 1642 646 haec,

150 692 243 744 qua:
261 689 367 727 mox
393 672 743 737 narravimus,
768 687 992 725 munera
1020 672 1207 742 primis
1236 672 1489 728 Ecclesia:
1510 682 1645 728 tem-

148 765 327 837 poribus
352 762 671 818 obtinuerint
703 764 1029 834 presbyteri,
1068 765 1192 834 quis
1238 782 1476 835 unquam
1522 766 1646 837 Hip-

146 858 338 927 polytum
391 853 792 923 presbyterum,
857 869 1018 923 quem
1078 855 1336 925 populum
1392 857 1645 914 docuisse

142 949 241 1004 dicit
262 945 585 1011 Prudentius,
612 944 927 1001 Portuensis
966 946 1141 1016 plebis
1181 958 1344 1019 caput
1371 950 1644 1007 exstitisse

143 1038 378 1095 contendet
394 1036 415 1091 2

192 1128 357 1184 Verum
387 1126 578 1196 aliquis
634 1127 969 1185 existimabit
1003 1129 1349 1201 Hippolytum
1395 1141 1641 1189 nostrum

139 1238 219 1276 non
239 1237 293 1276 ea
323 1230 488 1275 mente
520 1220 771 1289 specioso
800 1223 984 1289 capitis
1011 1222 1175 1291 plebis
1202 1224 1421 1279 nomine
1448 1240 1475 1278 a
1505 1224 1643 1279 Pru-

138 1314 282 1369 dentio
313 1311 584 1378 donatum,
625 1318 685 1364 ut
718 1310 978 1367 indicaret
1028 1314 1203 1383 ipsum
1238 1316 1318 1369 vel
1346 1315 1639 1381 titularem,

136 1409 198 1462 vel
227 1408 498 1477 simplicem
545 1408 598 1462 in
646 1406 933 1463 Portuensi
965 1407 1205 1463 Ecclesia
1265 1411 1639 1481 presbyterum

139 1500 287 1561 fuisse,
316 1500 402 1555 sed
434 1509 489 1553 ut
521 1499 694 1563 illum,
724 1508 911 1569 utpote
961 1499 1015 1553 in
1049 1501 1248 1555 minori
1283 1502 1417 1555 urbe
1439 1503 1639 1573 degen-

133 1604 231 1656 tem,
277 1605 385 1661 qua:
434 1591 624 1661 primis
672 1591 931 1648 Ecclesia:
993 1592 1328 1661 temporibus
1378 1592 1634 1663 episcopo

137 1684 280 1739 forsan
312 1699 485 1737 carere
508 1683 707 1752 potuit,
741 1692 1005 1753 potestate
1030 1684 1131 1738 sibi
1156 1682 1296 1739 facta
1332 1701 1362 1738 a
1393 1684 1639 1739 Romano

133 1771 353 1842 pontiﬁce,
387 1770 740 1826 Portuensem
772 1771 1073 1828 Ecclesiam
1120 1774 1357 1843 episcopi
1405 1775 1524 1829 loco
1552 1777 1640 1829 ad.

133 1835 415 1917 ministrasse
445 1862 798 1931 significaret.
844 1863 997 1929 Quod
1022 1835 1240 1933 egregio
1263 1835 1321 1917 8:
1352 1865 1635 1935 Epiphanii
1668 1835 1710 1890 Β

130 1952 384 2007 testimonio
413 1953 617 2008 firmari
663 1964 866 2024 posset,
904 1956 997 2025 qui
1026 1966 1214 2010 contra
1246 1956 1479 2011 Ariauos
1502 1958 1637 2012 scri-

131 2042 232 2099 beris
252 2042 772 2115 Presbyterianorum
803 2049 973 2101 nostri
1006 2048 1101 2101 aevi
1134 2057 1345 2111 atavos,
1382 2063 1490 2102 non
1518 2064 1637 2102 om-

127 2135 251 2191 nibus
276 2137 488 2191 urbibus
517 2138 575 2191 in
602 2139 690 2191 illa
726 2138 1028 2208 primorum
1072 2152 1373 2209 temporum
1409 2141 1635 2210 penuria

126 2228 358 2299 episcopos
383 2230 541 2287 datos
588 2230 759 2286 fuisse
808 2240 1012 2295 monet,
1062 2233 1156 2287 sed
1207 2233 1549 2303 presbyteros
1581 2234 1634 2289 in

125 2319 272 2375 iisdem
301 2324 672 2394 episcoporum
724 2327 841 2382 vice
869 2325 1144 2380 suﬂ‘ectos.
1195 2327 1253 2380 In
1303 2327 1426 2381 aliis
1484 2343 1633 2393 vero,

126 2427 217 2466 cum
240 2426 443 2470 econtra
469 2418 722 2473 deessent
756 2418 1073 2488 presbyteri,
1108 2417 1258 2473 solus
1297 2418 1399 2473 fuit
1430 2420 1637 2477 consti-

126 2509 238 2556 tutus
285 2504 585 2576 episcopus,
634 2507 750 2578 qui,
803 2508 1148 2563 ministrante
1174 2508 1423 2573 diacono,
1481 2510 1636 2565 Chri‘

126 2594 275 2649 stianze
300 2597 430 2667 plebi
457 2609 718 2669 prarcsset
769 2599 902 2671 (89).
941 2599 1037 2656 His
1063 2602 1226 2657 etiam
1256 2600 1379 2655 addi
1414 2613 1636 2672 possent

122 2689 351 2744 nulissima
402 2692 493 2748 illa
557 2693 616 2747 S.
676 2693 961 2749 Athanasii
1015 2695 1323 2750 testimonia
1380 2697 1445 2750 de
1482 2697 1635 2766 pagis

120 2777 545 2854 Mareotidis,qui,
586 2801 711 2841 cum
772 2787 950 2841 nullos
1004 2786 1268 2843 baberent
1326 2788 1631 2857 episcopos,

119 2872 207 2925 sola
228 2875 651 2945 presbyterorum
684 2891 785 2946 ope
811 2877 1156 2947 regebantur,
1182 2878 1379 2947 quibus
1403 2878 1635 2933 Alexan-

120 2962 267 3021 drinus
292 2968 590 3038 imperabat
639 2970 930 3039 episcopus
982 2969 1117 3040 (90).
1152 2968 1290 3024 Hinc
1335 2970 1495 3026 nobis
1544 2986 1634 3025 ar-

170 3140 356 3216 (8§)De
407 3144 743 3216 presbyteris
794 3144 1138 3205 doctoribus,
1192 3146 1299 3216 qui
1336 3147 1633 3216 smpissime

122 3210 225 3287 apud
265 3210 508 3287 antiquos
538 3210 726 3287 Patres
764 3210 1337 3287 occurrunt,_legénda
1377 3210 1521 3272 certe
1548 3229 1633 3274 est

118 3280 375 3356 dissertatio
403 3284 435 3337 6
461 3284 791 3356 Cyprianica
828 3284 1041 3356 lleurici
1072 3280 1350 3351 Dodwelli,
1385 3303 1506 3356 pag.
1533 3291 1623 3354 54,

119 3350 186 3402 ubi
205 3353 348 3405 multa
403 3350 719 3421 huiusmodi
764 3355 1018 3409 dictionis
1064 3356 1311 3423 exempla
1338 3350 1631 3412 invevniuné

118 3426 211 3483 tur;
236 3424 501 3478 adeundus
525 3434 611 3478 est
634 3424 793 3477 etiam
826 3424 1133 3477 llolstenius
1160 3428 1211 3476 in
1244 3426 1387 3480 notis
1406 3428 1471 3481 ad
1499 3430 1627 3482 Acta

120 3485 478 3564 SS._Perpctu;e
509 3504 563 3548 et
588 3493 907 3564 Felicitatis,
941 3509 1065 3564 pag.
1120 3494 1221 3547 1Ιι9
1264 3498 1393 3550 edit.
1446 3496 1631 3551 Romae

115 3560 211 3635 anni
235 3562 377 3626 1665,
410 3565 500 3617 ubi
538 3564 656 3635 agit
678 3563 745 3635 de
770 3560 999 3635 Aspasio
1018 3560 1357 3635 'prcsbytero
1383 3568 1627 3635 doctore,

114 3630 233 3701 cujus
258 3636 303 3683 in
335 3630 610 3701 praedictis
631 3633 781 3687 Actis
806 3630 1006 3687 mentio
1036 3630 1137 3686 est.

165 3700 254 3772 (89)
277 3700 701 3772 S.’Epiphauius
726 3703 816 3756 lib.
850 3703 1206 3772 titiAdversus
1238 3704 1479 3768 hereses,
1510 3705 1624 3761 ha:-

116 3770 298 3841 resin,
329 3770 479 3826 nuinl
506 3775 563 3838 5,
602 3787 720 3841 pag.
745 3772 869 3835 908,
902 3771 1062 3841 Oper.
1116 3782 1245 3826 tom.
1300 3776 1313 3826 Ι
1371 3777 1499 3829 edit.
1525 3775 1627 3830 Pa-

113 3838 185 3913 ris.
206 3839 321 3894 liii?
338 3842 575 3908 :«Quare
593 3838 936 3913 ubi'nondum
951 3838 1302 3911 episcopatus
1322 3846 1517 3913 dignus
1532 3848 1629 3899 ali-

112 3910 204 3973 quis
218 3924 534 3984 occurrerat,
558 3912 741 3984 nullus
765 3913 813 3965 ei
845 3913 963 3966 loco
989 3910 1304 3981 praepositus
1321 3910 1404 3969 est
1420 3916 1629 3984 cpisco-

113 3980 276 4053 pusAt
294 3983 379 4035 ubi
406 3993 460 4035 et
487 3982 786 4037 necessitas
815 3980 1142 4051 postulabat,
1167 3998 1264 4037 nec
1293 3980 1502 4047 eorum,
1533 3988 1623 4053 qui

110 4049 371 4124 episcopatu
396 4054 549 4121 digni
600 4060 784 4124 erant,
817 4049 979 4121 capia
1030 4053 1235 4124 deerat,
1268 4056 1339 4106 ibi
1366 4049 1623 4124 episcopi

110 4120 360 4190 constituti.
394 4120 619 4176 At’cum
649 4122 788 4174 haud
820 4120 1012 4190 magna
1038 4123 1326 4176 multitudo
1355 4120 1510 4184 foret,
1542 4120 1626 4179 re-

111 4189 237 4261 periri
266 4191 388 4245 nulli
418 4201 745 4261 potuerunt,
791 4192 883 4259 qui
920 4189 1225 4261 presbyteri
1265 4204 1621 4249 crearentur:

109 4258 217 4330 unde
242 4262 346 4314 solo
388 4258 650 4330 episcopo
678 4258 1185 4315 coriteuti’fuerunt.
1213 4280 1231 4313 ι

162 4328 251 4402 (90)
305 4328 559 4399 Apoloyia
587 4328 778 4402 contra
824 4331 1085 4402 Arianae,
1126 4346 1278 4402 num.
1330 4332 1417 4393 17,
1450 4331 1612 4402 Oper.

108 4400 209 4448 tom.
234 4399 267 4463 1,
292 4416 409 4469 pag.
455 4402 559 4455 157
596 4400 722 4453 edit.
759 4399 931 4453 Paris.
963 4401 1090 4452 anni
1130 4399 1624 4466 16982IQuod‘au-

104 4470 187 4517 tem
216 4470 315 4524 ba:c
348 4487 454 4525 non
480 4486 630 4540 mera
662 4472 824 4523 verba
856 4472 984 4531 sint,
1009 4470 1102 4522 sed
1130 4484 1213 4523 res
1237 4482 1417 4540 gestae,
1458 4482 1620 4527 testes

105 4545 207 4609 sunt
242 4554 422 4594 omnes
476 4539 735 4593 Mareotae
783 4520 1099 4611 presbyteri,
1149 4520 1266 4611 qui0
1300 4520 1618 4611 episcopum
1652 4520 1695 4576 D

104 4616 484 4677 circumeuntem
505 4624 722 4677 semper
735 4610 1084 4662 comitantur.
1115 4628 1133 4659 ι
1154 4609 1216 4662 Et
1244 4625 1393 4663 num.
1413 4609 1503 4675 ‘28,
1528 4629 1621 4667 ea-

102 4674 488 4750 demdpologia,
519 4674 643 4748 pag;
676 4678 777 4750 147
798 4697 857 4750 εξ(
881 4679 1017 4732 Cum
1070 4679 1413 4733 advenissent
1443 4692 1622 4736 autem

104 4747 352 4822 presbyteri
379 4747 712 4822 iMareo‘tiri,
749 4748 1084 4822 allirntaruut
1130 4764 1302 4817 neque
1346 4752 1622 4822 fscbyram

100 4826 194 4889 esse
234 4819 509 4873 catholicae
575 4816 829 4889 Ecclesiae
858 4817 1255 4889 presbyterum,
1294 4816 1485 4889 neque
1519 4823 1624 4876 tale

100 4879 279 5005 fac‘gqus
306 4900 652 4959 perpetrasse
709 4879 1040 4951 Macarium,
1099 4879 1260 4956 quale
1300 4889 1344 4942 is
1380 4879 1473 4944 'illi
1519 4893 1622 4944 im-

101 4964 151 5005 ῐίυ
218 4966 300 5005 ωι.
340 4977 358 5005 ι

101 4963 300 5016 putabat.
340 4977 358 5009 ι

152 5026 247 5094 (91)
280 5027 334 5081 In
359 5029 505 5083 notis
546 5028 611 5081 ad
644 5025 700 5080 S.
729 5024 1090 5095 Epiphanium
1133 5027 1324 5080 haeresi
1372 5029 1439 5081 69
1471 5030 1623 5083 Aria-

98 5104 275 5169 norum,
304 5114 424 5169 pag.
452 5099 583 5161 278,
617 5094 789 5169 Oper.
826 5105 955 5169 tom.
995 5094 1058 5169 ll,
1113 5100 1202 5149 ubi
1237 5113 1468 5162 summa,
1514 5116 1619 5168 qua

96 5163 229 5239 pollet
280 5163 627 5233 eruditione,
668 5163 770 5220 'do
829 5165 1344 5235 chorcpiscoporum
1414 5163 1622 5239 origine

96 5244 195 5297 agit.

148 5303 244 5377 (92)
268 5303 413 5361 Part.
438 5322 480 5371 ι,
515 5308 604 5361 lib.
630 5320 693 5369 ιι,
724 5318 846 5377 cap.
874 5303 899 5377 1
927 5313 981 5357 et
1007 5304 1061 5368 9.,
1089 5319 1214 5373 pag.
1240 5304 1344 5357 210
1367 5315 1415 5360 et
1440 5320 1619 5377 seqq,

94 5368 162 5447 ubi
189 5368 396 5432 disserit
427 5368 498 5432 de
523 5368 921 5443 chorepiscopis
951 5388 1046 5441 per
1074 5368 1196 5427 octo
1222 5378 1403 5443 priora
1432 5368 1620 5431 Eccle;

92 5454 165 5494 sue
186 5448 393 5501 saecula.

148 5513 244 5583 (95)
276 5515 332 5569 1n
361 5530 576 5571 canone
598 5515 632 5569 6
659 5514 875 5570 concilii
915 5511 1255 5570 Sardicensis
1298 5514 1353 5569 in
1404 5526 1536 5569 tom.
1598 5516 1621 5569 1

92 5573 310 5655 Operam,
341 5603 469 5655 pag.
512 5586 613 5639 279
664 5599 717 5640 et
747 5600 899 5655 seqq.
933 5583 1185 5640 editionis
1224 5585 1435 5641 Veneta:
1492 5590 1617 5640 anni

93 5648 221 5724 1621.
246 5648 306 5709 ρι’
326 5648 454 5710 alibi
483 5658 696 5724 saepius.

147 5722 243 5795 (94)
289 5722 613 5783 Guilielmus
660 5727 1002 5795 Bevercgius,
1042 5726 1318 5779 Pandecttt
1360 5741 1619 5778 canonum

198 5786 553 5864 apostolorum
578 5806 623 5849 et
650 5786 1009 5863 conciliorum,
1046 5799 1097 5849 in
1138 5810 1373 5851 canones
1398 5797 1616 5852 concilii

372 5894 648 5954 PATBOL.
694 5894 808 5953 Gn.
857 5894 937 5953 Χ.

851 363 937 418 DE
972 362 1361 422 PORTUENSI
1398 364 1455 419 S.
1499 364 1861 433 HlPPOLYTl
1901 366 2092 423 SEDE.
2132 398 2201 407 ——
2241 366 2421 424 PARS
2455 366 2497 423 Ι.

1752 505 1915 559 gnere
1936 490 2140 554 liceret,
2172 488 2515 562 Hippolytum
2546 498 2790 546 nostrum
2843 491 3031 548 eodem
3055 490 3178 563 jure
3199 510 3305 561 quo

1745 581 2043 651 presbyteri
2105 582 2177 636 illi
2236 598 2367 637 suas
2417 594 2545 638 tunc
2585 585 2842 653 temporis
2889 584 3306 642 moderabantur

1744 672 2039 735 Eeclesias,
2074 671 2361 728 Portuensi
2394 674 2696 745 praefuisse,
2718 676 2802 731 vel
2831 676 3015 731 forsan
3048 688 3107 733 ut
3139 678 3305 734 chor—

1743 766 2079 835 episcopum,
2124 783 2284 834 quem
2315 768 2368 820 in
2399 770 2579 836 parvis
2610 768 2943 833 civitatibus,
2965 771 3118 839 pagis
3139 758 3303 827 etiam

1742 870 1797 912 et
1827 857 1961 912 vicis
1990 857 2246 912 constitui
2294 860 2516 913 solitum
2574 858 2742 916 fuisse
2786 872 2995 916 veteres
3045 861 3303 919 Ecclesia:

1743 965 1981 1005 canones
2008 958 2297 1018 testantur,
2329 951 2575 1006 eamdem
2602 951 2956 1008 Portuensem
3000 952 3297 1011 Ecclesiam

1743 1042 2171 1098 administrasse.
2209 1040 2305 1096 His
2332 1042 2598 1113 siquidem
2644 1044 2855 1112 positis,
2884 1053 2940 1098 et
2982 1043 3307 1101 Prudentius

1742 1132 1811 1185 ab
1843 1130 1989 1186 omni
2038 1130 2379 1186 confusionis
2432 1140 2559 1185 nota
2608 1141 2751 1186 esset
2806 1131 3085 1198 immunis,
3119 1142 3174 1186 et
3206 1132 3301 1188 do-

1740 1221 1969 1277 ctissimi
2002 1220 2276 1277 Ruinartii
2313 1221 2623 1291 conjectura
2652 1232 2797 1277 sarta
2837 1232 3083 1293 tectaque
3118 1238 3305 1279 mane-

1742 1321 1845 1368 ret.
1880 1311 2202 1383 Hujusmodi
2237 1322 2415 1368 tamen
2470 1312 2804 1382 argumentis
2829 1322 2982 1368 tanta
3040 1312 3179 1368 haud
3219 1316 3301 1370 vis

1741 1404 1903 1467 inest,
1939 1411 2001 1458 ut
2042 1402 2295 1458 facillime
2351 1403 2599 1459 encrvari
2654 1418 2758 1457 non
2817 1403 3012 1472 possit.
3069 1403 3299 1460 Omissis

1739 1494 1887 1550 enim
1912 1494 1982 1549 iis
2024 1509 2143 1565 qua:
2168 1494 2236 1550 de
2266 1494 2577 1563 hujusmodi
2603 1496 3039 1567 presbyterorum
3068 1504 3121 1550 et
3141 1496 3299 1551 chor-

1738 1586 2118 1655 episc0porum
2165 1587 2289 1656 jure
2324 1586 2519 1641 acriter
2549 1585 2685 1640 iutcr
2727 1602 2786 1642 se
2825 1587 3170 1656 disputarunt
3200 1587 3299 1642 do-

1740 1678 1812 1735 cti
1846 1678 1947 1732 viri
1968 1676 2219 1732 Petavius
2253 1678 2388 1747 (9i),
2433 1677 2828 1733 Thomassinus
2864 1677 2997 1747 (99.),
3034 1679 3299 1734 Christia-

1740 1784 1844 1823 nus
1872 1767 2057 1837 Lupus
2090 1768 2225 1838 (95),
2262 1767 2586 1839 Beveregius
2620 1769 2751 1839 (91),
2797 1769 3120 1839 czeterique;
3163 1768 3295 1825 illud

1739 1860 2018 1914 monuisse
2048 1859 2301 1921 suiliciat,
2333 1859 2476 1914 haud
2511 1860 2783 1915 immerito
2818 1860 2876 1914 in
2929 1860 3153 1915 dubium
3185 1872 3297 1916 Δνοι-

1736 1950 1850 2006 cari
1890 1965 2073 2020 posse,
2104 1966 2235 2005 num
2264 1951 2456 2006 iisdem
2487 1951 2889 2021 chorepiscopis
2915 1966 2975 2006 ca
3005 1961 3149 2007 recte
3196 1952 3295 2007 tri-

1737 2042 1829 2096 bui
1857 2051 2081 2111 queant,
2112 2058 2234 2112 quas
2260 2040 2328 2095 de
2378 2040 2664 2113 Hippolyto
2706 2044 2903 2097 cecinit
2948 2042 3296 2112 Prudentius,

1736 2136 2033 2203 praesertim
2064 2150 2193 2190 vero
2230 2151 2361 2189 num
2390 2135 2490 2201 ipsi
2537 2137 2589 2189 in
2624 2137 2878 2205 primaeva
2923 2135 3144 2192 Patrum
3191 2138 3297 2192 lin-

1735 2244 1839 2297 gua
1861 2226 2182 2283 Christianae
2209 2227 2379 2297 plebis
2412 2227 2585 2296 capita
2616 2228 2888 2283 exstitisse
2915 2228 3125 2286 dicendi
3149 2229 3257 2283 sint
3276 2264 3293 2294 ,

1734 2334 1858 2374 cum
1890 2320 1944 2374 in
1979 2320 2233 2374 omnibus
2265 2318 2455 2373 vicina:
2494 2320 2643 2374 urbis
2686 2322 2935 2389 episcopo
2964 2335 3060 2375 eos
3106 2321 3291 2391 subje-

1734 2420 1852 2467 ctos
1898 2426 2019 2466 esse
2070 2412 2335 2479 jusserint
2386 2412 2743 2467 vetustissimi
2803 2411 3058 2467 Ecclesia:
3117 2428 3287 2470 cano—

1735 2519 1832 2559 nes
1866 2504 2003 2575 (95).
2040 2502 2158 2567 His,
2191 2504 2371 2558 denuo
2417 2503 2733 2573 repetimus,
2770 2504 3013 2568 omissis,
3058 2503 3163 2559 alia
3194 2519 3292 2559 no-

1734 2596 1819 2652 bis
1848 2597 2081 2666 suppetit
2108 2597 2391 2666 potissima
2422 2597 2584 2664 ratio,
2637 2612 2744 2667 qua
2797 2598 3104 2668 hujusmodi
3134 2616 3293 2670 argu-

1735 2698 1974 2743 mentum
2008 2688 2060 2741 in
2096 2704 2154 2744 re
2198 2696 2381 2743 nostra
2414 2689 2627 2758 penitus
2662 2691 2954 2745 evanescit.
3010 2688 3160 2746 Hanc
3195 2708 3293 2747 no-

1735 2780 1819 2834 bis
1852 2778 2156 2849 suppeditat
2184 2779 2551 2835 vetustissima
2581 2778 2971 2839 suburbieariae
3004 2784 3294 2853 provinciae

1734 2869 2104 2925 ecclesiastica
2134 2870 2339 2939 politia,
2370 2870 2423 2923 in
2458 2884 2584 2939 qua,
2618 2879 2676 2925 ut
2705 2871 2904 2929 diserte
2952 2882 3137 2928 monet
3188 2875 3290 2928 do-

1735 2962 2009 3018 ctissimus
2040 2961 2352 3017 Dominicus
2382 2961 2573 3034 Georgi
2601 2964 2734 3035 (96),
2765 2966 3001 3036 episcopi
3029 2966 3227 3038 passim
3257 2980 3288 3019 a

1734 3145 2077 3203 Antiocheni.
2134 3153 2261 3199 tom.
2299 3142 2339 3205 1,
2376 3159 2497 3212 pag.
2555 3142 2679 3211 440,
2732 3144 2861 3198 edit.
2917 3141 3112 3198 Oxonii
3158 3147 3288 3198 anni

1736 3215 1905 3279 1672;
1936 3228 2145 3268 necnon
2178 3213 2629 3267 Adnotationibus
2679 3214 2732 3267 in
2784 3229 3021 3268 canones
3070 3216 3285 3269 concilii

1730 3285 2031 3355 Ancyrani,
2090 3284 2337 3355 causa,
2394 3292 2524 3335 tom.
2574 3282 2637 3347 ll,
2685 3294 2822 3355 part.
2858 3300 2917 3355 tt,
2983 3299 3102 3352 pag.
3160 3285 3285 3347 175,

1732 3353 1869 3420 176,
1905 3356 1959 3407 in
1989 3353 2357 3407 notationibus
2388 3368 2507 3406 can.
2544 3354 2760 3407 concilii
2792 3354 3133 3418 Antiocbeui,
3160 3370 3283 3409 can.

1730 3423 1817 3485 10,
1852 3440 1975 3491 pag.
2010 3422 2132 3486 190,
2158 3432 2291 3475 tom.
2324 3423 2513 3476 eodem
2546 3422 2607 3484 Il,
2637 3432 2775 3491 part.
2807 3439 2866 3476 ιι.

1803 3491 1913 3563 (95)
1946 3492 2179 3561 Legendi
2211 3502 2340 3564 sunt
2366 3507 2601 3547 canones
2627 3494 2982 3548 conciliorum
3015 3493 3285 3564 Ancyrani

1730 3564 1818 3624 15,
1851 3562 1904 3616 et
1927 3562 2247 3616 Antioclieni
2290 3562 2376 3616 10.

1800 3634 1912 3701 (90)
1962 3631 2204 3685 Historia
2266 3631 2609 3701 diplomatica
2668 3631 2928 3685 cat/reduc
2972 3633 3283 3700 episwpalis

1728 3704 1960 3756 civitatis
1990 3702 2148 3756 Setia:
2171 3704 2227 3754 in
2255 3702 2429 3760 Latio,
2460 3700 2486 3770 §
2518 3702 2571 3763 5,
2612 3717 2733 3769 pag.
2765 3702 2797 3754 6
2841 3701 3067 3755 edition.
3098 3703 3285 3756 Rornru

1728 3774 1855 3827 anni
1882 3774 2039 3835 1751,
2069 3773 2158 3825 ubi
2187 3774 2254 3825 ad
2294 3787 2452 3824 suum
2484 3780 2860 3839 argumentum
2903 3771 3283 3826 stabiliendum

1729 3844 2022 3895 multarum
2071 3842 2281 3895 erudite
2329 3840 2693 3895 Ecclesiarum
2748 3842 3134 3895 cathedralium
3183 3859 3283 3895 uo-

1726 3914 1873 3965 miua
1896 3922 2086 3967 auctor
2114 3912 2391 3979 producit;
2440 3912 2567 3964 hinc
2590 3911 2826 3979 episcopi
2861 3911 3281 3979 Minturnenses,

1728 3982 2022 4045 Formiani,
2058 3978 2393 4039 Laurentini,
2429 3978 2788 4044 Privernates,
2824 3978 3010 4034 Trium
3033 3981 3285 4035 taberna-

1730 4068 1871 4115 rum,
1923 4053 2260 4121 Aquinates_,_
2302 4050 2636 4121 Gabicnses,
2689 4048 2967 4115 Labicani,
3026 4049 3279 4121 'l‘grebani,

1729 4118 2155 4191 Subaugustani,
2216 4118 2558 4191 Nomentani,
2611 4118 2899 4183 Lurcnses,
2948 4131 3001 4174 et
3040 4119 3281 4173 Forono-

1728 4193 1872 4255 vani,
1908 4188 1960 4245 in
1990 4190 2144 4243 Latio
2174 4201 2227 4245 et
2261 4188 2477 4242 Sabinis
2531 4205 2596 4242 ex
2646 4198 2885 4242 veterum
2932 4191 3280 4244 historiarum

1725 4270 1778 4313 et
1806 4262 2161 4314 conciliorum
2185 4257 2551 4314 monumentis
2570 4259 2637 4311 ab
2662 4262 2847 4313 eodem
2882 4270 3123 4323 auctore,
3157 4275 3277 4329 pag.

1727 4329 1759 4382 6
1800 4335 1864 4383 ad
1913 4331 2002 4395 7:6,
2055 4330 2302 4383 adductis
2358 4331 2684 4381 referuntur.
2719 4328 2875 4393 Quod
2905 4345 3033 4383 vero
3066 4332 3131 4383 ad
3169 4328 3280 4384 rent

1728 4410 1969 4453 nostram
2026 4403 2260 4457 maxime
2327 4398 2474 4459 facit,
2528 4399 2580 4450 in
2646 4397 2842 4453 Tuscia
2905 4400 3279 4455 suburbicaria

1725 4470 2155 4538 quamplurimas
2177 4468 2520 4537 epiSCopatus
2549 4470 2821 4523 exstitisse
2844 4480 3048 4523 certum
3083 4479 3183 4523 est.
3220 4468 3278 4523 lu

1725 4556 1786 4593 ea
1841 4541 1987 4592 enim
2049 4538 2206 4592 Silva:
2237 4539 2492 4591 Candida:
2526 4540 2867 4607 episcopatus
2909 4541 3132 4600 exstitit,
3159 4538 3279 4591 Cat-

1726 4609 1921 4670 reusis,
1949 4611 2445 4671 (lenturuccllcusis,
2474 4606 2878 4669 Graviscaruni,
2921 4607 3279 4676 Tarquinien-

1725 4680 1823 4743 sis,
1848 4677 2231 4743 Tuscanensis,
2263 4677 2627 4740 Bulcentinus,
2653 4680 2737 4731 cui
2768 4681 3005 4732 succedit
3026 4680 3281 4733 Castren—

1725 4751 1822 4811 sis,
1871 4747 2217 4812 Valeutanns,
2281 4746 2642 4809 Volliniensis,
2689 4748 2908 4801 Castelli
2962 4748 3277 4811 Felicitatis,

1726 4817 2068 4881 Ferentinas,
2101 4816 2562 4886 Polymartieusis,
2595 4816 2954 4883 Faleritauus,
2992 4818 3279 4871 Balneorc—

1726 4889 1950 4953 giensis,
2008 4888 2376 4947 Gallcsiensis,
2426 4886 2758 4949 Blenranus,
2826 4886 3276 4947 Marturauensis,

1726 4956 2216 5021 Fornclaudiensis,
2251 4957 2667 5025 Aquzevirensis,
2702 4955 2951 5015 Fidenas,
2996 4967 3048 5010 ct
3096 4959 3277 5009 forsan

1723 5028 1884 5080 etiam
1922 5030 2173 5081 Lorensis
2195 5044 2207 5089 ;
2232 5041 2465 5093 quorum
2493 5026 2869 5093 episwporum
2896 5028 3113 5079 nomina
3136 5026 3274 5079 idem

1725 5096 1986 5167 Georgius
2018 5106 2259 5150 veterum
2287 5095 2463 5167 allatis
2513 5097 2854 5150 documentis
2890 5098 3097 5160 recitat,
3140 5111 3280 5163 prae-

1724 5175 1806 5235 ter
1830 5165 2173 5235 episcopatus
2213 5165 2306 5233 qui
2353 5168 2786 5235 nunc‘temporis
2838 5168 3013 5221 adhuc
3038 5174 3273 5235 exstant.

1724 5232 2063 5305 Quapropter
2096 5232 2466 5297 idem’auctor,
2498 5232 2938 5305 §48,coucludit
2970 5253 2983 5289 :
3022 5255 3040 5287 ι
3064 5234 3277 5305 Episco-

1724 5302 1871 5373 pales
1897 5302 2181 5359 cathedras
2236 5319 2344 5356 non
2378 5302 2539 5357 modo
2580 5307 2633 5357 in
2690 5304 2850 5359 claris
2885 5305 3020 5358 Latii
3060 5302 3121 5358 et,
3168 5302 3276 5357 Tu-

1725 5392 1850 5444 sciae
1880 5373 2269 5428 suburbicarize
2326 5374 2551 5427 urbibus
2598 5374 2837 5443 antiquis
2868 5376 3203 5444 temporibus
3243 5389 3274 5427 a

1728 5443 1987 5498 ltoinanis
2012 5444 2357 5512 pontificibus
2416 5445 2712 5508 institutas,
2762 5458 2923 5514 atque
2970 5443 3041 5499 ita
3070 5446 3277 5514 spissas

1724 5514 1959 5582 (fuisse),
1992 5520 2055 5584 ut
2079 5514 2240 5568 veluti
2266 5515 2407 5566 inter
2429 5528 2547 5567 sese
2574 5515 2960 5584 contingerent,
2995 5516 3087 5569 sed
3112 5515 3275 5568 etiam

1725 5585 1779 5636 in
1808 5586 2009 5638 nullius
2037 5582 2205 5654 ferme
2234 5584 2513 5651 dignitatis
2552 5582 2779 5653 oppidis“
2807 5586 3093 5654 episcopos
3121 5585 3278 5639 desti-

1724 5664 1881 5708 natos
1912 5693 1927 5707 .
1961 5694 1975 5707 .
2011 5691 2027 5706 .
2062 5652 2364 5723 fortasseiii
2412 5652 2771 5718 mirabuntur,
2823 5652 3023 5723 quibus
3069 5656 3277 5708 incom«

1723 5736 1872 5791 pcrta
1900 5734 2003 5795 est
2039 5725 2259 5791 antiqua
2289 5722 2542 5795 Ecclesiae
2595 5722 2877 5793 disciplina
2906 5727 2973 5781 de
3010 5726 3280 5795 episcopis

1724 5798 1779 5850 in
1815 5794 2042 5866 singulis
2095 5796 2318 5851 urbibus
2368 5794 2781 5861 constituendis,
2823 5811 2961 5868 quae,
3013 5794 3146 5865 pace
3180 5796 3279 5851 lic-

2974 5895 3047 5954 iis
