3826 6492
155 370 238 429 129

859 362 946 416 DE
987 361 1378 419 POBTUENSI
1420 365 1478 419 S.
1520 366 1886 422 HIPPOLYTI
1931 367 2124 422 SEDE.
2167 398 2234 405 —
2275 367 2460 423 PARS
2494 374 2532 424 1.

3224 366 3327 421 430

149 488 213 542 vel
239 483 642 554 chorepiseopum
680 481 964 538 Portucnsi
1001 483 1255 539 Ecclesia:
1290 500 1519 555 przccsse
1544 502 1651 540 non
1686 494 1724 549 Α
1759 488 1849 540 tali
1877 489 2097 543 nomine
2122 506 2397 560 nunquam
2422 492 2715 545 donasscnt
2739 489 2957 545 ethnici.
2984 488 3329 545 Tillemontio

146 578 356 651 potuisse,
384 572 810 629 manifestissime
861 576 1150 630 evincitur.
1183 576 1250 630 At
1284 576 1329 630 si
1377 578 1500 645 quis
1546 594 1651 631 uu-

145 684 270 737 quam
290 665 615 720 Tillemontio
638 665 739 734 (7),
760 664 1003 721 Adriano
1036 666 1261 722 Bailetto
1294 668 1397 739 (8).
1424 668 1653 723 Claudio

142 760 295 828 Fleury
324 758 413 827 (9),
438 765 489 811 et
517 754 763 828 Remigio
785 756 1059 811 Ceillierio
1091 758 1203 827 (10)
1231 759 1483 814 assentiri
1516 760 1653 814 mal-

143 854 211 917 let,
234 852 330 921 qui,
361 849 599 919 quamvis
648 848 830 918 quoad
876 847 1223 921 Hippolytttm
1272 851 1648 921 presbyterum

142 960 235 999 cum
263 940 519 995 Ruinartio
549 941 705 1010 plane
731 941 1100 1006 consentiant,
1134 950 1312 996 tamen
1339 942 1515 1011 ipsum
1543 958 1651 997 non

142 1035 434 1095 Portuensis,
486 1034 580 1089 sed
650 1033 907 1088 Romanas
959 1034 1218 1090 Ecclesiae
1274 1036 1650 1106 presbyterum

143 1126 463 1189 crediderunt;
500 1125 547 1179 is
577 1123 820 1193 profecto
865 1127 1003 1179 sciat
1030 1126 1339 1195 huiusmodi
1372 1127 1648 1195 conjectu-

141 1234 228 1272 ram
254 1234 278 1271 a
301 1217 513 1287 genuina
544 1216 868 1285 pientissimi
897 1226 1066 1285 poetae
1090 1227 1268 1271 mente
1300 1218 1458 1287 longe
1489 1219 1651 1273 nimis

139 1310 315 1363 abesse:
338 1307 653 1361 Prudentius
679 1307 824 1361 enim
854 1306 1199 1378 Hippolytum
1227 1324 1386 1363 suum
1410 1310 1461 1361 in
1484 1307 1649 1364 Portu

139 1401 333 1454 Romano
361 1401 561 1469 plebem
605 1400 859 1456 habuisse
887 1400 1038 1466 dicit,
1084 1401 1370 1470 ipsumque
1391 1417 1511 1456 eam
1548 1403 1652 1456 ibi-

138 1493 226 1547 dem
258 1494 599 1563 alloquentem
646 1493 853 1549 inducit
893 1508 1059 1563 supra
1108 1493 1342 1557 laudatis
1392 1496 1649 1550 carmini-

136 1587 213 1641 bus
238 1603 249 1636 :

187 1759 205 1789 ,ί
226 1759 237 1773 .
262 1760 274 1772 .
308 1761 319 1771 .
346 1718 551 1789 Fugite,
585 1736 614 1772 ο
646 1719 847 1784 miseri,
876 1719 1203 1773 exsecranda
1242 1716 1439 1789 Novati

184 1788 476 1853 Schismata;
511 1790 787 1844 catholicis
823 1790 1023 1843 reddite
1058 1805 1143 1843 vos
1170 1788 1397 1858 populis,
1430 1800 1533 1843 etc.
1676 1837 1718 1890 Β

133 1944 412 2015 Quapropter
459 1947 513 2000 in
567 1946 919 2002 convellenda
963 1946 1277 2016 hujusmodi
1333 1947 1646 2016 conjectura

134 2038 298 2104 longius
338 2039 637 2107 immorari,
672 2054 853 2109 Opera:
899 2039 1132 2108 pretium
1177 2038 1319 2092 haud
1350 2053 1471 2092 esse
1490 2038 1645 2091 duci-

133 2146 245 2193 mus;
273 2131 373 2184 sola
400 2132 542 2185 enitn
582 2130 857 2185 Prudentii
887 2131 1048 2184 verba
1096 2131 1229 2185 satis
1269 2146 1539 2205 superque
1569 2132 1646 2184 ei—

128 2223 217 2275 dem
244 2222 470 2278 falsitatis
504 2234 691 2277 notam
724 2224 969 2276 inttrunt.
1012 2224 1222 2277 Etenim
1256 2224 1379 2292 quis
1406 2238 1644 2294 unquam

130 2311 334 2369 Romana:
360 2315 614 2371 Ecclesiae
639 2316 1010 2386 presbyterum
1045 2333 1168 2371 eum
1212 2325 1321 2371 tota
1360 2317 1513 2387 plebe
1542 2316 1644 2371 sibi

128 2406 363 2460 commissa
399 2423 464 2461 ex
512 2406 647 2459 urbe
702 2406 755 2459 in
796 2405 1017 2460 Portum
1060 2417 1188 2462 tunc
1239 2409 1496 2477 temporis
1543 2406 1645 2460 mi-

127 2511 269 2563 grasse
293 2497 674 2551 arbitrabitur?
700 2497 835 2563 Quis
865 2496 1211 2571 Hippolytum
1250 2499 1509 2555 Romana:
1539 2500 1641 2553 Ec-

126 2587 264 2641 clesia!
311 2588 676 2658 presbyterum
735 2587 1110 2643 Christianum
1183 2591 1421 2645 fidelium
1482 2606 1644 2661 eaput

127 2678 268 2733 Roma
295 2680 389 2734 sub
412 2693 630 2733 summo
660 2680 911 2748 pontifice
933 2679 1367 2735 Christianorum
1399 2684 1640 2735 omnium

125 2781 296 2835 parente
323 2788 381 2826 ac
414 2772 661 2842 principe
690 2776 967 2829 exstitisse
993 2776 1330 2831 somniabit?
1353 2774 1463 2831 Nec
1490 2777 1644 2846 juvat

125 2862 308 2930 objieere
335 2864 685 2920 Prudentium
727 2868 1072 2921 sanctissima
1110 2868 1419 2937 bujusmodi
1465 2871 1642 2923 nomi-

124 2968 190 3018 na,
216 2964 443 3026 tanquam
486 2959 771 3027 gentilium
804 2974 898 3013 ore
947 2961 1177 3028 prolata,
1211 2959 1496 3031 Hippolyto
1543 2977 1643 3015 suo

122 3042 357 3109 indidisse;
386 3064 509 3102 nam
539 3050 757 3119 ipsimet
776 3051 977 3105 ethnici
1003 3051 1367 3106 hierarcbicos
1388 3052 1644 3107 Christia-

124 3152 272 3191 norum
311 3141 523 3195 ordines
572 3142 743 3210 probe
792 3152 1079 3208 noverunt,
1106 3152 1164 3196 ιιι
1193 3152 1339 3212 patet
1368 3160 1433 3198 ex
1470 3145 1641 3199 notis-
1670 3184 1709 3240 Ο

124 3229 225 3283 sitno
273 3231 355 3285 illo
404 3234 687 3287 Aureliani
746 3236 1087 3303 imperatoris
1137 3236 1432 3305 rescripto,
1492 3236 1639 3305 quod

123 3316 260 3374 laudat
286 3320 545 3378 Eusebius
583 3324 720 3391 (ll),
761 3331 815 3377 et
848 3339 914 3378 ex
960 3324 1149 3379 edictis
1188 3324 1462 3378 Maximini
1504 3325 1636 3394 (12),

126 3406 339 3466 Valeriani
375 3415 481 3483 (l5)
531 3424 586 3469 et
638 3416 953 3471 Diocletiani
1005 3417 1158 3486 (M),
1201 3418 1398 3486 quibus
1442 3418 1543 3486 ipsi
1585 3419 1638 3470 itt

120 3504 363 3572 episcopos,
394 3507 747 3577 presbyteros
787 3522 852 3561 ac
892 3507 1151 3562 diaconos
1184 3509 1365 3578 gladio
1396 3510 1639 3563 animad-

122 3596 223 3648 verti
261 3597 490 3664 jussere;
551 3598 782 3667 ideoque
837 3599 883 3653 si
948 3598 1267 3671 Hippolytus
1325 3600 1639 3655 Portuensis

121 3687 242 3750 plebis
275 3702 417 3758 caput
453 3707 644 3745 revera
693 3708 797 3744 non
844 3693 1161 3753 exstitisset.
1214 3693 1362 3746 illum
1397 3692 1637 3762 profecto

168 3843 228 3919 (7)
257 3844 399 3902 Tom.
432 3848 520 3909 Ill,
557 3864 682 3918 pag.
713 3848 838 3919 442,
870 3850 925 3900 in
940 3848 1094 3902 Saint
1115 3846 1406 3911 Corncille,
1428 3857 1481 3901 et
1512 3862 1633 3919 pag.

116 3910 337 3988 675,:note
362 3919 412 3982 4,
445 3936 541 3973 sur
558 3910 726 3972 'saint
750 3910 1050 3988 Hippolyte.

169 3985 228 4055 (8)
256 3986 398 4041 Tom.
432 3988 497 4052 ll,
528 3989 630 4041 Les
664 3989 775 4042 Vies
800 3985 890 4043 des
918 3985 1107 4051 saints,
1137 3996 1257 4039 χιιι·
1283 3987 1411 4055 jour
1430 3986 1632 4049 d‘aout,

116 4066 206 4127 pag.
236 4056 325 4111 165
366 4060 494 4113 edit.
533 4060 564 4113 ξι
603 4058 757 4113 Paris
778 4100 792 4124 ,
825 4076 916 4112 an.
946 4058 1123 4127 7l704.
1148 4056 1320 4127 Saint
1348 4055 1634 4127 Hippolyte

116 4125 253 4187 prétre
280 4129 499 4182 Homain
551 4144 758 4197 martyr
788 4130 817 4182 ξι
844 4126 993 4184 OStie
1034 4144 1104 4183 ou
1141 4126 1172 4181 ὲ
1206 4125 1389 4191 Porto,
1422 4125 1477 4181 et
1504 4125 1633 4197 jour

115 4186 218 4268 itu”
240 4197 423 4268 d‘aout,
450 4215 576 4268 pag.
612 4186 735 4253 ὖιίῖἶ.

166 4264 223 4329 (9)
262 4264 465 4337 Abrégé'
498 4264 563 4323 de
620 4270 877 4323 l‘histoire
929 4267 1353 4336 ecclésiastique,
1411 4275 1540 4337 tom.
1586 4266 1628 4329 Ι,

113 4342 193 4388 art.
216 4336 261 4401 5,
288 4349 363 4409 ttt'
393 4336 575 4403 Siécle,
624 4342 678 4392 in
732 4341 875 4393 saint
926 4338 1210 4409 Hippolyte
1232 4378 1246 4402 ,
1283 4353 1405 4408 pag.
1451 4336 1554 4389 ’526
1577 4347 1630 4391 et

112 4415 230 4479 seqq:
259 4408 379 4479 edit.
404 4409 435 4461 a
463 4409 725 4479 Cologttc,
757 4410 914 4463 1³751.

276 4476 423 4594 1803..
459 4479 501 4531 ιι
545 4474 662 4545 cui,
693 4496 812 4549 cap.
844 4480 934 4545 as,
966 4494 1086 4549 pag.
1122 4476 1257 4539 567,
1297 4476 1362 4531 de
1410 4476 1466 4530 S-
1501 4474 1628 4546 llip-
1664 4528 1706 4582 ο

451 4636 552 4685 vn,
578 4635 698 4689 cap.
733 4619 825 4676 50.
858 4635 979 4688 pag.
1007 4617 1131 4672 564,

167 4685 255 4755 (12)
285 4689 353 4744 De
381 4685 758 4759 persecutione
776 4685 1055 4742 Μειὶίιῇἰηὶ
1082 4685 1339 4759 legendus
1368 4685 1631 4742 Eusebius

110 4750 421 4839 Hitt.'eccle§.
456 4760 553 4814 lib.
577 4775 653 4827 vr,
686 4776 805 4829 cap.
839 4760 930 4841 28,
958 4775 1079 4881 pag.
1108 4750 1235 4811 295.
1374 4828 1383 4837 _

161 4824 252 4881 (151
285 4827 420 4881 Satis
444 4833 705 4881 nrobatur
735 4847 799 4881 ex
829 4839 985 4881 entst.
1066 4827 1099 4880 0
1136 4826 1191 4880 8.
1224 4825 1383 4881 Cvort

159 4824 252 4945 (l3)
285 4827 420 4885 Satis
444 4824 705 4900 probatur
735 4824 799 4884 ex
829 4824 985 4898 epist.
1030 4824 1099 4881 80
1136 4826 1191 4880 8.
1224 4825 1515 4897 Cypriani,
1539 4829 1630 4897 qui

176 4907 244 4945 ert
288 4902 568 4945 scrinsigse
616 4900 960 4945 Valerianum
1004 4898 1085 4945 ad-
1111 4906 1394 4945 senatum-
1429 4907 1487 4945 ut
1514 4900 1629 4945 oni--

112 4898 244 4969 refert
288 4898 568 4969 scripsisse
616 4900 960 4954 Valerianum
1004 4898 1085 4953 ad.
1111 4906 1487 4969 senatum,rut
1514 4900 1629 4967 cpi--

108 4968 239 5084 selopi,
267 4979 314 5021 et
361 4968 681 5041 presbyteri,
712 4982 765 5026 et
798 4971 1011 5025 diaconi
1034 4970 1086 5022 in
1122 4968 1421 5022 continenti
1452 4969 1631 5022 anim-

106 5046 127 5083 a
160 5049 427 5092 vertantur.

160 5052 427 5095 vertantur.

158 5104 251 5175 (14)
281 5108 557 5165 Summam
582 5110 741 5166 edicti
777 5126 806 5164 a
833 5108 1169 5165 Diocletiano
1197 5108 1433 5163 emanati
1467 5108 1631 5163 refert

107 5167 332 5251 Eusebius
356 5181 448 5235 lib.
478 5197 575 5235 vut
605 5181 677 5235 ιι.
707 5180 797 5243 Ε..
827 5195 945 5248 cap.
982 5180 1039 5245 Ξ,
1072 5194 1193 5249 pag.
1239 5178 1365 5251 576.
1398 5176 1631 5251 [λαριθιιτ

109 5248 268 5322 ltusﬂu
285 5252 374 5322 lib.
404 5250 481 5305 De
516 5261 663 5322 mort
706 5248 1113 5320 persecutorum,
1152 5264 1272 5322 cap.
1297 5248 1384 5322 15,
1412 5264 1533 5322 pag.
1559 5250 1629 5322 ‘27

105 5313 205 5389 edit.
244 5318 405 5375 Paris.
438 5323 571 5376 anni
616 5313 775 5386 1710,
806 5322 873 5375 de
908 5313 1281 5389 persecutione
1312 5313 1627 5372 Diocletiani

105 5386 238 5462 multa
287 5389 480 5456 habet,
530 5402 581 5446 et
641 5392 695 5445 in
753 5406 817 5447 ea
858 5386 1249 5459 coiitprehensos
1303 5388 1627 5459 presbyteros

106 5462 237 5509 etiam
266 5471 500 5516 enarrat.

157 5527 252 5597 (l5)
280 5528 562 5600 Legendus
606 5529 824 5585 Henric.
875 5528 1123 5583 Valesius
1168 5530 1220 5582 in
1266 5538 1377 5582 not.
1432 5529 1496 5581 ad
1533 5528 1625 5583 lib.

102 5604 236 5669 uytu
261 5601 532 5655 Amntiani
564 5601 879 5664 Marcellini,
910 5617 1029 5669 pag.
1055 5602 1179 5666 526,
1208 5610 1329 5652 nota
1355 5618 1404 5663 c,
1436 5602 1521 5652 ed.

103 5664 488 5801 Ριξζίιξὶῖἓειεηδ.
520 5673 734 5742 discept.
781 5676 843 5725 de
874 5664 1126 5733 basilicis,
1165 5664 1301 5741 part.
1337 5688 1395 5736 tt,
1424 5685 1544 5738 cap.
1570 5668 1625 5735 2,

156 5750 197 5793 ιζ.
220 5750 332 5793 116.

156 5806 249 5873 U7)
279 5809 349 5863 Ita
389 5809 652 5868 habemus
702 5812 753 5866 in
792 5812 960 5881 ipsius
1004 5812 1185 5879 Actis,
1221 5811 1402 5865 relatis
1433 5824 1460 5864 a
1496 5810 1618 5864 ltui-

1757 579 1988 649 dcnique
2039 581 2171 633 nihil
2219 583 2473 650 prodesse
2522 591 2696 649 potest
2751 583 3133 651 antiquissima
3180 592 3328 638 vete-

1757 685 1878 723 rttm
1915 671 2027 743 (15)
2064 674 2431 726 Romanorum
2465 675 2824 733 consuetudo,
2857 675 2908 727 in
2938 690 3168 742 quorum
3206 690 3332 743 pro-

1756 761 1950 815 vinciis
1985 762 2062 815 rei
2109 773 2259 816 extra
2299 764 2579 818 civitatum
2630 765 2894 834 pomoeria
2944 774 3186 820 extremo
3217 766 3329 820 alli«

1756 851 2037 904 ciebantur
2092 853 2392 921 supplicio,
2427 864 2484 907 ut
2512 869 2579 908 ex
2623 870 2688 909 ea
2736 848 3111 924 argumentari
3151 857 3325 918 liceat,

1757 938 2104 1011 Hippolytum
2138 942 2465 1009 Romanum,
2497 953 2557 997 ut
2588 945 2771 1008 aiunt,
2795 945 3190 1014 presbyterum,
3230 948 3330 1000 hac

1754 1032 1820 1085 de
1850 1048 2015 1087 causa
2043 1046 2193 1088 extra
2230 1033 2427 1090 Urbem
2464 1038 2789 1101 adductum,
2836 1047 2889 1091 et
2933 1038 2985 1090 in
3019 1036 3183 1091 Portu
3221 1036 3328 1090 Ro-

1757 1138 1920 1176 mano
1958 1125 2218 1196 martyrio
2246 1124 2413 1181 fuisse
2448 1137 2767 1182 coronatum
2794 1144 2807 1191 ;
2840 1144 2986 1191 nam,
3019 1139 3076 1182 ut
3116 1128 3328 1198 egregie

1754 1230 1855 1269 nos
1898 1215 2111 1269 monuit
2163 1217 2245 1270 vir
2290 1217 2640 1272 doctissimus
2680 1216 2931 1273 Valesius
2962 1219 3095 1288 (l6),
3139 1219 3329 1289 hujus»

1754 1305 1895 1357 ntodi
1922 1308 2369 1362 consuetudinem
2406 1324 2512 1361 non
2562 1324 2794 1378 semper,
2834 1310 2977 1379 quod
3014 1309 3079 1363 ad
3107 1321 3325 1364 sanctos

1750 1395 1952 1450 Christi
2003 1407 2267 1469 martyres
2330 1400 2553 1463 attinet,
2602 1400 2790 1453 eodem
2844 1410 3003 1469 pacto
3057 1409 3324 1455 servatam

1750 1485 1918 1542 fuisse
1946 1488 2233 1542 dicendum
2269 1498 2383 1552 est,
2418 1491 2489 1543 ita
2527 1499 2585 1543 ut
2616 1507 2827 1560 semper
2867 1492 2917 1545 in
2949 1492 3327 1547 sanctissimos

1750 1581 1944 1634 heroas
1988 1592 2137 1635 extra
2191 1579 2349 1635 Urbis
2396 1583 2655 1651 pomoeria
2694 1583 2938 1637 saevitum
2969 1582 3145 1637 fuerit.
3181 1584 3326 1649 Qua-

1748 1682 1967 1740 propter
2021 1681 2075 1726 et
2120 1673 2377 1740 temporis
2422 1688 2533 1742 quo
2580 1673 2678 1743 ipsi
2722 1674 2901 1742 passi,
2940 1682 2992 1728 et
3033 1675 3326 1744 supplicio-

1750 1779 1869 1816 rum
1917 1765 2115 1833 quibus
2164 1764 2337 1817 affeeti
2385 1765 2636 1828 fuerunt,
2690 1768 2953 1821 rationem
3015 1766 3317 1821 habendam

1748 1865 1891 1909 recte
1948 1866 2131 1909 monet
2184 1855 2452 1921 Valesius,
2499 1866 2557 1911 ut
2591 1859 2784 1913 exinde
2838 1859 3155 1928 passionum
3204 1859 3322 1913 loca

1748 1956 1866 2000 tuto
1920 1946 2165 2016 dignosci
2221 1942 2451 2016 possunt.
2502 1946 2711 2002 Etenim
2764 1950 2832 2015 ii,
2882 1950 2974 2019 qui
3026 1960 3320 2019 praetorum

1748 2040 2013 2095 sententia
2048 2040 2225 2109 gladio
2262 2042 2645 2105 animadversi,
2698 2042 2780 2095 vel
2816 2042 2868 2094 in
2916 2058 3130 2095 erucem
3178 2042 3321 2108 acti,

1747 2134 1831 2187 vel
1859 2132 1981 2201 igne
2017 2132 2281 2196 damnati,
2320 2134 2401 2186 vel
2434 2134 2650 2188 demum
2687 2134 2954 2204 lapidibus
2986 2136 3165 2189 obruti
3200 2135 3318 2190 fue-

1747 2240 1837 2289 re;
1880 2225 1911 2277 ii
1962 2240 2093 2278 sane
2137 2234 2287 2278 extra
2338 2222 2496 2278 Urbis
2535 2226 2733 2279 muenia
2776 2227 3017 2296 martyrii
3062 2242 3317 2280 coronam

1748 2327 1869 2369 sunt
1898 2316 2096 2385 adepti,
2120 2316 2597 2385 quemadmodum,
2629 2326 2687 2370 ut
2712 2317 2777 2370 de
2804 2317 3013 2371 creteris
3037 2317 3317 2380 sileamus,

1748 2406 1806 2462 8.
1837 2408 2142 2479 Cyprianus
2164 2419 2315 2461 extra
2345 2407 2695 2476 Carthaginis
2724 2424 2911 2462 tnuros
2942 2408 2997 2460 in
3021 2424 3147 2477 agro
3169 2404 3317 2461 Sexti

1745 2501 1921 2569 capite
1955 2501 2143 2570 plexus
2198 2500 2301 2555 fuit
2346 2501 2482 2570 (l7),
2529 2510 2581 2554 et
2613 2498 3005 2569 Lugdunenses
3052 2509 3317 2571 martyres

1744 2592 2010 2646 Athanaci
2055 2591 2166 2657 (18)
2199 2592 2523 2655 occubuere,
2574 2600 2627 2646 et
2676 2590 2733 2644 8.
2781 2589 3113 2661 Polycarpus
3163 2600 3315 2645 extra

1747 2683 2147 2753 Smyrnae-orum
2208 2685 2475 2754 pomoeria
2525 2683 2650 2754 igne
2684 2682 2784 2736 fuit
2824 2684 3146 2751 absumptus
3181 2683 3309 2752 (l9).

1745 2774 1783 2829 li
1816 2792 1976 2837 vero,
2004 2778 2096 2847 qui
2150 2778 2216 2831 ad
2265 2777 2469 2830 bestias
2519 2776 2782 2838 damnati,
2814 2775 2896 2829 vel
2941 2776 3183 2844 quolibet
3207 2774 3316 2828 alio

1746 2867 2058 2936 hujusmodi
2106 2869 2372 2938 supplicio
2417 2866 2663 2921 dilaniati
2701 2866 2886 2931 fuere,
2924 2866 2975 2920 hi
3023 2866 3076 2920 in
3122 2868 3317 2921 mediis

1746 2960 1972 3014 urbibus
2003 2970 2313 3029 cunctoque
2346 2967 2624 3028 spectante
2654 2959 2854 3029 populo
2890 2960 2943 3012 in
2978 2958 3317 3037 amphithea-

1746 3051 1863 3115 tr's,
1890 3052 1943 3104 in
1973 3052 2104 3121 ipsis
2131 3052 2406 3107 Caesarum
2438 3050 2708 3104 natalibus
2732 3050 3049 3119 martyrium
3078 3050 3315 3117 plerum-

1745 3160 1850 3214 que
1896 3152 2416 3199 consummaverunt
2463 3143 2599 3213 (20).
2650 3140 2759 3196 Eos
2798 3142 3063 3211 denique,
3097 3144 3188 3211 qui
3225 3158 3314 3196 re-

1748 3235 1967 3303 pentino
1998 3235 2139 3303 vulgi
2175 3248 2237 3287 ac
2271 3233 2561 3302 pra-sidum
2592 3233 2773 3286 furore
2797 3232 3041 3301 oppressi
3072 3230 3312 3293 fuerunt,

1746 3327 1801 3379 in
1844 3326 1975 3394 ipsis
2007 3326 2234 3378 urbilnts
2268 3340 2375 3377 non
2416 3337 2541 3377 raro
2573 3332 2835 3377 mactatos
2876 3320 3043 3377 fuisse
3076 3328 3310 3384 constat,

1743 3418 2201 3487 quemadmodum
2252 3415 2694 3470 Nicomedienses
2746 3424 3045 3484 martyres,
3080 3429 3217 3482 quos
3252 3428 3311 3468 se

1743 3517 2005 3578 praesente
2053 3508 2299 3561 comburi
2347 3507 2514 3576 jussit
2572 3506 2971 3571 Diocletianus,
3026 3504 3311 3559 Lactantio

1743 3608 1879 3654 teste
1913 3600 2045 3667 (21).
2073 3597 2150 3651 Ex
2178 3598 2467 3667 postremis
2502 3598 2588 3652 his
2614 3613 2754 3651 unus
2788 3596 3031 3666 profecto
3059 3596 3160 3650 fuit
3182 3595 3311 3666 Hip-

1742 3692 1978 3762 polytus,
2014 3706 2172 3760 quem
2206 3690 2503 3759 improviso
2536 3689 2762 3743 rectoris
2789 3699 2837 3741 et
2872 3688 3015 3757 vulgi
3046 3686 3227 3742 furore
3254 3689 3308 3742 itt

1740 3849 1920 3902 nartio
1947 3848 2063 3900 Act.
2094 3860 2314 3915 martyr.
2343 3863 2463 3916 pag.
2496 3846 2618 3908 189,
2646 3861 2797 3899 num.
2824 3846 2857 3899 5
2888 3864 2901 3899 :
2931 3864 2949 3896 ι
2987 3844 3051 3898 Et
3073 3846 3143 3897 ita
3168 3844 3306 3899 idem

1737 3919 2040 3989 Cyprianus
2066 3918 2143 3989 (in
2189 3932 2373 3987 agrum
2420 3916 2567 3989 Sexti
2601 3916 2892 3989 perductus
2926 3924 3029 3979 est,
3068 3923 3120 3968 et
3146 3916 3219 3989 ibi
3250 3934 3310 3989 se

1737 3986 1955 4042 lacerna
1988 3999 2042 4042 et
2062 3986 2594 4058 byrro’exspoliavit,
2627 3996 2681 4040 et
2704 4001 2843 4053 genu
2875 3986 2931 4039 in
2962 3995 3107 4039 terra
3139 3986 3307 4049 flexit,

1735 4068 1790 4113 et
1825 4059 1876 4111 in
1904 4056 2206 4112 orationem
2237 4072 2294 4111 se
2316 4056 2545 4111 Domino
2573 4058 2883 4125 prostravit.
2917 4074 2936 4107 ι

1807 4128 1917 4197 (18)
1951 4127 2337 4182 Perlustranda
2369 4137 2496 4197 sunt
2521 4123 2643 4197 quae
2663 4126 2927 4197 Eusebius
2953 4123 3095 4179 lib.v
3121 4123 3192 4179 Η.
3217 4124 3307 4197 β..

1735 4195 1855 4268 cap.
1892 4198 1944 4261 1,
1977 4199 2045 4268 de
2090 4197 2421 4267 martyribus
2458 4195 3183 4268 Lugdunensib‘usscripsit.
3215 4195 3311 4250 Le—

1733 4265 1939 4336 geitdus
1986 4265 2305 4321 Ruinartius
2345 4268 2462 4321 Act.
2498 4274 2743 4334 martyr.,
2772 4280 2890 4335 pag.
2928 4265 2997 4319 52
3029 4274 3083 4318 et
3130 4281 3307 4335 seqq.,

1732 4340 1825 4406 qui
1858 4340 2109 4392 observat
2146 4338 2409 4391 celebrem
2439 4337 2599 4389 etiam
2629 4351 2748 4389 esse
2772 4337 2949 4389 locum
2976 4336 3307 4390 Athanacuut

1734 4410 2081 4477 appellatum,
2112 4407 2203 4461 ubi
2235 4408 2382 4477 passi
2427 4406 2683 4460 dicuntur
2717 4407 2751 4458 ii
2787 4415 3073 4476 martyres,
3111 4421 3140 4458 a
3174 4422 3306 4476 quo,

1736 4476 1915 4532 ut’ait
1956 4477 2249 4547 Gregorius
2281 4476 2639 4541 Turonensis,
2674 4485 2937 4529 vocantur
2961 4491 2991 4529 a
3028 4477 3307 4530 nonnullis

1737 4558 1993 4619 martyres
2029 4548 2435 4619 Athanacenses.

1803 4615 1918 4697 (lg)
1945 4617 2247 4697 Adeundus
2284 4616 2751 4697 RuinartiusAct.
2794 4626 3015 4697 martyr.
3056 4630 3177 4695 pag,
3216 4615 3305 4697 53,

1733 4684 1824 4758 ubi
1859 4684 2115 4742 Ecclesia:
2155 4686 2503 4758 Smyrnensis
2535 4686 2822 4756 epistolam
2862 4684 3217 4755 demat-tyrio
3246 4684 3304 4739 S.

1732 4756 2014 4826 Polycarpi
2045 4756 2303 4826 seriptain
2332 4756 2517 4811 refert.

1804 4824 1916 4898 (ἳο)
1940 4824 2433 4896 Horum—exempla
2463 4828 2616 4898 plura
2658 4827 2926 4882 habentur
2956 4825 3102 4898 apud
3131 4824 3305 4898 Auto-

1734 4895 2230 4953 niu‘m’Gallouium
2282 4895 2507 4951 inlibro
2533 4897 2606 4950 De
2637 4908 2928 4967 martyrum
2958 4895 3304 4967 cruciatibus,

1734 4968 1918 5022 multis
1948 4970 2001 5022 in
2034 4969 2186 5032 locis,
2211 4976 2264 5021 et
2291 4969 2590 5037 praesertim
2618 4966 2835 5037 quando
2859 4966 2983 5037 agit
3002 4966 3068 5017 de
3101 4974 3304 5034 marty—

1731 5040 1885 5092 ribus
1912 5039 1977 5092 ad
2016 5039 2218 5093 bestias
2250 5035 2543 5099 damnatis,
2574 5053 2623 5105 p.
2658 5036 2767 5091 457
2805 5038 2929 5090 edit.
2959 5035 3303 5104 Autwerpzae,

1733 5109 1862 5162 anni
1894 5108 2052 5163 1668.
2080 5108 2155 5163 De
2199 5109 2363 5160 natali
2420 5106 2694 5160 Caesarum
2741 5108 2847 5170 die,
2888 5122 2997 5174 quo
3041 5114 3305 5173 martyres

1731 5178 2070 5233 necabantur
2092 5220 2107 5244 ,
2154 5178 2408 5246 frequens
2442 5191 2622 5230 sermo
2652 5177 2891 5229 ocrurrit
2914 5175 3147 5246 intactis
3179 5190 3305 5227 sau-

1730 5257 1942 5303 ctorum
1973 5244 2294 5319 martyrum,
2327 5258 2377 5299 et
2409 5246 2682 5319 praecipue,
2708 5247 2758 5299 in
2790 5247 2940 5319 Actis
3104 5244 3305 5311 Perpe-

1731 5329 1837 5373 tua:
1862 5328 1917 5374 et
1951 5317 2266 5380 Felicitatis,
2306 5318 2489 5371 relatis
2524 5333 2557 5370 a
2586 5317 2871 5369 liuinartio
2918 5318 2970 5368 in
3012 5318 3121 5366 Act.
3159 5330 3303 5366 mar—

1732 5398 1861 5459 tyr.,
1894 5404 2013 5459 pag.
2049 5389 2137 5453 85,
2166 5389 2255 5441 ubi
2292 5386 2433 5459 Geta:
2466 5386 2695 5459 Caesaris
2733 5386 2926 5459 natalis
2959 5384 3301 5453 exprimitur,

1732 5456 1926 5529 nempe
1969 5456 2098 5512 'dies
2163 5474 2273 5529 quo
2322 5457 2503 5512 Caesar
2562 5456 2740 5512 factus
2793 5456 3000 5520 fueratI
3049 5464 3107 5507 ut
3161 5463 3303 5508 recte

1733 5528 2049 5583 Huinartius
2078 5528 2278 5582 monet.

1802 5598 1915 5670 (21)
1946 5600 2063 5653 Lib.
2096 5599 2169 5652 De
2206 5597 2457 5670 mortibus
2500 5608 2843 5667 persecutor.,
2873 5595 2901 5667 §
2928 5595 3025 5656 14,
3060 5610 3179 5663 pag.
3207 5592 3300 5670 25.

1730 5666 1827 5723 citi
1858 5666 1986 5723 edit.
2021 5688 2040 5720 ι
2077 5670 2159 5722 Ira
2194 5666 2605 5737 (Diocletianus)
2642 5666 3027 5732 inflammatus,
3055 5666 3305 5737 excarni-

1731 5741 1881 5794 ficari
1909 5754 2100 5793 omnes
2130 5755 2260 5794 suos
2306 5741 2553 5809 protinus
2590 5736 2868 5808 prmcepit.
2901 5737 3134 5792 Sedebat
3166 5736 3305 5803 ipse,

1731 5818 1894 5883 atque
1926 5810 2242 5866 innocentes
2274 5811 2395 5881 igne
2428 5810 2687 5864 torrebat.
2720 5827 2739 5859 ι
