3826 6508
459 410 571 466 451

1245 406 1332 460 DE
1370 403 1759 461 PORTUENSI
1801 404 1858 459 S.
1903 401 2262 459 HlPPOLYTl
2305 400 2498 456 SEDE.
2541 433 2607 440 —-
2646 399 2826 454 PARS
2856 399 2896 454 l.
3097 369 3100 372 2
3577 397 3670 452 452

467 527 634 582 Portu
682 523 924 579 Romano
972 519 1231 591 martyrio
1263 528 1583 575 coronatum
1616 519 2032 590 elegantissimis
2061 523 2103 580 Α
2133 517 2272 572 ratio
2319 514 2546 570 suadere
2589 513 2878 575 videretur,
2925 510 3067 581 quod
3106 519 3158 566 et
3197 508 3461 582 Hippolyti
3495 511 3666 564 memi-

471 621 554 674 his
589 617 924 673 carminibus
958 623 1184 669 testatur
1215 613 1542 666 Prudentius
1565 611 1676 681 (22)
1704 628 1717 663 :

545 732 644 786 His
672 732 761 784 ubi
785 731 1004 782 detorsit
1031 729 1159 782 λα’ιό
1185 727 1248 779 de
1279 725 1486 778 tramite
1522 723 1739 793 plebem,

613 802 1024 869 illonstravitque
1054 799 1217 868 sequi,
1247 812 1351 869 qua
1381 795 1463 869 via
1492 795 1892 869 destravocal;

540 871 704 941 Seque
737 873 918 923 ducem
941 863 1076 941 "recti
1110 863 1298 941 spretis
1325 864 1655 933 anfractibus
1688 863 1824 916 idem

611 936 866 1000 Praebuit,
891 940 1085 992 erroris
1108 938 1196 1006 qui
1217 936 1362 1006 prius
1391 943 1578 1006 auctor
1604 941 1754 995 erat;

541 1009 760 1066 Sistitur
791 1012 974 1063 insano
1001 1003 1224 1070 rectori,
1245 1003 1589 1060 Christicolas
1616 1013 1737 1055 tunc

611 1082 764 1136 Ostia
793 1082 1023 1141 vexanti,
1055 1094 1146 1144 per
1175 1076 1416 1129 Tiberina
1445 1075 1602 1144 viros,

539 1151 644 1204 Illo
675 1165 895 1218 namque
932 1150 1016 1202 die
1045 1142 1211 1200 Roma
1247 1153 1547 1206 secesserat,
1580 1142 1719 1218 ipsos

609 1222 762 1275 Peste
787 1212 1111 1272 suburbanos
1135 1227 1191 1270 ut
1223 1224 1454 1286 quateret
1482 1212 1698 1282 populos
1723 1227 1742 1286 ξ

540 1291 658 1345 Non
694 1299 963 1345 contentus
993 1290 1206 1341 humum
1234 1279 1384 1339 'celsa
1423 1279 1565 1338 intra
1595 1282 1785 1335 mantia
1817 1279 1996 1334 Roma:

612 1362 867 1430 Tingucre
888 1361 1159 1430 justorum
1189 1357 1418 1430 aedibus
1443 1351 1695 1430 assiduis.

534 1422 845 1484 Janiculum
886 1422 1003 1482 cum
1040 1428 1156 1496 jam
1203 1425 1493 1491 madidum,
1525 1422 1662 1492 fora,
1708 1431 1900 1496 (ostra,
1941 1437 2032 1474 su-

1726 1493 1962 1562 [burram

604 1570 845 1624 Cernere!
871 1568 1034 1622 eluvie
1057 1566 1328 1635 sanguinis
1356 1564 1592 1635 afﬂuere;

537 1641 838 1696 Protulerat
871 1639 1068 1691 rabiem
1103 1634 1356 1706 Tyrrheni
1385 1639 1452 1706 ad
1483 1634 1679 1706 littoris
1712 1648 1883 1706 oram,

608 1711 835 1779 Qquuc
863 1710 978 1762 loca
1003 1703 1270 1777 a'quoreus
1299 1705 1542 1773 proxima
1566 1703 1760 1756 Portus
1788 1703 1957 1754 habet.

466 1803 601 1856 Cum
655 1801 818 1872 igitur
865 1799 1192 1854 Prudentius
1239 1795 1583 1868 Hippolytum
1624 1809 1785 1849 suum
1825 1808 1932 1846 non
1966 1807 2031 1845 ex

2137 607 2281 661 nisse
2303 605 2612 671 debuerint,
2645 619 2806 675 quem
2832 605 3044 669 eodem,
3075 617 3184 671 quo
3211 601 3327 667 isti,
3355 601 3518 656 ferme
3551 611 3673 656 tem-

2136 713 2263 767 pore
2290 695 2648 752 Novatianum
2690 696 2976 766 reliquisse
3010 697 3217 750 dicunt.
3261 693 3367 748 Sed
3393 693 3536 748 hunc
3567 691 3677 762 Hip-

2135 785 2374 854 polytum
2403 785 2502 840 sub
2528 785 2687 840 finem
2723 785 2850 840 anni
2883 785 2984 839 251
3015 784 3256 838 nondum
3280 783 3570 852 resipuisse
3596 798 3678 852 pa-

2135 884 2212 929 tet
2241 890 2306 929 ex
2329 876 2554 946 epistola
2583 875 2643 932 S.
2669 874 2908 930 Cornelii
2934 873 3000 928 ad
3029 873 3251 929 Fabium
3276 874 3674 936 Antiochenam,

2134 981 2298 1034 quam
2325 965 2541 1020 labente
2569 965 2672 1020 hoc
2704 980 2848 1019 anno
2874 965 3130 1035 scriptam
3159 965 3353 1019 docent
3383 964 3528 1018 docti
3553 962 3675 1027 viri;

2135 1055 2188 1108 in
2231 1056 2319 1110 illa
2348 1055 2491 1110 enim
2531 1055 2588 1110 S.
2620 1055 2864 1126 pontifex
2904 1055 3150 1111 disertim
3191 1064 3421 1110 testatur
3448 1054 3679 1108 beatissi-

2138 1161 2286 1200 mum
2321 1155 2614 1216 martyrem
2644 1145 2908 1218 Moysem,
2942 1146 3037 1216 qui
3066 1145 3254 1224 Romae
3301 1160 3472 1215 nuper
3498 1145 3680 1199 eximio

2135 1247 2188 1291 et
2217 1237 2522 1291 admirabili
2543 1238 2799 1309 martyrio
2817 1237 3106 1293 decoratus
3123 1235 3318 1300 fuerat,
3335 1234 3678 1290 Novatianum

2136 1342 2243 1381 una
2277 1343 2401 1381 cum
2436 1328 2674 1398 quinque
2705 1328 3034 1400 presbyteris
3080 1329 3165 1384 sui
3193 1329 3411 1384 sceleris
3439 1327 3680 1394 consciis,

2140 1416 2398 1470 societate
2425 1423 2478 1469 ct
2508 1417 2890 1472 communione
2919 1418 3001 1473 sui
3021 1432 3302 1488 separasse
3329 1417 3463 1487 (24).
3487 1416 3682 1488 Moyses

2135 1508 2237 1561 sub
2292 1509 2451 1561 finem
2505 1507 2634 1561 anni
2685 1507 2786 1562 25l
2840 1510 3098 1579 martyrio
3145 1517 3443 1562 coronatus
3491 1507 3608 1574 fuit,
3637 1519 3684 1562 et

2135 1598 2296 1668 paulo
2344 1607 2465 1668 post
2515 1599 2687 1669 ipsius
2736 1601 3045 1669 passionem
3099 1599 3157 1654 S.
3201 1597 3491 1654 Cornelius
3538 1614 3682 1668 supra

2135 1691 2408 1745 laudatam
2459 1691 2743 1760 epistolam
2798 1692 2964 1746 dedit.
3025 1690 3227 1746 Eodem
3280 1689 3397 1746 fere
3461 1698 3684 1759 tempore

2136 1783 2275 1838 idem
2325 1781 2382 1836 S.
2429 1781 2670 1853 pontifex
2715 1782 2830 1854 (25)
2865 1781 2922 1839 S.
2967 1781 3300 1854 Cyprianum
3343 1798 3445 1853 per
3495 1782 3683 1837 litteras

470 1895 615 1950 Urbe
659 1871 978 1958 adductum,
1010 1893 1101 1947 sed
1153 1890 1205 1944 in
1254 1889 1421 1943 Porta
1458 1886 1724 1952 Romano,
1755 1885 1884 1940 dum
1918 1885 2030 1953 ple-
2063 1871 2101 1924 Β
2131 1876 2414 1930 certiorem
2460 1875 2694 1930 reddidit
2723 1876 2790 1930 de
2831 1874 3159 1946 presbyteris
3196 1883 3251 1928 et
3291 1874 3684 1930 confessoribus

467 1989 587 2043 hem
643 1987 1041 2056 alloquebatur,
1097 1997 1417 2052 oppressura
1467 1979 1649 2045 dicat;
1709 1992 1870 2032 nemo
1921 1991 2028 2030 non

468 2081 611 2134 videt
644 2080 820 2148 ipsum
852 2092 961 2130 non
990 2076 1042 2128 in
1075 2071 1244 2138 Urbe,
1275 2071 1367 2128 sed
1410 2073 1463 2126 in
1501 2071 1664 2125 Portu
1695 2070 1905 2140 plebem
1935 2069 2036 2122 ha-

465 2171 670 2231 buisse,
723 2184 788 2224 ac
835 2167 1056 2228 ibidem,
1106 2165 1190 2218 vel
1225 2165 1278 2218 in
1325 2163 1468 2218 illius
1503 2161 1717 2216 viciniis
1757 2159 2030 2215 horrendo

466 2265 557 2318 illo
601 2261 844 2333 martyrii
894 2275 1089 2333 genere
1133 2258 1343 2326 fortiter
1372 2255 1714 2311 occubuisse.
1747 2253 1956 2308 Etenim
1984 2253 2028 2307 si

467 2355 785 2425 Hippolytus
841 2352 1102 2406 Romanae
1155 2349 1411 2404 Ecclesiae
1464 2347 1744 2417 presbyter
1789 2359 2029 2413 unquam

463 2447 784 2509 exsritisset,
835 2458 945 2512 quo
989 2443 1110 2512 jure
1156 2442 1209 2494 in
1252 2437 1535 2492 Portuensi
1579 2434 1840 2501 Ecclesia,
1865 2449 2030 2504 quam

466 2554 625 2592 suum
659 2546 788 2590 tunc
821 2535 1079 2603 temporis
1104 2532 1418 2601 episcopum
1454 2527 1709 2582 habuisse
1733 2527 2028 2586 credimus,

465 2629 580 2698 ipse
608 2625 819 2695 plebem
859 2623 1057 2676 docere
1093 2619 1294 2688 potuit;
1328 2632 1451 2672 cum
1499 2627 1744 2671 veterum
1777 2613 2032 2670 Ecclesia:

466 2729 738 2770 canonum
793 2712 1074 2767 sanctione
1125 2707 1325 2763 exteris
1372 2704 1700 2776 presbyteris
1755 2704 1809 2758 in
1855 2702 2030 2757 aliena

467 2806 748 2878 parochia,
773 2820 841 2857 ex
870 2802 959 2868 iis,
989 2817 1110 2870 quae
1141 2800 1204 2854 ad
1235 2798 1532 2853 Ecclesiam
1565 2797 1853 2868 pertinent,
1879 2794 2032 2864 quid-

466 2914 629 2970 quam
664 2911 923 2968 peragere
958 2895 1178 2948 vetitum
1210 2891 1375 2946 fuisse
1406 2903 1597 2944 omnes
1634 2887 1844 2943 sciant?
1881 2886 2030 2940 Tan-

466 2990 588 3045 dem
634 3004 757 3044 cum
809 2985 1080 3057 Hippolyti
1130 2983 1424 3048 Romana,
1472 2990 1534 3035 ut
1573 2980 1744 3046 aiunt,
1775 2978 2029 3034 Ecclesia).

465 3079 766 3155 presbyteri
805 3079 946 3132 haud
979 3075 1322 3130 meminerint
1361 3073 1418 3128 S.
1451 3073 1777 3143 Cyprianus,
1803 3069 1860 3124 S.
1885 3069 2021 3124 (Ζοι-⁸

467 3175 640 3229 nelius
689 3182 742 3226 et
783 3171 842 3227 S.
879 3169 1144 3224 Pacianus
1194 3165 1631 3228 Barcinonensis,
1674 3177 1741 3217 ex
1790 3177 2024 3232 quorum
2056 3203 2098 3258 ϐ

466 3265 685 3333 scriptis
710 3262 1137 3316 Novatianorum
1177 3274 1264 3313 res
1311 3267 1489 3327 gestas
1517 3271 1710 3311 eruere
1742 3269 1842 3309 nos
1867 3269 2030 3324 Opor-

452 3363 576 3420 'tet;
605 3369 710 3408 non
739 3353 871 3407 levis
914 3352 1037 3405 inde
1081 3350 1254 3404 oritur
1293 3347 1552 3422 suspicio,
1585 3346 1729 3416 quod
1761 3346 2028 3415 praecipua

468 3448 584 3501 haec
612 3449 895 3500 doctorum
923 3446 1165 3497 virorum
1190 3443 1255 3497 de
1289 3440 1572 3511 Hippolyto
1615 3439 1882 3494 sententia
1907 3438 2028 3492 lalsi

466 3538 602 3592 vitio
626 3551 969 3604 summopere
1003 3535 1229 3588 laboret.
1262 3532 1298 3584 li
1339 3533 1506 3595 enim,
1533 3547 1654 3586 cum
1687 3529 2027 3600 Hippolytum

467 3643 629 3681 suum
663 3627 714 3680 in
745 3627 877 3694 ipsis
906 3624 1337 3679 Novatianorum
1367 3621 1626 3686 exordiis,
1659 3626 1759 3676 hoc
1785 3630 1867 3676 est
1888 3636 2031 3674 anno

469 3718 671 3773 Christi
714 3717 841 3781 252,
891 3716 955 3769 ad
1008 3715 1301 3770 Eeclesiam
1357 3713 1583 3767 rediisse
1621 3711 1822 3770 dicant.
1870 3720 2032 3780 atque

469 3827 683 3874 omnes,
711 3810 803 3878 qui
855 3808 940 3864 his
974 3808 1278 3877 praesertim
1309 3806 1642 3874 temporibus
1671 3802 1862 3858 Novati
1887 3802 2032 3857 schi-

471 3917 587 3958 sma
623 3901 930 3969 ejurarunt,
973 3914 1002 3952 a
1043 3897 1313 3968 praedictis
1339 3895 1592 3950 Patribus
1621 3892 2032 3948 accuratissime

466 3994 782 4049 iudicentur
823 3990 960 4059 (25),
995 3989 1283 4058 episcopus
1323 4000 1515 4055 nempe
1547 3983 1635 4038 ille
1659 3982 1751 4053 qui
1780 3980 2032 4035 Novatia-

470 4096 602 4135 num
640 4079 880 4144 inunxit,
921 4077 1188 4130 Maximus
1227 4074 1526 4145 presbyter,
1572 4071 1842 4136 Urbanus,
1874 4069 2034 4125 Sido-

470 4173 618 4239 nius,
643 4170 923 4226 Celerinus
945 4177 999 4224 et
1034 4165 1298 4223 Macarius
1323 4165 1699 4232 confessores;
1733 4173 1880 4220 recta
1905 4163 2035 4220 hinc

545 4371 655 4441 (22)
687 4369 882 4442 Hymn.
922 4370 1109 4442 eodem
1131 4370 1222 4442 11,
1252 4385 1303 4422 v.
1334 4368 1403 4423 55
1429 4377 1482 4423 et
1517 4382 1696 4436 seqq.,
1731 4367 1872 4437 apud
1903 4364 2036 4420 Rui-

476 4439 615 4496 nart.
641 4439 753 4496 loe'.
786 4441 903 4505 cit.,
930 4456 1053 4511 pag.
1084 4439 1205 4493 145.
1364 4509 1373 4511 _
1545 4507 1556 4511 _
1591 4504 1610 4511 _,

544 4513 656 4576 (23)
687 4512 744 4565 S.
776 4503 1062 4565 Cornelius
1087 4511 1139 4563 in
1172 4524 1269 4562 sua
1293 4509 1450 4577 epist.
1493 4507 1557 4559 ad
1589 4503 1813 4562 Fabium
1845 4508 2034 4561 Antio-

2133 1969 2200 2023 ad
2253 1966 2544 2022 Ecclesium
2599 1967 2868 2034 reversis;
2916 1977 3079 2037 atque
3111 1967 3301 2022 ultimo
3358 1967 3528 2037 hujus
3574 1966 3683 2019 anni

2133 2066 2374 2125 tempore
2421 2053 2726 2126 Cyprianus
2770 2056 2837 2110 de
2875 2065 2986 2110 tam
3031 2056 3172 2111 felici
3201 2065 3405 2112 eventu
3440 2056 3680 2112 Cornelio

2133 2145 2433 2215 gratulatus
2465 2143 2601 2214 (26),
2634 2144 2928 2200 Maximum
2983 2147 3357 2218 presbyterum
3413 2156 3472 2203 et
3527 2148 3686 2204 socios

2133 2235 2474 2292 confessores
2498 2236 2712 2303 laudat;
2739 2235 3081 2308 Hippolytum
3110 2234 3289 2292 tamen
3315 2239 3568 2308 nusp‘am
3590 2253 3687 2292 me-

2135 2338 2330 2383 morat.
2366 2326 2479 2382 Hoc
2509 2329 2724 2382 interim
2767 2329 2929 2384 Decio
2964 2329 3076 2399 (27)
3119 2330 3333 2385 Abrutti
3374 2331 3430 2384 in
3470 2329 3684 2385 Moresia

2132 2421 2420 2485 exstincto,
2454 2435 2554 2490 pax
2582 2420 2838 2476 Ecclesiae
2868 2430 2948 2476 est
2982 2422 3226 2486 reddita;
3265 2423 3548 2491 sequentis
3574 2435 3686 2474 vero

2133 2513 2260 2565 anni
2305 2498 2458 2566 initio
2503 2510 2805 2583 Cyprianus
2858 2512 3051 2568 iisdem
3100 2512 3334 2567 Maximo
3383 2513 3685 2585 presbytero

2133 2611 2186 2655 et
2208 2603 2371 2658 sociis
2397 2604 2822 2660 humanissimas
2843 2605 3084 2660 exaravit
3106 2606 3312 2660 litteras
3340 2605 3481 2677 (28),
3510 2606 3686 2676 quibus

2133 2694 2266 2763 ipsis
2317 2709 2581 2764 nuperum
2632 2695 2700 2749 ad
2741 2696 3036 2751 Ecclesiam
3083 2697 3318 2752 reditum
3361 2698 3684 2767 gratulatur;

2131 2784 2325 2840 deinde
2351 2800 2536 2840 mense
2565 2784 2860 2841 Februario
2889 2788 3214 2842 luculentam
3247 2788 3407 2842 aliam
3448 2789 3516 2842 ad
3545 2790 3690 2842 Anto-

2131 2877 2350 2931 nianum
2384 2878 2707 2946 conscripsit
2738 2879 3020 2948 epistolam
3058 2880 3167 2950 (29)
3188 2921 3202 2945 ,
3237 2880 3288 2934 in
3315 2896 3426 2950 qua
3461 2878 3690 2935 Novatia.

2130 2983 2325 3021 norum
2351 2982 2438 3022 res
2467 2977 2647 3038 gestas
2669 2971 3074 3026 accuratissime
3096 2970 3432 3034 describens,
3463 2971 3687 3043 quinque

2129 3059 2251 3115 illos
2296 3058 2637 3131 presbyteros
2682 3058 2859 3115 adhuc
2913 3061 2966 3115 in
3014 3063 3306 3117 schismate
3337 3062 3688 3131 permansisse

2131 3167 2241 3206 non
2286 3152 2516 3206 obscure
2559 3151 2798 3219 indicat;
2839 3164 3198 3223 quapropter,
3245 3153 3292 3208 si
3334 3169 3484 3207 unus
3526 3169 3588 3210 ex
3631 3154 3689 3206 iis

2131 3242 2427 3298 exstitisset
2453 3240 2792 3313 Hippolytus,
2825 3243 2939 3313 ipse
2969 3245 3144 3298 adhuc
3175 3245 3223 3296 in
3257 3244 3556 3299 schismate
3579 3260 3688 3314 per-

2131 3333 2399 3388 mansisse
2425 3333 2686 3388 dicendus
2718 3343 2878 3388 esset.
2910 3333 3146 3388 Labente
3169 3333 3331 3389 Junio
3350 3335 3473 3405 (50)
3496 3335 3688 3398 Gallus,

2132 3432 2413 3492 grassante
2444 3424 2552 3490 lue,
2600 3425 3031 3494 persecutionem
3083 3425 3136 3478 in
3172 3426 3523 3482 Christianos
3559 3428 3693 3482 exci-

2133 3513 2285 3577 tavit,
2319 3529 2482 3581 quam
2511 3515 2783 3570 nescimus
2812 3510 2910 3570 cur
2931 3514 3288 3571 brevissimam
3320 3517 3498 3573 fuisse
3527 3519 3693 3573 dicant

2133 3603 2437 3661 Dodwellus
2473 3605 2585 3677 (51)
2625 3615 2680 3662 et
2709 3605 2908 3678 Pagius
2953 3609 3065 3680 (52)
3091 3649 3104 3667 .
3158 3625 3280 3664 cum
3332 3609 3550 3680 integro
3593 3609 3690 3664 fere

2133 3711 2278 3750 anno
2300 3711 2420 3751 eam
2447 3697 2773 3768 perdurasse
2793 3698 3030 3756 sciamus
3055 3718 3068 3754 :
3101 3715 3162 3754 ea
3190 3700 3464 3770 siquidem
3497 3701 3692 3755 labente

2133 3785 2297 3841 Junio
2326 3789 2488 3859 hujus
2513 3789 2641 3842 anui
2672 3790 2904 3844 excitata
2933 3791 3152 3846 sedente
3177 3789 3477 3861 Stephano,
3507 3802 3558 3846 et
3584 3801 3691 3862 post

2133 3878 2269 3934 Galli
2298 3879 2594 3946 interitum,
2626 3879 2728 3935 hoc
2755 3891 2857 3942 est,
2890 3895 3074 3937 mense
3099 3880 3239 3935 Maio
3264 3883 3390 3935 anni
3421 3883 3692 3954 sequentis

2132 3970 2397 4025 exstincta
2439 3970 2560 4024 fuit.
2607 3968 2722 4026 Hoc
2748 3985 2880 4026 sane
2907 3985 3050 4026 anno
3078 3970 3395 4044 Hippolytus
3430 3973 3538 4030 iste
3569 3989 3694 4027 mar-

2135 4062 2276 4132 tyrio
2304 4063 2555 4118 coronari
2594 4063 2796 4133 potuit;
2837 4078 3024 4118 verum
3045 4105 3060 4128 ,
3103 4065 3396 4132 quominus
3427 4064 3484 4119 id
3515 4063 3693 4119 creda-

2134 4169 2278 4221 mus,
2311 4163 2494 4226 aperte
2520 4156 2707 4212 suadet
2731 4156 2957 4227 epistola
2987 4154 3242 4226 Cypriani
3276 4155 3343 4210 ad
3367 4153 3694 4220 Cornelium,

2135 4368 2313 4424 adhuc
2358 4369 2411 4423 in
2453 4369 2592 4424 vivis
2642 4377 2816 4433 esset,
2864 4369 3146 4423 audaciam
3191 4365 3309 4436 ejus
3347 4381 3410 4420 ac
3463 4363 3690 4419 furorem

2136 4449 2475 4509 perspectum
2529 4440 2766 4503 habens,
2802 4454 2832 4492 a
2872 4438 3256 4493 communione
3291 4452 3386 4490 sua
3431 4436 3697 4509 separavit

2138 4507 2396 4580 unacumg
2415 4511 2655 4579 quinque
2708 4509 3057 4580 presbyteris.
3090 4509 3180 4577 qui
3227 4522 3284 4561 se
3327 4507 3537 4575 pariter
3583 4519 3695 4559 cum

474 4568 692 4638 cbeusis
723 4581 977 4636 Ecclesia:
1003 4581 1286 4649 prtesulem
1321 4568 1506 4640 inissa,
1543 4579 1700 4646 cujus
1732 4580 2030 4648 fragmenta
2067 4568 2107 4622 D
2138 4580 2230 4633 illo
2256 4580 2324 4633 ab
2357 4568 2610 4634 Ecclesiae
2638 4568 3290 4649 corpore'abruperant.)

473 4658 639 4708 refert
680 4652 944 4707 Eusebius
981 4651 1053 4704 Η.
1092 4649 1183 4714 Ε.,
1214 4650 1305 4703 lib.
1336 4665 1408 4714 γι,
1432 4663 1552 4716 eap.
1576 4649 1645 4702 45
1665 4687 1679 4712 ,
1704 4664 1823 4717 pag.
1848 4649 1950 4702 510
1983 4658 2036 4702 et

475 4740 652 4793 seqq.,
679 4724 790 4793 haec
826 4721 891 4793 de
917 4722 1148 4777 reversis
1176 4722 1242 4774 ad
1278 4717 1597 4793 Ecclesiam_
1605 4721 1800 4793 scribit
1828 4732 1843 4770 :
1874 4737 1892 4769 ι
1925 4719 2036 4793 lla-

475 4785 656 4846 ximus
677 4789 931 4846 Ecclesiae
951 4803 1150 4846 nostrae
1185 4793 1461 4861 presbyter
1493 4795 1546 4842 et
1577 4785 1847 4861 Urbanus,
1873 4788 2035 4861 ambo

474 4879 540 4918 ex
571 4862 693 4916 ﬁdei
721 4861 1066 4931 confessione
1105 4858 1370 4931 egregiam
1407 4860 1521 4931 jam
1556 4858 2034 4931 secundo‘laudem

475 4933 672 5002 adepti.
710 4930 967 4986 Sidonius
994 4928 1160 4986 etiam
1194 4928 1586 5002 et_Celet'iiitts,
1614 4928 1814 5002 vir‘qui
1840 4936 2032 5002 cuncta

479 4997 870 5056 ιονιίιρηιοιευιη
896 5015 1092 5070 genera
1135 5016 1230 5069 per
1259 4997 1350 5052 Dei
1385 4998 1816 5070 misericordiam
1846 4998 2034 5052 fortis-

475 5074 613 5127 sime
658 5069 917 5125 sustinuit
956 5110 971 5123 .
1016 5109 1030 5122 .
1075 5108 1088 5121 .
1132 5109 1147 5122 .
1191 5070 1243 5121 hi
1294 5083 1481 5121 outnes
1523 5106 1537 5121 .
1579 5107 1594 5119 .
1638 5107 1652 5120 .
1691 5069 1756 5121 ad
1788 5077 2032 5131 sanctam

477 5142 772 5203 Lcclesiam
799 5141 1001 5194 reversi
1037 5147 1180 5193 sunt.
1211 5157 1229 5190 ι
1257 5136 1483 5201 Horum,
1512 5145 1734 5206 excepto
1761 5137 2031 5197 (lelcriuo,

476 5220 651 5265 exstat
683 5210 908 5280 epistola
940 5210 1007 5264 ad
1041 5220 1288 5262 sanctum
1313 5208 1635 5280 Cyprianum
1662 5209 1727 5260 de
1750 5222 1879 5276 pace
1908 5221 2032 5261 cum

476 5275 733 5334 Cornelio
762 5294 897 5348 papa
921 5288 974 5334 et
1003 5294 1124 5332 cum
1154 5275 1406 5332 universo
1442 5280 1588 5331 clero
1613 5275 1772 5342 facta,
1799 5292 1922 5348 qua}
1952 5285 2035 5330 est

479 5365 628 5403 tium.
662 5351 730 5405 55
762 5347 913 5403 inter
943 5348 1183 5418 ejusdem
1215 5348 1477 5418 Cypriani
1527 5348 1685 5418 epist.
1741 5363 1862 5418 pag.
1904 5347 2030 5409 259,

478 5421 572 5487 qui
611 5423 740 5488 ipsis
767 5420 1069 5488 rescripsit,
1095 5427 1150 5470 et
1191 5417 1407 5478 illorum
1434 5417 1833 5487 regressionem,
1867 5419 2032 5472 eccle-

477 5490 744 5611 siastifam
777 5505 987 5558 pacem,
1027 5499 1074 5541 et
1119 5489 1407 5555 fraternam
1437 5488 1923 5558 redintegrationem
1951 5497 2035 5543 est

479 5568 629 5611 uratu
654 5571 796 5611 atus.
1939 5559 1950 5568 ’

479 5559 796 5627 gratulatus.
1095 5626 1104 5627 η
1302 5626 1307 5627 ν
1536 5624 1543 5627 Α
1741 5626 1750 5627 7
1939 5559 1950 5568 '

551 5627 664 5697 (24)
690 5629 769 5682 En
800 5629 960 5683 verba
993 5627 1050 5681 S.
1078 5626 1312 5697 Cornelii
1354 5627 1494 5694 apud
1533 5624 1710 5697 ipsum
1739 5626 2030 5697 Eusebium

479 5696 580 5767 loc.
634 5694 726 5751 cit.
773 5714 893 5767 pag.
942 5699 1046 5752 515
1089 5712 1155 5746 ει
1203 5696 1374 5761 Quem
1420 5699 1580 5749 etiam
1631 5694 2030 5767 (Novatianum)

476 5765 688 5836 liloyses
734 5765 1079 5822 beatissimus
1127 5777 1348 5836 martyr,
1397 5767 1488 5834 qui
1539 5780 1711 5836 nuper
1739 5770 1885 5833 apud
1918 5765 2031 5836 gnos

477 5835 691 5908 egregio
721 5849 774 5892 et
801 5839 1114 5895 admirando
1148 5835 1404 5905 martyrio
1431 5835 1745 5905 perfunctus
1770 5844 1869 5905 est,
1899 5835 2027 5891 dum

2212 4649 2324 4718 (25)
2371 4649 2667 4704 Adeundus
2714 4642 2952 4703 Joannes
3000 4642 3328 4718 Pearsonius
3388 4643 3446 4697 in
3505 4642 3691 4698 Annal.

2137 4717 2470 4788 Cyprianicis
2498 4720 2565 4774 ad
2595 4733 2724 4773 ann.
2750 4718 2878 4782 251,
2910 4733 2962 4788 p.
2990 4718 3081 4782 25,
3119 4717 3144 4788 §
3174 4717 3260 4772 H.

2208 4781 2320 4859 (26)
2351 4787 2408 4859 lu
2439 4791 2596 4859 epist.
2623 4789 2712 4859 51,
2746 4781 2870 4859 pag.
2894 4781 3020 4842 256.

2207 4853 2319 4928 (27)
2348 4853 2794 4930 Legendusidet—n
2823 4853 3154 4913 Pcarsouius
3180 4856 3284 4910 loc.
3310 4855 3403 4909 cit.
3430 4853 3502 4909 ad
3528 4855 3693 4925 ipsum

2136 4942 2338 5000 annum
2375 4927 2505 5000 251,
2538 4927 2565 5000 §
2601 4929 2688 4983 15.

2207 4998 2320 5067 (28)
2356 4993 2575 5054 Scilice't
2597 5015 2749 5053 num.
2782 4997 2871 5062 54,
2895 5012 3016 5068 pag.
3039 4993 3322 5068 249.j’ide
3348 4994 3694 5068 Rearsonjum

2136 5067 2192 5122 in
2216 5065 2417 5124 ’An'nal.
2447 5069 2776 5138 Cyprianicis
2805 5068 2871 5122 ad
2897 5065 3253 5138 anuum252,
3278 5081 3336 5138 p._
3367 5066 3460 5131 27,
3486 5082 3544 5120 n.
3576 5066 3628 5119 5.

2207 5138 2318 5208 (29)
2355 5139 2448 5194 Est
2471 5136 2622 5193 num.
2660 5139 2748 5202 55,
2775 5153 2829 5208 p.
2860 5137 2956 5208 241
2985 5153 3000 5202 ;
3025 5137 3306 5208 ίγὶίιθμόυελ
3327 5136 3383 5190 in
3418 5138 3564 5208 hanc
3586 5147 3693 5189 rem

2135 5206 2463 5264 Pearsomus
2497 5210 2552 5262 in
2578 5209 2737 5263 dictis
2776 5206 2974 5262 Ἁηηαι.
3006 5206 3334 5276 Cyprianicis
3384 5207 3452 5261 ad
3500 5217 3697 5260 annum

2133 5279 2260 5333 252.
2293 5294 2348 5333 ι).
2380 5279 2470 5333 27.
2499 5295 2553 5332 n.
2587 5279 2673 5333 14.

2246 5319 2260 5343 ,
2293 5295 2348 5344 p.
2380 5295 2470 5344 τι,
2499 5295 2553 5332 n.
2587 5295 2673 5333 14.

2207 5294 2240 5330 Ζ
2333 5316 2348 5331 .
2380 5294 2445 5332 ΖΙ
2499 5295 2553 5332 H.
2587 5294 2608 5330 ι
2657 5317 2673 5333 ο

2206 5294 2327 5420 (50))
2351 5347 2429 5420 pe
2455 5321 2581 5402 ’bac
2619 5294 3002 5416 persecutione
3048 5344 3302 5414 illiusque
3329 5358 3505 5420 capsa
3529 5343 3696 5420 Δνιειῗι

2135 5412 2310 5542 hab)?
2345 5412 2673 5474 Pearsouius
2714 5422 2782 5472 ad
2823 5419 3028 5472 dictum
3077 5412 3282 5470 annum
3325 5413 3472 5480 252,
3527 5412 3570 5485 ς
3604 5412 3696 5473 10,

2135 5506 2185 5542 ι).
2214 5501 2246 5542 :.
2288 5527 2300 5542 .

2214 5495 2242 5526 σε)

2131 5506 2185 5560 Ρ.
2206 5506 2315 5629 (⁸51⁸)
2335 5554 2392 5610 1η
2421 5557 2696 5629 ὀὶεδθτιαι.
2726 5555 3083 5629 Cyprianieis,
3107 5555 3320 5629 dissert.
3354 5553 3446 5629 11,
3477 5551 3556 5629 De
3582 5564 3701 5620 pau-

2133 5624 2306 5682 εἱιὶιιθ⁷
2325 5638 2639 5697 martyrum,
2667 5624 2695 5696 §
2727 5624 2825 5692 58,
2847 5643 2900 5697 p.
2935 5626 3038 5681 86:
3080 5647 3098 5677 ι
3131 5625 3481 5697 Brevissimis
3523 5624 3700 5697 itaque

2132 5697 2395 5752 limitibus
2419 5693 2530 5749 tota
2563 5696 2652 5750 illa
2674 5693 2961 5750 'ltahaa'est
2988 5696 3243 5750 conclusa
3271 5693 3604 5764 persecutio.
3617 5705 3664 5764 λ

2202 5767 2316 5837 (52)
2353 5767 2431 5820 Ad
2458 5781 2662 5837 annum
2683 5766 2885 5837 Christi
2911 5765 3038 5829 255,
3066 5781 3213 5820 num.
3242 5755 3306 5818 1Ἶ
3330 5773 3383 5820 et
3407 5763 3497 5830 18,
3523 5775 3581 5832 p.
3611 5755 3698 5822 ﬁ):

2135 5848 2172 5891 t.
2204 5834 2267 5892 lll
2294 5834 2485 5890 Annal.
2511 5835 2796 5889 ecclesiast.
2833 5834 3068 5889 Barouii.
