3826 6530
174 374 277 431 455

949 376 1034 431 DE
1073 372 1466 431 PORTUENSI
1508 374 1564 428 8.
1606 373 1965 429 HIPPOLYTI
2008 373 2199 428 SEDE.
2249 405 2318 414 —
2356 371 2536 429 PARS
2574 373 2616 428 l.

3318 375 3427 430 454

168 494 340 550 Roma
369 496 611 552 exsulem
643 497 1026 555 Centumcellis
1049 498 1356 570 degentem,
1392 498 1447 551 in
1476 512 1583 568 qua
1607 495 1737 550 Cor-
1763 503 1807 557 Α
1837 495 2160 550 Lambertus
2187 495 2332 566 (58),
2375 505 2428 552 et
2468 504 2592 566 post
2616 511 2739 551 eum
2774 495 2971 568 Pagius
3003 495 3145 565 (59),
3176 504 3229 551 et
3257 494 3417 552 Tille-

163 587 306 642 nelio
339 588 644 657 gratulatur
668 589 735 646 de
763 591 930 661 lapsis
961 591 1195 661 gloriosa
1225 589 1567 644 confessione
1593 587 1747 643 resti-

162 679 289 732 tutis
324 679 482 750 (55),
526 695 592 736 ac
627 681 694 736 de
733 680 1020 736 Novatiani
1065 681 1287 752 pertidia
1332 681 1446 736 haec
1487 679 1743 735 disserit:

166 789 184 821 ι
219 768 407 840 Neque
429 772 574 826 enim
623 773 818 842 quaerit
863 773 1003 838 illos,
1030 788 1171 842 quos
1208 773 1319 842 jam
1353 772 1606 842 subegit;
1649 783 1744 829 aut

157 861 314 930 gestit
345 870 616 927 evertere,
659 878 798 932 quos
833 862 946 933 jam
990 878 1120 918 suos
1178 861 1325 917 fecit.
1393 861 1648 918 Inimicus
1688 871 1744 917 et

158 950 330 1008 hostis
355 951 630 1020 Ecclesiae,
675 969 816 1024 quos
854 955 1102 1010 alienavit
1144 955 1212 1010 ab
1236 954 1476 1010 Ecclesia
1503 965 1557 1011 et
1587 955 1738 1011 foras

154 1043 328 1109 duxit,
356 1053 418 1099 ut
440 1045 683 1114 captivos
709 1054 764 1100 et
796 1045 1006 1101 vinctos
1032 1048 1330 1102 contemnit
1357 1059 1409 1102 et
1431 1049 1686 1116 prmterit.
1714 1068 1732 1100 ι

153 1133 227 1189 Ex
280 1137 489 1204 quibus
529 1136 711 1190 verbis
767 1137 900 1192 satis
947 1146 1200 1194 constare
1247 1148 1499 1208 putamus
1545 1137 1736 1194 Novati

151 1234 455 1281 sectatores
484 1225 664 1280 adhuc
701 1227 756 1280 in
788 1227 960 1296 ipsius
1001 1229 1197 1284 castris
1234 1229 1529 1294 militasse;
1558 1231 1735 1300 lapso-

151 1332 266 1371 rum
325 1318 476 1372 enim
531 1322 752 1374 nomine
800 1320 857 1376 8.
920 1320 1252 1390 Cyprianum
1313 1320 1732 1390 haudquaquam

149 1406 530 1462 schismaticos
555 1409 622 1463 ad
645 1409 942 1466 Erelesiam
972 1425 1242 1468 reversos.
1269 1410 1362 1464 sed
1393 1410 1731 1466 thurilicatos

146 1497 485 1569 designasse.
533 1517 694 1556 nemo
731 1515 815 1557 est
847 1502 941 1572 qui
983 1502 1206 1557 nesciat.
1247 1500 1370 1557 Haec
1393 1519 1520 1557 vero
1545 1518 1729 1559 mense

145 1592 393 1663 Augusto
436 1594 550 1664 (54)
602 1596 764 1664 hujus
795 1600 923 1651 anni
965 1596 1245 1666 scripserit
1291 1594 1348 1650 S.
1389 1597 1726 1666 Cyprianus;

145 1696 480 1754 quapropter
521 1687 666 1740 hunc
705 1685 1049 1758 Hippolytum
1077 1686 1292 1751 eodem,
1325 1702 1435 1757 quo
1471 1687 1585 1742 litec
1616 1686 1724 1758 Cy-

143 1776 368 1844 prianus
407 1775 701 1842 scribebat,
747 1786 987 1846 tempore
1032 1778 1352 1848 martyrium
1399 1762 1632 1832 subiisse
1661 1791 1723 1830 o-

1848 589 2087 642 montius
2133 588 2277 658 (40),
2321 603 2387 643 ex
2421 588 2526 654 his,
2557 597 2610 643 et
2632 604 2696 643 ex
2728 587 2868 652 illis,
2914 603 3034 656 qua:
3073 589 3232 657 paulo
3254 603 3416 657 supra

1843 681 1910 734 de
1939 680 2041 734 hac
2072 681 2446 749 persecutione
2474 679 2735 735 disseruit
2760 679 2817 735 S.
2843 681 3052 747 doctor,
3083 681 3328 735 eamdem
3361 681 3413 734 in

1843 770 2155 826 Catholicos
2205 781 2414 824 tantum
2445 771 2514 824 ad
2547 772 2940 840 confundendos
2982 773 3249 825 Izwreticos
3274 787 3414 841 prie-

1839 864 2001 931 cipuo
2041 861 2136 916 Dei
2178 863 2405 917 consilio
2455 863 2708 917 Indictam
2769 863 3221 918 animadvertunt.
3277 863 3413 919 Ilinc

1840 953 2188 1024 Hippolytum
2247 953 2422 1022 ipsum
2475 952 2773 1017 Romamn,
2823 964 2882 1009 ut
2921 956 3107 1019 aiunt,
3158 955 3413 1011 Ecclesize

1838 1046 2207 1115 presbyterum
2247 1043 2437 1097 Novati
2482 1045 2725 1113 partibus
2764 1046 3058 1109 addictum,
3105 1048 3205 1101 hac
3235 1063 3412 1115 perse-

1836 1137 2053 1190 cutione
2094 1137 2421 1190 exstinctum
2470 1136 2556 1190 vix
2596 1137 2814 1191 credere
2845 1152 3152 1206 possumus.
3199 1137 3406 1199 Etenim

1834 1226 2157 1282 Prudentius
2206 1228 2381 1298 ipsum
2435 1242 2547 1282 uno
2578 1269 2592 1292 ,
2642 1228 2939 1297 eodemque
2990 1240 3294 1292 momento,
3355 1238 3410 1286 et

1833 1320 2070 1375 schisma
2116 1320 2379 1390 ejurasse,
2419 1329 2473 1374 et
2521 1320 2838 1391 martyrium
2865 1320 3096 1376 subiisse
3135 1321 3284 1376 dicit.
3323 1322 3408 1376 ld-
3479 1391 3483 1396 Ι

1832 1412 1977 1465 circo
2028 1412 2081 1465 in
2127 1411 2259 1479 ipsis
2306 1411 2702 1480 persecutionis
2771 1411 3008 1465 exordiis
3061 1411 3402 1483 Hippolytum

1829 1500 2111 1556 Novatiani
2134 1503 2387 1573 dogmata
2405 1504 2556 1571 sequi
2573 1504 2828 1572 oportuit;
2861 1504 3002 1573 quod
3028 1505 3072 1557 si
3097 1520 3276 1557 verum
3301 1515 3402 1567 est,

1829 1591 2146 1663 Hippolytus
2179 1607 2309 1648 sane
2354 1607 2464 1646 non
2495 1593 2548 1646 in
2595 1593 2714 1662 ipso
2739 1593 2980 1664 martyrii
3021 1604 3293 1649 momento
3335 1594 3404 1650 ad

1827 1679 2124 1736 Ecclesium
2168 1681 2345 1734 redire
2375 1681 2571 1750 potuit,
2615 1682 2710 1736 sed
2740 1683 2899 1752 longe
2932 1692 3054 1738 ante
3086 1685 3398 1756 martyrium

1824 1769 2015 1825 Novati
2047 1771 2281 1827 schisma
2311 1772 2555 1841 ejurasse
2583 1773 2844 1827 dicendus
2875 1782 3052 1830 esset:
3104 1779 3299 1830 etenim
3333 1777 3398 1841 si,

144 1875 412 1936 porteret;
444 1867 564 1932 sed,
590 1883 714 1922 cum
757 1883 943 1923 mense
970 1868 1114 1923 Julio
1140 1868 1197 1924 S.
1221 1869 1505 1924 Cornelius
1533 1869 1587 1923 in
1619 1883 1718 1924 ex-
1750 1853 1793 1912 Β
1821 1861 1950 1916 dum
1980 1863 2035 1916 in
2065 1861 2210 1917 Urbe
2254 1863 2590 1928 morabatur,
2622 1862 2936 1919 Novatianis
2968 1863 3100 1920 favit
3145 1867 3399 1938 Hippoly-

142 1957 317 2011 silium
355 1957 564 2012 missns
607 1956 768 2012 fuerit
799 1957 943 2029 (55),
968 1973 1032 2012 ac
1058 1973 1165 2011 non
1206 1958 1278 2012 ita
1311 1959 1417 2012 cito
1447 1959 1512 2012 ad
1539 1955 1598 2014 S.
1629 1957 1727 2030 Cy-

140 2046 390 2116 prianum
411 2087 427 2108 ,
464 2048 558 2117 qui
595 2049 646 2101 in
678 2047 857 2104 Africa
887 2049 1145 2117 degebat,
1176 2049 1243 2103 de
1276 2049 1380 2104 hac
1410 2065 1468 2103 re
1498 2049 1723 2105 nuntius

138 2138 481 2207 pervenerit;
533 2139 644 2192 imo
687 2155 810 2195 cum
840 2155 906 2195 ex
934 2142 1052 2210 ipso
1074 2140 1315 2209 epistolae
1339 2150 1595 2197 contextu
1626 2157 1722 2212 pa-

94 2241 107 2255 ·
136 2239 235 2283 teat
271 2228 334 2284 S.
368 2228 710 2295 Cornelium,
744 2232 872 2286 dum
905 2233 1194 2297 scribebat,
1230 2233 1342 2302 jam
1376 2233 1560 2288 multis
1601 2234 1719 2289 die-

135 2317 230 2373 bus
249 2319 439 2374 exsilii
473 2319 816 2375 incommoda
849 2322 1162 2390 pertulisse;
1203 2322 1397 2377 merito
1435 2323 1574 2378 hanc
1599 2323 1717 2392 epi-

135 2410 322 2464 stolam
371 2411 588 2466 labente
628 2411 873 2478 Augusto
921 2428 950 2466 a
1003 2411 1060 2466 S.
1111 2411 1386 2483 Cypriano
1439 2425 1715 2468 exaratam

133 2497 436 2567 putandum
468 2507 574 2563 est,
606 2515 768 2568 quem
794 2499 978 2554 forsan
1017 2501 1181 2571 paulo
1202 2509 1328 2556 ante
1351 2500 1475 2556 ldus
1512 2509 1574 2555 de
1614 2517 1715 2555 suo

133 2589 329 2646 exsilio
345 2591 640 2646 certiorem
678 2591 983 2646 reddiderat
1007 2590 1066 2646 8.
1105 2589 1420 2656 Cornelius;
1460 2591 1714 2662 quocirca

133 2678 402 2753 Hippolyti
437 2681 600 2738 istius
637 2683 957 2753 martyrium
995 2683 1050 2737 in
1091 2684 1238 2738 hisce
1259 2683 1517 2752 temporis
1541 2699 1712 2753 angu-

133 2773 241 2828 Stiis
271 2773 574 2829 locandum
626 2773 801 2841 foret,
851 2789 973 2830 cum
1023 2774 1198 2845 ipsum
1253 2774 1437 2828 Idibus
1487 2775 1711 2845 Augusti

137 2878 357 2933 passum
390 2863 541 2919 dicat
571 2863 918 2922 Prudentius.
952 2866 1152 2922 Verum
1181 2866 1321 2920 hanc
1342 2865 1709 2920 narrationem

132 2968 230 3007 non
267 2953 630 3009 mediocriter
656 2963 962 3026 suspectam
986 2955 1219 3010 reddunt
1251 2971 1337 3022 ea,
1356 2970 1477 3024 quae
1502 2955 1569 3010 de
1596 2953 1708 3011 No-

130 3044 360 3100 vatianis
404 3046 552 3099 haud
581 3045 816 3102 obscure
853 3046 1064 3102 .indicat
1089 3045 1146 3101 S.
1177 3047 1480 3118 Cyprianus
1503 3048 1615 3118 (56)
1652 3048 1705 3100 in

128 3137 351 3206 epistola
389 3153 556 3208 quam
602 3154 786 3194 mense
819 3137 1098 3194 Decembri
1129 3139 1240 3209 (37)
1269 3139 1486 3208 scripsit
1529 3139 1595 3193 ad
1641 3137 1699 3193 S.

130 3227 347 3283 Lucium
374 3230 712 3300 pontiﬁcem,
739 3229 796 3284 8.
825 3230 1061 3285 Cornelii
1089 3244 1481 3296 successorem,
1511 3245 1700 3300 nempe

127 3317 459 3377 Novatianos
489 3322 668 3392 quiete
707 3337 768 3378 ac
793 3323 1081 3392 tranquille
1123 3323 1357 3392 degisse.
1393 3336 1494 3376 nec
1523 3337 1704 3391 persc-

128 3411 356 3467 cutionis
408 3411 792 3477 incommodis,
833 3414 1135 3466 etiamtum
1164 3453 1179 3477 ,
1229 3412 1357 3466 dum
1410 3411 1698 3476 scribebat,

128 3501 282 3562 fuisse
313 3505 612 3561 obnoxios.
663 3524 683 3557 ‹
727 3504 913 3575 Neque
941 3505 1107 3572 enim,
1134 3506 1328 3577 inquit,
1360 3507 1701 3577 persequitur

127 3604 172 3650 et
200 3597 492 3668 impugnat
528 3597 734 3653 Christi
768 3597 1130 3664 adversarius,
1179 3598 1282 3654 nisi
1321 3608 1497 3652 castra
1526 3607 1580 3652 et
1606 3599 1701 3652 tui-

126 3688 235 3745 lites
263 3691 516 3755 Christi,
566 3690 852 3746 haereticos
901 3699 1201 3761 prostratos
1234 3691 1401 3747 semel
1451 3700 1505 3746 et
1545 3691 1698 3760 ipsos

126 3795 244 3838 suos
299 3781 486 3838 factos
533 3782 835 3838 contemnit
873 3789 928 3837 et
976 3782 1230 3853 praeterit.
1289 3801 1309 3835 ι
1362 3781 1698 3853 Quapropter

184 3914 296 3982 (55)
339 3915 522 3984 Epist.
554 3914 644 3982 60,
679 3930 802 3984 pag.
837 3915 962 3970 270.

208 3985 296 4051 54)
339 3985 424 4040 lta
471 3987 632 4040 etiam
669 3986 898 4039 aﬂirmat
926 3985 1255 4045 Pearsonius
1288 3987 1341 4040 in
1388 3986 1547 4043 dictis
1581 3988 1694 4043 An-

125 4054 324 4126 nalibus
344 4054 429 4126 _ad
463 4070 667 4126 annum
694 4056 822 4121 252,
843 4055 886 4126 ,ᾗ
916 4056 1001 4116 12.
1034 4071 1087 4125 p.
1127 4058 1216 4111 50.

336 4123 634 4205 Legendus
667 4126 805 4205 idem
841 4123 1169 4205 Pearsonius
1193 4127 1314 4205 eod.
1349 4127 1376 4199 §
1414 4127 1499 4193 12,
1523 4144 1574 4198 p.
1603 4129 1691 4186 50.

186 4193 295 4266 (156)
335 4193 514 4266 Epist-
553 4194 642 4266 (ἐι.
674 4193 843 4266 Lucio
872 4196 1018 4266 data.
1057 4212 1176 4266 pag.
1205 4196 1332 4251 27-2.

185 4263 294 4335 (57)
339 4263 530 4337 Mense
558 4263 838 4337 Decembri
879 4263 1216 4337 fuisse'hanc
1250 4268 1530 4337 epistolam
1563 4270 1695 4322 scri-

121 4333 256 4404 ptam
288 4333 596 4404 prudenter
621 4335 918 4388 arbitratur
943 4333 1364 4390 Pearsonius'in
1401 4339 1692 4392 Annalibus

122 4401 376 4477 Cypriani.
403 4403 587 4458 citatis
608 4404 674 4477 ad
697 4419 899 4477 annum
924 4406 1051 4477 259.,
1079 4406 1105 4475 §
1144 4406 1231 4477 19,
1265 4422 1388 4477 pag.
1418 4409 1508 4462 39..

182 4473 292 4542 (58)
334 4471 580 4544 Ouvrag.
611 4472 680 4528 de
706 4473 766 4528 S.
793 4471 1054 4548 Cyprien,
1082 4471 1234 4546 prmi.
1257 4471 1434 4546 Epirt.
1471 4477 1512 4543 l,
1547 4476 1576 4548 ᾗ
1603 4477 1692 4539 64,

183 4559 231 4598 tt.
262 4543 362 4598 59.
398 4551 517 4597 not.
553 4559 606 4596 a.

217 4582 231 4595 .
262 4551 362 4608 59,
398 4551 517 4597 not.
553 4559 606 4596 a.

117 4555 231 4610 pag.
262 4555 362 4608 5:},
398 4555 517 4597 net.
553 4559 606 4596 a.

119 4676 139 4688 ν
182 4612 295 4688 (51))
336 4612 425 4688 A_d
459 4625 662 4688 annum
683 4611 815 4688 255,
844 4629 995 4668 num.
1025 4615 1109 4683 19,
1139 4632 1261 4688 pag.
1287 4615 1376 4683 21,
1406 4617 1497 4672 ubi
1532 4617 1693 4670 etiam

116 4676 394 4736 Lamberti
430 4681 698 4736 sententia
731 4682 981 4738 refertur.

120 4752 290 4871 ωμθδ
333 4750 407 4806 lu
436 4750 592 4806 Saiut
621 4750 909 4820 Corneille,
941 4755 1096 4810 artic.
1131 4756 1218 4821 16,
1258 4772 1380 4828 pag,
1411 4756 1536 4824 467,
1561 4763 1691 4810 (om.

183 4890 293 4962 (41)
334 4891 490 4945 Inter
513 4890 787 4947 variorum
823 4899 980 4948 notas
1020 4893 1086 4948 ad
1117 4895 1463 4950 Anastasium
1494 4894 1695 4949 Biblio-

117 4961 442 5026 thecarium,
479 4976 600 5029 qua:
625 4971 843 5017 exstant
874 4964 926 5016 in
967 4964 1160 5018 celebri
1196 4967 1432 5020 editione
1467 4966 1535 5019 ab
1570 4981 1694 5018 eru-

115 5028 390 5103 ditissimo
422 5028 541 5103 viro
571 5031 861 5103 Francisco
891 5031 1192 5089 Blanchino
1225 5036 1508 5099 adornata,
1541 5050 1693 5103 repe-

115 5101 326 5154 riuntur
375 5100 540 5154 etiam
592 5111 732 5157 notze
770 5102 1060 5159 clarissimi
1106 5105 1208 5158 viri
1252 5104 1508 5168 Bencini;
1556 5100 1692 5158 et'in

117 5183 235 5242 [cur
248 5179 501 5242 nostram
532 5170 753 5241 legenda
783 5181 932 5238 sunt,
955 5189 1074 5242 quae
1103 5175 1156 5228 in
1183 5186 1306 5227 nota
1339 5175 1371 5228 5
1413 5175 1479 5227 ad
1515 5173 1689 5226 Vitam

118 5236 444 5312 _S;Cornelii
471 5236 779 5312 paptepag.
807 5236 1065 5312 197,601.
1100 5245 1150 5301 1.
1183 5245 1310 5298 edit.
1348 5243 1532 5312 Horme
1560 5244 1688 5312 anni

117 5307 266 5382 1725,
303 5319 440 5382 tum.
467 5307 1106 5382 lt,’haljeu'tur.(Patrol.
1126 5313 1330 5368 Latina:
1349 5325 1386 5368 t.
1409 5311 1687 5378 CXXVII).

117 5444 128 5455 .
178 5379 292 5448 (42)
333 5377 394 5455 In
420 5381 589 5455 Epist.
618 5379 682 5455 ’2
710 5381 796 5455 Δίιίι
856 5377 1336 5455 Symprunianum,
1372 5399 1493 5455 quae
1517 5377 1690 5455 exstat

115 5447 164 5499 in
192 5447 326 5520 tom.
369 5447 384 5500 1
409 5447 749 5504 collectioni:
775 5447 1020 5505 maxime:
1050 5447 1692 5520 conciliorum-Hispania:

115 5519 256 5592 card.
283 5519 630 5592 Vd_e‘:ltquirre
672 5521 927 5592 editionis
957 5521 1175 5592 Joseplii
1225 5523 1468 5577 Catalani
1506 5519 1691 5575 Roma:

114 5589 234 5640 anni
277 5588 436 5654 1755,
467 5591 530 5663 iu_
553 5605 664 5657 quo
696 5591 808 5645 hcce
835 5592 938 5645 ait:
968 5611 985 5643 ι
1017 5588 1345 5663 Novatianus
1373 5593 1689 5663 martyrium

117 5671 394 5724 nunquam
437 5659 580 5724 tulit,
626 5675 724 5714 nec
771 5676 837 5716 ex
885 5663 1063 5717 verbis
1109 5662 1404 5717 beatissimi
1432 5659 1688 5732 Cypriani

116 5727 567 5808 auditum-istud,
591 5738 685 5783 aut
705 5730 1082 5808 lectumnesthi
1111 5733 1385 5808 [13315213,
1411 5749 1561 5786 num.

183 5796 298 5865 (-15)
343 5794 430 5852 Uti
482 5798 745 5855 habemus
795 5801 850 5856 in
896 5794 1069 5857 l’hotii
1111 5794 1468 5869 Bibliotheca,
1505 5803 1687 5857 codice

1825 1960 1946 2020 tus,
1988 1953 2164 2024 ipsum
2209 1969 2482 2023 nunquam
2536 1955 2885 2010 damnassent
2933 1955 3174 2022 ethnici,
3215 1969 3399 2026 utpote

1823 2042 1914 2112 qui
1939 2043 2391 2112 persecutionem,
2417 2052 2476 2096 ut
2501 2043 2762 2107 diximus,
2789 2045 2839 2096 in
2857 2044 3164 2099 Catholicos
3189 2054 3396 2099 tantum

1821 2135 2184 2202 concitarint;
2218 2135 2326 2188 imo
2355 2135 2496 2189 hanc
2527 2135 2699 2205 ipsam
2738 2137 3167 2204 persecutionem
3217 2135 3394 2192 Nova-

1820 2225 1954 2279 tiani
1987 2223 2288 2286 molitione,
2310 2231 2368 2277 ut
2389 2231 2634 2278 sanctum
2667 2223 2977 2278 Cornelium
3006 2225 3105 2279 sibi
3137 2226 3393 2281 tumulum

1819 2315 1885 2369 de
1915 2313 2092 2369 medio
2137 2314 2378 2379 tolleret,
2427 2324 2755 2369 commotam
2792 2314 2958 2371 fuisse
3008 2333 3115 2370 non
3163 2317 3265 2371 levi
3307 2333 3394 2371 ra-

1818 2407 1984 2460 tionis
2014 2415 2290 2460 momento
2321 2421 2387 2460 ex
2433 2405 2593 2460 Libro
2631 2407 2926 2476 pontiﬁcali
2970 2409 3277 2478 suspicatus
3310 2419 3394 2465 est

1817 2497 2086 2552 Bencinus
2111 2497 2264 2568 (41);
2319 2497 2466 2567 quod
2512 2514 2641 2553 sane
2680 2497 2822 2554 haud
2857 2499 3205 2555 inverisimile
3234 2502 3399 2556 nobis.

1815 2587 2047 2651 videtur,
2073 2603 2196 2642 cum
2228 2586 2562 2644 Novatianus
2603 2604 2883 2658 nunquam
2909 2630 2923 2653 ,
2961 2600 3017 2644 ut
3045 2591 3242 2646 diserte
3270 2609 3390 2648 mo-

1814 2689 1904 2734 net
1944 2679 2001 2736 S.
2030 2679 2296 2736 Pacianus
2320 2681 2454 2750 (42),
2485 2682 2800 2752 martyrium
2839 2683 3099 2749 subierit;
3139 2686 3387 2752 quamvis

1813 2771 1957 2827 illius
2010 2773 2228 2828 asseclte
2278 2772 2524 2835 quasdam
2551 2773 2684 2827 Acta
2715 2774 2768 2827 in
2815 2774 3008 2843 vulgus
3057 2776 3384 2840 emiserint,

1811 2876 1932 2929 quae
1955 2859 2313 2916 Novatianum
2348 2871 2638 2934 martyrem
2662 2863 2863 2918 obiisse
2894 2864 3092 2919 ferunt.
3125 2865 3246 2919 Haec
3269 2882 3386 2920 me-

1811 2951 1914 3004 rito
1941 2951 2128 3021 rejecit
2156 2952 2216 3006 S.
2249 2951 2511 3023 Eulogius
2546 2953 2943 3009 Alexandrinus
2969 2956 3079 3025 (45)
3107 2997 3124 3022 ,
3171 2960 3265 3026 qui
3308 2973 3386 3012 se-

1809 3053 1902 3097 xto
1933 3043 2136 3098 Christi
2180 3045 2378 3098 saeculo
2415 3045 2616 3099 floruit.
2653 3045 2747 3100 llis
2781 3046 2903 3100 addi
2947 3057 3122 3116 potest
3147 3048 3394 3103 luculen—

1813 3135 2085 3189 tissimum
2117 3137 2470 3192 vetustissimi
2517 3137 2796 3214 scriptoris
2828 3138 2939 3208 (44)
2979 3141 3342 3194 testimonium
3363 3181 3386 3214 ,

1803 3225 1899 3297 qui
1931 3227 2032 3280 hoc
2071 3227 2260 3282 eodem
2311 3237 2550 3296 tempore
2581 3227 3005 3283 Novatianorum
3051 3231 3380 3286 dementiam

1803 3319 2002 3373 acriter
2051 3318 2346 3374 insectatus
2390 3329 2473 3374 est
2522 3319 2720 3390 insigni
2771 3320 2862 3376 illo
2892 3322 3192 3389 opusculo,
3236 3323 3381 3393 quod

1802 3411 1943 3466 inter
1993 3409 2070 3466 S..
2096 3412 2352 3482 Cypriani
2381 3412 2544 3467 dubia
2576 3415 2850 3468 recensuit
2894 3429 3058 3483 opera
3101 3415 3384 3469 Bellarmi-

1800 3520 1904 3558 nus
1933 3503 2078 3573 (45),
2107 3513 2156 3558 et
2185 3503 2457 3558 Pamelius
2501 3505 2613 3575 (46)
2662 3521 2725 3560 ac
2773 3506 3002 3561 Gravius
3051 3508 3162 3578 (47)
3205 3507 3377 3562 cidem

1803 3594 1864 3650 S.
1914 3595 2190 3666 Cypriano
2237 3597 2472 3652 tribuere
2517 3613 2625 3652 non
2654 3597 2992 3666 dubitarunt,
3031 3599 3214 3670 inquo
3253 3615 3376 3654 cum

1799 3687 2104 3758 improbam
2132 3688 2276 3743 illam
2320 3689 2793 3745 schismaticorum
2827 3693 3174 3747 severitatem
3209 3693 3378 3762 lapsis

1796 3777 2059 3836 fratribus
2082 3781 2521 3838 communionem
2548 3784 2856 3855 negantium
2898 3785 3246 3855 perstringat,
3285 3798 3378 3837 eos

1795 3928 2036 3982 ccum,
2068 3929 2191 3988 pag.
2207 3914 2332 3988 41:4:
2360 3935 2373 3971 :
2423 3935 2441 3968 ι
2480 3916 2546 3972 At
2574 3919 2628 3970 in
2670 3927 2823 3973 sexto
2862 3917 3044 3986 (libro
3073 3918 3373 3988 Eulogius)

1796 3988 2017 4053 evertit,
2061 3987 2153 4054 qui
2189 3986 2254 4040 de
2287 3985 2584 4041 Novatiana
2619 3995 2762 4042 secta
2807 3985 3056 4044 feruntur
3103 3985 3378 4043 cominch-

1797 4057 1986 4121 tarios,
2031 4063 2085 4108 et
2127 4054 2264 4128 falso
2308 4057 2629 4126 inscriptum
2677 4056 2868 4114 Novati
2921 4060 3157 4128 episcopi
3202 4071 3375 4113 certa-

1796 4142 1954 4189 men,
1993 4145 2011 4177 ›
2047 4133 2106 4195 et
2141 4127 2262 4181 cod.
2319 4143 2546 4193 cccxxx,
2595 4141 2649 4195 p.
2701 4128 2871 4181 169.2:
2925 4127 2965 4179 ‹“
2994 4127 3157 4182 Libro
3220 4141 3375 4182 sexto

1795 4197 2031 4274 ostendit
2064 4193 2253 4248 Novati
2285 4195 2503 4262 falsum,
2537 4193 2680 4267 quod
2727 4197 3127 4263 circumfertur,
3168 4210 3372 4270 marty-

1795 4280 1961 4330 rium,
2002 4285 2021 4317 ι
2059 4275 2164 4319 etc.

1866 4335 1978 4409 (44)
2002 4334 2206 4409 ΔΕπειξῃ
2227 4333 2368 4388 inter
2389 4335 2637 4409 operas.
2662 4337 2933 4409 Cypriano
2955 4337 3115 4408 vulgo
3139 4338 3369 4407 ascripta

1796 4403 1849 4456 in
1875 4397 2124 4478 editione
2149 4403 2384 4478 Operum
2420 4397 2662 4478 ejusdem
2699 4397 2760 4462 8Ῐ
2797 4397 3077 4478 Cypriani"
3098 4397 3368 4476 recognita

1795 4483 1848 4548 et
1878 4474 2145 4548 illustrata
2180 4489 2207 4548 a
2235 4472 2612 4548 JoanneFello
2633 4472 2925 4533 Oxonieifsi
2957 4480 3212 4548 episcopo
3231 4472 3366 4531 edit.

1731 4545 1770 4598 D
1799 4545 1892 4617 cit.
1921 4544 2308 4617 'Amstelodami
2337 4547 2596 4617 pag._15,
2640 4558 2694 4603 et
2745 4544 3055 4617 hujusmodi
3110 4544 3369 4615 tractatus

1797 4614 1873 4687 ita
1913 4615 2260 4687 inscribitur;
2312 4614 2394 4667 Ad
2436 4614 3182 4684 Novatianum'hwreticum,
3231 4617 3367 4687 quod

1796 4683 1968 4758 lapsis
1990 4701 2101 4758 spes
2130 4683 2292 4758 venia:
2319 4700 2421 4758 non
2451 4696 2528 4739 est
2553 4688 2874 4758 deneganda.

1815 4789 1832 4806 .
1867 4755 1978 4827 (45)
2020 4754 2094 4827 De
2123 4754 2464 4827 scriptoribus
2494 4754 2880 4820 ecclesiasticis,
2910 4757 2963 4810 in
2989 4756 3045 4812 S.
3079 4755 3378 4827 Cypriano,

1795 4839 1848 4894 p.
1875 4821 1938 4880 51
1960 4821 2103 4896 edit.
2129 4821 2342 4896 veneta:
2371 4841 2514 4879 anno
2542 4827 2702 4893 1728,
2734 4831 2968 4896 Operum
3005 4821 3141 4880 tom:
3158 4821 3283 4885 νη,
3312 4827 3365 4878 in

1795 4893 1924 4962 quo,
1963 4895 2130 4950 multa
2166 4893 2231 4947 de
2259 4896 2446 4949 eodem
2479 4905 2584 4950 tam
2619 4898 2672 4950 iu
2703 4893 3083 4952 dissertatione
3110 4896 3367 4950 historica

1794 4980 1957 5034 quam
1988 4966 2044 5019 in
2077 4965 2452 5034 supplemento
2481 4967 2690 5022 erudite
2721 4967 3036 5021 afferuntur.

1866 5035 1977 5106 (46)
2016 5034 2550 5107 JacobusPamclius
2581 5037 2873 5107 Brugensis
2911 5038 2962 5089 in
2999 5034 3247 5107 Flaudria
3277 5050 3366 5088 ca-

1794 5105 2027 5160 nonicus
2066 5116 2120 5160 et
2169 5106 2582 5161 archidiaconus
2620 5105 2781 5175 opera
2835 5105 2892 5160 8.
2941 5105 3195 5175 Cypriani
3241 5122 3364 5158 cum

1795 5175 2099 5244 insignibus
2142 5177 2196 5228 in
2232 5191 2294 5227 ea
2328 5177 2733 5230 commentariis
2772 5178 3060 5240 evulgavnt,
3101 5175 3364 5242 impressu

1793 5243 1846 5316 in
1885 5243 1978 5316 fel.
2011 5245 2336 5316 Antwerpia:
2360 5259 2502 5298 almo
2534 5246 2691 5300 1568.
2744 5245 2818 5302 De
2863 5245 3174 5316 hujusmodi
3207 5259 3367 5316 Opere

1793 5313 1852 5366 S.
1884 5314 2158 5384 Cypriano
2188 5315 2444 5382 ascripto,
2479 5317 2598 5369 vide
2639 5331 2760 5384 qua:
2792 5313 3057 5370 habentur
3086 5329 3205 5383 pag.
3239 5313 3363 5377 454,

1792 5397 1910 5452 cap.
1935 5383 1996 5438 ’2.
2033 5383 2233 5438 Eadem
2259 5398 2422 5452 opera
2448 5386 2516 5439 ab
2542 5383 2666 5454 ipso
2681 5387 2842 5440 etiam
2873 5385 3197 5453 Antwerpize
3220 5398 3366 5438 anno

1795 5454 1931 5525 1589
1972 5469 2163 5509 recusa
2196 5464 2355 5525 sunt:
2404 5455 2694 5525 legendum‘
2740 5457 3178 5525 supplementum
3217 5455 3366 5525 apud

1791 5521 2178 5596 Bellarminum
2226 5523 2330 5578 loc.
2369 5521 2481 5578 cit:
2507 5541 2628 5596 pag.
2659 5527 2760 5586 55.
2810 5521 2900 5580 ubi
2945 5526 3066 5580 alia:
3099 5521 3367 5578 editiones

1792 5593 2106 5663 hujusmodi
2136 5608 2361 5663 operum
2391 5593 2762 5650 recensentur.

1862 5662 1973 5734 (47)
2015 5662 2278 5734 Henricus
2303 5662 2533 5720 Gravius
2559 5682 2624 5720 ex
2658 5665 3134 5720 Dominicanorum
3165 5663 3367 5734 familia

1789 5733 2028 5802 ejusdem
2077 5733 2134 5788 S.
2189 5735 2442 5804 Cypriani
2494 5751 2656 5804 Opera
2694 5736 2858 5789 edidit
2906 5737 3142 5792 Colonia:
3182 5733 3362 5789 in-fol.

1793 5820 1936 5861 anno
1971 5803 2140 5874 1549,.
2163 5806 2215 5860 in
2238 5803 2458 5860 ’ollicina
2484 5803 2880 5875 Quentclliana.
