3826 6502
178 327 269 382 457

932 328 1018 383 DE
1058 326 1446 384 PORTUENSI
1487 327 1543 382 S.
1583 325 1938 380 llll’POLYTI
1982 325 2172 380 SEDE.
2207 353 2273 366 -
2314 323 2490 378 PARS
2531 323 2568 377 I.

3278 321 3382 374 438

168 454 361 500 tantum
397 443 462 498 ad
493 441 909 506 Centumcellas,
940 445 1118 499 locum
1152 445 1565 515 periucundum,
1588 446 1714 499 dor-
1743 449 1788 503 Α
1818 441 2023 507 fuerat;
2079 442 2306 512 ideoque
2356 458 2386 494 a
2431 449 2602 496 morte
2639 440 2783 496 Decii
2830 439 2895 494 ad
2931 436 3202 509 Hippolyti
3240 425 3407 491 mar-'

166 533 429 588 tuitionem
464 533 736 601 accepisse
769 533 930 586 dicat.
954 531 1233 589 Pearsonii
1264 534 1586 590 sententiam
1610 544 1716 588 sta-

167 627 248 678 tim
284 623 567 692 ariiplexus
597 633 678 676 est
699 622 896 692 Pagius
917 624 1050 695 (6|),
1081 633 1135 678 et
1159 626 1412 695 deinceps
1437 625 1719 682 Tillemon—

162 714 258 766 tius
292 710 405 780 (62)
433 752 449 776 ,
499 720 553 764 et
583 709 777 780 Pagius
811 709 1000 764 Junior
1029 710 1172 780 (65);
1202 711 1505 766 Ceillierius
1540 721 1718 766 tamen

163 802 214 857 S.
272 802 587 856 Cornelium
645 813 933 874 martyrem
973 803 1176 857 obiisse
1234 805 1352 858 solo
1410 803 1718 874 Hieronymi

161 895 462 948 testimonio
497 895 725 948 credidit
749 895 882 962 (64).
918 893 1278 963 Quapropter,
1317 904 1374 948 ut
1403 896 1469 948 ad
1509 910 1718 966 anony—

159 1001 292 1039 mum
325 996 576 1039 nostrum
614 993 970 1046 revertamur,
1015 986 1210 1038 mirum
1237 1000 1366 1040 sane
1389 986 1559 1040 videri
1592 1002 1718 1055 pos-

157 1084 228 1130 set
252 1075 575 1130 Africanum
631 1077 950 1145 scriptorem
996 1086 1104 1130 tam
1139 1085 1390 1130 accurate
1423 1077 1718 1145 exquisite-

153 1181 246 1235 que
276 1167 455 1220 sancti
481 1165 717 1220 Cornelii
740 1167 966 1236 ejusque
989 1169 1261 1222 sociorum
1283 1169 1625 1238 martyrium,
1655 1185 1718 1223 ac

156 1258 437 1326 ipsammet
476 1255 613 1311 Galli
648 1259 1076 1326 persecutionem
1112 1258 1386 1319 laudasse,
1426 1274 1566 1328 qua).
1617 1259 1720 1313 Pa-

152 1347 228 1416 εἰσ
247 1346 366 1416 (65)
391 1357 548 1410 teste,
584 1346 868 1402 Africanos
891 1349 1073 1403 tideles
1097 1349 1236 1402 haud
1261 1350 1465 1404 atllirit.
1491 1349 1599 1406 Nec
1619 1354 1718 1405 mi-

153 1453 255 1490 rum
280 1439 432 1506 quod
483 1439 759 1493 Romanus
783 1440 1010 1508 scriptor
1037 1438 1352 1495 Felicissimi
1387 1443 1716 1498 schismatici

151 1528 460 1583 meminisse
488 1529 758 1595 videatur;
787 1545 908 1582 nam
937 1529 993 1584 S.
1016 1529 1316 1601 Cyprianus
1335 1531 1445 1601 (66)
1469 1534 1718 1601 perditis-

149 1619 256 1671 simi
283 1619 531 1674 hominis
552 1620 767 1674 fraudes
792 1635 885 1689 per
909 1621 1164 1690 epistolas
1187 1637 1331 1676 anno
1361 1625 1628 1694 superiori
1656 1627 1709 1679 S.

149 1708 395 1764 Cornelio
416 1719 581 1779 atque
615 1711 783 1779 ipsius
811 1713 958 1766 clero
984 1713 1094 1781 jam
1117 1713 1473 1782 patefecerat;
1504 1717 1710 1786 ipsum-

1820 535 2017 604 tyrium
2066 548 2257 588 novem
2294 548 2509 588 menses
2544 533 2986 587 intercesserunt.
3030 528 3212 600 Neque
3242 545 3384 582 anno

1819 622 2105 692 superiori,
2155 621 2315 676 Decio
2358 621 2534 676 adhuc
2576 622 2808 684 vivente,
2846 618 3103 689 martyrio
3135 619 3385 671 coronari

1819 713 1992 782 potuit
2021 711 2337 784 Hippolytus
2371 713 2492 778 iste,
2528 727 2688 782 quem
2721 727 2890 766 unum
2921 727 2985 764 ex
3015 710 3251 778 quinque
3279 708 3385 762 illis

1824 805 2174 876 presbyteris,
2216 804 2309 874 qui
2340 802 2638 858 Novatiano
2667 819 2724 858 se
2757 803 3057 865 sociarunt,
3091 800 3257 855 fuisse
3287 817 3384 854 su-

1819 899 2125 966 spicantur;
2171 895 2516 966 presbyteros
2549 895 2693 949 enim
2717 894 2854 962 ,‘illos
2881 909 3065 947 mense
3094 891 3383 946 Novembri

1818 988 2061 1057 ejusdem
2098 987 2226 1041 anni
2258 987 2310 1038 in
2351 986 2641 1040 schismate
2673 985 2849 1040 adhuc
2887 985 3246 1054 permansisse
3270 983 3386 1052 epi-

1819 1079 1953 1132 stola
2008 1077 2066 1130 S.
2117 1077 2350 1131 Cornelii
2385 1077 2450 1130 ad
2505 1075 2729 1130 Fabium
2766 1076 3163 1129 Antiochenum
3203 1081 3384 1143 aperte

1820 1185 1920 1223 nos
1949 1179 2164 1232 monet;
2202 1168 2495 1234 quominus
2526 1182 2654 1221 vero
2693 1167 2866 1237 ipsum
2907 1166 3250 1238 Hippolytum
3282 1165 3385 1220 sub

1818 1259 1969 1314 Gallo
2017 1275 2231 1329 passum
2275 1259 2582 1323 credamus,
2630 1258 2984 1313 disertissima
3023 1259 3078 1311 S.
3127 1255 3384 1328 Cypriani

1815 1361 1872 1404 et
1916 1349 2264 1404 vetustissimi
2307 1349 2560 1418 anonymi
2595 1348 2898 1402 testimonia
2935 1363 3036 1402 nos
3073 1346 3380 1415 prohibent,

1815 1456 1880 1493 ex
1913 1440 2109 1509 quibus
2150 1439 2203 1492 in
2237 1439 2543 1494 Catholicos
2589 1447 2795 1492 tantum
2835 1437 3261 1507 persecutionem
3289 1452 3384 1490 ex-

1816 1530 2034 1583 citatam
2078 1529 2246 1583 fuisse
2277 1535 2528 1605 apparet;
2583 1525 2727 1596 quod
2759 1542 2881 1581 cum
2917 1524 3388 1579 animadvertisset

1817 1619 2191 1675 Tillcmontius
2213 1621 2355 1689 (70),
2398 1619 2739 1689 Hippolytum
2764 1659 2778 1682 ,
2813 1626 2871 1671 ut
2899 1615 3094 1685 inquit,
3129 1613 3385 1669 Reinana:

1818 1711 2068 1766 Ecclesia:
2109 1712 2479 1781 presbyterum
2513 1751 2527 1774 ,
2585 1710 2685 1762 hac
2737 1709 2955 1778 quidem
3010 1705 3384 1775 persecutione

147 1816 238 1866 que
271 1801 448 1854 etiam
480 1801 545 1855 de
574 1801 712 1856 facie
741 1803 878 1856 idem
903 1803 1136 1872 scriptor
1163 1819 1385 1860 noscere
1411 1782 1604 1876 perdit,
1639 1823 1705 1862 ex
1742 1782 1782 1839 Β
1814 1816 2056 1870 passum,
2089 1800 2180 1854 sed
2216 1801 2455 1855 schisma
2491 1800 2560 1853 ab
2589 1799 2706 1868 ipso
2739 1789 3004 1867 superiori
3035 1813 3179 1850 anno
3201 1797 3383 1866 cjura-

147 1904 202 1942 eo
224 1891 375 1960 quod
411 1907 599 1946 mense
631 1891 793 1946 Juuio
825 1894 988 1963 hujus
1017 1895 1146 1948 anni
1179 1893 1236 1948 S.
1272 1895 1560 1953 Cornelius
1596 1899 1706 1968 (67)

149 2001 166 2032 ι
198 1996 322 2037 cum
356 1981 588 2037 Romam
619 1985 1000 2041 schismaticus
1031 1987 1197 2040 homo
1223 1988 1460 2042 venisset
1479 1990 1709 2059 stipatus

145 2080 378 2140 caterva,
440 2085 494 2128 et
546 2074 778 2129 factione
833 2077 1273 2148 desperatorum,
1323 2082 1472 2136 illum
1530 2084 1710 2153 vigore

144 2165 290 2233 pleno
333 2163 404 2218 de
449 2163 690 2220 Ecclesia
734 2169 954 2237 pepulit.
1010 2188 1028 2221 ι
1081 2171 1150 2225 At
1183 2187 1307 2228 cum
1338 2175 1709 2243 superioribus

142 2257 289 2310 annis
368 2257 721 2313 doctissimus
791 2261 1091 2317 monachus
1152 2263 1479 2320 Prudentius
1535 2265 1710 2320 Mara-

141 2361 232 2399 nus
265 2346 415 2416 (68),
447 2348 538 2416 qui
576 2347 632 2402 S.
670 2349 920 2418 Cypriani
945 2350 1117 2407 Vitam
1144 2355 1451 2426 descripsit,
1481 2374 1710 2429 eamque

142 2435 301 2504 ipsius
338 2436 610 2506 Operibus
661 2438 863 2494 Baluzii
911 2444 1058 2500 curis
1116 2449 1412 2517 recognitis
1456 2449 1705 2518 praefixit,

141 2527 266 2583 hanc
300 2531 448 2583 Galli
478 2532 910 2600 persecutionem
946 2536 997 2588 in
1024 2536 1307 2592 Africanas
1330 2540 1492 2594 etiam
1529 2541 1705 2597 Eccle

141 2619 236 2671 sias
263 2630 582 2686 grassatam
610 2636 731 2676 esse
751 2623 1156 2680 evidentissime
1180 2629 1495 2697 ostendrrit,
1519 2647 1582 2685 ac
1613 2633 1709 2686 do-

138 2709 376 2762 ctissimo
422 2708 662 2766 Pamelio
706 2713 821 2769 haec
857 2719 1110 2786 anonymi
1137 2717 1320 2781 verba,
1373 2737 1391 2769 ι
1433 2729 1486 2774 et
1527 2736 1709 2775 sacra-

139 2809 374 2852 mentum
402 2800 788 2872 Baptismatis,
821 2806 966 2874 quod
1001 2808 1054 2860 in
1095 2808 1322 2862 salutem
1357 2813 1568 2880 generis
1607 2814 1707 2866 hu-

139 2894 268 2945 mani
300 2895 612 2962 provisum,
637 2907 690 2952 et
721 2899 820 2952 soli
850 2899 1103 2954 Ecclesiae
1132 2903 1336 2958 cmlcsti
1377 2907 1588 2960 ratione
1620 2923 1706 2962 ce-

137 2982 342 3038 lcbrare
385 3001 484 3054 per
514 3002 578 3041 os
612 3003 769 3041 suum
798 2993 1142 3058 przeostendit
1172 2993 1303 3064 (69),
1339 3015 1358 3048 ι
1399 2996 1704 3053 Africanam

1811 1903 1922 1945 tum
1975 1891 2236 1956 credidit;
2290 1891 2431 1959 quod
2485 1899 2665 1944 tamen
2720 1889 2920 1959 duplici
2982 1877 3206 1941 rationis
3261 1903 3380 1940 mo-

1811 1993 1995 2038 mento
2043 1983 2240 2036 falsum
2289 1997 2410 2037 esse
2456 1991 2633 2052 patet;
2688 1982 2864 2050 primo
2896 1981 3018 2050 quia
3055 1979 3381 2033 Prudentius

1812 2091 1920 2128 uno
1960 2075 2259 2143 eodemque
2306 2083 2547 2142 tempore
2583 2072 2928 2142 Hippolytum
2979 2072 3217 2126 schisma
3259 2071 3378 2140 eju—

1812 2185 1960 2220 rasse
1997 2176 2049 2220 et
2099 2167 2415 2236 martyrium
2475 2165 2709 2220 subiisse
2758 2164 2936 2229 dicit;
2992 2163 3252 2228 secundo,
3312 2177 3380 2216 ex

1809 2259 2034 2328 epistola
2095 2257 2151 2312 S.
2194 2257 2451 2319 Cornelii,
2501 2271 2623 2325 quae
2663 2255 2762 2309 sub
2795 2256 2950 2308 finem
2981 2255 3220 2324 ejusdem
3253 2253 3379 2306 anni

1810 2349 2116 2417 conscripta
2167 2347 2285 2410 fuit,
2347 2347 2688 2416 apertissime
2737 2354 2947 2400 constat
2988 2348 3226 2414 quinque
3260 2345 3379 2396 illos

1811 2442 2172 2511 presbyteros,
2222 2441 2315 2510 qui
2352 2441 2638 2494 adversum
2686 2440 2858 2508 ipsum
2907 2455 3027 2492 cum
3080 2436 3378 2491 Novatiano

1807 2533 2047 2588 schisma
2088 2530 2472 2596 conﬂaverant,
2519 2531 2755 2585 nondum
2789 2532 3098 2601 resipuisse.
3134 2531 3380 2600 Quapro-

1808 2632 1926 2692 pter
1973 2621 2311 2694 Hippolytus,
2351 2622 2395 2677 si
2430 2638 2570 2678 unus
2599 2638 2664 2676 ex
2701 2623 2806 2678 illis
2833 2623 2956 2688 fuit,
2999 2625 3052 2677 in
3086 2625 3376 2678 schismate

1809 2722 1920 2767 toto
1953 2712 2055 2767 hoc
2085 2727 2229 2766 anno
2250 2713 2615 2782 permansisse
2638 2711 2900 2767 dicendas
2923 2723 3024 2767 est.

1914 2802 2050 2856 XVI.
2097 2801 2380 2856 Frontonis
2433 2802 2613 2858 θαι·αεὶ
2659 2805 2918 2857 sententia
2951 2803 3269 2873 exploditur.

1880 2891 2288 2962 Rejectisigitur
2313 2893 2582 2948 Ruinartii
2607 2902 2658 2948 et
2682 2892 3008 2948 Tillemontii
3027 2894 3373 2963 conjectnris,

1810 2983 1884 3036 nil
1916 2985 2072 3038 nobis
2099 2995 2340 3053 superest
2374 2985 2668 3055 quominus
2692 2983 3035 3056 Hippolytum
3064 2986 3214 3038 illum
3242 2984 3377 3038 Pru-

138 3072 193 3125 de
215 3072 500 3143 Baptismo
533 3077 833 3132 doctrinam
865 3097 1054 3150 sapere
1083 3084 1347 3151 visasint,
1379 3101 1408 3139 α
1437 3104 1542 3156 qua
1564 3105 1700 3144 sem-
1731 3112 1775 3174 ο
1810 3077 1976 3131 dentii
2020 3078 2355 3132 carminibus
2387 3077 2817 3142 celeberrimum,
2846 3076 3221 3131 vetustissima:
3243 3074 3376 3128 Por-

139 3181 221 3232 per
251 3165 508 3222 Romana
538 3170 820 3227 abhorruit
847 3173 1118 3240 Ecclesia;
1141 3175 1427 3234 Africanus
1457 3179 1575 3234 ideo
1605 3181 1703 3235 hu-

135 3255 274 3324 jusce
303 3261 563 3327 opusculi
595 3271 785 3316 auctor
817 3264 1075 3322 dicendus
1097 3267 1219 3322 erit.
1254 3266 1357 3324 Sed
1387 3271 1469 3325 his
1501 3272 1703 3338 missis,

137 3348 193 3401 ad
227 3347 584 3420 Hippolytum
627 3362 871 3408 nostrum
905 3357 1098 3411 iterum
1126 3374 1182 3412 se
1205 3370 1482 3415 convertat
1509 3364 1701 3426 oratio,

137 3451 280 3503 quem
321 3455 463 3494 sane
486 3455 552 3495 ex
583 3441 688 3505 his,
723 3459 842 3513 qua:
866 3444 1148 3516 hucusque
1167 3446 1586 3518 disputavimus,
1609 3467 1706 3506 nec

137 3523 290 3590 Decii,
363 3545 469 3584 nec
529 3529 664 3585 Galli
721 3536 1096 3602 persecutione
1150 3539 1465 3609 martyrium
1523 3541 1704 3596 subire

134 3619 393 3684 potuisse,
446 3629 504 3674 ut
553 3621 1010 3679 hactenus-docti
1047 3627 1148 3681 viri
1183 3630 1544 3698 crediderunt,
1595 3648 1700 3687 non

132 3705 361 3761 obscure
415 3725 517 3764 nos
580 3713 840 3780 probasse
911 3717 1257 3772 arbitramur.
1327 3720 1582 3778 Bailettus
1649 3734 1696 3779 et

132 3791 434 3852 Ceillierins
465 3798 641 3867 ipsum
690 3799 871 3856 Idibus
928 3803 1153 3872 Augusti
1189 3820 1331 3860 anno
1370 3807 1568 3862 Christi
1595 3809 1702 3863 252
1740 3824 1752 3838 '

132 3901 352 3956 passum
400 3890 506 3944 sub
539 3889 702 3946 Decio
747 3895 966 3961 dicunt;
1004 3898 1094 3950 sed
1138 3898 1247 3967 jam
1294 3897 1490 3955 Decius
1517 3916 1701 3957 mense

130 3975 418 4034 Novembri
447 3981 574 4035 anni
618 3985 934 4052 superioris,
960 3996 1020 4040 ut
1052 3987 1312 4054 diximus,
1343 3989 1702 4061 interemptus

128 4128 563 4212 Papebrochigm
595 4134 770 4190 inAct.
801 4149 1103 4212 martyrum
1133 4143 1334 4198 mensis
1366 4143 1562 4212 Aprilis
1593 4155 1630 4200 t.
1656 4146 1694 4208 l,

128 4215 176 4282 ρ.
309 4200 684 4282 edit_._.Venet:e
704 4221 805 4282 an;
838 4208 999 4282 i737:
1026 4228 1044 4260 α
1075 4200 1427 4267 Cornelius":
1448 4225 1566 4282 post
1596 4200 1696 4271 hoc

125 4270 512 4350 Centumcellis
558 4276 854 4343 expulsus,
914 4280 984 4332 ibi
1031 4296 1153 4334 cum
1200 4284 1364 4352 gloria
1404 4270 1694 4341 dominio;

125 4355 241 4391 nem
271 4352 511 4409 accepit.
550 4361 567 4392 ι

1812 3170 2022 3223 tuensis
2065 3169 2208 3223 sedis
2259 3169 2551 3225 antistitem
2595 3167 2766 3223 fuisse
2812 3168 3107 3222 credimus.
3160 3167 3215 3221 ld
3243 3181 3376 3221 sane

1808 3269 1929 3328 post
1951 3259 2242 3313 Baronium
2272 3268 2415 3313 recte
2449 3269 2635 3315 nostro
2669 3259 2885 3327 quidem
2915 3259 3121 3327 judicio
3143 3258 3373 3328 eonjecit

1807 3349 2011 3404 Fronto
2043 3349 2269 3406 Duczeus
2295 3351 2428 3420 (71).
2465 3353 2522 3404 1η
2555 3367 2620 3404 eo
2655 3361 2832 3405 tamen
2869 3360 3053 3420 peccat
3082 3351 3369 3406 clarissimi

1807 3441 1907 3494 viri
1936 3441 2236 3502 sententia,
2284 3441 2425 3511 quod
2463 3457 2492 3495 a
2528 3440 2820 3497 Prudentio
2854 3443 3073 3496 unicum
3109 3439 3368 3511 Hippoly-

1806 3539 1918 3583 tum
1945 3530 2222 3584 laudatum
2241 3533 2534 3593 censuerit,
2564 3546 2816 3601 magnum
2842 3546 3033 3601 nempe
3055 3530 3364 3600 episcopum

1803 3630 1856 3675 et
1886 3632 2197 3692 martyrem,
2228 3637 2462 3690 eumque
2502 3621 2705 3676 idcirco
2747 3623 3050 3676 Novatiano
3080 3623 3368 3678 schismate

1805 3712 2171 3780 inquinatum,
2208 3721 2318 3766 tota
2355 3712 2480 3768 licet
2514 3713 2842 3768 reclamante
2884 3714 3226 3784 antiquitate,
3273 3731 3369 3768 au-

1805 3801 2047 3855 tumarit.
2080 3800 2340 3856 Frontoni
2380 3803 2433 3856 in
2461 3804 2562 3858 hac
2591 3819 2649 3859 re
2674 3803 2844 3858 facem
2870 3805 3103 3872 pra:tulit
3133 3803 3367 3858 Joannes

1802 3891 2021 3963 Langus
2079 3892 2190 3963 (72)
2239 3893 2610 3959 Erfurdensis,
2667 3896 2876 3964 primus
2931 3895 3182 3949 Historia:
3214 3894 3366 3949 Nice-

1801 3986 1955 4055 phori
1980 3985 2174 4048 editor,
2207 3987 2321 4056 qui,
2359 4002 2481 4041 cum
2515 3987 2732 4042 notulas
2755 3989 2874 4041 illas
2908 3988 2972 4040 ad
2999 4001 3121 4041 mox
3153 3988 3364 4041 laudata

1799 4147 1916 4214 cit.,
1971 4155 2024 4199 et
2075 4161 2224 4199 num.
2274 4145 2338 4199 19
2394 4164 2405 4198 :
2467 4165 2484 4196 ι
2530 4145 2634 4200 Sed
2679 4162 2778 4200 nec
2819 4162 2882 4198 ea
2928 4142 3273 4214 (persecutio)
3310 4145 3363 4197 in

1797 4213 1978 4270 Ali-ica
2014 4227 2278 4283 grassata.
2320 4235 2336 4266 ι

1867 4286 1981 4354 (66)
2038 4287 2090 4338 ld
2151 4287 2327 4355 ipsum
2373 4294 2602 4340 testatur
2653 4284 2710 4339 S.
2764 4285 3066 4355 Cyprianus
3107 4284 3262 4355 epist.
3295 4285 3366 4339 45

1797 4353 2050 4409 Cornelio
2074 4353 2222 4423 papae
2249 4358 2375 4409 data
2405 4372 2456 4424 p.
2492 4355 2597 4409 9'52
2633 4373 2646 4408 :
2677 4375 2695 4406 ι
2731 4353 2919 4410 Melius
2948 4368 3150 4415 autem,
3178 4353 3363 4421 frater,

190 4410 456 4502 (61.)"A1I‘
477 4427 584 4502 an:
605 4412 810 4502 Christi
851 4415 977 4484 255,
1004 4434 1153 4472 num.
1194 4420 1258 4473 15
1288 4421 1483 4478 Annal.
1508 4425 1687 4478 eccles.
1725 4449 1767 4502 [ι
1797 4425 1955 4502 scies,
1993 4426 2036 4478 si
2075 4410 2239 4502 etiam
2283 4410 2525 4502 exempla
2571 4427 2891 4502 litterarum,
2919 4442 3079 4502 quas
3102 4410 3172 4502 ad
3206 4435 3254 4478 te
3285 4410 3362 4476 Ιιτζ

123 4479 478 4550 ιοῐηί.Ῠ111Ῠεὶῐ.
511 4521 525 4543 ,
557 4498 610 4550 p.
648 4483 731 4534 17.

188 4549 299 4634 (62)
315 4549 448 4634 _Cit.
465 4549 596 4634 tom.
615 4551 709 4634 lll,‘
729 4568 780 4622 p.
803 4554 923 4634 741,
944 4554 1112 4634 Ικίοιςβ
1131 4575 1224 4612 sur
1239 4562 1386 4634 saint
1401 4562 1690 4634 Gorneille,

122 4629 240 4702 pote
422 4636 520 4674 sur
557 4623 640 4702 tes
681 4625 840 4678 Actes
871 4628 936 4679 de
973 4625 1029 4680 S.
1057 4629 1343 4696 Corneille,
1379 4633 1426 4686 le
1462 4632 1607 4702 jour,
1644 4622 1690 4688 le

119 4686 219 4740 lien
245 4700 298 4742 et
334 4691 379 4740 Ie
410 4706 576 4757 genre
600 4692 664 4745 de
691 4708 748 4745 sa
783 4707 942 4748 mort.

184 4759 298 4832 (65)
338 4757 666 4832 Franciscus
701 4761 828 4832 Pagi
864 4765 917 4818 in
949 4765 1218 4819 Breviario
1263 4770 1690 4826 historico-chro-

116 4827 578 4910 nofogzco-critico
608 4827 926 4910 pontiﬁcum
954 4835 1330 4910 Rontanorttm,
1369 4851 1406 4894 t.
1443 4840 1482 4902 1,
1519 4858 1570 4910 p.
1595 4843 1690 4905 27,

115 4897 245 4978 edit.
298 4897 616 4978 μυξη-ειη(
643 4897 812 4978 nas):
844 4921 862 4954 ι
897 4905 1134 4978 Sanctus
1182 4907 1270 4962 hic
1294 4897 1535 4978 pontifex.
1583 4897 1686 4966 sub

113 4965 265 5018 Gallo
293 4977 345 5021 et
379 4967 680 5022 Volusiano
706 4973 1092 5030 Centumcellis
1123 4976 1175 5028 in
1209 4965 1402 5033 exsilio
1434 4982 1570 5035 obiit
1595 4965 1688 5036 die

113 5049 199 5087 XIV
233 5036 845 5118 Septembrisejusdem
877 5060 967 5098 an.
993 5046 1120 5118 252',
1157 5058 1438 5118 postquam
1463 5067 1692 5117 annum,

111 5119 330 5180 menses
354 5117 468 5180 t_res
489 5118 546 5180 et
567 5109 680 5163 dies
703 5111 908 5180 aliquot
940 5109 1190 5169 sedisset.
1235 5136 1252 5168 ι

177 5173 320 5254 (“Mr
355 5176 570 5244 Smpius
629 5183 722 5234 cit.
791 5173 924 5236 tom.
969 5184 1032 5246 ll,
1081 5201 1201 5254 pag.
1267 5188 1392 5251 585,
1441 5199 1564 5243 nota
1601 5191 1628 5242 ὁ
1670 5211 1683 5244 :

115 5261 136 5294 ι
177 5245 712 5327 Quelquesauteurs
740 5261 834 5304 ont
855 5268 960 5327 cru
986 5245 1096 5327 que-
1117 5245 1260 5310 saint
1280 5245 1546 5313 Cor'neille
1573 5262 1688 5314 n‘a-

111 5317 216 5395 vait
262 5332 364 5395 pas
401 5317 493 5370 fini
529 5333 586 5371 sa
614 5321 697 5395 v_ie
730 5337 823 5389 par
851 5317 1198 5395 lesupplice;
1247 5328 1384 5381 mais
1413 5331 1555 5382 saint
1596 5329 1684 5384 .Ιὲ-

108 5386 260 5438 tome
288 5385 373 5439 dit
391 5385 803 5468 exp-[essement
831 5394 960 5468 qu’ll
990 5385 1684 5468 reipand'ighenreuselnent

109 5468 218 5536 son!
244 5471 386 5536 sang
421 5456 450 5507 ξι
491 5456 680 5520 Rome,
710 5472 764 5536 et
801 5456 906 5514 non
1015 5456 1470 5536 Civita-Vecchia,
1513 5469 1582 5522 oh
1613 5486 1682 5523 on

107 5527 341 5607 pretend
391 5543 523 5607 que.
554 5544 616 5581 ce
666 5531 806 5607 saint
861 5533 1008 5607 avait
1060 5535 1145 5607 eté
1187 5539 1391 5607 envoyé
1437 5527 1500 5592 en
1555 5541 1682 5602 exil,

107 5597 347 5670 φειδ-31161
400 5597 562 5664 aprés
612 5600 742 5668 qu’il
791 5611 880 5655 eut
925 5603 1105 5658 refuse
1162 5611 1227 5658 de
1287 5597 1531 5662 sacrit’icr
1579 5597 1684 5663 aus

108 5663 306 5715 'tdoles.
352 5683 372 5716 ι

175 5734 298 5801 (65)
335 5734 417 5789 Ad
438 5735 641 5792 dictum
664 5738 893 5804 811.253,
922 5757 1066 5796 num.
1107 5743 1189 5810 18,
1218 5760 1271 5814 p.
1303 5746 1372 5799 20
1395 5757 1446 5802 ct
1467 5749 1678 5817 2|,loc.

1795 4494 1997 4564 gelidas
2025 4511 2122 4562 pro
2143 4495 2430 4549 dilectione
2469 4497 2743 4549 communi
2788 4512 2882 4564 per
2912 4495 3273 4548 Chaldonium
3312 4505 3365 4547 et

1794 4563 2148 4635 Fortunatum
2216 4566 2451 4635 collegas
2483 4577 2720 4635 nostras
2784 4563 3028 4635 broxime
3086 4567 3362 4628 miseram,

1791 4648 1913 4705 qua:
1936 4634 2007 4705 de
2028 4636 2216 4688 eodem
2250 4634 2588 4689 Felieissimo
2609 4635 2746 4688 etde
2777 4634 3090 4705 presbytero
3117 4634 3360 4702 ejusdem

1793 4703 1861 4756 ad
1900 4704 2104 4757 clerum
2149 4705 2270 4758 istic
2305 4715 2551 4758 nostrum
2585 4713 2638 4758 et
2669 4706 2735 4758 ad
2763 4703 2970 4772 plebem
3010 4705 3356 4772 scripseram,

1790 4773 1894 4841 legi
1931 4775 2038 4827 illic
2076 4774 2340 4828 fratribus
2367 4775 2562 4843 jubcas
2584 4815 2600 4837 ,
2644 4789 2765 4842 qua:
2793 4783 2847 4828 et
2884 4775 3279 4828 ordinationem
3309 4783 3362 4826 et

1791 4843 2057 4896 rationem
2088 4843 2166 4897 rei
2208 4855 2370 4913 gestae
2418 4847 2710 4913 loquantur
2739 4883 2753 4905 ,
2800 4855 2857 4898 ut
2890 4855 2997 4898 tam
3028 4845 3150 4896 istic
3195 4858 3358 4912 quam

1793 4913 1901 4966 illic
1947 4914 2090 4967 circa
2139 4915 2322 4968 omnia
2364 4930 2457 4982 per
2500 4931 2596 4967 nos
2629 4915 2938 4968 fraternitas
2971 4915 3288 4982 instruatur.
3335 4931 3354 4962 ι

1862 4984 1974 5050 (67)
2013 4982 2144 5037 Vide
2169 4986 2236 5038 de
2270 4981 2377 5038 hac,
2403 4985 2632 5053 recpist.
2657 4984 2711 5038 ὃ.
2744 4984 2998 5053 Cypriani
3027 4984 3116 5048 59,
3144 4999 3197 5051 p.
3230 4981 3356 5035 259.

1858 5053 1971 5122 (68)
2009 5052 2137 5122 Pag.
2185 5054 2274 5108 66.
3047 5121 3050 5122 ν

1882 5054 1971 5107 68)
2009 5054 2137 5107 Pag.
2185 5054 2274 5107 66.

2177 5095 2338 5177 verba
2373 5123 2538 5191 ipsius
2565 5122 2752 5176 incerti
2783 5122 3019 5175 auctoris
3043 5121 3094 5174 in
3125 5130 3355 5175 tractatu

1789 5191 1876 5244 Ad
1925 5193 2285 5246 Novatianum
2330 5194 2628 5245 luereticum
2683 5194 2933 5259 superius
2989 5192 3173 5254 citato,
3237 5206 3361 5258 qua:

1789 5272 2009 5315 exstant
2051 5280 2103 5330 p.
2142 5264 2205 5316 16
2241 5264 2334 5316 cit.
2371 5263 2498 5315 edit.
2547 5261 2784 5314 Videnda
2817 5279 2937 5326 qua:
2977 5263 3041 5314 ad
3095 5263 3237 5313 hunc
3282 5262 3358 5311 lo-

1790 5347 1912 5385 cum
1942 5331 2214 5386 Pamelius
2257 5333 2310 5384 in
2345 5348 2442 5385 sua
2467 5331 2699 5400 Operuin
2737 5331 2793 5386 S.
2831 5331 3083 5402 Cypriani
3119 5331 3358 5384 editione

1790 5404 2084 5454 adnotavit.

1861 5471 1971 5538 (70)
1999 5469 2057 5522 In
2087 5470 2253 5525 citato
2280 5479 2411 5524 tom.
2445 5469 2531 5533 lll,
2562 5487 2682 5539 pag.
2716 5471 2838 5524 468.

1861 5540 1973 5605 (7|)
2026 5539 2081 5593 In
2127 5541 2217 5594 cit.
2273 5541 2394 5595 libr.
2455 5558 2502 5594 vi
2568 5540 2711 5595 Hist.
2779 5540 3066 5610 Nicephori
3121 5539 3352 5604 Callisti,

1827 5649 1842 5663 .
1874 5610 1997 5664 593.

1789 5625 2049 5747 μ’(ςζῖἶιι
2074 5681 2164 5733 lib.
2198 5697 2268 5742 Iv,
2300 5697 2416 5748 cap.
2445 5679 2532 5744 51,
2564 5680 2706 5749 quod
2735 5679 3078 5733 inscribitur:
3121 5679 3192 5732 De
3222 5677 3355 5744 Ilip-

1787 5751 1960 5818 polgto
2011 5751 2202 5803 Portus
2242 5753 2466 5804 civitatis
2516 5750 2690 5806 lionta'
2739 5762 2783 5803 et
2840 5756 2899 5804 de
2952 5751 3162 5820 scriptis
3219 5751 3350 5814 ejus.
