3826 6484
163 353 265 409 H5

953 323 1058 402 [DE
1099 345 1490 403 PORTUENSI
1532 345 1589 399 S.
1631 339 1993 398 HIPPOLYTI
2034 337 2224 392 SEDE.
2266 369 2335 378 —
2373 333 2553 390 PARS
2585 333 2624 386 Ι.

3299 329 3402 385 446

165 485 308 532 nam,
368 468 470 522 hac
496 468 723 538 epistola
756 469 826 522 ab
851 467 1138 540 Hippolyto
1162 466 1539 537 compellatam
1576 464 1732 518 dicti-
1762 467 1807 524 Α
1836 468 1924 514 tus
1964 473 2164 512 munus
2190 454 2435 510 relictum
2462 451 2601 518 fuit;
2632 461 2962 522 quapropter
2988 448 3302 540 episcopum
3338 448 3404 540 il-

168 561 318 622 tavit,
371 560 524 614 nullo
548 560 769 630 quidem
798 570 957 625 teste,
1007 561 1119 614 imo
1146 568 1332 615 contra
1371 556 1736 627 antiquissimi

167 650 408 705 Iaterculi
439 650 623 717 fidem,
667 667 827 721 quem
873 653 988 722 ipse
1025 651 1078 706 in
1111 649 1458 707 secernendis
1485 648 1739 720 genuinis

166 739 438 812 Hippolyti
467 743 742 811 operibus,
771 743 934 798 veluti
959 743 1285 798 tutissimam
1315 756 1585 802 normam,
1618 754 1741 808 pcr-

167 840 330 902 petuo
384 833 540 902 sequi
583 834 719 888 velle
759 843 1012 890 testatur.
1055 833 1384 904 Hippolytus
1413 835 1596 901 itaque
1637 829 1740 884 No-

168 922 512 976 vatianorum
545 925 880 993 temporibus
931 940 1213 994 superesse
1241 925 1438 994 potuit.
1493 923 1744 976 Novatia-

171 1015 252 1068 nis
287 1023 474 1068 tamen
502 1014 706 1072 favisse
735 1031 843 1070 non
873 1017 1102 1071 obscure
1151 1017 1414 1071 indicaret
1441 1014 1499 1071 S.
1533 1015 1740 1069 Corne-

170 1106 274 1160 lius
310 1105 462 1176 (21),
520 1106 574 1160 in
601 1108 826 1177 epistola
855 1109 918 1162 ad
957 1107 1182 1163 Fabium
1219 1108 1639 1170 Antiochenam,
1689 1107 1742 1160 in

173 1211 276 1265 qua
331 1205 444 1251 tres
484 1197 769 1266 episcopos
810 1197 1168 1253 Novatianum
1221 1201 1504 1254 ordinasse
1537 1207 1742 1263 narrat,

171 1301 411 1354 quorum
463 1302 632 1340 unum
685 1287 896 1356 cjurato
945 1289 1290 1356 postmodum
1339 1290 1633 1345 schismate
1679 1289 1744 1342 ad

173 1378 623 1432 communionem
677 1377 1002 1432 catholicam
1050 1381 1277 1436 rediisse
1319 1382 1529 1443 scribit,
1557 1395 1746 1451 quem-

172 1483 274 1535 que
303 1465 655 1538 llippolytum
691 1479 938 1524 nostrum
967 1470 1154 1537 fuisse,
1183 1488 1289 1525 non
1321 1471 1491 1526 levem
1515 1471 1748 1526 fortasse

175 1558 452 1627 quispiam
502 1561 866 1630 suspicionem
912 1563 1113 1618 habere
1164 1573 1364 1632 posset.
1410 1562 1514 1617 Sed
1539 1563 1745 1618 cumS.

174 1646 464 1703 Cornelius
510 1651 792 1720 episcopos
839 1652 960 1706 illos
990 1655 1180 1722 exigua
1208 1664 1260 1708 et
1285 1655 1541 1708 vilissima
1571 1652 1752 1709 Italia

171 1747 344 1804 parte,
400 1746 567 1809 atque
611 1757 675 1795 ex
727 1742 1011 1798 vilioribus
1056 1746 1267 1814 oppidis
1324 1743 1748 1802 Novatianorum

175 1836 463 1890 molitione
495 1837 697 1892 accitos
725 1838 888 1905 dicat,
919 1855 1125 1910 eosque
1163 1842 1394 1896 homines
1421 1843 1574 1913 plane
1597 1854 1750 1900 rudes

175 1944 232 1979 ac
255 1928 533 1996 simplices
565 1930 833 1996 nominat,
868 1931 1050 1987 nullus
1075 1933 1195 1987 ideo
1223 1933 1536 2004 huiusmodi
1569 1937 1751 2006 conje-

177 2030 347 2073 ctura:
378 2020 536 2074 locus
562 2035 684 2075 esse
715 2021 893 2086 debet,
936 2038 1060 2077 cum
1106 2024 1219 2079 haec
1245 2023 1532 2097 Hippolyto
1568 2037 1754 2083 nostro

179 2109 505 2179 neutiquam
557 2112 845 2167 convenire
890 2113 1121 2182 possint.
1170 2113 1488 2186 Hippolytus
1520 2119 1663 2172 enim
1697 2117 1753 2172 in

177 2202 541 2255 nobilissime
576 2200 742 2256 Italiae
784 2203 1062 2272 provincia
1116 2206 1510 2277 notissimaque
1537 2207 1590 2261 in
1623 2208 1756 2262 urbe

177 2297 560 2362 episcopatum
611 2295 863 2359 obtinuit,
913 2312 1147 2366 eumque
1194 2307 1341 2354 tanta
1385 2299 1644 2356 doctrina:
1692 2317 1756 2356 ac

178 2384 464 2452 sapientia
508 2384 667 2439 laude
715 2385 968 2441 ﬂoruisse
992 2389 1207 2458 egregia
1246 2391 1419 2459 ipsius
1445 2392 1646 2460 scripta
1677 2400 1757 2447 te-

177 2484 417 2540 stantur,
452 2485 510 2528 ut
536 2475 911 2534 Theodorelus
948 2479 1061 2550 (22)
1103 2479 1447 2553 Hippolytum
1483 2484 1621 2540 inter
1651 2487 1758 2556 spi-

180 2567 404 2620 riruales
461 2569 796 2623 recensuerit
849 2571 1041 2638 fontes,
1095 2588 1164 2627 ex
1208 2575 1406 2643 quibus
1438 2579 1759 2646 evangelica:

179 2657 426 2710 veritatis
474 2658 567 2710 lux
621 2658 892 2713 uberrime
920 2664 1178 2718 manavit.
1231 2663 1456 2719 Demum
1494 2667 1541 2721 si
1583 2666 1760 2722 Nova-

180 2749 347 2802 tianis
393 2764 639 2816 unquam
670 2748 894 2805 favisset
934 2751 1278 2826 Ilippolytus,
1314 2771 1377 2811 ac
1402 2766 1588 2826 postea
1623 2760 1762 2814 resi-

183 2839 418 2908 puisset,
445 2841 743 2909 episcopali
772 2843 954 2896 statim
979 2844 1170 2899 ordine
1190 2844 1452 2915 dejectus,
1483 2849 1619 2903 Iaica
1647 2860 1762 2904 tan-

181 2939 290 2982 tum
323 2931 718 2985 communione
748 2943 1006 3002 exceptus
1042 2935 1254 3003 fuisset,
1307 2938 1462 3007 juxta
1490 2941 1759 3010 rigidissi-

183 3038 327 3075 mam
366 3022 519 3076 illius
551 3023 650 3076 aevi
680 3023 1049 3094 disciplinam,
1097 3044 1261 3096 quam
1293 3031 1449 3084 nobis
1478 3031 1548 3086 ob
1573 3033 1762 3088 oculos

1839 554 1972 613 lum,
2003 564 2162 619 quem
2205 547 2272 601 ad
2313 546 2575 601 unitatem
2618 543 2872 598 Ecclesiae
2914 541 3140 596 rediisse
3185 539 3312 595 dicit
3346 537 3406 594 S.

1837 641 2144 702 Cornelius,
2180 640 2249 694 ab
2297 637 2584 708 Hippolyto
2626 644 2812 690 nostro
2857 647 3084 703 prorsus
3133 631 3408 687 diversum

1841 732 2010 788 fuisse
2032 731 2356 786 firmandum
2384 738 2486 784 est.
2512 727 2588 783 De
2615 743 2682 782 eo
2711 736 2912 790 tamen,
2943 725 3198 794 quisnam
3226 722 3410 786 fuerit,

1839 841 1950 880 non
1999 839 2107 879 una
2151 833 2235 878 est
2282 822 2619 876 eruditorum
2650 819 2934 874 sententia.
2964 815 3229 871 Henricus
3256 813 3414 870 Vale-

1842 915 1957 970 sius
1989 914 2099 985 (26)
2129 913 2483 983 Trophimum
2537 911 2706 964 fuisse
2755 908 3007 978 conjecit.
3042 906 3256 961 Valcsio
3301 919 3412 959 non

1844 1009 2194 1067 subscribunt
2241 1005 2617 1060 Tillemontius
2652 1003 2766 1072 (27)
2815 1011 2868 1054 et
2908 999 3102 1053 Petrus
3143 997 3413 1051 Coustan-

1845 1105 1954 1158 tius
1982 1100 2114 1173 (28),
2145 1115 2210 1154 eo
2240 1100 2366 1169 quia
2390 1096 2718 1166 Trophimus
2743 1095 2812 1147 ob
2839 1092 3156 1147 idololatria:
3185 1089 3414 1152 crimen,

1845 1211 1952 1249 non
1973 1193 2116 1262 quod
2146 1190 2464 1246 Novatianis
2494 1187 2804 1248 adhzeserit,
2831 1202 2893 1239 ex
2921 1182 3212 1253 episcopali
3242 1180 3416 1250 gradu

1845 1286 2126 1357 depulsus,
2156 1283 2292 1337 Iaica
2329 1290 2536 1336 tantum
2567 1278 2949 1333 communione
2981 1285 3266 1344 susceptus
3295 1272 3414 1326 fuit.

1846 1383 2000 1446 Acta,
2027 1395 2146 1450 qua:
2173 1373 2537 1431 confessionis
2565 1371 2846 1426 Novatiani
2883 1369 3098 1423 titulum
3128 1366 3420 1436 prmferunt

1847 1473 1989 1543 apud
2017 1469 2270 1524 Photium
2307 1467 2441 1536 (29),
2471 1463 2784 1518 Marcellum
2828 1471 2882 1516 et
2907 1460 3272 1514 Alexandrum
3303 1458 3419 1527 epi-

1849 1579 2045 1633 scopos
2075 1560 2472 1631 Aquileienses,
2502 1568 2555 1610 et
2581 1556 3040 1626 Agamemnonem
3076 1551 3420 1606 Tiburtinum

1849 1657 2162 1725 episcopum
2189 1667 2311 1706 cum
2341 1649 2643 1703 Novatiano
2675 1647 2743 1702 ab
2788 1645 2921 1715 ipsis
2948 1644 3196 1698 ordinato
3227 1643 3281 1694 in
3316 1658 3422 1694 una

1851 1747 2130 1812 eademque
2163 1742 2388 1798 azdicula
2417 1743 2480 1794 ab
2507 1742 2635 1809 ipsis
2657 1749 2961 1794 constructa
2995 1737 3320 1790 cohabitasse
3348 1733 3426 1801 fe-

1854 1848 1997 1892 runt.
2029 1835 2410 1890 Tillemontius
2465 1843 2645 1886 tamen
2694 1830 2888 1885 merito
2938 1830 3132 1883 horum
3163 1827 3425 1880 Actorum

1854 1930 2010 1984 fidem
2063 1935 2370 1996 suspectam
2422 1925 2583 1979 habet
2611 1923 2725 1993 (50)
2759 1942 2772 1976 :
2809 1923 3006 1992 primo,
3052 1919 3182 1989 quia
3224 1920 3276 1972 in
3320 1930 3426 1970 una

1852 2023 2147 2091 eademque
2193 2022 2326 2074 urbe
2377 2020 2514 2074 duos
2556 2017 2839 2086 episcopos
2871 2014 3144 2069 exstitisse
3172 2018 3430 2081 repugnet

1855 2112 2087 2176 rationi;
2131 2110 2390 2168 secundo.
2414 2110 2542 2178 quia
2574 2108 2630 2162 S.
2663 2107 2950 2161 Cornelius
2985 2105 3272 2175 episcopos
3306 2103 3428 2154 illos

1853 2220 1919 2258 ex
1953 2220 2056 2257 una
2093 2203 2409 2270 eademque,
2443 2216 2614 2270 eaque
2645 2198 3054 2261 obscurissima,
3085 2196 3250 2250 Italia:
3280 2202 3431 2264 parte

1857 2297 2060 2352 accitos
2104 2296 2256 2360 dicit,
2289 2309 2410 2364 qua:
2455 2293 2522 2347 de
2560 2291 2889 2362 Aquileieusi
2919 2300 2974 2344 et
3001 2289 3286 2342 Tiburtino
3319 2287 3430 2354 epi-

1857 2388 2038 2456 scopis
2071 2395 2222 2440 tanto
2266 2395 2534 2440 terrarum
2564 2384 2847 2438 intervallo
2879 2383 3017 2436 inter
3045 2397 3102 2436 se
3131 2380 3339 2435 dissitis
3368 2395 3432 2432 ac

1859 2477 2176 2532 notissimas
2218 2475 2380 2529 Italia:
2424 2473 2577 2527 sedes
2609 2471 2995 2536 obtinentibus,
3033 2484 3190 2523 nemo
3221 2469 3430 2538 uSpiam

1860 2568 2138 2637 intelliget.
2165 2565 2236 2620 De
2270 2565 2371 2620 hae
2397 2581 2453 2618 re
2479 2563 2846 2618 consulendus
2873 2570 2956 2616 est
2984 2561 3148 2615 etiam
3177 2560 3257 2614 vir
3281 2575 3432 2615 sum-

1860 2677 1982 2714 mus
1997 2658 2235 2713 Joannes
2259 2657 2566 2712 Bernardus
2593 2657 2657 2710 de
2686 2655 2888 2709 Rubeis
2907 2654 3015 2723 (51)
3043 2655 3096 2707 in
3127 2652 3434 2706 Monumen-
3527 2662 3529 2664 ·

1863 2754 1930 2806 tis
1964 2751 2214 2804 Ecclesia:
2245 2749 2684 2820 Aquileiensis,in
2718 2747 2917 2817 quibus
2948 2746 3164 2801 fictitios
3193 2746 3292 2800 bos
3320 2745 3436 2814 epi-

1862 2861 2057 2914 scopos
2085 2860 2115 2898 e
2143 2844 2313 2898 sacris
2355 2841 2734 2896 vetustissima:
2781 2841 2926 2896 illius
2955 2838 3212 2894 Ecclesia:
3256 2841 3436 2908 dipty-

1863 2937 1984 2992 cbis
2018 2936 2212 2989 merito
2239 2934 2454 2989 delevit.
2490 2933 2596 2987 Nec
2624 2933 2918 3002 quidquam
2949 2929 3238 2984 Frontonis
3281 2929 3436 2998 prod-

1864 3043 1982 3083 esse
2021 3035 2253 3096 possunt
2299 3025 2578 3080 sententia:
2629 3026 2742 3077 bzec
2793 3020 3080 3090 Nicephori
3111 3019 3220 3091 (52)
3250 3020 3434 3083 verba,

182 3116 336 3184 ponit
370 3115 432 3170 S.
467 3117 755 3172 Cornelius
781 3117 914 3188 (25),
952 3121 1044 3188 qui
1076 3121 1130 3174 in
1161 3123 1390 3191 epistola
1417 3126 1602 3178 eadem
1650 3128 1766 3195 epi—
1791 3144 1833 3201 ρ
1865 3122 2066 3191 quibus
2115 3120 2409 3174 secundam
2461 3119 2575 3187 ipse
2618 3117 2814 3184 adjecit
2869 3123 3050 3168 notam
3083 3132 3096 3166 :
3135 3131 3151 3163 ι
3178 3111 3436 3178 Quaedam

184 3221 416 3274 scopum
458 3206 635 3273 illum,
666 3209 756 3278 qui
782 3207 1141 3265 Novatianum
1175 3214 1410 3278 inunxit,
1439 3216 1620 3284 populi
1646 3233 1764 3286 pre-

183 3303 328 3354 cibus
365 3311 585 3372 motus,
608 3301 746 3355 laica
777 3309 985 3357 tantum
1013 3307 1375 3360 communione
1400 3307 1660 3361 donatum
1689 3316 1765 3362 te-

185 3402 385 3457 statur,
427 3393 518 3448 cui
545 3396 706 3448 etiam
751 3397 1046 3451 assentitur
1078 3395 1134 3451 S.
1167 3398 1472 3468 Cyprianus
1504 3399 1638 3469 (24),
1671 3401 1764 3469 qui

185 3487 538 3554 presbyteros
611 3486 793 3554 lapsos
851 3503 915 3543 ac
960 3490 1304 3557 postmodum
1384 3491 1765 3560 resipiscentes

183 3574 322 3630 Iaica
376 3586 589 3631 tantum
635 3579 1020 3634 communione
1071 3581 1332 3650 suscepit.
1407 3580 1763 3638 Severissima

185 3681 370 3724 tamen
423 3668 591 3739 hujus
635 3671 736 3723 aevi
779 3669 1064 3740 disciplina
1112 3671 1340 3726 nimium
1387 3670 1575 3726 forsan
1616 3673 1761 3743 rigo-

187 3777 298 3815 rem
361 3775 560 3829 sapere
617 3761 730 3814 visa
795 3771 879 3816 est
930 3759 1164 3816 Nicamis
1215 3761 1506 3828 Patribus;
1566 3764 1764 3818 etenim

188 3853 365 3921 ipsam
392 3852 792 3922 aliquantisper
813 3853 1062 3924 mitigare
1087 3854 1415 3909 studuerunt
1440 3856 1586 3910 edito
1607 3871 1769 3911 cano-

188 3961 255 3999 ne
287 3946 434 4016 (25),
468 3945 524 3998 in
552 3961 662 4014 quo
685 3947 953 4015 episcopis
980 3962 1044 4001 ex
1069 3945 1369 4001 Novatiana
1394 3958 1539 4003 secta
1569 3949 1636 4003 ad
1666 3947 1769 4002 Ec-

187 4041 421 4094 clesiam
459 4038 838 4103 redeuntibus,
867 4038 1188 4110 presbyterii
1217 4040 1301 4094 vel
1348 4040 1769 4110 chorepiscopa-

262 4174 382 4242 (21)
455 4171 513 4226 In
570 4171 744 4242 Epist.
799 4173 1031 4243 Roman.
1118 4175 1307 4243 pontii.
1395 4190 1425 4228 a
1482 4174 1766 4230 Constant.

192 4261 246 4314 p.
276 4244 385 4298 H7
407 4285 422 4305 ,
461 4243 568 4314 Acit.
619 4244 751 4314 edit.
793 4242 967 4298 Paris.
1026 4244 1158 4314 1721
1186 4284 1200 4308 ,
1238 4242 1360 4312 qua:
1385 4246 1549 4299 estin
1579 4245 1771 4300 ordine

189 4311 354 4384 epist.
387 4315 422 4366 9
449 4312 690 4384 Cornelii
718 4311 874 4384 Papia
904 4331 921 4384 7:
959 4332 977 4366 ι
1017 4313 1162 4368 Duos
1188 4311 1290 4368 sibi
1322 4315 1500 4369 socios
1524 4315 1771 4382 deplora-

191 4381 258 4437 tfe
286 4384 491 4438 salutis
516 4383 676 4453 elegit
700 4381 1078 4452 (No’vatianus)
1101 4399 1242 4451 quos
1265 4385 1318 4438 in
1337 4381 1770 4453 exiguam’atque

189 4455 521 4508 vilissimam
566 4451 734 4507 Italiae,
781 4463 988 4521 partem
1023 4455 1336 4518 destinaret,
1383 4451 1449 4507 ut
1482 4455 1604 4508 inde
1629 4451 1773 4508 acci-

190 4534 276 4578 tos
298 4524 593 4594 episcopos
629 4532 760 4586 tres,
807 4523 1056 4594 homines
1085 4524 1248 4594 plane
1285 4525 1448 4578 rudes
1477 4541 1540 4578 ac
1564 4525 1772 4594 simpli-

190 4611 304 4658 ces,
335 4592 710 4646 'fraudulenta
759 4592 993 4662 quadam
1041 4593 1319 4648 molitione
1357 4592 1721 4662 deciperet
1755 4634 1768 4647 .

191 4665 286 4733 qui
321 4679 453 4717 cum
491 4663 836 4733 advenissent
867 4663 1210 4720 homines.ut
1234 4664 1345 4732 jam
1368 4665 1622 4725 diximus,
1644 4664 1775 4718 sim—

192 4732 449 4803 plicioris
499 4732 701 4803 ingenii
738 4771 754 4786 .
785 4771 798 4784 .
835 4773 847 4787 .
880 4733 1010 4786 hora
1059 4733 1268 4788 decima
1316 4735 1671 4800 temulentos,
1721 4741 1776 4788 et

191 4804 426 4871 crapula
459 4815 752 4872 oppressos
781 4803 1100 4870 imaginaria
1125 4805 1378 4872 quadam,
1417 4813 1470 4857 et
1493 4820 1629 4858 vana
1657 4820 1774 4856 uia-

194 4889 374 4927 unum
426 4871 811 4942 impositioue,
853 4873 1221 4942 episcopatum
1270 4875 1372 4927 sibi
1425 4876 1635 4927 tradere
1681 4889 1776 4942 per

189 4948 305 4995 vim
349 4942 552 5011 coegit.
585 4982 597 4993 .
636 4981 649 4994 .
686 4981 699 4995 .
747 4940 855 4995 Nec
897 4940 1068 4995 multo
1109 4953 1229 5010 post
1269 4960 1411 4997 unus
1437 4959 1502 4996 ex
1534 4945 1636 4996 illis
1664 4940 1777 5011 epi-

195 5014 386 5082 scopis
419 5015 484 5063 ad
520 5011 819 5066 Ecclesium
855 5013 1030 5075 rediit,
1057 5028 1178 5067 cum
1213 5014 1464 5067 lamentis
1486 5023 1540 5069 et
1563 5015 1778 5067 ﬂetibus

193 5093 498 5156 peccatum
521 5097 695 5156 suum
712 5082 995 5156 contite_ns.
1033 5100 1052 5133 ι

269 5151 395 5220 (22)
439 5149 571 5205 Vide
593 5153 864 5221 dialogum
893 5153 944 5215 5,
984 5168 1104 5221 pag.
1140 5151 1260 5211 116,
1295 5163 1425 5206 tom.
1454 5152 1520 5206 IV
1541 5195 1555 5218 ,
1588 5154 1682 5207 ubi
1711 5169 1774 5208 ex

199 5240 222 5275 ι
260 5221 640 5276 Ecclesiarum
673 5222 1011 5286 doctoribus,
1040 5234 1092 5276 et
1125 5223 1274 5275 orbis
1323 5233 1586 5277 terrarum
1619 5224 1781 5276 Iumi-

199 5293 391 5354 nibus,
433 5310 452 5343 ι
487 5291 635 5361 quod
673 5292 789 5360 ipse
810 5293 940 5346 dicit
963 5305 1014 5346 ct
1043 5293 1264 5356 scribit,
1316 5309 1373 5345 se
1407 5295 1655 5348 hausisse
1700 5294 1780 5347 af-

201 5363 414 5427 firmat,
469 5363 611 5416 inter
656 5377 796 5430 quos
841 5372 987 5417 certe
1017 5361 1336 5433 Hippolytus
1377 5377 1562 5418 uoster
1596 5380 1781 5417 recen—

199 5433 414 5502 sendos
453 5439 563 5502 est,
620 5433 779 5498 cujus
825 5433 1027 5502 profert
1073 5433 1397 5486 testimonia.
1459 5435 1588 5490 Vide
1617 5435 1779 5488 etiam

199 5517 330 5572 pag.
363 5501 492 5572 154,
523 5502 628 5556 Ioc.
657 5505 750 5572 cit.

265 5572 400 5650 (25)
440 5571 612 5640 Epist.
642 5571 675 5625 9
701 5573 861 5650 citata
886 5588 1006 5642 pag.
1045 5573 1145 5650 I50
1178 5592 1189 5626 :
1230 5594 1245 5621 ι
1279 5573 1450 5638 Quem
1489 5590 1609 5637 nos,
1658 5591 1779 5650 cum

201 5644 507 5714 universus
552 5644 786 5714 populus
840 5659 1076 5710 praesens
1117 5647 1435 5712 deprecatus
1478 5656 1655 5714 esset,
1717 5647 1784 5701 ad

203 5711 657 5781 communionem
690 5712 879 5764 laicani
914 5715 1268 5781 suscepimus.
1303 5733 1321 5763 ι

277 5780 400 5850 (24)
442 5778 692 5852 Legenda
728 5792 836 5837 tota
866 5778 1090 5853 epistola
1124 5784 1210 5852 55,
1242 5785 1296 5839 S.
1330 5785 1583 5856 Cypriani
1613 5785 1776 5842 Anto-

1866 3228 2026 3282 porro
2051 3213 2250 3280 scripta
2276 3210 2394 3278 ejus
2425 3213 2638 3276 (nempe
2667 3206 2956 3276 llippolyti)
2987 3220 3109 3259 cum
3138 3203 3436 3271 reprehen-

1865 3305 2019 3360 sione
2047 3319 2155 3357 non
2187 3310 2431 3365 careant,
2463 3299 2721 3370 martyrio
2754 3307 2938 3367 postea
2967 3311 3064 3365 pro
3093 3293 3306 3348 Cbristi-
3339 3308 3442 3346 no-

1867 3397 2012 3450 mine
2039 3395 2286 3450 absoluto
2319 3392 2636 3464 ignorantiae
2659 3390 2777 3460 ejus
2805 3388 3074 3443 maculam
3107 3386 3323 3441 detrivit
3351 3395 3438 3438 at-

1865 3504 1972 3558 que
2015 3487 2300 3542 detersit.)
2329 3485 2540 3540 Etenim
2594 3497 2826 3546 errores,
2868 3496 3008 3550 quos
3061 3480 3114 3533 in
3165 3475 3438 3548 Hippolyti

1867 3581 2084 3650 scriptis
2144 3588 2297 3634 notat
2344 3578 2594 3642 Photius,
2655 3577 2791 3631 nihil
2843 3590 2967 3630 cum
3014 3571 3438 3627 Novatianorum

1867 3672 2094 3728 somniis
2135 3672 2335 3726 habent
2380 3684 2692 3731 commune,
2741 3667 2834 3722 sed
2883 3675 3125 3720 veterum
3180 3678 3442 3732 quorum-

1865 3768 1990 3824 dam
2035 3766 2258 3821 Patrum
2296 3766 2513 3837 genium
2547 3765 2772 3820 omnino
2802 3762 3038 3832 sapiunt,
3069 3774 3209 3830 quos
3243 3756 3441 3812 similia

1867 3858 2192 3930 quandoque
2217 3858 2516 3916 dictitasse.
2547 3856 2780 3911 eruditis
2809 3855 3064 3909 omnibus
3095 3853 3438 3907 notissimum

1867 3958 1948 4004 est
1976 3948 2107 4018 (55).
2135 3945 2458 4016 Hujusmodi
2489 3960 2702 4001 errores
2726 3946 2778 3998 in
2811 3945 2950 3999 libro
2984 3942 3182 3999 Contra
3223 3943 3442 3996 hiemes

1867 4042 2142 4098 exstitisse
2171 4039 2361 4094 scribit
2398 4039 2538 4092 idem
2577 4037 2803 4092 Pbotius
2829 4037 2963 4106 (54),
2993 4052 3153 4106 quem
3198 4035 3264 4089 ad
3298 4033 3440 4089 Noe-

1872 4177 2206 4300 nianqdata,
2236 4175 2470 4246 Operum
2499 4189 2620 4244 pag.
2653 4173 2750 4227 241
2790 4183 2844 4228 et
2879 4188 3031 4242 seqq.
3083 4173 3280 4240 saepius
3306 4172 3442 4226 cita-

1872 4257 1938 4300 ta?
1966 4263 2010 4300 ei
2040 4257 2243 4300 ttlouls.

1871 4257 1938 4302 tae
1966 4248 2243 4301 editionis.

1944 4317 2058 4387 ('25,)
2098 4317 2284 4370 Canon
2324 4315 2633 4387 hujnsmodi
2667 4322 2749 4368 est
2781 4312 2915 4387 _8_i‘n‘
2937 4323 3066 4387 tum.
3097 4311 3140 4364 ll
3177 4310 3443 4365 Concilio-

1873 4383 1994 4441 rurn
2028 4383 2150 4456 pag.
2181 4387 2250 4440 55
2277 4383 2406 4440 edit.
2428 4383 2794 4456 Venetzeanui
2824 4383 2980 4456 17:28.

1947 4452 2058 4525 (26)
2101 4452 2155 4509 In
2188 4457 2328 4510 notis
2356 4456 2420 4509 ad
2456 4463 2618 4523 caput
2645 4454 2713 4507 45
2740 4454 2831 4506 lib.
2865 4469 2917 4506 vr
2950 4453 3090 4507 Hist.
3118 4453 3242 4506 eccl.
3277 4452 3446 4506 Euse-

1875 4526 2188 4596 bii,p.512:
2219 4529 2408 4580 «Illum
2431 4525 2812 4596 ipsu_tn,_cujus
2845 4526 3048 4596 mentio
3082 4526 3247 4596 estin
3284 4539 3446 4596 supe-

1877 4591 1998 4652 rius
2036 4598 2197 4652 citata
2247 4598 2404 4665 epist.
2627 4593 2882 4665 Cypriani
2919 4595 3001 4647 his
3039 4595 3258 4647 verbis:
3295 4612 3312 4642 ι
3351 4591 3444 4646 Sic

1881 4687 1899 4718 ι
1931 4678 2106 4721 tamen
2137 4663 2408 4720 admissus
2432 4675 2512 4718 est
2543 4663 2893 4731 TrOpbimus,
2915 4673 2973 4716 ut
3004 4665 3442 4717 laicuscommu-

1883 4757 1900 4790 ι
1933 4740 2092 4801 nicet,
2130 4753 2236 4789 non
2273 4736 2426 4803 quasi
2472 4737 2645 4787 locum
2683 4734 2981 4788 sacerdotis
3008 4744 3248 4801 usurpet.
3276 4751 3293 4782 ι

1949 4809 2059 4876 (27)
2101 4806 2267 4860 Tmne
2295 4802 2387 4866 Ill,
2415 4803 2577 4876 Notos
2611 4819 2704 4856 sur
2733 4803 3192 4876 _saint_Corncille,
3231 4812 3355 4856 note
3385 4802 3440 4866 6,

1879 4871 1994 4945 Que
2023 4871 2314 4945 'l‘rophimc
2347 4876 2489 4928 avait
2521 4871 2766 4937 idolatré,
2798 4889 2848 4941 p.
2887 4873 3008 4925 740.

1950 4947 2059 5016 (‘28)
2104 4943 2156 4998 In
2208 4947 2349 5016 notis
2380 4945 2444 5016 ad
2477 4946 2728 5016 superius
2750 4945 2978 5016 citatam
3015 4945 3172 5012 epist.
3207 4943 3240 4996 9
3269 4944 3439 5016 sancti

1877 5012 2112 5073 Cornelii
2156 5018 2220 5070 ad
2264 5015 2512 5079 Fabium,
2543 5030 2663 5084 pag.
2704 5013 2825 5078 149,
2863 5022 2973 5066 not.
3005 5030 3057 5079 a,
3086 5025 3137 5067 et
3165 5030 3283 5084 pag.
3326 5012 3440 5077 I66,

1881 5102 1994 5142 IIOl.
2027 5105 2072 5142 δ.

1951 5159 2062 5230 (29)
2104 5160 2161 5230 I_n
2200 5155 2544 5230 Bibliotheca,
2575 5154 2695 5207 cod.
2729 5167 2970 5230 CCXXXII,
3007 5170 3061 5222 p.
3084 5153 3212 5230 dull.

1951 5223 2062 5299 (50⁷)
2105 5227 2273 5299 Tome
2303 5225 2388 5285 Ill,
2409 5223 2568 5299 Notos
2588 5241 2697 5299 _s_ur
2730 5225 2872 5299 salut
2901 5224 3191 5299 Corneille,
3217 5232 3330 5276 not.
3354 5223 3440 5286 IO,

1882 5293 1975 5352 sur
2007 5299 2080 5352 les
2113 5297 2456 5350 ordinateurs
2485 5294 2550 5346 de
2585 5294 2868 5356 Novatien,
2901 5311 2951 5361 p.
2987 5293 3108 5348 742.

1953 5368 2235 5488 (51)-(ἐτῦρ.
2273 5366 2328 5430 4,
2366 5366 2392 5435 §
2426 5365 2475 5428 'i,
2525 5381 2576 5432 p.
2617 5365 2685 5419 44
2719 5373 2771 5417 et
2797 5381 2946 5434 seqq.
2979 5364 3104 5418 edit.
3136 5364 3444 5434 Argenlina:

1956 5455 2006 5488 Ill
2092 5453 2106 5488 ι
2191 5475 2205 5488 .

1882 5454 2006 5491 311111
2050 5453 2205 5488 114υ.

1954 5507 2063 5576 (52)
2109 5505 2358 5558 llistorite
2405 5503 2768 5559 ecclesiastica:
2801 5505 2889 5558 lib.
2927 5521 2998 5564 IV,
3046 5520 3094 5558 c.
3125 5503 3213 5566 51,
3248 5518 3302 5572 p.
3338 5503 3442 5557 550

1883 5578 2058 5632 citauit
2082 5576 2353 5630 editionis.

2106 5644 2236 5768 Σίδας
2263 5645 2495 5706 Bulium,
2533 5643 2736 5712 Defens.
2783 5645 2905 5712 ﬁdei
2934 5643 3184 5710 Nicwnw,
3207 5655 3336 5699 sect.
3356 5661 3435 5704 Ill,

1885 5736 1930 5772 ι’.
1962 5721 2016 5776 8,
2050 5721 2076 5785 §
2106 5721 2157 5768 4.

1955 5783 2072 5860 (54)
2105 5785 2160 5840 ιιι
2200 5785 2545 5852 Bibliotheca,
2595 5784 2714 5840 cod.
2751 5799 2895 5848 cur,
2948 5801 2998 5855 p.
3033 5785 3174 5841 502:
3210 5802 3231 5838 ι
3259 5783 3440 5839 Refert
