3826 6490
439 357 540 412 447

1234 350 1322 404 DE
1364 347 1757 406 PORTUENSI
1799 348 1856 403 s.
1899 345 2260 402 lllPPOLYTl
2296 343 2488 400 suos.
2529 373 2596 384 -
2637 342 2815 399 rans
2853 315 2897 398 ιζ

3586 344 3677 397 HS

438 477 620 531 tianos
668 479 878 528 tantum
928 471 1251 542 productum
1303 479 1549 526 testatur.
1587 469 1706 525 Alia
1753 471 1915 525 etiam
1946 471 2015 524 ab
2047 477 2090 531 Α
2121 467 2298 522 tuensi
2330 465 2570 520 Ecclesia
2621 465 2802 520 locum
2856 465 3056 520 habere
3105 466 3344 534 potuisse
3390 475 3574 534 aperte
3596 466 3678 520 de-

438 570 556 636 ipso
601 565 890 636 Hippolyto
918 563 1100 618 minus
1151 572 1298 618 recte
1341 564 1588 633 exposita
1634 564 2014 618 animadvertit

436 659 634 727 saepius
684 657 882 713 citatus
935 665 1126 710 auctor
1162 655 1408 722 Photius,
1458 656 1512 709 in
1566 655 2011 725 interpretatione

434 748 694 816 Danielis,
731 757 785 802 et
829 747 1099 817 prmcipue
1148 747 1467 802 Antichristi
1500 746 1812 812 adventum,
1847 761 2008 816 quem

436 839 493 897 S.
531 841 820 910 episcopus
868 839 1305 910 quingentesimo
1356 847 1477 907 post
1527 837 1808 893 Christum
1863 853 2009 892 anno

431 946 746 1001 venturum,
779 946 832 990 et
865 935 1296 1006 quamplurimos
1325 951 1478 1006 reges
1517 935 2007 990 exterminaturum

429 1028 730 1094 dictitarit;
771 1029 918 1082 hunc
944 1029 1119 1097 ipsum
1151 1029 1315 1080 etiam
1351 1027 1634 1096 scopulum
1666 1028 2009 1082 oll‘enderunt

432 1117 490 1172 S.
521 1117 776 1182 lrenaeus,
806 1116 1142 1181 Victorinus,
1174 1116 1510 1182 Lactantius,
1543 1119 1744 1187 aliique
1769 1133 1834 1173 ex
1867 1119 2006 1173 anti-

428 1208 712 1278 quissimis
762 1207 1053 1276 Patribus,
1096 1226 1234 1279 quos
1289 1210 1471 1264 laudat
1523 1210 1815 1265 Anselmus
1868 1211 2003 1266 Tut-

427 1313 547 1358 teus
577 1303 710 1372 (55),
753 1303 1198 1358 accuratissimus
1225 1302 1459 1372 Operum
1493 1303 1550 1357 S.
1590 1303 1775 1373 Cyrilli
1808 1303 2001 1358 Hiero-

425 1393 735 1464 solymitani
757 1391 950 1446 editor.
979 1392 1114 1446 Cum
1143 1393 1306 1462 igitur
1331 1393 1492 1459 hanc,
1531 1409 1694 1462 quam
1741 1395 1809 1449 de
1855 1395 2004 1450 illius

425 1487 641 1557 scriptis
664 1484 986 1540 sententiam
1011 1483 1111 1538 fert
1135 1483 1492 1553 Nicephorius,
1519 1502 1623 1540 non
1648 1486 1864 1541 aliunde
1893 1488 1998 1553 ille,

423 1588 482 1632 ut
540 1579 904 1648 suspicamur,
959 1593 1121 1648 quam
1175 1593 1238 1632 ex
1285 1575 1462 1631 Photii
1517 1577 1865 1643 Bibliotheca,
1902 1579 2000 1634 de-

421 1671 777 1740 prompserit;
801 1680 984 1740 aperte
1014 1669 1321 1740 colligimus
1353 1670 1554 1723 nullam
1586 1670 1746 1724 nobis
1774 1687 1803 1724 a
1838 1670 1997 1726 Nice-

418 1762 594 1831 phoro
621 1761 942 1832 conjiciendi
983 1762 1247 1817 rationem
1284 1762 1635 1831 suppeditari,
1659 1778 1765 1833 qua
1796 1762 1998 1834 Hippo-

419 1852 592 1923 lytum
638 1851 1062 1908 Novatianorum
1097 1861 1404 1908 commenta
1451 1868 1690 1922 unquam
1735 1842 2010 1922 probasse

417 1945 726 2002 credamus.
759 1945 998 2000 Tandem
1047 1946 1093 2000 si
1139 1943 1412 2016 Hippolyti
1464 1953 1518 1999 et
1565 1943 1992 2002 Novatianorum

415 2046 660 2107 tempora
712 2047 965 2092 accurate
1014 2052 1306 2107 parumper
1347 2037 1762 2106 expendantur,
1810 2040 1993 2094 nullus

415 2140 604 2184 nostro
649 2129 867 2200 quidem
914 2129 1120 2200 judicio
1172 2129 1456 2183 dubitandi
1500 2129 1654 2185 locus
1699 2133 1988 2199 supererit,

412 2222 544 2290 quin
576 2222 976 2277 sanctissimum
1012 2220 1267 2277 Ecclesia}
1297 2221 1510 2276 Patrem
1538 2223 1606 2276 ab
1632 2224 1781 2276 omni
1811 2222 1992 2278 Nova-

413 2317 575 2368 tianae
621 2313 846 2369 haeresis
899 2313 1212 2383 suspicione
1256 2322 1376 2368 tuto
1415 2329 1539 2369 cum
1573 2314 1846 2369 Ceillierio
1877 2315 1986 2386 (56)

411 2403 686 2458 vindicare
718 2404 1014 2474 possimus,
1045 2405 1137 2473 qui
1169 2413 1426 2474 prteterea
1464 2405 1532 2459 ab
1560 2405 1705 2460 omni
1733 2403 1988 2461 Novatia-

409 2495 574 2550 nismi
607 2497 917 2566 suspicione
951 2495 1298 2566 Hippolytum
1334 2505 1578 2550 nostrum
1608 2497 1772 2551 etiam
1802 2514 1867 2553 eo
1891 2514 1988 2569 po-

408 2584 682 2641 tissimum
706 2586 946 2642 vindicat
967 2597 1306 2656 argumento,
1331 2587 1496 2656 quod,
1526 2587 1569 2642 si
1601 2588 1716 2657 ipse
1743 2606 1983 2660 unquam

407 2675 729 2734 Novatianis
762 2679 1098 2746 adhaesisset,
1131 2680 1182 2734 id
1227 2679 1469 2749 profecto
1499 2695 1605 2734 non
1642 2683 1986 2740 reticuisseut

409 2769 779 2835 schismatiei;
812 2771 1059 2840 quinimo
1103 2780 1312 2826 tantum
1348 2771 1526 2825 virum
1560 2783 1720 2830 secta:
1749 2791 1861 2832 suae
1891 2794 1985 2847 pa-

411 2870 628 2915 tronum
663 2862 959 2919 Catholicis
993 2873 1380 2920 ostentassent.

406 2969 570 3028 XVII.
613 2971 964 3028 Prudentium
996 2985 1099 3029 tres
1122 2979 1174 3030 in
1197 2995 1360 3100 puum
1393 2978 1705 3051 Ilippolytos
1727 2983 1983 3050 con/lassa

1035 3058 1199 3100 ostent
1221 3061 1349 3100 itur.

1035 3058 1349 3103 ostenditur.

473 3133 751 3192 Hactenus
784 3139 1085 3210 praecipuas
1133 3157 1454 3214 magnorum
1485 3145 1725 3199 virorum
1760 3157 1980 3202 senten-
2009 3179 2051 3234 ρ

404 3226 530 3294 tias,
561 3228 760 3297 quibus
811 3227 1156 3302 Hippolytum
1208 3248 1239 3286 a
1295 3233 1591 3290 Prudentio
1655 3236 1976 3304 laudatum,

401 3316 721 3376 Portuensis
761 3320 844 3375 vel
877 3321 1135 3377 Romana:
1166 3323 1422 3380 Ecclesia:
1438 3328 1778 3399 presbyterio
1809 3329 1981 3383 ascri-

400 3411 552 3477 bere,
584 3423 748 3483 atque
773 3428 804 3467 e
834 3429 990 3470 sacro
1019 3413 1402 3472 Portuensium
1435 3419 1816 3490 episcoporum
1855 3422 1980 3477 albo

399 3505 581 3560 delere
605 3505 786 3560 conati
810 3515 954 3569 sunt,
989 3507 1043 3561 ni
1077 3518 1263 3564 nostra
1299 3525 1399 3565 nos
1427 3510 1564 3567 fallit
1587 3511 1794 3582 opinio,
1823 3515 1979 3584 peni-

400 3607 490 3652 tus
524 3597 830 3653 concidisse
855 3599 1111 3665 vidimus,
1141 3617 1263 3656 cum
1298 3611 1353 3657 et
1397 3612 1700 3673 temporum
1737 3605 1898 3670 ratio,
1926 3616 1981 3660 et

399 3691 745 3746 sanctissima
774 3690 1040 3760 majorum
1067 3707 1376 3748 nostrorum
1407 3696 1694 3765 disciplina
1724 3695 1980 3770 Hippoly-

401 3791 515 3837 tum
540 3781 686 3838 hunc
713 3783 1110 3857 presbyterum,
1137 3801 1234 3841 nec
1257 3786 1310 3839 in
1341 3785 1586 3841 Romana
1637 3803 1737 3843 nec
1763 3788 1816 3842 in
1843 3787 1976 3844 Por-

399 3968 593 4032 antem
615 3973 739 4012 cum
774 3959 878 4014 alia
929 3974 1036 4015 non
1065 3963 1287 4032 o_mnino
1313 3961 1503 4030 proba,
1529 3970 1644 4016 tum
1677 3961 1976 4032 Epistolam

398 4030 466 4084 ad
502 4028 758 4084 Hebraeos
788 4046 897 4084 non
932 4045 1052 4085 esse
1082 4028 1234 4084 Pauli
1265 4028 1515 4100 apostoli,
1550 4052 1567 4083 ι
1604 4043 1712 4089 etc.

469 4100 582 4171 (55)
624 4101 681 4171 l_n
713 4100 859 4171 n0ti_s
891 4101 955 4154 ad
981 4100 1261 4156 Cateches.
1294 4101 1381 4168 15,
1419 4118 1471 4171 p.
1501 4102 1628 4167 251,
1658 4114 1771 4160 not.
1802 4106 1868 4161 Α.

468 4169 591 4244 (58)-
625 4169 787 4244 διιίῃιΔ
806 4169 1110 4244 Hippolyte,
1140 4172 1330 4244 éve‘que
1376 4169 1433 4226 et
1480 4183 1705 4244 martyr,
1753 4177 1840 4231 ch.
1879 4177 1969 4239 27,

397 4239 530 4312 tum.
551 4241 615 4304 ll,
647 4256 698 4312 ρ.
730 4240 854 4312 519,
882 4239 911 4312 §
941 4241 973 4294 5
991 4239 1418 4312 :‘tNotre'saint,
1441 4259 1508 4296 au
1530 4239 1824 4311 contraire,
1843 4247 1976 4302 était

398 4311 465 4386 né
492 4309 630 4386 dans
663 4311 712 4386 |_a
744 4309 932 4386 Gt‘ece,
966 4312 1003 4386 _il
1032 4311 1163 4365 était
1197 4311 1422 4381 évéque,
1455 4323 1508 4368 et
1537 4330 1604 4368 ne
1638 4319 1745 4384 prit
1770 4309 1972 4386 jamais

396 4384 445 4436 le
483 4381 621 4450 parti
652 4381 746 4434 des
789 4379 1118 4447 Novatiens;
1171 4379 1480 4444 autremcnt
1525 4379 1974 4442 ces'schi‘smati-

394 4467 531 4522 ques
558 4450 864 4522 n'auraient
901 4467 1005 4522 pas
1045 4451 1280 4521 manqué
1308 4453 1374 4508 de
1407 4455 1516 4508 s’en
1551 4454 1686 4510 faire
1718 4459 1973 4511 honneur

356 4546 357 4549 η
393 4519 447 4576 et
476 4523 541 4576 de
589 4535 649 4574 se
678 4519 944 4590 prévaloir
975 4522 1043 4576 de
1087 4537 1149 4577 ce
1181 4519 1348 4591 qu‘un
1402 4524 1619 4580 homme
1666 4529 1710 4582 si
1759 4527 1972 4582 celebre
2001 4521 2050 4580 D

395 4608 494 4662 par
521 4607 584 4673 sa
623 4591 837 4646 science
859 4601 910 4647 et
935 4607 1033 4662 par
1065 4607 1125 4648 sa
1155 4601 1309 4648 vertu
1340 4594 1518 4648 aurait
1541 4596 1821 4654 embrassé
1852 4599 1968 4654 leur

431 4673 556 4718 arti.
589 4680 607 4711 ι

856 4733 912 4800 4,
949 4749 1003 4788 v.
1042 4733 1129 4802 ‘17,
1161 4749 1283 4806 pag.
1320 4734 1446 4801 124,
1479 4735 1609 4791 edit.
1643 4736 1970 4810 Antwerpia:

395 4819 524 4858 anni
555 4819 696 4856 100}
734 4822 746 4856 ὲ

601 4872 738 4943 Afra
771 4871 1035 4943 Carthago
1069 4883 1158 4926 tua
1188 4885 1386 4943 promet
1418 4891 1561 4943 ossa,

605 4940 710 5012 Qre
739 4940 1260 5012 facundo'Cypria'ne
1289 4945 1512 5005 doctor:

603 5010 850 5067 Corduba
882 5010 1148 5066 Acisclum
1178 5014 1349 5080 dabit,
1374 5027 1423 5069 ct
1447 5016 1686 5071 Zoellum

677 5081 900 5152 Tresque
935 5100 1176 5138 coronas.

391 5149 587 5227 Utrum
637 5152 722 5227 his
767 5149 945 5227 verbis
993 5152 1318 5227 Prudentius
1346 5154 1486 5210 duos
1517 5157 1638 5210 illos
1667 5156 1969 5227 Cyprianos

387 5222 717 5296 confuderit,
751 5223 877 5296 aliis
922 5223 1290 5296 iudicandum
1324 5222 1967 5296 relinquimusfllypria-

390 5307 519 5344 num
553 5293 954 5347 Antiochennm
1002 5310 1219 5362 magum
1269 5294 1435 5349 fuisse
1469 5293 1839 5351 certissimum
1885 5307 1968 5352 est

389 5371 443 5436 et
492 5363 773 5436 doctorem
828 5374 1224 5436 nuncupatum,
1258 5365 1350 5432 qui
1384 5363 1654 5420 Justitiam
1695 5367 1962 5436 virginem

391 5431 446 5484 in
475 5433 686 5503 Agladii
717 5448 954 5503 amorem
987 5431 1210 5503 magicis
1241 5431 1448 5489 artibus
1497 5437 1735 5490 excitare
1783 5431 1967 5492 tenta-

387 5501 682 5577 verat.__De
724 5502 896 5577 ipsius
936 5501 1292 5577 conversione
1323 5513 1375 5557 et
1410 5507 1671 5577 martyrio
1701 5508 1970 5577 videndus

389 5569 509 5648 Ado
547 5570 633 5624 die
663 5569 790 5648 xm
828 5571 1180 5648 Septembtjs,
1215 5583 1278 5648 et_
1306 5584 1450 5648 notae
1483 5569 1746 5648 Do'minici
1783 5575 1966 5648 Giorgi

389 5643 457 5716 ad
489 5640 834 5716 ipsa_m_t_liem
871 5640 991 5713 pag.
1019 5643 1144 5708 497,
1191 5644 1283 5712 qui
1328 5645 1582 5716 observat
1627 5647 1694 5699 ab
1738 5640 1966 5716 ipsomét

391 5708 654 5780 Gregorio
668 5708 1007 5767 Nazian'zet'io
1024 5708 1372 5768 commistum
1395 5713 1586 5779 fuisse,
1609 5708 1854 5771 oratione
1877 5719 1962 5779 l8,

392 5779 722 5854 Cyprianum
767 5780 1254 5854 Carthaginensem
1305 5799 1430 5841 cum
1475 5786 1746 5858 Cypriane
1771 5787 1963 5844 Antio-

2115 567 2440 614 monstrent.
2496 557 2699 614 Eodem
2753 557 2915 612 etiam
2963 566 3124 626 pacto
3167 557 3519 627 rejiciendam
3571 573 3679 613 esse

2111 657 2351 711 diximus
2381 655 2709 725 peculiarem
2737 653 2882 707 illam
2913 651 3139 708 Joannis
3169 652 3337 723 Langi
3361 669 3427 709 ac
3455 651 3676 708 Fronto-

2111 749 2198 804 nis
2249 747 2430 803 Ducan
2480 748 2548 803 de
2601 745 2888 816 Hippolyto
2921 745 3317 815 conjecturam,
3351 761 3461 815 qua
3521 745 3676 800 diser-

2110 839 2382 894 tissimum
2419 839 2940 907 sanctissimumque
2971 836 3222 891 Ecclesiae.
3248 836 3461 891 Patrem
3493 838 3546 890 in
3581 835 3678 890 No-

2108 936 2450 987 vatianorum
2498 932 2694 987 castris
2746 931 3008 985 militasse
3039 929 3264 995 dicunt;
3316 940 3515 1000 praeter
3547 932 3676 985 enim

2106 1035 2347 1079 veterum
2376 1024 2618 1078 omnium
2666 1024 2993 1092 scriptorum
3027 1023 3094 1077 de
3129 1020 3398 1094 Hippolyti
3433 1021 3680 1076 Novatia-

2106 1119 2286 1172 nismo
2340 1117 2650 1183 silentium,
2697 1116 2870 1186 ipsius
2920 1123 3051 1169 tetas
3091 1131 3214 1169 cum
3261 1113 3675 1170 Novatianorum

2106 1208 2444 1277 temporibus
2468 1207 2611 1261 haud
2641 1207 2898 1277 conjungi
2925 1215 3122 1275 potest.
3161 1204 3348 1276 Neque
3379 1206 3559 1275 ipsius
3585 1207 3675 1258 do-

2105 1300 2280 1354 ctrina
2312 1299 2611 1370 quidquam
2655 1314 2778 1354 cum
2814 1298 3286 1353 schismaticorum
3320 1299 3556 1353 somniis
3589 1299 3676 1351 ha-

2104 1391 2221 1446 buit
2250 1407 2561 1447 commune.
2589 1390 2930 1461 Quapropter
2969 1407 3091 1445 cum
3122 1389 3458 1444 Prudentius
3487 1391 3678 1460 hymno

2104 1499 2207 1538 suo
2241 1482 2588 1554 Hippolytum
2640 1484 3013 1555 presbyterum
3068 1480 3426 1538 Novatianum
3479 1483 3672 1545 laudet,

2102 1587 2265 1646 atque
2295 1579 2370 1632 illi
2400 1578 2642 1647 episcopi
2666 1587 2720 1632 et
2747 1577 3048 1648 presbyteri
3091 1584 3271 1646 partes
3303 1591 3415 1629 uno
3463 1575 3678 1630 eodem-

2101 1686 2205 1739 que
2244 1679 2487 1740 tempore
2536 1670 2822 1739 perspicue
2873 1669 3105 1734 tribuat;
3159 1681 3320 1722 nemo
3371 1683 3483 1721 non
3543 1668 3678 1721 videt

2101 1777 2356 1831 magnum
2405 1760 2699 1817 Baronium
2744 1760 2888 1816 haud
2935 1760 3177 1829 iniquam
3208 1760 3274 1816 de
3302 1761 3423 1831 ipso
3462 1770 3678 1814 senten-

2030 1835 2227 1909 Btiam
2284 1855 2492 1921 tulisse,
2529 1855 2659 1909 dum
2714 1863 2825 1910 tres
2878 1853 3196 1926 Hippolytcs
3251 1854 3304 1907 in
3358 1869 3538 1908 unum
3582 1855 3676 1907 hoc

2097 1946 2337 2000 carmine
2370 1946 2438 2000 ab
2469 1945 2657 2000 eodem
2695 1944 2955 1999 confusos
2985 1943 3385 1998 animadvertit.
3417 1942 3677 2010 Quamvis

2094 2038 2238 2091 enim
2290 2038 2619 2107 exquisitam
2651 2036 2976 2108 pientissimi
3031 2045 3202 2106 poeta:
3226 2035 3572 2106 diligentiam
3601 2052 3677 2091 ve-

2094 2137 2236 2184 teres
2271 2145 2337 2184 ac
2384 2129 2717 2184 recentiores
2763 2130 3058 2198 scriptores
3103 2144 3212 2184 uno
3255 2144 3349 2182 ore
3400 2143 3676 2183 commen-

2092 2221 2240 2286 dent,
2271 2229 2448 2275 tamen
2481 2236 2604 2275 cum
2634 2221 2947 2290 hujusmodi
2978 2221 3146 2276 naevis
3178 2220 3284 2274 alia
3306 2219 3475 2274 etiam
3509 2220 3678 2288 ipsius

2091 2312 2332 2366 carmina
2395 2327 2646 2382 respersa
2702 2328 2823 2368 esse
2883 2323 3136 2378 constet,
3195 2312 3450 2382 colligere
3505 2313 3673 2381 juvat,

2091 2400 2294 2470 ipsum,
2335 2401 2464 2455 dum
2517 2399 2786 2473 Hippolyti
2835 2402 2919 2457 sui
2969 2401 3158 2457 laudes
3199 2401 3421 2467 cecinit,
3469 2400 3675 2470 aliquid

2089 2493 2314 2548 humani
2338 2508 2560 2564 passum
2592 2492 2760 2548 fuisse
2788 2508 2854 2548 ac
2881 2494 3094 2559 eodem,
3133 2508 3243 2563 quo
3272 2493 3325 2547 in
3363 2493 3473 2546 alio
3509 2493 3676 2563 ipsius

2089 2585 2312 2655 hymno,
2349 2585 2690 2641 confusionis
2737 2584 2869 2639 vitio
2921 2585 3223 2651 laborasse,
3258 2584 3313 2638 in
3340 2600 3449 2654 quo
3480 2585 3544 2637 S.
3580 2582 3676 2654 Cy-

2085 2677 2360 2747 prianum,
2390 2677 2807 2733 celeberrimum
2829 2677 2980 2731 illum
3011 2691 3075 2731 ac
3110 2675 3459 2730 notissimum
3492 2674 3675 2729 Eccle-

2086 2770 2182 2822 sia:
2208 2768 2426 2824 Patrem
2453 2767 2590 2838 ('57),
2633 2783 2758 2823 cum
2799 2766 3073 2838 Cypriano
3107 2764 3448 2819 Antiocheno
3482 2762 3676 2818 confu-

2085 2860 2183 2925 dit,
2219 2876 2380 2930 quem
2411 2875 2631 2930 magum
2665 2859 2838 2914 luisse
2867 2859 3154 2928 perhibent
3183 2857 3323 2922 Ado,
3365 2854 3672 2918 Usuardus,

2083 2949 2372 3019 Notkerus,
2417 2953 2722 3022 cmlerique,
2753 2960 2806 3006 et
2852 2951 3011 3018 cujus
3047 2949 3169 3004 lidei
3203 2948 3482 3004 confessio
3532 2949 3672 3003 edita

2083 3043 2404 3112 plerumque
2454 3044 2650 3111 legitur
2697 3043 2766 3097 ad
2817 3042 3019 3096 calcem
3071 3038 3310 3110 Operum
3359 3037 3418 3094 S.
3453 3038 3674 3109 Cypria~

2085 3134 2141 3187 ni
2174 3135 2312 3204 (58),
2350 3142 2514 3205 atque
2547 3135 2719 3205 ipsius
2750 3135 2883 3188 Acta
2932 3134 3206 3204 aliquibus
3255 3133 3456 3187 abhinc
3510 3134 3671 3187 annis

2083 3225 2325 3296 vulgavit
2376 3225 2729 3280 doctissimus
2779 3226 3083 3280 monachus
3114 3223 3436 3279 Edmundus
3467 3223 3672 3278 Marte

2082 3331 2150 3371 ne
2183 3315 2318 3386 (59).
2351 3314 2407 3370 S.
2443 3315 2654 3370 Sixtum
2686 3314 2993 3369 Romanum
3043 3315 3354 3385 pontiﬁcem
3407 3317 3564 3371 cruci
3594 3316 3672 3370 af-

2082 3410 2248 3461 lixum
2286 3408 2429 3462 idem
2455 3405 2783 3461 Prudentius
2815 3405 2958 3460 dixit
2987 3404 3123 3478 (40),
3157 3422 3319 3476 quem
3349 3407 3670 3462 luculentis-

2081 3499 2223 3553 sitno
2264 3497 2320 3552 S.
2352 3497 2610 3568 Cypriani
2641 3497 2752 3568 (41)
2806 3497 3140 3563 testimonio,
3191 3497 3371 3568 gladio
3419 3499 3670 3552 animad-

2081 3605 2285 3644 versum
2314 3590 2540 3644 scimus.
2569 3587 2664 3642 His
2689 3588 2852 3659 igitur
2876 3587 3195 3657 praemissis,
3220 3587 3293 3640 nil
3321 3587 3528 3642 mirum
3561 3589 3673 3644 cui-

2078 3683 2224 3752 piam
2253 3698 2373 3738 esse
2397 3682 2575 3747 debet,
2601 3685 2746 3752 quod
2781 3682 3054 3736 maximus
3083 3679 3478 3735 Ecclesiastica’
3510 3684 3672 3736 histo-

2080 3777 2174 3828 riw
2204 3790 2401 3845 parens
2432 3775 2806 3830 vetustissimo
2852 3774 2981 3830 licet
3022 3789 3088 3828 ac
3137 3773 3503 3829 disertissimo
3535 3777 3670 3829 scri-

3229 3857 3236 3878 ι

2077 3973 2273 4034 cheno,
2302 3971 2456 4041 juxta
2489 3971 2707 4027 Baronii
2743 3974 3090 4029 sententiam.
3123 3975 3423 4032 Adeundus
3455 3976 3668 4035 Usuar-

2076 4045 2180 4098 dus
2219 4045 2410 4098 eadem
2458 4043 2565 4105 die,
2597 4055 2649 4097 et
2680 4043 2921 4099 Solerius
2951 4047 3004 4099 in
3037 4047 3180 4100 notis
3216 4056 3350 4100 tom.
3391 4047 3481 4101 νυ
3513 4067 3667 4105 men-

2076 4115 2154 4187 sis
2183 4111 2353 4187 Junii,
2403 4129 2456 4183 p.
2486 4113 2612 4179 558,
2642 4113 2911 4170 Notkerus
2950 4116 3137 4187 eadem
3189 4117 3276 4170 die
3317 4120 3461 4187 apud
3496 4119 3666 4175 Cani-

2077 4185 2217 4237 sium
2245 4183 2511 4237 Thesauro
2537 4196 3001 4259 monumentorum
3015 4183 3517 4259 ecclesiasticarum,
3540 4201 3582 4245 t.
3602 4191 3667 4259 ll,

2074 4263 2214 4324 part.
2258 4271 2359 4328 _m,
2405 4267 2528 4325 pag.
2583 4254 2716 4321 176;
2757 4253 3194 4323 Wandelbertus,
3228 4257 3322 4328 qui
3356 4259 3474 4315 haec
3504 4261 3573 4317 de
3603 4253 3670 4318 eo

2076 4325 2297 4394 scripsit
2328 4342 2341 4378 :

2215 4394 2377 4467 δεξιτιο
2404 4403 2608 4467 martyr
2632 4403 2748 4467 orat
2774 4393 3098 4464 Cyprianus,
3123 4397 3267 4467 uirgo
3295 4398 3454 4451 beata

2216 4464 2383 4536 Quem
2410 4464 2626 4518 Iustina
2662 4465 2757 4518 Dei
2783 4467 2904 4534 fecit
2927 4464 3230 4536 cognoscere
3254 4485 3494 4535 regnum,

2214 4534 2434 4588 Artibus
2459 4535 2661 4589 insanis
2693 4538 2904 4589 tandem
2936 4534 3194 4607 furiisque
3221 4534 3444 4593 relictis.

2068 4625 2224 4700 ,θρα-(1
2281 4625 2827 4700 Dache_rji__Spicilcg.
2881 4636 3014 4684 tom.
3055 4627 3121 4695 ll,
3171 4646 3224 4700 p.
3261 4629 3352 4696 55,
3380 4631 3478 4687 cit.
3516 4633 3653 4687 edit.

2069 4697 2248 4750 Paris.
2282 4697 2412 4750 anni
2445 4697 2602 4750 1725.

2143 4767 2256 4836 (58)
2297 4765 2427 4836 Pag.
2467 4768 2536 4822 54
2565 4768 2697 4822 edit.
2729 4765 2949 4825 Oxonii.

2139 4834 2255 4912 (59)
2296 4834 2560 4912 ΤΙιὲραιιίο
2589 4855 2718 4912 nouo
2740 4839 3136 4912 anecdotorunt,
3160 4848 3289 4912 tom.
3308 4839 3397 4908 ill,
3425 4859 3480 4912 p.
3501 4842 3664 4907 l6‘22,

2067 4906 2200 4962 edit.
2233 4906 2461 4980 Lutetia:
2506 4906 2846 4980 Parisiorum
2889 4910 3017 4963 anni
3056 4910 3213 4974 l7l7,
3249 4906 3480 4980 legenda
3527 4906 3665 4968 sunt

2067 4993 2130 5050 ea
2147 4992 2276 5050 quae
2302 4976 2460 5032 docte
2476 4978 2706 5050 quidem
2735 4979 2789 5032 in
2822 4980 3196 5036 admonitione
3225 4976 3431 5050 prtiavia
3462 4985 3528 5038 ad
3563 4999 3664 5037 ca-

2066 5047 2190 5122 dem
2213 5047 2339 5122 Acta
2359 5048 2760 5122 eruditissimus
2779 5052 3084 5122 monachus
3101 5047 3404 5122 adnotavit,
3423 5069 3478 5122 p.
3495 5053 3661 5113 1618.

2069 5117 2356 5241 ὲηιίιιρι
2385 5119 2453 5173 de
2483 5117 2542 5172 S.
2575 5118 2850 5192 Cypriauo
2878 5121 3135 5192 illiusque
3163 5121 3286 5176 tidei
3309 5117 3664 5180 confessione

2089 5205 2102 5240 i
2199 5204 2246 5239 .n
2280 5204 2310 5241 u
2349 5227 2362 5240 .

2089 5197 2362 5241 iubentur.

2138 5257 2249 5329 (40)
2291 5257 2448 5330 Hym.
2481 5258 2538 5323 2,
2569 5259 2636 5315 de
2667 5257 2724 5314 S.
2763 5258 3080 5327 Laurentio,
3107 5279 3162 5316 v.
3193 5262 3284 5330 ‘21,
3322 5279 3376 5332 ρ.
3406 5262 3476 5318 99
3503 5282 3516 5318 :

2317 5346 2452 5402 Fore
2480 5349 2590 5402 hau:
2619 5351 2865 5404 sacerdos
2895 5352 3107 5406 dixerat

2310 5416 2436 5489 {am
2469 5419 2660 5472 Xistus
2691 5420 2877 5489 afﬁxus
2908 5424 3077 5487 cruci,

2311 5486 2661 5542 Laurentium
2687 5486 2897 5557 ﬂentem
2927 5486 3107 5547 videns

2315 5557 2500 5612 Crucis
2535 5559 2629 5612 sub
2657 5560 2770 5628 ipso
2798 5563 2996 5631 stipite.

2281 5647 2574 5731 Epist.‘80,
2600 5650 2872 5731 §uccesso
2903 5652 3079 5731 fratri,
3099 5670 3219 5731 pag.
3233 5657 3353 5731 ⁵’555
3377 5657 3464 5712 cit.
3483 5654 3664 5731 edit.:

2074 5738 2093 5771 ι
2135 5725 2348 5774 .‘Listum
2383 5727 2564 5774 autem
2599 5725 2653 5773 in
2683 5725 2996 5778 caemeterio
3029 5727 3466 5783 animadversum
3491 5727 3666 5784 scil.-

2072 5791 2141 5845 tis
2175 5801 2366 5844 octavo
2399 5787 2589 5846 lduum
2625 5791 2992 5863 Augustarum
3019 5795 3129 5850 die.
3160 5817 3182 5849 ι
