3826 6496
460 347 560 404 451

1271 345 1356 398 DF.
1387 341 1770 400 PORTUENSI
1814 342 1871 395 S.
1913 335 2272 392 HIPPOLYTI
2313 333 2503 390 SEDE.
2544 364 2610 375 —
2650 333 2831 388 PARS
2874 333 2911 384 ι.
3581 331 3668 388 ιεε

461 469 659 521 lectum
687 465 1043 527 craticnlremt
1074 465 1416 536 Hippolytum
1435 465 1658 519 dimittit
1688 463 1972 517 hzeredeni.
1997 481 2013 510 ι
2053 470 2092 522 Α
2124 457 2407 510 testatibus
2458 455 2721 510 veraciter
2776 452 3096 516 confitetur,
3157 450 3334 520 poenis
3381 447 3669 519 subjicitur,

462 558 530 612 Et
553 574 776 613 rursus:
817 577 834 608 ι
876 556 1092 628 Regulze
1122 558 1224 612 illa)
1267 557 1542 611 craticula:
1570 553 1895 609 flammantis
1932 569 2023 606 ca-

462 649 586 704 lami
622 660 776 703 erant
806 649 1002 718 linguae
1033 647 1288 717 martyris
1309 653 1690 701 testamentum
1715 641 2021 701 scribentis,

461 740 662 809 quibus
706 739 929 794 calamis
979 747 1033 792 et
1073 737 1528 808 impiojudicanti
1579 737 1887 790 minabatur
1934 750 2025 804 ge-

462 831 662 896 henna,
693 842 745 885 et
767 830 1052 901 Hippolyto
1087 832 1334 900 sequenti
1365 830 1706 883 scribebatur
1737 843 1959 882 corona.
2001 843 2019 875 ι

460 917 682 973 Duobus
708 919 824 973 istis
853 919 1138 990 anonyinis
1159 919 1468 988 jungendus
1497 926 1580 971 est
1602 916 1894 985 Gregorius
1919 914 2026 967 Tu-

459 1011 709 1064 ronensis
755 1010 888 1076 (59),
937 1011 1028 1079 qui
1059 1021 1323 1079 martyres
1353 1008 1582 1062 Deciana
1611 1048 1624 1071 ,
1677 1016 1735 1060 ut
1777 1007 2022 1068 credidit,

461 1102 834 1170 persecutione
887 1118 1076 1170 passos
1112 1102 1337 1155 laudans
1367 1140 1382 1164 ,
1445 1120 1462 1151 ι
1507 1102 1718 1154 Sixtum
1769 1100 2026 1154 Romanae

458 1192 713 1248 Ecclesiae
737 1195 1071 1264 episcopum,
1095 1203 1148 1248 et
1173 1193 1522 1248 Laurentium
1554 1193 2023 1253 archidiaconuni,

458 1292 512 1337 et
543 1283 884 1354 Hippolytum
915 1286 984 1338 ob
1023 1284 1289 1339 Dominici
1334 1287 1574 1341 nominis
1619 1284 2022 1340 confessionem

460 1390 554 1442 per
584 1376 899 1444 martyrium
939 1383 1350 1430 consummatos
1379 1374 1545 1430 fuisse
1576 1395 1594 1426 ι
1646 1373 1856 1428 scribit.
1893 1372 2025 1425 Gre-

459 1465 670 1535 gorium
707 1467 879 1521 secuti
899 1477 1024 1522 sunt
1060 1467 1222 1520 medii
1245 1475 1296 1520 et
1319 1466 1487 1520 infimi
1520 1466 1619 1519 tevi
1647 1463 2026 1519 ecclesiastica:

463 1557 1031 1627 historize'scriptores
1073 1557 1364 1612 0rdericus
1397 1557 1588 1612 Vitalis
1617 1557 1752 1627 (60),
1786 1557 2021 1611 chr0uo-

461 1649 696 1716 graphus
713 1648 856 1702 Saxo
871 1649 952 1718 (61
967 1654 1004 1714 ),
1018 1665 1322 1721 auonymus
1335 1649 1872 1719 Reicherspergensis
1890 1648 2021 1719 (62),

461 1749 649 1792 auctor
671 1738 942 1792 Chronicrr
977 1737 1036 1794 S.
1069 1738 1284 1809 zEgi'di'i'
1309 1739 1444 1810 (65),
1469 1741 1670 1808 aliique
1709 1753 1812 1792 non
1842 1738 2020 1806 pauci,

2125 549 2356 602 vinculis
2386 547 2656 616 illigatur,
2692 545 2871 598 cardis
2919 542 3228 610 configitur,
3259 557 3523 610 equorum
3550 539 3669 595 fero-

2123 641 2286 695 citate
2316 638 2680 708 disjungitur;
2733 645 2785 690 et
2827 637 3016 704 adepta
3051 635 3224 704 palma
3259 634 3529 704 martyrii,
3581 636 3674 687 vita

2122 741 2377 801 perpetua
2413 745 2536 782 cum
2566 729 2840 782 lucratore
2894 735 2949 779 et
2982 725 3244 794 magistro
3271 723 3566 778 Laurentio
3593 740 3672 776 co-

2123 831 2348 876 ronatur
2375 820 2486 891 (66)
2513 860 2528 885 ,
2573 828 2677 873 etc.
2723 837 2741 869 r
2775 816 2981 871 Missali
3009 815 3238 870 Gothico
3285 814 3563 884 jungenda
3607 824 3675 866 est

2123 916 2492 970 vetustissima
2529 911 2874 965 Mozarabum
2906 910 3143 978 liturgia,
3161 923 3282 978 quae
3305 907 3555 976 quamvis
3572 922 3677 974 pro.

2121 1009 2296 1078 priam
2326 1004 2594 1075 Hippolyti
2633 1004 2854 1056 missam
2891 1017 3000 1055 non
3027 1001 3240 1061 habeat,
3271 1008 3453 1052 tamen
3485 999 3537 1051 in
3588 999 3675 1050 iin-

2122 1098 2416 1152 molatione
2451 1097 2630 1149 missa:
2667 1092 2724 1147 S.
2747 1093 3047 1155 Laurentii,
3086 1110 3104 1142 ι
3131 1091 3449 1161 Hippolytus
3476 1088 3536 1143 S.
3556 1087 3678 1142 Lau-

2122 1189 2355 1242 rentium
2405 1187 2620 1240 militari
2669 1183 2916 1237 custodia
2964 1198 3277 1237 asscrvasse
3307 1183 3595 1246 asseritur,
3623 1198 3677 1236 ac

2123 1296 2246 1334 mox
2279 1279 2444 1332 animi
2474 1278 2752 1332 ferocitate
2783 1275 3031 1344 deposita
3072 1275 3138 1328 ad
3170 1274 3508 1342 sequendum
3538 1273 3677 1326 Chri-

2124 1380 2266 1425 stum
2305 1371 2484 1422 mitior
2512 1367 2707 1430 factus,
2743 1368 2956 1438 tyranni
2986 1368 3166 1436 jussu,
3199 1365 3452 1434 primitus
3491 1365 3677 1418 disten-

2124 1472 2234 1527 tus,
2259 1462 2438 1516 cardis
2483 1461 2674 1516 ferreis
2712 1461 2985 1524 laniatus,
3033 1474 3096 1512 ac
3123 1458 3316 1512 deinde
3360 1455 3678 1511 ferociorum

2119 1553 2487 1623 junientorum
2523 1553 2748 1622 pedibus
2779 1552 3032 1622 alligatus
3059 1564 3154 1618 per
3181 1549 3334 1602 devia
3371 1557 3584 1602 tractus
3607 1548 3678 1600 di-

2123 1644 2282 1698 citur.
2325 1661 2343 1693 ι
2390 1641 2590 1696 Eadem
2633 1642 2701 1696 de
2735 1640 3019 1711 Hippolyto
3057 1640 3322 1694 habentur
3350 1638 3404 1691 in
3432 1639 3678 1692 vetustis.

2126 1736 2264 1790 simo
2292 1750 2572 1789 sacrarum
2598 1749 2817 1803 precum
2853 1732 3052 1793 libello,
3079 1731 3171 1800 qui
3202 1729 3266 1783 ad
3293 1728 3678 1783 Mozarabicum

462 1844 694 1897 quorum
731 1830 1039 1883 testimonia
1089 1831 1177 1885 liic
1226 1844 1504 1884 recensere
1569 1841 2024 1898 supervacaneum
2062 1813 2102 1868 Β
2131 1828 2292 1882 ritum
2325 1841 2669 1893 summopere
2716 1825 2962 1888 accedit,
3016 1839 3175 1892 quem
3219 1822 3382 1891 prailo
3417 1822 3680 1876 commisit

461 1937 580 1976 esse
605 1922 933 1990 judicamus.

531 2013 611 2066 Ex
633 2015 870 2084 antiquis
907 2013 1382 2069 Sacramentorum
1421 2011 1576 2068 libris
1621 2013 1713 2082 qui
1759 2011 2025 2083 Hippolyti

461 2106 652 2160 militis
680 2107 1064 2171 meminerunt,
1109 2105 1287 2174 primo
1331 2104 1570 2159 occurrit
1601 2106 2026 2160 vetustissimum

462 2197 677 2252 Hissale
705 2196 991 2250 Gotliicum
1026 2212 1056 2250 a
1094 2196 1301 2266 magnis
1335 2197 1466 2250 viris
1492 2195 1728 2266 Josepbo
1765 2197 2026 2250 cardinali

461 2290 756 2344 Thomasio
797 2289 907 2360 (64)
963 2298 1016 2343 et
1046 2288 1256 2343 Joanne
1292 2287 1606 2342 Mabillonio
1636 2288 1748 2360 (65)
1798 2289 2024 2356 editum,

461 2384 514 2436 in
551 2397 660 2451 quo
689 2380 956 2451 Hippolyti
982 2379 1174 2434 festum
1201 2380 1380 2434 Idibus
1397 2381 1624 2450 Augusti
1649 2380 2024 2451 consignatur,

461 2483 620 2539 atque
645 2472 696 2523 in
731 2473 913 2523 missa:
944 2468 1313 2523 immolatione
1345 2469 1446 2523 hoc
1474 2469 1646 2538 ipsius
1674 2469 1902 2522 habetur
1921 2472 2026 2524 clo-

462 2566 656 2634 giuin:
699 2581 717 2612 ι
761 2560 899 2614 Vere
943 2560 1164 2628 dignum
1199 2570 1254 2613 et
1279 2560 1483 2628 justum
1530 2569 1632 2619 est.
1685 2562 2030 2630 omnipotens

461 2665 660 2709 aeterne
696 2652 859 2714 Deus,
914 2652 1008 2720 qui
1059 2651 1276 2704 beatum
1330 2649 1673 2722 Hippolytum
1728 2656 2028 2722 tyrannicis

463 2747 640 2798 adhuc
675 2741 953 2812 obsequiis
987 2750 1334 2809 occupatum,
1375 2743 1555 2796 subito
1593 2741 1766 2797 fecisti
1791 2744 2028 2799 Lauren-

465 2837 523 2890 tii
557 2837 790 2889 socium.
817 2833 918 2899 Qui
947 2833 1176 2902 Spiritali
1205 2833 1398 2887 ardore
1427 2850 1745 2901 succensus,
1764 2837 1891 2891 dum
1917 2840 2030 2892 uui-

466 2928 710 2998 genitum
733 2925 929 2981 Filium
957 2935 1105 2980 tuum
1137 2924 1421 2980 Dominum
1448 2937 1692 2983 nostrum
1717 2943 1899 2986 coram
1931 2946 2027 3000 po-

2131 1918 2328 1973 citatus
2356 1918 2760 1972 eruditissimus
2782 1916 2864 1969 vir
2897 1914 3167 1984 Joseplius
3204 1913 3561 1968 Blanchinus.
3588 1913 3682 1964 An-

2130 2010 2316 2078 tiquos
2344 2010 2528 2078 itidem
2555 2009 2737 2063 missa:
2767 2005 2940 2071 Ordo,
2981 2021 3142 2076 quem
3172 2005 3444 2060 Ambrosii
3476 2006 3683 2058 nomine

2129 2103 2350 2158 donavit
2377 2099 2798 2171 Pamelius(67),
2826 2119 2844 2151 ι
2874 2098 3214 2168 Hippolytum
3237 2099 3428 2152 ducem
3462 2097 3681 2150 militum

2129 2198 2393 2264 celebrat,
2446 2212 2606 2267 quem
2650 2197 2865 2250 beatum
2907 2194 3254 2249 Laurentium
3283 2209 3396 2248 sua:
3434 2193 3685 2248 custodia:

2130 2290 2494 2358 mancipatum
2522 2329 2536 2354 ,
2564 2303 2670 2342 non
2703 2298 3046 2356 persecutum
3068 2326 3084 2351 ,
3119 2286 3214 2339 sed
3245 2294 3494 2340 secutum
3531 2299 3644 2339 esse
3665 2302 3681 2332 ι

2129 2381 2424 2450 praedicat,
2479 2393 2750 2449 quemque
2791 2378 2954 2432 etiam
3003 2377 3272 2446 genuinus
3324 2377 3687 2431 Ambrosiam:

2129 2473 2310 2527 missae
2333 2487 2533 2534 canon,
2573 2480 2631 2524 ut
2668 2469 2944 2524 Laurentii
2973 2469 3182 2524 socium
3213 2469 3485 2538 agnoscit,
3511 2469 3565 2520 in
3591 2483 3686 2536 quo

2129 2563 2470 2635 Hippolytus,
2502 2561 2661 2617 Petro
2679 2562 2726 2616 le
2749 2560 2951 2614 Brunio
2979 2560 3090 2630 (68)
3122 2569 3278 2625 teste,
3305 2572 3428 2628 post
3451 2557 3687 2614 Lauren-

2128 2657 2261 2710 tium
2285 2655 2482 2709 ibidem
2518 2653 2698 2708 statim
2723 2660 3200 2706 commemoratur.
3227 2648 3449 2704 Veteres
3477 2666 3687 2719 quoque

2127 2745 2477 2801 Prmfationes
2509 2760 2604 2814 per
2645 2743 2774 2797 anni
2816 2743 3110 2808 circulum,
3141 2758 3277 2811 quas
3305 2741 3474 2795 edidit
3498 2740 3685 2794 Pame-

2128 2838 2234 2892 lius
2261 2836 2395 2908 (69),
2420 2834 2765 2906 Hippolytum
2793 2845 2956 2905 atque
2989 2835 3160 2904 ipsius
3192 2834 3370 2888 socios
3397 2833 3685 2895 celebrant,

2129 2937 2293 2998 atque
2325 2928 2471 2982 hunc
2500 2942 2530 2980 a
2561 2935 2751 2983 nostro
2775 2926 3050 2982 diversum
3071 2924 3212 2980 haud
3227 2940 3348 2980 esse
3372 2934 3590 2980 veteres
3617 2937 3687 2980 ie-

534 3166 648 3252 $15.9),
680 3163 1247 3252 Histgpﬁfi‘raitcor'i‘im
1275 3205 1290 3229 ,
1328 3167 1420 3252 lib.
1448 3182 1510 3252 ι,
1540 3167 1792 3252 nutrix"?
1815 3210 1828 3232 ,
1866 3185 1919 3236 p.
1955 3171 2026 3226 22
2053 3147 2093 3205 (ἶ
2133 3170 2392 3252 γρριῃιςῳ
2425 3183 2756 3252 quaisumus,
2785 3175 2969 3248 utpro
3003 3167 3161 3252 nobis
3191 3168 3660 3249 supplicantem...

462 3246 515 3290 et
536 3235 606 3288 25
630 3237 759 3289 edit.
795 3234 1117 3291 Tlieodorici
1149 3236 1412 3290 Ruinartii
1448 3237 1620 3291 Paris.
1655 3238 1813 3292 1699.

535 3307 647 3370 (60)
682 3305 924 3360 0rderiiri
985 3305 1479 3363 “talis-Uticensis
1537 3310 1789 3362 monachi
1840 3309 1932 3363 lib.
1988 3327 2024 3364 ιι

463 3375 849 3446 Ecclesiasticie
890 3376 1075 3429 histor.
1101 3418 1117 3442 ,
1162 3379 1300 3446 apud
1345 3379 1614 3432 Andream
1658 3379 2024 3434 Duchcsnium

467 3446 721 3522 Historia:
750 3445 1176 3522 Normaimorum
1197 3445 1477 3522 Scriptores
1496 3451 1728 3522 antiqui,
1759 3465 1880 3517 pag.
1921 3452 2026 3504 459

463 3517 591 3567 edit.
633 3513 1208 3586 Litteti;e_Paris_iorum
1239 3534 1381 3572 anno
1416 3519 1587 3572 £619:
1616 3513 1640 3573 ι’
1669 3513 1869 3586 Tunc—t'
1892 3529 2026 3572 tem-

465 3599 596 3706 plcre
631 3600 782 3652 papa:
840 3582 978 3637 Sixti
1021 3584 1481 3666 ll).Laurentius
1535 3582 1950 3645 archidiaconus
1973 3599 2028 3644 et

519 3657 784 3706 tDDOIVtus
806 3669 928 3706 cmn
971 3654 1171 3706 familia
1207 3673 1304 3706 sua
1345 3657 1556 3706 Abdon-
1584 3670 1637 3706 et
1663 3660 1889 3706 Serines-
1927 3661 2027 3706 sub

519 3657 784 3723 ippolytus
806 3669 928 3706 cmn
971 3654 1171 3709 familia
1207 3673 1304 3711 sua
1345 3657 1556 3721 Abdon,
1584 3670 1637 3714 et
1663 3660 1889 3720 Seunes,
1927 3661 2027 3714 sub

469 3722 1012 3798 regulis'Persarurn,
1053 3725 1253 3795 aliique
1295 3729 1450 3780 multi
1479 3729 1708 3784 diversis
1748 3730 2028 3798 suppliciis

467 3794 798 3862 martyrizati
829 3803 973 3847 sunt.
1015 3812 1034 3844 ι

539 3864 648 3932 (61)
697 3863 852 3932 Apud
898 3862 1246 3918 Godefriiluin
1295 3863 1640 3920 Guilielmum
1696 3867 2024 3921 Leibnitium

470 3935 1098 4006 Accessionesrlii'storicq
1135 3934 1201 4006 ad
1241 3951 1328 3988 an.
1365 3937 1491 4002 256,
1529 3953 1649 4006 pag.
1677 3938 1739 3991 41
1768 3939 1895 3990 edit.
1932 3937 2021 3988 Li-

468 4005 598 4070 psiae
630 4005 756 4056 anni
803 4004 968 4056 1698:
1021 4022 1039 4054 ι
1077 4005 1302 4066 Decius.
1335 4015 1394 4058 ut
1420 4007 1472 4058 in
1518 4004 1836 4061 PaSsionum
1890 4007 2027 4061 libro

469 4076 754 4140 reperitur,
784 4073 1064 4128 interfecto
1095 4074 1267 4139 Sixto,
1293 4086 1346 4129 et
1374 4079 1755 4131 archidiacono
1784 4077 2026 4130 Laurcnv

470 4143 567 4220 tio,
597 4154 649 4196 et
673 4141 898 4220 lpolyto,
935 4145 1202 4214 sociisque
1230 4146 1347 4213 ejus
1391 4187 1402 4198 .
1439 4183 1454 4198 .
1483 4185 1496 4199 .
1535 4148 1754 4220 rediens
1786 4149 1856 4220 ad
1881 4147 2030 4220 pala-

471 4213 813 4286 tium_tridno
847 4223 1069 4286 vexatus
1098 4213 1198 4280 est,
1223 4225 1277 4268 et
1302 4220 1354 4268 in
1383 4227 1671 4285 conspectu
1713 4213 2024 4286 Tripboniae

472 4283 659 4336 uxoris
687 4298 798 4335 suae
820 4283 1110 4337 exhalavit.
1150 4303 1168 4334 ι

541 4350 628 4420 (0'2
683 4353 835 4420 Apud
890 4351 1146 4422 Ludewig
1185 4355 1437 4422 Scriptor.
1485 4371 1585 4409 rer.
1641 4355 2024 4420 Germaniam,

541 4438 602 4471 [ιι.
629 4355 691 4471 H
720 4438 838 4471 nam.
871 4423 990 4471 145.

471 4429 602 4475 toni.
629 4420 691 4486 ll,
720 4438 838 4490 pag.
871 4423 990 4474 M5.

484 4557 508 4560 _
539 4490 647 4560 (65)
696 4491 848 4560 Apud
891 4489 990 4544 GOt

2130 3239 2229 3308 (eo
2260 3239 2316 3294 in
2347 3241 2465 3293 loco
2512 3239 2715 3306 aliquid
2769 3239 3022 3292 omisisse
3081 3248 3314 3292 veterem
3368 3239 3686 3306 scriptorem

2126 3319 2310 3367 censet
2338 3309 2710 3376 Mabillonius)
2753 3309 2935 3362 omnia
2973 3309 3128 3362 nobis
3174 3323 3432 3377 prospera
3458 3313 3686 3363 concede

2123 3397 2220 3449 per
2243 3379 2552 3442 Dominum,
2583 3389 2686 3432 etc.
2729 3397 2746 3428 ι
2781 3378 3040 3432 Collectio
3066 3379 3380 3449 adgpaeem;
3437 3397 3456 3430 ι
3503 3377 3574 3432 Ut
3596 3396 3689 3449 iro—

2121 3446 2211 3504 bis
2241 3459 2354 3515 tua,
2387 3449 2628 3514 Domine,
2654 3449 2887 3502 remedia
2914 3449 3042 3501 dent
3070 3446 3320 3512 salutem,
3361 3448 3562 3501 beatus
3595 3446 3688 3516 Υρ-

2128 3521 2343 3590 polytus
2376 3528 2578 3588 martyr
2602 3556 2617 3579 ,
2661 3533 3003 3590 quaesumus,
3032 3531 3130 3586 pro
3179 3517 3333 3571 nobis
3375 3521 3691 3587 supplicans

2128 3587 2382 3656 copiosus
2422 3587 2692 3656 audiatur.
2727 3587 2827 3640 Per
2856 3587 3166 3651 Dominum,
3195 3596 3301 3643 etc.
3343 3605 3362 3638 ι

2199 3655 2314 3728 (65)
2339 3657 2582 3727 Liturgia
2621 3655 2941 3728 Gallicana,
2988 3672 3112 3726 pag.
3148 3657 3261 3724 278
3300 3657 3430 3711 edit.
3471 3656 3691 3714 Lutetia:

2127 3727 2460 3782 Parisiorum
2505 3727 2632 3779 anni
2661 3727 2816 3780 1685.

2128 3868 2144 3922 l
2199 3797 2462 3920 (66llVid.
2524 3794 2873 3851 Thomasium
2930 3795 3032 3850 loc.
3083 3796 3178 3852 cit.
3232 3793 3688 3854 ctMabiHonium

2148 3883 2232 3922 oc.
2263 3884 2309 3922 ei
2343 3905 2354 3917 .

2148 3883 2232 3922 oc.
2263 3871 2354 3922 cit.

2197 3936 2310 4006 (67)
2345 3935 2590 4006 Liturgia
2626 3931 2957 3998 Latinorum,
2991 3946 3124 3990 tom.
3182 3935 3223 3999 1,
3262 3952 3383 4006 pag.
3425 3936 3534 3989 415
3562 3938 3687 3990 edit.

2128 4005 2370 4062 Colonia:
2399 4005 2704 4075 Agrippina:
2729 4007 2858 4059 anni
2887 4007 3042 4078 15H,
3072 4008 3124 4059 in
3147 4005 3292 4078 festo
3332 4007 3389 4059 ὃ.
3420 4007 3687 4078 Hippolyii

2129 4086 2240 4130 tres
2286 4078 2563 4130 orationes
2599 4086 2962 4131 recensentur.
3019 4076 3271 4132 Praafatio
3309 4078 3472 4130 etiam
3520 4076 3692 4132 exstat

2128 4147 2350 4209 tenoris,
2377 4159 2434 4199 ut
2456 4147 2732 4214 sequitur:
2781 4166 2800 4198 ι
2837 4145 3057 4201 Ᾱῐιειδιιε
3082 4147 3244 4211 Deus,
3272 4162 3479 4215 nosque
3507 4148 3561 4200 in
3597 4152 3691 4201 hac

2129 4217 2487 4270 solemnitatis
2510 4220 2596 4270 die
2620 4219 2758 4270 beati
2794 4218 3150 4287 martyristui
3178 4217 3449 4286 Hippolyti
3504 4221 3570 4270 ad
3617 4220 3689 4269 tui

2129 4287 2367 4340 nominis
2417 4287 2641 4354 gloriam
2695 4285 2987 4340 exsultare.
3037 4285 3172 4352 Quia
3197 4285 3468 4341 te’vcrum
3496 4290 3688 4340 ducem

2130 4357 2503 4417 considerans,
2532 4357 2685 4412 miles
2711 4367 2844 4426 tuus
2878 4372 2995 4410 esse
3023 4358 3211 4426 maluit
3238 4373 3401 4426 quam
3434 4357 3546 4410 dux
3589 4358 3691 4410 ini-

2131 4427 2285 4478 litum
2317 4426 2676 4493 comprobari.
2706 4425 3035 4494 Beatumque
3059 4425 3410 4480 Laurentium
3453 4443 3568 4481 sua:
3598 4444 3690 4481 cu—

539 4490 647 4569 (65)
696 4489 1238 4569 Aputhodefridum
1290 4492 1632 4569 Guilielmum
1699 4495 2024 4569 Leibnitiirrn
2059 4492 2102 4546 D
2135 4497 2321 4569 stodia:
2343 4489 2704 4569 mancipatum
2739 4511 2842 4569 non
2873 4489 3185 4565 persecutus
3209 4508 3310 4564 est,
3325 4499 3420 4569 sed
3447 4508 3687 4569 secutus.

470 4557 800 4629 Scriptorum
854 4560 1258 4615 Brunsvicensia
1312 4565 1694 4618 illustrantium
1755 4575 1885 4621 toni.
1937 4566 2024 4628 Ill,

469 4645 590 4698 pag.
631 4630 733 4684 565
760 4632 892 4689 edit.
923 4631 1161 4686 Haunov.
1195 4649 1336 4687 anno
1365 4636 1530 4689 17H:
1567 4655 1584 4686 ι
1622 4636 1774 4689 Anno
1810 4635 2025 4690 Domini

465 4702 589 4773 ι369.
621 4699 806 4754 Sixtus
829 4717 964 4773 papa
995 4719 1083 4773 xiii
1109 4706 1390 4758 ordinatus
1417 4707 1552 4760 sedit
1579 4721 1791 4760 menses
1814 4708 2021 4761 decem.

467 4768 668 4847 Passus
713 4781 801 4847 est
831 4768 956 4825 sub
990 4772 1163 4847 ιᾷςοιφΔ
1205 4783 1255 4826 et
1288 4778 1492 4831 beatus
1525 4775 1865 4847 Hippolytus,
1890 4785 1942 4831 ct
1966 4775 2022 4832 S.

467 4838 814 4916 Laurentius.
837 4852 889 4895 ct
913 4844 1065 4916 multi
1099 4844 1186 4896 alii
1222 4858 1505 4916 martyres.
1546 4865 1564 4897 ι

537 4910 648 4992 (64)
682 4911 736 4964 ln
768 4924 897 4992 tom.
927 4912 988 4966 Vl
1014 4910 1417 4992 Operuin,_qua_:
1449 4919 1514 4992 ad
1557 4933 1688 4992 mss.
1723 4918 1897 4992 codic.
1937 4934 2024 4992 re-

465 4985 698 5050 censuit,
749 4985 999 5050 notisque
1051 4985 1202 5038 auxit
1237 4987 1316 5040 vir
1367 4989 1701 5042 clarissimus
1759 4989 2027 5042 Antonius

464 5048 792 5128 Flaticiscus
827 5048 1052 5128 V‘eizosi
1103 5055 1176 5128 (_J_._
1216 5054 1278 5107 Β.
1317 5072 1438 5128 pag.
1487 5058 1614 5123 5l7,
1661 5059 1789 5112 edit.
1842 5057 2027 5128 Romae

464 5119 770 5197 1751,_ubi
805 5125 970 5178 missa
1024 5126 1081 5178 ὃ.
1119 5119 1670 5197 ΙΙίρροΙξ-ιινιιιενῑγιὶε
1718 5137 1912 5186 exstat,
1971 5127 2024 5178 in

464 5206 569 5258 qua
588 5192 752 5246 etiam
773 5205 1058 5263 sequentes
1081 5192 1352 5250 orationes
1371 5192 1665 5250 habentur:
1696 5216 1712 5247 i
1747 5197 1819 5248 Da
1847 5197 2023 5258 nobis,

463 5264 910 5336 omnipotensct
960 5266 1272 5318 misericors
1318 5267 1490 5331 Deus,
1529 5279 1586 5320 ut
1611 5269 1750 5320 beati
1775 5265 2027 5336 Yppolyti

465 5334 717 5404 martyris
768 5334 845 5386 tui
887 5337 1191 5388 veneranda
1243 5336 1556 5390 solemuitas
1589 5345 1642 5390 et
1685 5334 2027 5391 devotionem

466 5401 624 5473 nobis
649 5413 844 5473 augeat
872 5413 926 5456 et
955 5405 1216 5467 salutem,
1251 5421 1340 5471 per
1367 5407 1676 5472 Dominum,
1709 5417 1812 5461 etc.
1854 5426 1871 5456 ›
1901 5406 2028 5459 Col-

466 5469 621 5546 lectio
651 5469 928 5546 sequitur:
967 5491 984 5523 ι
1013 5473 1228 5546 Praesta
1252 5469 1442 5540 nobis,
1471 5469 1813 5546 omnipotens
1839 5486 1892 5530 et
1919 5479 2024 5529 iiii-

465 5540 699 5617 sericors
726 5540 890 5617 Deus,
929 5551 986 5595 ut
1011 5543 1148 5617 beati
1176 5542 1421 5615 Yppolyti
1472 5540 1726 5617 martyris
1764 5550 1842 5600 tui
1877 5562 2031 5614 repe-

465 5613 564 5685 tita
590 5613 904 5685 solemnitas
937 5621 988 5666 et
1014 5613 1382 5685 liberationem
1414 5618 1571 5670 nobis
1601 5613 1890 5685 perfectam
1926 5613 2024 5670 tri-

463 5678 597 5733 buat
627 5688 680 5734 et
707 5683 955 5747 salutem,
979 5693 1110 5747 etc.,
1136 5700 1229 5753 per
1250 5683 1557 5750 Dominum,
1581 5678 1682 5740 etc.
1719 5707 1736 5736 ι
1767 5689 2026 5740 tlollectio

464 5761 584 5816 post
641 5753 889 5806 nomina:
927 5773 946 5805 ι
981 5755 1119 5808 Deus
1157 5765 1371 5808 tuorum
1413 5757 1603 5826 gloria,
1662 5759 1880 5826 martyri
1931 5767 2023 5810 tuo

2129 4567 2385 4631 Quicum
2425 4567 2710 4620 thesauros
2752 4566 3002 4620 Ecclesia:
3047 4569 3284 4631 discutit,
3323 4567 3529 4620 invenit
3576 4569 3691 4621 the-

2127 4651 2371 4700 saurum,
2426 4651 2532 4688 non
2563 4653 2723 4705 quem
2780 4647 3038 4706 tyrannus
3091 4641 3340 4706 eriperet,
3377 4640 3470 4690 sed
3528 4653 3689 4706 quem

2127 4707 2298 4775 pietas
2325 4707 2647 4774 possideret.
2681 4707 2883 4759 Invenit
2907 4709 3241 4771 thesaurum,
3271 4709 3413 4760 unde
3441 4723 3585 4761 verae
3608 4710 3691 4760 di-

2125 4776 2268 4847 vitia:
2294 4785 2624 4845 peterentur.
2659 4777 2871 4844 Sprevit
2913 4775 3150 4829 favorem
3195 4779 3432 4847 tyranni,
3472 4787 3530 4830 ut
3560 4793 3689 4832 cum

2127 4845 2290 4917 Regis
2335 4849 2575 4916 perpetui
2627 4848 2796 4917 gratia
2841 4847 3181 4914 probaretur.
3221 4845 3497 4899 'Membris
3521 4848 3691 4900 dividi

2127 4933 2233 4969 non
2275 4919 2492 4986 refugit,
2546 4933 2612 4969 ne
2663 4917 2891 4970 nexibus
2930 4917 3275 4986 divelleretur
3301 4918 3543 4980 internis,
3598 4920 3690 4986 qui

2126 4987 2302 5040 solum
2323 4984 2444 5041 vita:
2468 4986 2654 5040 dilexit
2680 4997 2972 5040 auctorem.
2997 4984 3166 5051 Quem
3195 5002 3297 5038 una
3327 4984 3653 5051 tecum,etc.
3670 5005 3688 5037 ι

2210 5058 2321 5126 (68)
2357 5056 2602 5126 Liturgia
2633 5058 2687 5109 di
2729 5057 2924 5108 tuttele
2972 5057 3168 5118 Chrese,
3197 5066 3328 5110 tom.
3368 5055 3434 5116 ll,
3463 5072 3585 5126 pag.
3620 5057 3691 5110 90

2124 5128 2254 5180 edit.
2281 5126 2506 5181 Verona:
2532 5127 2696 5180 1752:
2732 5145 2749 5176 ι
2788 5126 3264 5180 (lommunicantes
3288 5136 3342 5179 et
3368 5128 3693 5180 memoriam

2125 5207 2449 5252 venerantes
2486 5235 2499 5249 .
2537 5239 2548 5250 .
2584 5236 2594 5249 .
2637 5237 2650 5248 .
2679 5206 2732 5251 et
2754 5195 2991 5260 Thadtri,
3027 5195 3187 5260 Sixti,
3232 5195 3532 5260 Laurentii,
3557 5195 3694 5265 Hip-

2125 5269 2315 5338 polytv,
2348 5265 2632 5338 Yinceutii,
2672 5267 2931 5338 Cornelii,
2961 5266 3239 5338 tlypriaui,
3273 5275 3439 5338 etc.)

2197 5334 2308 5406 (69)
2336 5336 2647 5406 Liturgicon
2674 5336 2922 5390 Ecclesiae
2955 5334 3184 5398 Latiniz,
3213 5344 3344 5388 tom.
3389 5335 3456 5399 ll,
3488 5351 3561 5406 pa
3587 5334 3691 5406 §9l

2125 5403 2304 5464 citataé
2363 5403 2620 5462 editionis
2665 5407 2902 5462 Colonia:
2961 5407 3268 5474 Agrippina:
3329 5411 3458 5458 anni
3492 5403 3692 5459 7157!:

2131 5498 2149 5529 ι
2181 5478 2550 5532 ......ᾹΞιθηιε
2578 5477 2740 5542 Deus,
2769 5487 2823 5530 et
2849 5486 2994 5529 tuam
3025 5476 3363 5530 clementiam
3392 5476 3530 5530 votis
3550 5491 3697 5544 sup-

2127 5549 2359 5618 plicibus
2389 5549 2701 5617 implorare,
2729 5557 2785 5600 ut
2803 5545 2860 5598 Β.
2878 5545 3148 5615 Hippolyti
3165 5549 3541 5618 sociorumque
3558 5548 3700 5618 _ejns

2126 5616 2440 5671 intercessio
2470 5616 2816 5685 peccatorum
2848 5626 3158 5668 nostrorum
3182 5616 3426 5669 obtineat
3455 5616 3696 5679 veniam,

2125 5692 2216 5757 qui
2253 5703 2347 5757 per
2397 5696 2663 5757 tormenta
2711 5686 2981 5754 passionis
3023 5695 3278 5741 aatcrnam
3326 5685 3568 5755 pervenit
3626 5689 3698 5738 ad

2128 5755 2373 5827 glori—am.
2411 5755 2512 5812 Per
2541 5758 2838 5820 Christum,
2863 5764 2969 5809 etc.
3002 5773 3020 5806 ι
