3826 6508
469 298 573 353 «159

1227 297 1310 353 DE
1348 295 1740 354 PORTUENSI
1781 295 1839 350 S.
1883 295 2250 352 IIIPPOLYTI
2294 298 2486 353 SEDE.
2529 329 2594 338 ——
2635 295 2813 353 PARS
2854 295 2898 353 Ξ.
3551 305 3630 360 ὅθί.

466 434 682 488 quoque
731 426 1020 488 martyrem
1077 433 1219 471 anno
1268 417 1408 473 1650
1453 419 1734 474 Cameraci
1783 436 1849 474 ex
1899 420 2033 476 urbe
2065 428 2108 482 Α
2136 423 2424 492 supercilio
2463 421 2619 474 nobis
2671 420 2912 488 objieia't.
2959 415 3213 472 Fatemnr
3257 420 3478 488 equidem
3525 425 3634 480 cele-

466 510 788 564 translatum
824 517 1053 564 testatur
1075 507 1159 564 .Io.
1191 510 1486 566 Bollandus
1516 513 1625 581 ('21)
1645 557 1660 578 ,
1692 512 2036 582 aliorumque

466 598 874 671 Hippolytorum
935 601 1154 656 nomina
1211 611 1422 656 vetusta
1477 603 1635 658 nobis
1691 604 2039 674 suppeditant

465 702 822 747 monumenta
869 690 1052 747 Romae
1081 709 1202 747 cum
1233 710 1425 749 eorum
1458 695 1735 750 cineribus
1783 695 1996 750 iuventa
2020 737 2034 761 ,

466 795 629 850 atque
651 782 993 851 abAringhio
1010 782 1144 854 (29.),
1169 783 1413 840 Boldetto
1436 784 1548 854 (25)
1574 794 1628 840 et
1649 785 1900 856 Vignolio
1922 786 2038 855 (2-1)

464 878 641 944 edita,
672 895 898 948 quzeque
927 880 1015 934 hic
1046 881 1226 934 denuo
1253 881 1515 936 lectorum
1553 880 1730 938 oculis
1771 881 2039 951 subjicere

466 986 642 1041 opera:
673 973 902 1041 pretium
939 987 1058 1027 esse
1086 973 1346 1028 duximus
1390 990 1404 1025 :

805 1063 1196 1119 REFRIGERI.
1240 1065 1372 1120 TIBI
1414 1064 1699 1121 DOMNUS

1011 1155 1328 1212 IPOLITUS
1369 1155 1495 1211 SID.

643 1245 988 1303 YPOLITUS
1026 1247 1242 1302 ANIMA
1283 1245 1534 1304 DULCIS
1573 1246 1638 1300 IN
1678 1244 1854 1301 PACE

1156 1341 1219 1396 D.
1260 1340 1332 1396 M.

881 1429 1216 1486 YPOLITUS
1251 1431 1317 1498 Q.
1361 1430 1426 1486 V.
1468 1430 1629 1484 ANN.

1031 1522 1169 1576 XIII.
1214 1523 1282 1576 Μ.
1335 1521 1466 1577 VIII.

922 1610 982 1662 υ.
1022 1610 1082 1665 P.
1126 1595 1191 1665 v'.
1232 1611 1388 1666 ΚΜ..
1433 1611 1582 1667 sec.

465 1701 768 1772 Hippolyta:
814 1702 975 1756 etiam
1033 1701 1360 1758 Christiana:
1409 1704 1656 1760 mulieris
1705 1705 2041 1775 epitaphium

465 1795 708 1863 vulgavit
738 1793 1056 1863 Aringhius.

707 1881 1115 1938 IIIPPOLYTE.
1159 1883 1290 1940 HIC.
1332 1884 1602 1941 POSITA.
1644 1884 1797 1940 EST.

803 1975 869 2041 Q.
915 1975 978 2032 V.
1017 1977 1082 2031 Α.
1127 1977 1260 2031 LIII.
1302 1977 1390 2032 ET
1435 1978 1592 2033 DIES
1631 1977 1694 2032 V.

464 2066 712 2122 Veterem
735 2083 954 2138 quoque
978 2065 1078 2124 SS.
1108 2069 1378 2142 Hippolyti
1407 2082 1460 2127 et
1489 2071 1688 2126 Justini
1728 2071 2034 2142 inscriptio-

462 2176 611 2225 nem,
645 2175 752 2213 una
781 2174 906 2213 cum
941 2161 1115 2216 sacris
1167 2178 1358 2218 eorum
1402 2163 1616 2218 exuviis
1673 2163 2045 2234 Septempedae

465 2255 519 2308 in
553 2253 778 2321 Piceno,
796 2254 850 2308 in
873 2255 1105 2310 ecclesia
1139 2271 1248 2309 non
1281 2257 1535 2326 ignobilis
1564 2257 1694 2311 olim
1723 2257 2042 2313 monasterii

463 2348 520 2401 ὃ.
567 2347 848 2403 Laurentii
887 2347 954 2402 de
987 2347 1198 2402 Doliolo
1226 2349 1502 2402 inventam
1525 2389 1540 2412 ,
1570 2348 1728 2403 nobis
1759 2348 2046 2403 humanis-

461 2439 599 2494 sime
638 2440 1067 2495 communicavit
1121 2441 1370 2496 eruditus
1404 2440 1734 2496 Octavianus
1775 2439 2042 2495 Gentilius

459 2533 730 2589 Patricius
787 2531 1291 2602 Septempedanus,
1347 2533 1442 2602 qui
1482 2547 1602 2587 eam
1652 2547 1719 2587 ex
1786 2532 2042 2602 plumbeo

458 2626 802 2696 autographo
853 2625 1271 2696 diligentissime
1329 2625 1738 2695 exprimendam
1799 2626 2040 2690 curavit,

460 2731 693 2787 eamque
719 2717 806 2773 hic
832 2717 1099 2773 lectorum
1135 2717 1310 2772 oculis
1341 2716 1682 2787 subjicimus.

1107 2806 1220 2863 me
1260 2806 1400 2875 ηερ

1157 2899 1354 2955 VIESC

1125 2991 1262 3046 VNT
1299 2993 1388 3049 CO

1099 3085 1331 3139 RPOIIA
1362 3085 1400 3140 S

1101 3162 1341 3230 etiam
1381 3175 1402 3229 ι

1080 3267 1332 3322 POLYTI
1371 3266 1401 3320 Ε

1092 3358 1135 3412 Τ
1176 3358 1406 3413 IVSTIN

466 3543 548 3598 Ex
578 3541 664 3598 bis
690 3550 768 3596 tot
791 3541 1067 3612 tantisque
1097 3552 1338 3596 veterum
1369 3541 1696 3610 scriptorum
1722 3537 2048 3595 testimoniis

469 3651 534 3692 ac
579 3635 959 3690 remotissimae
1006 3634 1351 3704 antiquitatis
1391 3633 1798 3702 monumentis,
1838 3633 2048 3703 Hippo-

468 3721 639 3795 lytum
664 3721 887 3776 militem
913 3721 1194 3776 Laurentii
1229 3723 1438 3776 socium
1465 3723 1764 3788 exstitisse,
1785 3739 2051 3793 sacraque

470 3816 644 3886 ipsius
674 3817 897 3886 pignora
936 3815 991 3869 in
1033 3813 1180 3870 Urbe
1208 3815 1476 3869 asservari
1510 3816 1669 3886 plane
1709 3831 1774 3870 ac
1799 3815 2052 3870 distincte

471 3924 572 3962 nos
626 3909 890 3978 probasse
934 3907 1286 3963 conﬁdimus.
1341 3905 1536 3962 Verum
1573 3922 1749 3977 pauca
1802 3907 2051 3978 quaedam

470 4001 652 4056 adhuc
679 4001 1020 4056 discutienda
1062 4009 1396 4070 supersunt,
1450 4010 1509 4055 ut
1538 4015 1730 4054 omnes
1763 4000 2050 4055 dubitandi

469 4095 710 4149 rationes
745 4094 1007 4147 radicitus
1039 4093 1410 4147 convellamus
1432 4133 1446 4157 ,
1501 4108 1570 4146 ne
1616 4092 1753 4147 forte
1786 4107 2043 4148 morosus

470 4187 741 4256 quispiam
774 4195 1033 4256 exsurgat
1082 4185 1327 4250 criticus,
1357 4185 1451 4254 qui
1485 4185 1744 4256 neglectis
1774 4194 1854 4240 tot
1886 4202 2052 4258 argu-

472 4279 691 4345 mean,
709 4278 906 4348 quibus
934 4278 1186 4334 lectorem
1211 4275 1382 4332 ferme
1406 4275 1776 4343 oneravimus,
1803 4286 2049 4331 veterum

2139 513 2407 567 berrimos
2435 508 2687 564 Ecclesia:
2715 508 2924 572 Patres,
2960 508 3303 563 Ambrosium
3331 510 3433 580 (25)
3461 529 3631 584 nempe,

2138 603 2503 674 Augustinum
2536 600 2650 671 (96)
2674 642 2688 667 ,
2717 599 3075 654 Prudentium
3107 598 3221 669 (27)
3241 640 3255 664 ,
3288 599 3483 657 Petrum
3505 605 3640 677 Chry-

2139 699 2386 768 sologum
2422 696 2567 766 (28),
2616 695 2852 750 Leonem
2891 694 3038 765 (9.9),
3074 694 3358 750 Maximum
3395 699 3652 756 Taurinen-‘

2139 806 2252 845 sem
2289 789 2423 861 (50),
2454 789 2549 859 qui
2581 787 2934 842 Laurentium
2972 800 3262 858 martyrem
3306 789 3496 844 exim-iis
3516 807 3642 845 orna-

2138 890 2268 934 runt
2298 881 2596 943 encomiis,
2645 895 2709 934 ac
2743 879 3042 950 gloriosum
3087 879 3233 933 illius
3274 889 3516 934 certamen
3553 898 3643 950 gra-

2141 975 2298 1044 phice
2336 974 2778 1043 descripserunt,
2838 972 3041 1025 nullam
3091 972 3158 1026 de
3215 971 3478 1042 Hippolyto
3514 974 3645 1028 milite

2140 1067 2289 1122 illius
2335 1066 2488 1122 socio
2533 1065 2864 1120 mentionem
2899 1065 3112 1120 fecisse.
3163 1063 3465 1133 llujusmodi
3507 1073 3645 1118 tamen

2141 1159 2438 1222 silentium,
2469 1173 2592 1213 cum
2627 1158 2800 1214 solam
2829 1170 2976 1211 mere
2998 1157 3245 1227 negantis
3278 1157 3547 1226 argumenti
3566 1158 3646 1211 vim

2143 1250 2382 1304 obtineat
2407 1291 2422 1316 ,
2468 1248 2792 1303 venerandis
2840 1248 2947 1303 illis
2985 1263 3156 1303 sacrae
3197 1248 3462 1302 vetustatis
3497 1263 3649 1301 monu-

2143 1342 2366 1406 mentis,
2406 1357 2527 1410 quae
2558 1341 2821 1395 hactenus
2856 1339 3256 1402 recensuimus,
3289 1353 3437 1392 nemo
3462 1339 3650 1408 prudens

2144 1433 2586 1503 anteponendum
2617 1433 2880 1488 censebit.
2915 1431 2980 1486 Et
3024 1447 3157 1487 sane
3201 1432 3246 1486 si
3291 1439 3430 1485 tanta
3455 1431 3563 1484 huic
3589 1446 3653 1483 ar-

2144 1534 2400 1595 gumento
2428 1525 2633 1580 inesset
2661 1525 2986 1588 auctoritas,
3011 1533 3073 1578 ut
3100 1522 3417 1593 posthabitis
3447 1531 3512 1576 tot
3538 1537 3655 1591 egre-

2146 1619 2248 1688 giis
2283 1628 2522 1673 veterum
2552 1618 2903 1684 testimoniis,
2933 1616 3048 1672 sola
3083 1616 3256 1686 ipsius
3280 1616 3468 1670 virtute
3496 1611 3654 1683 liippo-

2147 1711 2290 1783 lytus
2347 1709 2625 1764 Laurentii
2675 1710 2859 1765 socius
2923 1724 2956 1764 e
3033 1723 3194 1764 sacro
3246 1717 3524 1777 martyrum
3566 1704 3659 1758 albo

2073 1799 2117 1855 Β
2147 1801 2410 1857 delendus
2453 1808 2632 1866 esset,
2688 1798 2934 1869 profecto
2988 1809 3042 1853 et
3071 1799 3127 1854 S.
3176 1798 3516 1853 Laurentium
3553 1796 3663 1851 illius

2151 1896 2471 1963 magistrum
2513 1893 2567 1947 in
2615 1893 2755 1948 idem
2807 1892 2922 1947 fere
2967 1892 3265 1946 discrimen
3305 1890 3658 1945 adduceremus.

2147 1985 2358 2040 Etenim
2392 1984 2451 2040 S.
2480 1984 2787 2056 Cyprianus
2821 1984 2965 2055 (5|),
2998 1984 3124 2052 qui,
3163 1992 3221 2037 ut
3265 1995 3449 2038 omnes
3473 1987 3662 2039 norunt,

2146 2080 2451 2135 beatissimi
2499 2078 2772 2148 pontiﬁcis
2817 2075 2961 2131 Xisti
3018 2076 3344 2146 martyrium
3393 2071 3661 2140 descripsit,

2147 2173 2326 2242 ipsum
2357 2185 2484 2226 cum
2514 2169 2633 2224 solo
2655 2167 2860 2232 Quarto
2891 2167 2943 2221 in
2967 2167 3266 2221 caemeterio
3297 2163 3664 2218 animadversum

2145 2260 2374 2324 scribit,
2427 2273 2529 2313 nec
2583 2257 2976 2323 Laurentium,
3027 2256 3416 2326 llippolytum,
3473 2252 3668 2319 aliosque

2144 2362 2413 2422 martyres
2457 2349 2734 2412 nominat,
2767 2363 2907 2418 quos
2962 2347 3374 2402 sanctissimum
3413 2341 3667 2414 pontiﬁcem

2144 2443 2200 2497 in
2229 2443 2477 2515 martyrii
2505 2442 2802 2496 certamine
2837 2440 3164 2495 subsecutos
3198 2439 3470 2494 novimus.
3507 2432 3664 2489 Verum

2144 2537 2200 2591 in
2236 2545 2390 2591 tanta
2423 2535 2736 2590 criticorum
2789 2532 2946 2587 turba
2973 2573 2988 2598 ,
3029 2546 3171 2601 quos
3217 2541 3406 2586 nostra
3446 2544 3503 2582 ac
3548 2539 3670 2595 sape

2144 2629 2259 2682 rior
2293 2626 2415 2682 tulit
2455 2636 2620 2688 aetas,
2666 2623 2936 2678 neminem
2979 2622 3283 2692 reperimus
3320 2618 3414 2688 qui
3447 2615 3672 2672 levissimo

2143 2718 2267 2773 hoc'
2315 2715 2622 2786 argumenti
2691 2728 2888 2785 genere
2967 2712 3035 2767 de
3100 2711 3462 2766 celeberrimo
3516 2702 3673 2761 Christi

2142 2821 2384 2882 martyre
2416 2809 2670 2864 dubitare
2697 2823 2866 2862 ausus
2890 2805 2981 2873 sit,
3011 2814 3208 2876 praeter
3234 2803 3324 2859 Jo.
3351 2801 3547 2858 Tellum
3572 2797 3673 2867 (32).

2139 2904 2236 2974 qui
2287 2917 2433 2958 caeco
2487 2901 2723 2971 quodam
2777 2897 2964 2952 furore
3027 2898 3290 2967 abreptus
3331 2911 3431 2959 ea,
3487 2905 3591 2961 qua:
3625 2889 3674 2941 dc

2141 2994 2202 3052 S.
2262 2993 2542 3048 Laurentii
2603 3006 2667 3046 ac
2721 2988 2995 3060 Ilippolyti
3059 2991 3328 3060 martyrio
3400 2993 3680 3054 narrantur,

2147 3089 2204 3141 in
2261 3086 2488 3142 dubium
2529 3098 2724 3139 vocare
2783 3083 2927 3137 haud
2983 3093 3066 3137 est
3129 3083 3360 3146 veritus,
3415 3078 3558 3150 quasi
3591 3075 3676 3144 ipsa

2075 3157 2118 3216 ο
2151 3189 2423 3234 auctorem
2476 3178 2706 3248 aliquem
2758 3175 3156 3245 Martyrologiis
3217 3175 3448 3245 vulgatis
3506 3171 3594 3241 [hic
3619 3167 3683 3221 di-

2148 3267 2381 3336 gniorem
2402 3269 2719 3326 desiderent.
2791 3267 2991 3322 Eadem
3022 3269 3186 3321 etiam
3209 3306 3224 3330 ,
3262 3283 3328 3321 ac
3352 3265 3548 3319 Tellum
3567 3300 3580 3323 ,
3618 3258 3680 3310 ill-

2154 3365 2306 3418 sania
2360 3363 2652 3419 llenricum
2708 3362 3042 3417 Dodwcllum
3090 3361 3202 3428 (55)
3244 3361 3503 3430 flagrasse
3545 3349 3686 3418 suspi-

2155 3468 2375 3518 camur;
2399 3453 2528 3508 dum
2559 3453 2704 3507 enim
2734 3459 3003 3521 martyres
3043 3449 3148 3504 sub
3204 3447 3499 3503 Valeriano
3533 3451 3684 3512 passos

2156 3555 2429 3608 numerat,
2464 3543 2681 3598 Xismm
2710 3544 2976 3606 nominat,
3015 3558 3078 3597 ac
3115 3541 3475 3595 Laurentium
3506 3531 3686 3589 omnino

2160 3638 2370 3692 reticet.
2399 3637 2469 3690 At
2510 3636 2721 3690 Tellum
2775 3652 2955 3691 meras
3004 3651 3176 3704 nugas
3221 3634 3404 3703 egisse
3433 3641 3580 3684 nemo
3618 3620 3687 3675 ibi!

2159 3730 2391 3784 inlicias.
2440 3727 2575 3795 Quis
2613 3729 2756 3781 enim
2803 3726 3136 3781 celeberrimi
3162 3723 3423 3795 martyris
3447 3735 3530 3776 res
3553 3723 3692 3789 gestias

2160 3824 2278 3878 solo
2306 3821 2512 3876 Adonis
2534 3820 2875 3888 aliorumque
2899 3818 3392 3889 martyrologorum
3430 3807 3693 3870 testimonio

2161 3915 2260 3969 niti
2285 3911 2630 3968 autumabit?
2679 3909 2867 3965 Nonne
2913 3909 3126 3980 egregia
3167 3908 3262 3963 illa
3318 3907 3560 3971 Patrum,
3602 3912 3694 3970 qua!

2163 4006 2415 4078 superius
2449 4005 2815 4069 laudavimus,
2853 4001 3188 4067 testimonia,
3239 4000 3508 4055 illustrem
3532 3987 3694 4050 Christi

2160 4099 2378 4151 heroem
2407 4095 2476 4151 ab
2506 4095 2716 4150 insanis
2759 4092 2896 4148 Telli
2957 4091 3292 4148 commentis
3341 4079 3693 4146 vindicabunt?

2167 4186 2542 4245 Vetustissima
2574 4198 2790 4255 quoque
2840 4185 3085 4239 omnium
3134 4183 3386 4253 gentium
3429 4172 3697 4248 Martyrolo-

2159 4283 2266 4352 gia,
2307 4297 2426 4351 qua:
2449 4280 2698 4334 Adonem
2724 4279 2887 4350 longo
2909 4279 3233 4333 saeculorum
3291 4273 3573 4331 intervallo
3592 4281 3697 4341 pre-

471 4373 834 4439 quorumdam
887 4369 1110 4425 Patrum
1139 4370 1207 4425 de
1247 4369 1537 4440 Hippolyto
1571 4369 1847 4422 silentium
1901 4369 2050 4439 gravi
2086 4371 2132 4428 ι)
2158 4380 2466 4438 cesserunt,
2502 4385 2685 4426 nonne
2726 4367 3094 4425 Oxoniensem
3146 4366 3408 4424 criticum
3449 4359 3699 4438 praecipitis

549 4549 659 4619 (2|)
685 4550 801 4604 Act.
829 4549 930 4604 SS.
960 4549 1047 4603 die
1075 4565 1151 4603 xu
1181 4549 1364 4612 Febr.,
1384 4558 1514 4602 tom.
1548 4545 1588 4600 Il
1625 4548 1831 4602 mensis
1857 4547 2044 4612 Febr.,

472 4637 596 4690 pag.
632 4619 737 4675 582
769 4621 901 4675 edit.
935 4619 1152 4674 Venctze
1187 4635 1275 4674 an.
1311 4620 1471 4674 1755.

542 4686 654 4762 (‘22)
685 4692 841 4760 Apud
867 4692 1092 4760 Aringh.
1123 4691 1273 4744 llam.
1302 4691 1623 4753 rubterran.,
1646 4697 1780 4742 tom.
1805 4686 1869 4750 II,
1905 4689 1940 4741 I.
1973 4705 2046 4752 Iv,

474 4778 525 4816 «ξ.
556 4763 645 4824 18,
681 4778 732 4824 p.
767 4763 857 4816 60.

547 4778 857 4902 (12%)pdpou‘d
904 4830 1131 4886 Boldetti
1169 4831 1530 4887 Osservatinni
1577 4846 1734 4900 sopra
1819 4829 2047 4882 cimitert

473 4902 537 4955 de
559 4901 892 4964 B.martiri,
918 4903 1012 4955 lib.
1052 4919 1109 4965 II,
1145 4921 1195 4957 c.
1233 4905 1318 4962 18,
1351 4919 1402 4971 p.
1441 4901 1546 4956 554
1579 4904 1708 4954 edit.
1739 4901 1832 4953 cit.

545 4974 662 5044 (‘24)
696 4973 852 5044 Apud
882 4971 1118 5042 Viguol..
1156 4969 1407 5041 Inscript.
1439 4971 1642 5028 select..
1678 4986 1801 5044 pag.
1831 4969 1955 5022 529.

546 5041 660 5112 (‘25)
704 5043 824 5096 Lib.
857 5059 872 5096 ι
920 5041 995 5096 Ue
1022 5045 1200 5112 ofﬁciis
1234 5046 1620 5104 ministrorum,
1654 5060 1702 5095 c.
1733 5042 1838 5112 41.-
1859 5041 2045 5112 μη,

474 5130 528 5184 p.
558 5110 674 5177 ‘54,
721 5122 852 5167 tom.
900 5112 946 5165 11
987 5110 1147 5184 Oper.
1201 5115 1330 5170 edit.
1394 5113 1584 5167 Paris.
1636 5129 1728 5166 an.
1778 5110 1946 5174 I690,
1995 5122 2049 5163 et

477 5185 569 5237 lib.
607 5200 664 5248 ιι,
692 5198 747 5253 p.
785 5184 909 5249 105,
941 5201 992 5239 c.
1024 5185 1111 5239 9.8.

547 5247 1023 5326 (96)_'Serm.'30‘2
1048 5265 1102 5310 et
1127 5272 1306 5325 seqq.,
1338 5271 1462 5326 pag.
1493 5253 1618 5319 855,
1651 5263 1784 5308 tom.
1816 5251 1853 5302 V
1883 5247 2044 5320 Oper.

476 5325 608 5378 edit.
642 5324 735 5378 cit.
770 5324 1166 5394 Antwerpiens.

551 5394 663 5464 (Ἠ)
702 5395 842 5463 Περὶ
877 5392 1212 5464 στεέράνων,
1261 5396 1406 5466 hym.
1453 5395 1518 5461 2,
1556 5410 1609 5464 p.
1656 5393 1725 5447 99
1755 5392 1884 5446 edit.
1936 5393 2049 5445 An-

477 5473 671 5533 twerp.
687 5470 781 5520 cit.

550 5537 662 5605 (‘28)
710 5535 885 5590 Serm.
916 5535 1039 5596 155.

557 5601 669 5675 (29⁷)
710 5609 885 5660 Serm.
924 5607 1012 5668 85,
1044 5601 1095 5674 ν’.
1127 5606 1252 5669 557,
1283 5615 1413 5675 tom.
1441 5606 1458 5657 I
1496 5603 1656 5672 Oper.
1688 5604 1815 5658 edit.
1847 5601 2040 5675 Venet.

482 5673 656 5738 1755,
676 5678 993 5731 curantibus
1026 5673 1184 5731 Petro
1209 5686 1264 5729 et
1297 5674 1626 5744 Hieronymo
1656 5675 1911 5729 fratribus
1939 5674 2040 5727 Ba-

484 5746 688 5809 lerinis,
712 5747 863 5815 juxta
893 5748 1164 5813 Quesnclli
1196 5749 1326 5804 edit.
1360 5763 1524 5801 scrin.
1561 5746 1647 5799 85.

1072 5551 1124 5604 p.
1152 5534 1254 5589 198
1279 5535 1406 5588 edit.
1439 5533 1622 5604 Venet.
1651 5549 1739 5587 an.
1776 5531 1935 5604 17511.

2224 4549 2338 4620 (50)
2380 4546 2580 4620 IIomil.
2611 4549 2679 4602 de
2709 4547 2931 4612 sanctis,
2974 4557 3108 4602 tom.
3135 4546 3179 4601 11
3203 4588 3218 4609 ,
3255 4547 3326 4602 IlI
3346 4590 3362 4613 ,
3393 4562 3519 4620 pag.
3545 4541 3629 4620 εδ]

2153 4616 2329 4690 δρψιξ
2363 4620 2496 4674 edit.
2547 4619 2868 4690 Raynaudi,
2911 4635 3033 4687 qua:
3057 4620 3260 4690 pariter
3293 4629 3429 4672 sunt
3457 4616 3701 4690 descripta!

2153 4693 2205 4743 in
2234 4686 2378 4746 libro
2408 4690 2496 4745 cui
2525 4686 2712 4744 titulus
2747 4707 2759 4742 :
2795 4686 3214 4742 Memorie'della
3262 4690 3400 4751 vita,
3433 4686 3517 4739 dei
3547 4687 3701 4735 maru-

2153 4763 2253 4825 rio,
2286 4760 2643 4827 de’mirucoli,
2668 4759 2751 4812 del
2784 4760 2940 4824 coita,
2970 4769 3096 4822 ctc.,
3136 4760 3193 4812 di
3222 4757 3280 4812 S.
3312 4758 3554 4811 Lorenzo
3572 4763 3700 4827 3W-

2152 4817 2253 4954 ἕλξις-ἐ
2275 4831 2564 4954 1tpgftsadino
2605 4817 2871 4896 Romanu,
3022 4817 3095 4883 7O
3120 4839 3175 4884 et.
3216 4845 3379 4899 seqq.
3411 4829 3541 4883 edit.
3569 4817 3700 4874 Rom.

2153 4920 2163 4933 ,
2347 4903 2373 4930 ,υ

2152 4902 2472 5044 ῗωξ51ιῖοὲί).
2509 4971 2578 5026 80
2610 4971 2878 5026 Successo
2915 4968 3090 5034 fratri,
3129 4985 3182 5040 p.
3213 4969 3323 5024 3235
3359 4969 3495 5024 edit.
3522 4968 3704 5018 Amste-

2152 5042 2352 5097 Imlzini.
2386 5054 2479 5097 (ιιι.

2223 5113 2336 5179 (5⁸2)
2387 5113 2444 5165 1η
2499 5121 2612 5167 nrt.
2665 5111 2732 5165 ad
2764 5110 3006 5164 eamdem
3056 5108 3152 5180 Ep.

2153 5176 2344 5237 scribit
2382 5199 2535 5236 num.
2691 5202 2707 5232 ι
2742 5182 2872 5246 Qua:
2925 5181 2991 5234 de
3022 5176 3529 5251 Felici—AgassetoJ
3561 5176 3729 5251 θρίω-⁸

2153 5259 2334 5320 tianu,
2390 5252 2685 5318 Faustino,
2730 5245 3023 5316 Quatrato,
3076 5245 3420 5316 Laurentio,
3481 5245 3707 5320 Epolilq.

2152 5326 2281 5377 Afra
2309 5311 2334 5387 ,⁷
2354 5333 2406 5378 et
2455 5311 2716 5378 militibus
2740 5311 2851 5374 165
2887 5311 3020 5375 addi.
3062 5322 3274 5382 solent,
3315 5311 3712 5388 auctoremali-

2151 5386 2317 5463 quem
2361 5392 2760 5464 Martyrologiis
2810 5392 3038 5464 vulgatis
3081 5391 3188 5446 fide
3241 5390 3558 5459 digniorem
3592 5386 3712 5437 desi-

2155 5473 2997 5608 Jezggibissert.‘Cyprianicze,
3032 5530 3166 5608 diss.
3212 5531 3298 5608 int,
3342 5530 3429 5608 ρε
3473 5530 3717 5608 paucitate

2154 5599 2526 5729 ἕέιένᾳέηιῃῖἕ
2557 5603 2646 5670 60,
2686 5599 2752 5658 ad
2779 5605 2982 5660 calcem
3024 5599 3184 5672 Oper.
3225 5599 3285 5655 S.
3344 5599 3628 5671 Cypriani,
3670 5605 3714 5661 p-

2247 5691 2292 5729 er
2317 5714 2338 5729 ..
2372 5690 2401 5728 e
2445 5691 2456 5726 ι
2489 5714 2500 5726 .

3191 5126 3247 5179 p.
3289 5109 3427 5173 3-35,
3480 5105 3584 5179 ubi
3615 5103 3708 5156 hac
