3826 6504
550 315 655 375 463

1330 320 1416 375 DE
1448 317 1841 375 PORTL‘ENSI
1884 319 1938 372 S.
1983 318 2342 375 HIPPOLYTI
2383 318 2575 374 SEDE.
2619 350 2687 360 ——
2726 316 2907 373 PARS
2946 320 2985 372 l.
3649 324 3731 377 161

549 451 647 492 cas
680 434 976 490 Dacherius
999 433 1134 505 (5'4),
1168 433 1494 490 Edmundus
1526 434 1762 489 Martene
1793 436 1931 505 (55),
1954 446 2107 506 atque

2220 436 2407 506 gistcr,
2436 435 2594 511 cujus
2627 436 2837 505 glossas
2874 434 3042 489 edidit
3066 434 3324 489 Wcilzius
3364 434 3489 503 (58).
3519 434 3731 493 Secundo

550 529 796 583 omnium
831 526 1278 597 accuratissimus
1315 526 1398 582 Jo.
1434 526 1590 597 Bapt.
1620 528 1864 582 Solerius
1894 529 2031 598 (56),
2066 529 2120 583 in

551 620 869 690 praefatione
886 620 952 673 ad
982 634 1177 673 novam
1210 619 1581 691 Martyrologii
1612 618 1907 675 Usuardini
1935 620 2123 674 editio-

551 726 700 778 nem,
732 711 953 781 aliique.
989 709 1145 767 Hunc
1167 710 1513 783 Hippolytum
1547 711 1900 767 Antiochense
1931 710 2117 767 Eccle-

549 804 646 859 sia:
684 804 1053 874 presbyterum
1085 802 1255 858 fuisse
1284 812 1446 873 atque
1475 801 1771 857 Novatiana
1799 802 1920 858 labe
1941 803 2121 873 inqui-

549 908 958 965 natum,eaque
1012 895 1357 964 postmodum
1407 895 1639 965 ejurata,
1692 894 1989 965 gloriosum
2021 910 2120 965 pro

545 989 767 1043 Christo
794 987 1112 1059 martyrium
1170 1002 1580 1042 consummasse
1607 987 1802 1041 docent
1826 986 2118 1053 Notkerus,

546 1080 684 1145 Ado,
716 1080 1020 1142 Usuardus,
1046 1095 1281 1150 quorum
1308 1080 1612 1135 testimonia
1643 1079 1895 1151 superius
1924 1082 2121 1135 recita-

545 1176 744 1228 vimus.
802 1172 1132 1227 Tillemontii
1177 1187 1241 1225 ac
1280 1170 1474 1225 Solerii
1521 1171 1886 1241 conjecturas,
1918 1172 2118 1242 quibus

545 1266 894 1338 Hippolytum
926 1266 1091 1331 hunc,
1135 1273 1195 1318 ut
1223 1264 1429 1329 dicunt,
1482 1264 1854 1336 presbyterum
1908 1280 1974 1319 ex
2004 1266 2116 1318 An-

545 1361 796 1414 tiochena
828 1357 1067 1413 Ecclesia
1124 1357 1175 1410 in
1233 1356 1535 1411 Romanam
1593 1356 1894 1413 transferre
1935 1358 2120 1411 volue—

544 1464 691 1516 runt,
717 1452 827 1520 jam
872 1451 1125 1519 superius
1174 1465 1328 1504 num.
1390 1450 1458 1504 15
1535 1464 1637 1503 nos
1674 1449 1898 1505 diluisse
1948 1452 2119 1504 conli-

2229 542 2352 581 mox
2387 526 2553 581 allata
2602 525 2881 581 Prudentii
2927 527 3169 581 carmina
3219 527 3513 581 interiorem
3553 529 3731 597 quidem

2228 620 2527 675 cremeterii
2553 619 2862 684 aediculam,
2896 633 3159 689 aramque
3176 634 3337 688 super
3360 617 3609 691 Hippolyti
3634 635 3732 674 cor-

2228 727 2330 780 pus
2354 721 2686 768 exstructam
2746 710 3081 774 describunt,
3125 710 3434 778 neutiquam
3466 726 3581 765 vero
3621 712 3735 767 illius

2228 805 2527 860 coemeterii
2557 807 2745 869 situm,
2795 820 2958 872 quem
2987 817 3118 859 sane
3166 804 3505 873 sequentibus
3529 804 3734 859 carmini-

2228 896 2332 950 bus
2361 896 2716 952 Prudentium
2740 897 3057 967 designasse
3090 904 3335 953 constat:

2301 989 2462 1042 llaud
2497 990 2682 1059 procul
2707 1000 2940 1043 extremo
2972 989 3116 1042 culta
3147 990 3215 1041 ad
3244 988 3483 1056 pommria
3509 988 3627 1043 uallo

2371 1060 2555 1114 Mensa
2588 1060 2861 1114 latebrosis
2883 1070 3069 1131 crypta
3101 1069 3243 1131 patet
3266 1061 3442 1130 foveis.

2229 1151 2295 1206 Et
2337 1154 2525 1223 paucis
2551 1152 2853 1223 interjectis
2880 1172 2894 1207 :

2300 1265 2604 1330 Quamlibet
2630 1266 2885 1335 ancipites
2925 1274 3107 1318 texunt
3134 1264 3254 1317 hinc
3285 1264 3406 1317 inde
3430 1279 3631 1316 recessus

2369 1339 2532 1391 Arcta
2560 1343 2656 1390 sub
2691 1336 2951 1390 umbrosis
2972 1337 3113 1389 atria
3142 1335 3461 1403 porticibus;

2296 1408 2546 1460 Attamen
2571 1408 2734 1460 excisi
2756 1407 2933 1460 subter
2957 1424 3085 1459 cava
3113 1408 3311 1460 tiscera
3346 1405 3526 1457 montis

2371 1478 2569 1532 Crebra
2600 1478 2859 1531 terebrato
2894 1477 3095 1546 fornice
3124 1476 3217 1529 lua:
3237 1485 3485 1544 penetrat.

2301 1548 2390 1603 Sic
2418 1549 2581 1601 datur
2612 1548 2842 1601 absentis
2875 1564 2968 1617 per
2988 1548 3330 1601 subterranea
3356 1546 3477 1617 solis

2369 1619 2590 1674 Cernere
2618 1616 2881 1688 fulgorem
2905 1617 3291 1687 luminibusque
3317 1616 3445 1686 frui.

542 1542 753 1599 (limus.

542 1630 729 1710 XVIICI.
770 1654 997 1708 Joannis
1059 1652 1204 1707 Pinii
1253 1655 1315 1706 de
1376 1652 1650 1722 Hippolyti
1697 1652 1900 1707 tumulo
1946 1655 2117 1723 conje-

1096 1706 1247 1778 clum
1280 1706 1599 1794 refellitur."
1726 1706 1729 1707 ⁷
1984 1706 1989 1707 ί
2035 1706 2081 1723 ’ἡ
2228 1711 2324 1767 His
2351 1710 2572 1782 quidem
2604 1710 2944 1765 carminibus
2970 1708 3248 1765 Veranum
3293 1708 3355 1761 B.
3384 1706 3627 1777 Hippolyti
3651 1718 3729 1759 cte-

2152 1804 2194 1859 B
2225 1804 2508 1859 meterium
2533 1819 2563 1857 a
2588 1802 2885 1858 Prudentio
2911 1802 3247 1871 descriptum
3281 1801 3520 1855 omnium
3546 1799 3728 1869 primum

2219 1895 2403 1950 docuit
2424 1893 2621 1963 Georg.
2657 1891 2940 1948 Fabricius
2972 1892 3245 1962 (59),dum
3280 1891 3489 1961 inquit:
3542 1886 3728 1941 «Intelli-

2220 1989 2297 2056 git
2324 1997 2569 2059 cryptam
2618 1985 2909 2041 Veraniam
2944 1986 2998 2040 in
3026 1986 3114 2039 via
3162 1984 3466 2048 Tiburtina,
3494 1996 3633 2052 quam
3662 1980 3728 2034 de-

2220 2081 2461 2135 scribit»
2491 2079 2802 2133 Fabricium
2850 2079 3022 2134 seculi
3075 2086 3204 2133 sunt
3247 2075 3546 2132 doctissimi
3566 2075 3728 2135 viri,ac

2220 2188 2502 2227 sacrarum
2549 2169 2707 2227 Urbis
2750 2171 3137 2241 antiquitatum
3178 2168 3493 2239 peritissimi
3520 2165 3729 2220 Baronius

2218 2263 2357 2333 (66),
2392 2263 2588 2319 Bosius
2630 2262 2765 2333 (6|),
2821 2262 3132 2317 Severanus
3163 2262 3301 2333 (62),
3336 2258 3726 2332 Aringhiusliﬁ).

2218 2349 2476 2406 Boldctus
2520 2350 2660 2421 (61),
2694 2350 2789 2420 qui
2833 2352 2947 2406 haec
2978 2352 3165 2405 eadem
3224 2351 3457 2406 recitant
3508 2344 3726 2403 Prudentii

2215 2442 2480 2509 carmina,
2508 2443 2637 2497 dum
2668 2440 2943 2499 Veranum
2994 2441 3055 2496 Β.
3113 2442 3392 2515 Hippolyti
3418 2439 3723 2499 cmmeterinm

2215 2534 2551 2590 describunt.
2582 2533 2649 2588 Et
2672 2549 2803 2590 sane
2832 2550 2957 2589 cum
3004 2534 3339 2591 Prudentius
3367 2535 3494 2590 illud
3519 2548 3611 2588 non
3643 2543 3725 2602 pro-

2216 2626 2307 2681 cul
2339 2626 2409 2680 ab
2431 2627 2582 2682 urbis
2606 2627 2912 2696 pomoeriis,
2938 2643 3002 2683 ac
3048 2628 3101 2681 in
3138 2638 3326 2684 monte
3354 2629 3510 2685 situm
3536 2626 3723 2687 allirmel,

2217 2720 2331 2775 haec
2357 2722 2541 2775 omnia
2573 2737 2704 2792 agro
2738 2720 2956 2778 Verano
2990 2724 3237 2793 apprime
3290 2717 3723 2781 conveniuntzVe-

2215 2828 2385 2868 rauus
2412 2812 2681 2883 siquidem
2713 2828 2842 2884 ager
2862 2830 2973 2869 non
3003 2817 3194 2885 procul
3224 2817 3296 2873 ab
3315 2819 3465 2873 urbis
3487 2813 3722 2887 pomoeriis.

2215 2920 2281 2959 ac
2310 2905 2363 2959 in
2391 2915 2575 2961 monte
2602 2906 2744 2961 situs
2766 2916 2872 2973 est,
2896 2915 2957 2961 ut
2992 2922 3183 2963 omnes
3212 2918 3435 2963 norunt.
3466 2906 3719 2974 Neutiquam

2214 3011 2345 3051 vero
2370 2997 2458 3053 ille
2484 2995 2722 3053 Ostiensi
2752 2999 2852 3053 viae
2884 2999 3196 3069 contiguus,
3244 3002 3344 3070 qui
3385 3000 3555 3071 potius
3575 3000 3619 3051 in
3640 2995 3719 3065 pla

2217 3090 2403 3145 nitiem
2436 3091 2629 3162 vergit.
2656 3091 3000 3161 Quapropter
3030 3094 3082 3147 in
3107 3095 3485 3149 vetustisslmo
3512 3092 3718 3161 epigram-

2214 3192 2379 3250 mate,
2403 3184 2547 3252 quod
2611 3184 2738 3238 olim
2774 3183 2927 3239 Galla
2973 3183 3211 3241 Placidia
3246 3186 3314 3244 B.
3367 3183 3619 3240 Laurentii
3656 3192 3716 3233 Iu-

2212 3275 2362 3329 mulo
2392 3291 2421 3329 a
2452 3290 2510 3330 se
2534 3276 2841 3333 instaurato
2875 3279 3175 3349 inscripsit,
3209 3279 3330 3334 haec
3372 3279 3601 3349 leguntur
3620 3270 3717 3341 apud

2212 3366 2505 3422 Gruterum
2539 3367 2676 3439 (65),
2697 3370 2791 3439 qui
2825 3370 2960 3426 illud
3011 3385 3077 3424 ex
3108 3370 3340 3440 antiquo
3366 3370 3542 3426 codice
3583 3364 3716 3422 biblio-

614 1841 958 1913 llippolytum
1012 1840 1326 1911 episcopum
1389 1847 1444 1894 et
1478 1848 1771 1911 martyrem
1812 1840 2110 1905 exstitisse,

541 1950 702 1989 nemo
733 1942 817 1989 est
841 1931 933 2002 qui
960 1932 1185 1997 nesciat,
1214 1947 1449 2001 eumque
1494 1930 1791 1985 Prudentia
1830 1931 2109 1986 laudatum

538 2042 605 2082 ex
632 2027 719 2091 iis,
754 2041 875 2096 qum.
908 2026 1168 2078 hactenus
1212 2023 1471 2086 diximus,
1506 2023 1638 2077 satis
1676 2032 1927 2077 constare
1955 2032 2109 2092 puta-

545 2138 687 2175 mus.
716 2120 1060 2191 Quapropter
1116 2120 1625 2189 praestantissimum
1688 2129 1925 2188 poetam,
1979 2116 2107 2169 dum

541 2215 691 2267 illius
720 2214 917 2268 cecinit
942 2222 1115 2283 gesta,
1147 2212 1357 2281 aliquid
1401 2211 1625 2265 humani
1679 2224 1905 2279 passum
1941 2208 2110 2261 fuisse

535 2306 723 2361 docuit
752 2304 1040 2370 Baronius,
1064 2306 1223 2374 cujus
1251 2304 1572 2359 sententiam
1607 2310 1685 2356 tot
1708 2308 1997 2370 tantosque
2026 2300 2108 2352 vi-

535 2414 629 2453 ros
654 2399 916 2467 probasse
972 2397 1228 2467 superius
1281 2396 1625 2449 monuimus.
1676 2391 1863 2463 Neque
1926 2408 2025 2446 nos
2054 2394 2109 2446 in

534 2491 868 2546 contrariam
903 2490 1055 2544 abire
1091 2506 1330 2559 unquam
1371 2488 1611 2557 impellet
1658 2485 1971 2555 nuperrima
2020 2482 2104 2538 Jo.

537 2581 675 2636 Pinii
722 2583 837 2655 (57)
865 2582 1204 2651 conjectura.
1253 2581 1369 2650 qui,
1424 2588 1716 2650 postquam
1760 2576 2106 2647 Hippolytum

534 2675 762 2729 militem
799 2674 1077 2729 Laurentii
1106 2673 1316 2727 socium
1352 2672 1564 2743 egregie
1604 2670 1921 2733 vindicavit,
1972 2667 2108 2721 Pru-

535 2770 704 2823 dentii
736 2768 899 2822 etiam
932 2766 1301 2837 patrocinium
1349 2766 1609 2834 suscepit,
1640 2764 1929 2834 ipsumque
1960 2764 2107 2817 omni

533 2860 877 2915 confusionis
909 2859 1043 2913 vitio
1100 2858 1396 2912 inununcm
1431 2856 1685 2912 asseruit.
1724 2856 1937 2911 Etenim
1972 2859 2108 2910 duos

532 2962 589 3005 ct
615 2952 730 3020 ipse
762 2950 1078 3022 llippolytos
1106 2964 1425 3019 agnoscens,
1456 2947 1681 3002 militem
1708 2946 1983 3001 Laurentii
2018 2961 2108 3000 so-

531 3050 678 3106 cium
719 3049 773 3102 in
810 3063 945 3118 agro
970 3046 1189 3101 Verano
1225 3044 1497 3114 sepultum
1534 3044 1698 3108 dicit;
1729 3042 2104 3114 presbyterum

531 3156 663 3197 vero
688 3156 717 3195 a
740 3139 1038 3194 Prudentio
1065 3136 1344 3192 laudatum
1372 3135 1440 3191 ad
1470 3134 1788 3191 Tiberinum
1816 3134 1970 3189 urbis
1996 3142 2108 3189 tra-
2135 3164 2180 3222 ε

531 3244 703 3297 ctum,
731 3247 827 3288 seu
871 3231 954 3284 via
981 3228 1242 3285 Ostiensi.
1305 3246 1325 3281 ι
1352 3227 1533 3284 Locus
1578 3242 1732 3298 ergo,
1788 3226 1985 3297 inquit,
2017 3240 2104 3281 se-

528 3325 762 3397 pultura:
798 3323 855 3378 S.
911 3321 1182 3394 Hippolyti
1226 3323 1400 3378 nostri
1430 3322 1643 3377 videtur
1670 3333 1790 3375 esse
1832 3320 1992 3388 longe
2021 3318 2103 3372 di-

529 3431 725 3472 versus
752 3430 785 3471 a
811 3415 931 3470 loco
959 3424 1179 3486 crypta},
1241 3414 1294 3468 in
1334 3430 1498 3485 quam
1558 3412 1858 3468 translatus
1896 3423 2103 3481 martyr

529 3523 868 3579 synonymus
889 3506 1091 3561 dicitur
1123 3507 1263 3576 apud
1292 3506 1665 3571 Prudentium,
1700 3505 1857 3574 cujus
1890 3503 1993 3558 loci
2023 3503 2101 3557 si-

529 3612 645 3656 tum
672 3599 1035 3662 individuum,
1069 3600 1277 3653 etiamsi
1330 3599 1400 3652 ab
1449 3599 1542 3652 illo
1594 3598 1935 3667 designatum
1992 3609 2099 3648 non

529 3693 783 3763 legimus,
810 3693 955 3763 quod
1007 3702 1188 3747 tamen
1216 3691 1281 3745 ad
1324 3690 1640 3744 Tiberinum
1682 3689 1835 3744 urbis
1864 3696 2098 3742 tractum

528 3785 577 3839 is
632 3784 832 3840 alicubi
884 3783 1173 3849 exstiterit,
1227 3783 1571 3853 suspicamur
1600 3797 1667 3836 ex
1715 3780 1800 3835 his
1854 3779 2099 3850 ejusdem

525 3884 702 3947 poetae
729 3877 908 3932 verbis
935 3894 948 3931 :

600 3992 815 4047 Talibus
848 3991 1123 4061 Hippolyti
1140 4006 1327 4060 corpus
1360 3988 1647 4061 mandatur
1672 3987 1885 4061 opertis,

666 4062 890 4132 Propter
923 4057 1011 4115 ubi
1040 4057 1280 4132 apposita
1305 4070 1379 4115 est
1408 4076 1503 4112 ara
1525 4058 1703 4132 dicata
1737 4057 1861 4110 Deo.

595 4132 707 4187 Illa
731 4128 1049 4187 sacramenti
1074 4128 1324 4185 donatrix
1352 4147 1549 4193 mensa,
1587 4128 1867 4197 eademque

662 4202 990 4282 Custosﬁda
1014 4204 1101 4282 sui
1127 4202 1377 4282 martyris
1403 4199 1671 4282 apposita,

593 4272 777 4328 Servat
807 4267 890 4326 ad
919 4275 1101 4327 (eremi
1129 4267 1299 4343 spem;
1316 4267 1513 4343 iudicis
1560 4267 1986 4343 ossausepulcro,

662 4343 847 4398 Pascit
874 4345 1009 4398 idem
1032 4340 1232 4398 sanctis
1260 4341 1554 4395 Tibricolas
1576 4340 1822 4410 dapibus.

520 4460 590 4513 At
624 4460 777 4526 longe
810 4475 909 4513 sua
943 4458 1199 4529 opinione
1222 4456 1428 4510 fallitur
1456 4456 1537 4509 vir
1569 4454 1943 4510 doctissimus.
1977 4451 2094 4506 Pri-

2212 3458 2385 3512 thecze
2415 3457 2680 3515 Palatina:
2700 3461 2943 3531 primum
2969 3461 3209 3533 vulgavit
3235 3480 3248 3516 :

2284 3549 2455 3623 Erato
2477 3551 2723 3621 planities
2751 3556 2925 3623 patuit
2952 3556 3047 3609 sub
3078 3565 3251 3608 monte
3283 3556 3470 3620 recisa,

2351 3619 2550 3693 Estque
2580 3619 2779 3678 remota
2808 3625 2956 3695 gravi
2988 3626 3122 3680 male
3151 3626 3310 3679 ruina
3342 3628 3535 3679 minax.

2210 3708 2452 3767 Tandem
2487 3711 2817 3771 Prudentius
2844 3715 3197 3785 magniﬁcum
3222 3716 3494 3786 quoddam
3521 3708 3714 3781 templum

2210 3800 2484 3875 Hippolyti
2507 3808 2822 3861 cmmeterio
2870 3807 3236 3877 propinquum
3276 3810 3332 3863 in
3357 3809 3535 3864 eodem
3569 3805 3713 3873 hymno
3774 3858 3775 3865 η

2200 3894 2295 3963 his
2316 3897 2655 3953 carminibus
2678 3899 2937 3954 describit
2958 3916 2973 3955 :

2209 4009 2328 4081 Sta_t
2358 4009 2447 4063 sed
2460 4009 2622 4081 juxta
2654 4008 2825 4081 aliud,
2859 4009 2999 4081 quod
3025 4017 3177 4081 tanta
3206 4006 3499 4079 frequentia
3523 4000 3708 4073 templum
3768 4008 3771 4073 ρ

2286 4078 2429 4132 Tunc
2458 4080 2613 4132 adeat
2644 4080 2790 4133 cultu
2818 4078 2993 4135 nobile
3026 4080 3237 4148 regiﬁco

2206 4149 2506 4203 Parietibus
2539 4148 2735 4203 celsum
2767 4150 3081 4204 sublimibus
3108 4162 3263 4218 atque
3295 4148 3522 4218 superbis

2278 4219 2563 4289 Majestate
2588 4229 2768 4288 potens
2802 4219 3203 4287 muneribusque
3226 4221 3465 4287 opulens.

2209 4288 2354 4360 Ordo
2390 4289 2755 4343 columnarum
2787 4291 3022 4360 geminus
3045 4291 3321 4360 laquearia
3353 4290 3474 4343 tecti

2275 4358 2535 4423 Sustinet,
2564 4360 2768 4413 auratis
2791 4358 3090 4429 suppositus
3116 4358 3374 4424 trabibus,
3395 4369 3497 4414 etc.

2204 4448 2301 4506 llis
2335 4464 2469 4506 sane
2499 4450 2839 4507 carminibus
2881 4450 3150 4505 Veranam
3182 4450 3240 4505 S.
3278 4447 3548 4505 Laurentii
3576 4438 3709 4497 basili~

522 4567 673 4606 mum
714 4552 983 4621 siquidem
1008 4565 1112 4604 vox
1146 4550 1235 4604 illa
1286 4547 1601 4614 Tibricolas,
1633 4562 1701 4601 ex
1752 4561 1859 4616 qua
1919 4546 2100 4614 conje-
2133 4523 2179 4581 Ι)
2205 4558 2323 4597 cam
2352 4542 2708 4598 Prudentium
2763 4544 3019 4600 laudasse
3072 4542 3475 4609 existimamus,
3504 4553 3594 4593 non
3619 4541 3709 4621 γειξο
3754 4554 3755 4597 ι

522 4655 690 4698 ctura:
717 4659 830 4697 sua:
859 4651 968 4696 tota
998 4643 1079 4696 vis
1106 4641 1323 4711 pendet,
1352 4641 1637 4695 universos
1666 4638 1839 4704 urbis,
1867 4652 1975 4691 non
1999 4653 2095 4691 au-

522 4746 629 4791 tem
663 4735 923 4790 Tiberina:
952 4735 1178 4805 regionis
1212 4734 1421 4789 incolas
1448 4732 1719 4802 designat,
1747 4740 1806 4785 ut
1830 4742 1971 4785 recte
1997 4744 2095 4784 nos

521 4829 709 4884 docuit
763 4828 1181 4898 antiquissimus
1226 4825 1507 4882 Prudentii
1549 4824 1816 4894 interpres
1854 4822 1939 4878 lso
1989 4837 2097 4875 ma-

589 5020 704 5096 (51)
735 5025 795 5077 ln
834 5023 1040 5096 monito
1074 5023 1142 5096 ad
1177 5020 1455 5096 Martyrol.
1487 5017 1904 5096 S_._Ilieronymi,
1946 5016 2094 5087 quod

519 5090 694 5151 edidit
724 5104 857 5148 tom.
901 5092 945 5145 ll
996 5091 1291 5162 Spicilegii,
1328 5108 1379 5162 p.
1414 5092 1440 5162 1
1472 5090 1731 5162 edit._cit.

594 5165 709 5235 (55)
756 5164 959 5235 Voyaqe
987 5160 1268 5235 littéruire,
1309 5160 1349 5217 ι.
1384 5160 1449 5225 ll,
1481 5177 1534 5231 p.
1564 5160 1687 5235 l98.

732 5227 859 5316 ,ᾼισί
894 5227 1089 5357 1,32,
1126 5250 1178 5304 p.
1212 5227 1278 5287 15
1300 5244 1362 5314 .et
1396 5227 1572 5301 seqq,
1626 5232 1747 5284 Act.
1805 5227 1905 5282 SS.
1940 5242 2093 5282 men-

592 5305 766 5357 ;Junu
790 5315 925 5357 tom.
1014 5303 1052 5357 Ι.
1082 5321 1134 5357 n.
1169 5305 1195 5357 1
1228 5304 1359 5357 ράιι.
1398 5300 1614 5357 Veneta:
1644 5316 1734 5354 an.
1770 5298 1929 5353 1745.

521 5298 766 5361 εἰς’]ιιὶιὶἰ
790 5298 938 5359 tom.
965 5298 1052 5367 Vl,
1078 5298 1144 5373 p.-
1169 5305 1195 5358 1
1228 5304 1359 5357 edit.
1398 5298 1614 5357 Veneta:
1644 5316 1734 5354 an.
1770 5298 1929 5373 l_74§.

594 5376 707 5443 (57)
733 5376 855 5430 Act.
888 5366 1224 5434 SS.,mensis
1254 5374 1483 5443 August.
1513 5373 1599 5426 die
1626 5386 1746 5443 xtu,
1772 5368 1933 5443 de__$.
1960 5366 2093 5443 Hip-

558 5438 724 5516 ulyto,
755 5445 1085 5508 Concordia,
1120 5455 1268 5516 _ct_c.,
1300 5438 1460 5516 M'M.,
1484 5458 1603 5516 pag.
1658 5442 1713 5505 8,
1746 5449 1787 5495 t.
1841 5438 1907 5492 lll
1956 5440 2090 5495 edit.

568 5514 737 5571 cnctae
764 5518 891 5571 anni
920 5516 1077 5577 1752,
1111 5514 1138 5585 §
1170 5514 1225 5580 2,
1255 5529 1406 5585 nam.
1434 5514 1527 5570 29.

592 5586 704 5657 (58)
736 5586 865 5657 Pag.
898 5587 1026 5651 5‘35,
1060 5583 1201 5639 vers.
1225 5583 1362 5657 170.

591 5652 705 5725 (59)
746 5652 999 5710 ΤΙιὲδαιιν.
1035 5665 1176 5722 poet.
1209 5655 1427 5719 Curam,
1459 5669 1514 5723 p.
1540 5652 1629 5708 69.

592 5724 703 5800 (ω)
734 5725 789 5781 In
840 5738 951 5800 not.
1008 5727 1075 5781 ad
1132 5726 1407 5797 Martyrol.
1458 5726 1545 5779 die
1602 5738 1697 5777 λιιι
1754 5724 1915 5795 Aug.,

522 5795 626 5852 5-50
663 5799 754 5856 cit.
779 5799 906 5852 edit.

1970 5739 2087 5795 pag.

2200 4634 2483 4704 ipsiusmct
2519 4633 2793 4706 Hippolyti
2847 4634 3155 4701 ecclesiam,
3205 4619 3707 4715 quemadmodumtir
3750 4630 3753 4715 pl

2197 4728 2265 4779 de
2296 4725 2468 4781 sacris
2495 4725 2693 4781 litteris
2717 4726 2922 4796 optime
2954 4727 3185 4781 meritus
3215 4727 3485 4780 Henricus
3513 4713 3705 4774 Valesius
3748 4722 3751 4796 ᾖ

2198 4816 2309 4886 (66)
2332 4814 2585 4872 credidit.
2602 4786 3043 4886 Hanc-siquidem
3074 4832 3182 4872 non
3201 4816 3381 4887 juxta,
3404 4814 3492 4871 sed
3509 4820 3641 4880 supra
3664 4801 3705 4854 ί¹·

2267 5018 2557 5111 “Hylam.
2613 5028 2965 5111 sot‘t‘ezzanea,
3014 5017 3109 5074 lib.
3160 5034 3245 5083 ιιι,
3282 5034 3403 5088 cap.
3439 5017 3521 5082 '59,
3553 5028 3596 5083 p.
3631 5002 3705 5060 399

2195 5092 2325 5145 edit.
2360 5088 2519 5143 Hom.
2554 5106 2644 5143 an.
2681 5090 2840 5144 1652.

2268 5120 2871 5282 ξὲεξωὶῖἑηῗὲἓὲεἼΖξέε
2898 5160 3035 5214 delle
3088 5168 3216 5241 sette
3253 5158 3441 5239 Cltiese
3474 5154 3525 5207 di
3563 5120 3739 5227 aqua.)

2268 5247 2327 5282 τι.
2390 5271 2404 5282 .
2436 5246 2490 5282 n.
2524 5230 2650 5282 645.
2704 5232 2796 5282 ubt
2842 5241 3212 5282 emmetenum
3264 5229 3321 5282 S.
3381 5222 3619 5282 11ιιιυοιῑιί
3638 5190 3737 5282 d9“

2195 5222 2327 5311 tom:
2345 5222 2404 5311 1,
2436 5246 2490 5299 p.
2524 5230 2650 5296 645,
2704 5231 2796 5284 ubi
2842 5232 3212 5287 ccemeterium
3264 5229 3321 5282 S.
3381 5222 3619 5295 Hippolyti

2194 5301 2580 5477 Roma
2602 5367 2964 5435 subterranea,
3002 5368 3099 5423 lib.
3145 5383 3221 5433 Iv,
3273 5382 3395 5438 cap,
3425 5364 3507 5428 16,
3530 5370 3566 5415 ι,
3595 5354 3644 5419 ll,
3662 5366 3700 5419 p.
3730 5442 3731 5477 ι

2194 5442 2257 5496 51
2315 5456 2467 5493 num.
2497 5440 2551 5493 ὅ.

2225 5583 2235 5593 .
2267 5485 2785 5593 Osservazioni
2819 5511 3042 5593 sopaan
3092 5509 3318 5593 cimiten'
3340 5509 3426 5574 de,
3448 5502 3575 5565 tanti
3597 5507 3703 5551 matr
3728 5512 3729 5551 ἢ

2197 5580 2307 5645 tiri,
2343 5580 2441 5649 lib.
2470 5595 2531 5645 ιι,
2561 5594 2684 5647 cap.
2720 5580 2809 5644 18,
2840 5596 2895 5649 p.
2928 5580 3033 5634 568
3063 5581 3192 5635 edit.
3217 5582 3309 5635 cit.
3726 5590 3727 5623 ι

2267 5651 2381 5721 (65)
2416 5648 2792 5721 Inscriptionfs
2823 5648 3075 5720 antiquae,
3109 5667 3248 5721 pag._
3275 5649 3436 5703 H73.

2287 5708 2376 5789 66)
2402 5721 2457 5772 In
2488 5708 2602 5772 not:
2627 5719 2693 5773 ad
2724 5712 2921 5774 Euseb.
2951 5708 3030 5773 ὀε
3063 5708 3553 5789 ὐῖιανϐοηδιαηιὶηἱ.
3579 5708 3611 5762 lo
3635 5711 3723 5789 j

2197 5810 2243 5847 c.
2272 5780 2370 5860 38,
2398 5806 2449 5860 p.
2486 5789 2590 5844 599
2626 5789 2769 5862 pedit.
2807 5792 2900 5847 cit.
2934 5790 3291 5861 Cantabrigae,
3321 5791 3413 5847 ubi
3465 5788 3565 5840 luet:
3610 5780 3697 5828 ιιιτ

3731 5190 3737 5403 Ι
