3826 6492
143 458 221 514 ωδ
863 470 939 521 με
978 469 1371 528 POHTUENSI
1414 473 1472 530 S.
1515 474 1870 533 HIPPOLYTI
1914 480 2106 535 SEDE.
2151 513 2215 523 -—
2256 482 2434 538 PARS
2472 484 2511 539 1.

3192 493 3293 548 466

139 576 219 629 lius
242 572 570 628 cmmeterium
598 575 760 631 sitam
792 576 983 645 fuisse,
1025 590 1285 654 tantaque
1311 585 1632 642 muni‘l‘tcen-
1660 592 1707 648 Α
1808 590 2055 674 βιεέαηάο
2078 595 2294 674 eligitur
2319 599 2519 652 tantulo
2544 598 2722 661 locus;
2750 600 2895 655 Ostia
2924 604 3184 674 linquunt,

135 668 189 720 tia
209 666 324 719 haud
348 666 590 735 polluisse
620 668 847 724 scimus.
896 670 953 726 S.
982 672 1257 729 Laurentii
1292 693 1418 732 vero
1448 679 1623 734 basili-

133 770 223 809 cam
244 770 268 808 a
292 756 622 811 Constantino
648 757 718 811 Μ.
746 760 1181 829 splendidissime
1205 767 1619 838 excitatam,ju-

132 858 196 899 xta
221 845 268 901 S.
291 845 535 918 Hippolyti
569 852 944 906 cmmeterium
988 856 1221 923 positam
1275 874 1420 926 esse,
1444 862 1620 931 dupli-

131 938 614 1006 ciquecolumnarum
654 941 847 995 ordine
897 942 1089 999 fultam
1146 950 1422 1017 novimus,
1480 954 1616 1007 adeo

128 1042 171 1083 ut
192 1030 332 1084 eidem
382 1045 502 1085 mox
550 1032 711 1086 allata
784 1033 1062 1092 Prudentii
1122 1043 1367 1096 carmina
1412 1046 1615 1114 optime

127 1122 401 1177 conveniant.
425 1125 710 1194 Antiquam
738 1127 1117 1185 Laurentianai
1157 1132 1392 1190 basilica
1425 1138 1613 1192 ichne-

125 1215 339 1283 graphiam
361 1216 487 1270 mire
520 1216 812 1275 illustravit
857 1220 1094 1278 Joannes
1122 1223 1442 1296 Ciampinus
1472 1229 1607 1296 (67),

122 1307 311 1374 quem,si
341 1306 493 1374 lubet,
525 1311 774 1366 consulat
798 1312 985 1368 lector.
1028 1313 1123 1370 His
1156 1316 1373 1373 demum
1402 1322 1610 1376 accedit

120 1396 535 1453 luculentissimum
597 1402 870 1459 Anastasii
914 1404 1313 1464 Bibliothecarii
1363 1413 1605 1467 testimo-

120 1490 227 1541 nium
267 1490 325 1543 ab
356 1489 609 1561 Aringhio
665 1494 775 1565 (68)
832 1497 1129 1566 laudatum,
1196 1502 1287 1570 qui
1334 1501 1603 1576 Hippolyti

118 1580 412 1633 rtemeterium
444 1582 510 1635 ab
563 1581 802 1639 Adriano
849 1589 871 1639 ι
924 1589 1112 1657 ροιιιὶί’.
1167 1589 1235 1643 Μ.
1292 1594 1600 1649 restitutum

117 1673 432 1735 narrans,htec
482 1675 681 1730 habet:
747 1697 764 1727 t
798 1676 973 1733 Simul
1006 1690 1059 1735 et
1118 1686 1489 1740 cremeterium
1534 1686 1595 1741 Β.

115 1758 318 1832 Hippolyti
343 1767 590 1836 martyris
640 1769 797 1839 juxta
856 1769 913 1825 S.
964 1771 1340 1841 Laurentium,
1389 1779 1533 1847 quod
1564 1796 1597 1834 a

114 1852 257 1911 priscis
279 1868 569 1912 utarcuerat
622 1861 979 1929 temporibus,
1037 1879 1066 1918 a
1120 1881 1258 1920 neve
1292 1869 1589 1924 renovavit.

1874 660 2039 717 Roma
2061 660 2253 734 placet,
2281 682 2488 723 sanctos
2518 686 2633 739 qum
2656 660 2823 724 teneat
2856 660 3071 729 cineres.

1726 764 1836 823 Nec
1873 768 2227 829 Prudentium
2270 775 2331 829 in
2378 776 2481 832 hac
2529 794 2586 833 re
2637 778 2756 835 falsi
2801 798 2952 837 reum
3007 788 3288 845 traducere

1723 857 1995 926 quispiam
2054 864 2286 931 poterit;
2345 880 2473 920 nam
2524 867 2576 921 in
2628 869 2730 925 hoc
2769 872 2959 927 eodem
3015 874 3284 950 Hippolyti

1722 948 1951 1013 tumulo,
1986 965 2150 1020 quem
2178 952 2230 1007 in
2279 954 2365 1010 via
2397 954 2701 1024 Tiburtina,
2731 971 2782 1015 et
2824 962 2877 1015 in
2910 980 3040 1034 agro
3071 948 3284 1025 Verane
3334 980 3339 987 '

1719 1034 1883 1089 situm
1908 1040 2184 1095 exstitisse
2209 1042 2472 1107 diximus,
2504 1048 2778 1115 egregium
2811 1050 2940 1105 illud
2973 1055 3105 1107 tanti
3138 1071 3283 1110 mar-

1718 1126 1851 1191 tyris
1897 1140 2306 1185 monumentum
2359 1149 2504 1187 anno
2531 1135 2659 1189 1551
2711 1136 2876 1196 fuisse
2904 1154 3172 1211 repertum
3205 1156 3280 1202 te-

1714 1225 1927 1270 stantur
1974 1217 2175 1275 Paulus
2229 1222 2503 1279 Manutius
2532 1226 2663 1298 (7l),
2708 1230 2827 1285 Aldi
2876 1233 3048 1299 filius,
3106 1236 3275 1293 Baro-

1712 1304 1837 1359 nius
1873 1306 2008 1376 (72),
2054 1310 2255 1380 aliique
2301 1316 2579 1382 permulti,
2629 1321 2774 1387 quod
2830 1326 3173 1391 postmodum
3220 1330 3273 1383 in

1709 1394 2093 1453 bibliothecam
2138 1401 2453 1460 Vaticanam
2488 1408 2719 1472 illatum,
2758 1426 2985 1470 curante
3020 1417 3273 1474 Marcello

1707 1483 1936 1541 Cervine
1969 1486 2026 1542 S.
2066 1487 2130 1543 Β.
2164 1489 2227 1545 Ε.
2268 1494 2543 1549 eardinale
2578 1497 3009 1563 bibliotltecario.
3049 1503 3272 1558 immer-

1707 1576 1831 1631 talis
1858 1580 2137 1636 memeria:
2172 1584 2308 1649 viro,
2348 1585 2675 1641 uberrimam
2727 1592 2901 1646 doctis
2930 1594 3061 1648 viris
3092 1594 3267 1649 disse-

1704 1668 1854 1721 rendi
1889 1680 2126 1740 segetem
2159 1674 2423 1741 praebuit,
2466 1674 2737 1747 Scaligere
2776 1697 3000 1752 nempe,
3038 1683 3267 1755 Aigydie

1700 1755 1987 1827 Bucherio,
2016 1759 2255 1829 Norisio,
2295 1765 2588 1822 Francisco
2617 1769 2950 1840 Blancltitto,
2995 1776 3263 1847 Vigttolio,

1702 1847 1951 1917 aliisque,
1994 1866 2227 1921 quorum
2267 1857 2467 1926 scripta
2496 1859 2609 1928 jam
2650 1860 2740 1914 diu
2785 1865 3123 1919 eruditorum
3150 1883 3265 1921 ma-

111 1939 197 1995 Pari
218 1946 351 2000 modo
368 1956 419 2001 et
439 1950 725 2006 ecclesiam
748 1952 807 2007 B.
835 1954 1035 2010 Christi
1061 1960 1312 2029 martyris
1334 1962 1572 2031 Stepban

1701 1938 1858 1995 nibus
1906 1949 2173 1997 teruntur.
2201 1945 2331 2010 Quae
2384 1964 2508 2003 cum
2551 1953 2621 2006 ita
2674 1952 2817 2017 sint,
2856 1971 2958 2010 nes
3007 1957 3107 2012 hoc
3151 1976 3262 2015 uno

110 2034 221 2089 sitam
254 2038 389 2105 juxta
435 2043 751 2111 praedictum
805 2051 1176 2105 cmmeterium
1225 2052 1281 2107 S.
1324 2052 1593 2127 Hippolyti

109 2122 294 2180 similiter
346 2134 731 2188 restauravit.»
796 2135 949 2192 Patet
1001 2139 1164 2208 igitur
1215 2142 1271 2196 s.
1321 2122 1591 2217 Hippolyti

106 2219 396 2275 cmmeterium
434 2239 463 2278 a
512 2223 811 2281 Prudentie
874 2230 1228 2301 descriptum,
1267 2252 1376 2291 non
1410 2239 1463 2292 in
1506 2240 1590 2295 via

106 2304 299 2371 Ostiensi.
346 2322 403 2368 ut
450 2315 625 2371 voluit
676 2316 886 2386 Pinius,
935 2323 1032 2378 sed
1087 2324 1141 2378 in
1200 2323 1504 2395 Tiburtina,
1537 2338 1593 2384 et

100 2396 210 2462 juxta
231 2398 277 2454 S.
304 2400 570 2460 Laurentii
610 2408 890 2466 basilicam
920 2413 973 2467 in
1015 2428 1146 2486 agro
1181 2414 1394 2473 Verane
1423 2420 1586 2475 situm

104 2486 237 2543 fuisse.
262 2491 585 2565 Quapropter
640 2498 814 2568 ipsius
860 2502 1227 2573 conjecturam
1271 2509 1337 2563 de
1370 2510 1587 2566 diverse

103 2575 304 2653 Hippolyti
324 2586 521 2655 militis,
548 2599 602 2643 et
637 2588 934 2663 Hippolyti,
984 2605 1044 2650 ut
1077 2598 1193 2666 ipse
1240 2601 1435 2670 inquit,
1466 2619 1585 2671 prc-

103 2669 246 2740 sbyteri
266 2678 517 2747 sepulcro,
553 2682 712 2752 cujus
733 2700 833 2753 ope
864 2688 1200 2746 confusionis
1234 2704 1415 2747 notam
1448 2694 1581 2749 Pru-

100 2759 463 2824 dentioinustam
499 2773 683 2828 delere
739 2787 964 2834 conatus
1018 2790 1121 2845 est,
1184 2798 1407 2848 prorsus
1458 2802 1583 2840 eva-

101 2851 230 2909 nuisse
256 2869 507 2925 putamus.

95 2979 192 3040 XIX.
241 2988 534 3064 Hippolytus
593 2999 862 3123 episcopus
922 3003 975 3055 in
1046 3021 1171 3078 agro
1242 3000 1442 3062 Verane
1494 3027 1576 3064 sr—

686 3084 752 3123 mt
802 3088 883 3123 us.

684 3084 883 3134 pimus.

142 3208 314 3271 Summo
333 3218 505 3289 itaque
531 3220 658 3291 jure
680 3221 930 3280 Historia:
951 3228 1331 3287 ecclesiastica
1363 3248 1565 3302 parens

95 3293 289 3393 {litanias
306 3305 651 3366 Prudentium
683 3322 791 3369 tres
819 3316 870 3369 in
896 3333 1061 3372 unum
1091 3293 1404 3393 Hippolytos
1431 3339 1581 3391 con-,

94 3386 200 3445 Hasse
219 3402 601 3469 pronuntiavit;
633 3421 734 3460 nec
764 3410 1036 3465 contraria
1074 3427 1392 3484 magnorum
1423 3418 1567 3473 vire-

93 3494 171 3535 runt
194 3486 351 3553 placita
390 3493 536 3550 illius
580 3498 901 3555 sententiam
937 3503 1020 3557 vel
1052 3506 1334 3563 minimum
1369 3509 1564 3566 infrin-

91 3586 174 3637 gere
193 3592 393 3649 unquam
428 3587 707 3643 valebunt.
751 3588 1074 3662 Hujusmodi
1112 3612 1243 3653 vero
1276 3600 1563 3657 conlusio-

89 3672 186 3760 Htttl,
205 3671 322 3736 quod
343 3673 403 3727 ad
425 3673 773 3749 Hippolytum
802 3682 1115 3754 episcopum
1140 3696 1195 3743 et
1217 3687 1567 3760 Hippolytum

89 3752 247 3811 militem
274 3763 468 3833 attinet,
490 3783 563 3822 ex
594 3783 663 3825 eo
700 3752 1044 3840 potissimum
1084 3793 1337 3835 manasse
1381 3784 1562 3851 suspi-

87 3854 233 3915 tamur,
256 3856 384 3922 quod
411 3860 578 3914 ambo
615 3870 668 3916 et
709 3866 953 3935 martyrii
990 3882 1160 3937 genus
1198 3879 1252 3926 et
1290 3874 1565 3930 tumulum

85 3947 345 4000 communem
392 3949 715 4020 habuerint,
775 3959 1027 4025 quamvis
1077 3961 1287 4017 diverse
1319 3965 1561 4021 sentiant

84 4034 265 4097 superius
290 4039 491 4099 laudata
542 4044 602 4100 S.
645 4047 838 4103 Aureae
869 4049 1022 4116 Acta,
1063 4068 1160 4108 nec
1194 4069 1303 4108 non
1339 4055 1558 4112 Grieco-

82 4132 161 4173 rum
176 4123 261 4197 (69)
283 4138 331 4183 ct
354 4131 647 4203 Copterum
669 4135 967 4209 Menologia
991 4156 1055 4196 ac
1076 4140 1297 4209 Menzea,
1321 4160 1557 4214 quorum

82 4220 279 4273 postrema
303 4224 580 4281 nobiscum
603 4227 995 4287 humanissime
1024 4236 1442 4292 communicavit
1466 4254 1554 4294 sa-

79 4298 365 4394 pientissimus
410 4317 614 4373 citatus
676 4318 929 4378 Nicolaus
988 4312 1365 4393 Antonellus,‘
1390 4345 1549 4399 quem

78 4387 215 4449 iterum
251 4399 454 4462 honoris
505 4424 672 4465 causa
720 4413 1087 4470 nominamus.
1123 4415 1445 4475 Prudentius
1475 4422 1549 4475 si-

75 4481 227 4545 quidem
265 4489 596 4569 Hippolytum
646 4502 958 4573 episcepum
998 4507 1153 4576 equis
1192 4509 1543 4580 discerptum,

1696 2041 2018 2098 argumento
2054 2036 2354 2093 maximum
2409 2043 2591 2110 operis
2638 2047 3017 2115 compendium
3066 2048 3259 2107 fecisse

1694 2129 1970 2188 putamus.
2021 2121 2347 2185 Prudentius
2418 2146 2606 2187 sacros
2674 2133 2942 2208 Hippolyti
3004 2144 3257 2213 martyris

1693 2213 1904 2270 cineres
1948 2231 1978 2271 e
2008 2215 2174 2272 Portu
2222 2220 2274 2275 in
2320 2221 2519 2279 Urbem
2564 2228 2771 2292 illates,
2817 2242 2979 2301 atque
3014 2234 3067 2287 in
3112 2235 3257 2292 illius

1692 2304 2002 2358 cmmeterio
2026 2306 2079 2361 in
2116 2324 2246 2378 agro
2270 2309 2484 2368 Verane
2517 2318 2763 2374 conditos
2795 2334 3074 2378 memorat.
3118 2324 3257 2380 Inter

1691 2390 1922 2461 hujusce
1951 2399 2248 2454 coameterii
2279 2404 2476 2459 rudera
2511 2409 2951 2478 antiquissimum
2980 2413 3249 2488 Hippolyti

1687 2481 1833 2539 illius
1876 2501 2289 2547 monumentum
2333 2494 2593 2552 elfossum
2642 2510 2757 2565 est,
2793 2518 2953 2571 quem
3007 2504 3249 2562 Romana

1686 2573 1925 2633 Ecclesia
1970 2586 2411 2641 constantissima
2460 2598 2539 2644 tot
2597 2594 2921 2649 saeculorum
2964 2598 3250 2655 traditione

1686 2664 2039 2725 Portuensem
2078 2673 2390 2745 episcopum
2429 2683 2669 2751 agnovit.
2700 2684 2833 2749 Quis
2872 2687 3034 2756 igitur
3076 2691 3250 2761 impo-

1682 2764 1887 2812 sterum
1921 2763 2122 2830 credet,
2163 2763 2517 2825 Prudentium
2552 2789 2659 2827 non
2691 2773 2956 2849 Hippolyti
3003 2782 3246 2853 episcopi

1680 2855 1733 2900 et
1766 2850 2045 2920 martyris,
2079 2855 2172 2908 sed
2209 2859 2505 2931 presbyteri
2546 2860 2863 2923 Portuensis
2897 2870 2977 2923 vel
3015 2850 3244 2928 Romani

1680 2936 1866 2993 laudes
1901 2944 2200 2999 cecinisse?
2240 2947 2303 3002 Et
2347 2965 2477 3006 sane
2510 2961 2616 3007 tam
2656 2972 2849 3027 magna
2878 2958 2979 3014 fuit
3019 2964 3245 3032 hujusce

1680 3034 2015 3087 monumenti
2064 3038 2203 3104 apud
2232 3036 2349 3093 Jac.
2395 3040 2719 3114 Basnagium
2762 3048 2874 3117 (75)
2921 3054 3241 3121 auctoritas,

1681 3125 1737 3168 ut
1760 3120 1954 3176 merito
1988 3121 2334 3198 Hippolytum
2370 3140 2615 3185 nostrum
2656 3138 2795 3204 apud
2827 3139 2990 3193 italos
3017 3120 3239 3210 ebiisse,

1679 3216 1734 3261 et
1766 3207 1819 3263 in
1851 3225 1984 3280 agro
2017 3213 2229 3271 Verane
2274 3222 2550 3275 conditum
2588 3240 2835 3281 asserere
2875 3245 2978 3283 non
3020 3231 3239 3287 dubita~

1593 3282 1635 3339 (ἶ
1675 3306 1832 3374 verit,
1863 3307 2181 3364 clarissimis
2231 3311 2381 3367 hisce
2432 3315 2648 3370 verbis:
2686 3335 2705 3368 ι
2748 3317 2951 3375 Interea
2975 3363 2990 3384 ,
3028 3324 3235 3393 inquit,
3286 3384 3289 3388 Α

1672 3399 1787 3453 haec
1844 3400 2037 3455 suadet
2098 3402 2405 3472 inscriptio,
2444 3406 2587 3475 apud
2657 3407 2816 3464 Italos
2890 3410 3236 3487 Hippolytum

1669 3491 1895 3555 abiisse,
1937 3500 1992 3546 et
2040 3492 2223 3547 forsan
2270 3496 2323 3549 in
2360 3512 2489 3565 agro
2537 3496 2748 3555 Verane
2799 3505 3087 3572 sepultum.
3120 3509 3234 3563 »δί
3268 3540 3288 3567 ηπ

1668 3582 1834 3651 igitur
1860 3586 2001 3653 apud
2042 3602 2141 3640 nos
2185 3596 2487 3643 extremum
2534 3591 2676 3646 diem
2716 3594 2851 3649 obiit
2893 3595 3229 3672 Hippolytus,

1666 3674 1713 3728 si
1760 3675 1815 3728 in
1867 3690 2001 3746 agro
2062 3675 2275 3732 Verane
2310 3694 2467 3734 sacra
2502 3682 2675 3751 ipsius
2712 3685 2936 3755 pignera
2986 3690 3227 3761 deposita
3272 3744 3275 3749 .

1665 3766 1908 3829 fuerunt,
1942 3783 2040 3822 cur
2080 3768 2400 3841 Hippolytus
2447 3772 2553 3838 ille,
2588 3789 2751 3843 quem
2786 3778 2838 3830 in
2887 3780 3076 3835 eodem
3110 3783 3228 3837 loco
3270 3834 3274 3838 .

1663 3859 2019 3923 tumulatum,
2070 3869 2124 3914 et
2171 3862 2608 3919 Christianorum
2643 3877 2805 3935 caput
2844 3870 2895 3922 in
2944 3870 3224 3928 Portucnsi

1661 3948 1901 4007 Ecclesia
1932 3952 2208 4007 exstitisse
2250 3954 2439 4009 scribit
2481 3954 2838 4023 Prudentius,
2877 3964 3224 4032 nuncpisco-

1659 4057 1784 4111 pus,
1813 4044 1906 4099 sed
1931 4045 2215 4116 presbyter
2238 4046 2498 4102 dicendus
2532 4048 2671 4102 erit?

1660 4149 1774 4205 XX.
1805 4153 2003 4231 Auctor
2030 4153 2154 4231 libri
2184 4153 2255 4231 De
2286 4156 2491 4209 duabus
2520 4156 2811 4231 iaC/triste
2849 4163 3220 4231 naturisﬂip-

1814 4222 2049 4292 polytum
2078 4224 2291 4279 Arabia:
2322 4228 2784 4295 metropolitanum
2811 4233 3060 4301 appellat.

1724 4312 1899 4367 Aliam
1922 4314 2168 4384 profecto
2199 4317 2267 4371 de
2284 4316 2551 4390 Hippolyti
2586 4323 2759 4377 nostri
2790 4326 2915 4379 sede
2938 4327 3218 4393 professus

1654 4413 1738 4457 est
1769 4408 2095 4461 sententiam
2148 4417 2340 4462 auctor
2374 4410 2498 4464 libri
2548 4411 2625 4466 De
2666 4414 2872 4468 duabus
2919 4421 3120 4472 naturis
3163 4421 3217 4471 in

1650 4495 1880 4563 Christo,
1916 4514 2076 4566 quem
2107 4498 2163 4554 S.
2197 4499 2412 4556 Gelasio
2446 4518 2596 4573 papae
2626 4506 2869 4561 tribuunt
2892 4511 3214 4565 recentiores

74 4583 293 4648 sacrasque
335 4587 503 4656 ipsius
560 4593 821 4655 reliquias
866 4612 897 4650 θ
967 4596 1132 4651 portu
1194 4600 1439 4658 Romam,
1488 4606 1545 4660 ίη
1580 4612 1621 4665 D
1652 4587 1895 4654 quidam,
1920 4590 2157 4644 maxime
2210 4592 2546 4649 heterodexi.
2598 4595 2696 4651 Hic
2759 4600 2921 4668 igitur
2980 4604 3214 4672 scriptor

76 4657 212 4722 Urbem
236 4688 262 4726 a
290 4676 526 4737 ﬁdelibus
551 4685 865 4753 translatas,
889 4690 1258 4757 patentissimo
1280 4693 1364 4748 his
1389 4704 1549 4751 testa-

73 4759 130 4805 ιειτ
146 4765 431 4826 carminibus
454 4773 566 4845 (70)
586 4794 601 4830 ;

75 4948 209 5033 tidem
232 4960 540 5033 Prudentius
602 4972 653 5027 in
708 4975 966 5033 Passieno

72 5020 126 5081 lilu
168 5025 213 5083 S.
265 5020 537 5112 Hippolyti
588 5020 663 5099 ita
708 5020 998 5103 scribit”:

71 5102 295 5156 ωηιξη.»

117 5162 196 5265 (f7:
209 5169 524 5265 Bedwdlil‘ici
535 5182 584 5265 is
594 5253 605 5264 ο
618 5261 626 5265 Δ
641 5201 673 5237 a
689 5183 1083 5265 “Constantino
1095 5194 1395 5265 exstructis,
1421 5210 1539 5265 cap.

74 5228 258 5316 agniti
290 5228 345 5298 et
371 5228 673 5311 tt'éI'e'Itit.“
685 5228 1145 5316 Βῦἶιῖῗξῖτίῗῖἕρέἶ

113 5300 195 5396 itif};
222 5300 958 5396 βρωκεκξξεῖἷέιλῑίξηῆῗ
990 5300 1156 5396 iiut.
1197 5330 1257 5383 Il.

906 5366 1257 5466 “£53an
1284 5411 1425 5473 part.
1461 5420 1498 5459 ll
1518 5447 1533 5472 ,

64 5448 96 5497 ιιι
111 5440 195 5522 ω
218 5451 333 5522 edit.
368 5440 681 5517 Ut-iiir'ii'éit".

109 5510 189 5604 $39;
221 5518 416 5604 θερίυῇ
436 5510 700 5604 ἑίξίῗιιῇὶῆ.
728 5534 814 5599 ll,
845 5550 896 5588 ν.
923 5536 1012 5591 52.

373 5582 713 5655 Vaticano—n1
1065 5608 1152 5664 58.

108 5652 398 5743 Eiilnitet.
427 5671 496 5743 ad
522 5652 1283 5743 Hartyrolegiiiitilieni;nunt
1316 5683 1401 5736 die
1422 5702 1531 5739 χχιι

174 5710 183 5721 ,
244 5710 265 5712 η
293 5710 398 5718 -.νη
430 5710 496 5721 ..υ
522 5710 621 5725 ...ιη
637 5710 958 5743 ιδιυιυδιιιιμ
989 5710 1283 5734 utut-auum
1316 5710 1401 5736 uti:
1423 5710 1530 5739 XXII

259 5730 353 5787 355
378 5738 505 5815 edit.
532 5738 797 5815 Resweitli
822 5760 833 5795 :
866 5765 882 5795 t
913 5744 1064 5815 Viget
1086 5750 1261 5804 adhuc
1292 5753 1342 5805 itt
1366 5753 1530 5808 Portu

61 5775 87 5827 κ
119 5775 133 5781 “
162 5775 170 5781 ’
196 5775 237 5792 τ’
261 5775 353 5787 ’νυ
379 5775 505 5791 ⁸³⁸⁵³⁵·
532 5775 797 5795 ηυδπυιυι
822 5784 833 5795 ο
866 5775 881 5795 ι
925 5775 942 5795 v
961 5775 1064 5815 ιδυι
1086 5775 1261 5804 atuuut;
1293 5775 1342 5805 Ill
1368 5775 1530 5808 l’Ol'lu

61 5802 529 5892 εςῖῗέῖξῗέ..¹¹¹⁴“¹ξ’.⁰τίὲ
585 5810 641 5866 δ·
688 5811 955 5892 "immitti
1004 5818 1275 5892 θρίεςορὶ,
1336 5823 1530 5892 illaque

60 5863 319 5930 ςθηεδιηρίῑιη
351 5876 455 5931 alta
506 5863 652 5936 fovea
690 5863 1370 5961 iatrj'u'isv‘plenvar,"in'quatii

1022 4977 1290 5052 Hippolyti
1317 4983 1383 5037 de
1411 4992 1545 5039 tem~

1067 5051 1228 5105 Ordo
1275 5054 1545 5110 columna-

1652 4678 1902 4748 quisquis
1951 4682 2042 4743 sit,
2074 4698 2136 4734 ex
2169 4683 2378 4746 vitiata,
2417 4693 2475 4737 ut
2522 4697 2703 4741 monet
2747 4691 2942 4746 citatus
2974 4690 3211 4748 Joannes
3246 4742 3249 4747 .

1656 4768 1806 4840 Bapt.
1827 4772 2148 4838 Cetelerius,
2185 4773 2398 4831 Eusebii
2423 4778 2668 4835 versione
2693 4782 2966 4851 deceptus,
2996 4784 3053 4838 ὃ.
3081 4784 3209 4855 Hip-

1642 4987 2168 5069 jectus'martyrium
2206 4998 2625 5069 consummavit.
2668 4996 2763 5054 His
2801 5001 3108 5069 adjicimus,
3139 5021 3205 5059 ex

1644 5073 1778 5140 agro
1808 5058 2021 5140 Verane
2066 5077 2097 5116 e
2141 5067 2417 5140 memoria:
2460 5066 2728 5140 Hippolyti
2776 5058 3011 5140 antiquae
3046 5058 3205 5128 rude;

1644 5075 1673 5111 a
1717 5075 1778 5111 ro
1815 5075 2021 5115 Verane
2066 5077 2097 5116 e
2141 5075 2417 5120 memoria:
2462 5075 2728 5137 Hippolyti
2776 5075 3011 5140 antiqua:
3046 5076 3205 5128 rude-

1643 5075 1794 5183 riﬁms
1843 5130 2107 5212 cll'ossum.
2147 5149 2270 5212 esse
2318 5136 2566 5212 ejusdem
2609 5137 2874 5212 Hippolyti
2920 5144 3211 5212 antiquum

1644 5213 2009 5279 marmoreum
2064 5202 2418 5281 simulacrum
2468 5206 2607 5281 solio
2660 5202 2934 5281 insidens,
2988 5202 3203 5281 iit-quo

1641 5267 1997 5352 circumcirca
2059 5270 2261 5328 Graecis
2328 5275 2523 5352 litteris
2592 5277 2834 5352 inscripti
2890 5267 3017 5352 sunt
3067 5267 3218 5352 ciui.
3276 5328 3285 5338 ι

1642 5338 1926 5417 paschales
1966 5354 2230 5417 annorum
2270 5345 2578 5417 sexdecim;
2623 5338 2777 5417 quod
2812 5350 2933 5404 inde
2974 5338 3216 5408 “eniam.
3274 5352 3283 5367 ⁸

1639 5407 2153 5491 εξςιθιυῃιλυοβίιηηι
2183 5421 2267 5466 est
2296 5407 3009 5491 in__\'a_ticaua.biblietlteca,
3035 5407 3212 5491 opera-

1638 5476 1992 5531 illustrissimi
2023 5495 2086 5533 ac
2108 5484 2546 5539 reverendissimi
2577 5488 2780 5541 domini
2803 5476 3038 5544 Marcelli
3068 5476 3199 5546 {Ier-

1637 5547 1749 5628 vini
1774 5556 1885 5628 tum
1908 5548 2220 5628 caidi'nalis,
2250 5553 2375 5628 inde
2397 5564 2574 5628 autem
2594 5555 2823 5628 Βοωθηὶ
2854 5562 3144 5628 pontiﬁcis.
3173 5583 3193 5614 ι

1638 5613 2011 5699 yid_.ndiss-.
2057 5613 2249 5698 Fratre.
2278 5622 2656 5699 BlaliClllllitlB
2705 5613 2912 5699 Conone

1636 5684 1694 5739 S.
1714 5684 1994 5764 Hippolyti
2023 5690 2218 5764 _cpisc.,
2244 5708 2364 5762 cap.
2396 5696 2447 5757 l,
2484 5712 2534 5764 p.
2570 5697 2638 5749 9‘2
2662 5698 2791 5751 edit.
2822 5684 3003 5753 Romae
3036 5684 3191 5757 l703.

1705 5754 1820 5825 (75)
1861 5754 2326 5836 ltt'animadvers.'
2340 5765 2405 5818 de
2528 5765 2814 5836 Hippolyte
2846 5772 2897 5823 in
2928 5754 3190 5826 Thesauro

1634 5836 1955 5909 monttrnertt.
1999 5828 2383 5909 ec_cl._e_tu_ltist.
2433 5828 2928 5908 llenriciCanisii,
2987 5852 3115 5898 tem.
3147 5842 3193 5909 Ι,

1634 5912 1753 5971 pag.
1786 5897 1836 5962 4,
1873 5898 2095 5953 Atnstel.
2132 5899 2283 5957 1725.
