3826 6528
398 399 509 461 479
1181 402 1267 459 DE
1306 403 1701 464 POBTUENSI
1741 409 1801 463 S.
1843 407 1909 463 HI

2106 403 2206 460 YTI
2243 403 2435 460 SEDE.
2475 437 2546 447 —
2581 404 2764 459 PARS
2802 403 2874 459 11.
3530 401 3617 457 Ιὸθ

397 524 504 579 est,
529 513 812 586 epistolam
855 514 921 567 74
953 513 1314 582 ejusdemmet
1367 514 1424 569 S.
1475 515 1660 572 Basilii
1713 519 1971 586 scriptam
2002 524 2044 578 Α
2079 516 2334 582 Eusehio,
2365 517 2422 573 S.
2455 516 2807 589 Hieronymo,
2841 518 3073 588 aliisque
3101 518 3339 588 antiquis
3373 518 3620 590 scriptori-

402 607 802 672 tantummodo,
839 621 945 660 non
979 622 1106 660 vero
1157 609 1379 662 missam
1430 606 1600 662 fuisse
1642 610 1776 674 (51).
1824 609 1975 663 Peni-
2077 609 2180 665 bus
2230 613 2448 680 penitus
2498 611 2848 681 incompertae
2902 611 3159 677 fuerunt;
3212 613 3434 682 ideoque
3479 629 3618 670 nemo

401 701 671 756 tissimam
704 699 845 754 hanc
901 699 1151 755 notitiam
1199 698 1438 754 Jacobus
1471 700 1833 756 Combeﬁsius
1863 703 1974 772 (3‘2)
2077 715 2186 754 non
2217 702 2362 755 videt
2385 717 2547 771 quam
2578 702 2946 777 periculosum
2976 704 3306 775 quandoque
3332 705 3402 758 sit
3430 704 3525 761 hoc
3543 721 3618 760 ar-

397 808 467 848 ex
500 792 815 862 hujusrnodi
861 793 1009 847 notis
1037 792 1286 858 deduxit,
1322 808 1460 862 quas
1492 793 1545 846 in
1577 793 1820 863 antiquis
1854 794 1975 862 qui-
2075 791 2318 862 gumenti
2347 806 2554 860 genus:
2583 790 2854 847 Eusebius
2879 803 2934 848 et
2957 793 3016 848 S.
3051 793 3410 865 Hieronymus
3436 797 3618 852 nescie-

399 883 631 938 busdam
661 883 941 939 codicibus
989 893 1180 939 nactus
1222 893 1326 950 est,
1370 899 1572 954 easque
1618 884 1673 939 in
1725 886 1974 955 publicos
2075 889 2207 934 runt
2234 882 2456 936 ubinam
2486 883 2732 952 gentium
2762 882 2820 938 S.
2860 882 3181 956 Hippolytus
3203 888 3488 956 episcopus
3513 885 3615 941 lue-

396 976 738 1031 eruditorum
770 992 904 1032 usus
932 977 1195 1048 vulgavit.
2073 975 2176 1040 rit;
2207 991 2336 1045 ergo
2377 975 2661 1044 Leontius,
2703 976 3052 1044 Anastasius,
3087 977 3287 1046 aliique
3319 979 3616 1048 posteriores

401 1087 488 1142 Ill.
528 1089 705 1144 Variis
730 1107 904 1144 rerum
935 1090 1187 1160 exemplis
1216 1090 1523 1160 Imjusmodi
1545 1094 1802 1147 sententia
1830 1094 1975 1148 robo-
2075 1067 2220 1160 illi“?
2250 1068 2612 1138 episcopalem
2642 1068 2825 1124 “idem
2855 1069 2997 1124 seire
3020 1084 3129 1124 “0n
3152 1077 3461 1139 Ροωθτυιηο
3482 1068 3617 1136 Quod

1105 1159 1289 1215 ratur.
2073 1159 2294 1227 quidem
2343 1161 2651 1231 argumenti
2705 1175 2898 1232 genus,
2937 1161 2984 1216 si
3036 1161 3365 1217 rectioribus
3411 1161 3618 1217 sanioris
3646 1211 3660 1234 ,ι

463 1251 728 1317 Quisnam
759 1267 825 1306 ex
857 1251 1134 1307 veteribus
1162 1253 1349 1308 docuit
1385 1255 1838 1323 prazstantissima
1875 1254 1971 1312 Se-
2073 1250 2271 1305 critica:
2320 1252 2524 1321 regulis
2571 1253 2977 1308 accensendum
3021 1261 3189 1319 esset,
3224 1251 3457 1307 Henrico
3498 1252 3619 1306 Dod-

391 1343 525 1397 dulii
570 1353 842 1413 poemata,
879 1361 1000 1413 quae
1025 1345 1233 1400 diutius
1265 1346 1404 1400 inter
1431 1348 1665 1403 schedas
1700 1349 1974 1418 incompo—
2073 1343 2230 1398 wello
2265 1344 2380 1414 (56)
2427 1344 2804 1399 infensissimo
2835 1352 3155 1400 sanctorum
3195 1343 3399 1400 Christi
3441 1353 3619 1414 marty-

391 1437 494 1490 sita
513 1436 827 1506 jacuerunt,
847 1453 877 1491 a
901 1437 1099 1492 Turcio
1128 1437 1269 1492 Rufo
1295 1440 1512 1494 Asterio
1541 1440 1753 1494 meliori
1779 1441 1972 1496 ordine
2074 1451 2194 1489 rum
2229 1436 2374 1491 hosti
2406 1451 2605 1490 manus
2633 1436 2802 1491 victas
2833 1434 3080 1505 profecto
3123 1451 3226 1490 nos
3251 1436 3384 1490 dare
3429 1444 3620 1504 Oporte-

388 1527 562 1585 fuisse
594 1530 806 1599 digesta
855 1540 910 1585 et
959 1532 1014 1584 in
1059 1531 1234 1586 lucem
1274 1532 1518 1586 emissa?
1557 1531 1806 1587 Profecto
1856 1534 1899 1586 h:

2106 1537 2176 1591 et,
2204 1527 2292 1581 cui
2318 1525 2657 1590 Tertulliani,
2685 1525 2928 1590 Eusebii,
2957 1525 3273 1596 Epiphanii,
3298 1524 3617 1590 Theodoreti,

386 1622 523 1678 viris
551 1622 888 1680 doctissimis
935 1624 1255 1680 abscondita
1307 1624 1556 1688 fuissent,
1593 1627 1696 1681 nisi
1745 1627 1972 1696 antiqua
2073 1618 2414 1687 aliorumque
2458 1628 2703 1672 veterum
2755 1617 3083 1687 Scriptorum
3140 1617 3420 1673 silentium
3465 1614 3616 1669 maxi-

388 1723 542 1780 nota,
570 1730 693 1784 quae
724 1717 777 1770 in
811 1717 988 1773 tribus
1016 1719 1420 1788 antiquissimis
1450 1719 1657 1774 Sedulii
1687 1719 1972 1776 codicibus
2077 1726 2250 1774 mum.
2296 1719 2358 1764 ιιι
2391 1711 2508 1780 ipse
2557 1709 2810 1776 credidit.
2859 1709 3088 1764 raliOHiS
3125 1708 3487 1778 suppeditavit
3513 1720 3615 1760 ωθ·

387 1815 602 1876 reperta
631 1816 738 1866 est,
775 1810 1102 1878 peculiarem
1133 1820 1188 1866 et
1237 1811 1578 1866 reconditam
1635 1810 1775 1866 hanc
1820 1812 1969 1866 ῃοιί..
2074 1813 2343 1869 mentum,
2374 1812 2432 1858 ut
2473 1802 2531 1858 S.
2575 1801 2838 1857 Irenteum
2874 1802 3288 1856 celeberrimum
3320 1799 3619 1872 Lugdunen-

387 1900 519 1954 tiam
562 1899 930 1968 patefecisset.
970 1901 1120 1957 lllam
1170 1904 1421 1958 omnium
1454 1904 1668 1974 primus
1693 1905 1968 1974 evulgavit
1999 1880 2040 1934 Β
2069 1896 2212 1949 Sium
2261 1896 2584 1962 antistitem,
2634 1893 2909 1966 Hippolyti
2956 1893 3133 1949 nostri
3185 1894 3523 1962 magistrum,
3561 1907 3617 1945 ex

384 1989 621 2046 Jacobus
662 1990 987 2048 Sirmondus
1017 2009 1083 2048 ex
1117 1995 1306 2050 codice
1360 1995 1674 2062 Rheinensi,
1709 1998 1968 2066 deinceps
2071 1988 2269 2044 illustri
2298 1999 2600 2060 martyrum
2643 1989 2770 2042 albo
2805 1987 3028 2058 impune
3064 1987 3289 2041 deleret.
3321 1985 3391 2038 At
3421 1984 3617 2038 nimiam

383 2081 623 2138 Jacobus
654 2082 906 2140 Usserius
939 2101 1006 2139 cx
1035 2086 1224 2141 codice
1249 2087 1548 2159 Anglicano
1581 2088 1716 2159 (55),
1744 2090 1964 2145 deuunn
2067 2083 2211 2137 hanc
2250 2081 2510 2138 Dodwclli
2554 2082 2964 2146 conlidentiam,
2993 2095 3064 2134 ne
3088 2080 3341 2134 dicamus
3374 2077 3620 2132 temerita-

382 2170 703 2240 nosmetipsi
753 2173 1176 2229 emendatiorem
1245 2177 1494 2231 eamdem
1549 2179 1855 2248 reperimus
1909 2182 1965 2236 in
2070 2173 2553 2239 lclll.lil‘missimis
2580 2173 3014 2242 certissimisque
3037 2169 3380 2240 argumentis
3405 2165 3620 2222 coercuit

379 2261 766 2330 antiquissimo
830 2263 1037 2318 Sedulii
1087 2265 1276 2320 codice
1335 2267 1674 2324 bibliotheca:
1732 2268 1964 2325 Ottobo-
2066 2266 2420 2322 doctissimus
2480 2264 2788 2321 monachus
2842 2263 3086 2317 Renatus
3143 2260 3454 2316 Massuctus
3504 2257 3619 2328 (37),

379 2353 557 2409 niana:
592 2369 738 2411 nono
784 2356 1004 2410 circiter
1038 2359 1242 2412 smculo
1280 2369 1525 2425 exarato,
1563 2361 1617 2416 in
1661 2377 1792 2431 quo,
1841 2373 1966 2432 post
2066 2359 2225 2428 cujus
2253 2359 2437 2423 verba,
2462 2365 2650 2428 utpote
2679 2374 2792 2413 rem
2830 2365 3076 2411 nostram
3114 2355 3348 2409 mirilicc
3372 2353 3622 2407 illustrau-

378 2445 666 2514 epistolam
702 2447 768 2502 ad
803 2447 1212 2516 Maccdonium,
1247 2467 1412 2522 quam
1461 2453 1727 2522 integram
1779 2469 1965 2508 emcu-
2066 2451 2163 2515 tia,
2195 2451 2282 2505 hic
2325 2451 2634 2506 exscribere
2680 2465 2785 2504 non
2823 2448 3193 2518 gravabimur.
3232 2465 3251 2498 ι
3304 2445 3518 2511 Verum,
3548 2443 3620 2496 in-

376 2539 669 2610 datamque
698 2543 944 2612 vulgavit
971 2546 1161 2613 paucis
1191 2547 1391 2602 abhinc
1421 2549 1582 2603 annis
1603 2549 1887 2622 ChristOpl

2105 2542 2205 2607 uit,
2243 2551 2302 2596 ut
2331 2543 2399 2596 ad
2434 2541 2855 2606 Tertullianum,
2891 2540 3210 2604 Eusebium,
3257 2535 3616 2608 Epiphaniam,

378 2646 476 2686 rus
519 2631 788 2688 Cellarius
815 2635 869 2688 in
901 2636 1033 2690 edit.
1067 2637 1372 2702 Ptudentii,
1421 2640 1536 2694 haec
1582 2643 1881 2700 adnotantu

2107 2631 2490 2694 ‘heodoretum,
2525 2639 2579 2684 et
2610 2631 2771 2695 alios,
2805 2645 2946 2700 quos
2977 2631 3035 2684 in
3076 2644 3256 2685 causae
3305 2643 3418 2683 suae
3457 2624 3618 2682 delen-

383 2743 404 2776 ι
468 2721 582 2780 Hoc
627 2740 766 2794 opus
815 2726 1069 2784 Sedulius
1116 2731 1257 2785 inter
1319 2733 1600 2788 chartulas
1645 2736 1892 2804 dispersu

2105 2725 2276 2776 ionem
2308 2723 2440 2776 citat
2470 2721 2800 2786 Dodwcllus,
2826 2721 3017 2792 pedem
3048 2721 3388 2786 referamus;
3415 2718 3486 2773 illi
3513 2716 3616 2788 qui-

375 2818 618 2888 reliquit,
668 2821 812 2890 quod
870 2822 1242 2886 recollectam,
1298 2825 1620 2890 adunatum,
1671 2836 1835 2897 atque
1890 2828 1960 2883 ad
2064 2817 2186 2870 dem
2242 2817 2504 2871 Ῑι⁵θ¹¹²ευηι
2555 2831 2827 2885 “usquam
2875 2815 3152 2885 appellam-
3197 2807 3619 2884 ηὶθτιῗτθωνεθδ

377 2925 596 2966 omnem
623 2912 951 2982 elegantiam
982 2913 1318 2985 divulgatum
1353 2933 1382 2970 ιι
1406 2917 1770 2974 Turcionuro
1803 2920 1962 2974 Αειε-
2063 2908 2199 2961 nihil
2233 2907 2381 2962 aliud
2420 2907 2488 2961 ad
2537 2922 2814 2961 summum
2845 2921 2911 2961 ex
2955 2922 3146 2962 eorum
3192 2904 3417 2959 silentio
3458 2898 3615 2969 colligi

375 3003 462 3056 rio
504 3003 698 3070 quinto
728 3004 935 3058 vicario
978 3007 1206 3060 consule
1257 3007 1558 3072 ordinario,
1589 3019 1751 3080 atque
1786 3021 1886 3080 pati

2104 3009 2261 3064 ntest,
2293 2999 2398 3052 nisi
2429 2999 2577 3068 quod
2611 2998 2678 3053 ad
2725 3013 2914 3053 eorum
2947 2998 3194 3053 notitiam
3223 2997 3364 3051 Acta
3397 2990 3615 3063 martyrii

375 3094 465 3150 cio
491 3095 644 3165 (34);
685 3115 703 3147 ι
733 3113 858 3152 mox
886 3097 1135 3168 sequitur
1159 3099 1529 3170 epigramma;
2064 3103 2172 3142 non
2223 3090 2586 3158 pervenerint,
2618 3099 2713 3145 aut
2755 3100 3048 3161 martyrem
3101 3088 3273 3144 fuisse
3326 3085 3615 3142 nescierint.

448 3207 663 3264 Summe
688 3227 837 3264 sacer
866 3213 1092 3277 meritis,
1131 3217 1332 3269 veracis
1363 3216 1506 3270 dicta
1539 3229 1703 3285 poeta:
1983 3215 2024 3270 C
2067 3179 2141 3232 Ex
2167 3195 2232 3234 eo
2263 3195 2396 3233 vero
2421 3181 2568 3250 quOd
2592 3182 2659 3236 ad
2688 3180 3030 3285 Tcrﬂmiani'
3057 3179 3302 3283 Eusebii!
3329 3175 3615 3273 Epiphmiii'

517 3277 649 3344 Quae
673 3283 786 3334 sine
825 3283 1062 3352 ﬁgmenti
1079 3267 1463 3340 'conditaisuiit

2106 3291 2112 3325 μ
2146 3272 2382 3326 aliorum
2405 3276 2768 3343 quorumdam
2795 3271 3157 3328 Orientalium
3191 3273 3517 3342 scriptorum
3537 3267 3617 3322 no-

445 3349 564 3442 ραι)ι
589 3363 731 3405 caret
773 3349 919 3433 atina
955 3354 1106 3437 ﬁdes,
1133 3357 1441 3442 quoostrucli
1460 3362 1653 3442 “gratia
1684 3359 1884 3415 Christi
2061 3365 2235 3418 titiam
2279 3364 2536 3436 martyris
2561 3365 2796 3436 alicujus
2826 3365 3190 3419 Occidentalis
3214 3367 3352 3418 Acta
3389 3377 3489 3418 non
3515 3374 3619 3430 per-

517 3420 621 3472 Per
650 3438 810 3490 quant
834 3420 1019 3490 justus
1049 3426 1125 3478 ait
1145 3420 1286 3479 talia
1311 3420 1578 3491 Sedulius,

442 3490 744 3552 Asteriique
775 3494 852 3545 tui
877 3510 1078 3552 semper
1103 3497 1402 3550 meminisse
1441 3499 1634 3552 iubeto.

2104 3456 2327 3524 aneriut,
2385 3467 2676 3528 martyrem
2737 3457 2906 3512 fuisse
2951 3456 3287 3512 conﬁdenter
3343 3469 3533 3526 negare
3585 3466 3615 3507 a

523 3509 744 3560 temque
775 3509 851 3545 (ut
877 3510 1078 3563 semper
1103 3513 1402 3550 memmtsse
1429 3509 1634 3567 yubelo,

520 3559 688 3628 Cujus
731 3578 833 3636 ope
853 3576 902 3616 et
929 3580 1059 3617 cura
1086 3566 1229 3619 edita
1261 3578 1380 3620 sunt
1410 3571 1638 3636 populis.

2103 3549 2270 3603 itione
2303 3564 2530 3618 prorsus
2560 3550 2800 3604 alienum
2831 3550 3065 3606 videtur.
3103 3568 3122 3599 ι
3155 3548 3220 3603 Et
3249 3548 3443 3618 paucis
3466 3547 3614 3602 inter-

445 3627 604 3712 Qum,
625 3627 861 3700 quamvis
894 3637 1087 3712 summi
1123 3636 1378 3712 celebrent
1404 3627 1496 3712 per
1525 3639 1722 3712 stecttla
1761 3641 1956 3709 fastus,
2052 3640 2212 3710 jcctis
2250 3658 2263 3694 :
2321 3659 2340 3693 ‹
2389 3639 2495 3695 Sed
2546 3649 2606 3696 ut
2651 3657 2831 3697 causae
2883 3640 3138 3712 jugulum
3189 3643 3420 3710 propius
3463 3637 3619 3693 adhuc

519 3699 656 3753 Plus
691 3713 865 3754 tamen
901 3707 968 3756 ad
1006 3707 1252 3758 meritum
1287 3699 1467 3773 εει,ὶὶ
1489 3710 1622 3778 viget
1648 3727 1736 3764 ore
1761 3699 1880 3764 'tuo.
1938 3699 1952 3709 ’

2106 3739 2262 3796 itam,
2303 3729 2595 3796 Eusebius,
2620 3731 2779 3800 cujus
2813 3699 3091 3786 silimiium
3123 3730 3258 3784 adeo
3292 3736 3451 3798 urget
3492 3722 3617 3778 Dod-

371 3811 457 3866 Ad
495 3812 700 3867 calcem
732 3816 998 3882 poematis
1029 3819 1142 3872 hazc
1177 3819 1470 3885 habentur,
1503 3838 1627 3891 quae
1655 3824 1816 3877 etiam
1842 3824 1955 3878 Ma-
2056 3821 2265 3888 wcllus,
2319 3819 2590 3892 Hippolyti
2639 3838 2746 3876 non
2794 3824 2960 3878 semel
3013 3821 3286 3886 meminit,
3334 3820 3614 3887 catalogum

375 3903 635 3959 billonius
660 3904 904 3975 vulgavit
934 3909 1048 3976 (55)
1083 3929 1098 3964 :
1129 3929 1146 3960 ι
1180 3909 1376 3981 Incipit
1407 3929 1497 3968 ars
1523 3914 1726 3969 Sedulii
1759 3928 1951 3985 poeta},
2055 3913 2174 3981 ejus
2200 3927 2424 3981 operum
2453 3913 2605 3973 texit.
2625 3915 2942 3983 episcopum
2969 3913 3143 3968 fuisse
3166 3913 3324 3980 dicit,
3345 3921 3615 3981 martyrem

375 3996 470 4066 qui
529 3997 709 4066 primo
739 3998 914 4054 laicus
961 4000 1015 4054 in
1070 4001 1223 4057 Italia
1285 4005 1686 4075 philosophiam
1743 4009 1952 4077 didicit,
2055 4003 2331 4074 nuspiam.
2365 4003 2628 4076 Martyrio
2671 4005 2837 4058 vitam
2883 4006 3070 4061 ﬁnisse
3111 4005 3483 4060 certissimum
3514 4015 3616 4056 esse

374 4095 566 4157 postea
589 4104 713 4143 cum
740 4091 861 4145 aliis
891 4102 1188 4148 metrorum
1220 4096 1510 4164 generibus
1535 4098 1812 4152 heroicum
1836 4115 1952 4154 me-
2055 4093 2216 4147 debet
2265 4093 2351 4146 vel
2401 4094 2503 4162 ipsi
2554 4091 2867 4160 Dodwcllo;
2921 4109 3048 4148 nam
3100 4094 3155 4148 in
3205 4094 3273 4148 iis
3320 4094 3453 4164 ipsis
3511 4105 3614 4161 qnze

374 4186 521 4232 trum
546 4177 865 4234 Macedonio
892 4183 1213 4238 consulente
1239 4184 1446 4248 docuit,
1474 4185 1528 4239 in
1558 4186 1763 4241 Achaia
1785 4188 1957 4244 libros
2054 4184 2266 4254 profert
2326 4184 2654 4239 Theodoreti
2706 4186 2999 4239 adversum
3063 4184 3253 4240 [renati
3311 4185 3614 4257 martyrium

373 4284 507 4325 suos
527 4270 1007 4341 scripsittempore
1036 4274 1424 4344 imperatorum
1448 4276 1678 4332 minoris
1705 4277 1955 4334 Theodo—
2055 4275 2192 4330 locis
2232 4284 2440 4346 martyr
2478 4275 2803 4345 appellatur.
2846 4294 2864 4327 ›
2907 4275 2965 4329 Si
2996 4275 3164 4344 igitur
3206 4274 3431 4330 Eusebii
3471 4273 3617 4328 silen-

373 4363 443 4418 sii
477 4363 571 4417 ﬁlii
601 4363 912 4430 Arcadii,et
929 4364 1288 4422 Valentiniani
1309 4368 1404 4421 ﬁlii
1429 4368 1758 4426 Constantii.
1781 4370 1948 4426 Pax.»
2058 4369 2213 4430 tium,
2249 4369 2395 4438 quod
2432 4369 2592 4423 nobis
2621 4368 2888 4437 objiciunt
2922 4368 3304 4423 'l‘illemontius
3338 4379 3392 4422 et
3421 4365 3615 4421 Ceillie—

374 4473 465 4529 ιν.
519 4475 844 4531 Haemon“;
891 4477 1259 4549 argumentum
1307 4500 1372 4536 ex
1421 4483 1635 4538 Eusebi,-
1673 4495 1722 4538 ει
1779 4490 1954 4541 samu-
2054 4462 2192 4526 rius,
2237 4460 2579 4532 Hippolytum
2632 4472 2877 4515 nostrum
2931 4461 3244 4516 venerando
3281 4459 3529 4533 martyris
3557 4457 3614 4511 ti-

447 4545 759 4624 Hieronymi
786 4545 999 4624 silentio
1022 4550 1355 4624 desumptum
1389 4567 1576 4608 contra
1605 4555 1946 4612 Portuensem
1981 4558 2023 4612 Β
2055 4557 2168 4610 tulo
2205 4571 2402 4609 exuere
2437 4554 2662 4609 minime
2702 4555 2864 4616 valet,
2915 4569 3015 4610 nec
3049 4553 3369 4611 Portuensis
3414 4553 3610 4624 quidem

441 4619 613 4670 sancti
651 4608 928 4688 Hippolyti
958 4608 1129 4674 scaeui
1167 4608 1518 4694 nequidquam
1552 4608 1942 4682 concludit-iv"

2100 4649 2232 4702 ISiUS
2263 4645 2443 4709 sedes,
2478 4654 2557 4698 tot
2585 4647 2818 4715 egregiis
2847 4655 3094 4701 veterum
3121 4647 3450 4717 scriptorum
3473 4642 3611 4700 testi-

349 4733 351 4736 ’
448 4730 526 4786 Εη
559 4731 723 4803 igitur
761 4749 872 4804 quo
893 4745 1050 4805 pacto
1081 4737 1354 4805 sequioris
1393 4739 1492 4792 aevi
1524 4739 1824 4808 scriptores
1857 4756 1950 4810 pe-
2059 4738 2258 4794 moniis
2292 4739 2568 4805 roborata,
2596 4740 2785 4794 eodem
2817 4739 2945 4793 licet
2977 4739 3172 4795 silente
3203 4739 3463 4801 Eusebio,
3499 4750 3611 4790 nus-

373 4826 608 4883 culiares
651 4828 913 4898 quasdam
957 4844 1140 4883 rerum
1175 4830 1401 4886 notitias
1451 4832 1594 4886 nacti
1645 4844 1793 4897 sunt,
1830 4850 1951 4902 quae
2058 4831 2202 4899 piam
2234 4829 2478 4900 profecto
2509 4839 2817 4886 evanescct.
2849 4830 2954 4886 Sed
2988 4831 3120 4901 quid
3163 4829 3496 4886 Massuetum
3524 4841 3607 4896 ap-

445 4985 557 5058 (⁸51)
588 4986 885 5058 adeundus
907 4987 1142 5045 Lironus
1170 4990 1274 5043 loc.
1305 4989 1422 5054 cit.,
1450 5004 1573 5058 pag.
1614 4989 1736 5043 155.
2059 4987 2148 5043 ubi
2175 4987 2292 5058 haec
2316 4987 2436 5043 l‘use
2475 4998 2788 5045 narrantur.

446 5057 558 5129 (52)
588 5055 779 5129 Editus
823 5059 891 5112 ab
935 5076 999 5129 eo
1025 5069 1108 5114 est
1140 5059 1375 5114 Basilius
1423 5055 1716 5126 réstitutus,
1751 5059 1804 5113 in
1841 5076 1952 5129 quo
2063 5128 2066 5129 ν
2127 5057 2241 5128 (56)
2269 5057 2497 5114 Dissert.
2523 5059 2558 5114 5
2593 5060 2645 5113 ἰὴ
2679 5061 2966 5116 Irenaeum.
2994 5059 3272 5114 Videndus
3293 5059 3456 5115 etiam
3481 5057 3607 5111 Cave

373 5125 618 5195 ejusdem
645 5125 703 5181 S.
729 5127 907 5200 Patris
935 5127 1175 5198 Operum
1219 5145 1285 5184 ex
1314 5130 1534 5200 Optimis
1570 5125 1710 5185 mss.
1736 5125 1945 5184 textum
2057 5128 2110 5182 in
2137 5125 2484 5200 scriptorum
2521 5131 2993 5184 ecclesiasticarum
3046 5129 3287 5182 Historia
3336 5129 3604 5187 litteraria,

372 5197 679 5270 castigavit,
711 5199 886 5270 auxit,
915 5197 1224 5265 illustravit,
1257 5197 1614 5270 etversiones
1645 5201 1942 5270 recensuit.
2059 5197 2268 5270 tom.il,'
2313 5215 2365 5268 p.
2401 5199 2489 5263 67,
2531 5201 2733 5255 sarculo
2780 5200 3061 5264 Guostieo,
3097 5200 3190 5270 qui
3233 5200 3420 5254 eodem
3463 5212 3608 5267 argu-

375 5268 554 5322 Edidit
578 5269 682 5340 hoc
704 5284 841 5337 opus
869 5268 1092 5324 Parisiis
1120 5287 1211 5324 an.
1244 5268 1402 5340 1679,
1434 5270 1468 5322 2
1493 5270 1600 5323 vol.
1639 5269 1804 5323 ill-8°.
2057 5269 2254 5340 menti_
2280 5284 2520 5340 genere,
2580 5271 2904 5325 sazculorum
2965 5268 3280 5340 sequiorum
3350 5283 3607 5340 commen-

447 5336 823 5411 (55)_Vllae_ide
853 5356 909 5393 re
941 5341 1199 5411 legendus
1223 5349 1308 5396 est
1335 5339 1766 5411 Fontaninusin
1788 5340 1948 5394 Anti-
2057 5346 2167 5390 tum
2222 5336 2500 5411 Sflrenagi
2526 5342 2852 5411 martyrium
2886 5341 3020 5395 dicit
3045 5336 3076 5394 ἐ
3115 5360 3132 5389 ι
3165 5339 3321 5406 Quod
3357 5355 3482 5394 vero
3510 5336 3608 5390 Ire-

373 5409 663 5482 quitatibus
689 5408 894 5474 Mor-tte,
923 5408 1018 5465 lib;
1052 5427 1111 5477 tt,
1145 5427 1266 5480 cap.
1293 5412 1347 5482 5,
1378 5411 1405 5482 §
1429 5412 1482 5472 5,
1516 5426 1638 5480 pag.
1666 5409 1772 5464 225
1793 5426 1944 5482 seqq.
2055 5423 2203 5482 tuens
2231 5417 2433 5482 martyr
2462 5408 2632 5465 fuisse
2662 5408 2821 5481 vulgo
2844 5411 3078 5470 dicatur.
3104 5411 3154 5464 id
3169 5411 3491 5482 isequiorum
3517 5422 3597 5477 po.

375 5477 506 5532 rdit.
545 5477 728 5532 [tertiae
756 5496 900 5533 anno
933 5482 1090 5547 1708,
1125 5477 1228 5535 ubi“
1245 5481 1308 5533 ad
1345 5477 1946 5552 nostram'senteptiam
2056 5480 2166 5552 tius
2189 5477 2510 5552 saeculorum
2541 5477 2911 5552 commentum
2945 5477 3278 5552 censendum
3309 5484 3605 5552 erit;_ccrte

375 5547 678 5602 instituitur
700 5551 1213 5606 sermo.Adeundus
1236 5552 1400 5606 etiam
1434 5550 1670 5605 Lirouus
1694 5547 1796 5604 loc'.
1826 5551 1944 5617 cit.,
2054 5548 2335 5615 ignorasse
2372 5549 2624 5603 videntur
2653 5551 2978 5606 vetustiores
3023 5550 3414 5614 Tertullianus,
3449 5547 3602 5602 Euse-

377 5617 693 5700 pag;
761 5687 800 5700 ﬁ
978 5691 988 5700 ⁸
1167 5690 1180 5700 _
1343 5690 1354 5700 _
1610 5689 1713 5700 MA
1817 5687 1921 5700 Μ-
2053 5618 2584 5700 ὺὶιξὲτ-ᾼρβυδιὶῃυε,
2627 5619 3024 5700 Τιιίξρίιῳνειυετ
3061 5641 3087 5700 3

446 5686 562 5761 (ξιξ)
595 5685 729 5761 Yide
761 5687 1126 5761 Fontaninum
1167 5690 1272 5746 loc.
1308 5690 1427 5761 cit.,
1455 5705 1577 5761 pag.
1609 5689 1715 5743 9.26
1741 5699 1796 5761 et
1816 5687 1941 5744 227.
2053 5687 2238 5761 __('5_7_)
2273 5683 2493 5745 Dissert.
2533 5683 2697 5758 pm.
2737 5691 2792 5744 in
2839 5690 3027 5746 Irenaei
3061 5690 3184 5757 lib.,
3215 5689 3304 5757 90,
3336 5689 3426 5757 9i,
3461 5684 3490 5761 ᾗ
3520 5683 3604 5754 51,

448 5755 802 5831 (ῥῶ-νεωιά
851 5760 1115 5825 Analect.,
1150 5777 1272 5831 pag.
1313 5759 1418 5814 587
1456 5755 1559 5814 ’(τίῖ.
1603 5761 1736 5831 edit.
1769 5758 1940 5813 Paris.
2053 5755 2140 5824 32,
2175 5757 2264 5812 55.

381 5825 540 5881 1725.
582 5826 864 5899 Legendus
904 5831 1064 5886 etiam
1100 5825 1439 5887 Foliianiuus
1477 5831 1578 5886 loc.
1610 5830 1699 5885 cit.
1737 5847 1789 5899 p.
1815 5831 1946 5896 9.30,
