3826 6526
137 266 226 320 43,;
879 261 966 318 ne
1005 262 1396 320 ronrnsnsn
1437 265 1495 320 s.
1533 260 1897 318 nirpou'ri
1939 261 2136 317 SEDE.
2180 295 2248 303 --
2286 258 2468 317 rA-ns
2506 259 2570 317 ιι.
3265 271 3371 330 ise

137 387 332 444 Eusebii
382 403 446 443 ac
490 386 546 442 S.
577 362 1140 458 llieronymisilcntio
1175 398 1383 443 tantum
1417 389 1688 443 mananti-
1719 396 1763 448 A
1795 385 2022 451 venerit,
2069 394 2124 439 et
2155 385 2375 439 demum
2408 384 2627 454 quando
2659 384 2940 442 ordinatus
2973 384 3134 441 fuerit
3161 389 3376 457 θρίω)-

135 481 241 546 bus,
267 479 578 551 Hippolytus
612 488 798 534 noster
830 489 909 534 tot
936 480 1151 534 eximiis
1182 480 1538 535 suadentibus
1565 498 1681 533 mo-
1791 493 1915 546 pus.
1953 475 2078 530 llzec
2107 475 2288 529 omnia
2319 477 2385 530 de
2419 475 2728 545 Agobardo,
2753 492 2986 545 quorum
3017 479 3274 533 nonnulla
3300 481 3376 535 si-

134 573 404 636 numentis,
450 581 593 626 recte
623 571 840 640 quidem
890 586 954 625 ac
997 581 1114 624 tuto
1158 572 1512 638 imposterum
1549 569 1681 623 Por-
1790 567 1958 620 lentio
1976 566 2489 636 praaterieruntAdo
2520 564 2842 621 Viennensis
2867 567 2933 621 ad
2969 568 3372 640 ann.8lO(58),

135 666 317 722 tuensis
346 665 635 734 episcopus
661 662 944 727 dicendus,
977 670 1030 716 et
1057 662 1211 730 quasi
1247 659 1679 729 postlirniniiju-
1791 656 1951 727 Ilngo
1999 657 2109 727 (59)
2164 656 2593 712 Flaviniacensis
2642 659 2710 712 ad
2763 675 2892 713 ann.
2923 660 3046 724 821,
3076 671 3130 716 et
3180 672 3372 717 auctor

133 774 200 823 re,
227 754 643 827 suifragantibus
690 768 910 823 quoque
949 752 1223 823 aliquibus
1273 753 1679 806 vetustissimo-
1789 749 2040 804 Chronici
2080 749 2140 805 S.
2169 750 2389 820 Benigni
2428 751 2771 806 Divionensis
2799 753 2865 806 ad
2906 770 3034 808 ann.
3068 755 3171 808 840
3207 753 3374 825 (ideo-

132 867 234 906 rum
255 849 499 903 codicum
525 845 693 909 notis,
713 844 1001 898 Portuensi
1029 843 1284 900 Ecclesiae
1311 843 1679 898 restituendus
1788 857 1893 910 que
1917 841 2134 911 Papirio
2165 841 2441 898 Massonio
2470 843 2580 914 (60)
2607 853 2660 897 et
2690 842 2964 913 Stephano
2995 842 3214 900 Baluziu
3232 847 3368 917 (61),

131 950 216 1005 est,
245 954 306 994 ex
334 953 441 1009 qua
483 936 862 990 Tillemontius
890 935 1092 1004 aliique
1118 935 1187 988 ob
1222 935 1513 988 nonnullas
1549 949 1678 988 con-
1788 931 2066 1002 Agobardi
2114 934 2415 988 editoribus
2463 950 2690 1004 prorsus
2732 936 3134 1005 incomperta),
3185 938 3372 992 multis

128 1031 337 1102 jectnras
377 1027 601 1083 Eusebii
656 1036 710 1082 et
745 1025 800 1080 S.
836 1025 1148 1097 Hieronymi
1196 1027 1412 1081 silentio
1467 1035 1676 1080 tantum
1787 1026 1990 1080 abhinc
2021 1026 2180 1079 annis
2205 1043 2230 1079 a
2261 1026 2676 1096 diligentissimo
2712 1037 2953 1081 veterum
2987 1041 3368 1085 monumento-

132 1123 337 1186 inniras,
368 1121 524 1174 illum
560 1118 834 1172 immerito
862 1118 1216 1172 divulserant.
1787 1133 1906 1172 rum
1949 1119 2333 1187 investigatore
2361 1117 2569 1172 Joanne
2609 1118 2923 1173 Mabillonio
2959 1118 3093 1189 (62),
3126 1121 3356 1176 deducta

189 1215 425 1268 Veterum
476 1212 792 1281 hujusmodi
830 1219 1083 1264 notarum
1115 1210 1426 1279 praestantia
1454 1224 1519 1263 ex
1549 1223 1672 1262 mox
1784 1209 2007 1264 fuerunt
2034 1225 2100 1264 ex
2134 1211 2508 1265 vetustissimo
2530 1213 2715 1266 codice
2743 1212 2898 1266 Bedae
2933 1212 3003 1266 De
3025 1214 3365 1282 temporibus,

129 1304 380 1361 recensitis
433 1304 700 1373 exemplis
749 1303 974 1358 cuilibet
1021 1311 1293 1371 comperta
1331 1316 1451 1356 esse
1478 1310 1674 1369 potest,
1785 1303 1879 1371 qni
1931 1301 2206 1372 quondam
2259 1302 2362 1355 fuit
2407 1303 2748 1358 bibliotheca:
2801 1303 3198 1371 Lugdunensis,
3245 1323 3369 1376 quae

132 1399 411 1465 nullumque
461 1395 530 1449 de
564 1410 749 1448 earum
786 1393 1120 1464 ingenuitate
1163 1392 1388 1446 dubium
1420 1392 1676 1460 cuiquam
1787 1394 1986 1448 misere
2035 1394 2289 1448 incendio
2333 1393 2619 1465 absumpta
2669 1393 2792 1462 fuit,
2820 1412 2887 1450 ex
2930 1398 3086 1465 cujus
3133 1397 3368 1454 flammis

129 1489 235 1544 oriri
263 1503 416 1558 posse
448 1502 763 1548 censemus,
800 1486 955 1556 quasi
987 1485 1189 1540 fictitia:
1210 1493 1392 1539 essent
1417 1500 1480 1539 ac
1512 1485 1678 1538 libra-
1784 1496 2004 1556 ereptus
2053 1487 2106 1540 in
2157 1485 2382 1540 Joannis
2421 1485 2600 1542 Boscii
2637 1504 2828 1544 manus
2862 1490 3097 1553 devenit,
3133 1500 3186 1544 et
3212 1500 3366 1559 post-

129 1583 304 1636 riorum
347 1579 566 1634 somnia
616 1578 945 1632 redolerent.
988 1575 1210 1632 Veteres
1254 1577 1397 1630 enim
1445 1577 1673 1640 librarii,
1785 1580 2006 1632 modum
2059 1580 2112 1632 in
2149 1577 2556 1632 Vallicellanam
2593 1579 2976 1636 bibliothecam
3018 1591 3101 1636 est
3133 1582 3366 1638 transla-

129 1690 205 1744 spe
243 1673 456 1742 majoris
499 1671 638 1726 lucri
671 1670 856 1735 illecti,
891 1687 951 1725 ea
982 1670 1358 1724 tantummodo
1388 1669 1676 1738 aliquoties
1785 1681 1891 1726 tus.
1928 1671 1984 1724 ln
2015 1673 2118 1726 hoc
2146 1673 2604 1740 praestantissimo
2634 1674 2822 1729 codice
2856 1673 3161 1744 ipsiusmet,
3193 1687 3364 1746 utpn-

128 1763 493 1830 conlinxerunt,
530 1779 765 1832 quorum
816 1779 915 1832 ope
950 1763 1120 1818 libros
1168 1777 1298 1817 suos
1330 1762 1677 1832 pretiosiores
1710 1756 1750 1808 Β
1784 1772 1918 1825 tant,
1953 1763 2224 1830 Agobardi
2257 1779 2418 1816 manu
2475 1764 2587 1816 hzcc
2619 1765 2954 1818 adnotantur
2985 1784 2997 1819 :
3039 1766 3172 1818 «779
3203 1786 3215 1820 :
3249 1768 3362 1824 lloc

129 1855 376 1910 redderent
425 1855 719 1924 cariusque
750 1854 1088 1908 venditarent
1116 1871 1130 1908 ε
1161 1853 1392 1923 ideoque
1441 1853 1673 1922 putidis-
1782 1870 1925 1908 anno
1975 1865 2136 1908 natus
2183 1872 2326 1908 sum.
2365 1855 2468 1908 782
2501 1876 2513 1908 ;
2553 1855 2668 1910 lloc
2717 1872 2862 1910 anno
2906 1859 2974 1911 ab
3001 1855 3274 1929 Hispaniis
3304 1861 3359 1916 in

131 1953 240 2008 sima
283 1953 527 2022 quaedam
584 1959 914 2015 commenta,
963 1966 1085 2018 qua:
1131 1949 1317 2004 forsan
1372 1959 1671 2019 emptorem
1781 1945 2008 2002 Galliam
2039 1944 2450 2001 Narbonensem
2479 1948 2622 2002 veni.
2653 1947 2758 2002 792
2792 1968 2805 2002 :
2833 1948 2944 2004 [loc
2970 1966 3115 2004 anno
3143 1951 3361 2023 Lugdu-

132 2054 216 2096 tam
257 2041 403 2098 facile
436 2041 706 2109 _nancisci
741 2057 847 2095 non
884 2051 1151 2111 poterant,
1194 2051 1510 2096 sanctorum
1540 2043 1672 2096 Am-
1781 2052 1912 2090 num
1938 2053 1969 2090 a
2009 2036 2200 2091 Gothis
2229 2037 2484 2106 primum.
2525 2080 2539 2093 .
2583 2082 2595 2094 .
2635 2039 2739 2095 804
2769 2059 2780 2094 :
2807 2039 3246 2100 Benedictionem
3274 2046 3358 2100 in-

131 2136 290 2202 brosii,
308 2134 649 2205 Hieronymi,
669 2133 1065 2204 Chrysostomi,
1082 2134 1427 2203 aliorumque
1446 2149 1670 2204 magno-

128 2244 223 2281 rum
270 2227 508 2281 virorum
572 2225 886 2280 nominibus
938 2235 1220 2291 ornarunt,
1265 2235 1325 2279 ut
1377 2225 1670 2294 inexpertis

130 2319 421 2389 emptoribus
447 2317 637 2373 fucum
671 2317 928 2372 facerent.
966 2316 1166 2371 Verum
1196 2316 1252 2371 S.
1286 2315 1556 2389 llippolyti
1587 2334 1670 2372 se-

128 2412 203 2464 des
228 2410 300 2464 vel
328 2409 673 2466 Portuensis.
704 2408 786 2461 vel
815 2407 1069 2473 Arabica,
1107 2406 1486 2476 pretiosiorem
1519 2407 1668 2460 codi-

130 2518 220 2556 cem
241 2501 436 2558 eﬁicere
467 2501 618 2556 haud
644 2509 876 2570 poterat,
908 2501 1137 2570 ideoque
1165 2515 1290 2554 cum
1322 2500 1398 2553 illi
1420 2499 1665 2568 ejusdem

1779 2128 1975 2196 dignus
2007 2130 2242 2198 suscepi.
2282 2148 2300 2180 ι
2348 2129 2610 2199 Deinceps
2633 2131 2760 2197 alia,
2793 2141 2852 2187 ut
2881 2134 3110 2197 videtur,
3147 2152 3310 2191 manu
3337 2153 3355 2193 :

1785 2236 1803 2268 ι
1836 2217 1939 2271 816
1969 2236 1982 2270 :
2016 2216 2118 2272 Iste
2147 2220 2402 2273 cathedra
2428 2220 2632 2289 potitur
2656 2236 2804 2276 anno
2827 2231 3037 2277 octavo.
3069 2224 3173 2278 840
3203 2244 3215 2279 :
3241 2225 3356 2280 Hoc

1779 2324 1924 2363 anno
1954 2320 2152 2364 sancta:
2180 2313 2454 2366 memoriae
2487 2312 2808 2379 Agobardus
2839 2313 3214 2377 Lugdunensis
3237 2319 3356 2387 epi-
3428 2319 3447 2338 ⁸

1776 2416 1976 2464 scopus
2015 2403 2148 2457 obiit
2179 2420 2274 2458 vni
2307 2403 2430 2459 ldus
2457 2403 2606 2459 .lunii
2637 2404 2768 2478 (65).
2803 2426 2820 2458 ›
2861 2406 2974 2462 Hoc
3000 2411 3353 2478 praeclarissi-

1776 2509 1925 2546 mum
1957 2495 2244 2550 vetustatis
2275 2508 2713 2561 monumentum,
2747 2499 2894 2567 quod
2924 2500 3186 2556 beneﬁcio
3216 2503 3353 2556 tanti

1773 2585 1877 2638 viri
1901 2586 2183 2655 vulgatum
2219 2587 2340 2645 fuit.
2378 2589 2479 2643 ista
2528 2590 2713 2643 omnia
2745 2606 2846 2645 nos
2875 2590 3061 2646 docuit
3088 2589 3209 2662 qua:
3235 2609 3353 2649 ma-

1768 2678 1919 2748 jores
1965 2680 2136 2734 nostri
2185 2680 2398 2750 penitus
2433 2683 2771 2751 ignorarunt.
2805 2682 3077 2751 Agobardi
3118 2693 3350 2741 mortem

1774 2769 1880 2824 hoc
1912 2772 2100 2824 eodem
2127 2785 2270 2824 anno
2299 2779 2354 2824 et
2374 2771 2462 2825 die
2497 2770 2737 2825 referunt
2773 2788 2932 2842 supra
2964 2773 3214 2830 laudatus
3251 2791 3352 2829 au-

1772 2869 1890 2915 ctor
1920 2860 2168 2916 Chronici
2196 2861 2253 2915 S.
2289 2860 2511 2931 Benigni
2542 2860 2884 2918 Divionensis
2908 2864 3036 2934 (64),
3068 2875 3120 2920 et
3151 2865 3350 2938 Martyo

130 2968 314 3022 omnino
341 2967 459 3024 falsi
495 2967 869 3038 suspicionem
902 2966 968 3022 de
998 2965 1175 3019 medio
1207 2963 1421 3029 tollunt,
1454 2965 1580 3034 quia
1609 2966 1662 3018 in
1772 2954 2041 3024 ιύῙθὲίυῐη
2079 2954 2334 3008 Bedes“?
2365 2953 2765 3024 Lugd'mmSiSv
2801 2956 2944 3024 (ἰυοά
2987 2956 3088 3012 hac
3120 2957 3233 3028 ipsa
3262 2960 3349 3013 die

131 3059 234 3127 ipsis
273 3077 364 3116 nec
398 3063 595 3116 manus
626 3061 914 3114 vei-borum
944 3058 1222 3111 inibantur
1247 3057 1530 3121 cii-cuiius,
1564 3072 1665 3112 nec
1697 3111 1737 3127 Α
1771 3047 1942 3101 sancti
1975 3048 2073 3101 viri
2103 3046 2420 3104 memoriam
2455 3046 2670 3099 exhibet
2726 3049 2952 3110 Caetera,
2983 3063 3048 3101 ne
3076 3049 3348 3118 longiores

131 3111 347 3219 muenia,
376 3155 455 3210 νει
487 3154 828 3210 incredibilia
865 3162 1180 3219 narrantur.
1205 3152 1663 3222 quemadmodum
1692 3111 1740 3173 (ἶ
1773 3139 1979 3202 simus,
2031 3138 2360 3193 Gallicarum
2413 3138 2796 3207 antiquitatum
2840 3138 3101 3195 studiosis
3157 3141 3344 3197 discu-

132 3245 218 3298 tieri
246 3247 372 3300 solet
396 3248 451 3300 in
485 3247 640 3302 Actis
670 3255 986 3302 sanctorum
1023 3261 1052 3298 a
1083 3243 1445 3313 Metaphraste
1479 3245 1657 3307 editis,

1780 3230 1953 3287 tienda
1993 3232 2377 3302 relinquimus.

132 3352 224 3404 qua:
262 3341 441 3394 merito
488 3354 684 3394 omnes
730 3337 876 3393 docti
905 3338 1004 3391 viri
1037 3337 1308 3405 rejiciunt.
1355 3335 1411 3388 ln
1463 3336 1664 3390 nostris

133 3427 241 3479 uotis
269 3428 608 3482 solummodo
643 3428 901 3490 habetur,
929 3426 1237 3494 cujusnam,
1267 3426 1497 3493 exempli
1529 3441 1665 3477 canv-

132 3531 193 3583 επ,
216 3519 450 3575 Ecclesia:
477 3520 650 3574 Caius
685 3519 965 3590 presbyter
999 3517 1182 3582 fuerit,
1211 3517 1294 3571 vel
1331 3516 1618 3586 episcopus
1645 3535 1659 3582 ;

132 3625 214 3677 quo
242 3627 370 3665 anno
398 3612 724 3683 Agobardus
761 3611 872 3680 (57)
920 3609 1298 3680 Lugdunensis
1344 3617 1504 3663 natus
1550 3609 1658 3672 sit;

131 3716 213 3768 qun
235 3711 458 3772 tempore
493 3718 565 3758 ex
597 3700 876 3771 Ilispaniis
908 3701 961 3754 in
992 3699 1221 3754 Galliam
1255 3695 1660 3752 Narbonensem

132 2594 174 2648 S.
198 2596 415 2675 episcopi
466 2611 638 2666 opera
679 2611 748 2650 ex
797 2592 1200 2662 antiquioribus
1237 2590 1518 2646 codicibus
1569 2592 1665 2646 de-

130 2688 420 2756 scripserint,
452 2699 617 2744 notas
642 2704 673 2743 a
705 2685 978 2742 veteribus
1009 2685 1240 2754 margini
1272 2684 1666 2754 appositas,vel

130 2782 278 2836 titulos
316 2782 632 2838 ﬁdelissime
680 2779 1038 2850 exscripsisse
1094 2777 1369 2832 fatendum
1416 2786 1500 2832 est
1529 2777 1661 2848 (56).

131 2871 316 2928 Demum
355 2875 674 2930 earumdem
709 2885 959 2928 notarum
999 2871 1237 2926 brevitas
1263 2881 1317 2924 et
1343 2869 1665 2940 simplicitas

1774 3361 1884 3417 Vll.
1913 3363 2076 3435 Tales
2111 3373 2249 3417 nota:
2279 3364 2602 3435 n'equaquam
2636 3379 2668 3435 tt
2702 3362 2936 3435 librariis
2963 3362 3224 3430 conﬁcta,
3251 3363 3344 3418 sed

1841 3434 1917 3486 vel
1943 3433 2006 3486 ab
2038 3436 2166 3497 ipsis
2198 3433 2562 3503 scriptoribus,
2593 3433 2668 3485 vel
2699 3433 2762 3486 ab
2799 3449 2976 3484 eorum
3006 3435 3213 3495 amicis,
3249 3453 3340 3487 seu

1841 3505 2138 3584 discipulis,
2183 3514 2278 3558 aut
2327 3503 2514 3557 saltem
2543 3505 2727 3573 peritis
2763 3505 2886 3556 viris
2916 3504 3130 3571 fuerunt
3178 3522 3341 3574 appo—

1841 3584 1977 3628 sttw.

1840 3687 2038 3743 Breves
2076 3689 2238 3759 igitur
2289 3698 2481 3751 notas,
2514 3704 2638 3757 quae
2681 3689 2734 3742 in
2789 3689 3017 3744 vetustis
3060 3689 3340 3746 codicibus

185 3839 277 3907 (56)
312 3839 440 3895 Vide
473 3839 785 3906 Lironinm,
820 3855 874 3909 p.
903 3839 996 3893 151
1038 3847 1092 3892 et
1120 3853 1273 3907 seqq.

186 3911 274 3980 (57)
312 3931 329 3962 ι
360 3911 703 3980 Agohardus,
737 3907 894 3979 gerite
923 3909 1130 3980 Gallus,
1177 3919 1338 3980 natus
1367 3923 1497 3980 ann.
1530 3907 1656 3971 779,

133 3994 243 4032 anno
261 3977 382 4036 vero
409 3977 512 4034 782
539 3998 603 4033 ex
635 3977 891 4049 Hispania
919 3980 973 4033 in
1000 3979 1226 4032 Galliam
1252 3977 1656 4049 Narbonensem

133 4049 262 4112 venit,
287 4068 421 4106 anno
449 4052 560 4105 815
581 4047 849 4105 Leidrado
876 4050 1285 4118 archiepiscopo
1303 4047 1655 4118 Lugdunensi

135 4131 364 4176 senectute
408 4131 638 4193 gravato
691 4120 1043 4193 cocpiscopus
1073 4120 1404 4193 substitutus
1429 4127 1531 4182 est,
1559 4134 1655 4173 eo—

133 4203 213 4255 que
235 4193 378 4258 paulo
412 4189 545 4261 post
574 4191 626 4244 in
654 4192 1044 4261 monasterium
1065 4189 1484 4261 Suessionense
1507 4203 1657 4243 sece-

1768 3841 2020 3896 Biblioth.
2064 3840 2124 3896 P.
2154 3851 2286 3896 tom.
2321 3842 2464 3902 XVI,
2493 3859 2544 3912 p.
2577 3843 2698 3896 768.

1838 3913 1947 3982 (59)
1990 3912 2164 3981 llugo,
2201 3929 2264 3966 ex
2300 3917 2571 3967 monacho
2605 3913 2928 3968 Virilunensi
2970 3913 3340 3972 Flaviniacen-

1765 3983 1842 4037 sis
1871 3983 1924 4035 in
1953 3985 2151 4053 ducatu
2185 3982 2509 4053 Burgundite
2536 3985 2703 4037 abbas
2732 3985 2957 4049 electus,
3000 3987 3195 4041 claruit
3241 4003 3340 4041 an-

1765 4069 1837 4106 no
1873 4052 2030 4118 1101,
2063 4052 2390 4123 scripsitque
2424 4054 2714 4107 Chroniron
2766 4053 3086 4108 Virdunense
3118 4057 3169 4110 in
3199 4058 3337 4114 duas

1765 4131 1945 4190 partes
1976 4123 2349 4189 distributum,
2384 4125 2616 4192 primam
2665 4140 2696 4178 a
2737 4123 2954 4179 Christo
2981 4135 3108 4178 nato
3140 4127 3203 4180 ad
3232 4141 3336 4180 an-

1765 4208 1894 4264 num
1929 4192 2085 4264 1002,
2114 4193 2340 4247 alteram
2372 4194 2440 4247 ab
2465 4194 2654 4247 eodem
2699 4208 2842 4247 anno
2885 4195 2952 4248 ad
2999 4195 3150 4248 1102.
3187 4193 3337 4264 Opus

132 4257 257 4332 dente
298 4257 433 4316 anno
470 4262 880 4332 8'lti_thr0num
917 4259 1347 4332 Lugdunensem
1400 4257 1655 4332 deinceps
1766 4263 1907 4316 istud
1939 4263 2253 4316 thesaurum
2291 4264 2559 4317 undecimi
2592 4265 2890 4332 praesertim
2920 4266 3103 4319 szeculi
3133 4257 3336 4321 inconi-

133 4331 248 4403 solus
270 4335 448 4387 tenuit.
482 4373 498 4388 .
532 4372 547 4386 .
579 4330 737 4403 A_nno
763 4330 872 4403 810
914 4329 1247 4403 Ludovicum
1284 4329 1349 4381 ad
1389 4330 1652 4384 tuendum
1761 4332 2055 4403 parabilem
2091 4343 2245 4403 vocat
2275 4332 2559 4398 Labbzeus,
2587 4329 2692 4403 qui
2722 4335 2848 4386 illud
2896 4351 2959 4388 ex
2995 4335 3111 4403 ipso
3141 4348 3336 4391 aucto-

131 4395 269 4472 littu_sr
296 4403 552 4472 orientale
601 4401 776 4472 Rheni
818 4400 1060 4454 fluminis
1094 4398 1403 4472 profectum
1432 4408 1652 4472 secutus
1689 4468 1718 4472 _
1760 4395 1838 4457 ris
1866 4402 2202 4472 autographo
2235 4403 2291 4456 in
2321 4395 2644 4458 bibliotheca
2666 4401 2996 4458 Jesnitarum
3017 4395 3333 4462 'Glaromon-

132 4483 201 4522 vni
227 4469 334 4527 ldus
364 4471 512 4527 Junii
548 4475 686 4540 apud
717 4469 1018 4524 Sanctonas
1057 4470 1224 4541 obiit.
1249 4468 1375 4522 Acri
1417 4479 1532 4541 erat
1573 4470 1656 4541 in-
1688 4468 1731 4522 D
1765 4468 2328 4541 lanorunias‘servato
2373 4474 2542 4527 edidit
2572 4473 2828 4526 Biblioth.
2865 4491 2980 4528 nov.
3022 4492 3176 4540 mss.,
3213 4487 3250 4530 t.
3288 4476 3328 4541 l,

132 4540 272 4614 genio,
302 4558 395 4598 nec
433 4539 646 4614 vulgari
684 4541 1009 4614 eruditione,
1040 4540 1399 4614 quaestionum
1447 4539 1655 4592 theolo-
1755 4559 1878 4612 pag.
1919 4541 2004 4595 75.
2037 4540 2344 4614 Vide_Gave
2383 4553 2514 4598 tom.
2547 4542 2588 4596 ll
2620 4545 2793 4606 citat.,
2831 4561 2952 4614 pag.
2991 4545 3112 4609 185,
3139 4539 3193 4600 et
3223 4539 3334 4602 Ou?

131 4608 328 4674 gicarum
348 4608 731 4682 peritissimus,
755 4608 1333 4683 disciplinmEcclesia;
1354 4623 1657 4683 canonum-
1755 4608 1944 4666 {lirium
1976 4623 2106 4683 tom.
2146 4612 2212 4678 ll,
2243 4614 2426 4667 sarcul.
2454 4631 2531 4680 ιι,
2575 4629 2624 4683 p.
2659 4614 2781 4668 886.

130 4694 212 4744 que
232 4679 560 4755 antiquorum
590 4679 1030 4755 consultissimus
1054 4680 1242 4755 judes,
1282 4679 1476 4755 vindex
1503 4694 1658 4755 acer-
1766 4751 1781 4755 Α
1819 4683 1936 4755 ’(60)
1979 4682 2035 4736 In
2061 4681 2293 4753 Synopsi
2321 4679 2594 4754 Agobardi
2627 4684 2771 4754 apud
2804 4682 3106 4750 Baluzium,
3135 4685 3328 4755 tom.l,

131 4760 285 4804 runns.
315 4748 485 4808 {llaec
515 4753 580 4806 de
616 4753 708 4806 illo
739 4752 927 4807 scribit
961 4748 1104 4806 Care
1136 4750 1276 4802 Hist.
1305 4748 1492 4813 titter.,
1518 4758 1554 4802 t.
1588 4749 1652 4813 ll,
1757 4748 1852 4806 fol.
1881 4748 1934 4806 5.

132 4831 228 4893 pag,
250 4822 328 4882 ll,
361 4825 448 4878 ubi
484 4839 618 4893 pag:
644 4823 709 4875 12
737 4823 881 4875 illius
897 4820 1070 4893 Opera
1089 4828 1353 4893 regeeuset,
1374 4834 1495 4893 qum
1521 4835 1653 4874 cura
1828 4823 1906 4893 (61

131 4885 292 4958 Papirii
316 4885 583 4948 lllassoiiii
597 4891 821 4946 Parisiis
842 4885 984 4945 anno
1018 4891 1154 4943 1605
1180 4889 1291 4944 in-8
1313 4885 1652 4956 prodierunt,

130 4972 316 5034 {illisque
345 4965 659 5034 castigatius
703 4963 1004 5034 recensita
1037 4960 1347 5034 Stephanus
1397 4958 1651 5034 Baluzius

130 5024 313 5099 Parisiis
340 5024 665 5097 annovlb'lili,
692 5032 727 5085 2
760 5033 865 5086 vol.
900 5032 1033 5097 in—8,
1062 5024 1251 5094 edidit,
1303 5032 1554 5099 notisque
1589 5032 1652 5082 il-

133 5097 360 5174 lustravit;
387 5120 506 5174 quae
545 5105 762 5172 quidem
796 5103 1161 5174 pulcherrima
1179 5108 1274 5174 est
1316 5109 1370 5174 et
1399 5097 1650 5174 accurata

132 5169 440 5230 editiozhanc
455 5169 747 5227 editionem
785 5169 1093 5226 novissima:
1121 5170 1375 5224 Biblioth.
1407 5169 1522 5224 PP.
1558 5187 1652 5223 cu-

133 5251 298 5312 ratores
324 5252 446 5302 tom.
482 5243 624 5306 XIV,
660 5259 715 5312 p.
736 5244 860 5307 251,
890 5251 1292 5312 expresserunt.
1325 5257 1334 5265 '

188 5310 276 5380 (58)
307 5315 418 5368 Ado
445 5317 608 5368 etiam
662 5310 848 5368 Gallus
900 5327 1044 5366 anno
1074 5311 1180 5366 850
1208 5311 1650 5380 archiepiscopus

137 5372 412 5439 Viennensis
439 5385 798 5447 renuntiatus,
848 5385 985 5437 inter
1038 5385 1180 5435 varia
1231 5372 1463 5452 opera'a
1509 5372 1651 5435 (iure

137 5456 240 5504 lum.
266 5452 302 5504 ll
339 5457 518 5518 citato,
539 5465 608 5524 ‘p.
642 5456 730 5519 52,
762 5454 1047 5518 recensita,
1084 5453 1415 5524 Breviorium
1444 5455 1652 5505 chroni-

135 5533 274 5572 rorum
298 5525 355 5576 de
379 5542 465 5579 sea:
498 5523 679 5578 ntundi
709 5524 972 5585 a’tatibus,
1007 5539 1036 5576 a
1069 5523 1255 5576 mundi
1289 5525 1440 5576 initio
1469 5524 1533 5576 ad
1562 5540 1652 5576 an.

137 5601 235 5664 uuln
259 5594 350 5647 874
373 5596 1057 5664 perductum,ocomposuit,
1088 5595 1390 5662 pt'odiilquc
1421 5598 1647 5646 seorsim

137 5655 316 5731 Parisiis
353 5655 474 5718 a'nn.
517 5665 668 5729 £522,
692 5655 752 5720 ret
800 5655 921 5718 (ειιίη
968 5666 1024 5717 S.
1057 5655 1319 5731 Gregorio
1347 5664 1648 5716 'l'uroncnsi

137 5724 317 5790 Parisiis
349 5737 477 5790 l51'2
504 5749 553 5792 et
590 5724 740 5804 1567,
775 5735 997 5789 Basilete
1029 5724 1193 5798 1568:
1220 5743 1272 5788 ct
1312 5736 1547 5802 denique
1597 5738 1650 5799 in

1978 4820 2037 4876 lu
2073 4822 2238 4883 notis.
2265 4837 2318 4883 p.
2352 4823 2408 4878 4.

1828 4837 1906 4892 (σι
1979 4837 2037 4876 ιιι
2073 4837 2238 4883 nous.
2265 4837 2318 4891 p.
2352 4837 2408 4878 4».

1826 4837 1937 4962 (62)
1980 4891 2092 4946 lter
2139 4891 2412 4956 Italicum,
2450 4902 2579 4948 tom.
2612 4893 2653 4959 1,
2693 4909 2815 4963 pag.
2845 4893 2914 4946 67
2937 4894 3068 4951 edit.
3101 4893 3328 4948 Lutetiae

1755 4961 1928 5016 Paris.
1981 4978 2126 5017 anno
2161 4963 2320 5022 1726,
2361 4963 2450 5016 ubi
2483 4966 2588 5029 agit
2621 4961 3042 5018 de‘bibliothcca
3079 4963 3327 5020 Vallicel-

1758 5033 1902 5090 lana.
1937 5033 1988 5084 in
2025 5051 2128 5102 qua
2167 5035 2456 5100 praedictus
2483 5033 2638 5088 Bedaa
2661 5036 2829 5087 codex
2854 5044 3184 5088 asset-vatur.

1778 5165 1780 5167 _
1823 5101 1936 5174 (65)
1979 5101 2053 5155 Ιιι
2087 5105 2275 5158 eodem
2335 5105 2521 5158 codice
2569 5105 2682 5157 haec
2731 5106 2914 5157 statim
2974 5112 3321 5172 sequuntur:

1760 5191 1777 5221 ε
1819 5173 2164 5227 Ludovicbns
2202 5174 2323 5242 (sic)
2355 5189 2572 5242 quoque
2599 5175 2892 5243 imperator
2929 5174 3215 5227 defunctus
3239 5186 3325 5230 est

1757 5261 1786 5296 x
1828 5243 1962 5312 Kala
1992 5243 2153 5310 Julii;
2201 5253 2253 5296 et
2303 5244 2654 5296 memorabile
2701 5252 2863 5312 atque
2912 5243 3120 5312 insigne
3162 5259 3322 5312 opus,

1752 5316 1896 5382 quod
1927 5311 2124 5366 Forum
2159 5312 2318 5366 Vetus
2339 5317 2657 5377 vocabatur,
2686 5311 2932 5383 Lugduni
2969 5311 3174 5367 corruit
3199 5311 3322 5382 ipso

1753 5385 1838 5435 die
1891 5385 2144 5437 intrantis
2197 5385 2465 5445 autumni,
2511 5387 2662 5451 quod
2716 5393 2940 5436 steterat
2986 5401 3014 5435 a
3081 5391 3321 5451 tempOre

1754 5453 1972 5522 'l‘rajani
2027 5469 2122 5522 per
2166 5469 2340 5508 annos
2391 5453 2502 5506 fere
2535 5454 2661 5508 700.
2715 5455 2809 5507 8-H
2847 5455 3063 5518 Amolo,
3115 5455 3319 5521 praefati

1752 5523 1991 5596 episcopi
2033 5523 2340 5596 diaconus,
2390 5523 2674 5580 ordinatus
2720 5526 3007 5593 episcopus
3057 5523 3320 5596 Lngduno

1753 5591 1838 5646 xvi
1873 5592 1990 5646 Kal.
2033 5591 2333 5646 Februarii.
2364 5614 2381 5644 ι

1825 5666 1932 5732 (iis)
1979 5663 2109 5717 Vide
2138 5665 2271 5715 Acta
2302 5674 2624 5731 sanctorum,
2661 5667 2863 5719 mensis
2903 5665 3048 5719 Junii
3105 5673 3237 5719 tom.
3276 5663 3316 5727 l,

1753 5733 1838 5788 dic
1864 5745 2033 5802 sexta,
2068 5750 2118 5791 υ.
2155 5735 2257 5788 748
2284 5737 2411 5790 edit.
2452 5735 2666 5790 Veneta:
2689 5737 2814 5790 anni
2843 5737 3000 5802 17-11,
3032 5736 3120 5791 ubi
3154 5739 3318 5790 multa
