3826 6530
487 286 590 342 48⁵1

1242 283 1756 356 DE_PORTUENSI
1797 286 1857 342 S.
1900 285 2263 343 HIPPOLYTI
2300 286 2499 343 SEDE.
2540 316 2611 329 --
2647 286 2829 342 PARS
2869 287 2932 342 11.
3606 293 3687 349 ωδ

488 402 813 476 quandoque
848 412 1162 471 occurrunt,
1195 403 1301 459 hoc
1342 419 1454 459 uno
1481 404 1731 474 exemplo
1776 418 1885 459 non
1927 420 1957 459 a
1987 405 2057 459 li-
2082 422 2131 479 Α
2162 406 2287 460 dem
2321 405 2515 461 codice
2551 406 2697 460 inter
2743 420 2950 459 annum
2982 403 3186 460 Christi
3206 404 3307 459 775
3334 417 3385 460 et
3414 406 3528 475 771,
3570 406 3688 462 indi-

491 497 688 556 brariis
719 506 920 555 temere
945 497 1207 553 conﬁctas
1234 498 1365 553 satis
1389 513 1664 568 superque
1690 506 1947 554 constare
1972 514 2061 553 ar-

487 589 786 656 bitramur;
844 588 938 643 sed
992 588 1211 643 easdem
1250 588 1317 642 ab
1366 588 1617 659 ipsismet
1664 589 2059 660 scriptoribus,

485 680 571 735 vel
598 680 665 734 ab
694 695 883 733 eorum
933 679 1147 745 amicis,
1178 679 1263 733 vel
1297 679 1604 749 discipulis,
1640 680 1725 735 vel
1767 680 1985 735 demum
2031 697 2064 736 a

486 771 676 840 peritis
704 770 835 823 viris
868 769 1104 839 propriis
1124 768 1408 825 codicibus
1438 769 1717 839 appositas
1747 767 1918 825 fuisse
1944 786 2064 825 cre-

486 863 698 927 dimus;
731 876 904 931 eoque
939 861 1131 930 magis.
1173 861 1301 931 quia
1333 876 1474 929 szepe
1500 860 1717 925 accidit,
1749 869 1810 914 ut
1839 860 2062 916 easdem

486 966 577 1006 res
608 951 738 1019 ipsa:
762 948 1080 1011 exhibeant,
1104 965 1226 1018 qua:
1250 963 1373 1003 cum
1401 947 1643 1018 antiquis
1665 962 1729 1001 ac
1755 947 1856 1001 lide
1884 945 2064 1016 dignis

487 1042 805 1096 auctoribus
856 1041 992 1095 mire
1041 1042 1414 1095 consentiunt.
1464 1038 1541 1095 lta
1588 1040 1640 1093 in
1678 1038 2063 1109 antiquissimo

486 1133 672 1189 codice
719 1134 1057 1188 bibliothecae
1098 1133 1499 1199 Ottobonianze,
1537 1133 1593 1187 in
1640 1148 1751 1202 quo
1797 1133 2065 1187 habentur

485 1225 761 1280 orationes
794 1225 1234 1295 quamplurimze,
1275 1224 1332 1279 S.
1368 1224 1614 1295 Gregorii
1643 1222 1967 1278 Nazianzeni
1995 1224 2064 1277 ad

485 1318 788 1371 orationem
845 1318 899 1370 in
955 1327 1144 1372 sancta
1198 1316 1431 1370 Lumina
1471 1316 1791 1385 hujusmodi
1842 1324 1968 1369 nota
2007 1315 2063 1369 in

484 1406 729 1477 margine
762 1407 992 1461 habetur
1022 1426 1034 1460 :
1064 1399 1232 1470 Οὗτος
1253 1406 1581 1476 δογματικὸς
1603 1405 1801 1477 speset;
1833 1408 1890 1459 ἐν
1913 1406 2065 1457 Κων-

488 1498 913 1562 σταντινοπόλει,
958 1519 975 1550 ι
1013 1498 1101 1553 hic
1132 1504 1349 1568 (nempe
1381 1498 1582 1567 sermo)
1613 1497 1958 1568 dogmaticus
1981 1496 2064 1550 di-

484 1600 611 1645 ctus
643 1599 726 1645 est
760 1590 814 1644 in
845 1589 1336 1659 Constantinopoli,
1380 1608 1398 1641 ι
1435 1605 1557 1659 qua:
1587 1592 1748 1643 etiam
1784 1589 1980 1660 legitur
2007 1587 2062 1641 in

485 1682 733 1753 sequenti
767 1683 1013 1737 oratione
1036 1682 1087 1736 in
1110 1681 1486 1737 Pcntecosten.
1519 1680 1667 1747 Quas
1689 1681 1906 1751 quidem
1937 1696 2063 1735 ora-

2167 500 2351 554 ctione
2379 514 2478 561 xu,
2524 497 2639 552 haec
2676 498 2933 569 leguntur
2966 515 2979 551 :
3023 516 3042 550 ς
3079 495 3191 553 Hac
3231 497 3515 553 indictione
3555 515 3679 555 vene-

2175 600 2302 647 runt
2350 589 2547 645 Franci
2600 590 2655 644 in
2706 589 2936 644 Italiam.
2988 609 3007 641 ι
3069 588 3308 645 Francos
3350 589 3525 645 eodem
3565 606 3679 645 anno

2171 682 2355 738 Caroli
2384 680 2457 737 M.
2494 684 2659 737 ductu
2689 682 2745 736 in
2788 681 2999 735 Italiam
3045 680 3212 736 fuisse
3249 696 3582 752 progressos,
3616 691 3677 735 te-

2164 782 2378 829 stantur
2408 773 2620 843 antiqui
2665 772 2962 843 scriptores
3010 771 3350 843 Eginhardtrs
3385 771 3509 842 (70),
3549 771 3679 826 (Ilua-

2164 868 2320 921 nicon
2353 864 2612 934 Augiense
2648 864 2785 933 (71),
2815 875 2868 918 et
2898 863 3191 918 Chronico»:
3223 862 3579 917 brevissimum
3600 880 3680 916 mo-

2168 955 2391 1009 naslerii
2439 953 2499 1007 S.
2543 952 2686 1007 Galli
2726 952 2870 1022 (72),
2904 968 2935 1007 a
2962 951 3184 1007 Baluzio
3226 951 3367 1006 edita
3393 950 3515 1019 (75).
3543 950 3677 1005 Euse-

2164 1047 2289 1103 bius
2318 1046 2414 1101 lib.
2452 1062 2536 1112 ιιι,
2569 1060 2690 1117 cap.
2720 1044 2813 1112 24,
2849 1044 2925 1098 De
2977 1046 3089 1099 vita
3135 1042 3466 1098 Constantini
3509 1043 3678 1113 Magni,

2164 1139 2387 1209 scripsit
2425 1138 2539 1207 (74)
2577 1153 2636 1193 se
2685 1152 2877 1193 omnes
2910 1136 3154 1207 ejusdem
3207 1135 3537 1191 Constantini
3569 1136 3679 1205 leges

2165 1245 2230 1284 ac
2262 1229 2543 1299 epistolas,
2575 1228 2643 1282 ab
2679 1228 2797 1297 ipso
2827 1228 3155 1296 imperatore
3189 1227 3365 1285 datas.
3409 1242 3521 1292 qua:
3554 1226 3607 1280 ad
3634 1229 3681 1279 li-

2165 1319 2287 1375 dem
2316 1319 2641 1375 catholicam
2676 1318 3017 1387 spectabant,
3043 1326 3294 1387 separato
3323 1317 3576 1371 volumine
3596 1317 3681 1371 col—

2165 1411 2333 1481 ligere
2358 1410 2512 1475 velle,
2559 1408 2707 1479 quod
2740 1423 2871 1463 num
2908 1408 3023 1477 ipse
3059 1409 3421 1478 praestitisset,
3450 1408 3578 1462 viros
3608 1408 3680 1461 do-

2165 1513 2283 1558 ctos
2306 1502 2513 1557 diutius
2546 1500 2738 1568 latuit;
2767 1500 3095 1570 penitusque
3118 1499 3218 1569 ipsi
3244 1500 3583 1569 ignorassent.
3601 1498 3679 1551 nisi

2165 1594 2432 1651 Henricus
2467 1593 2716 1648 Valesius
2745 1595 3027 1662 antiquam
3056 1592 3264 1647 codicis
3289 1589 3515 1645 Medicwi
3536 1599 3678 1643 notam

2163 1686 2459 1755 vulgasset,
2491 1699 2555 1738 ex
2584 1699 2690 1754 qua
2715 1681 3010 1737 Eusebium
3041 1698 3209 1753 supra
3246 1682 3571 1737 laudatarum
3594 1682 3680 1750 epi-

486 1773 667 1830 tiones
699 1772 755 1829 S.
790 1773 1109 1844 Gregorium
1155 1773 1629 1843 Constantinopoli
1667 1773 1926 1829 habuisse
1972 1789 2061 1828 re—
2092 1777 2133 1831 Β
2163 1778 2424 1832 stolarum
2463 1776 2635 1846 ipsius
2668 1776 3018 1832 Constantini
3052 1775 3231 1847 Magni
3272 1774 3509 1831 codicem
3536 1773 3680 1829 conle-

484 1882 571 1921 cte
586 1881 651 1920 ex
670 1865 912 1935 antiquis
942 1866 1309 1920 monumentis
1331 1871 1491 1921 docet
1513 1864 1899 1920 Tillemontius
1918 1863 2053 1935 (65).

483 1956 542 2010 In
574 1956 760 2012 codice
784 1956 1165 2013 Casanattensi
1195 1957 1330 2028 (66),
1362 1967 1487 2012 ante
1512 1957 1855 2027 octingentos
1883 1970 2058 2011 annos

484 2046 916 2117 Longobardicis
951 2046 1146 2100 litteris
1177 2054 1424 2109 exarato,
1461 2046 1516 2099 in
1547 2060 1658 2115 quo
1694 2044 1924 2097 habetur
1961 2058 2057 2113 ge-

482 2139 686 2195 nuinus
720 2137 877 2194 Beda:
907 2137 1119 2209 Cyclas,
1149 2137 1264 2206 qui,
1308 2146 1369 2191 ut
1412 2136 1598 2190 docuit
1638 2133 1865 2204 Magnus
1898 2130 2058 2186 Nori-

396 2300 399 2303 _
482 2230 599 2284 sius
649 2229 783 2300 (67),
827 2230 897 2284 ab
946 2242 1091 2283 anno
1123 2226 1329 2283 Christi
1381 2226 1488 2282 552
1528 2242 1701 2297 usque
1736 2226 1803 2280 ad
1850 2239 2056 2279 annum

419 2321 622 2389 «.1065
668 2321 1008 2392 producitur,
1061 2320 1231 2375 multa
1276 2320 1417 2375 scitu
1468 2320 1633 2389 digna
1682 2318 1912 2389 singulis
1946 2316 2057 2370 fere

426 2446 431 2451 -
480 2420 642 2476 annis
691 2420 952 2475 adnotata
1008 2426 1155 2481 sunt,
1207 2431 1440 2487 quorum
1480 2416 1569 2470 hic
1619 2416 1799 2486 aliqua
1851 2411 2058 2468 referre

478 2530 589 2568 non
629 2513 792 2583 piget.
828 2510 1011 2565 Primo
1056 2510 1221 2581 igitur
1264 2510 1379 2564 haec
1413 2508 1683 2562 habentur
1723 2526 1736 2561 :
1774 2524 1791 2555 ι
1838 2504 2056 2558 Primus

482 2605 727 2676 Dionysii
757 2603 996 2659 circulus
1022 2618 1052 2656 a
1080 2600 1376 2657 Justiniani
1406 2600 1669 2669 principis
1696 2611 1841 2652 anno
1870 2596 1933 2661 6,
1961 2593 2055 2663 qui

480 2694 731 2766 regnavit
774 2707 949 2747 annos
986 2692 1078 2757 58,
1118 2710 1136 2743 ι
1176 2706 1299 2761 quas
1349 2690 1535 2746 omnia
1567 2687 1784 2743 veritati
1825 2698 2055 2758 prorsus

481 2800 611 2848 sunt
643 2797 1040 2850 consentanea;
1074 2786 1395 2857 Dionysium
1421 2784 1566 2839 enim
1591 2782 1859 2853 Exiguum
1893 2797 2052 2838 suum

482 2880 798 2936 Paschalem
834 2878 1039 2949 cyclum
1076 2876 1146 2931 ab
1181 2891 1324 2931 anno
1357 2875 1390 2930 6
1421 2874 1714 2929 Justiniani
1757 2873 2054 2944 imperato-

480 2972 581 3039 ris,
612 2972 706 3042 qui
748 2969 942 3025 incidit
987 2968 1043 3023 in
1084 2983 1291 3022 annum
1327 2966 1454 3033 552,
1492 2965 1829 3034 auspicasse,
1868 2966 2054 3021 multis

480 3074 726 3121 veterum
766 3061 1100 3118 testimoniis
1132 3060 1380 3132 probavit
1420 3060 1560 3113 idem
1607 3057 1855 3113 Norisius
1905 3058 2053 3128 (68),

478 3156 842 3225 eumdemque
870 3155 1251 3224 imperatorem
1283 3152 1443 3207 annis
1474 3151 1564 3214 '58,
1590 3166 1699 3205 non
1722 3149 1812 3214 40,
1860 3160 1919 3205 ut
1941 3152 2059 3220 qui-

478 3252 604 3308 dam
650 3262 932 3320 perperam
980 3247 1354 3315 scripserunt,
1404 3256 1685 3313 regnasse,
1734 3241 1863 3296 alibi
1914 3241 2057 3295 idem

477 3341 951 3400 eminentissimus
985 3349 1176 3394 auctor
1207 3335 1325 3392 fuse
1354 3337 1696 3391 demonstrat
1723 3333 1856 3405 (69).
1889 3332 1948 3387 In
1974 3348 2061 3388 eo-

480 3520 548 3575 de
593 3518 648 3573 S.
684 3515 953 3588 Agobardi
1003 3513 1397 3588 archiepiscopi
1452 3511 1835 3582 Lugdunensis
1884 3510 2055 3577 cultu,

480 3591 633 3645 Actis
660 3598 712 3642 et
733 3584 891 3641 aetate
913 3587 1125 3638 erudite
1154 3584 1524 3653 prdferuntur.

553 3658 666 3730 (65)
692 3656 848 3712 Τοιη,
877 3654 971 3718 ιχ,
998 3650 1274 3730 diligimus
1297 3669 1432 3730 pou:
1454 3653 1617 3730 servir
1641 3650 1951 3730 &_l'lt_isloire
1971 3668 2051 3706 ec-

479 3720 836 3797 clesiastique,
862 3742 984 3795 pag.
1008 3723 1133 3786 462,
1152 3724 1206 3777 in
1230 3720 1655 3797 sa_intCregoire
1672 3721 1741 3797 de
1758 3720 2053 3797 _Nazijt_iize,

482 3799 672 3853 article
702 3792 791 3862 6'6,
824 3792 920 3851 des
939 3792 1206 3850 'oraisons
1238 3793 1330 3859 58,
1357 3793 1447 3858 59,
1475 3794 1566 3852 40,
1593 3792 1685 3857 44,
1713 3792 1775 3846 51
1808 3801 1861 3846 et
1882 3792 1950 3846 26
1988 3792 2057 3847 de

482 3871 626 3924 saint
654 3868 929 3936 Crégoire.

553 3938 666 4008 (66)
699 3938 859 3991 Num.
894 3935 1017 4008 514.

554 3941 644 4008 (66
699 3941 859 3991 Num.
894 3941 1017 3989 514.

554 3941 668 4081 (67)
704 4006 1097 4081 Dissertatione
1127 4002 1427 4081 ade‘cyclo
1454 3998 2057 4081 paschali'Ravennate

484 4069 752 4135 annorum
803 4078 893 4139 95,
947 4086 1079 4130 tum.
1138 4075 1180 4126 11
1231 4069 1470 4144 Ορέιυιιι
1517 4074 1650 4127 edit.
1688 4069 1918 4126 Verona:
1961 4088 2053 4125 an.

484 4153 509 4204 l
522 4151 643 4216 729,
672 4165 794 4219 pag.
832 4147 956 4202 754.

553 4209 1058 4291 (68)”υῗεεθιι.2ῥο
1080 4213 1322 4291 paschali
1340 4212 1658 4291 Latinorum
1674 4211 1849 4291 eyclo,
1870 4225 1925 4281 p.
1952 4209 2056 4265 725

480 4304 535 4347 et
562 4284 733 4361 seqq:
754 4299 889 4343 tom.
919 4286 962 4340 ll
992 4284 1229 4361 Operunt
1263 4286 1440 4361 citata:
1478 4284 1755 4361 editionis.

553 4350 935 4434 (69:)-Dissert.
994 4350 1243 4434 historic.
1289 4353 1873 4434 desynodonqninta,
1912 4350 2000 4423 §2
2036 4391 2052 4415 ,

482 4424 614 4487 tom.
639 4424 658 4485 l
691 4431 948 4501 Operum,
974 4444 1099 4501 pag.
1121 4426 1226 4480 685
1250 4444 1261 4479 :
1291 4444 1322 4501 ιΔ
1339 4424 1504 4494 ldque
1520 4424 1792 4495 colligitur
1815 4439 1882 4477 ex
1905 4439 2050 4476 anno

480 4504 663 4559 obitus
690 4496 993 4555 Justiuiani
1014 4496 1399 4568 iiiiperatoris._
1419 4514 1438 4549 ι

557 4572 669 4640 (70)
706 4570 1073 4640 Eginhardus,
1093 4562 1334 4640 "natione
1361 4565 1696 4640 Germanus,
1723 4562 2006 4640 Caroli_M.
2033 4603 2048 4627 ,

481 4635 575 4714 qui
608 4635 1080 4714 obiit'an._8_l«i,“a
1108 4638 1354 4714 secretis,
1388 4636 1699 4714 imperatori
1730 4651 1831 4714 suo
1861 4635 2053 4714 admo-

479 4704 607 4769 dum
636 4716 836 4767 charus
868 4710 985 4763 fuit.
1012 4708 1214 4762 thter
1245 4705 1419 4759 Vitam
1444 4704 1621 4760 Caroli
1643 4704 1842 4774 Magni,
1863 4706 2047 4774 Anna:

480 4790 553 4839 les
577 4785 737 4837 etiam
769 4796 940 4835 rerum
971 4788 1235 4850 gestarum
1260 4777 1436 4850 lfipini
1469 4778 1631 4850 regis,
1661 4772 2049 4850 CaroliAMagni

479 4865 533 4910 et
565 4852 821 4908 Ludovici
853 4846 1050 4915 Piifab
1081 4864 1225 4902 anno
1271 4848 1367 4900 741
1414 4848 1482 4899 ad
1520 4861 1723 4899 annum
1771 4846 1895 4912 829,
1919 4860 2052 4915 con-

480 4924 723 4993 scripsit,
750 4923 845 4993 qui
876 4914 1080 4990 pluries
1097 4917 1326 4993 luerunt
1357 4916 1843 4993 editi,_pra:_sertim
1872 4934 1902 4969 a
1938 4914 2051 4993 Du-

480 4986 706 5048 chesuio
736 4986 1064 5059 scriptorum
1089 4988 1333 5059 Francia:
1363 4999 1495 5059 tom.
1526 4987 1590 5051 ll,
1621 4986 1712 5040 ubi
1727 4987 1861 5059 vide
1883 5002 1934 5055 p.
1956 4988 2047 5055 29,

481 5066 547 5119 ad
577 5082 666 5117 an.
698 5063 799 5115 774
828 5056 958 5116 edit.
986 5060 1212 5113 Lutetia:
1244 5058 1580 5112 Parisiorum
1611 5057 1739 5109 anni
1770 5056 1927 5109 1686.

554 5134 665 5204 (71)
698 5130 1314 5204 Cltrotiicoit_Augie_tise
1340 5140 1423 5204 est
1458 5128 1643 5204 saeculi
1675 5142 1729 5189 ιι,
1773 5137 1827 5179 et
1859 5127 2048 5204 incipit

482 5196 735 5259 ab'an'no
772 5202 976 5255 Christi
1022 5196 1154 5260 709,
1193 5200 1502 5268 desinitque
1549 5200 1615 5268 ad
1665 5213 1867 5250 annum
1919 5196 2044 5252 954.

481 5275 673 5329 Exstat
697 5272 840 5341 apud
873 5270 1132 5341 Stephani
1163 5270 1366 5324 Baluzii
1410 5266 1751 5341 Miscellan_ea
1782 5283 1921 5341 novo
1942 5286 2047 5341 _or—

480 5347 606 5400 dine
636 5335 842 5414 digesta
874 5353 927 5396 et
966 5335 1145 5414 aucta,
1182 5355 1345 5414 opera
1364 5349 1431 5414 _et
1466 5339 1645 5393 studio
1666 5335 2047 5414 ,Ιρξι-ιιιιὶε-Βυ-

479 5416 665 5469 ininici
694 5406 912 5472 'Mansi.
949 5423 1082 5465 tom.
1122 5412 1140 5463 l
1186 5406 1314 5463 edit.
1362 5409 1523 5463 Lucae
1552 5409 1679 5461 anni
1710 5407 1867 5461 1761.
1904 5406 2047 5479 Lege

477 5500 532 5556 p.
568 5485 691 5548 120,
716 5484 805 5538 ubi
832 5484 897 5536 ad
928 5497 1131 5535 annum
1163 5481 1266 5534 775
1297 5489 1412 5534 haec
1433 5480 1633 5547 scripta
1658 5479 2002 5545 reperiuntur
2028 5499 2040 5533 :

481 5574 503 5607 ‹
536 5554 702 5624 Capta
752 5563 836 5608 est
871 5553 1023 5607 Italia
1070 5570 1100 5606 a
1146 5549 1390 5613 Francis,
1436 5560 1491 5604 et
1529 5548 1757 5603 Carolus
1815 5548 2042 5602 Romani

548 5627 739 5678 rveuit.
790 5642 807 5675 ι
1351 5672 1355 5676 .

477 5640 739 5696 pervenit.
790 5642 807 5675 ι
1351 5672 1355 5676 .

547 5694 660 5764 (72)
693 5694 1001 5764 Chronicon
1036 5688 1345 5760 hnjusmodi
1372 5700 1455 5743 est
1484 5688 1668 5744 saeculi
1693 5703 1773 5764 Ix,
1805 5687 2045 5764 illudque

479 5761 683 5840 pariter
712 5763 879 5820 edidit
914 5762 1166 5817 Balnzius
1195 5771 1327 5816 tom.
1363 5769 1417 5815 et
1444 5774 1565 5830 pag.
1600 5761 1778 5816 cuntis
1814 5777 1826 5814 :
1856 5761 2044 5830 incipit

2165 1870 2306 1925 cisse
2359 1868 2475 1940 (75)
2522 1879 2708 1939 aperte
2754 1868 3047 1939 colligitur.
3105 1868 3180 1922 Ex
3240 1868 3327 1923 his
3376 1867 3557 1936 igitur,
3590 1881 3681 1936 qua

2165 1961 2452 2032 hucusque
2485 1961 2551 2016 de
2579 1960 2820 2031 antiquis
2850 1961 3015 2026 notis.
3070 1961 3127 2014 in
3176 1961 3406 2016 vetustis
3451 1958 3681 2014 codicibus

2166 2054 2495 2125 quandoque
2517 2053 2917 2108 exsistentibus
2934 2052 3055 2108 fuse
3079 2053 3265 2117 nimis,
3291 2068 3451 2122 quam
3472 2066 3558 2121 par
3576 2060 3680 2114 erat,

2165 2145 2588 2215 disputavimus,
2620 2145 2754 2200 satis
2784 2158 3057 2213 superque
3098 2144 3363 2213 probasse
3404 2141 3546 2195 nobis
3582 2155 3680 2195 sua-

2164 2237 2377 2299 demus,
2427 2234 2647 2288 easdem
2682 2242 2851 2303 potas
2900 2233 3042 2286 inter
3094 2240 3337 2286 veterum
3388 2229 3681 2284 librariorum

2165 2328 2379 2383 somnia
2425 2342 2489 2380 ac
2519 2325 2805 2379 mendacia
2838 2324 2986 2378 haud
3018 2323 3351 2378 recenscnda
3391 2336 3520 2376 esse.
3551 2319 3683 2388 Supe-

2165 2421 2309 2474 riora
2343 2419 2487 2473 enim
2530 2418 2776 2486 exempla
2808 2426 2994 2485 aperte
3035 2430 3135 2470 nos
3164 2416 3385 2479 docent,
3418 2430 3506 2469 eas
3543 2412 3609 2466 vel
3633 2411 3683 2464 ab

2165 2512 2411 2582 ipsismet
2442 2510 2759 2565 auctoribus
2800 2508 3080 2563 codicibus
3109 2508 3249 2572 suis,
3281 2506 3363 2560 vel
3395 2506 3459 2560 ab
3490 2506 3680 2575 ipsorum

2163 2604 2467 2673 discipulis,
2502 2602 2596 2672 qui
2629 2600 2980 2672 praeceptoris
3014 2600 3098 2654 sui
3124 2614 3211 2653 res
3237 2607 3417 2667 gestas
3443 2597 3589 2667 probe
3605 2609 3681 2648 no-

2163 2706 2376 2761 verunt,
2409 2697 2492 2751 vel
2520 2696 2738 2752 demum
2764 2709 2794 2749 a
2822 2693 3008 2765 peritis
3035 2702 3089 2747 et
3118 2693 3301 2747 doctis
3327 2690 3456 2745 viris
3479 2687 3680 2759 quando—

2164 2803 2269 2859 que
2311 2789 2479 2843 fuisse
2530 2786 2843 2858 appositas;
2881 2784 2997 2856 qui,
3047 2784 3151 2839 etsi
3200 2782 3549 2854 scriptoribus
3580 2778 3682 2849 ipsis

2164 2882 2492 2951 posteriores
2518 2888 2677 2935 aetate
2702 2878 2942 2944 fuerunt,
2970 2886 3150 2932 tamen
3179 2876 3400 2946 optimis
3422 2886 3683 2929 monumen-

2164 2973 2232 3027 tis
2247 2972 2443 3035 cdocti,
2475 2971 2520 3026 si
2546 2969 2677 3041 quid
2708 2984 2949 3040 unquam
2974 2968 3041 3023 ad
3063 2967 3315 3023 codicum
3335 2980 3543 3021 suorum
3564 2975 3681 3015 oram

2162 3061 2516 3125 adnotarunt,
2563 3075 2671 3115 non
2713 3060 2885 3112 aniles
2916 3056 3151 3120 fabulas,
3182 3056 3278 3110 sed
3322 3070 3408 3109 res
3431 3052 3525 3108 sibi
3563 3050 3682 3121 plane

2085 3130 2127 3187 δ
2161 3161 2470 3222 compertas
2510 3152 2743 3221 posteris
2775 3150 3135 3213 tradiderunt,
3184 3147 3336 3217 quod
3371 3146 3570 3216 quidem
3596 3142 3681 3196 cla-

2161 3245 2274 3299 rius
2308 3243 2465 3297 nobis
2501 3242 2755 3300 innotuit.
2791 3241 2919 3296 dum
2953 3254 3042 3301 ea.
3091 3254 3212 3307 qua:
3258 3238 3315 3291 in
3344 3236 3539 3292 eisdem
3574 3232 3682 3286 notis

2159 3347 2482 3404 nairantur,
2530 3334 2864 3405 incorruptis
2911 3334 3202 3389 vetustatis
3254 3328 3601 3386 monumentis
3632 3325 3680 3380 ad

2158 3516 2226 3570 ab
2253 3531 2344 3570 an.
2381 3512 2477 3569 691
2513 3527 2688 3583 usque
2715 3511 2783 3566 ad
2816 3526 2907 3565 an.
2941 3509 3066 3565 814.
3100 3510 3156 3583 In
3191 3525 3258 3565 eo
3284 3510 3351 3564 ad
3387 3521 3574 3583 annum
3603 3500 3681 3583 771

2156 3587 2393 3657 legitur:
2434 3573 2613 3657 «Alloe'
2652 3584 3069 3657 annoyerrexit
3110 3582 3348 3638 domnus
3390 3578 3599 3657 Karolus
3629 3573 3679 3627 ad

2160 3648 2389 3710 RBmam
2418 3654 2484 3707 ad
2517 3662 2765 3708 sanctum
2804 3648 3063 3717 Petrum,
3095 3662 3149 3704 et
3177 3660 3450 3704 revertens
3481 3648 3588 3701 inde
3611 3660 3679 3717 ac-

2156 3727 2381 3796 quisivit
2408 3724 2673 3796 l_’eccunia
2702 3724 2919 3792 (melius
2939 3716 3126 3796 P_avi_a)
3154 3723 3396 3796 civitate,
3416 3721 3521 3773 sive
3536 3716 3681 3796 Cicino

2157 3785 2375 3866 (inelius
2407 3794 2619 3863 Ticino)
2643 3785 2778 3866 eum
2806 3807 2933 3866 rege
2963 3785 3263 3859 Desiderio,
3294 3803 3349 3846 et
3376 3805 3495 3845 cum
3523 3785 3681 3857 gaudio

2156 3862 2405 3922 reversus
2433 3875 2515 3919 est
2547 3862 2607 3916 in
2642 3862 2893 3918 Francia.
2928 3881 2948 3914 ι

2206 3935 2441 4060 ι(75).1ιι
2488 3934 2680 3989 eodem
2718 3944 2849 3988 ιυιιι.
2882 3931 2924 4000 1,
2975 3948 3097 4004 pag.
3132 3930 3234 3985 120
3266 3931 3443 3986 citata:
3481 3925 3679 3997 ejusdem

2228 4020 2427 4059 lllOlllS.

2155 4020 2427 4060 etlILIOIIIS.

2229 4075 2342 4146 (74)
2379 4075 2558 4130 Citato
2602 4075 2698 4128 lih.
2731 4090 2815 4138 ιιι,
2851 4089 2970 4143 cap.
3004 4073 3097 4139 24,
3142 4089 3288 4146 pag._
3313 4071 3435 4146 592,
3479 4064 3680 4146 υιιίηεεῑι

2155 4138 2433 4215 quomodo
2450 4146 2846 4201 Constantinus
2868 4138 3484 4216 episcopis'et'plebibus
3509 4138 3680 4216 religie-

2156 4208 2247 4271 sas
2278 4217 2486 4271 litteras
2533 4219 2733 4285 saepius
2774 4208 3089 4285 scripserit}
3139 4208 3354 4269 ubi—ait
3394 4231 3417 4285 :_
3460 4230 3476 4261 ι
3515 4208 3604 4261 Sed
3639 4214 3678 4256 et

2157 4287 2261 4341 alia
2300 4288 2534 4358 plurima
2561 4283 2830 4355 ejusmodi
2859 4283 3101 4355 scripsit,
3134 4300 3198 4339 ac
3229 4283 3676 4358 (peneinnuinera-

2158 4355 2580 4412 biles'exaravit
2623 4358 2914 4425 epistolas;
2964 4372 3109 4410 nunc
3156 4355 3427 4424 episcopis
3471 4360 3677 4419 praesen.

2159 4427 2291 4482 bens
2321 4444 2385 4482 ea
2419 4443 2541 4496 quae
2573 4426 2639 4479 ad
2672 4426 3040 4480 Ecclesiarum
3076 4426 3169 4479 Dei
3197 4425 3482 4479 utilitatem
3508 4426 3681 4496 specta:

2083 4484 2126 4538 D
2156 4500 2315 4565 bant;
2351 4484 2496 4552 nunc
2550 4498 2695 4566 ipsas
2731 4497 2913 4566 plebes
2950 4511 3044 4566 per
3090 4497 3298 4550 litteras
3344 4484 3673 4566 compellanfg.

3484 4548 3510 4575 Ἴ.

2154 4556 2459 4637 fratresque
2512 4556 2587 4622 et.
2618 4556 2914 4622 conservos
2950 4556 3091 4637 '_s_uos
3140 4566 3432 4620 nominans
3464 4556 3678 4614 Ecclesia:

2154 4635 2405 4708 populos,
2439 4637 2521 4691 vir
2546 4638 2916 4708 beatissimus.
2957 4635 3157 4691 Verum
3179 4638 3306 4708 Ahaac
3331 4639 3576 4708 separato
3598 4640 3675 4708 v0-

2154 4697 2359 4779 lufnine
2384 4697 2660 4779 colligere,
2691 4708 2824 4762 alias
2856 4706 3089 4762 fortasse
3119 4706 3289 4760 otium
3323 4697 3499 4766 fuerit,
3527 4713 3586 4753 ne
3604 4697 3676 4750 hu-

2146 4778 2240 4848 jus
2272 4778 2741 4849 historiaenostrge
2776 4779 2944 4832 series
2972 4779 3425 4849 interruinpatur;
3457 4791 3474 4823 ι
3522 4840 3534 4849 _
3556 4837 3584 4849 ﬂ

2225 4850 2337 4918 (75)
2380 4848 2504 4904 Haec
2536 4859 2665 4903 sunt
2691 4846 2891 4903 Valesii
2924 4848 3087 4901 verba
3116 4852 3181 4901 ad
3217 4834 3361 4918 hunc
3386 4837 3586 4897 Eusebii
3609 4834 3674 4918 1ο-

2152 4915 2276 4976 cum
2306 4915 2328 4973 ς’
2349 4939 2367 4970 ι
2391 4922 2549 4975 Certe
2576 4918 2864 4984 Eusebius,
2894 4921 3040 4988 quod
3066 4920 3153 4972 hic
3177 4916 3490 4988 pollicetur,
3524 4915 3673 4979 postea

2153 4991 2415 5059 ίιηβιθνίῑ,
2446 5004 2747 5059 omnesque
2772 4985 3031 5058 epistolas
3063 4999 3117 5042 et
3142 4985 3452 5059 sanctiones
3480 4985 3672 5059 impera-

2154 5056 2289 5115 toris
2318 5056 2690 5125 Constantini,
2722 5056 2843 5128 quae
2873 5064 2938 5112 ad
2965 5060 3289 5129 catholicam
3327 5056 3479 5129 [idem
3507 5056 3673 5129 specta-

2152 5133 2301 5193 bant,
2333 5131 2555 5200 speciali
2584 5132 2721 5184 lihro
2740 5126 3070 5199 complexus
3093 5127 3279 5200 est.7ld
3316 5142 3399 5200 me
3422 5126 3586 5200 docuit
3603 5132 3674 5196 eo.

2151 5203 2251 5256 dex
2286 5190 2591 5263 bledicmus,
2620 5206 2676 5255 in
2702 5216 2812 5269 quo
2846 5190 2913 5254 ad
2949 5204 3152 5254 calcem
3188 5198 3441 5251 Historia:
3462 5190 3673 5269 ecclesia-

2150 5274 2298 5326 stica:
2330 5259 2649 5342 praescripta
2688 5259 2770 5326 est
2799 5273 3031 5340 epistola
3071 5269 3410 5343 Constantini
3438 5259 3674 5343 adpulsa:

2150 5333 2348 5408 stinos;
2370 5357 2532 5412 quam
2556 5333 2618 5395 in
2647 5333 2915 5412 superiori
2958 5343 3096 5394 libro
3130 5340 3313 5394 retulit
3336 5333 3603 5412 Eusebius,
3632 5333 3674 5378 et

2149 5424 2272 5482 post
2313 5402 2679 5482 supradictain
2700 5402 3015 5482 epistolam
3068 5413 3320 5482 leguntur
3346 5402 3637 5482 (hascverba‘
3660 5412 3669 5482 ξ

2148 5476 2331 5536 Ταῦτα
2364 5476 2463 5555 (ibi
2494 5479 2586 5535 οὖν
2608 5477 2711 5536 ὦδέ
2736 5476 2835 5555 piat
2859 5476 3245 5555 xsloOuJ._<l1ép_s
3263 5479 3331 5555 δὲ.
3345 5476 3520 5555 λμοιπόν
3536 5488 3557 5551 ς

2146 5554 2341 5624 νόμους
2364 5539 2469 5607 ⁸κει).
2500 5556 2597 5615 τὰς
2620 5539 2761 5624 ὑπὲρ
2790 5554 2887 5621 τῆς
2912 5550 3143 5624 ἀληθοῦς
3172 5539 3447 5624 ἑὺσεόξζας
3478 5543 3559 5624 “to?
3580 5539 3676 5624 95"?

2149 5607 2340 5697 φιλοῦξ
2361 5626 2453 5697 κᾳὶ
2478 5607 2786 5697 πρσίρτὰτὸυ
2843 5607 3105 5697 paciﬁca;
3141 5607 3449 5688 ἐπιστολὰς,
3470 5616 3553 5685 ἀφ’
3576 5607 3673 5662 ἑτέ·

2150 5712 2245 5768 ρας
2279 5695 2455 5766 ἀρχῆς
2487 5693 2620 5765 ὁμοῦ
2648 5693 3264 5766 πάσαςϐυναιγάγωμεν.
