3826 6490
177 329 264 388 ‘95

901 329 988 417 OE
1029 330 1427 388 PORTUENSI
1469 332 1527 386 S.
1570 331 1936 389 HIPPOLYTI
1977 333 2172 390 SEDE.
2216 365 2289 376 —
2325 335 2506 391 PARS
2535 336 2601 392 ll.

3277 346 3379 400 ιςνι

175 467 278 518 nus,
302 447 502 519 aliique,
535 447 624 518 qui
659 447 716 504 S.
751 448 1097 524 Hippolytum
1132 453 1448 523 episcopum
1485 453 1691 510 Roma-
1722 462 1765 517 Α
1794 465 1850 510 et
1880 453 2183 512 Vaticanus
2214 457 2373 524 14⁸51,
2417 475 2528 514 non
2564 458 2871 515 Romanum
2912 462 3246 532 pontificem,
3287 469 3378 520 sed

173 559 278 599 num
307 550 502 605 vocant,
537 542 828 598 Anastasio
858 545 1242 613 apocrisiario,
1279 543 1550 616 Syncello,
1589 561 1694 601 caa—

172 636 374 704 terisque
431 636 650 689 omnino
707 638 1091 704 consentiunt,
1153 646 1318 707 atque
1373 639 1480 694 hoc
1534 639 1695 708 plane

169 728 354 783 nomine
376 727 546 796 ipsum
593 728 954 796 appellarunt,
986 728 1116 799 quia
1145 726 1462 785 Portuensis
1507 728 1694 784 Eccle-

167 820 244 875 sia:
263 820 527 889 episcopus
568 818 692 886 fuit,
722 837 846 890 qua:
885 823 937 874 in
989 822 1365 877 suburbicaria
1411 822 1690 892 provincia

166 913 245 966 sita
272 918 360 974 est,
386 925 540 977 quam
566 908 733 964 Graeci
760 911 981 965 Romam
1007 912 1284 967 dixerunt.

216 999 352 1070 Papa:
393 999 605 1053 demum
653 1003 891 1066 titulum,
940 1018 1101 1072 quem
1161 1002 1219 1056 S.
1263 1002 1551 1078 Hippolyto
1591 1007 1692 1062 tri-

163 1094 304 1149 buunt
331 1091 526 1162 antiqui
579 1093 795 1150 codices
846 1093 1240 1162 Taurinensis,
1293 1097 1690 1156 Ottobonianus

162 1233 230 1287 bis
241 1230 399 1284 verbis
423 1248 434 1283 :
454 1248 471 1280 ‹
497 1227 720 1284 Romam
743 1230 814 1284 ob
826 1231 1105 1288 servitium
1123 1233 1216 1289 Dei
1237 1236 1536 1294 venientes.
1557 1237 1688 1292 dum

163 1304 275 1374 lilios
312 1310 533 1374 vestros,
581 1301 856 1374 Romanos
899 1304 1110 1359 scilicet
1153 1307 1461 1374 episcopos,
1503 1310 1681 1361 cardi-

159 1373 300 1446 nales,
327 1373 686 1446 presbyteros,
724 1372 1002 1436 diaconos,
1033 1386 1086 1429 et
1124 1372 1436 1430 universam
1477 1377 1684 1446 plebem

159 1445 210 1497 de
233 1453 388 1496 vestra
421 1443 694 1516 absentia
719 1453 1198 1516 percontarentur,
1237 1456 1290 1499 et
1339 1443 1687 1516 quid'causze

158 1523 272 1567 esset
301 1511 435 1580 quod
472 1526 572 1584 nos
595 1511 865 1584 Ecclesia:
889 1525 1104 1579 vestrae,
1137 1511 1411 1584 vestrique
1433 1516 1685 1572 defenso-

157 1599 225 1637 res
248 1583 413 1636 videre
455 1583 792 1656 n_oluissetis,
841 1585 980 1656 talia,
1002 1586 1069 1640 de
1117 1588 1293 1650 vobis,
1326 1583 1555 1656 tamque
1582 1590 1684 1643 ob-

158 1669 307 1708 scaena
331 1653 685 1721 protulerunt,
708 1663 787 1719 ut,
819 1655 864 1708 si
887 1657 953 1709 de
970 1655 1326 1711 histrionibus
1351 1653 1682 1723 dice-rentur,

156 1725 277 1797 vobis
291 1724 654 1797 verecundiam
676 1725 998 1797 ingererent.
1027 1745 1045 1777 ι
1089 1726 1217 1780 Item
1237 1743 1356 1796 cap.
1382 1727 1469 1790 IO,
1495 1730 1679 1797 p.120,

1795 551 2086 619 cujuslibet
2120 551 2271 605 urbis
2300 552 2616 621 episcopum
2651 552 2939 624 designare
2983 571 3144 610 nemo
3172 567 3254 610 est
3284 562 3376 627 qui

1795 643 2023 698 nesciat.
2065 641 2229 710 Papa:
2257 644 2404 697 enim
2439 660 2637 698 nomen
2671 647 2926 703 omnibus
2957 648 3250 703 CliriStiani
3285 666 3381 704 ora

1794 735 1880 790 bis
1916 735 2188 804 episcopis
2227 743 2351 790 ante
2381 751 2436 789 χι
2483 737 2740 791 saeculum
2791 754 3083 794 commune
3142 740 3264 807 fuit,
3321 749 3383 797 ut

1793 835 1986 881 notant
2019 827 2217 882 eruditi
2253 827 2354 880 viri
2391 821 2717 885 Ruinartius
2753 830 2886 902 (85),
2911 831 3377 889 Ludovicus'l‘ho-

1792 918 2070 974 massinus
2097 919 2231 988 (86),
2265 930 2448 990 atque,
2500 933 2558 976 ut
2599 923 2689 976 alii
2731 925 3119 994 quamplurimi
3155 937 3378 994 praster-

1792 1020 2010 1075 eantur,
2039 1010 2287 1066 Bollandi
2317 1014 2724 1070 continuatorcs
2763 1016 2812 1070 in
2848 1018 3059 1071 erudita
3103 1018 3218 1088 (87)
3259 1020 3376 1073 dis-

1792 1100 2111 1168 sertatione,
2147 1118 2312 1173 quam
2353 1105 2420 1158 de
2455 1121 2606 1175 papw
2635 1109 2856 1162 nomine
2887 1107 3021 1163 Viue
3048 1107 3106 1164 S.
3139 1110 3380 1166 lleraclzn

1791 1240 2045 1296 Ecclesia!
2103 1241 2408 1310 disciplina.
2463 1257 2582 1311 pag.
2631 1242 2692 1294 II
2745 1242 3000 1296 editionis
3057 1244 3234 1298 citatae

1863 1313 1974 1380 (87)
2002 1313 2190 1366 Exstat
2216 1323 2347 1366 tom.
2392 1311 2455 1366 V.
2489 1315 2546 1364 Α.
2569 1321 2607 1364 ι.
2642 1322 2944 1365 sanctorum
2974 1316 3176 1368 mensis
3203 1314 3373 1381 Junii,

1789 1382 1846 1436 in
1873 1381 2312 1456 Patriam/rarum
2338 1383 2692 1456 Διεξεαηᾴνὶιι..
2715 1381 2954 1456 Historia
2982 1384 3376 1456 r/ironologica,

1788 1467 2077 1523 parergon.
2110 1454 2196 1514 11,
2227 1470 2349 1524 pag.
2392 1454 2463 1506 “2'2.
2489 1454 2620 1506 edit.
2650 1451 2891 1506 Venetiis
2915 1471 3059 1507 anno
3097 1451 3253 1520 1714,
3283 1461 3375 1512 ubi

1788 1523 1958 1593 inulta
1986 1525 2051 1579 de
2073 1524 2280 1592 origine
2311 1523 2365 1575 et
2389 1525 2610 1576 notione
2637 1524 3040 1593 nominispapw
3059 1527 3269 1579 erudite
3288 1529 3378 1581 lia-
3427 1551 3434 1558 -

1789 1591 2010 1647 bentur.
2045 1591 2193 1647 Inter
2222 1594 2399 1646 varias
2426 1595 2656 1662 hujusce
2690 1591 2966 1658 nominis,
2985 1611 3105 1663 qum
3133 1597 3374 1651 alferun-

1787 1673 1895 1726 tur,
1931 1666 2191 1733 origines,
2226 1681 2288 1716 ea
2320 1666 2660 1732 potissimum
2691 1664 3066 1734 nobisiplncet,
3098 1682 3220 1734 qua:
3249 1683 3374 1721 car-

1789 1734 1956 1788 dinali
1991 1734 2224 1787 liaronio
2257 1735 2310 1786 in
2339 1736 2479 1787 notis
2505 1735 2569 1786 ad
2611 1735 2750 1786 diem
2779 1751 2808 1785 χ
2837 1733 3252 1804 ,ἰιιιιιιίιι-ἱὶζρεις.
3303 1739 3368 1791 21

156 1793 416 1874 habemus:
449 1810 466 1844 ι
495 1793 715 1874 Adhzec
742 1793 975 1874 Romani
998 1793 1319 1874 pontiﬁces;
1338 1793 1688 1874 reliquusque
1722 1808 1764 1868 Β
1794 1806 1886 1857 cit.
1919 1805 2076 1866 edit.,
2113 1806 2345 1872 aliisque
2385 1804 2611 1872 probata
2653 1805 2773 1862 l'nit.
2813 1822 3012 1872 nempe
3056 1793 3374 1874 hujusmodi

155 1866 316 1930 clerus,
351 1872 400 1917 et
436 1873 668 1919 cunctus
709 1867 942 1934 populus
993 1869 1252 1922 dixerunt
1303 1886 1316 1922 :
1373 1866 1681 1924 lnauditum

154 1936 313 1988 vulnus
338 1935 579 1989 inaudito
602 1945 685 1989 est
729 1936 972 1989 cauterio
1008 1938 1368 1992 exurendum.
1415 1958 1434 1990 ι
1467 1938 1531 1992 Et
1560 1951 1683 1994 lati-

155 2006 249 2077 dem
269 2021 376 2073 cap.
411 2005 496 2069 11,
522 2005 707 2074 p.122
739 2025 752 2059 :
791 2025 808 2056 ι
845 2005 1228 2063 Residentibus
1258 2008 1442 2077 itaque
1477 2011 1683 2066 domno

153 2071 298 2128 Leone
321 2071 540 2129 summo
559 2085 614 2130 et
643 2077 936 2130 universali
974 2093 1111 2146 papa
1163 2080 1218 2132 in
1257 2071 1484 2135 ecclesia
1520 2080 1681 2135 Late-

153 2146 434 2221 ranensi,_et
463 2147 794 2221 imperatore
825 2149 1174 2221 sanctissimo
1195 2147 1435 2221 Othone,
1473 2161 1526 2205 et
1565 2153 1683 2221 epi-

152 2217 296 2291 scopis
346 2214 628 2291 Romanis,
679 2217 903 2291 Italicis,
955 2229 1059 2291 etc.
1105 2240 1125 2272 υ
1175 2220 1331 2290 Apud
1387 2214 1680 2291 Joseplium

150 2283 332 2361 blariam
368 2288 684 2361 suriresium
719 2289 815 2361 lib.
863 2304 901 2341 ll
947 2283 1240 2344 Prwnestcs
1271 2283 1530 2360 autiquw,
1555 2308 1677 2361 cap.

151 2357 218 2430 l_t'_l,
244 2373 368 2430 pag.
411 2357 511 2410 187
560 2359 692 2430 edit.
753 2358 941 2430 110mm
983 2361 1120 2430 anni
1151 2360 1309 2423 1655,
1360 2357 1590 2430 legimus
1614 2357 1681 2418 ex

150 2424 406 2481 Flodoardo
453 2430 506 2481 in
546 2428 707 2497 epist.
769 2427 1046 2483 Hincmari
1096 2424 1436 2486 Rliemensis'
1460 2431 1680 2487 Petrum

149 2498 417 2568 episcopum
453 2501 748 2567 quemdam
796 2499 1122 2554 Romanum.
1159 2503 1216 2555 ln
1249 2501 1507 2555 Chronico
1535 2501 1671 2556 Far-

150 2567 254 2641 [ensi
294 2567 580 2641 Romanus
621 2571 841 2641 quidam
889 2571 1178 2641 cpiscopus
1220 2573 1440 2626 nomine
1489 2571 1681 2629 Petrus

147 2635 233 2711 jain
260 2639 405 2711 nimis
433 2635 667 2711 vetulus,
691 2638 878 2711 Roma:
917 2635 1137 2711 moraris
1173 2643 1314 2711 apud
1349 2641 1407 2696 S.
1444 2642 1681 2699 Vincen-

150 2709 254 2761 tium
286 2710 427 2778 juxta
470 2710 764 2765 ecclesiam
791 2708 939 2762 Beati
972 2709 1115 2766 Petri
1144 2708 1246 2767 sub
1277 2711 1459 2767 Leone
1491 2712 1558 2765 IX
1591 2731 1679 2769 re-

147 2790 354 2853 censetur
397 2795 546 2853 anno
596 2779 757 2846 10-18,
814 2779 1080 2835 Beroaldo
1129 2779 1393 2852 vigesimo
1448 2785 1681 2853 septimo

148 2849 303 2922 abbate
327 2852 647 2920 praesidente
673 2853 944 2913 coenobio,
978 2854 1119 2921 apud
1157 2849 1334 2922 ipsum
1361 2849 1678 2909 Suaresium

146 2918 228 2991 loc.
253 2918 354 2991 cit.,
388 2922 480 2991 qui
515 2923 686 2975 etiam
716 2922 903 2988 refert,
937 2918 1100 2991 lapidi
1134 2918 1322 2978 altaris
1361 2927 1681 2979 monasterii

149 2987 194 3042 ε.
241 2987 465 3064 ϐριῖιιέὶι
505 2991 765 3062 d'Eysses
824 2994 874 3044 in
927 2987 1236 3061 Agennensi
1290 2996 1476 3060 diuae,
1533 2997 1681 3064 quo-l

149 3076 261 3114 anno
279 3062 401 3116 l577
429 3062 879 3116 Galvinianornnt
923 3065 1073 3117 rabie
1100 3065 1380 3119 inccnsutn
1405 3062 1679 3119 dirutum-

147 3147 226 3206 que
239 3133 419 3206 l’uit,ab
440 3134 710 3206 evangelii
740 3149 917 3206 cornu
929 3134 996 3187 ad
1013 3149 1180 3188 cornu
1204 3136 1446 3204 epistolas
1476 3136 1578 3206 legi
1595 3139 1680 3190 in-

149 3195 284 3274 cisum
313 3195 408 3258 hoc
434 3195 778 3273 epitaphium
801 3222 814 3258 :
837 3223 854 3255 ι
877 3203 976 3258 llic
1003 3195 1294 3274 requiesrrit
1325 3195 1679 3261 beatissimus
1708 3195 1750 3252 C

149 3272 349 3346 Aduinns
380 3272 672 3346 episcopus
711 3276 864 3329 urbis
898 3272 1102 3329 Romae.
1134 3295 1151 3326 ι
1185 3275 1347 3330 Plura
1384 3278 1505 3330 vide
1536 3280 1680 3346 apud

146 3344 720 3415 eumdem_Suaresium
772 3361 892 3415 cap.
943 3348 1072 3411 cit.,
1131 3349 1220 3400 ubi
1257 3347 1423 3400 etiam
1477 3344 1678 3415 prodit,

148 3426 190 3481 p.
224 3415 329 3478 l89,
371 3413 563 3471 Romae
617 3413 894 3470 habitasse
926 3418 1243 3486 episcopum
1280 3413 1584 3471 Ostiensem
1626 3420 1678 3472 in

146 3490 454 3553 monasterio,
479 3502 581 3542 seu
607 3489 826 3540 abbatia
863 3487 922 3541 S.
953 3486 1137 3541 Mariae
1171 3489 1224 3540 in
1269 3486 1536 3553 Pallaria;
1571 3487 1678 3542 Ec-

148 3553 327 3627 clesium
358 3559 413 3615 S.
441 3558 731 3612 Laurentii
770 3559 823 3611 in
866 3557 1110 3611 Miranda
1145 3557 1316 3611 luisse
1338 3560 1678 3627 episcopium

150 3621 421 3698 _Sabinense,
479 3638 648 3698 atque
699 3644 766 3682 ex
822 3629 1112 3683 Anastasio
1159 3621 1585 3682 Bibliothecar—io
1626 3639 1680 3683 et

149 3693 418 3768 Innocentio
448 3693 920 3768 Ill,'cpiscopium
972 3701 1280 3753 Albanense
1339 3714 1679 3754 commemo-

147 3776 226 3818 rat.
257 3767 306 3820 ln
341 3772 567 3826 basilica
598 3767 951 3823 Lateranensi
986 3780 1189 3838 septeni
1226 3769 1534 3824 cardinales
1566 3771 1678 3839 epi-

150 3840 269 3907 scopi
297 3843 661 3905 celebrabant,
695 3841 991 3908 unicuique
1014 3845 1100 3894 die
1128 3840 1406 3909 assignate
1440 3858 1453 3892 :
1495 3840 1682 3894 Domi--

150 3909 245 3979 nica
281 3913 475 3967 scilicet
531 3927 752 3966 sacrum
784 3911 1020 3965 faciebat
1047 3908 1337 3979 episcopus
1379 3908 1678 3976 Ostiensis;

148 3976 225 4031 ler.
275 3996 329 4045 ιι,
381 3992 589 4037 sancta:
616 3981 866 4048 Iiulinae;
921 3997 1002 4045 ιιι,
1042 3976 1356 4034 Pot-tiieiisis
1381 3998 1395 4046 ;
1425 3997 1496 4046 iv,
1524 3980 1681 4034 Sabi-

146 4051 326 4121 nensis;
358 4069 408 4121 v,
443 4052 858 4117 Praenestinus;
891 4067 969 4114 vt,
1001 4049 1384 4116 Tusculanus;
1422 4051 1678 4115 Sabbato,

145 4119 342 4193 Albanus
364 4119 506 4193 {qui
532 4132 687 4192 papa:
720 4123 903 4175 divina
931 4122 1240 4193 conﬁcienti
1264 4122 1426 4174 etiam
1456 4125 1682 4193 assiste-

146 4187 249 4242 bant
271 4187 382 4247 cum
406 4187 698 4248 abbatibus
727 4193 1048 4262 designatis.
1084 4191 1219 4246 Ilinc
1254 4208 1362 4244 non
1396 4192 1572 4245 solum
1599 4194 1683 4244 iii-

146 4263 316 4334 lenium
351 4265 581 4334 episcopi
616 4263 996 4317 Lateranenses
1045 4263 1080 4334 ii
1117 4263 1421 4334 cardinales
1464 4279 1683 4334 nuncu-

145 4332 231 4397 pati
251 4332 404 4398 luere,
429 4332 623 4389 verum
651 4334 814 4388 etiam
843 4334 949 4403 alii
988 4333 1228 4403 episcopi
1287 4332 1682 4398 suburbicarite

144 4405 394 4468 Pi'OVlllCIiB
417 4407 521 4460 hoc
549 4405 774 4459 nomine
803 4402 1095 4473 aliquando
1123 4402 1375 4472 appellati
1407 4406 1682 4472 reperiun-

144 4482 230 4543 tur,
259 4485 308 4529 et
328 4478 462 4531 idem
498 4475 795 4530 Suaresius
830 4475 934 4528 loc.
983 4476 1100 4537 cit.,
1134 4490 1188 4543 p.
1225 4474 1347 4537 H9,
1394 4473 1448 4526 in
1481 4475 1681 4542 oppido

1792 1887 1981 1946 vocem
2010 1893 2039 1928 a
2075 1875 2262 1929 Graeco
2289 1875 2505 1937 Πάπας,
2540 1876 2590 1927 id
2629 1884 2713 1928 est
2745 1874 2928 1936 Pater,
2968 1892 3090 1930 esse
3125 1888 3376 1946 repeten—

1786 1945 1934 2008 dam,
1964 1962 2072 1998 non
2109 1961 2260 2009 vero,
2307 1953 2365 1996 ut
2411 1946 2544 1998 alias
2595 1945 2951 2014 etyinologias
3002 1945 3209 2000 nullius
3258 1964 3376 2001 mo-

1785 2015 1957 2070 menti
2018 2015 2520 2085 praetermittamus,
2558 2030 2589 2068 a
2632 2016 2845 2069 duabus
2885 2016 3217 2070 dictionibus
3261 2017 3377 2071 Pa—

1787 2085 1890 2156 Pa,
1924 2083 2117 2156 nempe
2165 2085 2328 2138 Pater
2377 2083 2642 2156 Patrum;
2690 2101 2873 2156 exﬁco
2919 2087 3085 2154 quod,
3131 2097 3189 2140 ut
3227 2097 3374 2142 recte

1785 2155 1984 2210 ibidem
2011 2153 2263 2212 observat
2290 2159 2402 2225 ipse
2432 2155 2715 2226 Baronius,
2745 2153 3036 2226 Hormisila
3065 2157 3117 2210 in
3142 2158 3372 2226 epistola

1785 2226 2036 2296 synodali
2091 2227 2307 2281 concilii
2365 2225 2716 2294 provincialis
2744 2225 2915 2296 iEpit‘i
2968 2237 3020 2280 et
3063 2225 3227 2281 Pater
3257 2227 3372 2281 Pa-

1785 2295 1948 2366 trum,
1990 2305 2043 2350 et
2073 2297 2224 2366 Papa
2254 2307 2598 2366 nuncupatur
2624 2313 2638 2349 :
2681 2314 2698 2346 ι
2737 2295 2989 2366 Synodus
3017 2305 3213 2351 veter.s
3245 2297 3374 2366 Epi-

1785 2368 1856 2431 ri,
1882 2365 2141 2430 Joannes,
2177 2365 2483 2429 Matthzeus,
2530 2365 2946 2430 constantinus,
2975 2377 3105 2431 etc.,
3146 2365 3373 2424 domino

1784 2447 1977 2506 nostro
2027 2453 2120 2506 per
2156 2446 2352 2491 cuncta
2386 2437 2735 2491 sanctissimo
2763 2447 2816 2491 et
2856 2438 3175 2492 beatissimo
3218 2436 3367 2493 Patri

1790 2505 2038 2576 Patrum,
2099 2507 2531 2576 Comministro,
2588 2522 2654 2561 ac
2700 2508 2929 2576 principi
2987 2509 3368 2576 episcoporum

1785 2574 2096 2632 Hormisdae
2122 2593 2296 2647 papas.
2341 2595 2361 2630 ι
2400 2575 2638 2631 Videnda
2668 2574 2789 2646 quae
2819 2574 2921 2632 hac
2942 2574 3099 2631 de're
3130 2574 3370 2634 Joannes

1785 2647 2030 2718 Baptista
2083 2647 2325 2703 Solerius
2395 2647 2448 2701 in
2509 2648 2673 2702 citata
2726 2647 2874 2702 Hist.
2935 2648 3369 2717 patriarcharum

1785 2717 2270 2772 Alexandrinorum
2319 2717 2717 2788 chronologica,
2778 2735 2931 2776 num.
2985 2719 3108 2782 155,
3166 2735 3219 2788 p.
3259 2719 3367 2783 25,

1785 2789 2086 2852 adnotavit,
2110 2789 2202 2857 qui
2254 2791 2455 2857 pariter
2504 2788 2869 2857 pulcherrime
2916 2790 3173 2843 observat
3212 2806 3364 2845 num.

1785 2860 1913 2923 154,
1945 2875 1998 2928 p.
2021 2859 2114 2925 26,
2151 2875 2181 2912 a
2217 2858 2422 2913 Graecis
2451 2859 2764 2927 hujusmodi
2805 2875 3001 2913 nomen
3034 2860 3100 2912 ad
3145 2858 3370 2914 Latinos

1785 2930 2075 2984 transrisse
2133 2948 2144 2983 :
2192 2938 2246 2984 et
2289 2939 2433 2983 recte
2458 2931 2676 2998 quidem
2711 2945 2775 2983 ac
2811 2931 3006 2983 merito
3049 2931 3137 2984 hic
3178 2932 3368 2985 titulus

1786 3015 2004 3054 summo
2038 2999 2278 3068 pontitici
2305 3001 2577 3054 convenit.
2617 3000 2710 3068 qui
2765 3010 2823 3053 ut
2858 3000 3103 3066 ejusdem
3151 3000 3369 3066 Solerii,

1787 3086 1942 3124 num.
1972 3071 2094 3134 156,
2130 3071 2309 3124 verbis
2336 3080 2576 3133 utamur,
2607 3070 2846 3122 lidelinm
2887 3069 3045 3123 Pater
3076 3081 3158 3124 cst
3190 3091 3208 3122 ι
3256 3085 3367 3128 non

1786 3149 2006 3203 natura,
2044 3149 2137 3193 aut
2167 3150 2344 3209 gente.
2389 3140 2481 3195 sed
2520 3151 2678 3209 aetate
2717 3148 2771 3193 et
2826 3141 3220 3206 admonitione,
3268 3158 3371 3196 au-

1784 3212 2034 3265 ctoritate
2065 3221 2119 3264 et
2156 3208 2427 3264 doctrina.
2494 3228 2511 3259 ι
2558 3208 2716 3274 Hinc,
2777 3219 2835 3264 ut
2884 3211 3060 3279 inquit
3099 3209 3368 3266 Baronius

1782 3281 1838 3334 in
1873 3282 1978 3334 loc.
2015 3282 2134 3345 cit.,
2167 3299 2185 3330 ‹
2244 3297 2368 3334 cum
2410 3279 2610 3335 futuris
2654 3281 2992 3349 temporibus
3038 3279 3371 3336 obtinuisset

1781 3352 2091 3405 communis
2117 3367 2270 3415 usus,
2304 3366 2360 3404 ut
2413 3367 2563 3419 papa:
2607 3366 2803 3404 nomen
2844 3352 3224 3405 tantummodo
3259 3352 3371 3405 lio-

1782 3437 1948 3474 manu
1984 3424 2315 3475 tribueretur
2342 3422 2604 3490 pontilici,
2636 3431 2689 3475 et
2723 3421 3060 3475 schismatici
3093 3423 3223 3475 illud
3264 3423 3369 3476 srbi

1782 3491 1838 3544 in
1874 3491 2058 3545 odium
2101 3493 2344 3560 ejusdem
2397 3491 2628 3545 Romani
2658 3491 2909 3560 praesulis
2948 3491 3089 3545 {astu
3129 3493 3368 3560 superbo

1781 3563 2157 3622 vindicarent,
2221 3562 2435 3628 aliaque
2479 3578 2588 3616 non
2625 3577 2887 3616 concessa
2940 3572 3365 3630 praesumerent;

1781 3631 2075 3702 Gregorius
2111 3631 2200 3686 VII
2242 3649 2376 3701 papa
2413 3649 2556 3686 anno
2586 3649 2616 3686 a
2647 3633 2866 3686 Christo
2914 3632 3148 3702 Domino
3207 3633 3367 3698 1οῗ5,

1783 3703 1871 3756 sui
1897 3700 2036 3757 vero
2081 3700 2433 3772 pontilicatus
2471 3718 2614 3754 anno
2654 3703 2834 3768 tertio,
2890 3712 3044 3758 sexto
3097 3700 3371 3758 Kalendas

1782 3771 1983 3837 Martii,
2020 3773 2211 3828 indict.
2231 3790 2353 3838 xm,
2375 3773 2565 3826 habuit
2589 3772 2774 3827 Roma:
2803 3775 3070 3842 synodum
3103 3775 3370 3828 adversus

1783 3843 2186 3910 schismaticos,
2228 3845 2317 3898 ubi
2354 3844 2543 3897 statuit
2575 3844 2716 3896 inter
2748 3844 2855 3897 alia
2893 3845 3069 3912 plura,
3116 3853 3174 3896 ut
3216 3859 3371 3912 papa

1783 3929 1982 3968 nomen
2029 3915 2251 3968 unicum
2296 3923 2441 3968 esset
2473 3915 2524 3966 in
2566 3916 2824 3967 universo
2859 3915 2991 3968 orbe
3027 3915 3366 3977 Christiano,

1784 3999 1884 4037 nec
1911 3984 2098 4039 liceret
2124 3985 2284 4039 alicui
2322 3985 2561 4052 seipsnm
2588 3986 2672 4038 vel
2700 3985 2864 4037 alium
2912 3999 2977 4038 eo
3011 3985 3234 4037 nomine
3265 4000 3366 4050 ap-

1783 4055 2004 4122 pellare.
2043 4055 2168 4110 llaec
2213 4057 2268 4109 in
2306 4054 2538 4124 llegesto
2581 4055 2933 4124 epistolarum
2968 4054 3217 4122 Gregorii
3256 4053 3366 4118 \‘ll,

1782 4126 1926 4194 quod
1957 4137 2268 4180 asservatur
2299 4127 2352 4179 in
2391 4123 2714 4179 bibliotheca
2745 4123 3028 4188 Vaticana,
3053 4125 3164 4189 ,ubi
3200 4141 3367 4178 cano-

1783 4211 1882 4266 nes
1903 4195 2022 4264 ejus
2051 4197 2244 4266 synodi
2273 4195 2464 4263 scripti
2511 4196 2800 4248 habentur.
2840 4194 3070 4249 Servant
3103 4196 3154 4247 id
3185 4196 3368 4264 ipsum

1782 4265 1978 4327 Graeci,
2018 4265 2093 4320 uti
2118 4268 2336 4320 nomine
2372 4283 2522 4334 papa:
2565 4266 2870 4319 Romanum
2930 4266 3245 4334 pontiﬁcem
3284 4266 3370 4320 in-

1783 4337 2048 4406 telligant,
2080 4347 2138 4390 ut
2174 4353 2240 4391 ex
2265 4335 2466 4390 Niceta:
2501 4337 2781 4391 CllOttlaILB
2808 4337 3027 4406 scriptis
3063 4345 3305 4405 apparet.
3342 4356 3364 4388 ι

1783 4405 2294 4477 llujusmodipapa:
2343 4408 2565 4460 nomine
2603 4405 3002 4476 antiquissimis
3031 4407 3368 4476 temporibus

1788 4493 1896 4530 non
1927 4480 2104 4533 solum
2150 4480 2331 4532 clerici
2377 4479 2693 4543 venerandi,
2740 4479 3202 4546 quemadmodum
3257 4478 3360 4531 loc.

144 4539 236 4598 POIi
255 4561 304 4600 se
322 4548 511 4618 legisse
531 4546 831 4601 testaturin
851 4546 1081 4600 ecclesia
1109 4539 1166 4597 S.
1198 4543 1456 4618 §tepliani
1490 4539 1682 4618 inscri-
1717 4544 1760 4597 D
1790 4549 1883 4601 cit.
1915 4565 2016 4604 nos
2055 4558 2240 4603 monet
2267 4547 2555 4611 Baronius,
2604 4557 2658 4602 et
2680 4539 2974 4618 'Rigaltius
3027 4549 3081 4601 in
3133 4549 3249 4602 suis
3296 4549 3364 4602 ad

143 4618 342 4682 ptioneni
371 4615 516 4672 anno
540 4619 678 4672 1158
711 4619 960 4682 incisam,
984 4619 1037 4669 in
1060 4631 1164 4683 qua
1190 4615 1360 4666 (ὲαὲάο
1389 4615 1680 4667 cardmulis

142 4688 372 4756 episcopus
427 4689 803 4742 Laterauensis
865 4696 914 4740 et
966 4687 1026 4741 S.
1086 4684 1378 4756 Tiburtina:
1430 4685 1682 4738 Ecclesiw

144 4754 458 4826 nuncupatur.
490 4759 659 4812 Plura
676 4760 794 4811 vide
825 4757 967 4825 apud
997 4763 1177 4824 ipsum
1213 4754 1530 4808 Suaresiurn
1568 4766 1682 4809 toto

143 4840 238 4898 Cap.
269 4830 329 4882 I0
355 4833 541 4893 citato,
585 4831 640 4881 in
677 4844 787 4898 quo
828 4834 896 4882 de
934 4842 1030 4882 sex
1075 4827 1346 4896 episcopis
1385 4827 1682 4879 cardinali-

144 4897 222 4950 Lus
245 4900 443 4954 abunde
472 4897 753 4954 disseruit.

199 4968 294 5039 i855)
332 4969 582 5024 Ruinart.
618 4972 736 5024 Act.
781 4978 1098 5039 martyrum,
1136 4982 1261 5037 pag.
1309 4967 1433 5031 MS,
1468 4982 1682 5022 necnon

144 5041 375 5107 pag.504,
409 5042 463 5095 in
487 5042 640 5095 Actis
667 5041 769 5094 SS.
802 5038 1093 5101 Theodoti,
1127 5051 1256 5101 etc.,
1292 5048 1345 5091 et
1373 5041 1440 5092 ad
1473 5041 1633 5092 verba
1664 5055 1677 5091 :

151 5108 270 5163 tSic
316 5112 740 5166 lamentantibus
801 5111 933 5173 illis,
986 5109 1230 5179 singulos
1272 5111 1554 5176 amplexus
1599 5117 1683 5179 est

145 5189 349 5250 sanctus,
391 5187 750 5250 monuitque,
821 5195 879 5235 ut
910 5177 1129 5250 quando
1179 5182 1385 5232 veniret
1430 5195 1568 5250 papa
1617 5177 1676 5250 Β.

144 5245 342 5315 Fronto,
362 5263 490 5315 etc.,
523 5270 542 5302 ι
584 5245 697 5306 hate
728 5245 1050 5306 notare-non
1085 5251 1324 5303 omittit:
1366 5269 1384 5299 ι
1429 5245 1547 5302 3am
1581 5249 1680 5301 ob-

143 5325 343 5374 servavit
368 5332 555 5377 noster
586 5323 932 5377 Mabtllonius
965 5324 1020 5374 in
1063 5321 1214 5374 Actis
1242 5319 1342 5372 SS.
1377 5318 1681 5373 Mammarii

143 5401 184 5465 et
214 5393 426 5447 aliorum
476 5403 779 5465 martyrum
819 5393 1204 5446 Africanorum
1252 5402 1386 5465 tom.
1427 5389 1496 5442 IV
1538 5393 1681 5465 Ana--

143 5457 260 5534 (6a.,
301 5479 448 5532 papw
491 5480 588 5518 seu
624 5457 860 5534 'papatis
906 5477 1103 5534 nomen
1152 5463 1480 5534 presbyteris
1515 5462 1679 5514 etiam

146 5532 371 5589 tributum
394 5535 585 5589 fuisse.
610 5532 856 5590 Graecum
888 5533 978 5587 hic
1019 5533 1201 5599 habet,
1240 5534 1268 5585 ὁ
1305 5533 1522 5595 ιίάπας,
1571 5545 1681 5600 quo

143 5605 329 5674 nomine
377 5608 614 5660 donatur
657 5607 927 5660 Antonius
969 5603 1254 5674 presbyter
1295 5605 1347 5658 in
1391 5606 1538 5657 Actis
1575 5600 1675 5655 SS.

141 5666 307 5747 «Iuliani
371 5681 426 5727 et
513 5678 803 5747 Basilissae,
831 5680 886 5732 in
935 5666 1310 5730 vetustissimo
1360 5675 1680 5730 lectionario

143 5733 454 5801 Lllmviensi.
496 5768 516 5800 ι

200 5819 293 5886 (3Z5)
345 5818 460 5873 Lib.
513 5836 554 5884 i,
593 5829 730 5888 part.
787 5834 848 5886 ι,
897 5834 1016 5890 cap.
1073 5835 1150 5885 IV,
1222 5816 1379 5874 Vetus
1444 5827 1490 5872 et
1545 5834 1678 5875 nova

1787 4618 1845 4671 S.
1875 4620 2205 4690 Cyprianum
2231 4618 2702 4690 observationibus
2725 4619 2869 4690 apud
2904 4618 3172 4690 Solerium
3209 4634 3361 4671 num.

1784 4688 1934 4743 citat.
1971 4690 2109 4753 455;
2141 4705 2330 4743 verum
2359 4691 2522 4742 etiam
2564 4688 2885 4758 presbyteri,
2927 4688 3362 4750 hiermnonachi,

1782 4771 1836 4813 et
1881 4761 2242 4829 paroeciaruin
2297 4768 2536 4812 rectores
2598 4759 3046 4829 appellabantur,
3107 4768 3165 4810 ut
3212 4769 3368 4811 notat.

1783 4827 2025 4899 Gangius
2057 4831 2112 4883 in
2140 4845 2240 4884 suo
2267 4829 2506 4882 Glossar.
2546 4836 2697 4883 verb.
2732 4827 2906 4896 Papa,
2933 4837 2988 4880 et
3011 4829 3112 4880 hoc
3140 4829 3364 4881 nomine

1782 4911 2034 4954 vocatum
2069 4902 2238 4955 fuisse
2271 4899 2652 4952 Mammarium
2697 4899 3020 4951 Africanum
3058 4908 3363 4968 martyrem

1783 4971 1839 5023 in
1866 4972 2017 5024 Actis
2049 4973 2292 5040 ejusdem
2334 4972 2565 5022 rel‘ertur
2605 4971 2674 5022 ab
2704 4970 2895 5022 eodem
2937 4971 3009 5040 du
3044 4967 3229 5040 Gange
3253 4969 3357 5024 Ioc.

1783 5042 1878 5094 cit.
1917 5059 1929 5094 :
1977 5060 1995 5091 ι
2027 5037 2143 5107 Est,
2177 5041 2270 5109 qui
2300 5041 2394 5093 tibi
2429 5055 2525 5109 pro
2543 5040 2699 5093 nobis
2729 5039 3077 5106 respondeat,
3100 5037 3362 5109 Mamma-

1783 5057 1878 5094 cu.
1917 5059 1929 5094 :
1977 5060 1995 5091 ι
2027 5057 2143 5107 nst,
2177 5057 2270 5109 qui
2300 5057 2394 5093 ιιυι
2443 5057 2525 5092 )l‘O
2543 5057 2699 5093 nonis
2729 5057 3077 5106 respondeat,
3100 5057 3362 5092 mamma-

1782 5112 1900 5164 rius
1933 5110 2077 5180 Papa
2114 5123 2318 5165 noster.
2362 5057 2657 5180 {Joannes
2699 5109 3030 5163 Pearsonius
3067 5111 3120 5162 in
3178 5108 3363 5162 Vindi-

1781 5182 1878 5234 ciis
1918 5178 2260 5250 epistolarum
2290 5180 2348 5234 S.
2388 5178 2612 5249 lgnatii,
2647 5188 2787 5248 part.
2815 5195 2852 5244 1,
2878 5195 2999 5250 cap.
3028 5179 3114 5241 11,
3148 5195 3197 5248 p.
3234 5180 3358 5245 550,

1783 5251 1836 5304 in
1871 5249 1971 5306 SS.
1991 5251 2228 5321 Patrum
2250 5253 2338 5321 qui
2365 5250 2679 5318 temporibus
2695 5249 3016 5321 _apostolicis
3065 5251 3360 5319 ﬂoruerunt

1781 5331 1917 5375 tom.
1961 5320 2002 5374 II
2036 5319 2446 5384 exsistentibus,
2481 5331 2536 5374 et
2579 5324 2649 5374 du
2680 5319 2863 5389 Gange
2908 5320 3014 5375 loc.
3054 5323 3170 5384 cit.,
3209 5338 3362 5390 papae

1780 5393 2002 5446 nomine
2049 5395 2226 5446 solum
2287 5392 2656 5461 patriarcham
2725 5393 3159 5445 Alexandrinum
3220 5394 3361 5447 inter

1781 5461 2082 5516 Orientales
2111 5461 2365 5517 Ecclesiae
2399 5463 2656 5530 praesules
2683 5463 2977 5532 postremis
3023 5464 3360 5531 temporibus

1781 5534 1952 5588 fuisse
1986 5543 2236 5588 vocatum
2269 5533 2509 5587 tradunt.
2547 5532 2661 5588 IIoc
2695 5549 2894 5587 nomen
2920 5534 3116 5602 priscis
3147 5543 3357 5602 tempo-

1782 5606 1936 5658 ribus
1983 5606 2456 5658 accommodatum
2511 5604 2682 5659 fuisse
2727 5606 3019 5674 episcoms,
3069 5604 3357 5660 innumera

1780 5691 1884 5729 nos
1917 5683 2143 5747 monent
2167 5675 2509 5747 autiquitatis
2553 5675 2899 5729 documenta.
2937 5674 3131 5728 Glerus
3168 5674 3361 5747 Itonia-

1781 5762 1886 5800 nus
1915 5745 1983 5800 ad
2004 5745 2484 5815 ()artliaginensem
2529 5747 2880 5817 scribensde
2926 5745 3216 5817 ωριτε-*8.
3255 5745 3360 5817 Cy--

1780 5817 1956 5886 priaui
1979 5817 2094 5875 haec
2122 5814 2227 5892 ait,
2247 5818 2406 5887 epist.
2438 5818 2492 5894 ὅ,
2523 5818 2677 5888 juxta
2709 5816 2957 5874 ordinem
2989 5814 3141 5873 Fellii
3163 5814 3360 5888 saepius
