3826 6512
494 373 599 426 4933

1272 369 1357 424 DE
1396 369 1787 428 PORTUENSI
1822 372 1877 426 S.
1918 369 2283 427 HIPPOLYTI
2323 370 2516 426 SEDE.
2554 401 2622 412 —-
2665 369 2846 427 PARS
2878 369 2940 432 ιι.
3577 381 3650 435 ne

492 492 1561 564 patriarchazAlexandrinisulijecerunt.
1588 494 1725 550 Hinc
1745 497 1905 550 etiam
1928 498 2066 551 Pru-
2094 505 2142 560 Α
2170 507 2475 551 autumant.
2543 496 2647 550 Sed
2707 498 2800 567 qui
2848 497 3009 567 paulo
3051 511 3212 566 supra
3249 506 3347 552 tam
3388 503 3563 571 egregie
3583 521 3654 559 nos

491 585 709 640 dentius
739 583 1084 640 Valerianum
1121 584 1672 657 Caesaraugustanum
1727 588 2066 658 episcopum,

488 679 578 733 cui
606 678 1068 748 elegantissimum
1113 680 1375 750 hymnum
1411 682 1476 736 de
1515 680 1571 735 S.
1613 681 1900 755 Hippolyto
1931 701 2069 738 nun—

489 771 724 840 cupavit,
757 772 839 826 his
873 772 1206 828 carminibus
1238 788 1429 842 papam
1455 775 1702 828 nominat
1738 794 1750 828 :

556 881 811 954 Rogantes
843 883 1109 937 Saxorum
1142 884 1313 952 apices
1339 884 1467 947 vidi,
1501 886 1693 953 optime
1717 901 1875 954 papa,

632 952 1037 1023 Purpureusque
1065 965 1216 1007 notas
1243 954 1479 1023 vepribus
1511 952 1808 1024 impositas.

490 1038 728 1095 Tandem
755 1043 1136 1098 sanctissimus
1179 1043 1422 1114 pontifex
1461 1045 1756 1116 Gregorius
1791 1045 1879 1101 VII
1924 1048 2064 1103 edita

487 1135 873 1189 constitutione
897 1136 1208 1205 huiusmodi
1236 1151 1436 1191 nomen
1470 1138 1570 1192 soli
1601 1137 1844 1193 Romano
1889 1142 2066 1212 ponti-

487 1225 571 1280 fici
608 1227 802 1280 merito
835 1228 1151 1283 reservavit.

555 1337 645 1391 ΙΧ.
687 1337 938 1410 Stephani
971 1340 1017 1393 le
1061 1340 1248 1410 Magne
1277 1345 1537 1394 sententia
1565 1345 1627 1396 de
1657 1343 1890 1397 Romano
1918 1344 1974 1398 S.

791 1409 1062 1480 Hippolyti
1091 1409 1397 1480 episcopatu
1423 1415 1756 1482 expenditur.

558 1497 651 1555 His
669 1508 846 1555 tamen
870 1517 975 1556 non
1001 1504 1295 1572 acquiescit
1322 1502 1630 1573 Stephanus
1648 1505 1696 1559 le
1712 1504 1903 1577 Moyne
1925 1505 2057 1576 (88),

484 1594 578 1648 sed
626 1593 729 1648 sibi
773 1594 1052 1662 probabile
1093 1594 1264 1648 videri
1321 1594 1541 1662 fatetur,
1605 1595 1661 1649 S.
1711 1595 2058 1668 Hippolytum

484 1686 771 1755 ipsiusmet
805 1685 989 1740 Romae
1014 1687 1324 1756 episc0pum
1368 1703 1488 1745 esse
1529 1688 1791 1759 potuisse,
1840 1689 2058 1744 notissi-

482 1793 575 1831 nio
604 1777 854 1847 exemplo
892 1769 1036 1844 Lin'i,
1068 1777 1224 1842 Cleti,
1267 1778 1580 1843 Clementis,
1632 1795 1771 1849 quos
1815 1796 1922 1834 uno
1964 1796 2057 1834 ec:-

2173 588 2376 653 docuit,
2431 587 2488 642 S.
2561 587 2907 659 Hippolytum
2965 587 3265 643 Romanum
3307 590 3572 660 episcopum
3607 598 3656 648 ab

2173 680 2412 749 antiquis
2468 689 2745 744 vocatum,
2800 680 2926 749 quia
2962 678 3328 749 episcopatum
3373 681 3421 734 in
3473 680 3656 739 Romana

2171 772 2446 842 provincia
2473 770 2730 836 obtinuit,
2761 770 2924 841 idque
2954 770 3140 825 multis
3172 771 3418 840 exemplis
3437 787 3493 827 ex
3527 775 3657 828 eccle-

2171 861 2384 917 siastica
2445 863 2765 932 antiquitate
2829 861 3010 932 petitis
3063 862 3438 932 comprobavit,
3482 878 3658 933 quorum

2169 953 2439 1022 praecipua
2463 967 2562 1006 nos
2596 953 2697 1022 ipsi
2730 953 2842 1021 jam
2881 953 3132 1022 superius
3171 953 3545 1022 exscripsimus,
3569 955 3659 1010 huic

2168 1061 2318 1115 purae
2341 1061 2405 1100 ac
2455 1045 2603 1099 inani
2636 1046 2962 1114 conjectura:
2996 1046 3146 1099 nullo
3181 1045 3341 1099 modo
3365 1045 3579 1100 assentiri
3597 1047 3664 1102 de-

2167 1137 2348 1203 bebat,
2377 1153 2500 1192 cum
2531 1139 2674 1207 apud
2706 1148 2915 1192 veteres
2937 1138 3104 1192 altum
3143 1136 3210 1191 de
3238 1152 3294 1191 re
3323 1138 3528 1190 maxima
3555 1137 3662 1192 inve-

2168 1227 2351 1281 niatur
2403 1227 2701 1282 silentium.
2753 1226 2909 1292 Quod
2959 1227 3181 1298 quidem
3217 1227 3423 1281 evenire
3448 1240 3663 1295 nunquam

2165 1321 2452 1390 potuisset,
2477 1321 2522 1374 si
2550 1320 2608 1375 S.
2648 1318 2965 1391 Hippolytus
3001 1319 3433 1388 augustissimam
3475 1317 3526 1370 Β.
3561 1316 3663 1370 Petri

2165 1411 2478 1466 cathedram
2512 1411 2865 1466 ascendisset.
2910 1409 3021 1464 Nec
3054 1409 3194 1476 Lini,
3247 1409 3374 1463 Cleti
3409 1417 3457 1462 et
3479 1408 3668 1462 Clemen-

2164 1505 2234 1557 tis
2257 1504 2563 1573 exemplum
2596 1503 2876 1574 quidpiam
2913 1503 3056 1558 hanc
3084 1502 3257 1572 ipsius
3291 1502 3339 1556 le
3375 1500 3543 1569 Moyne
3572 1514 3666 1554 eon-

2159 1595 2423 1665 jeeturam
2470 1597 2662 1666 juvare
2706 1605 2914 1666 potest;
2974 1596 3179 1650 etenim
3230 1593 3404 1664 magni
3436 1591 3668 1661 scriptores

2164 1687 2436 1744 Baronius
2471 1687 2606 1759 (89),
2647 1688 2849 1760 Pagius
2877 1687 2991 1758 (90)
3021 1688 3398 1743 Tillemontius
3435 1685 3532 1756 (9|)
3561 1683 3666 1737 anti-

2162 1794 2397 1847 quorum
2449 1787 2756 1843 auctorum,
2808 1778 2982 1833 sancti
3030 1775 3220 1832 lrenzei
3255 1777 3367 1848 (92)
3402 1776 3594 1840 scilicet,
3623 1772 3668 1828 S.

482 1870 718 1941 demque
755 1843 995 1940 tempore
1035 1871 1410 1940 episcopatum
1459 1843 1763 1927 obtinuisse
1809 1872 2054 1927 nonnulli
2091 1843 2129 1897 Β
2159 1843 2446 1938 Ερίριιειιιίἰ
2478 1869 2609 1940 (93),
2648 1868 2991 1937 aliorumque
3022 1843 3358 1922 testimoniis.
3377 1865 3549 1927 innixi,
3579 1879 3670 1918 con-

482 2027 661 2080 citata:
689 2026 820 2080 edit.
853 2023 1236 2078 Amstelodami
1269 2024 1396 2076 anni
1437 2023 1593 2086 1700,
1624 2037 1675 2091 p.
1724 2023 1825 2078 179
1856 2044 1866 2078 :
1911 2045 1928 2076 ‹
1974 2025 2058 2078 Dis

481 2096 714 2150 dicimus
763 2094 1055 2150 secessisse
1092 2093 1437 2165 benedictum
1478 2108 1668 2162 papam
1723 2094 2053 2165 Cyprianum

481 2182 512 2220 a
549 2166 825 2219 Clemente
848 2165 1205 2219 subdiacono.
1239 2182 1258 2214 ι
1301 2163 1380 2216 Ad
1411 2179 1533 2232 qua:
1562 2165 1722 2217 verba
1759 2163 1873 2219 hinc
1918 2167 2056 2220 scri-

479 2236 561 2316 bit
597 2235 867 2316 Rigaltius
895 2249 949 2304 p.
988 2234 1245 2316 eadem'a
1283 2252 1300 2285 ς
1327 2232 1440 2316 Δδιες
1473 2233 1730 2314 appellari
1775 2234 2056 2316 Carthagi-

480 2307 568 2361 nis
600 2302 919 2375 episcopuni
957 2320 1064 2358 non
1102 2305 1344 2375 invident
1392 2302 1622 2375 Romani
1657 2305 1795 2358 :sed
1825 2320 1922 2360 nec
1955 2302 2054 2359 ali-

482 2385 560 2430 ter
587 2372 819 2446 appellat
847 2374 1155 2446 Romanum
1192 2373 1497 2446 pontificem
1526 2372 1896 2446 Tertullianus
1927 2375 2050 2431 libr.

478 2446 556 2500 De
581 2444 888 2514 Priescript.
913 2445 1160 2498 adversus
1197 2445 1486 2506 lum-elices,
1518 2453 1571 2498 et
1611 2444 1704 2497 lib.
1739 2445 1814 2498 De
1859 2447 2057 2512 pudici-

481 2517 578 2570 tia.
615 2515 678 2569 Hi
711 2516 864 2570 fuere
899 2524 1030 2568 tttne
1062 2516 1308 2568 Romano
1345 2514 1582 2582 pontifici
1625 2529 1749 2568 cum
1781 2516 2054 2584 plerisque

479 2587 709 2641 aliarum
744 2585 962 2639 urbium
1008 2585 1276 2654 episc0pis
1307 2585 1448 2636 tituli
1483 2600 1820 2638 communes.
1861 2604 1878 2635 ι
1918 2585 2054 2641 Hinc

481 2658 644 2710 etiam
673 2657 726 2710 in
759 2656 916 2709 titulo
952 2655 1110 2724 epist.
1149 2654 1238 2715 50,
1283 2669 1404 2722 pag.
1446 2654 1572 2719 27.09,
1611 2655 1738 2725 haec,
1759 2655 2052 2725 leguntur:

487 2744 506 2777 ι
541 2723 1003 2797 Ογριίιιιιοᾲιιειρειέ
1034 2726 1334 2797 presbyteri
1367 2733 1420 2797 et
1454 2723 1894 2797 diaconiilomge
1925 2743 2054 2780 con-

480 2794 735 2851 sistentes
759 2794 1008 2851 salutem.
1043 2815 1060 2846 ι
1109 2794 1279 2848 Sienti
1313 2795 1475 2848 etiam
1508 2795 1560 2846 in
1589 2794 1740 2864 titulo
1778 2795 1933 2864 epist.
1962 2797 2053 2862 35,

481 2883 533 2935 p.
585 2866 710 2921 2l8.
777 2867 1108 2934 Frequenter
1153 2879 1370 2935 quoque
1414 2865 1556 2933 apud
1615 2863 1753 2918 alios
1803 2863 2057 2935 antiquos

481 2933 737 2992 Ecclesia:
792 2933 979 2990 Patres
1028 2949 1178 3004 papa:
1212 2933 1442 3004 nomine
1492 2935 1779 3003 episcopos
1829 2933 2053 2990 vocatos

479 3009 752 3062 novimus.
788 3005 865 3075 ita
915 3003 1057 3075 apud
1106 3005 1164 3075 S.
1207 3003 1590 3075 l-lieronymum
1634 3005 1727 3057 lib.
1774 3020 1832 3058 tu
1875 3019 2056 3059 contra

478 3078 762 3146 Ru/ﬁuum,
813 3074 974 3146 Oper.
1021 3074 1256 3146 S.7l|ie_r.
1294 3074 1426 3146 toni.
1453 3074 1534 3146 ill,
1564 3091 1616 3143 p.
1647 3074 1773 3142 545,
1803 3090 1952 3129 ιιυηι.
1986 3077 2052 3130 lli

2160 2023 2446 2091 pontifices
2482 2021 2706 2076 titulum
2745 2020 3058 2075 universalis
3081 2021 3290 2091 nomini
3315 2036 3455 2089 papa:
3501 2018 3669 2091 addide-

2160 2087 2267 2146 rint
2308 2112 2324 2144 ι
2362 2111 2374 2145 :
2413 2093 2492 2153 sic
2520 2092 2831 2145 universalis
2865 2108 3003 2159 papa
3021 2092 3220 2145 dicitur
3261 2087 3489 2144 Joannes
3523 2087 3610 2140 V’lll
3633 2090 3670 2159 in

2161 2165 2366 2230 synodo
2396 2161 2670 2216 Ticincnsi
2702 2177 2793 2215 an.
2838 2157 2964 2223 876,
3013 2171 3144 2214 tom.
3183 2160 3228 2214 ll
3272 2161 3557 2230 capitular.,
3594 2157 3671 2212 col.

2157 2223 2262 2286 237
2311 2247 2364 2287 et
2421 2233 2546 2286 9.59.
2585 2232 2728 2285 ldem
2770 2248 3020 2286 summus
3060 2231 3302 2299 pontifex
3338 2223 3466 2299 papa
3501 2245 3671 2296 coange-

2158 2302 2663 2427 liciésrjgompcltatur
2693 2303 2748 2356 in
2770 2302 2980 2374 synodo
3022 2300 3266 2356 Romana
3301 2318 3388 2355 an.
3423 2300 3536 2362 877,
3574 2299 3668 2352 ibid.

2158 2389 2211 2427 ι).
2242 2411 2272 2425 ..
2312 2393 2364 2427 ο.

2175 2390 2211 2426 ).
2239 2373 2364 2427 ⁸255.

2158 2389 2605 2514 Diatrib.
2659 2441 2828 2514 delS.
2891 2440 3182 2514 Hippolyto
3227 2441 3451 2514 inferius
3487 2439 3672 2514 citanda,

2159 2529 2210 2583 p.
2240 2510 2346 2567 ‘29':
2389 2533 2406 2564 ι
2451 2512 2555 2567 Sed
2586 2528 2696 2566 rem
2737 2510 2924 2566 forsan
2962 2510 3145 2583 nenia
3200 2527 3333 2566 \ero
3378 2512 3446 2565 ita
3490 2511 3672 2583 aliena

2159 2581 2497 2648 asseremus,
2526 2584 2571 2637 si
2599 2583 2847 2655 dicamus
2871 2583 3022 2636 illum
3057 2581 3607 2655 (Hippolytumletiatn
3629 2594 3674 2633 et

2158 2662 2310 2722 parte
2347 2655 2412 2707 in.
2441 2670 2499 2709 se
2540 2653 2849 2721 suscepisse
2877 2667 3019 2706 onus
3044 2651 3294 2722 regendi
3318 2651 3672 2722 ipsiusgepisco-

2156 2719 2316 2792 palus
2352 2723 2604 2794 Romani.
2645 2719 2780 2776 Nam
2818 2722 3093 2794 Hippolyti
3109 2719 3367 2791 tempore
3402 2720 3542 2774 multi
3568 2719 3671 2771 Ara-

2155 2799 2252 2846 bes
2275 2804 2325 2847 et
2355 2794 2526 2850 Graeci
2550 2793 2736 2847 Romae
2768 2793 3028 2863 agebant,
3057 2809 3197 2862 quos
3233 2796 3418 2847 forsan
3442 2793 3675 2863 episcopus

2159 2863 2474 2937 “lPPOU'lus
2501 2866 2738 2937 regebat,
2770 2861 2827 2937 et
2845 2861 3231 2937 quibussacra
3252 2864 3445 2937 AGriece
3473 2862 3548 2914 vel
3575 2861 3676 2937 Ara-

2159 2935 2276 2988 tiice
2309 2932 2750 2988 administrabat.
2785 2932 2894 2987 Nec
2932 2933 3221 2987 insolentis
3249 2934 3356 2987 hoc
3382 2940 3494 2986 erat
3527 2932 3676 2989 moris.

2155 3004 2294 3058 duos
2317 3005 2368 3056 in
2397 3020 2501 3058 una
2525 3005 2656 3058 urbe
2675 3004 2967 3073 episcopali
2991 3003 3280 3057 admittere
3304 3005 3588 3073 episc0pos.
3609 2998 3676 3051 Sic

2158 3073 2327 3126 ltoina
2361 3075 2414 3128 in
2456 3077 2570 3143 ipsa
2603 3071 2792 3135 Linus,
2827 3071 2882 3128 et
2919 3074 3195 3136 Clemens,
3234 3082 3294 3127 et
3327 3074 3506 3127 Cletus
3531 3071 3678 3143 dicun-

475 3138 606 3235 ςαίῖίο
633 3138 897 3235 ,νεξῑῖανεῖὲ
1058 3138 1923 3235 ea:«serissimege
1963 3146 2053 3235 ι,ίι-
2081 3180 2123 3235 c
2158 3138 3681 3235 Etruscae???Peri:sre_‘l__‘:ide91:seueritati:

477 3221 608 3272 teris
632 3217 921 3280 indicasse,
953 3218 1099 3285 quod
1129 3231 1263 3286 papa
1291 3213 1624 3284 Theophilus
1656 3213 2049 3284 eipositionem

477 3289 600 3342 fidei
631 3303 803 3356 nuper
834 3287 1087 3356 ediderit,
1113 3302 1232 3355 qua:
1261 3286 1326 3340 ad
1353 3301 1471 3356 vos
1477 3286 1705 3340 necdum
1737 3288 2000 3354 pervenit,
2028 3307 2046 3338 ι

475 3371 532 3413 et
563 3354 726 3428 paulo
754 3367 877 3427 post
906 3374 921 3411 :
968 3376 994 3428 ιγ
1018 3355 1101 3411 Tu
1132 3354 1223 3424 qui
1257 3370 1408 3425 papa:
1431 3354 1715 3428 Theophili
1745 3355 1970 3428 dicis‘ter
1995 3358 2052 3411 in

479 3425 734 3484 omnibus
754 3425 1091 3482 sententiam
1123 3443 1309 3495 sequi;
1344 3445 1362 3478 ι
1409 3437 1464 3480 et
1497 3425 1693 3480 deinde
1744 3426 1934 3494 paucis
1964 3427 2050 3481 in-

475 3499 735 3568 terjectis,
757 3514 947 3566 papam
973 3496 1332 3568 Epiphaniam
1358 3496 1633 3568 nominat;
1655 3497 2050 3568 exstantetiam

473 3566 713 3635 epistola:
755 3570 823 3620 86
879 3577 932 3620 et
985 3568 1053 3620 88
1099 3567 1339 3635 ejusdem
1378 3566 1435 3619 S.
1481 3566 1718 3621 doctoris
1749 3566 2050 3621 beatissimo

528 3655 644 3708 apte
673 3638 956 3706 Theophila
981 3649 1143 3708 naue,
1179 3636 1341 3706 Oper.
1390 3649 1521 3708 tom.
1558 3636 1600 3703 Ι,
1624 3653 1676 3706 p.
1713 3636 1811 3690 55l
1851 3648 1903 3691 et
1944 3638 2050 3692 552

475 3706 606 3764 edit.
674 3710 917 3778 ejusdem
982 3706 1229 3778 Vallarsii
1292 3707 1458 3778 1754,
1509 3708 1561 3759 in
1607 3723 1836 3775 quarum
1879 3708 2046 3761 altera

475 3796 528 3850 p.
563 3779 666 3834 555
691 3776 956 3832 habentur
985 3777 1100 3850 ltuit:
1135 3778 1292 3850 verba
1328 3796 1339 3830 :
1383 3795 1401 3826 ‹
1435 3776 1692 3830 Adnitere
1728 3793 1876 3847 ergo,
1909 3793 2046 3846 papa

475 3848 850 3905 amantissime
887 3859 1047 3916 atque
1084 3848 1410 3911 beatissime,
1445 3857 1498 3900 et
1527 3862 1621 3916 per
1643 3863 1856 3901 omnem
1890 3865 2049 3902 ocra-

474 3923 686 3976 sionem
727 3921 791 3974 ad
829 3918 1204 3972 Occidentales
1238 3921 1522 3986 episcopos
1567 3918 1763 3982 scribe,
1801 3928 1859 3971 ut
1907 3921 2045 3972 mala

475 3991 745 4061 germina,
791 3999 1072 4061 acuta,_ut
1118 3989 1234 4057 ipse
1286 3989 1582 4061 significas,
1609 3988 2046 4061 succideiefatce

475 4057 584 4116 non
636 4069 870 4116 cessent.
920 4080 938 4110 ι
986 4058 1043 4113 ln
1090 4074 1196 4128 qua
1236 4060 1399 4112 etiam
1434 4057 1755 4128 Anastasius
1796 4074 2045 4114 summus

476 4130 725 4185 Pontifex
766 4147 905 4200 papa
961 4127 1189 4184 vocatur
1234 4145 1356 4200 pag.
1400 4129 1608 4184 eadem.
1655 4127 1732 4181 lta
1765 4129 1968 4197 pariter
1990 4133 2042 4184 in

473 4204 719 4271 epistolis
752 4199 854 4254 102
880 4209 934 4255 et
957 4201 1081 4264 105,
1115 4210 1247 4254 ιοιιι.
1281 4199 1320 4263 l,
1367 4199 1549 4271 p.626
1590 4207 1645 4271 et
1675 4215 1829 4268 seqq.
1861 4212 2043 4254 sancto

473 4269 535 4326 ac
566 4273 864 4325 beatissimo
892 4287 1043 4340 papa:
1074 4271 1367 4338 Augustino
1407 4269 1572 4333 datis,
1614 4269 2044 4340 hazciuveuiun-

475 4351 601 4396 tur:
641 4360 659 4392 ι
703 4339 975 4395 Memento
1010 4340 1136 4402 tnei,
1173 4349 1358 4410 sancte
1396 4356 1460 4394 ac
1502 4339 1832 4394 venerabilis
1879 4355 2039 4410 papa,

471 4423 525 4466 et
564 4422 812 4467 sanctum
841 4426 904 4465 ac
933 4410 1294 4464 venerabilem
1319 4409 1539 4462 fratrem
1566 4419 1812 4463 nostrum
1849 4409 2039 4479 papam

473 4483 748 4554 Alypium,
787 4491 842 4535 ut
894 4495 1016 4535 meo
1053 4481 1578 4554 obsequiosalutes,
1619 4480 1913 4554 obsecro...
1955 4480 2043 4534 ln-

471 4549 741 4608 columem
763 4562 813 4606 te
837 4561 890 4606 et
911 4565 1205 4605 memorem
1243 4551 1348 4604 mei
1377 4550 1630 4604 Christus
1659 4549 1922 4604 Dominus
1946 4568 2043 4606 no-

472 4633 586 4678 ster
640 4633 853 4677 tueatur
911 4621 1280 4692 omnipotens,
1332 4621 1552 4674 domine
1599 4635 1720 4674 vere
1767 4629 1954 4674 sancte
1986 4632 2039 4676 et

471 4692 818 4763 Suspiciende
847 4707 1004 4762 papa.
1038 4691 1072 4742 ›“
1093 4691 1384 4763 lunutnera
1410 4692 1524 4763 alia
1559 4703 1687 4763 sunt
1717 4693 1860 4760 apud
1888 4705 2040 4744 eum-

472 4761 592 4818 dem
620 4763 677 4819 S.
711 4761 1101 4834 Hieranymum
1130 4761 1441 4834 huiusmodi
1468 4761 1736 4834 exempla,
1765 4775 1886 4830 quae
1907 4775 2042 4834 prae-

473 4844 758 4890 tereuntur
787 4832 1060 4900 cens—ulto,
1096 4847 1165 4886 ne
1189 4833 1462 4902 longiores
1490 4833 1665 4902 siniUs
1686 4832 1740 4886 in
1776 4848 1835 4885 re
1855 4832 2041 4901 explo-

472 4905 780 4960 ratissima:
817 4905 1101 4958 innumera
1129 4901 1350 4972 quoque
1379 4903 1519 4970 apud
1565 4901 1624 4954 S.
1672 4902 2039 4971 Augustinum

470 4976 525 5028 in
549 4976 795 5044 epistolis
823 4976 911 5044 175,
953 4977 1038 5037 l8,
1068 4973 1195 5037 222,
1226 4973 1357 5044 256,
1396 4976 1662 5044 aliosque,
1692 4987 1837 5044 quos
1862 4973 2044 5044 laudat

469 5040 787 5100 Joachimus
843 5043 1119 5098 Vadianus
1178 5046 1271 5098 lib.
1333 5043 1410 5096 De
1460 5040 1740 5111 priinitiva:
1791 5040 2043 5096 Ecclesia:

469 5125 616 5170 statu
664 5117 766 5171 sub
803 5116 989 5179 linem,
1024 5113 1324 5184 Bignonius
1350 5112 1418 5167 ad
1452 5114 1602 5184 hb._t
1641 5111 1904 5184 Mareulti,
1942 5112 2044 5168 Sa-

467 5201 603 5242 varo
632 5189 698 5241 ad
740 5185 1030 5241 Sidonium
1064 5181 1158 5238 lib.
1190 5201 1228 5248 ι,
1273 5184 1432 5252 epist.
1460 5184 1513 5238 6.
1555 5181 1613 5238 ln
1648 5183 1789 5237 serie
1823 5198 2043 5253 quoque

467 5201 603 5242 varo
632 5198 698 5241 au
740 5198 1030 5241 Sidonium
1064 5198 1158 5238 nn.
1190 5201 1228 5248 ι,
1273 5198 1432 5252 epist.
1460 5198 1513 5238 υ.
1555 5198 1613 5238 tn
1648 5198 1789 5237 serie
1823 5198 2042 5306 (pioque

467 5258 853 5326 episcOporum
884 5255 1207 5310 Metensium
1235 5254 1573 5326 scriptagsub
1618 5253 1815 5308 Carolo
1901 5267 2042 5324 agno

465 5324 892 5399 Chrodegangus
928 5341 1080 5399 papa:
1115 5326 1336 5399 nomine
1359 5324 1650 5399 insignitur
1677 5342 1690 5378 :

543 5393 754 5452 Nobilis
779 5393 833 5452 iit
870 5393 1070 5451 cunctis
1093 5412 1232 5465 papa
1256 5393 1662 5465 Cltrodegangus
1688 5393 1924 5465 habetur.

465 5467 629 5523 Plura
663 5471 784 5523 vide
837 5469 981 5538 apud
1029 5464 1102 5519 du
1150 5464 1474 5538 Cagtgerloc:
1517 5468 1649 5530 cit.;
1685 5464 2039 5538 Theophilum

469 5539 828 5611 Raynaudum
859 5533 1196 5611 Oper._tom._
1337 5537 1389 5588 in
1411 5533 1784 5611 Onomastico
1817 5536 2039 5611 pontifi-

465 5605 576 5673 cio',
611 5613 758 5663 verb.
802 5605 979 5680 Papa;
1037 5607 1206 5663 Macri.
1238 5605 1573 5680 Hierolexico
1608 5607 1771 5680 verbo
1827 5606 2040 5671 eodem,
2090 5648 2092 5651 .

466 5684 717 5750 aliosque
743 5683 834 5749 qui
868 5677 974 5734 hoc
1011 5682 1087 5750 de,
1131 5678 1352 5750 nomine
1396 5678 1610 5750 abunde
1643 5677 2038 5730 disseruerunt.

467 5748 642 5815 Hinc,
661 5760 720 5804 ut
756 5748 932 5821 inquit
953 5751 1024 5805 du
1051 5749 1294 5818 Cangius
1323 5749 1425 5821 loc.
1455 5748 1567 5811 cit.,
1587 5767 1604 5798 ι
1644 5761 1767 5800 cum
1798 5761 2040 5821 domum:

466 5839 552 5877 ms
583 5832 726 5878 esset
759 5815 850 5877 illa
879 5815 1309 5884 nomenclatura,
1352 5819 1554 5875 factum
1587 5827 1670 5874 est
1701 5827 1759 5873 ut
1805 5815 2037 5874 Romani

2158 3229 2280 3267 nem
2313 3214 2680 3269 successionis
2709 3212 3094 3283 episcoporum
3125 3212 3500 3268 Romanorum
3538 3212 3680 3283 aliquo

2155 3285 2318 3337 modo
2344 3289 2579 3339 turbare.
2615 3283 2717 3338 Sed
2743 3282 2945 3353 Optime
2967 3300 2998 3338 a
3032 3285 3164 3338 viris
3189 3285 3410 3353 egregie
3433 3282 3586 3337 doctis
3605 3285 3681 3332 hoc

2153 3355 2496 3418 conciliatur,
2533 3359 2828 3409 asserendo
2854 3354 3210 3420 Clementem,
3251 3355 3476 3418 Linum,
3513 3353 3681 3406 Cletum

2152 3424 2324 3495 fuisse
2351 3426 2638 3495 episcopos
2694 3425 2859 3479 simul
2910 3437 2964 3478 et
3005 3425 3195 3480 eodem
3248 3434 3515 3493 tempore,
3548 3433 3679 3476 unum

2151 3493 2328 3558 Pauli,
2355 3493 2585 3550 alterum
2611 3494 2778 3562 Petri,
2805 3510 2974 3549 unum
3004 3497 3468 3558 circumcisionis,
3498 3495 3683 3546 alterum

2150 3568 2420 3688 praeputii,
2451 3582 2618 3621 unum
2640 3564 2977 3631 Judaiorum,
3005 3566 3236 3619 alterum
3260 3567 3526 3635 gentium,
3555 3575 3684 3616 unum

2197 3636 2493 3688 atinorum.
2525 3638 2619 3688 nui
2666 3638 2720 3688 in
2766 3639 2898 3688 urbe
2937 3638 3224 3688 degebant.
3255 3647 3314 3688 et
3339 3639 3568 3688 nonduin
3607 3631 3684 3684 La-

2197 3631 2493 3699 ati‘norum,
2525 3638 2619 3707 qui
2666 3638 2720 3689 in
2766 3639 2898 3691 urbe
2937 3638 3224 3706 degebant,
3255 3631 3314 3691 et
3339 3639 3568 3690 nonduin
3607 3631 3686 3684 La-

2153 3708 2281 3759 tinae
2311 3707 2506 3778 linguae
2531 3708 2663 3762 satis
2685 3717 3058 3778 assueverant.
3101 3725 3119 3757 ›

2223 3777 2337 3847 (89)
2374 3770 2456 3831 Ad
2509 3793 2714 3831 annum
2749 3777 2951 3832 Christi
2991 3777 3081 3839 69,
3126 3793 3284 3833 num.
3346 3778 3438 3840 Al,
3496 3791 3546 3846 p.
3588 3770 3686 3832 646,

2151 3855 2283 3902 tom.
2321 3847 2462 3902 lcit.
2499 3849 2650 3918 edit.,
2699 3848 2998 3918 ubiﬂmulta
3051 3848 3106 3900 in
3155 3847 3303 3902 idem
3347 3852 3686 3918 argumentum

2153 3927 2468 3989 sanctorum
2501 3917 2722 3971 Patrum
2756 3917 2911 3972 affert
2937 3919 3270 3972 testimonia.
3420 3917 3427 3918 7
3647 3980 3684 3989 η

2220 3988 2333 4057 (90)
2372 3989 2644 4041 Breviario
2687 3989 2925 4042 historic.
2965 3989 3572 4058 chronologico—critico,
3615 3983 3684 4058 ubi

2147 4060 2258 4130 agit
2279 4054 2344 4114 de
2372 4059 2456 4113 his
2491 4058 2836 4126 pontificibus
2863 4073 2988 4129 pag.
3023 4059 3057 4114 5
3083 4068 3136 4114 et
3169 4054 3354 4130 se'qq.,
3392 4068 3520 4116 tom.
3553 4054 3686 4110 ledit.

2147 4128 2428 4206 Luca-cap.
2463 4129 2716 4206 ¹172ξιξκ¹Δ
2809 4199 2820 4206 ,
2947 4128 2956 4129 ί
3247 4128 3302 4206 ξ
3353 4201 3366 4206 _
3431 4199 3514 4206 _.

2217 4200 2330 4268 (9t)
2371 4199 2526 4254 Tom.
2561 4199 2604 4252 ll
2628 4198 2926 4264 Mémoires,
2955 4208 3086 4264 etc.,
3121 4209 3224 4254 art.
3254 4199 3314 4267 2,
3346 4199 3573 4267 ἱιιβίιὶηι
3594 4195 3691 4249 Cle-

2146 4281 2314 4334 mcnt,
2341 4285 2463 4340 pag.
2495 4270 2597 4324 152
2618 4280 2671 4326 et
2705 4285 2845 4341 seq.,
2884 4278 2939 4326 et
2969 4280 3100 4325 note
3135 4272 3187 4337 1,
3225 4286 3325 4326 sur
3355 4271 3416 4326 S.
3460 4268 3690 4326 Cléntent,

2141 4355 2300 4410 pape,
2332 4357 2386 4410 p.
2412 4341 2518 4395 545
2538 4350 2592 4395 et
2616 4357 2771 4410 seqq.

2215 4403 2484 4482 (92)fLib.
2532 4427 2594 4465 ιιι
2645 4403 2902 4482 Aduersus
2931 4411 3206 4482 fuereses,
3271 4426 3400 4482 cap.
3451 4412 3504 4477 5,
3533 4425 3582 4478 p.
3610 4403 3694 4459 202

2146 4482 2276 4535 edit.
2307 4481 2530 4554 Omnia:
2555 4483 2651 4554 cit.
2681 4499 2772 4537 an.
2817 4480 3012 4554 1792“:
3053 4500 3078 4554 ι
3115 4480 3442 4554 Fundatin
3476 4484 3622 4554 igitur
3655 4485 3697 4529 et

2075 4537 2120 4593 Π
2149 4553 2480 4607 instruentes
2513 4553 2657 4607 beati
2701 4553 2930 4622 apostoli
2959 4551 3282 4620 Ecclesiam,
3335 4537 3478 4607 Lino
3497 4537 3696 4622 "episco-

2165 4631 2332 4674 iatum
2366 4619 2805 4678 administrandae
2839 4621 3096 4678 Ecclesiae
3140 4623 3512 4678 tradiderunt.
3552 4619 3695 4686 Hujus

2195 4693 2265 4744 ini
2292 4691 2492 4748 Paulus
2517 4693 2572 4746 in
2609 4695 2714 4756 his,
2749 4708 2872 4762 quae
2898 4704 3026 4747 sunt
3045 4695 3112 4748 ad
3134 4693 3492 4748 Timotheum
3527 4690 3702 4760 Episto-

2144 4763 2234 4827 lis,
2272 4763 2544 4818 meminit.
2588 4763 2840 4818 Succedit
2895 4774 3075 4818 autem
3133 4765 3183 4818 ei
3233 4766 3559 4822 Anacletus,
3601 4766 3700 4828 post

2145 4848 2268 4886 eum
2297 4834 2457 4888 tertio
2485 4833 2606 4888 loco
2652 4837 2721 4888 ab
2762 4835 3028 4903 apostolis
3072 4837 3457 4903 episcopatum
3504 4839 3698 4903 sortitur

2145 4903 2416 4973 Clemens,
2455 4909 2548 4973 qui
2585 4905 2716 4957 vidit
2756 4901 3032 4973 apostolos
3062 4901 3120 4959 et
3143 4901 3381 4960 contulit
3416 4921 3550 4973 cum
3569 4901 3656 4956 eis.
3681 4916 3697 4947 ι

2149 4972 2387 5043 νίιιειιιιει
2423 4971 2543 5043 quae
2587 4976 2654 5028 ad
2696 4971 2844 5030 hunc
2877 4975 3057 5030 locum
3091 4977 3434 5030 adnotantur
3472 4992 3502 5028 a
3524 4971 3701 5027 Joanne

2145 5042 2596 5121 ErnrstoC’rabe.
2693 5115 2704 5121 _
3343 5119 3362 5121 _
3448 5117 3458 5121 _
3618 5107 3684 5121 .-

2217 5113 2328 5184 (95)
2363 5115 2627 5169 Adversus
2682 5115 2903 5170 hereses
2951 5115 3048 5171 lib.
3088 5131 3128 5180 ι,
3177 5127 3311 5170 tom.
3342 5119 3392 5184 ι,
3446 5111 3702 5184 haeresi].

2144 5177 2234 5238 vel
2263 5177 2355 5255 27,
2397 5199 2454 5238 ιι.
2513 5184 2567 5251 6,
2611 5200 2664 5255 p.
2698 5185 2821 5252 107,
2857 5187 2949 5242 cit.
2985 5177 3123 5255 edit.
3155 5177 3494 5241 Pat'isieiisis
3532 5204 3546 5238 :
3586 5201 3602 5232 ι
3628 5177 3703 5231 Et-

2143 5255 2287 5326 enim
2321 5253 2508 5309 Romae
2537 5253 2696 5326 primi
2739 5258 2985 5310 omnium
3019 5254 3215 5310 Petrus
3251 5267 3305 5310 et
3357 5255 3569 5326 Paulus
3598 5263 3707 5320 apo-

2145 5325 2270 5378 stoli
2315 5327 2518 5395 pariter
2545 5325 2728 5396 atque
2767 5327 3008 5395 episcopi
3062 5325 3306 5381 fuerunt.
3356 5329 3496 5381 Inde
3537 5325 3702 5379 Linus.

2146 5407 2258 5450 tum
2280 5397 2485 5450 Ctetus.
2517 5396 2649 5451 Post
2681 5398 2828 5450 hunc
2849 5397 3104 5450 Clemens
3130 5397 3274 5450 Petri
3309 5408 3371 5451 et
3410 5398 3563 5450 Pauli
3593 5404 3706 5445 teni-

2143 5481 2335 5534 porum
2360 5467 2607 5536 aequalis,
2641 5467 2709 5522 de
2733 5482 2840 5536 quo
2877 5467 3080 5521 Paulus
3114 5469 3368 5522 meminit
3414 5471 3486 5522 ad
3533 5465 3710 5519 Roma-

2142 5552 2244 5608 nos
2289 5539 2554 5608 scribens.
2576 5557 2596 5588 ι
2619 5537 2684 5592 Ει
2708 5539 2871 5608 paulo
2909 5549 3030 5608 post
3064 5555 3077 5591 :
3108 5556 3125 5588 ι
3164 5538 3266 5592 Sed
3288 5549 3582 5607 utcunque
3608 5543 3711 5607 sese

2144 5607 2424 5677 habuerit,
2478 5607 2851 5663 Romanorum
2902 5607 3217 5677 pontificum
3276 5609 3391 5662 ista
3453 5614 3710 5662 successu)

2144 5687 2229 5731 est
2260 5696 2275 5732 :
2304 5676 2521 5738 Petrus,
2548 5688 2602 5732 et
2625 5679 2847 5744 Paulus,
2891 5676 3084 5744 Linus,
3112 5695 3176 5734 ac
3200 5679 3417 5742 Cletus,
3453 5679 3711 5733 Clemens.

2143 5745 2446 5815 Evaristus,
2494 5747 2756 5819 Hyginus,
2803 5749 2954 5817 Pius,
2980 5749 3265 5816 Anicetus,
3315 5752 3420 5819 qui
3456 5759 3543 5803 est
3582 5762 3612 5799 a
3640 5754 3713 5796 me

2143 5819 2306 5887 paulo
2337 5828 2461 5874 ante
2493 5821 2547 5875 in
2571 5821 2952 5890 episcoporum
2979 5821 3168 5878 ordine
3194 5830 3553 5876 numeratus.
3601 5835 3619 5869 ι
