3826 6528
181 338 257 395 501

905 330 998 387 DE
1032 331 1421 390 PORTUENSI
1459 335 1517 390 S.
1551 334 1910 392 HIPPOLYTI
1947 338 2139 394 SEDE.
2180 369 2249 380 —-
2286 337 2466 397 PARS
2503 339 2570 394 11.
2605 365 2607 367 ·

3262 341 3368 398 50'!

179 452 324 520 (nullo
369 459 542 506 tamen
587 459 826 506 veterum
887 451 1220 524 testimonio)
1262 468 1458 524 pagum
1494 454 1704 509 Arabiae
1731 461 1778 516 Α
1879 458 2070 525 Quoad
2101 459 2360 528 primum,
2396 458 2627 515 celebris
2658 467 2742 515 est
2775 459 2928 515 inter
2953 460 3196 517 eruditos
3230 476 3368 516 con-

179 547 348 601 Petreae
371 544 668 599 Bostrensis
691 543 948 598 dimcesis
991 542 1068 596 illi
1091 545 1324 613 patriam
1352 544 1544 609 luisse,
1579 545 1699 600 diu-

176 654 260 710 que
281 637 500 700 Bostrae,
545 647 662 703 quas
705 630 810 686 luit
844 631 1088 701 ejusdem
1111 633 1322 689 Arabia)
1361 638 1697 705 metropolis,

176 731 360 790 vixisse,
387 737 436 780 et
461 727 772 795 episcopum
802 724 999 781 Portus
1026 725 1256 779 Romani
1289 726 1340 779 in
1363 727 1563 782 Arabia
1595 728 1698 784 Fe-

172 823 255 876 lice
280 818 554 872 exstitisse.
587 816 789 872 Novam
822 819 962 872 hanc
996 817 1100 871 viri
1147 817 1342 872 eruditi
1377 820 1698 876 sententiam

173 914 225 968 dc
251 910 463 964 Arabico
496 908 554 964 S.
582 909 854 981 Hippolyti
880 912 1194 980 episcopatu
1221 912 1523 980 probarunt
1562 929 1700 968 non-

171 1001 280 1056 nulli
319 1016 378 1054 ει
419 1000 763 1055 hcterodoxis
813 1001 1117 1056 litterarum
1168 1000 1314 1056 fama
1357 1012 1697 1072 praestantes,

172 1092 451 1148 Guilielmus
501 1091 708 1147 scilicet
755 1091 898 1147 Cave
944 1089 1044 1163 (9),
1089 1091 1400 1149 Fridericus
1454 1093 1701 1164 Spanhe—

172 1184 286 1238 mins
307 1183 431 1253 (10),
461 1184 677 1240 Samuel
707 1184 1006 1256 Basnagius
1027 1185 1162 1256 (11),
1195 1195 1249 1240 et
1284 1186 1579 1240 novissime
1606 1186 1699 1240 Al-

171 1275 322 1329 bertus
361 1275 639 1331 Fabricius
698 1275 1126 1349 Hamburgensis
1183 1277 1320 1348 (12).
1387 1277 1492 1332 Sed
1532 1293 1696 1346 quam

169 1363 300 1434 longe
334 1380 362 1418 a
385 1380 515 1420 vero
544 1366 708 1421 distet
739 1368 854 1422 haec
881 1366 1140 1438 Stephani
1189 1368 1240 1424 le
1268 1368 1460 1440 Moyne
1486 1369 1699 1423 divina.-

170 1461 247 1523 tio,
273 1474 329 1513 ex
359 1460 444 1526 iis,
472 1475 594 1530 quae
624 1475 750 1515 mox
801 1461 1028 1516 dicenda
1083 1472 1232 1529 sunt,
1275 1463 1496 1517 cuilibet
1543 1462 1698 1518 facile

169 1553 355 1623 patebit.

168 1663 276 1718 Xlll.
332 1665 702 1721 Fundamenta
759 1668 913 1736 hujus
961 1673 1233 1724 sententia:
1283 1671 1608 1734 indicantur,
1645 1681 1697 1726 et

219 1737 593 1860 aucton‘libelli,
615 1740 706 1806 qui
735 1739 793 1794 S.
808 1739 1006 1794 Gelasii
1027 1738 1058 1793 Ι
1080 1757 1228 1810 papa:
1250 1758 1434 1796 nomen
1459 1743 1692 1811 prwfert,

221 1824 390 1877 inquiri
420 1825 502 1864 ur.
815 1849 818 1852 ρ

1723 1807 1768 1863 Β

219 1919 441 1992 Hoynius
473 1919 863 1976 divinationem
902 1937 1059 1976 suam
1090 1921 1304 1978 duobus
1335 1933 1579 1979 veterum
1613 1933 1693 1979 te-

166 2013 394 2068 stimoniis
443 2011 639 2068 fulcire
686 2023 916 2069 conatur
945 2014 1082 2084 (15),
1135 2031 1367 2083 quorum
1418 2033 1586 2071 unum
1627 2033 1696 2072 cx

164 2108 360 2176 quodam
389 2107 594 2176 scripto
623 2105 701 2161 De
722 2107 926 2161 duabus
960 2111 1166 2163 naturis
1201 2110 1255 2162 in
1286 2108 1516 2175 Christo,
1547 2109 1701 2179 quod:

164 2198 326 2254 Gelasii
372 2215 522 2268 papa:
577 2197 599 2253 1
646 2215 844 2254 nomen
879 2199 1117 2270 praefert,
1173 2201 1404 2257 alterum
1450 2217 1583 2257 vero
1629 2218 1694 2257 ex

165 2288 485 2362 Pbilostorgio
508 2291 772 2348 desumit.

163 2428 260 2501 (iam
302 2439 465 2494 eruta,
517 2428 579 2483 in
628 2429 755 2495 sede
802 2429 1119 2498 episcopali,
1164 2445 1325 2498 quam
1378 2441 1698 2501 occupasset

163 2495 458 2571 Hippolytus,
499 2501 575 2553 ab
608 2501 754 2554 illius
791 2495 1100 2571 cultoribus
1108 2495 1299 2569 posita
1343 2510 1397 2554 et
1434 2495 1696 2558 collocata

164 2569 354 2638 fuisset;
381 2571 645 2625 nimirum
680 2572 821 2624 intra
849 2570 1044 2625 Portus
1069 2569 1334 2625 Ostiensis
1360 2574 1695 2628 territorium

165 2643 482 2709 etpointeria.
521 2639 648 2697 Jam
685 2657 811 2696 vero
869 2641 1146 2694 inventum
1195 2650 1278 2694 est
1317 2642 1366 2694 in
1403 2643 1514 2697 :eile
1547 2643 1693 2696 Lau-

165 2712 366 2768 rentiana
392 2717 456 2766 ad
488 2709 715 2777 Urbem,
745 2727 850 2780 quo
880 2721 1137 2765 constare
1169 2713 1297 2764 mihi
1328 2712 1558 2776 videtur,
1590 2713 1699 2766 lto-

165 2796 320 2852 manos
348 2783 494 2836 illum
526 2783 862 2845 vindicasse,
891 2780 1076 2835 Rom-.e
1106 2781 1374 2851 praecipue
1397 2786 1596 2852 egisse,
1624 2785 1697 2838 ibi

165 2848 413 2919 Evangelio
444 2853 820 2921 propagando,
854 2861 908 2906 et
939 2848 1206 2907 haeresum
1238 2848 1356 2905 viru
1401 2848 1454 2907 ei.
1487 2869 1697 2909 veneno

163 2923 512 2992 exstinguendo
568 2924 822 2976 alacriter
867 2933 921 2976 et
953 2933 1174 2977 strenue
1207 2923 1542 2990 incubuisse,
1580 2927 1700 2978 nul-

163 2990 246 3061 lius
263 2990 576 3061 episcopalis
616 2994 762 3048 sedis
794 2994 987 3048 vicinae
1028 3003 1290 3049 rectorem
1348 2994 1537 3058 fuisse,
1573 3005 1625 3048 ct
1652 2997 1698 3050 si

163 3059 320 3117 Portus
356 3064 647 3132 epierpus
683 3064 900 3117 habitus
941 3074 1043 3126 est,
1094 3080 1200 3117 non
1233 3062 1427 3118 Portus
1460 3066 1513 3118 in
1546 3065 1699 3122 Latio

162 3143 204 3186 et
233 3134 458 3188 dimcesis
487 3133 773 3197 Romanae,
816 3134 908 3188 sed
943 3133 1140 3189 Portus
1189 3132 1418 3188 Romani
1459 3136 1512 3189 in
1557 3139 1700 3191 Ara-

164 3201 230 3326 blila
257 3205 548 3275 episcopum
582 3205 828 3276 agnitum
860 3214 914 3259 et
940 3214 1247 3276 reputatum
1281 3203 1470 3261 fuisse.
1507 3227 1525 3258 ι
1571 3207 1697 3264 Haec

165 3287 180 3326 1
211 3289 249 3326 ε.

165 3287 249 3328 Ille.

1728 3167 1768 3222 C

219 3345 280 3413 (9)
307 3343 360 3400 in
392 3347 600 3416 smpius
630 3348 796 3402 citato
828 3357 958 3402 tom.
992 3345 1031 3398 11
1074 3343 1403 3416 Scriptorum
1451 3348 1699 3403 ecclesia-

164 3415 374 3491 sticarum
398 3415 537 3470 Hist.
564 3418 859 3491 litteraria,
897 3434 1020 3488 pag.
1046 3417 1149 3471 102
1177 3415 1256 3491 ;'___i
1290 3418 1423 3491 Cum
1451 3420 1518 3472 cl.
1549 3419 1699 3491 Moy-

165 3486 236 3539 nio
256 3489 800 3560 Ameritoconcludere
842 3486 1156 3558 possumus.
1191 3487 1534 3560 Hippolytum
1573 3486 1700 3544 Por-

165 3565 233 3609 tus
256 3555 491 3624 Romani,
522 3560 759 3628 emporii
793 3555 857 3613 in
876 3560 1072 3612 Arabia
1104 3555 1465 3623 celeberrimi,
1498 3561 1700 3616 Adena:

166 3628 294 3695 etiam
323 3629 474 3695 dicti,
510 3639 563 3682 et
597 3647 627 3682 a
661 3628 920 3683 Romanis
957 3630 1353 3683 mercatoribus
1403 3631 1697 3686 admodum

166 3694 467 3770 frequentati,
516 3701 839 3768 episcopum
890 3699 1079 3754 fuisse.
1124 3698 1321 3753 Verum
1371 3701 1485 3755 hmc
1537 3703 1698 3770 paulo

168 3766 330 3824 clarius
363 3779 414 3823 et
457 3766 786 3838 explicati—us
833 3772 1151 3839 exponenda
1191 3779 1337 3824 sunt.
1383 3766 1699 3827 Aden'urbs

167 3848 259 3911 erat
285 3841 342 3893 ad
369 3841 614 3911 Rubrum
652 3856 803 3896 mare
837 3842 1030 3911 sita...
1055 3839 1412 3911 ln‘hac'urbe
1438 3842 1570 3911 quin
1614 3859 1701 3898 se-

167 3908 268 3981 dem
286 3911 521 3966 habuerit
545 3910 874 3981 Hippolytus
899 3909 1090 3964 Portus
1112 3908 1337 3964 Romani
1387 3908 1698 3981 episcopus,

167 3979 270 4052 nulli
313 3979 672 4036 dubitamusf
710 3979 881 4052 U‘uileﬁ
907 3982 1086 4050 ipsum
1129 3981 1343 4036 Arabica
1395 3979 1698 4052 Metropolis

166 4050 434 4120 episc0pum
454 4054 626 4107 fuisse
643 4052 832 4107 scribit
845 4051 1100 4106 Gelasius
1117 4067 1389 4120 papa...ex
1416 4054 1518 4107 hoc
1532 4050 1699 4106 Parta

166 4117 362 4193 Romano
395 4134 520 4178 nata
561 4134 649 4193 est
682 4123 922 4193 vulgaris
953 4117 1156 4193 fabula,
1189 4117 1532 4193 Hippolytum
1565 4124 1701 4176 Por-

171 4197 234 4242 tus
256 4190 456 4246 Romani
497 4193 564 4246 ad
590 4192 745 4247 Ostia
772 4190 984 4246 Tiberis
1017 4192 1230 4246 decimo
1260 4190 1417 4248 sexto
1452 4194 1522 4248 ab
1558 4193 1700 4248 Urbe

168 4257 311 4338 lapide
359 4268 677 4338 episcopum
706 4262 916 4338 luisse.
954 4281 974 4314 ι
1029 4261 1163 4318 Vide
1212 4265 1379 4318 etiam
1426 4263 1701 4319 Oudinum

166 4336 299 4402 citato
329 4341 454 4388 tom.
490 4337 535 4397 Ι,
572 4350 626 4402 p.
649 4336 776 4388 2'21.

221 4401 314 4476 (l0)
348 4401 900 4476 Epitoméuisagogica
940 4404 1022 4476 ad
1074 4404 1262 4459 histor.
1306 4404 1620 4470 ecclesiast.,
1646 4421 1700 4476 p.

165 4469 423 4568 mlh-toni.
458 4475 500 4541 1,
524 4474 669 4568 ἐύίῑ.
701 4469 1479 4568 μμὲάιιιιίΐΒξηθχορ-υηι’ξιιιιιὶ
1507 4477 1528 4527 1
1542 4469 1679 4568 ﬁt»:in
1736 4513 1781 4568 Β
1809 4477 1875 4530 de
2165 4475 2376 4568 na‘tu'ris
2406 4485 2466 4568 etI
2493 4492 2596 4554 una
2628 4476 3194 4568 persoiia’ii‘i'tlhlristo
3214 4517 3231 4542 ,

222 4543 331 4615 (ill
365 4546 557 4599 Annal.
625 4543 1227 4615 politico-ecclesiastici,
1281 4546 1348 4600 ad
1404 4563 1533 4603 anu.
1575 4548 1702 4611 ΜΞ,

165 4619 270 4686 tom.
299 4613 356 4678 11,
391 4632 511 4686 pag.
541 4613 672 4681 €288,
727 4632 902 4686 num.
929 4616 959 4668 7
991 4617 1120 4670 edit.
1177 4617 1524 4671 Rotcrodami
1577 4619 1706 4671 anui

165 4682 329 4757 1106:
376 4682 656 4741 (cuinam
711 4685 1149 4757 veroArEcclesia:
1196 4686 1491 4757 praefectus
1543 4687 1708 4747 fuerit

166 4751 514 4827 (Hippolytus),
556 4773 660 4812 nec
686 4758 819 4812 dicit
847 4755 1147 4827 Eusebius,
1193 4751 1248 4812 et
1294 4775 1324 4812 a
1362 4773 1421 4813 se
1468 4759 1706 4827 ignorari

164 4826 407 4897 proﬁtetur
439 4826 876 4897 Hieronymus...
929 4829 984 4881 in
1037 4826 1254 4884 Oriente
1299 4826 1706 4883 tamenwollicio

163 4893 372 4968 {unctum
421 4914 552 4968 esse
593 4893 856 4968 episcopi,
913 4900 1282 4968 conjecturam
1336 4900 1587 4953 ducimus
1637 4915 1706 4954 ex

164 4960 458 5038 Hieronymo
485 4986 498 5020 :
527 4960 753 5038 Scripsit
771 4960 1043 5022 humilium
1066 4972 1130 5022 de
1166 4970 1324 5023 laude
1346 4970 1554 5034 Domini
1579 4968 1704 5023 Sal-

163 5039 328 5110 uatoris
359 5041 530 5108 inqua
553 5050 808 5110 prwsente
828 5040 1051 5110 Origene
1069 5057 1122 5094 se
1137 5041 1280 5109 loqui
1308 5042 1360 5092 in
1385 5039 1604 5094 ecclesia
1627 5041 1704 5093 si-

165 5108 367 5180 gniﬁcat.
390 5108 560 5176 Quem
585 5111 857 5173 dicentem
877 5108 1152 5166 audivisse
1179 5114 1392 5165 videtur
1417 5110 1700 5180 Origenes,

164 5191 264 5230 cum
307 5179 355 5231 in
398 5180 599 5233 Arabia
651 5191 982 5244 versaretur,
1037 5197 1148 5251 quo
1195 5183 1278 5236 bis
1311 5179 1600 5251 tertiumve
1644 5198 1703 5236 se

163 5253 522 5331 fontulerat....
548 5252 738 5331 Itaque
759 5267 835 5331 eo
869 5249 1092 5331 inclinat
1126 5255 1365 5331 animus,
1397 5262 1455 5322 ut
1482 5249 1535 5331 iu
1568 5252 1706 5331 A_ra-

165 5314 233 5394 hia
261 5323 624 5394 episcopatum
649 5314 960 5394 'obliuuerit
988 5322 1330 5394 Hippolytus,
1353 5314 1476 5377 'nou
1517 5324 1570 5376 in
1599 5322 1706 5376 Ita-

163 5383 236 5462 lia,
262 5383 373 5442 cum
400 5383 756 5446 Portuensom
783 5383 1376 5462 Origenes-Ecclesium
1414 5409 1522 5446 non
1554 5395 1704 5446 anie—

165 5459 238 5519 rit,
269 5470 321 5512 ut
347 5463 561 5515 auditor
588 5473 732 5517 esset
757 5459 1097 5533 Hippolyti,“
1119 5465 1290 5518 multa
1324 5480 1383 5519 se
1417 5465 1706 5532 probabili-

163 5533 265 5582 tatis
292 5533 464 5604 specie
507 5536 852 5588 commendat
894 5535 1196 5589 doctissimi
1252 5535 1565 5604 conjectura
1596 5533 1702 5589 Le-

163 5603 356 5669 moyuti,
381 5613 482 5656 etc.
516 5621 534 5654 ι

189 5671 327 5748 ’(12)
356 5671 610 5748 Biblioth.
644 5673 812 5729 Graec.
841 5675 935 5729 lib.
959 5691 1018 5748 v,
1037 5691 1155 5745 cap.
1181 5677 1232 5741 1,
1267 5691 1388 5748 pag.
1410 5675 1534 5739 905,
1566 5685 1696 5730 tom.

165 5732 266 5789 γέ.
293 5741 484 5811 Portus
530 5745 780 5810 Romani,
834 5762 941 5799 non
991 5732 1284 5802 Ostiensis.
1313 5732 1367 5800 iii
1400 5732 1573 5812 Italia,
1605 5751 1699 5802 sed

166 5812 364 5875 celebris
389 5816 440 5880 in
470 5814 669 5872 Arabia
701 5819 804 5877 hoc
829 5817 1050 5879 nomine
1076 5819 1301 5889 emporii
1328 5821 1699 5891 episcopatum

1803 550 2067 605 troversia
2089 590 2104 616 ,
2140 550 2392 620 quisnam
2415 550 2664 606 Gelasius
2689 549 2876 616 libelli,
2904 567 3064 621 quem
3092 567 3217 604 mox
3247 551 3367 604 lau-

1800 641 2072 706 davimus,
2098 650 2288 697 auctor
2317 641 2481 698 fuerit
2509 641 2642 715 (14).
2666 641 2922 697 Nonnulli
2950 641 3165 697 Gelasio
3191 643 3368 712 primo

1802 732 2050 788 Romano
2075 733 2315 802 pontiﬁci
2351 734 2627 801 tribuunt,
2679 735 2771 789 alii
2826 735 3040 794 Gelasio
3077 733 3368 806 Cyziceno,

1799 825 2020 893 quidam
2082 825 2298 881 Gelasio
2354 826 2688 883 Caesareensi
2743 828 3077 898 adjudicant.
3141 826 3369 896 Magnus

1801 917 2086 970 Annalium
2137 918 2613 972 ecclesiasticarum
2670 935 2865 989 parcns
2914 918 3184 974 Baronius
3254 917 3368 988 (15)

1801 1007 2068 1062 immensa
2089 1047 2103 1071 ,
2139 1024 2250 1077 qua
2284 1009 2554 1078 pollebat,
2590 1009 2900 1064 eruditione
2922 1051 2938 1076 ,
2975 1025 3089 1063 rem
3119 1009 3262 1072 hanc
3297 1007 3366 1062 ad

1800 1098 2036 1153 sanioris
2081 1099 2296 1154 critices
2341 1100 2558 1170 regulas
2605 1100 3016 1170 diligentissime
3063 1099 3368 1164 revocavit,

1800 1191 2167 1261 maximisque
2204 1192 2543 1260 argumentis
2575 1192 2813 1246 ostendit
2860 1191 3133 1250 Gelasium
3169 1190 3372 1250 Roma-

1799 1299 1930 1342 num
2008 1281 2318 1352 pontiﬁcem
2380 1283 2610 1352 hujusce
2666 1284 2832 1344 libelli
2887 1293 3163 1343 auctorem
3224 1285 3373 1338 haud

1798 1374 1988 1430 fuisse.
2009 1373 2322 1432 Gennadius
2351 1375 2494 1428 enim
2513 1375 2623 1444 (16)
2643 1376 2853 1440 scribit,
2873 1375 3146 1435 Gelasium
3175 1391 3372 1446 papam

1797 1464 2035 1519 edidisse
2081 1471 2273 1518 contra
2320 1462 2692 1535 Eutychianos
2723 1466 2922 1536 grande
2957 1475 3006 1518 et
3054 1466 3373 1535 prazclarum

1798 1556 2076 1619 uolumen;
2111 1556 2199 1610 cui
2234 1555 2562 1614 Anastasius
2589 1556 3046 1614 Bibliothecarius
3091 1558 3202 1628 (17)
3237 1573 3373 1613 con-

1799 1648 2002 1702 sentire
2035 1648 2281 1712 videtur,
2323 1648 2418 1717 qui
2466 1649 2780 1717 hujusmodi
2811 1665 2948 1718 opus
2978 1649 3140 1703 libros
3175 1651 3377 1706 diserta

1798 1737 2054 1807 appellat.
2085 1734 2210 1793 Haac
2227 1735 2494 1795 Gennadii
2521 1737 2707 1800 verba,
2728 1737 2818 1805 qui
2852 1736 3148 1806 genuinum
3170 1734 3373 1791 Gelasii

1798 1843 1934 1898 Opus
1962 1828 2200 1899 legerat,
2231 1843 2394 1898 quem
2434 1844 2579 1883 nunc
2611 1828 2878 1882 habemus
2912 1829 3196 1899 libellum,
3227 1827 3376 1882 desi-

1798 1934 1964 1990 gnare
1989 1934 2150 1988 posse
2178 1933 2338 1974 nemo
2368 1919 2641 1982 censebit;
2674 1934 2798 1972 nam
2835 1935 2958 1973 cum
2991 1919 3142 1972 illum
3173 1917 3375 1987 grands
3443 1956 3453 1964 -

1796 2019 1844 2063 et
1870 2010 2188 2080 praclarum
2223 2010 2462 2064 volumen
2491 2010 2739 2065 disertim
2767 2009 3084 2066 Gennadius
3113 2010 3372 2081 appellet,

1800 2113 1962 2175 atque
1994 2103 2306 2174 hujusmodi
2341 2105 2522 2158 verbis
2558 2119 2718 2173 parce
2757 2105 3052 2158 admodum
3097 2105 3213 2173 ipse
3242 2119 3378 2160 usus

1798 2198 1904 2263 sit,
1933 2205 2043 2250 tam
2081 2211 2261 2266 parva:
2294 2196 2456 2250 molis
2507 2196 2688 2250 libello
2718 2196 3008 2250 convenire
3057 2210 3166 2248 non
3218 2209 3379 2264 posse

1798 2304 1960 2345 nemo
2015 2305 2123 2344 non
2183 2288 2349 2344 videt.
2401 2288 2556 2354 Quod
2613 2304 2746 2344 sane
2803 2289 3035 2357 ipsomet
3092 2285 3376 2344 Gennadio

1797 2428 2032 2498 gessisse
2071 2427 2510 2502 doctissimiviri
2545 2429 2802 2500 Stephani
2857 2431 2906 2484 le
2938 2430 3130 2502 Moyne
3178 2431 3372 2501 conje-

1797 2511 1948 2571 ctura
1982 2511 2085 2571 est,
2113 2500 2207 2571 qu_i
2239 2501 2306 2553 de
2331 2499 2619 2571 Hippolyto
2646 2499 2878 2570 ejusque
2905 2499 3122 2571 scriptis
3151 2499 3374 2570 copioso

1797 2569 2056 2624 disseruit
2097 2571 2148 2622 in
2176 2569 2583 2641 Prologomcnis
2614 2569 2866 2640 notisque
2899 2573 2966 2625 ad
3007 2570 3167 2624 Varia
3197 2569 3375 2638 sacra,

1798 2649 2073 2764 etlpraiter
2109 2641 2516 2696 'l‘illemontium
2551 2658 2616 2696 ac
2637 2641 2876 2697 Cavcum
2908 2643 2975 2696 de
3003 2643 3106 2696 hoc
3131 2650 3214 2697 est
3246 2658 3380 2697 cou-

1798 2725 1860 2764 SU
1887 2725 1969 2764 θη(
1997 2726 2079 2764 llS.
2110 2730 2129 2762 υ

1798 2725 2079 2764 SUIElNlllS.
2110 2730 2129 2762 υ

1871 2782 1985 2854 (15)
2035 2780 2429 2854 Prolegomena
2473 2783 2540 2854 ad
2576 2781 2740 2836 Varia
2782 2800 2958 2848 sacra,
2995 2799 3117 2853 pag.
3143 2780 3234 2850 28,
3282 2783 3380 2836 ubi

1801 2851 1888 2926 ait
1908 2851 2098 2926 adhuc
2122 2851 2360 2926 ignorari
2394 2855 2452 2926 _S.
2474 2852 2749 2925 Hippolyti
2772 2851 3188 2926 episcopatum,
3215 2860 3382 2926 atque

1802 2925 1917 2978 hinc
1939 2924 2165 2994 scribit:
2217 2943 2235 2975 ι
2265 2923 2420 2994 Quod
2470 2923 2786 2994 continuari
2824 2923 3013 2994 'pOtest
3065 2924 3380 2979 testimonio

1803 2995 1975 3063 ipsius
2005 2993 2205 3048 Gelasii
2242 2993 2514 3064 pontiﬁcis
2544 2993 2793 3060 Romani,
2827 2993 2921 3064 Qui
2952 2993 3140 3050 eodem
3177 2994 3380 3049 saeculo

1801 3081 1831 3118 v
1862 3065 2024 3134 paulo
2061 3073 2183 3134 post
2220 3063 2326 3118 fata
2361 3063 2674 3134 Hieronymi
2720 3063 2904 3118 sedem
2948 3066 3252 3120 Romanam
3287 3080 3378 3118 oc~

1805 3133 2072 3205 cupavitﬁ
2100 3133 2151 3188 ls
2193 3136 2393 3205 quippe
2433 3135 2486 3188 in
2540 3133 2680 3188 libro
2717 3134 2793 3188 De
2828 3136 3031 3188 duabus
3074 3136 3128 3188 in
3168 3134 3380 3188 Christo

1803 3207 2010 3260 naturis
2047 3207 2178 3258 citat
2208 3205 2555 3274 Hippolytum
2584 3207 2885 3274 episcopum
2917 3205 3222 3274 metropolis
3249 3205 3383 3258 Ara-

1799 3277 1897 3329 bia!
1929 3294 1981 3329 in
2002 3275 2258 3329 Memoria
2281 3279 2568 3330 ἥσει-θεων.
2600 3274 2781 3340 «Quod
2809 3291 2916 3330 non
2943 3283 3255 3343 suspectum
3281 3274 3378 3330 de-

1797 3347 1919 3401 buit
1949 3347 2171 3401 reddere
2199 3348 2344 3401 istud
2384 3346 2705 3415 opusculum
2737 3347 3172 3401 eminentissimo
3205 3346 3379 3401 cardi-

1799 3418 1931 3482 nali,
1967 3417 2143 3487 quasi!
2173 3432 2282 3471 non
2323 3427 2467 3471 esset
2509 3431 2649 3486 opus
2681 3416 2885 3471 Gelasii
2923 3417 3218 3487 pontiﬁcis,
3261 3417 3377 3487 qui,

1801 3485 2336 3559 inquit'cardinalis,
2388 3503 2492 3559 n_on
2539 3485 2711 3555 potuit
2744 3485 2997 3558 ignorare
3031 3485 3377 3559 Hippolytum

1802 3555 1972 3614 fuisse
2029 3558 2344 3627 episcopum
2400 3555 2903 3618 Romanumﬁnon
2960 3555 3379 3612 vero'Arabem

1801 3629 2299 3698 metropolitanum.
2334 3627 2438 3683 Sed
2473 3628 2578 3688 hoc
2618 3629 2886 3698 ignoravit
2915 3627 3282 3698 Hieronymus
3320 3629 3379 3685 in

1801 3699 1918 3767 ipsa
1965 3697 2135 3753 Roma
2179 3699 2247 3752 50
2287 3699 2447 3754 annis
2485 3709 2610 3752 ante
2641 3697 2918 3753 Gelasium
2943 3741 2958 3764 ,
3006 3697 3198 3769 quidni
3248 3714 3380 3770 ergo

1803 3771 2053 3825 Gelasius
2088 3770 2230 3822 idem
2262 3772 2426 3824 etiam
2463 3770 2802 3838 ignorasset?
2852 3771 3012 3824 Certe
3054 3785 3194 3839 opus
3233 3770 3379 3826 istud

1802 3853 2084 3910 propterea
2105 3840 2539 3910 insuSpicionem
2569 3841 2750 3895 venire
2779 3857 2886 3894 non
2916 3838 3121 3895 debuit.
3154 3838 3264 3894 Nec
3295 3849 3382 3895 est

1801 3909 1944 3966 fetus
1968 3911 2256 3974 Genuadii,
2289 3927 2386 3965 uec
2405 3909 2604 3964 Gelasii
2634 3911 3011 3980 Cmsariensis,
3049 3927 3150 3968 nec
3175 3910 3380 3967 Gelasii

1802 3981 2075 4052 Cyziceni,
2116 3983 2211 4035 sed
2239 3981 2440 4036 Gelasii
2476 3983 2745 4049 pontiﬁcis
2776 3981 3029 4035 Romani.
3071 3981 3225 4046 Quod
3255 3991 3381 4052 tan-

1803 4051 1925 4107 dem
1974 4052 2182 4107 calculo
2214 4067 2314 4106 suo
2347 4063 2536 4107 contra
2572 4061 2682 4106 tres
2720 4052 3184 4106 eminentissimos
3206 4051 3382 4105 cardi-

1803 4125 1957 4178 nales
2003 4122 2318 4186 Baronium,
2373 4122 2779 4188 Belial-mitium,
2827 4123 3033 4175 l’erona
3085 4125 3381 4177 contirma-

1805 4205 1933 4247 runt
1975 4191 2335 4257 Sirmondus,
2378 4191 2666 4256 Petavius,
2710 4194 2992 4247 Chilletius
3017 4234 3031 4259 ,
3076 4191 3329 4246 Labbeus
3361 4233 3379 4258 ,

1805 4266 2005 4333 aliique
2034 4265 2132 4316 viri
2165 4264 2416 4316 laudibus
2458 4265 2733 4318 litterariis
2773 4264 2952 4316 ornati
2995 4273 3049 4317 et
3071 4265 3330 4333 insignes.
3355 4282 3374 4314 ι

1877 4335 1985 4405 (ll)
2023 4333 2213 4388 Exstat
2245 4336 2345 4387 iste
2368 4335 2513 4405 liber
2548 4336 2601 4387 in
2639 4335 2886 4399 Autidotp
2919 4333 3169 4398 adversus
3216 4335 3383 4387 hare-

1805 4403 1893 4458 ses’
1917 4403 2142 4460 Basilea:
2175 4405 2331 4466 1528,
2357 4403 2474 4469 fol.,
2507 4415 2559 4458 et
2590 4421 2713 4466 cum
2747 4407 2868 4460 aliis
2894 4416 3134 4460 veterum
3165 4405 3382 4469 scriptis

3332 4491 3382 4528 ι-

1810 4547 1931 4615 guri
1995 4547 2165 4612 1571,
2235 4547 2362 4611 iob;
2436 4546 2672 4615 denique
2722 4547 2776 4601 in
2837 4546 3166 4611 Bibliotheca
3221 4545 3379 4600 Patr.

1809 4618 1918 4671 vol.
1952 4616 2085 4682 vni,
2122 4633 2174 4686 p.
2211 4616 2332 4670 699.

1881 4689 1992 4758 (15)
2032 4688 2114 4742 Ad
2161 4701 2366 4741 annum
2407 4686 2790 4758 Christil96,
2839 4687 3054 4749 num.l
3103 4697 3157 4740 et
3203 4701 3380 4756 seqq.,

1808 4757 1941 4813 tom.
1975 4757 2096 4811 Vill
2124 4759 2434 4822 Annalium,
2464 4774 2582 4826 pag.
2621 4757 2725 4811 595
2758 4759 2886 4812 edit.
2921 4761 3117 4811 citatae.

1880 4829 1990 4900 (16)
2035 4830 2196 4884 Libro
2221 4828 2297 4882 De
2321 4830 2448 4884 viris
2473 4829 2793 4900 illustribus,
2824 4829 3065 4900 caprili,
3101 4830 3154 4880 in
3177 4826 3384 4900 toleI

1807 4893 2044 4970 Operam
2083 4900 2140 4954 S.
2190 4899 2505 4971 llierouymi
2551 4900 2680 4952 edit.
2722 4893 3008 4971 Vallarsii,
3053 4893 3380 4971 pag._987:

1812 4987 1833 5022 ‹
1858 4968 2113 5027 Gelasius
2152 4973 2303 5027 urbis
2335 4968 2524 5024 Ruina:
2561 4971 2853 5038 cpiscopus
2880 4969 3099 5038 scripsit
3134 4968 3382 5022 adversus

1807 5041 2081 5112 Eutychen
2113 5053 2161 5096 et
2199 5041 2508 5096 Nestorium
2543 5042 2743 5109 grande
2783 5050 2836 5112 et
2872 5041 3191 5109 praeclarum
3221 5039 3381 5092 volu-

1807 5111 1964 5176 men,
1995 5122 2049 5166 et
2092 5122 2356 5167 tractatus
2399 5113 2740 5166 diversarum
2779 5111 3190 5180 Scripturarunt
3217 5118 3270 5162 et
3295 5125 3385 5163 sa-

1806 5193 2210 5245 eramentorutn
2244 5184 2464 5237 elimato
2499 5196 2773 5249 sermone,
2797 5192 2852 5236 et
2877 5178 3126 5235 adversus
3162 5178 3383 5233 Petrum

1805 5265 1852 5306 et
1885 5255 2136 5320 Acacium
2165 5255 2384 5322 scripsit
2410 5253 2688 5321 epistolas,
2711 5269 2835 5322 quae
2865 5253 3028 5307 hodie
3057 5253 3109 5305 in
3134 5249 3381 5322 Ecclesia

1807 5332 2072 5379 tenentur.
2104 5321 2396 5378 catholica.
2432 5325 2583 5376 Fecit
2610 5333 2664 5394 et
2701 5321 2930 5394 hymnos
2960 5323 3013 5376 in
3065 5321 3384 5375 similitudi-

1805 5409 1929 5448 nem
1960 5395 2256 5448 Ambrosii.
2289 5394 2433 5449 Obiit
2465 5395 2568 5447 sub
2592 5393 2885 5449 Anastasio
2919 5395 3248 5464 Augusto.)

1877 5467 1988 5536 (17)
2027 5469 2085 5519 lu
2119 5464 2239 5520 Vita
2289 5467 2346 5519 S.
2393 5465 2591 5536 Gelasii
2647 5475 2777 5524 tom.
2813 5463 2914 5532 111,
2947 5461 3214 5536 pag._i95
3246 5461 3378 5536 edit.

1807 5531 1994 5590 Romae
2021 5552 2086 5590 ex
2118 5537 2474 5606 typographia
2518 5533 2779 5590 Vaticana
2826 5531 2970 5589 anno
2999 5531 3180 5606 (7‘28;
3221 5552 3241 5586 ‹
3281 5531 3382 5606 llic

1804 5607 1934 5662 fecit.
1961 5605 2226 5672 tractatus
2258 5605 2322 5661 et
2347 5605 2624 5678 hymnos,
2662 5607 3027 5678 sicutrbeatus
3055 5605 3383 5678 Ambrosius

1804 5678 2132 5747 episcopus,
2177 5686 2232 5732 et
2263 5674 2433 5733 libros
2479 5679 2725 5732 adversus
2784 5677 3055 5746 Eutychen
3090 5687 3139 5730 et
3185 5674 3382 5730 Nesto-

1805 5751 1974 5811 rium,
1994 5749 2104 5821 qui
2135 5749 2297 5803 hodie
2325 5751 2378 5803 in
2413 5750 2732 5809 bibliotheca
2757 5758 2811 5806 et
2853 5747 3109 5807 Ecclesia:
3136 5747 3386 5821 archivio

1804 5819 2072 5882 reconditi
2105 5828 2367 5884 teuentur.
2405 5839 2424 5876 ι
