3826 6482
443 314 553 373 5133

1225 313 1315 368 ne
1354 291 1750 370 ronruizusr
1791 311 1847 366 s.
1887 309 2257 367 HlPPOLYTl
2294 307 2486 364 sane.
2527 339 2597 350 -
2625 307 2805 363 rans
2838 307 2927 362 ιι.-

3578 300 3675 357 506

446 445 586 492 teste
627 434 828 491 clarius
874 435 1161 502 elucescit;
1203 451 1330 492 nam
1391 453 1555 507 Opera
1601 435 1853 490 Antiochi
1899 434 2014 504 epi-
2041 438 2089 492 Α
2115 433 2173 486 S.
2205 431 2557 504 Fulgentius,
2587 430 2682 501 qui
2718 431 2908 502 paucis
2949 437 3074 500 post
3095 426 3376 484 Gelasium
3412 423 3570 479 annis
3593 422 3678 479 llo-

444 526 598 595 seopi
631 526 742 595 (18)
790 534 978 582 contra
1007 526 1292 582 avaritiam
1316 569 1332 594 ,
1367 536 1423 584 et
1450 526 1734 596 Theophili
1780 525 2016 581 Alexan-

441 618 592 676 drini
629 619 740 689 (19)
772 628 962 674 contra
983 619 1272 692 Origenem
1301 621 1497 692 grande
1537 621 1773 674 volumen
1803 620 1870 674 ab
1897 619 2015 689 ipso

443 711 812 780 appellantur.
847 711 1030 768 Severi
1064 723 1246 769 autem
1282 713 1501 784 Sulpitii
1531 713 1643 784 (20)
1678 713 1972 768 Historiam
1997 751 2013 777 ,

442 817 571 855 cum
622 804 835 858 caneris
865 803 1111 874 ejusdem
1145 803 1434 874 operibus,
1471 805 1706 875 opusculi
1738 805 1894 860 titulo
1927 806 2013 858 in-

439 893 697 964 signivit;
751 912 875 967 qua:
921 897 1140 967 quidem
1176 898 1401 953 historia
1458 898 1617 968 triplo
1644 897 1821 966 major
1849 911 2014 967 supra

443 985 664 1040 laudato
694 985 876 1041 libello
896 1002 1017 1042 esse
1045 987 1266 1042 cuilibet
1289 987 1537 1043 eamdem
1574 987 1827 1042 lustranti
1856 986 2014 1040 facile

439 1080 648 1149 patebit
677 1080 813 1152 (21).
841 1080 936 1136 llis
973 1081 1201 1143 accedit,
1230 1080 1375 1151 quod
1406 1079 1670 1135 Gennadii
1703 1077 1770 1132 de
1796 1077 2014 1132 Gelasio

442 1171 817 1226 testimonium
879 1172 1218 1228 desideratur
1278 1173 1333 1226 in
1396 1172 1779 1241 antiquissimo
1826 1171 2014 1227 codice

443 1260 707 1318 Vaticano
735 1305 750 1328 ,
799 1280 961 1334 quem
1012 1263 1288 1318 Vaticana:
1337 1263 1677 1318 bibliothecae
1726 1263 2016 1333 acquisivit

437 1355 844 1410 eruditissimus
885 1357 1126 1425 ejusdem
1178 1356 1473 1426 prtefectus'
1513 1355 1843 1412 Laurentius
1879 1357 2013 1412 Zac-

434 1461 667 1516 cagnus.
701 1447 856 1504 Hunc
888 1449 1129 1503 codicem
1159 1448 1399 1503 laudavit
1446 1449 1528 1503 vir
1567 1450 2013 1519 'sapientissimus

437 1535 618 1594 Lucas
657 1538 988 1607 Holstenius,
1025 1541 1117 1611 qui
1147 1542 1396 1597 eumdem
1423 1542 1572 1595 vidit
1607 1542 1658 1596 in
1687 1543 2010 1597 bibliotheca

435 1632 762 1686 clericorum
794 1633 1128 1703 regularium
1173 1631 1230 1688 S.
1261 1633 1490 1688 Andreae
1515 1635 1583 1688 de
1615 1635 1792 1701 Valle,
1822 1635 2010 1689 illum-

435 1737 546 1790 que
577 1723 771 1777 merito
822 1725 1263 1794 antiquissimum
1299 1737 1488 1792 vocat;
1537 1727 1609 1780 ibi
1654 1729 1798 1782 enim
1844 1744 2010 1798 quon-

435 1815 562 1868 dam
595 1815 876 1885 quadratis
924 1826 978 1871 et
1023 1833 1148 1873 vere
1194 1819 1455 1873 Romanis
1507 1820 1699 1874 litteris
1727 1820 2008 1879 Ciceronis

431 1908 716 1962 orationes
763 1910 821 1963 in
894 1909 1102 1963 Verrem
1161 1909 1448 1981 descripta:
1491 1906 1754 1976 fuerunt,
1807 1913 2006 1982 quibus

434 2007 622 2065 postea
648 1999 839 2055 deletis
866 2015 928 2054 ac
954 2004 1214 2067 corrasis,
1237 2000 1295 2056 S.
1319 2001 1632 2072 Hieronymi
1659 2013 1712 2057 et
1738 2001 2006 2059 Gennadii

430 2087 723 2162 Catalogus
753 2094 1063 2148 uncialibus
1093 2094 1314 2160 iterum,
1349 2097 1442 2151 sed
1467 2097 1864 2152 recentioribus
1914 2097 2003 2150 lit--

429 2182 1001 2256 teris‘supcrscriptus
1029 2187 1150 2242 fuit.
1179 2187 1430 2244 Secundo
1477 2203 1801 2260 argumento
1847 2189 2007 2245 Baro-

430 2275 559 2330 nius
591 2276 706 2346 (22)
735 2279 928 2346 probat
955 2280 1122 2334 multa
1153 2282 1206 2334 in
1239 2281 1342 2335 boc
1371 2281 1554 2336 libello
1584 2280 1851 2347 inveniri,
1884 2298 2006 2351 quae

427 2383 461 2420 a
501 2367 558 2422 S.
593 2368 810 2426 Gelasio
841 2387 978 2442 papa
1034 2382 1255 2428 exarata
1308 2389 1432 2429 esse
1482 2389 1618 2444 pene
1667 2374 2005 2444 impossibile

426 2472 514 2516 est
537 2504 551 2524 ,
604 2473 658 2517 et
687 2462 982 2518 Eusebium
1017 2463 1410 2520 Caesariensem
1444 2465 1629 2519 multis
1659 2466 1916 2520 observat
1949 2466 2003 2520 in

425 2555 619 2607 eodem
645 2554 827 2609 libello
850 2557 1117 2610 encomiis
1138 2548 1349 2621 ornari,
1371 2573 1530 2626 quem
1546 2557 1809 2611 Arianum
1836 2557 2004 2613 fuisse

426 2653 640 2699 certum
676 2653 778 2710 est,
807 2645 967 2714 cujus
996 2660 1160 2715 opera
1199 2646 1339 2700 inter
1370 2643 1632 2700 librorum
1663 2647 2002 2717 apocrypha-

426 2750 551 2790 rnm
598 2753 886 2791 numerum
936 2738 1239 2792 ab'eodem
1300 2738 1516 2794 Gelasio
1564 2739 1906 2807 rcjiciuntur,
1951 2749 2004 2794 et

423 2823 647 2880 Graecos
677 2826 866 2881 Patres
918 2837 1130 2883 tantum
1176 2830 1428 2894 laudari,
1459 2845 1574 2885 nec
1623 2846 1733 2885 non
1771 2831 2003 2885 Ambro-

423 2917 594 2985 sium,
625 2917 1032 2994 Hieronymum,
1065 2929 1402 2991 cmterosque
1435 2937 1502 2976 ex
1535 2922 1744 2977 Latinis
1770 2922 2001 2994 silentio

424 3009 714 3076 prreteriri.
752 3007 953 3065 Verum
998 2993 1235 3066 lacubus
1267 3011 1593 3068 Sirmondus
1620 3011 1758 3081 (25),
1795 3011 2001 3082 Philip-

2116 526 2246 590 ruit,
2273 540 2340 580 ex
2376 525 2482 579 hoc
2535 523 2716 577 libello
2747 532 3004 593 tanquam
3039 520 3236 576 Gelasii
3268 533 3419 588 papae
3451 516 3552 570 tria
3592 515 3676 570 de-

2117 615 2352 686 sumpsit
2372 616 2678 670 testimonia
2699 656 2715 682 ,
2751 630 2874 685 qua:
2904 614 2957 668 in
2985 613 3186 666 librum
3221 611 3294 664 De
3324 609 3358 663 5
3381 607 3677 679 σαωθεὶοηί-

2117 710 2209 762 bus
2240 709 2384 777 apud
2418 707 2752 762 Ferrandum
2784 707 3072 762 diaconum
3099 746 3114 771 ,
3161 720 3282 774 cap.
3312 702 3414 766 18,
3465 701 3672 768 retulit;

2115 817 2302 854 verum
2341 801 2507 856 etiam
2555 800 2680 870 quia
2728 800 2981 855 laudatur
3029 815 3058 854 a
3105 796 3313 853 Joanne
3362 794 3402 847 ll
3449 809 3587 863 papa
3624 794 3673 846 in

2115 892 2340 960 epistola
2359 892 2428 944 ad
2440 892 2692 946 Avienum
2711 892 2824 962 (26)
2838 900 3150 961 craterasque
3171 897 3456 942 senatores.
3475 883 3580 939 Sed
3601 883 3674 936 his

2117 982 2390 1037 Sirmondi
2421 983 2758 1049 argumentis
2783 997 3013 1052 magnus
3041 981 3308 1036 Baronius
3333 978 3548 1032 videtur
3578 991 3674 1029 non

2115 1075 2347 1129 obscure
2382 1074 2748 1139 satisfecisse:
2792 1075 3060 1145 quamvis
3091 1074 3205 1144 ipse
3233 1069 3498 1125 Ferraudi
3531 1067 3678 1123 testi-

2115 1168 2358 1222 monium
2377 1167 2557 1222 videre
2580 1168 2961 1238 non'potuerit,
2981 1166 3141 1236 cujus
3159 1164 3334 1234 Opera
3355 1161 3676 1218 Franciscus

2113 1258 2395 1314 Ghifletius
2423 1260 2610 1315 multis
2633 1268 2754 1329 post
2785 1259 3004 1314 Baronii
3036 1267 3262 1312 mortem
3300 1255 3463 1310 annis
3494 1252 3675 1308 edidit.

2114 1348 2377 1406 Observat
2421 1345 2604 1421 itaque
2650 1351 3118 1405 eminentissimus
3173 1347 3502 1411 cardinalis,
3552 1359 3679 1398 non-

2114 1445 2260 1498 nulla
2295 1445 2362 1500 ab
2408 1445 2796 1512 impostoribus
2837 1443 2895 1499 S.
2946 1444 3162 1499 Gelasio
3195 1457 3347 1513 papae
3394 1440 3588 1495 eodem
3630 1453 3675 1492 vl

2114 1537 2334 1603 saeculo,
2368 1536 2421 1590 in
2451 1553 2560 1606 quo
2588 1537 2702 1606 ipse
2729 1536 2862 1591 obiit
2892 1545 2946 1590 et
2977 1535 3294 1605 Fulgentius
3318 1531 3524 1596 ﬂoruit,
3559 1544 3675 1598 sup-

2112 1629 2288 1699 posita
2331 1627 2520 1683 fuisse.
2553 1627 2829 1696 Optimum
2861 1628 3144 1683 sentcntiae
3177 1641 3290 1680 suae
3324 1632 3516 1678 testem
3566 1621 3678 1676 lau-

2113 1721 2628 1784 datCassiodorum,
2648 1722 2743 1790 qui
2763 1720 2966 1775 diserte
2997 1719 3187 1775 scribit
3215 1718 3274 1772 S.
3299 1717 3519 1774 Gelasio
3537 1731 3678 1786 papae

2113 1813 2423 1882 suppositas
2449 1812 2616 1868 fuisse
2648 1813 3030 1866 adnotationes
3055 1812 3318 1882 quasdam
3349 1810 3403 1863 in
3426 1807 3678 1878 epistolas

2109 1903 2171 1956 Ι).
2227 1903 2420 1968 Pauli,
2474 1905 2526 1958 in
2577 1905 2776 1973 quibus
2825 1902 3102 1974 Pelagiani
3153 1903 3422 1974 dogmatis
3457 1900 3677 1971 vestigia

2109 2005 2428 2064 supererant
2455 1995 2593 2066 (27).
2647 2016 2666 2048 ‹
2700 1997 2760 2050 In
2806 1995 3111 2066 Epistolas,
3143 1997 3352 2067 inquit,
3393 1993 3677 2050 tresdecim

2109 2087 2166 2143 S.
2217 2088 2371 2143 Pauli
2428 2091 2805 2146 adnotationes
2844 2091 3184 2159 conscriptas
3238 2091 3291 2144 in
3347 2092 3470 2159 ipso
3526 2087 3677 2144 initio

2109 2199 2243 2238 mea:
2277 2183 2527 2239 lectionis
2558 2185 2736 2238 iuveni
2764 2227 2777 2251 ,
2810 2200 2932 2254 quas
2977 2185 3029 2238 in
3074 2193 3398 2239 cunctorum
3431 2182 3680 2238 manibus

2106 2275 2179 2329 ita
2209 2275 2451 2330 celebres
2501 2276 2876 2340 habebantur,
2924 2286 2985 2330 ut
3029 2292 3122 2330 eas
3165 2291 3195 2330 a
3243 2285 3434 2330 sancto
3466 2261 3680 2329 Gelasio

2104 2383 2240 2438 papa
2273 2368 2422 2423 urbis
2450 2366 2668 2436 Romm,
2712 2368 3012 2424 doctissimi
3041 2367 3141 2421 viri
3200 2367 3382 2422 studio
3440 2367 3680 2421 dicerent

2104 2460 2276 2515 fuisse
2311 2460 2683 2530 conscriptas,
2737 2459 2884 2530 quod
2931 2461 3108 2515 solent
3137 2457 3317 2514 facere
3349 2457 3444 2528 qui
3485 2471 3578 2512 res
3606 2455 3680 2510 vi-

2103 2555 2274 2609 tiosas
2306 2554 2534 2624 cupiunt
2579 2553 2803 2624 gloriosi
2837 2552 3078 2608 nominis
3113 2551 3440 2606 auctoritate
3493 2547 3679 2604 defen-

2103 2646 2248 2702 dere.
2287 2647 2394 2701 Sed
2431 2629 2593 2702 nobis
2621 2662 2688 2700 ex
2723 2645 3153 2715 prmcedentibus
3184 2643 3514 2701 lectionibus
3562 2641 3680 2695 dili-

2103 2737 2248 2807 genti
2277 2737 2664 2792 retractatione
2695 2734 3008 2805 patuerunt,
3036 2733 3424 2792 subtilissimas
3457 2733 3676 2803 quidem

2100 2844 2224 2886 esse
2254 2845 2319 2884 ac
2351 2829 2703 2884 brevissimus
2727 2828 3015 2893 dictiones,
3050 2828 3143 2883 sed
3172 2827 3448 2898 Pelagiani
3475 2827 3678 2882 erroris

2103 2937 2307 2976 venena
2335 2921 2444 2976 illic
2479 2936 2600 2974 esse
2631 2920 2921 2974 seminata.
2951 2939 2968 2971 ι
2998 2920 3311 2975 Cassiodori
3347 2920 3514 2990 igitur
3537 2933 3673 2986 evo,

2102 3015 2196 3084 qui
2223 3015 2366 3068 circa
2395 3029 2598 3068 annum
2628 3012 2731 3068 556
2760 3012 2873 3068 huic
2911 3013 3130 3083 scripsit
3157 3013 3268 3084 (28)
3289 3055 3304 3079 ,
3329 3014 3674 3085 supposititia

421 3117 528 3170 pus
575 3099 825 3156 Labbeus
872 3103 1018 3173 (24),
1070 3103 1340 3161 Antonius
1390 3105 1587 3176 Pagius
1629 3105 1742 3175 (25)
1792 3105 1996 3172 senior,
2026 3124 2072 3187 ε
2104 3104 2309 3160 Gelasii
2358 3122 2513 3176 papas
2569 3120 2736 3175 Opera
2783 3106 3123 3162 circumferri
3167 3107 3281 3176 jam
3325 3108 3502 3162 multo
3553 3119 3676 3163 ante

423 3195 484 3249 S.
526 3195 807 3251 Gelasium
860 3196 1176 3265 hujusmodi
1223 3197 1386 3252 libelli
1422 3208 1699 3252 auctorem
1732 3196 1997 3263 credunt,

421 3305 530 3343 non
569 3290 746 3345 solum
777 3291 904 3360 quia
939 3291 991 3345 in
1041 3291 1440 3361 antiquissimis
1466 3291 1750 3353 codicibus
1796 3292 2002 3346 descri-

424 3393 550 3452 ptus
599 3385 689 3439 ille
737 3394 822 3439 est
873 3385 1014 3440 inter
1055 3385 1391 3441 indubitatas
1444 3385 1564 3456 ejus
1613 3385 1898 3454 epistolas,
1947 3394 2001 3439 et

491 3518 778 3592 (l8)4Ca-p.
801 3520 892 3582 20,
922 3523 1184 3592 pag-962
1214 3524 1394 3578 citata:
1420 3524 1550 3576 edit.
1591 3540 1603 3573 :
1649 3544 1664 3571 ι
1696 3523 1999 3579 Antiochus

418 3590 715 3661 episcopus
779 3590 1016 3661 scripsif
1067 3596 1329 3650 adversus
1383 3595 1666 3648 avaritiam
1725 3610 1890 3647 unum
1945 3607 1999 3649 et

423 3658 642 3721 longum
676 3658 948 3716 volumen.
990 3682 1008 3715 ι

496 3729 604 3799 (l9)
645 3730 777 3798 Cap.
813 3734 901 3794 55,
936 3749 1056 3803 pag.
1092 3735 1197 3789 966
1227 3735 1384 3789 dictze
1412 3734 1543 3790 edit.
1572 3754 1583 3787 :
1622 3754 1638 3784 ι
1661 3733 1997 3803 TheOphilus

422 3799 803 3874 Alexandrina:
845 3799 1081 3859 civitatis
1131 3806 1422 3874 episcopus
1467 3805 1688 3874 scripsit
1735 3799 1997 3862 adversus

422 3872 707 3943 Origenem
765 3889 932 3926 unum
973 3883 1027 3928 et
1074 3872 1277 3943 grande
1321 3872 1614 3938 volumen,
1659 3891 1768 3943 quo
1812 3877 1994 3931 onmia

419 3955 556 4010 pene
579 3941 700 4010 ejus
725 3944 867 3998 dicta
895 3952 948 3998 et
979 3941 1153 4013 ipsum
1188 3947 1388 4016 pariter
1415 3941 1688 4008 damnat,
1709 3946 1870 4016 simul
1899 3948 1997 4000 do-

418 4025 549 4084 cens
574 4028 680 4066 non
715 4031 744 4069 a
781 4030 838 4068 se
867 4016 1104 4084 primum
1133 4015 1283 4073 eum.
1321 4016 1415 4071 sed
1439 4016 1517 4070 ab
1539 4017 1780 4084 antiquis
1816 4015 1996 4070 Patri-

420 4080 522 4156 bus
574 4093 628 4136 et
680 4080 924 4156 maxime
963 4083 1188 4142 Heracla
1249 4086 1418 4141 fuisse
1468 4095 1523 4141 et
1575 4102 1605 4140 a
1660 4080 1996 4156 presbyterio

419 4152 652 4218 ejectum
673 4197 689 4220 ,
715 4165 770 4210 et
795 4156 861 4210 de
891 4155 1142 4212 Ecclesia.
1163 4158 1380 4228 pulsum
1403 4191 1418 4221 ~,
1465 4166 1521 4210 et
1549 4157 1615 4210 de
1658 4152 1876 4212 civitate
1912 4158 1997 4213 fu-

455 4233 627 4278 alum.
662 4245 680 4275 ι
1164 4263 1166 4265 -
1590 4269 1593 4272 ,

419 4237 778 4368 ῧ³ξὲὃςἠἑερ,
828 4298 895 4352 19
927 4341 941 4363 ,
993 4314 1116 4368 pag.
1145 4263 1260 4352 961
1321 4299 1414 4351 cit.
1467 4269 1597 4352 edit.
1638 4316 1654 4352 :
1703 4315 1721 4348 ι
1758 4295 1993 4355 Severus

419 4365 738 4438 presbyter,
753 4365 1114 4438 cognomento
1143 4367 1413 4436 Sulpitius
1437 4368 1744 4436 Aquitaniae
1773 4371 1994 4438 provin-

417 4437 537 4499 ciae,
559 4440 644 4508 vir
671 4437 866 4506 genere
899 4450 951 4494 et
980 4440 1174 4495 litteris
1201 4439 1424 4502 nobilis,
1455 4450 1511 4491 et
1542 4437 1874 4508 paupertatis
1906 4451 1990 4495 at-

2104 3206 2277 3268 ccepta
2308 3207 2484 3260 erant,
2528 3215 2649 3268 quae
2681 3215 2710 3253 a
2746 3199 3123 3255 disertissimis
3154 3199 3285 3255 viris
3320 3216 3420 3271 pro
3446 3203 3596 3258 veris
3626 3215 3676 3258 et

2102 3292 2353 3362 genuinis
2408 3292 2781 3358 habebantur;
2858 3291 3090 3362 ideoque
3146 3308 3254 3347 non
3317 3293 3674 3362 improbabile

2101 3385 2428 3454 quibusdam
2471 3385 2740 3440 videbitur
2783 3383 2838 3439 S.
2890 3385 3231 3457 Fulgentium
3284 3386 3532 3458 aliosque
3589 3402 3675 3458 ge-

2101 3524 2297 3594 tirmet,
2317 3532 2493 3579 tamen
2530 3525 2672 3580 inter
2692 3526 2876 3594 plures
2903 3535 3216 3580 sanctorum
3241 3525 3674 3581 orthodoxorum

2099 3593 2322 3666 Patrum
2345 3597 2676 3651 assertiones
2697 3593 2855 3665 ponit
2879 3605 2998 3666 post
3019 3595 3273 3666 Magnum
3287 3595 3673 3666 Athanasium,

2099 3673 2226 3720 ante
2247 3663 2567 3734 Gregorium
2594 3663 3020 3730 Nazianzenum,
3047 3663 3339 3732 Eusebium
3374 3665 3674 3722 Caesarien-

2101 3750 2213 3789 sem
2243 3775 2257 3797 ,
2309 3735 2703 3790 conclamatum
2752 3738 2862 3806 jam
2920 3753 3062 3804 saepe
3111 3739 3178 3790 ab
3214 3737 3495 3792 omnibus,
3524 3745 3676 3790 ante-

2099 3807 2384 3874 signanum
2415 3808 3007 3876 Arianorum,ejusque
3028 3817 3138 3860 tres
3167 3807 3468 3862 sententias
3498 3823 3568 3862 ex
3592 3807 3675 3861 di-

2099 3876 2276 3948 versis
2317 3878 2463 3948 locis
2481 3886 2731 3946 acceptas
2763 3877 2928 3932 refert
2957 3895 2971 3932 :
3008 3893 3126 3946 quae
3150 3879 3369 3947 quidem
3398 3894 3568 3948 quam
3600 3881 3676 3931 in-

2099 3945 2259 4018 digna
2293 3948 2400 4001 sint
2426 3945 2641 4002 Gelasio
2678 3963 2816 4017 papa
2839 3989 2855 4011 ,
2883 3945 3044 4001 nemo
3067 3945 3372 4018 nonvidet:
3399 3945 3675 4018 quamque

2098 4017 2318 4071 alienus
2351 4019 2423 4070 sit
2460 4025 2651 4074 auctor
2683 4020 2770 4072 ille
2799 4019 2866 4072 ab
2910 4019 3094 4086 aliquo
3126 4017 3323 4071 Latino
3366 4017 3669 4088 scriptore;

2097 4103 2222 4140 cum
2256 4087 2308 4140 in
2339 4103 2394 4142 re
2424 4097 2572 4142 tanta
2612 4089 2817 4143 nitatur
2841 4088 3154 4142 Graecorum
3185 4089 3455 4150 duntaxat
3482 4087 3664 4144 aucto-

2097 4159 2257 4212 ritate
2282 4199 2295 4223 ,
2342 4159 2429 4212 vix
2473 4159 2689 4214 duobus
2725 4159 2936 4213 Latinis
2965 4175 3029 4212 ex
3059 4159 3308 4228 plurimis
3336 4161 3390 4212 in
3426 4161 3673 4213 testimo—

2096 4230 2247 4282 nium
2295 4230 2561 4284 adductis.
2612 4229 2786 4295 Quam
2835 4244 2964 4283 vero
3005 4239 3225 4284 econtra
3269 4244 3331 4282 ea
3385 4232 3672 4284 conveniat

2095 4297 2314 4370 Gelasio
2342 4301 2414 4352 illi
2450 4315 2479 4352 a
2517 4301 2706 4354 Pbotio
2735 4301 3006 4354 recensito
3025 4342 3038 4364 ,
3065 4315 3331 4369 cognosce
3351 4343 3365 4364 ,
3393 4301 3526 4354 dum
3555 4302 3670 4370 ipse

2095 4369 2314 4423 indicto
2339 4386 2502 4438 opere
2528 4373 2594 4425 de
2610 4370 2826 4425 Nicazno
2851 4371 3082 4425 concilio
3104 4372 3352 4424 eumdem
3373 4369 3668 4424 Eusebium

2096 4439 2483 4494 Caesariensem
2516 4443 2809 4510 plurimum
2841 4441 3049 4506 laudat,
3077 4452 3131 4494 et
3158 4442 3329 4494 titulis
3356 4441 3668 4508 orthodoxe

416 4521 524 4574 que
567 4500 892 4564 humilitatis
938 4525 1127 4581 amore
1180 4500 1556 4581 conspicuus."
1590 4500 1779 4581 pclarus
1825 4512 1986 4564 etiam
2024 4500 2066 4554 D
2095 4525 2295 4581 magno
2318 4509 2434 4564 viro
2479 4500 2656 4581 dignis
2681 4521 2941 4577 exornat,
2976 4500 3138 4581 atque
3171 4513 3240 4566 ab
3266 4513 3417 4566 omni
3447 4503 3670 4566 Arianae

417 4581 1006 4650 sanctor-urnivirorutn
1039 4580 1259 4634 Martini
1293 4579 1630 4650 Turonensis
1656 4582 1900 4649 episcopi
1935 4592 1990 4637 et

417 4647 639 4770 Paulinil
660 4647 912 4706 Nolebsis
944 4651 1138 4706 notitia
1158 4691 1172 4716 ,
1205 4647 1438 4720 scripsit:
1460 4665 1567 4704 non
1592 4647 1987 4707 contemnenda

417 4731 621 4770 onuscu
645 4735 697 4770 a.
734 4739 753 4770 ι
1209 4756 1213 4760 .
1425 4737 1435 4749 ε

415 4731 697 4784 opuscula.
734 4739 753 4771 ι
1209 4756 1213 4760 .
1425 4737 1435 4749 ·

487 4787 598 4857 (21)
640 4790 926 4860 Legendus
968 4790 1242 4846 Baronius:
1266 4792 1333 4846 ad
1370 4792 1574 4846 dictum
1611 4808 1812 4846 annum
1859 4793 1985 4857 496,

416 4861 639 4926 ηυιι·ι.4,
679 4878 800 4931 pag.
828 4863 954 4927 596,
992 4873 1125 4917 tom.
1161 4862 1272 4915 Vlll
1309 4864 1401 4924 cit.
1436 4864 1592 4925 edit.;
1631 4864 1718 4916 ubi
1751 4866 1863 4917 haec
1889 4877 1986 4917 nos

412 4933 573 4984 etiam
604 4934 759 4985 docet
787 4951 800 4987 :
845 4953 862 4984 ε
895 4933 1095 4988 Verum
1126 4947 1233 4987 n0n
1265 4949 1442 4987 unum
1462 4935 1727 4987 duntaxat
1752 4935 1982 4997 librum;

414 5002 504 5074 sed
542 5003 685 5069 quod
715 5005 919 5073 grande
949 5014 1004 5058 et
1033 5005 1352 5074 przeclarutn
1379 5020 1518 5072 opus
1543 5004 1860 5073 Gennadius
1888 5022 1984 5056 no-

413 5073 613 5144 rniuat,
659 5075 712 5126 in
763 5073 1222 5144 quinquelibros
1275 5075 1442 5129 fuisse
1490 5077 1749 5144 partitum
1795 5076 1980 5143 liquet.

415 5140 585 5196 Habet
625 5144 677 5198 id
716 5140 862 5199 enim
905 5140 1228 5200 Anastasius
1275 5140 1727 5200 Bibliotliemrius
1759 5147 1810 5198 in
1848 5140 1986 5198 libro

416 5215 488 5286 De
522 5214 776 5270 Romanis
807 5217 1173 5286 pontiﬁcibus,
1211 5232 1341 5286 cum”
1365 5217 1892 5286 atlirmat'quinquc.
1921 5217 1986 5269 li,

414 5285 540 5356 bros
570 5291 837 5341 adversus
869 5285 1180 5342 NestOrium
1209 5296 1262 5340 et
1303 5285 1672 5356 Entychotem-
1701 5287 1777 5339 ιιι).
1794 5287 1981 5341 eodem

411 5353 626 5428 Gelasio
677 5356 850 5413 fuisse
875 5361 1210 5426 conscriptos
1231 5398 1243 5415 .
1276 5353 1608 5412 cum—tamen
1635 5357 1982 5428 opusculum,

411 5428 552 5497 quod
578 5427 780 5484 Gelasii
813 5431 1035 5483 nomine
1064 5437 1244 5482 exstat
1271 5429 1500 5491 editum,
1543 5427 1707 5482 unius
1737 5428 1867 5482 libri.
1885 5443 1982 5497 pe-

414 5496 566 5550 riodo
596 5501 939 5554 terminetur.
976 5521 996 5551 ι
1311 5535 1316 5540 ι
1455 5539 1460 5545 .
1560 5527 1563 5536 ς
1649 5538 1656 5546 .
1700 5537 1708 5545 .
1750 5540 1754 5543 .
1789 5527 1796 5532 ι

483 5567 595 5635 (22)
636 5569 714 5622 Ad
743 5570 946 5625 dictum
979 5585 1181 5623 annum
1211 5567 1345 5633 496,
1371 5585 1436 5632 η.
1469 5568 1615 5637 7.,ιρ.
1647 5568 1751 5624 596
1779 5587 1810 5622 :.
1832 5587 1859 5619 ‹.
1879 5568 1982 5634 Qui

411 5636 660 5691 Gelasius
687 5639 756 5692 De
780 5641 985 5694 duabus
1013 5641 1216 5693 natu-ris
1241 5641 1563 5708 opusculum
1589 5641 1724 5694 illud
1741 5642 1980 5708 scripsit.

411 5724 531 5761 cum
566 5711 618 5761 in
650 5711 753 5764 fine
787 5713 1074 5779 prolitetnr
1114 5728 1172 5765 se
1217 5711 1630 5774 catholicorum,
1654 5711 1836 5776 utiait,
1876 5727 1984 5764 ma-

415 5780 704 5836 uis-uorum
734 5782 1040 5838 testimonia
1066 5781 1278 5850 aiferre,
1306 5782 1504 5853 quibus
1535 5800 1562 5836 a
1585 5799 1644 5838 se
1676 5783 1817 5838 dicta
1845 5799 1976 5838 con-

2091 4580 2314 4634 lueresis
2372 4583 2684 4650 suspicione
2734 4582 2850 4636 vult
2899 4580 3251 4652 exemptum,
3291 4583 3419 4636 dum
3489 4583 3668 4650 ipsum

2090 4665 2368 4734 utinquam
2415 4652 2560 4734 Ario_
2598 4654 2947 4734 consensisse
3000 4668 3108 4734 non
3157 4654 3480 4734 sius/critus
3529 4653 3671 4733 adir-

2090 4737 2258 4802 niare.
2295 4721 2632 4807 iALegendus
2656 4723 3020 4777 Bellarmintts
3046 4722 3122 4775 De
3145 4723 3669 4805 script._ccclesiosti-

2089 4807 2184 4856 ets,
2223 4793 2368 4864 ruﬁ.
2405 4793 2616 4848 Gelasio
2650 4810 2789 4864 papa
2820 4803 2951 4848 tom.
2983 4793 3075 4846 Vll
3103 4791 3265 4862 Oper.
3295 4805 3476 4849 enata:
3509 4796 3663 4860 θύη..

2088 4862 2470 5003 patgélijﬁpud
2504 4934 2680 5002 ipsum
2714 4934 2988 4988 Labbeum
3048 4937 3346 4989 ettandum.

2087 5041 2092 5043 -
2160 5005 2273 5073 (24)
2316 5005 2542 5059 Dissert.
2580 5005 2838 5059 historica
2867 5005 2933 5056 ad
2965 5006 3058 5058 lib.
3098 5005 3173 5058 De
3203 5006 3387 5073 script.
3423 5008 3664 5061 ecclesia-

2085 5077 2232 5132 sticis
2259 5074 2572 5145 Bellarmiui
2594 5116 2609 5140 ,
2642 5091 2766 5145 pag.
2800 5073 2921 5130 188.

2161 5143 2394 5219 (25)-Αά
2425 5143 2864 5219 aummrdictuni
2902 5145 3041 5219 496,
3073 5161 3227 5219 num.
3258 5147 3294 5202 5
3316 5187 3330 5209 ,
3367 5164 3493 5219 pag.
3521 5149 3658 5214 538,

2082 5227 2218 5273 tom.
2253 5215 2366 5270 Vill
2398 5219 2589 5269 Αηηαι.
2625 5216 2843 5272 Baronii
2873 5217 3024 5271 citat.
3061 5217 3337 5272 editionis.

2077 5323 2084 5327 -
2159 5289 2272 5360 (26)
2315 5287 2438 5341 llaec
2480 5295 2608 5342 sunt
2643 5291 2913 5360 rationum
2956 5298 3228 5360 incruenta
3253 5330 3267 5352 ,
3301 5292 3499 5358 quibus
3541 5291 3661 5344 Sir-

2037 5376 2042 5380 ·
2085 5358 2322 5413 mondus
2362 5368 2415 5410 rt
2451 5374 2517 5414 ex
2557 5373 2624 5430 eo
2661 5358 2811 5430 citati
2857 5370 3110 5411 anetores
3161 5359 3222 5414 S.
3261 5360 3480 5422 Gelasio
3518 5377 3661 5430 opus

2044 5447 2048 5450 ·
2075 5430 2396 5498 hujusrnodi
2429 5429 2808 5484 ascribendum
2843 5443 2964 5482 esse
3006 5443 3364 5498 pronugnant.
3403 5432 3494 5486 llis
3525 5429 3660 5486 sub-

2079 5501 2275 5555 scribit
2309 5500 2471 5555 etiam
2516 5500 2661 5556 Cave
2704 5499 2902 5567 Script.
2933 5500 3143 5560 _eccles.
3199 5503 3325 5556 hist.
3356 5503 3654 5566 litterario,

2043 5604 2048 5610 υ
2083 5581 2216 5625 tom.
2249 5571 2288 5633 Ι,
2321 5586 2442 5640 pag.
2474 5570 2597 5623 465.

2084 5689 2089 5693 .
2156 5643 2266 5711 (2ἷ)
2309 5643 2383 5713 De
2406 5641 2738 5713 institutione
2760 5643 3058 5695 divinarum
3089 5643 3415 5703 litterarum,
3445 5659 3558 5713 cap.
3592 5641 3655 5709 8,

2086 5713 2290 5786 tonnll
2309 5711 2566 5786 operum,
2589 5727 2704 5786 pag.
2727 5712 2850 5778 545,
2877 5715 3006 5768 edit.
3033 5714 3356 5784 Rothomagi
3383 5733 3471 5770 an.
3494 5711 3655 5775 1679.

2156 5785 2269 5859 (28)
2310 5784 2593 5856 Legendus
2617 5784 2758 5844 Cave
2788 5797 2920 5844 tom.
2955 5787 2973 5840 Ι
3008 5789 3196 5852 citato,
3229 5802 3354 5858 pag.
3384 5786 3506 5843 50f.
