3826 6528
229 341 335 402 505

1000 351 1090 410 ne
1119 351 1514 412 pommus:
1554 355 1612 412 s.
1649 358 2011 416 HIPPOLYTI
2047 362 2238 419 suae.
2280 397 2349 406 -
2385 325 2566 424 Ρέῐιδ
2601 369 2664 424 ιι.

3353 379 3456 435 506

229 465 455 558 nuinum
486 464 544 520 S.
577 465 778 521 Gelasii
816 481 968 536 papae
991 483 1128 538 opus
1157 484 1264 524 non
1295 471 1495 528 vidisse
1530 472 1664 544 (29),
1695 476 1790 531 sed
1819 483 1868 538 Α
1895 481 2120 534 omnino
2151 492 2314 552 negat
2333 522 2348 547 ,
2395 483 2454 540 S.
2487 483 2832 558 Hippolytum
2876 488 3163 547 Portuensi
3205 491 3459 552 Ecclesia:

230 557 329 611 hoc
371 558 734 626 opusculum,
780 559 910 613 dum
965 561 1266 627 scriberet,
1321 562 1372 617 in
1406 575 1657 635 promptu
1700 567 1792 620 ha—
1883 570 2204 639 praefuisse,
2252 575 2380 627 dum
2441 591 2473 627 v
2534 557 2734 632 saeculo
2784 579 3064 636 desinente
3121 583 3224 638 hoc
3271 583 3461 642 Romae

229 649 433 705 buisse.
470 650 576 704 Alii
602 667 752 717 vero,
775 651 870 722 qui
903 653 1215 722 hujusmodi
1241 656 1408 712 libelli
1439 657 1790 713 S.Gelasium

227 751 417 805 papam
452 747 730 792 auctm'em
770 754 890 795 esse
922 741 1292 809 contendunt,
1327 746 1442 802 hare
1470 747 1537 800 de
1569 747 1625 801 S.
1659 747 1791 801 Ful-

225 828 404 896 gentio
431 843 539 882 non
574 830 690 883 sine
716 829 915 899 injuria
951 832 1113 886 scribi
1145 849 1303 904 posse
1343 835 1625 903 judicant;
1667 853 1792 890 cum

223 919 438 972 dil'licile
482 920 614 988 ipsis
660 921 908 976 videatur
955 932 1164 978 tantum
1208 925 1384 980 virum
1445 927 1517 981 ita
1565 929 1795 997 turpiter

222 1009 394 1065 fuisse
427 1011 820 1068 halluciuatum
847 1055 866 1082 ,
913 1023 973 1070 ut
1019 1017 1314 1086 genuinum
1355 1017 1555 1073 Gelasii
1599 1036 1734 1088 opus
1761 1035 1793 1074 a

221 1103 572 1172 supposititio
598 1119 878 1161 secernere
906 1108 1215 1174 nesciverit,
1251 1109 1380 1163 dum
1406 1111 1505 1164 tria
1550 1112 1794 1166 luculen-

221 1194 436 1250 tissima
466 1195 777 1250 testimonia
816 1211 883 1249 ex
917 1196 1036 1265 ipso
1067 1198 1351 1267 desumpta
1384 1199 1436 1252 in
1475 1199 1690 1253 laudato
1728 1201 1794 1254 li-

222 1287 320 1342 bro
348 1288 617 1342 recitavit.
660 1287 770 1343 Nec
821 1289 1041 1351 mirum,
1089 1291 1378 1359 inquiunt,
1414 1291 1634 1346 cuilibet
1674 1308 1794 1347 esse

220 1376 405 1440 debet,
440 1377 486 1430 si
523 1375 578 1430 S.
612 1377 864 1433 Gelasius
894 1394 1028 1448 papa
1069 1380 1237 1434 multa
1267 1395 1332 1434 ex
1364 1380 1581 1436 Eusebii
1616 1381 1794 1437 Caesa-

225 1467 425 1522 riensis
454 1468 715 1538 operibus
752 1470 1060 1524 testimonia
1093 1471 1495 1540 desumpserit,
1542 1490 1665 1542 qua:
1710 1483 1794 1528 ta-

220 1578 346 1617 men
399 1564 451 1616 in
508 1563 724 1618 decreto
756 1564 822 1617 de
855 1564 1010 1618 libris
1056 1564 1379 1634 recipiendis
1417 1574 1472 1620 et
1514 1581 1621 1622 non
1654 1567 1795 1622 rcci-

221 1655 436 1724 piendis
489 1655 630 1710 inter
668 1657 1010 1726 apocryphos
1044 1656 1160 1726 ipse
1201 1657 1494 1726 rejecerat;
1527 1674 1688 1722 nam,
1738 1669 1797 1713 ut

220 1746 412 1801 docuit
455 1747 860 1801 eruditissimus
893 1749 1088 1816 praesul
1131 1746 1320 1802 Justus
1367 1748 1704 1805 Fontaninus
1738 1751 1790 1804 in

1879 677 2120 731 prorsus
2146 665 2386 735 ignotum
2413 667 2609 734 fuerit;
2654 686 2841 725 verum
2881 689 3007 726 cum
3038 674 3269 743 hujusce
3295 677 3459 732 libelli

1896 751 1954 808 S.
1977 752 2250 810 Gelasium
2281 773 2474 827 papam
2500 771 2775 815 auctorem
2799 766 3074 819 exstitisse
3107 774 3222 819 tuto
3250 768 3457 823 ﬁrmari

1893 862 2000 900 non
2058 849 2260 916 possit,
2313 849 2570 905 Romana:
2626 851 2882 909 Ecclesia
2935 855 3002 910 de
3071 857 3127 913 S.
3192 857 3460 931 llippolyti

1894 938 2020 992 sede
2051 940 2398 996 traditionem
2435 943 2489 996 in
2519 943 2621 998 hoc
2667 945 2856 1000 eodem
2903 947 3084 1003 libello
3128 950 3328 1005 frustra
3375 967 3468 1016 re-\

1893 1049 2184 1102 quirtmus.

1893 1145 2035 1200 XIV.
2067 1147 2393 1203 Heterodoxi
2421 1150 2582 1204 libelli
2619 1152 2680 1204 de
2699 1152 2902 1206 duabus
2929 1155 3134 1208 naturis
3167 1158 3463 1211 testimonio

1964 1235 2234 1286 perperam
2290 1222 2899 1277 transsubstantiationis
2952 1228 3259 1294 mysterium
3300 1245 3464 1298 oppu-

1967 1305 2128 1357 gnare
2158 1300 2437 1344 conantur.

1966 1377 2329 1445 Quamobrem
2385 1382 2547 1435 etiam
2603 1382 2869 1436 miramur
2919 1385 3185 1453 quosdam
3251 1383 3463 1440 hetero-

1895 1472 2090 1538 doxos,
2123 1472 2213 1542 qui
2243 1489 2400 1526 veras
2435 1474 2658 1540 critica},
2685 1483 2744 1527 ut
2776 1476 2962 1538 aiunt,
3003 1476 3219 1544 regulas
3245 1477 3461 1541 callent,

1897 1562 2156 1632 neglectis
2199 1569 2280 1615 tot
2322 1563 2673 1633 antiquorum
2707 1563 2927 1617 Patrum
2980 1565 3340 1628 testimoniis,
3397 1581 3465 1618 ex

1897 1653 2003 1708 hoc
2037 1653 2211 1708 dubiae
2240 1655 2359 1707 (ἰόρὶ
2397 1655 2598 1724 scripto
2643 1656 2910 1709 deducere
2941 1657 3166 1722 conari,
3213 1655 3270 1710 S.
3305 1656 3467 1710 Gela-

1900 1745 2040 1798 sium
2092 1760 2287 1814 papam
2324 1747 2696 1815 augustissimi
2737 1747 3094 1802 Eucharistize
3142 1749 3466 1803 sacramenti

221 1854 388 1908 opere
420 1840 497 1893 De
521 1841 927 1909 antiquitatibus
961 1839 1105 1894 Orta:
1132 1841 1264 1910 (50),
1286 1841 1438 1895 libris
1467 1841 1571 1894 illis
1601 1841 1657 1895 S.
1689 1842 1794 1898 Ge-
1825 1821 1865 1875 Β
1896 1838 2558 1893 transsubstautiationem
2615 1855 2872 1909 negasse;
2926 1855 3048 1893 cum
3101 1841 3153 1894 in
3197 1841 3467 1910 genuinis,

221 1933 398 1988 Iasius
451 1948 559 1985 non
609 1947 674 1986 eo
717 1931 823 1984 ﬁne
872 1931 1164 2002 apocryphi
1215 1941 1397 1986 notam
1451 1933 1688 1997 inussit,
1738 1943 1799 1988 ut

221 2033 474 2078 moneret
507 2022 805 2077 catholicos
827 2023 976 2076 viros
1009 2038 1076 2076 ne
1104 2021 1234 2091 ipsis
1263 2023 1424 2076 ullam
1480 2023 1799 2078 adhiberent

221 2117 418 2179 ﬁdem,
463 2132 530 2169 eo
571 2115 716 2185 quod
762 2115 1061 2170 haeresibus
1116 2124 1419 2179 scaterent,
1450 2116 1544 2170 sed
1578 2124 1635 2169 ut
1665 2117 1798 2186 ipsis

218 2208 548 2262 canoaicam
589 2214 802 2259 tantum
835 2205 1214 2259 auctoritatem
1245 2206 1591 2276 deuegareut.
1629 2208 1800 2261 Anto-

219 2299 346 2351 nius
375 2297 656 2350 Arnaldus
694 2295 747 2349 in
783 2294 986 2349 eximio
1019 2295 1110 2348 illo
1142 2311 1304 2364 opere
1344 2297 1606 2352 adversus
1635 2297 1798 2351 Clau-

219 2389 372 2443 dium
410 2388 911 2442 Charentonensem
943 2397 1276 2457 caeterosque
1313 2387 1666 2444 Calvinianos
1696 2406 1797 2460 pro

219 2488 581 2537 sacrosancto
606 2477 962 2533 Eucharistiae
985 2488 1328 2534 sacramento
1355 2490 1464 2533 tam
1497 2481 1800 2535 luculenter

219 2573 564 2641 eOnScripto,
591 2571 823 2625 mediam
857 2571 1140 2640 proﬁtetur
1169 2572 1515 2635 sententiam,
1551 2571 1800 2626 videlicet

220 2664 324 2720 hoc
359 2663 713 2733 opusculum,
737 2663 1054 2731 quod'nunc
1081 2671 1347 2730 superest,
1368 2677 1488 2717 esse
1525 2661 1799 2732 fragmen-

217 2765 334 2810 tum
369 2753 556 2824 magni
587 2754 769 2822 operis
801 2750 857 2806 S.
891 2753 1093 2806 Gelasii
1135 2767 1286 2822 papa:
1339 2753 1602 2808 adversus
1633 2752 1798 2824 Euty-

218 2849 437 2902 chetem
473 2847 612 2914 (5|).
657 2843 853 2899 Verum
915 2845 1408 2914 quomodocuuque
1437 2861 1556 2899 sese
1589 2861 1674 2900 res
1710 2846 1801 2900 ha-

217 2939 364 3004 heat,
429 2938 570 2991 hanc
629 2935 984 3005 quaestionem
1041 2935 1172 2989 viris
1223 2935 1564 2990 doctioribus
1616 2936 1798 2990 discu-

218 3030 461 3085 tiendam
513 3027 892 3097 relinquimus.
925 3025 1092 3082 Nobis
1145 3027 1523 3082 tantummodo
1568 3027 1800 3082 suﬁiciat

214 3120 491 3189 probasse
545 3117 814 3172 incertum
874 3118 1052 3171 adhuc
1093 3132 1212 3171 esse
1257 3134 1385 3172 num
1435 3118 1491 3172 ὃ.
1550 3117 1798 3174 Gelasius

217 3227 355 3281 papa
392 3211 561 3281 hujus
589 3211 754 3265 libelli
786 3220 976 3266 auctor
1005 3211 1296 3275 exstiterit,
1325 3212 1621 3280 quominus
1659 3227 1799 3281 Opus

217 3305 348 3358 illud
379 3312 644 3372 tanquam
691 3304 987 3372 genuinum
1030 3312 1078 3356 et
1115 3303 1311 3371 grande
1352 3305 1524 3372 ipsius
1562 3303 1798 3356 volumen

217 3408 413 3454 contra
443 3396 802 3468 Eutychetem
836 3398 899 3451 de
945 3399 1151 3450 duabus
1182 3398 1386 3452 naturis
1431 3400 1483 3469 in
1511 3397 1720 3450 Christo
1769 3414 1799 3452 a

218 3493 378 3545 nobis
417 3491 625 3559 suscipi
669 3491 878 3545 debeat.
933 3489 1272 3560 Quapropter
1306 3492 1605 3545 doctissimi
1640 3490 1802 3544 Tille-

217 3583 418 3638 montii
467 3582 580 3652 (52)
619 3592 1002 3652 argumentum
1055 3584 1270 3652 penitus
1303 3584 1571 3648 concidit,
1607 3584 1697 3652 qui
1733 3600 1795 3636 ex

219 3674 318 3730 hac
346 3675 556 3730 Gelasii
590 3690 772 3743 papa},
808 3685 866 3728 ut
896 3675 1010 3744 ipse
1043 3675 1307 3740 credidit,
1341 3675 1407 3730 de
1442 3673 1497 3728 S.
1529 3673 1798 3745 Hippolyti

219 3769 348 3826 sede
377 3768 673 3832 sententia,
699 3767 913 3822 etiamsi
939 3767 1027 3821 illa
1059 3766 1374 3838 longissime
1403 3783 1432 3820 a
1467 3783 1594 3822 vero
1617 3769 1798 3830 distet,

289 3927 405 3998 (29)
431 3925 678 3998 Rectein
702 3926 840 3998 hanc
864 3940 984 3998 rem
1002 3925 1117 3978 hinc
1135 3919 1694 3998 scribitBaroniuspti
1716 3919 1801 3998 di_-_

136 4047 148 4067 ,
220 3991 536 4054 εῑιίηίθηη.
567 3996 692 4058 496,
713 4013 766 4050 n.
792 3996 901 4067 Egit
933 3995 986 4048 Si
1019 4005 1259 4067 tempore
1275 3991 1802 4067 (lassioderiGelasii

221 4069 476 4138 aequalis,
505 4067 620 4121 sive
648 4067 766 4136 ipso
793 4065 1006 4119 Gelasio
1025 4066 1260 4126 vivente,
1294 4065 1410 4118 sive
1436 4064 1616 4138 potius
1642 4064 1803 4132 paulo

221 4135 343 4209 post
373 4140 501 4208 ejus
545 4135 752 4191 obitum
780 4175 794 4197 ,
844 4144 1052 4189 tantum
1097 4137 1250 4209 nefas
1281 4135 1497 4209 aggredi
1531 4150 1672 4209 ausa
1722 4144 1805 4206 est

221 4203 422 4263 audax'
458 4209 839 4261 haereticorum
895 4203 1293 4274 przesumptio,
1341 4214 1398 4256 ut
1455 4203 1802 4274 Pelagianum

221 4295 360 4348 opus
385 4278 594 4332 Gelasii
630 4279 850 4348 nomine
872 4273 1186 4348 praenotarit
1207 4293 1231 4348 ;_
1255 4274 1385 4342 quid
1419 4273 1554 4326 adeo
1593 4273 1804 4348 miran-

218 4345 345 4403 dum
399 4350 450 4402 si
496 4347 984 4402 commentariolus
1031 4345 1152 4406 ille,
1202 4345 1270 4397 de
1297 4359 1406 4412 quo
1439 4353 1521 4396 est
1551 4345 1800 4412 quaestio,

218 4421 468 4488 ejusdem
525 4419 745 4488 nomine
791 4416 1100 4488 inveniatur
1142 4415 1354 4488 eodem_
1385 4423 1628 4482 tempore
1681 4429 1803 4488 esse

219 4483 520 4559 vulgatus?
547 4509 565 4539 ι
615 4487 679 4542 Et
707 4503 860 4544 num.
886 4486 939 4550 7,
972 4485 1063 4540 ubi
1082 4485 1209 4559 agit
1236 4485 1301 4559 de
1327 4483 1535 4559 Joanne
1566 4500 1701 4559 papa
1736 4483 1799 4544 ll,

1898 1945 2018 1998 qua:
2061 1940 2383 1998 supersunt,
2425 1931 2693 2000 epistolis,
2741 1933 2927 1987 eadem
2968 1933 3068 1986 SS.
3128 1932 3369 2001 pontifex
3403 1933 3469 1987 de

1899 2020 2508 2075 transsubstantiatione
2537 2022 2816 2086 docuerit,
2845 2037 2966 2090 quae
2997 2022 3336 2076 tradiderunt
3367 2038 3469 2075 au-

1900 2110 2190 2180 tiquissimi
2241 2111 2429 2166 Patres
2480 2111 2772 2182 Origenes,
2820 2111 3056 2169 lrenzeus
3078 2156 3091 2175 ,
3123 2114 3428 2186 Cyprianus
3451 2155 3468 2182 ,

1899 2202 2100 2271 aliique
2131 2203 2242 2273 (55)
2265 2243 2278 2267 ,
2309 2219 2541 2270 quorum
2571 2203 3001 2258 luculentissima
3026 2205 3338 2258 testimonia
3362 2220 3468 2257 non

1880 2285 2009 2350 uno
2041 2297 2092 2348 in
2121 2295 2241 2349 loco
2282 2297 2470 2349 recitat
2499 2297 2566 2351 cl.
2587 2297 2899 2373 [monachus
2930 2296 3205 2366 Remigius
3251 2295 3470 2349 Ceillie-

1899 2385 2015 2439 rius
2057 2384 2190 2456 (54).
2243 2385 2503 2451 Quinimo
2551 2402 2616 2439 ex
2670 2387 2916 2456 ipsismct
2963 2387 3164 2439 laudati
3222 2385 3468 2456 Opusculi

1898 2476 2118 2542 verbis,
2173 2493 2295 2546 qua:
2343 2478 2499 2531 nobis
2548 2494 2744 2547 magno
2775 2478 3014 2531 clamore
3051 2477 3286 2531 lneretici
3334 2476 3470 2543 obji-

1899 2565 2088 2632 ciunt,
2128 2567 2264 2620 nihil
2299 2568 2490 2622 deduci
2532 2578 2705 2638 potest
2752 2571 2896 2640 quod
2931 2571 3215 2624 sententia:
3257 2570 3470 2624 hetero-

1899 2658 2168 2714 doxorum
2221 2660 2429 2726 faveat;
2466 2663 2626 2716 verba
2659 2663 2802 2717 enim
2851 2664 2984 2718 illa:
3027 2682 3044 2714 ι
3074 2663 3231 2717 Certa
3284 2677 3471 2717 sacra-

1901 2761 2105 2817 menta,
2136 2769 2257 2821 qua:
2283 2753 2572 2816 sumimus,
2605 2755 2852 2824 corporis
2879 2766 2932 2810 et
2963 2755 3246 2824 sanguinis
3269 2751 3471 2810 Christi

1900 2844 2081 2898 divina
2114 2861 2199 2897 res
2230 2854 2351 2911 est,
2385 2856 2606 2914 propter
2632 2847 2796 2915 quod,
2833 2855 2888 2900 et
2920 2862 3014 2916 per
3041 2847 3230 2899 eadem
3275 2845 3472 2901 divina

1878 2935 2163 2990 'ellicimur
2193 2947 2476 2991 consortes
2507 2948 2714 2993 naturze
2735 2979 2748 3002 ,
2781 2947 2834 2993 et
2864 2949 3043 2992 tamen
3078 2954 3200 2992 esse
3237 2953 3343 2991 non
3376 2939 3472 2992 de-

1902 3027 2032 3081 sinit
2071 3028 2376 3081 substantia
2403 3070 2418 3091 ,
2463 3028 2545 3081 vel
2579 3039 2770 3083 natura
2818 3030 2974 3098 panis
3022 3038 3076 3082 et
3119 3028 3228 3081 vini
3275 3027 3416 3098 (55);
3446 3045 3469 3080 ι

1902 3138 2010 3176 non
2035 3131 2161 3177 sunt
2188 3123 2521 3192 accipienda,
2546 3125 3004 3193 quemadmodum
3027 3123 3282 3177 Albertus
3304 3120 3472 3175 Clau-

1901 3215 2022 3270 dius
2057 3215 2203 3283 (36),
2249 3225 2301 3270 et
2334 3231 2504 3284 nuper
2539 3215 2861 3269 Guilielmus
2897 3216 3039 3268 Cave
3073 3214 3218 3281 (57),
3272 3213 3473 3281 aliique

1901 3307 2252 3374 heterodoxi,
2303 3307 2393 3376 qui
2428 3308 2838 3361 sacramentarii
2887 3307 3174 3371 dicuntur,
3206 3305 3472 3374 interpre-

1903 3383 2105 3464 tantur,
2135 3400 2294 3470 quasi
2322 3397 2595 3465 Gelasius,
2629 3414 2721 3452 seu
2751 3397 3000 3468 quisquis
3046 3397 3117 3450 sit
3144 3396 3306 3465 hujus
3337 3409 3473 3464 opu-

1901 3495 2034 3549 sculi
2065 3502 2275 3558 auctor,
2297 3493 2348 3546 in
2377 3492 2725 3546 sanctissimo
2752 3490 3103 3544 Eucharistize
3131 3499 3474 3545 sacramento

1903 3597 2026 3658 post
2055 3586 2519 3641 consecrationem
2565 3601 2747 3638 veram
2791 3584 2947 3652 panis
2995 3582 3354 3637 substantiam
3387 3597 3472 3636 re-

1904 3696 2121 3734 manere
2175 3680 2483 3734 crediderit.
2546 3677 2715 3732 Voces
2794 3677 2938 3729 enim
2999 3676 3102 3729 illae
3159 3673 3341 3738 οὐσίας
3419 3681 3472 3727 et

1903 3774 2116 3843 φύσεως
2166 3772 2309 3841 apud
2351 3770 2604 3834 Graecos,
2656 3767 2968 3820 substantia:
2997 3776 3049 3820 et
3080 3778 3285 3819 natura:
3330 3763 3471 3834 apud

1903 3931 1969 3986 de
2004 3937 2155 3982 textu
2185 3943 2250 3981 ex
2288 3927 2470 3982 libello
2504 3926 2563 3979 S.
2592 3923 2792 3979 Gelasii
2813 3923 3115 3988 ‘(lesumpto
3143 3934 3158 3969 :
3203 3939 3220 3970 ι
3260 3917 3334 3971 Le
3358 3933 3468 3986 pre-

1903 4006 2041 4054 mier
2085 4001 2150 4051 de
2184 4014 2272 4052 ces
2308 4007 2527 4051 auteurs
2566 4007 2648 4050 est
2687 3997 2734 4048 le
2782 4008 2916 4062 pape
2964 3992 3189 4051 Gelase,
3230 3992 3362 4062 dont
3396 3989 3473 4043 les

1873 4071 2183 4126 .ministres
2227 4070 2294 4121 de
2347 4068 2469 4121 llale
2505 4079 2599 4119 om
2629 4065 2726 4118 fait
2758 4057 3036 4130 impritner
3066 4077 3138 4114 un
3175 4057 3368 4130 traité,
3399 4075 3470 4113 ou

1907 4142 2080 4209 plnlot
2110 4155 2181 4190 un
2216 4137 2484 4209 fragtncnt
2510 4146 2698 4209 eontre
2723 4127 3065 4209 lesliérésies
3093 4131 3158 4183 de
3188 4127 3472 4209 Nestorius

1874 4206 1878 4212 ’
1904 4199 1957 4263 et
1989 4199 2336 4277 tl‘Euty'clies,
2370 4207 2462 4275 qui
2493 4216 2577 4259 est
2609 4203 3066 4277 tres-delectueux
3110 4209 3162 4277 et
3189 4199 3470 4277 tres-plent

1903 4282 1971 4334 de
2003 4268 2178 4332 iantes
2198 4320 2212 4342 ,
2247 4268 2459 4330 eamme
2488 4275 2751 4329 Aubertiu
2789 4275 2966 4326 meme
3006 4281 3091 4325 est
3113 4268 3292 4339 obligé
3324 4269 3391 4323 de
3423 4269 3473 4323 le

1875 4386 1879 4390 .
1904 4352 2272 4404 recttttttailre.
2321 4365 2340 4398 δ
3014 4376 3022 4380 -

1976 4419 2087 4488 (5:2)
2131 4418 2338 4488 Saepius
2372 4418 2538 4472 citato
2585 4424 2718 4488 tam.
2768 4413 2872 4488 llli,
2914 4429 3038 4488 pag.
3073 4408 3365 4488 6733_,ttote
3403 4407 3471 4488 2,

1871 4484 1876 4490 ’
1905 4479 1999 4546 sur
2026 4479 2171 4543 suint
2199 4479 2527 4559 Hippolyte:
2567 4506 2585 4537 t
2617 4485 2752 4539 Mais
2772 4527 2786 4550 ,
2824 4487 2889 4559 tle
2918 4479 3050 4559 plus
3071 4523 3086 4545 ,
3119 4479 3328 4559 Is’iluest
3353 4479 3471 4558 vrai

217 4549 334 4629 qui‘
349 4562 487 4614 citat
539 4559 851 4626 hujusmodi
893 4549 1031 4626 opus
1081 4549 1377 4631 in'epistol.
1426 4556 1496 4606 ad
1547 4549 1797 4631 (iri—enunt
1828 4553 1873 4606 D
1902 4577 2009 4631 que
2036 4561 2084 4612 le
2110 4575 2244 4628 pape
2267 4549 2458 4614 G'élase
2493 4558 2606 4611 l‘ait
2637 4572 2732 4631 cru
2771 4549 3169 4631 metropolitani
3194 4549 3469 4631 d’Ara'nie,

217 4626 460 4700 aliosque
493 4639 783 4686 senatores.
835 4643 956 4700 quae
983 4635 1065 4681 est
1097 4643 1251 4681 nmn.
1281 4626 1348 4700 ἵε,
1370 4636 1424 4700 et
1453 4626 1709 4700 repetitur
1749 4627 1801 4676 in

218 4694 434 4756 tome
469 4700 689 4753 Collect.
724 4694 1102 4760 conciliorum,
1139 4712 1258 4765 pag.
1289 4697 1393 4750 896
1424 4695 1552 4750 edit.
1591 4694 1802 4749 Veneta:

216 4788 346 4826 ann.
387 4771 558 4834 1728,
588 4771 664 4823 ait
689 4772 844 4824 citari
873 4771 1089 4837 quidem
1116 4767 1422 4837 Gelasium,
1470 4767 1562 4820 sed
1596 4766 1801 4837 absque

216 4843 330 4896 ullo
367 4841 602 4894 Romani
630 4835 902 4909 pontiﬁcis
929 4839 1106 4891 titulo.
1137 4835 1407 4909 Incertum
1435 4845 1518 4909 est
1550 4836 1797 4903 proinde,

216 4929 283 4966 an
321 4912 603 4966 Gelasium
630 4907 830 4979 papam
867 4908 1104 4963 Joannes
1126 4907 1601 4979 (intellexeritzcn
1636 4909 1798 4979 verba

218 4985 400 5052 ipsius
442 4977 669 5035 Joannis
710 4977 835 5049 pag.
871 4979 974 5052 §98
1009 4994 1079 5052 :_¢
1112 4977 1360 5032 Gelasius
1404 4993 1471 5030 ex
1519 4977 1658 5030 libro
1699 4977 1798 5030 ad-

215 5049 418 5108 versus
451 5053 756 5105 Nestorium
783 5059 835 5104 et
871 5049 1188 5118 Eutychetu.
1228 5066 1246 5098 ι

289 5126 408 5196 (3U)
451 5122 572 5176 Lib.
611 5138 682 5184 ll,
715 5135 836 5196 cap.
863 5121 924 5184 5,
955 5116 991 5190 δ’
1013 5120 1081 5180 5,
1111 5135 1231 5196 pag.
1264 5116 1370 5196 21:7
1398 5124 1451 5170 et
1483 5131 1631 5196 seqq.
1654 5116 1798 5196 ,_ubi

215 5187 464 5264 quonam
499 5208 661 5247 sensu
693 5187 918 5264 verbum
955 5187 1253 5264 apocrypha
1303 5187 1376 5241 sit
1423 5187 1797 5264 accipiendum

217 5258 427 5320 diserte
487 5264 676 5317 multis
736 5263 912 5316 allatis
983 5258 1353 5314 eruditiouum
1426 5258 1798 5312 monumentis

218 5336 482 5392 ostendit.
517 5333 725 5388 Decreti
757 5331 1030 5387 Gelasiani
1061 5334 1176 5384 hare
1207 5338 1334 5383 sunt
1359 5330 1522 5382 verba
1545 5328 1799 5382 ειΗὶςιο-
1825 5374 1828 5377 .

219 5410 297 5461 ria
347 5403 894 5476 EusebiigPamphili
943 5403 1273 5476 apocrypha.
1309 5419 1325 5450 ι
1356 5398 1799 5476 ΑᾛύςΡιθομξεᾳ-

220 5494 381 5533 mena
452 5477 523 5532 ad
592 5469 779 5530 Vitas'
815 5469 1405 5543 pontiﬁcum—losepbi
1481 5469 1796 5543 Blanchiui,

218 5563 344 5617 pag.
397 5549 504 5610 67,
551 5557 682 5602 tom.
741 5541 824 5598 ιγ’
856 5541 986 5597 edit.
1035 5541 1438 5617 Romm_l?35,
1479 5541 1569 5593 ubi
1618 5541 1797 5610 ipsum

222 5614 509 5673 S.Gelasii
539 5619 818 5671 decretum
850 5619 1192 5668 emendatum
1229 5614 1476 5665 habetur.

293 5691 408 5760 (5|)
440 5690 520 5742 La
550 5687 839 5760 perpetuité
865 5687 928 5760 _de
961 5685 1009 5736 la
1025 5685 1133 5760 fui
1158 5685 1222 5736 de
1253 5683 1471 5760 l‘_l_§glise
1503 5679 1798 5760 cat/talique
1865 5689 1871 5694 '

224 5753 478 5816 tourhant
528 5753 904 5813 l‘Eucharistie
947 5755 1232 5820 defendite,
1283 5755 1374 5806 lib.
1412 5769 1475 5812 v.
1526 5768 1645 5819 cap.
1695 5753 1793 5816 lt),

226 5845 361 5889 tom.
398 5830 462 5885 Ill
486 5872 500 5899 ,
538 5846 661 5902 pag.
698 5829 804 5888 228
837 5827 965 5882 edit.
999 5826 1170 5884 Paris.
1206 5841 1334 5884 altu.
1369 5821 1528 5888 ΠΜ,
1561 5824 1649 5876 ubi
1685 5827 1794 5893 agit

1901 4619 2318 4702 quand'm'éme
2367 4631 2404 4684 il
2452 4643 2510 4683 se
2559 4629 2724 4682 serait
2769 4619 2979 4702 trnmpé
3018 4639 3093 4702 en_
3141 4623 3290 4682 cela,
3341 4619 3473 4702 c‘est

1905 4695 2224 4758 tieanmoins
2273 4718 2378 4754 une
2428 4714 2627 4768 preuve
2680 4695 3268 4769 manil'est_e_qu'oune
3303 4695 3473 4769 savait

1902 4773 2056 4844 point
2089 4772 2118 4824 :‘t
2151 4772 2349 4844 Home,
2387 4759 2443 4824 a'
2467 4770 2514 4821 la
2541 4771 2629 4844 diu
2663 4768 2732 4820 du
2765 4775 2818 4819 v'
2870 4759 3473 4844 gecle,‘_qu‘il.eut_été

1902 4829 2105 4905 eveque
2142 4842 2196 4893 ni
2231 4843 2256 4894 Ξι
2293 4829 2474 4900 Porto,
2501 4839 2553 4890 ui
2589 4854 2654 4889 en
2684 4829 3051 4890 aucuu'itutre
3077 4829 3182 4886 lieu
3209 4829 3466 4882 d’ltalie.»

1974 4914 2085 4978 (55)
2148 4912 2224 4964 De
2271 4909 2661 4982 augustissimo
2713 4905 3068 4982 Eneharistire
3127 4907 3471 4979 sacramento

1873 4970 2079 5036 'multa'
2117 4970 2579 5050 scripsitvcitatus
2624 4977 2897 5050 Arnaldus
2930 4976 3000 5050 _in
3033 4970 3248 5050 egregio
3284 4985 3466 5050 opere,

1870 5055 2062 5123 'cujus
2107 5041 2359 5120 superius
2395 5049 2725 5123 meutipnem
2781 5041 3103 5123 habuimus,
3133 5041 3238 5123 (ubi
3282 5041 3468 5123 inultis

1902 5111 1986 5178 in.
2010 5124 2144 5176 locis
2177 5111 2504 5175 sanctorum
2559 5117 2781 5171 Patrum
2812 5113 3096 5169 sententiae
3125 5121 3176 5166 et
3209 5111 3468 5163 doctrinas

1871 5243 1875 5248 .
1902 5194 2269 5264 reperiuntur.
2361 5203 2363 5206 ‘

1976 5265 2089 5335 (54)
2128 5262 2434 5335 Praesertim
2471 5269 2604 5335 tom.
2633 5256 2652 5310 l
2682 5256 2826 5311 Hist.
2848 5254 3234 5335 ΔςίέιιέιγιΙε-ιίεει¹
3257 5261 3468 5335 ᾳυιςμνε

1900 5320 2084 5389 sacres,
2111 5343 2162 5386 et
2200 5331 2648 5402 ecclesiastiques,
2677 5344 2798 5395 cap.
2840 5320 2934 5402 li,
2967 5337 3070 5402 art.
3102 5327 3155 5402 ξ,
3184 5322 3272 5402 ubi
3300 5320 3468 5402 reler-

1900 5416 1992 5460 tur
2045 5405 2293 5458 doctrina
2339 5405 2397 5456 ὃ.
2449 5395 2638 5470 lgnatii
2684 5401 2940 5470 martyris
2987 5401 3052 5453 de
3099 5395 3463 5459 Eucharistia,

1900 5477 2054 5530 nam.
2088 5476 2140 5539 5,
2173 5489 2292 5542 pag.
2327 5473 2451 5526 660.

1972 5543 2084 5615 ('55)
2129 5532 2296 5612 'A'pu’d
2348 5539 2758 5615 B:tronium__ad
2803 5540 3005 5615 dictum
3059 5551 3262 5591 annum
3319 5532 3464 5600 496,

1869 5610 2140 5672 'nuiu.'9.
2182 5610 2298 5682 pag.
2331 5614 2456 5668 597.
2487 5622 2617 5663 tom.
2654 5610 2762 5662 Vlll
2794 5613 2884 5664 cit.
2922 5611 3051 5663 edit.

1972 5674 2410 5768 (Sﬁli‘yege’ndus
2434 5682 2707 5736 Arnaldus
2742 5684 2904 5735 citato
2938 5696 3074 5734 tom.
3107 5674 3198 5742 ιιι,
3225 5691 3344 5746 cap.
3374 5674 3462 5747 ω,

1900 5757 2021 5829 pag.
2056 5757 2160 5810 9.27
2193 5764 2244 5807 et
2282 5771 2434 5822 seqq.
3350 5815 3362 5827 .

1972 5828 2084 5890 (37)
2128 5825 2282 5879 Tum.
2323 5825 2537 5888 lcitat.,
2574 5840 2694 5890 pag.
2726 5819 2848 5887 £63,
2885 5822 2972 5875 ubi
3004 5819 3242 5881 libellum
3273 5817 3460 5891 hujus-
