3826 6476
476 328 580 390 507

1261 329 1350 384 DE
1387 275 1780 387 PQRTUENSI
1822 327 1878 384 8.
1917 323 2278 382 HlPPOLY'l‘l
2327 323 2518 380 SEDE.
2555 353 2625 366 —-
2658 323 2838 381 PARS
2868 323 2938 380 11.
3559 323 3638 385 508

478 443 707 502 Latinos
737 445 1078 516 promiscue,
1115 462 1215 517 pro
1249 448 1511 518 speciebus
1539 465 1634 505 seu
1666 450 2042 515 accidentibus,
2074 455 2120 512 Α
2147 463 2273 503 cum
2313 448 2462 503 nulla
2493 463 2560 502 ex
2591 449 2676 504 sui
2723 457 2877 519 parte
2920 446 2991 502 iis
3012 488 3026 513 ,
3069 459 3190 516 qua
3224 444 3290 500 de
3331 443 3441 514 ipso
3475 446 3641 518 antiqui

479 546 772 607 usurpatas
801 537 971 594 fuisse
1015 540 1222 596 centies
1262 541 1567 596 docuerunt
1598 541 1776 611 magni
1805 541 1906 595 viri
1935 541 2042 596 Ba-

477 627 670 684 ronius
711 630 856 697 (38),
902 630 1175 686 Arnaldus
1226 632 1368 702 (59),
1411 632 1773 688 Bellarminus
1811 631 1944 703 (40),
1990 641 2045 688 et

475 722 773 776 n0vissime
820 721 1173 776 Orientalium
1242 723 1548 794 linguarum
1606 726 2042 781 consultissimus

474 810 703 867 Michael
745 813 1050 881 Lequienus
1081 814 1190 885 (41)
1223 820 1341 870 0rd.
1378 815 1602 871 Praedic.
1646 818 1928 886 theologus
1960 819 2043 871 in-

475 908 666 978 signis.
712 909 962 976 Etenim,
1009 920 1068 965 ut.
1112 913 1246 966 scite
1293 911 1547 964 observat
1595 927 1821 981 magnus
1859 914 2041 965 Anna-

471 1000 604 1054 lium
636 1001 1105 1055 ecclesiasticarum
1150 1019 1366 1071 parens,
1401 1003 1607 1072 antiqui
1634 1003 1822 1058 Patres
1851 1003 2042 1073 hujus-

471 1093 618 1147 modi
656 1095 882 1148 vocibus
937 1096 1076 1149 bona
1124 1095 1226 1150 ﬁde
1269 1104 1401 1150 tunc
1440 1095 1702 1164 temporis
1733 1097 2042 1164 promiscue

470 1187 554 1241 usi
585 1198 743 1249 sunt;
774 1187 1042 1242 haereticis
1074 1188 1219 1241 enim
1275 1188 1518 1242 nondum
1561 1189 1766 1244 exortis
1800 1191 2041 1244 securior

469 1278 792 1347 simplicitas
842 1280 1198 1349 loquebatur;
1246 1295 1435 1334 verum
1482 1295 1602 1334 cum
1653 1280 2040 1350 superveniens

467 1372 848 1426 hmreticorum
877 1373 1082 1426 malitia
1134 1371 1426 1426 subtilibus
1449 1372 1884 1428 cavillationibus
1908 1373 2041 1427 sim-

463 1463 748 1532 pliciorum
782 1465 980 1518 animis
1009 1463 1191 1520 fucum
1222 1463 1400 1519 facere
1431 1475 1742 1531 conaretur,
1775 1481 1911 1536 opus
1935 1465 2040 1520 fuit

463 1556 774 1624 excogitare
799 1556 1045 1624 qumdam
1091 1556 1388 1624 vocabula,
1432 1556 1785 1611 accidentium
1832 1558 2040 1614 scilicet

463 1661 556 1699 seu
590 1647 878 1714 specierum
898 1687 911 1710 ,
943 1662 1064 1716 qua:
1093 1649 1438 1717 apertissime
1473 1649 1852 1705 haereticorum
1885 1651 2039 1720 quis-

461 1737 661 1806 quilias
716 1747 771 1792 et
825 1740 1198 1795 cavillationes
1247 1741 1682 1810 pessumdarcut.
1757 1742 2034 1796 Immerito

2148 538 2442 606 scriptores
2464 538 2823 604 tradiderunt,
2849 537 3196 606 respondeat.
3215 533 3402 590 Verum
3421 535 3461 591 si
3487 537 3641 608 aliquis

2143 630 2382 686 Antonio
2407 630 2646 684 Arnaldo
2672 628 2923 684 assentiri
2953 629 3238 694 maluerit,
3278 628 3392 694 hoc,
3421 630 3544 698 quod
3571 629 3639 684 ha-

2143 721 2336 776 bemus
2361 763 2374 787 ,
2403 737 2522 777 esse
2553 721 2826 775 Gelasiani
2859 721 3039 790 operis
3066 721 3309 774 mutilum
3340 719 3640 789 fragmentum

2141 813 2397 867 libentius
2439 813 2892 878 concederemus;
2955 810 3047 866 sed
3099 810 3227 880 quid
3285 821 3476 866 natura:
3515 814 3642 866 verba

2144 904 2282 972 apud
2330 904 2507 972 ipsum
2558 903 2615 958 8.
2651 903 2926 958 Gelasium
2975 903 3312 972 signiﬁcent,
3351 904 3549 970 ipsemet
3591 902 3635 957 S.

2141 990 2381 1061 pontifex
2411 992 2605 1058 docet,
2642 994 2770 1048 dum
2802 993 3168 1064 Eutychianos
3217 992 3447 1047 stultitia:
3475 995 3644 1062 arguit,

2141 1084 2287 1153 quod
2317 1082 2693 1138 inﬁciarentur
2736 1085 2873 1138 duas
2915 1085 2998 1138 vel
3039 1094 3147 1138 tres
3185 1093 3404 1139 naturas
3433 1101 3537 1140 esse
3563 1101 3644 1141 non

2139 1189 2319 1244 posse.
2352 1193 2371 1226 ι
2405 1173 2546 1240 Quid
2579 1175 2726 1244 quod
2761 1175 2862 1245 ipsi
2889 1175 3056 1230 etiam
3091 1191 3254 1229 unam
3287 1176 3498 1230 dicendo
3522 1186 3646 1230 natu-

2139 1282 2256 1320 ram
2287 1267 2341 1320 in
2363 1265 2598 1320 Domino
2627 1266 2756 1322 .lcsu
2785 1267 3027 1332 Christo,
3059 1278 3266 1322 naturae
3294 1277 3459 1322 tamen
3487 1284 3645 1323 nomen

2140 1357 2542 1411 convincuntur
2587 1372 2866 1423 asserere,
2903 1373 2969 1411 an
3016 1374 3180 1412 unam
3221 1358 3378 1412 liceat
3415 1360 3647 1413 nominare

2139 1460 2411 1514 naturam,
2445 1457 2498 1503 et
2525 1448 2684 1512 duas,
2720 1449 2802 1503 vel
2835 1450 3016 1518 plures
3053 1465 3233 1503 rerum
3263 1459 3552 1504 caeterarum
3575 1464 3648 1519 ap-

2136 1542 2335 1611 pellare
2366 1540 2446 1596 t‘as
2479 1557 2587 1595 non
2616 1542 2762 1595 erit?
2791 1540 2924 1607 Quis
2961 1542 3064 1596 ista
3107 1557 3215 1595 non
3262 1542 3459 1606 rideat,
3486 1550 3532 1596 et
3557 1550 3649 1595 tan-

2137 1647 2299 1700 quam
2353 1631 2581 1701 puerilia
2639 1632 2992 1686 deliramenta
3059 1633 3324 1701 despiciat
3373 1633 3555 1704 (44)?»
3605 1631 3649 1687 Si

2137 1722 2303 1793 igitur
2333 1723 2514 1793 plures
2545 1725 2707 1778 unius
2750 1725 2827 1778 rei
2865 1735 3088 1780 naturas
3129 1741 3250 1780 esse
3283 1740 3438 1795 posse
3468 1725 3650 1780 credidit

458 1829 664 1898 pariter
694 1830 1010 1886 heterodoxi
1055 1833 1416 1897 recentiores,
1464 1835 1724 1904 neglectis
1768 1836 2033 1905 antiquis-
2061 1810 2105 1865 Β
2135 1814 2192 1867 S'
2237 1814 2515 1880 Gelasius’
2566 1831 2725 1871 nemo
2768 1833 2876 1870 "0"
2923 1818 3068 1872 Videt
3110 1834 3206 1887 pro
3245 1828 3452 1882 Μηίων
3496 1834 3648 1886 ΨΜ

459 1920 617 1974 simis
674 1919 964 1989 Patribus,
1022 1939 1052 1978 a
1112 1924 1312 1993 quibus
1363 1936 1712 1980 sacrosancta
1765 1925 2029 1982 Euchari-

457 2009 561 2063 stia
608 2026 730 2064 caro
782 2009 932 2065 Verbi
981 2011 1102 2076 Dei,
1165 2031 1350 2084 corpus
1402 2015 1616 2070 Domini
1671 2018 2029 2074 disertissime

454 2101 776 2170 appellatur,
808 2105 961 2160 nobis
997 2107 1237 2175 epistolae
1260 2107 1330 2160 ad
1357 2105 1650 2162 Caesarium
1688 2111 2023 2176 monachum,

456 2191 514 2246 8.
546 2191 742 2247 Joanni
779 2195 1169 2266 Chrysostomo
1193 2198 1498 2265 attributae,
1547 2210 1601 2255 et
1623 2201 1795 2256 sancti
1826 2201 2025 2257 Gelasii

441 2287 520 2340 vle
570 2287 784 2342 duabus
835 2291 1047 2343 naturis
1100 2290 1316 2346 inlirma
1365 2293 1676 2349 testimonia
1725 2295 2021 2364 objiciunt,

451 2393 574 2432 cum
623 2386 702 2432 tot
734 2379 1079 2434 disertissimi
1129 2381 1399 2450 primzevae
1443 2381 1731 2451 Ecclesiae,
1763 2396 2022 2455 etposte-

448 2470 656 2525 riorum
693 2481 997 2540 temporum
1033 2473 1223 2529 Patres
1253 2491 1435 2531 veram
1479 2478 1832 2534 ecclesiastici
1867 2481 2022 2550 panis

448 2564 1117 2620 transsubstantiationem
1149 2569 1504 2637 agnoverint,
1539 2579 1593 2624 ct
1621 2571 1687 2627 de
1716 2573 1901 2627 eadem
1937 2574 2022 2628 in-

445 2655 694 2710 numeris
739 2655 850 2709 fere
895 2657 1027 2712 locis
1057 2659 1398 2728 apertissime
1427 2661 1595 2716 locuti
1645 2663 1788 2732 sint;
1821 2666 2020 2736 quibus

446 2744 666 2815 putidas
701 2745 866 2802 hasce
897 2750 1223 2818 scriptorum
1266 2752 1494 2810 lacinias
1547 2757 1756 2826 magnis
1789 2756 2019 2830 Chryso-

445 2836 610 2889 stomi
660 2846 714 2892 et
769 2837 968 2894 Gelasii
1027 2843 1340 2899 nominibus
1398 2845 1683 2917 insignitas
1741 2850 2013 2919 objicere,

429 2927 806 3004 rectioribus,
845 2947 983 3001 quas
1008 2933 1244 2999 docent,
1279 2937 1481 2992 critica:
1511 2939 1710 3009 regulis
1759 2943 2015 3005 patentis-

442 3019 580 3074 sime
630 3036 932 3092 repugnare
973 3039 1133 3080 nemo
1176 3042 1282 3081 non
1334 3029 1496 3083 videt.
1537 3029 1670 3097 Quis
1721 3032 1862 3086 enim
1909 3033 2012 3088 sibi

439 3113 764 3183 persuadeat
789 3114 1261 3186 Chrysostomum,
1292 3121 1383 3189 qui
1418 3129 1496 3176 tot
1525 3123 1797 3193 tantisque
1823 3123 1880 3178 in
1923 3125 2011 3179 lo-

443 3203 523 3259 cis
567 3205 916 3262 eucbaristici
968 3209 1124 3278 panis
1171 3212 1554 3267 niiraculosam
1605 3216 2012 3271 transsubstan-

439 3298 720 3353 tiationem
754 3300 985 3372 ingenue
1014 3302 1195 3359 fassus
1218 3312 1320 3368 est,
1348 3315 1553 3360 mutata
1577 3323 1721 3363 nunc
1743 3309 2008 3364 sententia

437 3389 894 3446 beterodoxorum
925 3395 1152 3449 somniis
1184 3395 1361 3450 favere
1382 3397 1524 3468 (42);
1565 3408 1619 3454 et
1649 3401 1705 3458 S.
1734 3401 2010 3458 Gelasium

442 3483 744 3537 Romanum
789 3485 1121 3552 pontiﬁcem,
1153 3488 1244 3557 qui
1290 3488 1342 3541 in
1374 3490 1602 3558 epistola
1641 3493 1709 3544 ad
1745 3495 2010 3564 episcopos

436 3572 750 3639 Dardaniae,
787 3585 846 3629 ut
875 3587 1058 3630 monet
1084 3577 1352 3635 Baronius
1382 3581 1515 3654 (45),
1561 3585 2008 3652 augustissimum

434 3659 792 3720 Eucharistize
809 3679 1233 3732 sacramentum,
1254 3687 1440 3739 panem
1457 3675 1548 3742 qui
1567 3675 1630 3727 de
1652 3675 1776 3728 caelo
1803 3676 2010 3731 descen-

433 3754 534 3818 dit,
568 3766 752 3822 vocat,
780 3773 926 3812 nunc
961 3758 1178 3814 sibimet
1206 3764 1580 3820 contradicere
1606 3805 1620 3829 ,
1653 3777 1706 3820 et
1741 3768 1791 3821 in
1823 3785 2008 3824 sacra-

435 3842 648 3898 tissimo
674 3846 920 3914 corporis
966 3846 1169 3902 Christi
1205 3852 1464 3920 mysterio
1503 3855 1804 3910 naturalem
1851 3859 2006 3926 panis

431 3933 794 3989 substantiam
845 3946 970 4006 post
1022 3942 1455 3997 consecrationis
1500 3946 1664 4000 verba
1703 3962 2002 4018 remanere,

429 4027 720 4096 scripsisse
750 4030 853 4084 sibi
883 4034 1081 4101 poterit
1106 4035 1431 4108 imaginari?
1461 4037 1694 4109 lngenue
1725 4042 1890 4113 igitur
1922 4043 2004 4100 fa-

427 4119 528 4172 teri
567 4131 778 4190 oportet
829 4140 954 4178 cum
997 4127 1316 4184 doctissimo
1345 4129 1655 4201 Lequieno,
1703 4133 2000 4205 Epistolam

425 4211 497 4264 ad
522 4211 818 4268 Caesarium
845 4221 1161 4274 monachum
1184 4226 1478 4293 genuinum
1508 4229 1647 4284 haud
1675 4245 1796 4286 esse
1820 4233 2001 4303 magni

425 4302 798 4376 .Cbrysostomi
833 4309 1039 4380 fctum,
1083 4316 1176 4370 sed
1221 4318 1467 4386 putidum
1524 4322 1836 4391 ﬁgmentum
1879 4302 2001 4395 post

422 4408 668 4452 exortam
693 4399 930 4457 Nestorii
963 4405 1234 4474 hmresim,
1269 4410 1377 4467 imo
1408 4423 1530 4481 post
1559 4413 1999 4474 Chalcedonense

2136 1921 2231 1961 seu
2293 1908 2587 1960 accidentia
2638 1907 3000 1973 intellexisse;
3054 1910 3297 1978 alioquin
3349 1910 3393 1964 si
3449 1908 3509 1962 de
3557 1907 3651 1962 sull-

2135 1997 2332 2050 stantia
2363 1997 2577 2052 loeutus
2605 2006 2786 2063 esset,
2821 2014 2930 2053 non
2964 1999 3146 2068 plures
3167 2040 3180 2063 ,
3209 1999 3309 2054 ‘sed
3334 2000 3532 2053 unicam
3558 2013 3653 2053 esse

2133 2100 2314 2140 rerum
2338 2096 2586 2140 naturam
2618 2087 2958 2144 afﬁrmasset.
2981 2089 3246 2160 Corporis
3269 2091 3412 2144 enim
3441 2090 3651 2145 substan-

2131 2176 2228 2244 tia,
2255 2177 2408 2247 juxta
2452 2179 2696 2250 egregios
2724 2181 3100 2252 philosophos,
3133 2183 3293 2238 unica
3325 2192 3427 2250 est,
3454 2182 3654 2238 acciden-

2132 2270 2202 2324 tia
2232 2285 2366 2324 vero
2391 2285 2487 2324 seu
2516 2273 2722 2342 species
2753 2275 3187 2344 quamplurima.

2197 2383 2313 2440 XV.
2355 2384 2609 2455 Ejusdem
2639 2388 2804 2442 libelli
2829 2391 3017 2443 incerti
3047 2393 3277 2445 auctoris
3311 2393 3371 2446 de
3402 2391 3610 2446 Arabicae

2257 2483 2260 2487 -
2337 2454 2406 2510 S.
2431 2457 2699 2528 Hippolyti
2727 2459 2843 2513 sede
2873 2464 3130 2515 sententia
3157 2463 3481 2532 expcnditur.

2198 2546 2303 2602 Sed
2350 2549 2417 2604 de
2451 2549 2536 2604 his
2586 2551 2882 2620 hactenus;
2937 2569 3082 2608 nunc
3133 2555 3196 2608 ad
3246 2553 3306 2610 8.
3355 2553 3654 2627 Hippolytum

2127 2650 2498 2707 revertamur,
2531 2659 2691 2714 quem
2736 2645 3044 2714 Stephanus
3071 2645 3348 2718 Lemoyne
3370 2649 3498 2719 (45),
3527 2649 3656 2718 hujus

2123 2735 2370 2803 opusculi
2418 2737 2728 2791 testimonio
2790 2737 3047 2802 innixus,
3101 2739 3343 2794 Arabem
3388 2743 3655 2811 episcopum

2123 2824 2292 2881 fuisse
2342 2828 2579 2897 conjicit.
2631 2827 2708 2882 En
2740 2830 3027 2900 ipsiusmet
3075 2833 3286 2902 antiqui
3319 2835 3578 2904 scriptoris
3611 2834 3654 2888 in

2120 2918 2345 2988 praefato
2371 2921 2634 2990 opusculo
2674 2925 2870 2978 verba:
2914 2943 2932 2976 ι
2972 2923 3028 2980 8.
3073 2923 3345 2999 Hippolyti
3377 2928 3591 2998 episeOpi
3616 2936 3658 2982 et

2119 3013 2376 3082 martyris
2401 3013 2637 3068 Arabum
2666 3017 2983 3086 metropolis
3004 3019 3057 3071 in
3086 3018 3347 3074 Memoria
3365 3022 3611 3074 hensum.
3634 3037 3652 3070 ι

2119 3101 2422 3174 Perpendat
2455 3106 2619 3176 igitur
2665 3108 2834 3162 lector
2879 3126 3009 3164 num
3047 3111 3149 3167 hoc
3194 3115 3586 3187 testimonium,
3614 3112 3659 3169 in

2119 3211 2248 3265 quo,
2279 3207 2336 3251 ut
2364 3208 2508 3254 recte
2529 3198 2904 3256 Tillemontius
2933 3203 3043 3273 (46)
3072 3207 3305 3273 monuit,
3336 3207 3665 3276 grammatice

2114 3289 2256 3360 leges
2307 3291 2723 3361 desiderantur,
2795 3305 2874 3350 tot
2941 3297 3322 3356 disertissimis
3375 3300 3660 3363 Prudentii,

2113 3383 2355 3451 Leontii,
2401 3385 2710 3451 Anastasii,
2752 3390 3092 3461 aliorumque
3128 3395 3455 3450 testimoniis
3487 3391 3657 3448 antefec

2111 3477 2337 3530 rendum
2372 3477 2460 3543 sit,
2492 3479 2582 3548 qui
2616 3495 2710 3548 per
2754 3482 2901 3537 mille
2934 3492 2986 3537 et
3025 3485 3352 3554 quingentos
3385 3487 3492 3542 fere
3517 3499 3662 3540 annos

2112 3565 2170 3622 S.
2208 3568 2553 3644 Hippolytum
2587 3571 2892 3628 Romanum
2934 3577 3016 3630 vel
3060 3576 3256 3633 Portus
3302 3579 3530 3635 Romani
3563 3579 3658 3648 epi—

2109 3673 2334 3729 scopum
2362 3660 2533 3717 fuisse
2572 3666 3015 3722 constantissime
3059 3669 3428 3735 tradiderunt,
3469 3685 3661 3726 omnes-

2109 3769 2217 3822 que
2245 3754 2346 3808 bos
2374 3754 2722 3812 doctissimos
2753 3758 2896 3814 vlros
2930 3762 3154 3830 turpiter
3205 3763 3562 3820 hallucinatos
3604 3764 3660 3819 sit

2108 3845 2472 3913 credendum,
2529 3857 2582 3903 et
2633 3851 2810 3906 solum
2863 3863 3138 3909 auctorem
3191 3858 3356 3913 toties
3407 3854 3660 3913 memorati

2107 3937 2274 3993 libelli
2321 3941 2574 3996 omnibus
2616 3943 2765 3998 hisce
2811 3944 3105 4000 beatiorem
3163 3956 3217 4002 et
3268 3949 3659 4005 fortunatiorem

2104 4031 2400 4094 exstitisse,
2454 4043 2636 4102 utpote
2687 4035 2772 4089 cui
2824 4037 2924 4091 soli
2974 4038 3156 4093 datum
3202 4041 3368 4097 fuerit
3411 4058 3581 4098 veram
3609 4039 3657 4095 S.

2105 4119 2375 4194 Hippolyti
2405 4125 2585 4180 sedem
2622 4127 2742 4183 aliis
2779 4129 3018 4198 ignotam
3055 4133 3320 4190 nancisci.
3354 4134 3456 4190 Sed
3490 4153 3517 4190 a
3550 4133 3659 4188 viris

2103 4215 2330 4270 eruditis
2367 4217 2481 4286 qui,
2523 4219 2780 4289 neglectis
2825 4231 2902 4276 tot
2947 4225 3298 4294 antiquorum
3331 4228 3657 4290 testimoniis.

2104 4305 2231 4361 huic
2284 4311 2547 4378 opusculo
2598 4312 2860 4382 integram
2896 4315 3064 4370 ﬁdem
3114 4320 3397 4388 praebent,
3453 4322 3658 4392 petimus

2102 4399 2359 4468 quidnam
2391 4402 2492 4456 sibi
2523 4403 2652 4457 velit
2678 4403 2790 4458 haec
2824 4405 3035 4461 dicendi
3066 4411 3235 4465 ratio:
3284 4431 3306 4463 ε
3343 4413 3584 4484 Episc0pi
3614 4419 3659 4465 et

423 4491 749 4557 concilium,
782 4495 851 4548 ab
885 4497 1136 4565 imperito
1186 4502 1455 4557 nebulone
1483 4507 1906 4574 concinnatum;
1944 4521 1997 4566 et

2122 4494 2359 4564 nartyris
2400 4494 2641 4550 Arabum
2673 4500 3006 4568 metropolis.
3055 4521 3073 4552 ι
3124 4501 3333 4560 Forsan
3368 4507 3509 4577 quod
3544 4505 3659 4574 llip-

423 4585 746 4650 opusculum
781 4586 856 4640 De
885 4589 1090 4644 duabus
1127 4595 1336 4648 naturis
1369 4596 1509 4650 inter
1539 4599 1759 4654 indubia
1797 4600 1854 4655 S.
1893 4600 1996 4656 Ge-

422 4669 545 4728 Iasii
589 4690 741 4745 papa:
790 4695 954 4748 opera
1005 4699 1350 4756 nequaquam
1395 4703 1515 4743 esse
1562 4693 1993 4759 numerandum,

421 4901 570 4974 modi
609 4901 666 4956 S.
704 4902 924 4958 Gelasio
958 4920 1108 4974 papae
1148 4906 1492 4965 tribuendum
1528 4926 1648 4966 esse
1696 4914 1987 4969 contendit.

495 4973 723 5055 (58_)méd
748 4976 970 5055 dictum
1017 4973 1217 5031 annum
1255 4979 1358 5033 496
1381 5019 1395 5043 ,
1431 4997 1582 5037 num.
1633 4982 1700 5037 12
1732 4998 1784 5038 et
1813 4999 1988 5055 seqq.,

418 5057 543 5113 pag.
576 5043 679 5114 598
709 5053 760 5097 ct
791 5061 942 5114 seqq.

635 5112 805 5193 Citat.
834 5112 966 5169 tom.
995 5115 1078 5193 lll,
1111 5134 1234 5193 pag.
1266 5120 1364 5176 25f
1401 5133 1455 5176 et
1484 5139 1637 5193 seqq.

491 5183 602 5246 (40)
622 5183 697 5237 lle
726 5202 954 5258 sacrant.
987 5183 1313 5256 Euclionis“
1355 5193 1448 5246 lib.
1480 5208 1539 5258 ll,
1563 5183 1613 5247 Ic:
1643 5193 1732 5257 27,
1759 5203 1889 5249 tom.
1922 5193 1990 5250 Ill

418 5251 680 5323 Operum.
723 5271 844 5324 pag.
873 5257 979 5310 259
1013 5261 1142 5314 edit.
1181 5251 1396 5316 Veneta:
1427 5251 1555 5319 anu.
1587 5251 1744 5322 17⁸21.

492 5323 607 5400 (41)
646 5327 700 5400 in
739 5323 884 5384 notis
919 5327 986 5381 ad
1031 5330 1122 5384 lib.
1166 5348 1216 5385 tv
1262 5333 1320 5386 8.
1370 5331 1596 5388 Joannis
1635 5333 1985 5400 Damasceni,

421 5402 557 5478 tom.
642 5393 900 5478 Operutn,
929 5414 1057 5478 cap._
1081 5401 1271 5478 ἦρε
1302 5402 1404 5464 [ide
1438 5403 1752 5478 orthodoxa,
1796 5422 1851 5478 p.
1881 5393 1987 5461 270

419 5463 908 5535 editLl’at-isiensis
930 5463 1060 5523 anni
1096 5470 1254 5535 1712,
1290 5481 1417 5526 nota
1451 5473 1504 5526 2.

493 5532 609 5612 (42)
639 5533 885 5612 Legenda
911 5539 1221 5612 dissertatio
1242 5532 1407 5595 'tertia
1433 5543 1676 5612 ejusdem
1707 5543 1985 5601 Michaelis

421 5599 660 5686 {aeqni'en
694 5599 759 5685 dte
805 5608 1029 5686 epistola
1069 5610 1139 5664 ad
1169 5599 1829 5686 Cwsarium'monaclmni,
1858 5599 1985 5686 qua;

423 5671 484 5722 8.
537 5670 764 5752 Joannis
811 5670 1183 5752 Chrysostomi
1226 5684 1443 5737 nomine
1492 5684 1750 5752 insignita
1779 5670 1894 5741 est:
1925 5670 1984 5742 In

417 5757 531 5814 qua
583 5746 642 5801 S.
702 5743 963 5807 Joannem
1032 5751 1478 5828 Chrysostomum
1537 5743 1698 5831 hujus
1740 5759 1984 5830 epistola:

2099 4584 2277 4653 polyto
2305 4588 2619 4656 metropolis
2665 4590 2879 4644 Arabiae
2911 4593 3084 4661 patria
3125 4594 3326 4651 fuerit?
3363 4597 3420 4653 Si
3457 4599 3564 4652 hate
3590 4596 3658 4648 in-

2099 4675 2288 4746 telligit
2315 4687 2539 4749 auctor,
2571 4681 2828 4739 libentius
2856 4686 3171 4755 credemus;
3213 4692 3467 4760 quamvis
3499 4691 3657 4747 nullus

2096 4928 2374 5002 aurictorem
2407 4926 2632 4985 minime
2656 4941 2782 5002 esse
2809 4931 3038 4988 miriﬁce
3068 4936 3304 4991 ostendit
3323 4977 3338 5002 ,
3371 4945 3426 4992 et
3454 4945 3652 4992 senten-

2098 4993 2212 5074 tias
2253 4993 2316 5072 “in
2379 5010 2442 5074 ea
2497 4998 2718 5074 reperiri
2772 5015 2893 5074 qtue
2948 5005 3016 5057 ab
3066 4993 3337 5074 ejusdem,
3379 5007 3437 5062 S.
3498 5007 3658 5061 Patris

2092 5061 2339 5116 doctrina
2371 5061 2723 5123 dissentiunt.
2772 5061 2964 5128 Exstat
3013 5075 3066 5127 in
3093 5061 3251 5131 citat.
3284 5061 3432 5133 tum.
3468 5078 3486 5130 l
3533 5077 3655 5147 Ope-

2092 5145 2245 5191 rum,
2287 5149 2409 5193 pag.
2447 5137 2535 5193 48.

2092 5145 2245 5191 ΥυΙΙΙ,
2287 5149 2409 5191 υςιε.
2447 5145 2535 5191 48.

2163 5149 2626 5327 digium
2654 5224 2855 5292 annum
2880 5213 3006 5273 496.
3059 5231 3213 5297 num.
3244 5217 3311 5272 15
3337 5261 3354 5284 ,
3389 5236 3512 5290 pag.
3544 5216 3654 5279 598.

2163 5288 2223 5326 11.
2285 5274 2368 5327 'lll
2401 5286 2604 5327 citato-
2655 5281 2743 5327 nln
2791 5285 2904 5327 Imm
2952 5285 3146 5327 Cplnan
3182 5291 3343 5327 νρνιις.
3400 5293 3648 5327 imi...“-

2091 5278 2223 5359 ψει).
2256 5274 2368 5359 Vlll
2394 5277 2566 5359 citato
2589 5281 2743 5359 ,“ubi
2778 5285 2904 5359 haec
2952 5285 3147 5359 Gelasii
3182 5274 3352 5342 verba.
3391 5274 3649 5359 legimusi

2095 5339 2221 5430 :‘Ut
2264 5346 2531 5430 salutaris.
2567 5339 2826 5430 alimonia
2873 5339 3654 5430 panisillius,‘q‘ttind’encmlo

2089 5409 2390 5533 itiscendit,
2413 5419 2596 5474 ﬁdeles
2631 5421 2778 5482 hunc.
2801 5409 3079 5480 sumentes
3110 5409 3176 5484 ad
3197 5409 3655 5503 ‘vim’iii'péiuiilai

2119 5498 2133 5514 ³
2160 5498 2368 5533 Cl‘llﬂln-
2408 5507 2425 5533 Ι

2088 5496 2368 5545 αξιοι-μέλη).
2407 5507 2425 5538 ι

2309 5554 2469 5639 :I'om.
2601 5558 3145 5639 Bililigt/t_.__Patrum,
3178 5585 3231 5639 p.
3257 5570 3388 5628 565.

2158 5626 2269 5770 (453
2308 5627 2365 5706 In
2396 5629 2624 5684 diatriba
2651 5632 2716 5686 de
2739 5633 2796 5686 S.
2830 5634 3114 5709 Hippolyto
3132 5626 3262 5696 ideo
3285 5626 3545 5712 superius
3571 5641 3654 5696 cit.

2158 5697 2247 5770 (46
2307 5696 2445 5760 hote
2473 5699 2536 5766 2,
2581 5716 2676 5757 sur
2709 5704 2852 5768 saint
2887 5707 3194 5770 Hippolyte.
3240 5719 3375 5770 tom.
3421 5713 3509 5770 ill.
3544 5728 3654 5770 nait-

2085 5696 2269 5823 67git»)
2307 5696 2445 5760 Note
2473 5699 2536 5766 2,
2581 5716 2676 5757 sur
2709 5704 2852 5768 saint
2887 5696 3194 5791 Hippolyte,
3240 5696 3375 5777 toto:
3421 5696 3654 5785 "hrpag-

2133 5781 2211 5825 ΓΖ.
3091 5786 3097 5791 ’
