3826 6528
403 337 500 396 εει

1182 337 1268 390 DE
1306 335 1704 391 PORTUENSI
1748 337 1806 387 δ.
1845 330 2214 387 HlPPOLYTl
2256 329 2450 388 SEDE.
2488 358 2554 372 --
2599 327 2781 384 PARS
2817 327 2883 382 Il.
3539 331 3621 386 512

403 472 634 530 qumque
653 457 996 528 postmodum
1024 471 1091 512 ex
1111 455 1322 512 Arabiae
1346 457 1624 526 provincia
1659 455 1866 520 avulsa,
1891 453 1994 508 Pa-
2023 457 2066 516 Α
2095 453 2318 508 dianum
2360 451 2756 522 aliquantulum
2809 448 2994 505 forsan
3044 447 3208 514 vixit,
3257 448 3310 502 in
3349 448 3622 520 episcopatu

401 549 626 602 iwstinae
688 547 860 602 tertia:
918 561 1042 600 cum
1113 547 1392 601 nonnullis
1446 547 1670 602 sedibus
1731 545 1985 614 adjuncta

404 635 509 692 fuit
546 636 682 708 (56).
717 636 914 690 Civiles
945 651 1074 690 vero
1107 637 1435 706 metropoles
1479 636 1533 690 in
1567 635 1763 700 Arabia
1795 649 1986 704 quam-

405 731 588 799 plures
612 730 956 792 exstiterunt,
984 743 1121 798 quas
1159 739 1462 782 memorant
1507 726 1722 792 Strabo,
1753 725 1982 789 Plinius,

405 821 821 892 Philostorgius,
853 821 1138 884 Arrianus,
1187 821 1410 889 antiqua
1457 820 1612 874 Urbis
1641 819 1920 888 descriptio
1953 834 1982 872 a

406 909 739 966 Gothofredo
777 911 832 965 in
883 911 1058 966 lucem
1102 911 1302 965 emissa
1346 909 1480 978 (57).
1531 908 1763 964 lstarum
1803 919 1982 963 tamen

403 1005 644 1074 episcopi
670 1003 1072 1073 antiquissimis
1095 1003 1246 1057 hisce
1276 1002 1610 1070 temporibus
1641 1002 1695 1058 in
1727 1000 1984 1058 ecclesia-

403 1098 558 1154 sticis
585 1096 783 1151 tabulis
814 1111 1086 1166 nusquam
1116 1103 1416 1149 occurrunt
1445 1093 1582 1164 (58).

507 1212 647 1268 XVI.
691 1213 918 1276 Bostraz,
957 1223 1182 1280 tempore
1213 1212 1268 1267 S.
1311 1211 1620 1281 Hippolyti.
1671 1211 1882 1267 Arabia:

651 1284 975 1354 metropolis,
1008 1285 1279 1352 episcopus
1309 1293 1422 1336 erat
1463 1283 1729 1352 Beryllus.

475 1374 680 1430 Bostrzr.
713 1391 843 1430 vero
891 1376 1088 1445 pra-sul
1136 1374 1241 1430 fuit
1279 1375 1546 1446 Beryllus,
1599 1391 1760 1444 quem
1813 1391 1986 1445 usque

405 1467 470 1520 ad
506 1467 765 1521 Gordiani
800 1476 1040 1537 tempora
1068 1467 1236 1520 vitam
1277 1466 1596 1536 perduxisse
1648 1475 1876 1521 testatur
1925 1466 1982 1521 S.

407 1557 769 1630 Hieronymus
799 1559 946 1631 (59),
979 1575 1088 1629 quo
1123 1559 1180 1612 ﬁt
1216 1567 1274 1612 ut
1311 1559 1368 1610 S.
1401 1557 1743 1629 Hippolytus,
1783 1559 1877 1628 qui
1923 1559 1983 1614 S.

405 1649 594 1706 Irenzri
644 1651 943 1720 discipulus
985 1651 1120 1716 fuit,
1153 1650 1426 1704 Bostrensi
1465 1649 1718 1704 Ecclesiae
1756 1665 1988 1720 praeesse

403 1741 728 1810 nequiverit.
761 1740 994 1796 Irenaeus
1018 1756 1139 1794 cum
1165 1741 1218 1794 in
1241 1739 1534 1796 Occidente
1559 1741 1836 1794 meliorem
1867 1741 1988 1796 vita:

403 1847 517 1887 suae
546 1843 750 1902 partem
783 1833 1154 1903 transegisset,
1189 1848 1335 1886 anno
1360 1831 1563 1887 Christi
1592 1831 1695 1886 205
1718 1832 1859 1902 (60),
1879 1847 1988 1902 quo

402 1931 648 1994 tempore
689 1923 875 1980 forsan
909 1923 1152 1995 Beryllus
1183 1924 1424 1978 nondum
1451 1922 1799 1978 Bostrensem
1835 1939 1988 1995 rege-

401 2016 495 2070 bat
519 2015 836 2083 Ecclesiam,
865 2017 1124 2087 martyrio
1144 2025 1228 2071 est
1251 2009 1565 2071 coronatus.
1601 2015 1829 2084 Ideoque
1860 2025 1988 2074 tunc

401 2107 664 2175 temporis
695 2122 802 2161 non
832 2106 886 2160 in
914 2105 1154 2169 Oriente,
1188 2107 1281 2161 sed
1317 2107 1369 2160 in
1397 2105 1690 2162 Occidente
1721 2105 1986 2179 Hippoly-

401 2205 516 2251 tum
559 2197 728 2254 fuisse
762 2198 1232 2253 verosimillimum
1267 2199 1427 2254 nobis
1457 2199 1689 2254 videtur.
1737 2197 1986 2270 Beryllus

399 2301 530 2340 vero
561 2302 704 2340 anno
747 2286 952 2343 Christi
995 2287 1134 2350 258,
1171 2303 1313 2357 quo,
1349 2283 1535 2346 mense
1567 2287 1771 2342 scilicet
1818 2286 1983 2352 Julio,

400 2377 708 2433 Gordianus
758 2378 970 2447 imperii
1017 2395 1287 2432 summam
1337 2379 1584 2448 accepit,
1634 2378 1985 2434 Bostrensem

399 2466 696 2524 Ecclesiam
745 2471 1117 2538 gubernabat;
1168 2471 1366 2524 etenim
1393 2469 1512 2524 boe
1553 2485 1698 2524 anno
1727 2469 1986 2538 Origenes

401 2559 470 2614 ab
497 2561 765 2630 episc0pis
797 2561 1010 2615 Arabiae
1043 2560 1263 2616 Petraaze
1289 2571 1530 2632 rogatus,
1565 2561 1618 2614 in
1647 2562 1900 2617 Arabiam
1928 2580 1987 2619 se

400 2653 652 2718 contulit,
677 2653 859 2722 ibique
889 2653 1158 2724 Beryllum
1187 2654 1240 2706 in
1274 2653 1521 2710 hmrcsim
1555 2655 1765 2724 lapsum
1799 2657 1986 2710 ortho-

401 2743 558 2797 doxae
589 2742 709 2797 ﬁdei
753 2743 872 2798 luce
918 2745 1243 2799 illuminavit
1272 2745 1402 2814 (6|).
1454 2745 1760 2802 Gordianus
1803 2746 1986 2816 Augu-

401 2844 538 2902 stus,
567 2835 668 2890 sub
689 2851 796 2905 quo
823 2838 955 2890 vixit
977 2836 1240 2908 Beryllus,
1275 2851 1444 2906 usque
1466 2839 1531 2891 ad
1555 2853 1756 2892 annum
1780 2837 1984 2893 Christi

401 2925 512 2980 2M
563 2925 812 2980 Romano
863 2927 1077 2998 praefuit
1125 2930 1360 2997 imperio
1400 2929 1532 2997 (62).
1587 2927 1725 2983 Hinc
1772 2929 1986 2984 veritati

401 3033 704 3072 consonum
757 3021 981 3074 minime
1023 3021 1233 3076 videtur
1279 3021 1334 3077 S.
1386 3015 1769 3092 Hippolytum,
1821 3037 1984 3091 quem

399 3125 547 3164 anno
575 3109 682 3164 252
707 3114 968 3183 martyrio
1013 3126 1330 3168 coronatum
1379 3123 1512 3168 cum
1551 3111 1838 3168 Ruinartio
1872 3113 1983 3184 (65)

402 3201 746 3270 conjicimus,
778 3211 886 3257 tam
909 3221 1073 3273 parvo
1098 3221 1366 3260 annorum
1398 3205 1572 3276 spatio
1593 3221 1657 3261 ex
1689 3203 1982 3261 Occidente

403 3293 458 3346 in
489 3293 762 3348 Orientem
797 3296 1197 3364 transfretasse,
1229 3307 1282 3352 et
1309 3297 1543 3364 Beryllo,
1584 3298 1676 3368 qui
1703 3307 1824 3369 post
1847 3296 1983 3352 Gor-

403 3417 613 3494 tantuin
649 3421 894 3489 excepto,
931 3427 1091 3494 quem
1123 3399 1500 3494 alicujusnloci
1541 3411 1981 3494 Ρριεεειὶηειὶξίὺί

405 3481 572 3548 ignoti
595 3481 906 3554 episcopum
947 3481 1312 3554 fuisseputat.
1363 3481 1492 3538 Vide
1510 3485 1684 3554 etiam
1712 3501 1764 3554 p.
1795 3485 1898 3538 722
1931 3495 1984 3540 et

405 3565 558 3625 seqq.
591 3557 723 3602 tom.
756 3551 929 3625 ejusd.
959 3551 1045 3612 III,
1080 3553 1170 3625 ubi
1193 3553 1389 3625 longus
1413 3555 1479 3607 de
1497 3553 1664 3625 _l_’etra
1699 3551 1984 3625 metropoli

403 3619 632 3686 ejusque
664 3621 890 3675 ecclesia
923 3637 1102 3674 sermo
1139 3619 1459 3676 instituitur.
1496 3622 1620 3678 llzec
1653 3619 1890 3678 Adriano
1915 3627 1984 3680 ab

405 3687 648 3758 Adriano
691 3691 1012 3758 imperatore
1045 3692 1186 3745 dicta
1223 3693 1355 3754 fuit,
1394 3702 1448 3746 et
1481 3695 1534 3748 in
1566 3696 1806 3749 nummis
1839 3707 1985 3750 vete-

407 3757 558 3830 ribus
585 3757 878 3828 reperitur,
909 3763 1207 3814 ΑΔΡΙΑΝΗ
1237 3763 1462 3814 ΙΙΕΤΡΛ
1501 3765 1980 3830 ΜΗΤΡΟΠΟΛΙΣ;

407 3827 552 3896 quod
581 3827 937 3884 conﬁrmatur
963 3832 1123 3885 etiam
1157 3847 1224 3886 ex
1259 3831 1444 3888 Dionis
1470 3834 1642 3889 Cassii
1661 3827 1977 3888 testimonio

407 3899 548 3967 apud
587 3900 1029 3972 ipsumLeqnien
1063 3903 1166 3957 loc.
1194 3902 1473 3972 cit.,pag.
1507 3905 1630 3959 725.
1663 3905 1818 3970 Quod
1851 3913 1986 3960 lem-

409 3983 539 4036 pore
565 3971 780 4024 concilii
825 3971 1286 4028 Chalcedonensis
1331 3971 1485 4026 Petra
1527 3991 1634 4028 non
1676 3975 1840 4028 fuerit
1872 3993 1986 4030 nie-

413 4039 642 4113 tropolis
673 4041 904 4113 Arabiaa,
947 4058 1014 4096 ex
1063 4058 1129 4098 eo
1161 4053 1410 4107 constat,
1458 4045 1584 4113 quia
1620 4061 1888 4112 nusquam
1931 4046 1985 4100 in

406 4107 720 4182 Actisydimi
752 4113 968 4182 concilii
1011 4115 1323 4182 metropolis
1357 4107 1692 4170 nominatur.
1735 4107 1985 4170 Bostram

407 4185 461 4230 et
486 4177 912 4253 Philadelphiam
947 4177 1269 4252 metropoles
1295 4185 1468 4237 dictas
1507 4187 1738 4253 legimus
1773 4187 1986 4240 actione

410 4262 427 4300 ι
463 4250 706 4316 ejusdem
741 4250 1198 4306 tibukedonenSis
1233 4255 1446 4307 concilii
1480 4255 1533 4307 in
1563 4250 1702 4309 tom.
1731 4255 1798 4309 IV
1822 4257 1980 4312 Cone.

409 4333 530 4386 pag.
567 4319 662 4372 851
690 4319 817 4373 edit.
845 4320 1058 4375 Venetae
1079 4323 1248 4376 {728:
1284 4342 1304 4379 ς
1333 4323 1688 4380 Constantino
1713 4325 1989 4381 Bostrenze

407 4389 650 4468 civitatis
671 4393 985 4468 metropolis
1015 4392 1256 4468 Arabiae;
1285 4413 1302 4468 ξ
1329 4403 1386 4468 et
1408 4409 1530 4466 pag.
1564 4395 1695 4456 855;
1718 4415 1735 4447 ι
1761 4396 1987 4468 Eulogio

409 4456 799 4530 Philadelphia:
830 4456 1143 4530 metropolis
1178 4456 1424 4518 Arabiae.-
1451 4484 1468 4514 ›

2094 545 2452 612 successisse;
2486 560 2550 598 ac
2577 544 2756 599 denuo
2781 541 3012 597 Romam
3040 543 3320 612 migrasse,
3346 553 3396 598 et
3420 543 3468 596 in
3485 541 3622 600 Porta

2089 637 2338 693 Romano
2371 637 2616 708 martyrii
2647 637 2882 706 palmam
2916 633 3085 689 fuisse
3116 641 3474 690 consecutum.
3501 633 3624 702 Qua-

2089 737 2309 798 pr0pter
2360 726 2684 799 Hippolytus
2729 727 3042 783 Bostrensis
3081 725 3332 781 Ecclesiae
3375 724 3623 794 episcopus

2088 835 2198 874 non
2247 819 2370 887 fuit,
2404 836 2505 875 nec
2538 821 2644 874 alia
2679 835 2919 891 unquam
2953 827 3086 874 tunc
3130 817 3384 888 temporis
3425 819 3474 870 in
3513 818 3622 870 Ara-

2085 909 2175 965 bia
2198 951 2212 976 ,
2250 921 2446 981 praeter
2479 909 2726 966 Bostram
2750 950 2764 973 .
2801 908 3172 965 ecclesiaStica
3222 907 3423 962 exstitit
3459 915 3624 960 metro-

2085 1001 2228 1072 polis
2261 1001 2350 1056 cui
2377 1001 2494 1071 ipse
2525 1017 2760 1072 prmcsse
2801 1001 3076 1071 potuerit;
3127 1001 3354 1068 ideoque
3390 1009 3522 1052 recte
3553 996 3626 1050 ﬁr-

2086 1092 2226 1146 mari
2280 1107 2444 1163 posse
2491 1095 2649 1148 nobis
2699 1095 2993 1147 suademus
3041 1107 3135 1146 eos
3177 1091 3404 1161 turpiter
3435 1091 3624 1144 halluci-

2086 1197 2242 1238 natos
2264 1183 2378 1252 qui,
2423 1183 2586 1237 unico
2627 1183 2830 1237 laudati
2865 1184 3112 1253 Opnsculi
3157 1183 3485 1245 testimonio,
3519 1182 3624 1252 Hip-

2089 1274 2326 1342 polytum
2364 1272 2578 1328 Arabia:
2600 1275 3076 1344 metropolitanum
3107 1273 3276 1330 fuisse
3298 1275 3621 1332 crediderunt.

2085 1383 2248 1438 XVII.
2297 1389 2498 1437 Auctor
2525 1385 2757 1452 ejusdem
2805 1384 2969 1438 libelli
3013 1381 3074 1438 de
3118 1383 3321 1438 duabus
3353 1385 3540 1438 naturis
3575 1401 3626 1438 ex

2159 1454 2294 1507 male
2337 1454 2600 1508 imellecta
2647 1453 2820 1522 Ruﬁni
2865 1457 3098 1509 versione
3139 1457 3381 1523 deceptas
3425 1453 3474 1509 S.
3517 1454 3626 1524 Hip-

2156 1525 2392 1594 polytum
2420 1525 2883 1595 metropolitanum
2917 1525 3129 1580 Arabia:
3157 1526 3460 1580 nominavit.

2159 1637 2298 1692 Hinc
2341 1638 2549 1707 Optimo
2593 1639 2812 1708 quidem
2845 1639 2968 1709 jure
3001 1638 3274 1693 afﬁrmare
3301 1648 3499 1708 oportet
3525 1655 3626 1694 cum

2087 1727 2299 1784 Joanne
2332 1727 2578 1802 Baptista
2602 1729 2871 1785 Cotelerio
2899 1729 3044 1800 (64),
3075 1741 3353 1786 auctorem
3391 1730 3536 1784 libelli
3568 1729 3628 1784 De

2021 1819 2062 1873 B
2087 1823 2291 1878 duabus
2331 1825 2558 1887 naturis,
2602 1826 2698 1894 qui
2729 1823 2786 1878 S.
2822 1823 3168 1894 Hippolytum
3208 1823 3421 1877 Arabiae
3461 1831 3628 1877 metro-

2089 1915 2387 1984 politanum
2429 1915 2678 1981 credidit,
2722 1930 2789 1969 ex
2829 1915 2971 1968 male
3008 1915 3281 1970 intellecta
3327 1913 3494 1968 Ruﬁni
3533 1929 3630 1968 rer-

2088 2007 2244 2063 sione
2287 2006 2459 2063 fuisse
2488 2007 2795 2077 deceptum,
2827 2006 2972 2077 quod
3001 2007 3219 2076 quidem
3251 2005 3515 2076 praestanti
3537 2006 3632 2060 viro

2083 2099 2205 2170 jure
2231 2100 2537 2170 meritoque
2571 2099 2832 2155 suboluit.
2885 2098 3068 2154 Rufini
3099 2100 3242 2154 enim
3285 2099 3460 2154 versio
3495 2099 3558 2153 ita
3587 2113 3632 2152 sa

2089 2191 2284 2245 habet:
2315 2209 2334 2242 ι
2373 2190 2504 2245 Erat
2539 2199 2720 2245 autem
2751 2193 2891 2246 inter
2931 2201 3160 2246 caeteros
3185 2200 3238 2245 et
3265 2189 3500 2262 Beryllus
3523 2190 3634 2244 scri-

2087 2293 2306 2354 ptorum
2357 2284 2704 2354 praecipuus,
2759 2285 2851 2354 qui
2899 2293 2954 2338 et
2995 2285 3111 2353 ipse
3147 2284 3366 2338 diversa
3411 2284 3634 2352 opuscula

2089 2376 2328 2444 reliquit.
2379 2374 2680 2444 Episcopus
2727 2375 2816 2430 hic
2851 2374 2950 2429 fuit
2995 2375 3136 2448 apud
3171 2374 3422 2432 Bostram
3458 2375 3638 2429 Arabiae

2089 2469 2280 2523 urbem
2315 2468 2608 2524 maximam
2637 2484 2652 2534 ;
2681 2475 2818 2522 erat
2849 2467 3208 2522 nihilominus
3248 2477 3307 2522 et
3337 2467 3634 2538 Hippolytus,

2089 2559 2184 2630 qui
2231 2569 2286 2614 et
2333 2559 2446 2629 ipse
2479 2559 2758 2630 aliquanta
2787 2559 2986 2628 scripta
3023 2559 3269 2629 reliquit,
3299 2560 3582 2630 episcopus.
3614 2576 3630 2612 ι

2089 2649 2166 2704 Ex
2202 2651 2402 2720 quibus
2442 2651 2732 2720 postremis
2777 2651 2957 2706 verbis
2989 2650 3190 2706 factum
3235 2660 3354 2719 est,
3389 2659 3463 2714 ut,
3495 2649 3637 2718 inquit

2087 2741 2414 2806 Cotelerius,
2449 2762 2466 2794 ι
2511 2744 2657 2813 quod
2691 2743 3102 2812 intelligendum
3137 2752 3256 2798 erat
3295 2744 3361 2798 de
3393 2743 3636 2814 Hippolyto

2087 2835 2290 2904 pariter
2322 2837 2598 2906 episcopo,
2644 2844 2923 2906 acceptum
2961 2835 3122 2890 fuerit
3156 2851 3188 2892 a
3209 2835 3428 2892 Gelasio
3447 2837 3506 2891 de
3530 2835 3635 2904 Hip-

2087 2927 2272 2998 polyto
2303 2927 2505 2995 pariter
2537 2928 2956 2997 metropolitano
2987 2927 3252 2981 Arabum.
3303 2947 3322 2982 l
3355 2927 3519 2994 Quam
3553 2925 3637 2980 Co-

2087 3019 2260 3072 telerii
2289 3019 2660 3088 conjecturam
2685 3019 3156 3073 verosimillimam
3189 3034 3316 3073 esse
3349 3034 3501 3074 nemo
3531 3031 3636 3086 pru-

2089 3113 2224 3169 dens
2282 3112 2570 3168 dubitabit.
2645 3111 2796 3166 llanc
2851 3113 3103 3181 probavit
3165 3110 3406 3167 Iacobus
3469 3111 3638 3166 Basnao

2085 3207 2204 3278 gius
2249 3205 2361 3276 (65)
2408 3206 2462 3258 in
2518 3203 3082 3258 Animadversionibus
3121 3209 3186 3257 de
3235 3205 3368 3266 vita,
3411 3212 3560 3256 morte
3598 3209 3638 3254 et

2083 3299 2292 3368 scriptis
2316 3295 2373 3351 S.
2405 3295 2702 3366 Hippolyti,
2730 3297 2894 3350 tacito
2923 3306 3106 3349 tamen
3135 3293 3397 3350 Cotelerii
3429 3291 3636 3350 nomine-

2085 3414 2290 3484 gendus
2327 3411 2468 3484 idem
2509 3409 2744 3484 L_equien
2791 3409 2894 3484 loc.
2935 3410 3060 3475 cit.,
3110 3423 3247 3484 pag.
3275 3407 3382 3460 727
3427 3403 3636 3484 etim.

2083 3475 2241 3539 Circa
2271 3498 2396 3536 vero
2437 3481 2495 3536 S.
2537 3475 2808 3550 Hippolyti
2845 3491 3088 3548 tempora
3111 3475 3352 3532 'nullum
3401 3475 3637 3546 archiepi-

2081 3570 2310 3620 scopum
2347 3554 2509 3621 hujus
2531 3551 2786 3604 Ecclesiae
2813 3553 3050 3619 reperire
3081 3550 3382 3621 potuimus.

2157 3609 2268 3696 (ὅθ)
2309 3609 2608 3696 In_lib._1)e
2641 3621 2768 3674 uiris
2799 3609 3128 3696 illustribus,
3165 3635 3286 3696 cap.
3331 3617 3588 3696 (ξοηιριιιζ
3605 3609 3640 3666 11

2084 3683 2320 3764 Operam
2347 3693 2438 3748 cit.
2475 3693 2627 3757 edit.,
2663 3707 2786 3761 pag.
2824 3690 2961 3765 886:
2999 3709 3018 3742 ε
3057 3683 3304 3760 Beryllus
3327 3683 3642 3765 Arabizeiioo

2086 3759 2315 3819 st'rensis
2344 3759 2813 3832 episcopus,icum
2847 3763 3125 3832 aliquanto
3158 3759 3421 3832 tempore
3441 3759 3642 3832 gloriose

2087 3835 2318 3889 rexisset
2367 3829 2684 3898 EccleSiam,
2732 3833 2799 3885 ad
2839 3829 3142 3886 extremum
3175 3830 3366 3898 lapsus
3411 3829 3460 3881 in
3501 3829 3642 3898 bare-

2087 3905 2211 3974 sim,
2257 3920 2376 3974 quae
2409 3896 2686 3958 Christum
2726 3911 2852 3974 ante
2892 3896 3338 3974 incarnationem
3373 3908 3538 3974 negat,
3571 3896 3640 3974 _ab

2087 3965 2315 4044 Origene
2340 3982 2685 4028 correctus...
2711 3971 2930 4044 Claruit
2977 3980 3164 4044 autem
3213 3971 3318 4044 sub
3361 3965 3638 4044 Alexandro

2087 4038 2366 4126 Mantinea:
2407 4045 2535 4105 lilio,
2581 4053 2634 4096 et
2678 4042 2972 4098 Maximino
3027 4050 3081 4097 et
3126 4040 3424 4106 Gordiano,
3474 4038 3558 4108 qui
3595 4038 3640 4088 in

2088 4123 2374 4184 imperium
2423 4123 2830 4169 successerunt.
2871 4133 2889 4164 ι

2159 4177 2268 4256 (60)
2313 4184 2426 4240 Hoc
2445 4201 2588 4238 anno
2609 4185 2714 4237 205
2735 4199 2954 4252 passum
2974 4180 3241 4256 flrena‘um
3267 4177 3642 4256 conjicitetiam

2088 4247 2406 4310 Ru'inartius
2445 4257 2564 4309 Act.
2605 4247 2898 4324 martyrum
2935 4255 3171 4320 sincera,
3211 4269 3264 4322 p.
3307 4247 3406 4318 62',
3452 4251 3534 4324 ubi
3566 4247 3643 4324 (1|)-

2089 4335 2288 4388 servat,
2318 4327 2462 4396 quod
2494 4327 2550 4381 S.
2589 4313 2926 4396 Epiphanius
2945 4313 3444 4396 passini'lrenaaum
3479 4319 3540 4374 Β.
3569 4313 3642 4371 Se-

2088 4413 2203 4449 nem
2234 4393 2485 4466 appellat,
2518 4411 2677 4464 quem
2700 4395 3052 4466 Eusebiusin
3075 4393 3361 4466 Chronico,
3383 4395 3448 4448 ad
3467 4401 3640 4446 annum

2089 4469 2210 4524 185.
2247 4465 2373 4520 tunc
2396 4466 2653 4534 temporis
2677 4467 2932 4535 insignem
2963 4465 3132 4519 fuisse
3165 4465 3349 4519 refert.

483 4530 613 4600 (56)'
637 4527 1177 4610 Legendus_Ciirolus
1206 4549 1236 4586 a
1269 4534 1325 4587 S.
1356 4533 1524 4590 Paulo
1565 4535 1856 4607 Geograplt.
1897 4553 1985 4590 sa-
2011 4537 2061 4598 D
2161 4527 2593 4610 (61)__Legendus
2616 4537 2692 4610 in
2733 4527 2872 4589 hanc
2921 4551 3044 4610 rem.
3081 4533 3631 4610 Tillemoutiuscitato

407 4615 522 4658 cra.
559 4599 679 4668 pag.
709 4599 813 4654 502
840 4614 892 4654 et.
915 4601 1040 4657 507.

1223 4675 1390 4729 citato
1421 4685 1553 4730 tom.
1587 4675 1685 4744 Ill,
1720 4693 1841 4748 pag.
1887 4677 1954 4731 7:2.

407 4749 462 4794 et
498 4757 652 4811 seqq._
674 4749 726 4794 et
765 4741 922 4796 1506.

481 4809 778 4877 (58)“Ιάθω
833 4811 1071 4886 L_equ_i_en
1111 4815 1276 4868 citato
1329 4827 1462 4870 tom.
1535 4815 1621 4882 Ill,
1673 4832 1798 4886 pag.
1861 4813 1986 4883 725,

409 4891 658 4956 numerat
687 4883 1164 4956 praesulesl’etrze,
1189 4901 1378 4954 nempe
1401 4903 1411 4937 :
1433 4883 1725 4950 Asterium,
1744 4883 1836 4956 qui
1864 4905 1987 4942 cum

409 4951 726 5005 adhaesisset
763 4951 1088 5008 Eusebianis
1134 4951 1699 5010 contra—Athanasium
1722 4998 1736 5021 ,
1761 4951 1987 5012 tandem

409 5021 464 5074 in
497 5023 730 5095 concilio
769 5023 1074 5077 Sardieensi
1106 5041 1249 5078 anno
1283 5026 1385 5078 547
1420 5027 1488 5095 ab
1519 5027 1584 5080 iis
1614 5027 1895 5094 discessit,
1937 5037 1992 5082 et

410 5093 712 5167 sententiae,
731 5109 920 5167 puum
952 5110 1049 5167 pro
1075 5096 1375 5167 Athanasio
1413 5093 1478 5151 ac
1521 5097 1728 5167 ueteris
1755 5099 1992 5167 praesuli-

411 5161 514 5215 bus
551 5163 870 5216 orthodoxis
913 5166 1151 5218 tulerunt
1186 5165 1536 5222 Sardicenses
1585 5161 1773 5221 Patres
1799 5207 1812 5229 ,
1864 5183 1990 5224 cum

413 5231 533 5304 a_liis
581 5233 930 5304 subscripsit;
969 5232 1254 5300 Joannem,
1303 5237 1392 5304 qui
1430 5252 1574 5290 anno
1610 5237 1714 5290 457
1743 5240 1988 5292 eamdem

409 5299 710 5376 Ecclesiam
756 5299 1123 5376 gubernabat;
1175 5299 1540 5367 Theodorum,
1572 5307 1665 5376 qui
1694 5323 1838 5361 anno
1876 5307 1979 5362 556

410 5374 619 5448 synodo
641 5375 804 5448 trium
825 5374 1234 5448 l’ahestinarum
1259 5374 1991 5448 Hierosolymiscoaigregatae

410 5442 671 5516 adversus
723 5443 1041 5516 Antbimum
1083 5447 1328 5516 aliosque
1375 5442 1657 5501 haereticos
1687 5489 1700 5510 ,
1762 5442 1990 5516 praeside

408 5507 569 5588 Petro
599 5515 925 5588 patriarcha,
963 5507 1317 5588 interl'uit__'et._
1351 5507 1696 5588 subscripsit
1721 5507 1990 5588 Θῗεὸδωρος

409 5581 954 5658 ἐπίσκοπφς-Πετρῶν
1006 5587 1159 5658 (tom.
1201 5585 1243 5638 ν
1279 5585 1483 5639 Coucil.
1506 5628 1521 5653 ,
1573 5581 1695 5658 pag.
1731 5589 1866 5642 1262
1893 5581 1986 5644 tu.

411 5653 567 5726 edit.)
589 5669 611 5726 ;_
639 5653 1064 5726 Allieno‘genem,
1099 5657 1241 5711 circa
1275 5659 1435 5710 linem
1467 5653 1755 5720 szeculi'w,
1787 5661 1853 5712 de
1881 5674 1990 5726 quo

412 5722 568 5802 plura
599 5723 760 5802 habet
779 5722 977 5802 citatus
1001 5725 1239 5802 Lequien
1269 5727 1372 5782 loc.
1405 5727 1521 5802 cit.,
1553 5743 1674 5802 pag.
1706 5729 1828 5802 726.
1867 5722 1988 5802 Mit-

413 5795 575 5850 timus
609 5795 742 5852 alios
779 5795 1234 5868 recentioris’uazvi
1269 5795 1646 5864 ni'zesules,’dé
1673 5801 1868 5870 quibus
1915 5801 1988 5856 le»-

2091 4603 2222 4661 tom.
2256 4603 2367 4672 'Ill,
2395 4603 2567 4660 ‘artic.
2611 4606 2714 4672 23,
2757 4621 2878 4677 pag.
2917 4606 3024 4660 542
3048 4646 3063 4672 ,
3119 4605 3209 4660 ubi
3255 4607 3398 4660 hanc
3433 4603 3640 4658 historiae

2090 4687 2296 4747 partem
2323 4686 2646 4747 pertractat.

2163 4748 2273 4816 (62)
2317 4743 2591 4802 Videndns
2617 4746 2898 4802 Gisbertus
2916 4745 3116 4814 Cuper.
3151 4743 3372 4800 dissert.
3401 4743 3474 4800 De
3501 4743 3640 4798 tribus

2093 4816 2398 4872 Gordianis.

2162 4890 2272 4960 (65)
2313 4888 2684 4942 Admonition.
2713 4886 3110 4960 in‘martyrium
3143 4884 3199 4940 S.
3232 4885 3516 4957 Hippolyti,
3541 4885 3637 4938 Act.

2093 4958 2315 5028 martyr.
2350 4961 2573 5020 sincera,
2613 4973 2732 5026 pag.
2767 4958 2888 5011 LM.

2161 5021 2272 5100 (64')
2313 5021 2637 5100 .llonument'.
2664 5021 3130 5100 li’cclesiteiCra’cq
3149 5035 3282 5100 tum.
3309 5026 3372 5092 ΙΙ,
3397 5041 3511 5100 pag.
3533 5021 3639 5100 659:

2163 5091 2273 5170 (65)
2317 5101 2469 5168 Apud
2493 5099 2770 5170 (lanisiuin
2795 5099 2976 5166 Antio.
3007 5091 3272 5170 lectionib.
3307 5091 3441 5170 tom.
3466 5091 3508 5160 Ῑ,
3541 5111 3586 5164 p.
3613 5091 3640 5145 5

2091 5165 2434 5224 οἰιὲιι.ἐ‹11ἰ.ε
2471 5187 2490 5218 ‹
2533 5169 2877 5238 Hippolytus,
2907 5165 3164 5236 quamvis
3213 5169 3268 5222 in
3319 5165 3537 5238 Oriente
3567 5177 3642 5217 na-

2092 5251 2217 5300 tus,
2261 5255 2368 5293 non
2413 5238 2513 5292 fuit
2559 5237 2772 5292 Arabia:
2825 5241 3296 5308 metmpolitanus.
3343 5237 3640 5308 Manavitea

2092 5311 2357 5364 sententia
2388 5325 2454 5364 ex
2483 5310 2744 5363 mendosa
2777 5303 3027 5363 versione
3065 5309 3268 5363 ltulini.
3307 5310 3518 5361 Dixerat
3548 5303 3640 5356 Eu—

2091 5381 2273 5452 sebius
2306 5379 2570 5452 Berylluin
2595 5393 2724 5452 esse
2769 5380 3066 5452 episcopum
3103 5379 3492 5452 Bostrwyapud
3519 5376 3638 5452 Arno

2091 5451 2211 5514 bes;
2247 5459 2300 5522 et
2318 5521 2326 5522 ί
2346 5447 2546 5522 pariter
2567 5447 2950 5522 7Hippo|ytumr
2973 5452 3119 5502 urbis
3150 5450 3432 5522 cujusdam
3437 5447 3640 5522 _antisli-

2092 5530 2212 5575 tem.
2251 5517 2412 5578 Addit
2457 5517 2688 5573 [iutilius
2721 5517 2900 5572 urbem
2935 5517 3229 5572 maximam
3264 5535 3384 5574 esse
3415 5517 3636 5570 Bostram

2089 5590 2350 5646 Arabum.
2401 5588 2528 5642 Inde
2571 5589 2804 5656 conjecit
2841 5589 3086 5645 Gelasius
3130 5591 3277 5644 illam
3321 5590 3508 5656 urbem
3535 5595 3636 5637 esse

2090 5659 2456 5730 metropolim,
2485 5667 2539 5712 et
2564 5655 2907 5731 Hippolytum
2939 5677 3094 5730 teque
3116 5676 3181 5716 ac
3201 5661 3467 5731 Beryllum
3487 5655 3638 5710 fuisse

2091 5729 3017 5799 metropolitanumapudArabes:
3045 5747 3074 5784 a
3121 5729 3336 5786 Gelasio
3377 5731 3443 5783 ad
3484 5734 3640 5799 poste-

2089 5817 2178 5860 ros
2219 5793 2506 5862 Batonium
2559 5793 2950 5878 Canisiumque
2986 5793 3235 5858 deﬂuxit
3291 5816 3442 5856 error
3484 5793 3638 5850 Tacile
