3826 6528
204 345 312 426 sta

1037 349 1080 403 E
1117 350 1506 408 PORTUENSI
1548 354 1602 408 S.
1646 354 2004 412 HlPPOLYTi
2044 357 2232 413 SEDE.
2275 396 2344 405 —
2383 358 2564 422 PARS
2600 366 2664 423 H.

3349 366 3453 421 5M

197 464 293 529 qui
355 465 568 535 primus
622 467 812 523 incerti
874 472 1113 525 auctoris
1176 472 1658 528 hallucinationem
1713 476 1781 529 de
1811 485 1854 540 Α
1885 476 2062 533 Felice
2093 480 2282 535 urbem
2335 482 2626 550 quamdam
2679 484 2954 539 exstitisse
3007 483 3200 538 Portus
3231 484 3454 540 Romani

171 555 430 612 .Arabica
479 558 652 628 ipsius
682 559 738 613 S.
777 559 1048 633 Hippolyti
1080 563 1206 619 sede
1235 566 1435 620 detexit
1479 575 1641 637 atque
1671 570 1784 623 vul-

201 649 372 718 gavit.

194 760 380 844 XYIH.
415 763 672 844 Stephani
713 766 760 819 le
804 766 993 844 M_oyne
1033 771 1334 844 conjectura
1375 774 1438 827 de
1470 773 1527 829 S.
1576 772 1781 844 Hippo-

269 836 367 903 lyti
391 837 511 888 sede
539 837 592 888 in
629 839 797 889 Portu
837 837 1070 893 Romano
1104 836 1516 897 [limum-iturum
1553 862 1618 899 ea:
1653 836 1781 900 ΡΙιὶ-

267 906 516 976 lostorgii
538 907 760 959 historia
787 909 1060 977 desumpta
1094 913 1351 981 rejicitur.

263 1015 422 1073 Nunc
453 1019 519 1073 ad
551 1020 809 1091 Stephani
842 1023 890 1077 le
922 1023 1115 1095 Moyne
1141 1025 1252 1095 (66)
1286 1028 1654 1098 conjecturam
1685 1038 1779 1088 de-

191 1110 503 1173 veniamus,
555 1112 648 1180 qui
683 1112 739 1167 S.
775 1114 1119 1188 Hippolytum
1173 1133 1281 1172 ncn
1328 1117 1524 1176 Portus
1571 1121 1777 1186 Romaa,

193 1201 285 1253 sed
325 1199 525 1256 Portus
551 1201 781 1258 Romani
811 1207 862 1258 in
893 1208 1088 1262 Arabia
1113 1217 1426 1280 episcopum
1455 1211 1623 1267 fuisse
1648 1230 1780 1268 eon-

191 1290 386 1344 tendit.
432 1289 770 1362 Przecipuum
810 1295 1083 1366 opinionis
1121 1315 1232 1355 suae
1258 1300 1666 1357 fundamentum
1713 1321 1778 1360 ex

190 1380 555 1452 Philostorgio
593 1384 704 1455 (67)
747 1386 1021 1454 desumit,
1072 1391 1164 1458 qui
1206 1390 1527 1460 legationem
1567 1409 1593 1446 a
1629 1392 1775 1446 Con-

189 1475 395 1526 stantio
415 1474 659 1544 Augusto
675 1476 740 1529 ad
763 1476 921 1533 Indos
939 1480 1157 1534 missam
1185 1481 1319 1550 (68³,
1343 1493 1401 1536 ut
1424 1499 1518 1538 eos
1536 1484 1598 1538 ad
1627 1484 1778 1537 Chri-

188 1574 256 1621 sti
298 1567 460 1622 fidem
506 1571 837 1635 traduceret,
875 1572 1206 1638 describens,
1245 1587 1426 1630 narrat
1451 1576 1560 1646 (69)
1595 1575 1774 1629 Theo-

188 1659 401 1726 philum
441 1659 656 1724 Indum,
695 1662 920 1729 hujusce
958 1663 1241 1734 legationis
1275 1667 1593 1736 principem,
1624 1668 1774 1736 prius

188 1750 531 1816 Sabmorum,
570 1767 666 1806 seu
719 1752 1131 1808 Homzeritarum
1185 1757 1433 1825 regiones
1474 1759 1734 1813 lustrasse
1759 1800 1774 1825 ,

1886 565 2106 618 nomine
2143 567 2489 634 insignitam;
2525 571 2652 639 quid
2701 571 2864 640 igitur
2920 582 3109 638 restat,
3154 575 3286 644 quin
3332 591 3452 630 cre-

1886 655 2080 710 damus
2107 657 2404 727 scriptores
2427 675 2638 725 omnes.
2675 663 2768 731 qui
2795 662 2851 716 S.
2881 661 3229 735 Hippolytum
3251 665 3451 722 Partus

1883 744 2115 800 Romani
2149 751 2464 819 episc0pum
2495 751 2662 808 fuisse
2688 757 3047 824 scripserunt,
3082 773 3194 811 non
3225 756 3451 814 Portum

1883 838 2037 892 urbis
2071 837 2256 893 Roma:
2277 841 2342 893 ad
2372 839 2634 915 Tyrrheni
2692 845 2862 898 maris
2887 861 3033 911 oras,
3093 847 3190 900 sed
3224 846 3451 904 Portum

1882 930 2184 987 Romanum
2212 933 2472 1005 Erythrzei
2534 937 2699 991 maris
2734 938 2787 991 in
2835 939 3033 992 Arabia
3068 937 3243 993 Felice
3287 941 3451 996 situm

1879 1023 2164 1093 designare
2187 1026 2460 1094 voluisse?
2488 1027 2662 1097 Atque
2692 1038 2749 1082 ut
2777 1045 2933 1083 suam
2964 1037 3288 1085 sententiam
3317 1047 3449 1100 pro-

1881 1115 2199 1170 babiliorem
2255 1119 2521 1181 redderet,
2555 1119 2782 1190 hujusce
2827 1121 3045 1176 Arabici
3084 1121 3284 1177 Portus
3313 1123 3450 1178 insi-

1880 1206 2002 1275 gnia
2035 1216 2089 1260 et
2135 1211 2383 1264 encomia
2424 1213 2721 1276 contexuit,
2775 1213 2912 1268 situs
2961 1214 3446 1283 opportunitatem,

1883 1309 2244 1353 mercatorum
2271 1300 2628 1374 frequentiam
2659 1320 3005 1373 summopere
3032 1309 3444 1366 commendans.

1885 1387 1988 1443 Sed
2018 1406 2179 1459 quam
2210 1393 2367 1461 longe
2391 1408 2421 1446 a
2450 1409 2580 1448 vero
2601 1395 2811 1449 aberret
2841 1397 2921 1448 vir
2955 1397 3190 1466 alioquin
3217 1415 3447 1456 summa:

1880 1479 2223 1542 eruditionis,
2252 1479 2428 1536 fusius
2461 1481 2835 1536 demonstrare
2864 1483 2920 1536 in
2955 1484 3138 1538 animo
3163 1494 3264 1538 est.
3290 1485 3444 1551 Quod

1880 1569 1944 1621 ad
1995 1568 2193 1624 Gelasii
2254 1571 2632 1632 testimonium
2683 1573 2894 1637 attinet,
2939 1588 3099 1642 quem
3164 1584 3444 1630 auctorem

1881 1660 2038 1716 toties
2100 1661 2384 1715 memorati
2437 1663 2684 1732 opusculi
2741 1661 2817 1716 De
2859 1662 3063 1716 duabus
3095 1666 3298 1718 naturis
3330 1665 3445 1735 ipse

1879 1751 2122 1816 credidit,
2159 1754 2411 1822 superius
2467 1755 2731 1831 probasse
2756 1755 2913 1810 nobis
2946 1756 3262 1824 suademus,
3297 1757 3444 1830 Moy-

184 1841 442 1910 deinceps
459 1843 524 1896 ad
550 1843 870 1900 Auxnmitas
892 1845 1162 1903 interioris
1189 1847 1482 1918 [Ethiopim
1505 1850 1774 1907 Africana)
1803 1835 1848 1890 Β
1874 1843 2024 1896 nium
2060 1853 2414 1914 ceterosque.
2465 1845 2558 1915 qui
2611 1848 2716 1900 hoc
2764 1847 3064 1901 abutuntur
3101 1850 3440 1912 testimoniO.

183 1931 420 1999 populos
479 1947 537 1986 se
589 1933 903 1988 contulisse.
958 1935 1261 1992 Hommritze
1306 1939 1501 1996 Felicis
1557 1943 1771 1999 Arabiae

183 2025 371 2093 populi
404 2026 662 2079 extimum
695 2027 954 2097 Erythrtei
984 2031 1153 2084 maris
1175 2047 1323 2085 oram
1353 2033 1619 2099 incolunt,
1651 2052 1771 2106 qua:

180 2118 433 2171 eamdem
469 2118 802 2187 provinciam
832 2121 900 2172 ab
942 2119 1090 2175 Indis
1121 2122 1444 2194 distinguit;
1495 2127 1635 2196 apud
1668 2129 1769 2186 hos

182 2203 520 2277 Theophilus
556 2210 948 2282 aliquantisper
982 2225 1373 2283 commoratus,
1419 2220 1592 2288 gentis
1633 2237 1770 2291 prte-s

182 2300 384 2355 fectum
414 2300 849 2357 Christianorum
881 2306 1053 2359 sacris
1087 2306 1336 2374 initiavit,
1374 2310 1490 2378 qui,
1525 2323 1768 2380 postmo-

180 2395 308 2448 dum
360 2396 733 2461 miraeulosis,
770 2399 814 2451 si
849 2399 959 2452 Deo
1005 2399 1210 2467 placet,
1248 2399 1531 2472 Theophili
1581 2404 1765 2460 Ariani

181 2487 442 2556 operibus
469 2498 798 2556 commotus,
841 2499 950 2545 tres
982 2491 1244 2547 ecclesias
1275 2493 1327 2547 in
1359 2495 1581 2548 totidem
1613 2498 1764 2566 regni

179 2579 261 2634 sui
297 2579 674 2634 celeberrimis
705 2582 932 2636 urbibus
955 2582 1178 2651 proprio
1205 2598 1312 2638 aere
1338 2600 1367 2638 a
1400 2584 1765 2643 fundamentis

176 2671 458 2736 excitavit,
494 2687 652 2726 unam
685 2673 736 2725 in
778 2673 892 2742 ipsa
923 2673 1204 2742 metropoli
1243 2675 1409 2730 totius
1439 2677 1615 2745 gentis
1654 2677 1763 2734 Ta-

179 2763 422 2831 pharon;
457 2763 751 2818 secundam
780 2765 836 2816 ὲν
886 2757 931 2831 ᾧ
964 2763 1028 2816 τὸ
1075 2763 1378 2817 ΡΩΜΑΙΩΝ
1407 2767 1764 2823 EMHOPION

178 2852 478 2924 ἐτύγχανεν
515 2894 531 2920 ,
587 2853 690 2919 ἔξω
741 2851 876 2923 πρὸς
923 2854 1016 2907 τὸν
1074 2855 1322 2909 Ὠκεανὸν
1370 2860 1758 2929 τετραμμένον.

178 2944 420 2998 Κιλοῦσι
457 2945 516 2999 δὲ
562 2944 624 2998 τὸ
667 2947 864 3016 χωρίον
915 2945 1136 3017 Ἀδάνην
1197 2947 1322 3001 ἔνθα
1372 2950 1465 3002 καὶ
1517 2953 1641 3016 τοὺς
1696 2954 1761 3006 ὲκ

186 3032 479 3105 Ῥωμαίων
527 3036 954 3107 ἀφικνουμένους
1010 3037 1130 3100 ἔθος
1175 3034 1243 3110 ἦν
1291 3040 1756 3113 καθορμίζεσθαιε

183 3145 201 3173 σ
249 3125 353 3182 Ubi
399 3136 522 3182 erat
566 3127 861 3182 Romanum
911 3129 1218 3198 Emporium
1261 3143 1569 3188 extrorsum
1616 3137 1757 3206 apud

177 3215 457 3271 Oceanum
495 3219 765 3287 positum;
808 3228 1005 3274 vocant
1033 3234 1162 3274 vero
1200 3223 1455 3292 Oppidum
1496 3226 1752 3296 Adanen,

178 3323 281 3376 quo
320 3309 414 3374 iis,
447 3324 591 3380 quos
629 3325 695 3365 ex
740 3308 1002 3366 Romanis
1038 3313 1223 3367 venire
1255 3315 1538 3385 contingit,
1575 3319 1758 3388 appel-

179 3399 282 3456 lere
318 3418 446 3457 mos
488 3411 592 3457 est.
647 3423 664 3455 ›
697 3403 936 3459 Tertiam
984 3421 1114 3459 vero
1155 3407 1438 3462 ecclesiam
1486 3409 1538 3463 in
1588 3411 1756 3465 altera

178 3494 416 3565 regionis
463 3505 620 3564 parte
664 3499 963 3564 exstruxit,
1007 3500 1098 3554 ubi
1129 3499 1408 3555 Persicum
1455 3510 1537 3555 est
1569 3516 1756 3570 empo-

179 3589 313 3642 rium
347 3589 405 3643 in
428 3590 572 3644 ostio
597 3591 766 3646 maris
790 3590 1017 3663 Persici,
1044 3593 1188 3662 quod
1219 3593 1292 3646 ibi
1313 3601 1398 3648 est
1429 3595 1591 3647 situm
1620 3593 1752 3663 (70).

245 3679 506 3752 Moynius
538 3682 704 3753 igitur
731 3685 978 3753 sequenti
1029 3685 1526 3755 argumentationis
1557 3699 1754 3754 genere

180 3768 233 3826 S.
266 3771 619 3843 Hippolytum
664 3773 898 3828 Arabem
932 3774 1247 3844 episcopum
1307 3775 1477 3829 fuisse
1499 3774 1602 3828 sibi
1631 3789 1756 3844 per-

180 3863 408 3916 suadet:
441 3863 694 3918 Gelasius
717 3863 775 3918 S.
817 3862 1162 3936 Hippolytum
1198 3864 1412 3919 Arabia:
1441 3866 1752 3933 metropoli-

180 3966 360 4008 tanum
397 3956 670 4027 appellat;
695 3955 1096 4028 Philostorgius
1126 3973 1224 4012 nos
1247 3959 1406 4012 docet
1460 3958 1513 4012 in
1546 3957 1754 4014 Arabia

178 4107 707 4163 animadvertendus.
746 4107 836 4162 Sic
859 4109 1002 4163 enim
1042 4107 1224 4163 Graeca
1255 4123 1312 4162 se
1341 4107 1567 4163 habent:
1615 4111 1757 4164 Ἐπί-

180 4177 452 4240 σκοποςδὲ
482 4171 636 4242 οὗτος
671 4180 936 4248 (Beryllus
966 4178 1191 4247 scilicet)
1240 4173 1307 4248 ἦν
1347 4177 1456 4230 τῶν
1484 4179 1623 4232 κατὰ
1654 4181 1753 4233 Βό-

181 4262 333 4321 στραν
375 4249 660 4321 Ἀράβων,
693 4249 1178 4321 ὼταῷτωςμδὲ-καξ
1217 4248 1527 4321 Ἱπῖεόλυτος
1565 4250 1756 4321 ἐτέρας

180 4315 397 4390 ποῦγκαὶ
419 4315 582 4390 esse;
608 4315 882 4390 προεστὼς
925 4315 1264 4390 Ἐκκλησίαςν.
1297 4317 1428 4384 Qua:
1459 4321 1537 4372 sic
1562 4315 1756 4374 debent

179 4389 360 4458 reddi;
407 4407 425 4438 ι
465 4388 709 4458 Beryllus
750 4389 852 4442 fuit
899 4388 1185 4458 episcopus
1225 4388 1429 4444 Bostraa
1471 4391 1750 4446 Arabum:

177 4449 498 4527 Hippolytus
563 4449 724 4512 etiam
810 4449 964 4512 alteri
993 4449 1245 4513 Ecclesia:
1281 4459 1514 4527 praefuit,
1574 4471 1676 4514 etc.
1729 4480 1747 4512 ι

1870 1949 2008 1988 vana
2044 1935 2254 1990 locutos
2282 1952 2424 2001 esse,
2452 1948 2610 2005 atque
2637 1954 2714 1997 ex
2747 1953 2834 2001 eo,
2868 1948 3058 1993 contra
3097 1950 3338 1994 nostram
3374 1941 3444 1996 de

1871 2025 2160 2081 Portuensi
2198 2028 2255 2081 S.
2305 2026 2577 2102 Hippolyti
2621 2030 2747 2084 sede
2795 2029 2861 2084 ad
2897 2045 3048 2084 oram
3083 2033 3250 2087 maris
3277 2033 3442 2087 Medi-

1871 2119 2104 2173 terranei
2135 2120 2488 2184 sententiam,
2519 2120 2791 2175 infirmum
2819 2123 3010 2177 deduci
3035 2134 3436 2193 argumentum.

1871 2209 2058 2264 Restat
2085 2211 2247 2277 igitur
2263 2220 2323 2264 ut
2351 2211 2416 2264 de
2447 2210 2797 2284 Philostorgii
2832 2217 3157 2270 auctoritate
3185 2216 3440 2286 illiusque

1870 2301 2177 2354 testimonio
2207 2300 2391 2371 aliqua
2416 2301 2684 2356 dicamus.

1942 2392 2195 2448 Fatemur
2217 2395 2434 2462 quidem
2483 2393 2758 2464 Evangelii
2811 2394 2984 2450 lucem
3038 2397 3437 2466 antiquissimis

1868 2481 2122 2539 Ecclesiae
2146 2486 2364 2540 saeculis
2401 2485 2541 2554 apud
2571 2501 2760 2542 omnes
2809 2503 3059 2556 peraeque
3091 2498 3279 2558 gentes
3304 2505 3438 2560 apo-

1867 2575 2188 2628 stolicorum
2241 2575 2503 2636 virorum
2537 2591 2665 2630 cura
2719 2577 2876 2644 longe
2906 2577 3120 2647 lateque
3183 2579 3436 2634 dill'usam

1865 2665 2070 2730 fuisse;
2122 2665 2351 2734 ideoque
2377 2667 2580 2722 nullam
2613 2667 2724 2721 fere
2751 2667 2898 2722 orbis
2923 2669 3123 2738 cogniti
3149 2678 3203 2724 et
3237 2669 3448 2724 Roma-

1864 2773 2063 2812 norum
2122 2758 2466 2812 commerciis
2529 2758 2854 2828 frequentati
2901 2771 3110 2830 partem
3158 2762 3437 2818 exstitisse

1871 2849 2168 2914 credimus,
2198 2865 2360 2918 quam
2396 2850 2586 2918 primis
2620 2851 2780 2917 etiam
2812 2850 3068 2907 Ecclesiae
3099 2854 3435 2923 temporibus

1867 2943 2142 3014 Evangelii
2173 2943 2264 2997 lux
2294 2959 2400 2997 non
2458 2946 2836 3012 penetraverit.
2871 2943 3146 3015 Optimum
3189 2957 3298 3002 tam
3334 2948 3435 3003 ad—

1862 3036 2122 3091 miranda:
2151 3036 2226 3090 rei
2254 3044 2445 3091 testem
2475 3037 2772 3092 Arnobium
2809 3037 2923 3108 (71)
2966 3040 3253 3107 habemus,
3277 3040 3434 3110 cujus

1858 3126 1973 3195 jam
1999 3143 2113 3182 aevo
2143 3127 2458 3183 Christiana
2493 3129 2683 3199 religio
2709 3127 2893 3193 Seras,
2925 3128 3120 3184 Persas
3147 3139 3201 3184 et
3223 3130 3432 3197 Medos,

1857 3219 2064 3285 Asiam,
2091 3218 2326 3296 Syriam,
2357 3220 2637 3286 Arabiam,
2665 3219 2980 3291 Aigyptum,
3003 3220 3288 3286 Achaiam,
3321 3221 3433 3277 Ma-

1856 3311 2160 3377 cedoniam,
2192 3311 2440 3380 Epirum,
2482 3321 2534 3365 et
2566 3311 2773 3366 insulas
2801 3328 2864 3366 ac
2902 3312 3214 3381 provincias
3239 3327 3431 3368 omnes

1856 3418 1992 3472 quas
2027 3403 2109 3458 sol
2139 3404 2325 3457 oriens
2354 3413 2516 3478 atque
2544 3401 2800 3458 occidens
2846 3403 3062 3469 lustrat,
3096 3413 3428 3472 pervaserat.

1855 3495 2097 3548 Arnobio
2132 3497 2483 3550 consentiunt
2513 3494 2882 3549 Tertullianus
2910 3494 3044 3565 (72),
3081 3495 3282 3564 aliique
3315 3494 3428 3566 (75)

1855 3584 2072 3640 illorum
2105 3594 2158 3640 et
2182 3586 2543 3654 posteriorum
2593 3594 2896 3656 temporum
2951 3588 3266 3655 scriptores,
3292 3601 3432 3655 quo-

1860 3693 1979 3732 tum
2009 3678 2434 3732 luculentissima
2489 3679 2590 3731 hac
2625 3677 2690 3731 de
2729 3693 2786 3732 re
2837 3678 3144 3732 testimonia
3174 3679 3228 3732 iu
3258 3695 3426 3732 nuntn

1872 3771 2142 3840 congessit
2174 3769 2408 3824 Joannes
2458 3769 2714 3823 Albertus
2741 3765 3025 3824 Fabricius
3052 3769 3107 3824 in
3159 3770 3299 3823 libro
3340 3771 3429 3824 cui

1861 3861 2071 3924 titulus,
2115 3861 2380 3915 Salutaris
2409 3862 2501 3914 lux
2529 3861 2801 3932 Evangelii
2833 3861 2944 3930 (71)
2973 3863 3069 3914 toti
3090 3864 3203 3916 orbi
3231 3879 3322 3932 per
3344 3864 3429 3916 di-

1854 3954 2028 4008 vinam
2082 3954 2312 4022 gratiam
2362 3955 2626 4022 exoriens,
2671 3963 2800 4019 etc.,
2843 3954 2895 4008 in
2949 3970 3059 4024 quo
3104 3952 3428 4009 Christiana:

1857 4120 1946 4166 tur
1968 4129 2119 4166 num.
2152 4112 2225 4166 5:
2261 4131 2279 4163 ‹
2308 4111 2376 4166 At
2400 4111 2732 4182 Theophilus
2763 4127 2886 4165 cum
2926 4109 3066 4182 apud
3100 4107 3425 4166 Homaaritas

1863 4183 2100 4250 singula,
2129 4191 2288 4251 prout
2313 4191 2523 4251 poterat
2555 4181 2616 4236 et
2650 4195 2810 4250 prout
2839 4181 3095 4250 temporis
3122 4182 3258 4234 ratio
3289 4181 3428 4235 sine-

1856 4252 1969 4314 bat,
2003 4253 2324 4313 ordiuassel,
2371 4263 2424 4306 et
2467 4252 2725 4306 ecclesias
2774 4252 3153 4320 dedicavisset,
3186 4261 3424 4305 t-torna-

1857 4323 2077 4391 mentis,
2127 4322 2326 4391 quibus
2379 4330 2611 4390 poterat,
2670 4331 3008 4385 exornasset,
3069 4322 3136 4374 ad
3185 4321 3418 4391 insulam

1857 4389 2016 4454 Divu,
2051 4389 2213 4461 quam
2242 4391 2346 4459 ipsi
2377 4389 2624 4461 patriam
2669 4392 2837 4446 fuisse
2881 4391 3132 4461 superius
3157 4390 3421 4445 indicavi-

1859 4477 1982 4516 mus
2007 4503 2022 4527 ,
2061 4460 2353 4531 navigavit.
2379 4460 2561 4530 ’Atqne
2615 4460 2739 4515 inde
2768 4463 2834 4516 ad
2881 4460 3016 4516 alias
3051 4460 3212 4514 lndim
3234 4475 3420 4531 perre-

239 4532 352 4604 (69)
397 4526 683 4604 V_tde_pag_.
718 4527 821 4604 102
838 4531 1008 4604 hujns
1036 4526 1436 4604 dissertationis
1466 4528 1522 4582 in
1553 4531 1752 4586 nostris
1786 4535 1832 4590 D
1857 4532 1936 4604 _xit
1959 4526 2228 4604 regiones,
2260 4526 2558 4604 multaque,
2582 4547 2702 4602 qua:
2731 4531 2870 4601 apud
2906 4533 3027 4587 illos
3052 4546 3158 4584 non
3195 4526 3294 4584 rite
3328 4530 3422 4584 tie-

178 4597 342 4670 notis,’
397 4599 492 4652 ubi
527 4597 788 4670 Stephani
837 4599 888 4654 le
916 4597 1110 4670 Moyne
1142 4599 1304 4653 verba
1337 4613 1434 4668 per
1465 4612 1751 4656 extensum

141 4671 146 4674 ’
177 4669 482 4732 retulimus,
514 4678 627 4722 not.
661 4669 714 4722 5.

242 4737 517 4811 (67)ῌ1ιὶιλ.
559 4753 619 4792 ut
643 4738 1335 4811 AEeclesiasticmfiistorite,
1378 4753 1497 4811 cap.
1525 4740 1592 4806 4,
1626 4755 1748 4811 pag.

179 4806 275 4860 ⁴186
301 4808 431 4878 edit.
464 4808 779 4878 Cantabrig.
825 4811 951 4862 anni
984 4807 1140 4873 1720,
1169 4809 1365 4877 saepius
1388 4806 1580 4864 citatas.

248 4878 355 4948 (68)
385 4877 615 4948 Peracta
637 4892 717 4933 εει
739 4877 856 4948 haec
882 4880 1080 4948 legatio
1126 4894 1270 4933 anno
1303 4879 1426 4942 556,
1456 4890 1512 4933 ut
1545 4880 1749 4934 existi~

179 4947 285 5001 mat
311 4947 675 5004 Gothofredus
720 4950 773 5002 in
803 4947 1100 5018 Comment.
1124 4949 1280 5018 leg.2
1319 4949 1499 5003 Codic.
1554 4949 1746 5004 Tlteod.

179 5018 241 5072 de
287 5018 501 5088 legatis,
533 5020 659 5073 data
711 5035 839 5073 xvtn
895 5020 1010 5073 Kal.
1065 5017 1250 5088 Febiu,
1311 5019 1608 5075 indictione
1657 5037 1746 5086 xv,

181 5087 497 5160 Constantio
517 5090 657 5160 Aug.
691 5105 787 5160 vtt‘t
817 5099 870 5143 et
912 5088 1129 5143 Juliano
1154 5087 1296 5143 Caes.
1331 5103 1497 5152 coss.,
1535 5091 1589 5144 in
1641 5107 1748 5160 qua

180 5158 304 5229 dicit
326 5158 648 5229 imperator:
685 5177 702 5210 ι
736 5158 927 5214 Nullus
951 5160 1016 5214 ad
1042 5169 1253 5228 gentem
1286 5158 1672 5213 Axutnitaruni
1696 5170 1750 5214 et

180 5223 591 5300 Homeri-tarum
625 5231 703 5285 ire
717 5223 1086 5299 praeceptusf»
1117 5239 1252 5300 etc.,
1281 5231 1337 5300 id,
1361 5239 1462 5291 est,
1493 5229 1749 5300 legatione

205 5299 323 5368 angi
353 5301 551 5381 iussus,
583 5302 900 5366 ut'explicat
927 5299 1293 5354 Gothofredus
1331 5299 1423 5380 lib.
1475 5299 1582 5380 itu].
1608 5300 1742 5374 Cod.

205 5367 455 5438 flieodos.,
493 5379 576 5425 tit.
610 5371 697 5436 l2,
728 5379 860 5427 tom.
909 5368 1024 5434 IV.,
1051 5386 1104 5439 p.
1131 5368 1255 5433 6-16,
1278 5371 1405 5424 edit.
1440 5367 1634 5439 Lipsiae
1654 5387 1742 5426 an.

259 5385 455 5440 ξοαοεη
493 5385 576 5425 ιιι.
610 5385 697 5436 12,
728 5385 860 5427 10111.
909 5385 1024 5434 ιν.,
1051 5386 1104 5440 p.
1131 5385 1255 5433 0'10,
1278 5385 1405 5424 ευιι.
1440 5385 1634 5439 tapeta:
1654 5387 1743 5426 an.

249 5481 354 5582 (ei)
382 5509 720 5565 Ecclesiatic.
775 5509 1122 5583 Philostorgii
1174 5509 1408 5583 ιιεειοττΔ
1453 5510 1676 5583 ερξέοηιο
1714 5526 1745 5565 a

187 5576 366 5662 [ξῦοιῷ
418 5583 731 5662 patriarcha
765 5582 998 5662 co‘nl‘ect.
1026 5576 1216 5662 Satine
1258 5576 1487 5662 reddita
1513 5578 1746 5636 Henrico

189 5645 388 5722 Valesio
417 5645 730 5722 interprete.
763 5651 858 5706 lib.
889 5667 971 5716 nt,
1003 5668 1058 5707 n.
1087 5653 1142 5716 4,
1174 5667 1296 5722 pag.
1323 5651 1446 5705 486.

253 5719 359 5788 (70)
389 5723 531 5776 Sunt
558 5719 722 5776 verba
750 5721 922 5792 ipsius
951 5719 1296 5792 Philostorg'ii
1328 5723 1431 5775 loc.
1466 5721 1581 5783 cit.,
1613 5736 1736 5791 pag.

187 5788 302 5858 £88,
328 5804 521 5862 etpost
560 5788 873 5862 hujusuiodi
934 5795 1091 5848 verba
1125 5788 1247 5847 haec
1285 5793 1465 5847 statim
1498 5788 1738 5862 sequun-

1856 4601 2007 4663 bant,
2027 4601 2360 4656 emendavit.
2376 4621 2394 4653 ι

1928 4671 2038 4742 (71)
2078 4671 2208 4751 Lil)._
2239 4689 2298 4751 tt,
2330 4671 2529 4751 Contra
2576 4681 2922 4751 geptes,.pag.
2962 4669 3048 4751 ll,
3097 4677 3256 4751 terg.”
3287 4670 3416 4728 edit.

1809 4777 1820 4798 ρ
1854 4738 2042 4796 Βοὴ)ίὲ
2069 4743 2209 4810 apud
2239 4738 2590 4796 Franciscum
2625 4738 2963 4795 Priscianeu.
2986 4738 3378 4810 Florenﬁtiuum.

1925 4811 2038 4880 (72)
2069 4809 2124 4864 1n
2156 4811 2487 4881 Apologetico
2519 4812 2765 4865 adversus
2789 4819 2984 4879 gentes,
3020 4826 3136 4879 cap.
3175 4809 3263 4876 '57,
3291 4825 3413 4878 pag.

1853 4880 1942 4946 67,
1976 4882 2104 4935 edit.
2141 4880 2330 4935 Paris.
2350 4881 2506 4935 1616.

1923 4951 2036 5021 (75)
2067 4949 2269 5020 Nempe
2300 4950 2356 5003 S.
2385 4951 2635 5021 Clgnens
2679 4949 2969 5021 Romanus
3009 4946 3185 5021 Epist.
3215 4947 3282 5000 ad
3313 4947 3416 5001 Co-

1851 5017 2038 5086 rinth.)
2066 5021 2123 5075 S.
2153 5017 2388 5091 lgiiatius
2450 5019 2624 5089 Epist.
2654 5017 3262 5091 _ad‘PltiladelpIu1ises,_
3293 5033 3413 5087 cap.

1849 5092 1937 5162 4;,
1975 5092 2030 5145 S.
2081 5086 2329 5146 Justinus
2382 5086 2618 5162 mar'ty_r_
2648 5088 2865 5162 Diulog_o
2919 5104 3060 5162 cum_
3104 5086 3413 5162 Trpplwne;

1849 5155 2110 5230 Ocigenes
2138 5163 2230 5216 lib.
2258 5177 2273 5214 ι
2303 5173 2484 5213 contra
2526 5155 2772 5230 Celsum;
2805 5155 3134 5230 Lactantius
3165 5155 3242 5230 De
3274 5175 3410 5230 mor-

1851 5227 1986 5284 tibu‘s
2017 5245 2454 5299 persecutorum,_
2485 5246 2534 5284 c.
2566 5230 2635 5292 2;
2692 5228 2961 5282 Eusebius
2999 5237 3137 5299 orat.
3157 5228 3256 5299 “de
3280 5227 3417 5299 _lau-,

1848 5301 2000 5355 dibus
2018 5297 2401 5363 Constantini;
2435 5297 2492 5352 S.
2526 5301 2944 5370 Cltrysostomus
2999 5297 3252 5370 humilia
3273 5297 3308 5348 2
3358 5299 3416 5350 in

1845 5370 2131 5434 Joannem,
2161 5381 2215 5424 et
2277 5370 2464 5423 homil.
2505 5371 2529 5424 1
2568 5365 2654 5422 Βέ
2696 5369 2942 5421 laudibus
2989 5365 3046 5420 S.
3091 5366 3253 5419 Pauli
3281 5383 3413 5436 apo-

1845 5441 2002 5506 stoli;
2043 5441 2100 5495 S.
2140 5440 2500 5510 Hieronymus
2557 5441 2608 5492 in
2652 5441 2834 5502 Amos,
2868 5441 3021 5506 epist.
3052 5436 3415 5510 ad_Ileliodo-

1846 5505 1989 5575 rum,
2037 5512 2303 5581 epitaphio
2347 5505 2658 5578 Nepotiani,
2700 5519 2751 5562 et
2793 5505 2945 5581 epist.
2993 5508 3061 5559 ad
3106 5505 3331 5574 Lanam,
3361 5517 3416 5563 et

1844 5581 1936 5635 alii
1967 5578 2372 5650 quan'iplurimi,
2405 5596 2542 5649 quos
2578 5595 2862 5633 numerare
2895 5578 3303 5650 longunresset.

1917 5645 2028 5722 (71)
2059 5645 2191 5720 Cap.
2240 5651 2297 5715 2,
2343 5645 2463 5720 pag.
2495 5651 2585 5722 233',
2621 5663 2673 5722 et.
2716 5664 2878 5722 seqq.
2930 5648 3059 5722 edit.
3118 5645 3409 5716 Hamburgi

1843 5716 1972 5776 anni
2002 5716 2158 5785 1751,
2192 5723 2284 5774 ubi
2314 5716 2478 5773 multa
2529 5719 2959 5774 Christianornn'i
3014 5716 3231 5772 Patrum
3267 5726 3414 5770 vetc—

1845 5809 1967 5847 tum
2000 5794 2065 5848 de
2098 5793 2482 5863 propagatione
2521 5788 2794 5860 Evangelii
2832 5788 3136 5844 testimonia
3167 5787 3414 5843 referun-
