3826 6494
421 299 531 360 515

1190 296 1279 352 DE
1317 295 1710 354 PORTUENSI
1745 298 1803 354 S.
1844 297 2205 354 IIIPPOLYTI
2247 297 2440 354 SEDE.
2478 328 2551 339 —
2583 297 2766 354 PARS
2803 297 2868 355 ll.

3560 301 3654 357 5l6

422 415 709 489 religionis
766 414 1062 485 primordia
1115 416 1260 486 apud
1313 432 1505 472 omnes
1548 426 1736 489 gentes
1779 433 1991 474 summa
2021 427 2068 481 Α
2097 419 2325 488 ipsemet
2355 417 2617 487 scriptum
2649 416 2868 486 reliquit
2897 415 3030 487 (78).
3063 415 3263 471 Arabia
3293 431 3424 472 vero
3453 433 3564 472 una
3597 413 3656 472 ei

421 511 728 568 eruditione
752 509 1016 579 repandit.

496 602 696 658 Verum
741 603 1131 673 episcopalium
1183 603 1394 659 sedium
1443 620 1552 660 non
1607 607 1794 662 eadem
1851 608 1990 662 ratio

418 695 691 753 censenda
717 704 797 751 est
829 712 844 760 ;
889 710 1012 750 cum
1044 695 1188 750 enim
1225 697 1510 765 apostolici
1538 697 1640 752 viri
1673 699 1724 752 in
1757 699 1988 754 fundan-

417 787 504 844 dis
535 786 791 842 Ecclesiis
822 786 1052 841 Romani
1080 789 1290 858 imperii
1339 790 1582 859 politiam
1642 793 1984 860 potissimum

319 875 322 878 ’
417 882 589 935 secuti
623 878 846 944 fuerint,
902 877 1106 933 idcirco
1137 879 1337 943 evenit,
1384 889 1444 934 ut
1490 881 1682 950 primis
1733 881 1986 938 Ecclesia:

415 973 630 1030 saeculis
655 971 794 1041 apud
835 971 1096 1026 barbaras
1121 982 1307 1041 gentes
1333 981 1483 1025 extra
1507 971 1738 1026 Romani
1772 973 1982 1042 imperii

413 1065 616 1120 limites
648 1065 803 1130 sitas,
856 1065 1106 1133 quamvis
1138 1063 1436 1117 Christiani
1491 1079 1600 1116 non
1635 1063 1791 1132 pauci
1840 1063 1983 1132 apud

412 1171 507 1212 eas
530 1157 808 1226 degerent,
848 1157 1009 1210 nulla:
1041 1157 1421 1224 episcoporum
1473 1155 1628 1210 sedes
1661 1155 1856 1208 ibidem
1889 1171 1984 1208 cx-

410 1247 671 1302 stiterint.
705 1245 795 1300 Sic
822 1246 1126 1300 Carmania:
1158 1245 1295 1314 (75),
1327 1243 1634 1298 Bactrianae
1681 1244 1814 1312 (76),
1846 1245 1980 1298 alia-

409 1354 644 1408 rumque
674 1338 1034 1392 Orientalium
1070 1338 1378 1407 regionum,
1411 1353 1548 1406 quas
1600 1338 1841 1391 nondum
1873 1338 1981 1390 Ro-

407 1433 559 1487 mani
604 1431 922 1485 victricibus
977 1432 1144 1484 armis
1193 1430 1538 1498 subegerant,
1584 1429 1980 1499 antiquissimis

410 1524 560 1579 hisce
587 1523 802 1579 szeculis
851 1523 1230 1577 ecclesiasticae
1277 1523 1473 1576 tabulae
1506 1523 1685 1577 nullos
1723 1523 1980 1577 exhibent

408 1616 718 1687 episcopos.
753 1615 858 1670 Sed
884 1615 1012 1684 quid
1061 1613 1551 1668 remotissimarum
1599 1629 1664 1668 ac
1713 1614 1976 1667 barbara—

407 1723 528 1761 rum
586 1708 824 1777 gentium
878 1707 1132 1760 historias
1180 1715 1526 1777 repetamus,
1582 1721 1703 1760 cum
1748 1707 1976 1775 ipsamet

406 1797 602 1864 Gallia,
661 1807 739 1853 tot
781 1800 994 1855 eximiis
1048 1798 1417 1855 Romanorum
1467 1798 1778 1866 triumphis,
1803 1798 1975 1852 victo-

405 1890 528 1954 riis,
560 1890 922 1960 diuturnoque
952 1905 1140 1945 eorum
1197 1890 1423 1960 imperio
1464 1890 1788 1955 clarissima,
1839 1906 1976 1959 pau-

404 1980 656 2035 cissimos
679 1979 742 2035 S.
773 1979 960 2035 lrenzei
1010 1996 1125 2035 :evo
1158 1981 1444 2050 episcopos
1493 1981 1779 2035 numeret?
1836 1979 1976 2034 Pace

402 2069 750 2140 postmodum
780 2068 1053 2135 (Ecclesia:
1110 2069 1340 2135 reddita,
1405 2068 1715 2124 Christiana
1764 2069 1971 2140 religio,

405 2176 529 2232 quae
552 2161 664 2231 jam
691 2161 898 2230 pridem
950 2162 1152 2215 sensim
1209 2160 1673 2230 promulgabatur,
1706 2162 1882 2231 palam
1909 2178 1974 2218 ac

403 2261 588 2322 aperte
618 2267 714 2322 per
758 2267 948 2306 omnes
978 2252 1164 2320 gentes
1188 2252 1349 2321 longe
1389 2251 1604 2322 lateque
1639 2253 1835 2307 ditiusa
1866 2263 1970 2308 est.

403 2344 497 2398 Sic
519 2342 800 2414 IEthiOpia
831 2352 1029 2414 quarto
1070 2342 1270 2397 saeculo
1316 2343 1538 2398 ineunte
1565 2360 1688 2398 cum
1723 2345 1838 2400 suis
1886 2362 1974 2400 re-

402 2436 585 2506 gibus,
612 2435 915 2490 Frumentii
953 2446 1006 2491 et
1065 2436 1244 2491 Edesii
1293 2451 1416 2505 ope,
1447 2435 1724 2491 Christum
1754 2437 1974 2508 agnovit

402 2525 538 2597 (77).
572 2525 636 2580 Et
689 2527 747 2580 S.
779 2525 1143 2598 Hieronymus
1196 2528 1264 2582 de
1320 2527 1498 2589 India,
1545 2526 1761 2581 Perside
1820 2539 1973 2598 atque

399 2616 680 2686 Etliiopia
703 2619 1077 2672 monachorum
1108 2620 1343 2690 quotidie
1386 2619 1566 2673 turbas
1599 2620 1968 2689 suscipiebat;

399 2719 458 2764 et
486 2710 661 2779 ipsius
692 2725 808 2763 aevo
828 2712 1152 2779 deposuerat
1181 2711 1453 2780 pharetras
1470 2712 1766 2776 Armenius,
1793 2711 1970 2766 Hunni

400 2800 686 2856 discebant
734 2800 1099 2870 Psalterium,
1157 2800 1388 2871 Scythia
1449 2801 1649 2871 frigora
1692 2802 1973 2856 fervebant

399 2892 576 2946 calore
599 2892 744 2962 ﬁdei,
782 2891 1034 2946 Getarum
1076 2893 1271 2946 rutilus
1300 2904 1347 2946 et
1379 2893 1550 2961 ﬂavus
1575 2894 1838 2946 exercitus
1874 2893 1971 2946 Ιιῖευ

399 2982 682 3037 clesiarum
731 2984 1152 3040 circumferebat
1208 2986 1453 3048 tentoria,
1511 2984 1970 3054 quemadmodum

395 3170 508 3245 tur,
531 3177 761 3232 quorum
795 3161 1055 3216 nonnulla
1083 3161 1302 3216 nomina
1319 3161 1586 3231 superiori
1611 3169 1736 3216 nota
1760 3163 1969 3219 descri-

436 3249 625 3288 SllllllSs

395 3249 682 3373 Ρδῗῦἓῗὺθ
714 3301 950 3356 Ecclesia
982 3301 1285 3357 Carmaniae
1341 3302 1455 3373 hiec
1489 3301 1677 3356 scribit
1717 3317 1858 3372 smpe
1888 3305 1966 3358 ci-

394 3371 760 3442 tal.Lequien
825 3383 952 3425 tom.
1016 3373 1057 3424 ll
1105 3373 1307 3428 Orieizt.
1361 3372 1582 3433 Christ.,
1641 3388 1760 3442 pag.
1796 3371 1965 3441 ⁷1⁸256,

395 3445 528 3498 edit.
561 3441 784 3496 Parisiis
813 3443 981 3496 I740:
1025 3462 1042 3494 ‹
1067 3445 1323 3505 Cat-man,
1367 3447 1478 3496 sive
1506 3441 1813 3507 Carmania,
1840 3444 1968 3498 Per-

395 3513 499 3567 sidi
531 3512 702 3566 aﬂinis
736 3529 926 3567 versus
959 3525 1201 3567 austrum
1245 3513 1515 3580 provincia
1543 3523 1622 3565 est
1653 3527 1772 3565 cum
1820 3515 1968 3583 ejus-

396 3584 518 3636 dem
560 3585 797 3635 nominis
849 3585 1103 3650 piiinaria
1144 3586 1381 3653 civitate,
1426 3599 1545 3650 qua:
1595 3595 1822 3651 quartus
1853 3586 1968 3653 epio

395 3663 655 3722 scopatus
687 3662 769 3705 est
816 3654 917 3706 sub
971 3654 1309 3721 metropolita
1365 3652 1632 3718 Persidis;
1676 3655 1770 3708 sed
1806 3652 1966 3724 cujus

395 3723 690 3778 antistitem
725 3725 993 3775 neminem
1027 3724 1258 3776 lltVeltl.)

469 3793 582 3862 (76)
640 3791 764 3862 Haec
798 3796 890 3862 (de
949 3792 1263 3859 hujusuiodi
1317 3791 1607 3860 episcopali
1650 3793 1776 3848 sede
1803 3794 1968 3850 habet

394 3861 622 3918 Caiolus
648 3880 676 3916 a
705 3861 761 3916 S.
791 3861 978 3927 Paulo,
1050 3862 1378 3932 Geographie
1433 3879 1595 3927 sacr.,
1652 3879 1771 3932 pag.
1819 3865 1962 3920 51οε

401 3952 422 3984 ε
451 3933 767 3987 Bactrorutn
796 3943 1022 4005 antistes
1052 3935 1274 4005 Alypius
1305 3940 1387 3986 est
1436 3933 1488 3985 in
1523 3934 1757 4005 concilio
1803 3935 1968 3988 Chal-

395 4006 688 4074 cedunensi
724 4021 753 4057 a
799 4003 1014 4067 Buctro,
1074 4003 1132 4057 ut
1187 4003 1441 4069 arbitror,
1502 4003 1652 4072 prius
1708 4003 1966 4074 Zariaspa

395 4074 562 4138 dicta,
595 4073 893 4129 Bactrianae
931 4074 1166 4143 regionis
1195 4075 1376 4143 capite
1417 4084 1470 4126 et
1517 4076 1678 4140 regia.
1728 4073 1961 4130 Ptoloin.

393 4143 490 4199 lib.
525 4161 608 4208 γι,
635 4163 752 4213 cap.
790 4147 902 4198 11.»
938 4141 1166 4198 Michael
1191 4141 1430 4207 Le’.uien
1482 4144 1536 4196 in
1589 4160 1689 4197 suo
1753 4144 1968 4200 Oriente

397 4213 725 4280 Christiano,
759 4225 888 4268 totn.
921 4213 1007 4278 111,
1033 4230 1158 4284 pag.
1203 4214 1328 4277 762,
1369 4224 1654 4282 postquam
1689 4215 1870 4281 aliqua
1901 4216 1968 4270 de

396 4287 692 4353 episcopali
721 4286 846 4339 sede
875 4287 1040 4352 hujus
1090 4285 1363 4345 Ecclesiae,
1391 4300 1510 4352 qua:
1541 4287 1705 4338 etiam
1767 4285 1969 4338 Metro-

396 4357 598 4408 comius
657 4357 1092 4424 nuncupabatur,
1130 4356 1408 4425 retulerit,
1448 4355 1617 4422 ipsius
1673 4355 1961 4425 episcopos

396 4436 702 4495 enumerat,
734 4442 927 4494 nempe
952 4425 1225 4495 Alypium,
1258 4424 1350 4492 qui
1400 4424 1453 4476 in
1487 4427 1722 4479 secunda
1756 4424 1964 4495 sytmdo

2090 511 2415 566 vastissimis
2445 510 2609 565 totius
2637 509 2786 564 orbis
2813 508 3130 578 provinciis,
3156 525 3276 578 qua:
3321 510 3390 564 ab
3424 511 3660 580 antiquis

2090 604 2410 677 geographis
2473 605 2527 658 in
2577 612 2689 657 tres
2727 613 2910 674 partes
2963 603 3136 658 divisa
3182 602 3304 668 fuit,
3352 618 3553 672 nempe
3609 604 3661 658 in

2087 697 2370 765 Petrteam,
2405 697 2677 752 Desertam
2708 706 2762 749 ct
2789 695 3042 762 Felicem,
3076 711 3182 749 non
3215 712 3324 750 uno
3360 696 3660 764 eodemque

2087 796 2330 857 tempore
2358 785 2636 841 Christum
2680 786 2934 841 universa
2964 788 3132 841 coluit
3159 797 3212 841 et
3249 787 3540 856 episcopos
3569 787 3660 839 ha-

2086 880 2222 934 buit.
2262 879 2336 933 Ea
2369 879 2662 949 provinciae
2693 895 2815 948 pars
2843 879 2978 948 (79),
3011 896 3132 948 quze
3161 878 3407 933 Romano
3437 878 3658 932 suberat

2086 971 2334 1040 imperio,
2361 973 2605 1024 omnium
2636 971 2808 1039 prima
2837 970 3040 1025 Christi
3068 971 3223 1025 fidem
3253 980 3336 1026 est
3363 971 3616 1040 amplexa
3640 987 3656 1035 ;

2086 1063 2289 1117 idcirco
2323 1062 2521 1116 ibidem
2584 1063 2936 1130 quamplures
2989 1063 3322 1132 episcopales
3371 1063 3536 1116 sedes
3567 1077 3658 1116 ex-

2084 1155 2287 1209 SIitisse
2314 1163 2459 1223 patet
2488 1170 2551 1208 ex
2583 1155 2822 1224 antiquis
2857 1156 3243 1210 ecclesiasticis
3287 1155 3491 1208 tabulis
3516 1155 3657 1224 apud

2081 1243 2338 1298 Carolum
2397 1258 2428 1298 a
2464 1241 2521 1297 S.
2576 1243 2746 1298 Paulo
2796 1244 2944 1315 (80);
3009 1247 3298 1316 pluresque
3347 1246 3654 1310 habuisset,

2083 1337 2186 1389 nisi
2221 1335 2377 1390 Petra
2431 1335 2768 1390 nobilissima
2803 1337 3096 1405 provincia:
3142 1339 3288 1393 illius
3333 1339 3517 1393 civilis
3545 1355 3656 1393 me-

2081 1430 2308 1498 tropolis
2339 1431 2511 1484 tertiac
2553 1431 2853 1486 Palaestina:
2873 1473 2887 1496 ,
2920 1442 2979 1487 ut
3007 1432 3265 1493 diximus,
3296 1431 3497 1486 fuisset
3532 1448 3652 1486 cum

2079 1521 2403 1590 quibusdam
2431 1523 2650 1578 sedibus
2713 1524 2964 1593 adjuncta
3001 1525 3135 1594 (81).
3166 1523 3378 1578 Arabia:
3417 1522 3656 1579 Deserta:

2079 1612 2310 1666 historia
2341 1613 2426 1668 his
2477 1616 2813 1684 temporibus
2859 1626 2942 1671 est
2977 1615 3392 1680 obscurissima,
3448 1631 3555 1668 nec
3588 1616 3654 1669 ab

2079 1706 2321 1774 antiquis
2346 1707 2703 1775 scriptoribus
2724 1709 2861 1762 alios
2890 1708 3039 1761 illius
3064 1708 3291 1777 populos
3315 1717 3654 1764 memoratos

2079 1797 2348 1864 videmus,
2404 1810 2596 1868 praeter
2644 1799 2940 1863 Homadas,
2991 1798 3262 1862 Scenitas,
3317 1798 3648 1866 Saracenos,

2077 1891 2321 1960 aliosque
2381 1907 2700 1961 perpaucos,
2751 1893 2894 1962 apud
2945 1907 3104 1961 quos,
3159 1907 3284 1945 num
3313 1893 3646 1956 exstiterint,

2077 1981 2160 2036 vel
2192 1982 2409 2052 quando
2434 1998 2554 2036 esse
2581 1984 2846 2052 ceperint
2882 1983 3148 2053 episcopi,
3177 1985 3338 2038 nobis
3367 1985 3535 2054 plane
3567 1985 3650 2038 in-

2075 2083 2409 2142 compertum
2462 2082 2564 2129 est.
2631 2074 3028 2130 Saracenorum
3077 2078 3287 2146 primus
3355 2077 3648 2145 episcopus

2074 2161 2306 2216 habetur
2358 2162 2556 2230 Moses,
2601 2165 2694 2234 qui
2724 2181 2868 2220 anno
2908 2166 3114 2222 Christi
3146 2166 3249 2220 577
3296 2166 3519 2222 circiter
3550 2166 3647 2222 llo-

2075 2255 2186 2308 ruit
2213 2253 2348 2324 (82).

2073 2363 2216 2420 XIX.
2253 2365 2500 2437 Moynius
2528 2368 2579 2422 in
2609 2369 2649 2442 Α
2661 2369 2826 2425 rubiae
2855 2369 3053 2426 Felicis
3084 2379 3234 2438 parte
3277 2369 3336 2426 S.
3363 2370 3645 2442 Hippolyti

2525 2441 2697 2494 sedem
2727 2441 2889 2511 fuisse
2933 2443 3181 2496 credidit.

2149 2528 2349 2584 Arabia
2418 2529 2569 2585 Felix
2629 2545 2857 2588 caeteras
2905 2532 3050 2588 illius
3104 2534 3396 2604 provincia:
3460 2545 3645 2606 partes

2075 2638 2202 2677 cum
2265 2624 2586 2694 populorum
2638 2636 2692 2680 et
2739 2627 2956 2680 urbium
3022 2642 3279 2692 numero,
3331 2638 3447 2682 tum
3491 2644 3644 2684 com-

2073 2716 2402 2770 merciorum
2458 2717 2759 2787 frequentia
2807 2719 3096 2774 antecellit.
3149 2719 3206 2774 In
3261 2719 3362 2774 hac
3418 2720 3479 2778 S.
3523 2721 3645 2792 Hip-

2073 2808 2314 2878 polytum
2345 2809 2720 2878 episcopatum
2763 2811 3067 2868 obtinuisse
3117 2814 3346 2868 credidit
3367 2813 3640 2885 Moynius.

2073 2900 2133 2956 S.
2167 2900 2430 2955 Thomam
2469 2903 2666 2956 ibidem
2702 2903 2978 2973 Evangelii
3015 2920 3318 2974 praeconem
3364 2908 3642 2962 exstitisse

2072 2995 2298 3050 tradunt
2331 2996 2614 3061 nonnulli;
2639 2995 2890 3067 Moynius
2925 2997 3038 3067 (8’5)
3094 3007 3150 3053 et
3193 2998 3252 3054 S.
3283 2999 3519 3056 Paulum
3549 3002 3645 3056 ad-

2145 3148 2256 3217 (79)
2293 3147 2509 3201 Scilicet
2538 3145 2766 3217 Petraea,
2801 3163 2941 3215 qute,
2975 3155 3034 3202 ut
3071 3148 3256 3204 Caroli
3301 3165 3329 3203 a
3372 3147 3432 3205 S.
3470 3151 3642 3208 Paulo

2069 3216 2610 3290 verbausurpemus,
2666 3216 2852 3287 Geogr.
2899 3235 3064 3282 sacr.-,
3115 3237 3234 3290 pag.
3273 3221 3406 3286 276,
3458 3241 3477 3274 ι
3524 3227 3639 3279 sola

2054 3289 2332 3342 Romanis
2376 3289 2618 3360 parebat,
2639 3290 3133 3360 _clau.lebnturque
3179 3308 3208 3344 a
3271 3294 3642 3360 septentrione

2073 3360 2229 3430 Syria
2265 3359 2486 3430 salut_ari
2529 3370 2581 3410 et
2614 3357 2866 3430 Algypto,
2926 3377 2954 3412 a
2990 3360 3220 3430 (meridie
3263 3357 3400 3415 mari
3455 3363 3640 3420 llubro

2069 3427 2130 3486 et
2153 3431 2348 3482 Arabia
2379 3427 2577 3489 Felice,
2602 3428 2670 3480 ab
2693 3427 2812 3488 ortu
2837 3429 3033 3482 Arabia
3064 3430 3327 3484 deserta.»

2143 3499 2254 3570 (80)
2295 3499 2586 3571 (ἔρσεν-(ψη.
2643 3515 2818 3571 sacra,
2871 3516 2988 3571 pag.
3025 3500 3130 3553 9.95
3155 3517 3418 3571 :__nempe
3450 3503 3638 3559 Boslra

2074 3567 2414 3640 meti-Opolis,
2451 3568 2614 3640 Adra,
2648 3567 2887 3640 Me._lav_a,
2909 3569 3148 3640 Cerasa,
3177 3569 3328 3632 Nihe,
3351 3567 3638 3629 'Pbiladel-

2091 3644 2221 3703 ihia,
2257 3635 2482 3712 'Esbus,
2532 3635 3639 3712 hea_polis,'Philippopolis,Constantine,

2121 3712 2378 3780 ionysias,
2439 3707 2930 3780 MaximianOpolis,
2969 3707 3176 3780 :Avara,
3231 3710 3418 3778 Elatia,
3479 3707 3640 3768 Zera;

2070 3777 2230 3843 liena,
2289 3779 2440 3840 Erra,
2499 3778 2713 3849 A_llllll1l,
2773 3777 3108 3849 Parembola.
3155 3777 3445 3849 Legendus
3498 3788 3636 3838 idem

2069 3852 2298 3905 Carolus
2330 3866 2360 3903 a
2412 3849 2470 3901 S.
2530 3846 2716 3909 Paulo,
2749 3848 2841 3917 qui
2875 3850 3158 3918 episcopos
3209 3846 3507 3907 nonnullos
3547 3857 3641 3908 ha-

2069 3939 2189 3976 rum
2212 3920 2603 3981 Ecclesiarum,
2629 3932 2749 3987 pag.
2781 3920 2872 3971 cit.
2905 3928 2956 3972 et
2983 3937 3161 3988 quq.,
3200 3934 3472 3986 recenset,
3501 3937 3551 3978 et
3573 3941 3636 3980 ea

2069 4009 2189 4060 qum
2219 4006 2248 4043 a
2276 3989 2419 4042 Luca
2452 3988 2725 4060 llolstcnio
2769 3989 2966 4041 ibidem
3015 3994 3360 4045 adnotantur.
3400 3992 3475 4046 De
3505 4011 3639 4048 non-

2069 4057 2234 4116 nullis
2261 4061 2453 4130 harum
2487 4057 2848 4130 Ecclesiarunt
2894 4061 3162 4127 episcopis
3217 4064 3433 4130 egregie
3467 4066 3642 4118 disse-

2069 4133 2180 4186 ruit
2208 4131 2405 4184 citatus
2434 4127 2694 4196 chuien,
2725 4129 2813 4182 ubi
2860 4132 2969 4199 agit
2996 4131 3061 4182 de
3090 4127 3370 4195 provincia
3403 4134 3636 4200 Arabiae,

2073 4204 2276 4257 Orimt.
2298 4200 2791 4270 _(.'Iiristiaiio._lotn.
2825 4200 2889 4262 ll,
2918 4215 2966 4268 p.
3006 4201 3112 4252 8ὺᾷ
3135 4210 3185 4270 et
3215 4217 3370 4270 seqq.

2145 4272 2255 4341 (81)
2283 4268 2605 4341 Guilielmus
2633 4265 2829 4336 Tyrius
2863 4265 2954 4322 lib.
2996 4285 3084 4324 xiv
3123 4269 3218 4341 ADe
3268 4265 3403 4326 bello
3461 4291 3633 4337 sacro,

2069 4338 2189 4412 cap.
2224 4338 2304 4406 11,
2349 4340 2681 4412 provinciam
2735 4342 2946 4393 Arabia:
2996 4343 3064 4393 ab
3110 4338 3372 4396 Orientali
3415 4346 3634 4398 diuscesi

2069 4407 2310 4467 avulsam
2343 4407 2440 4475 ait,
2493 4418 2546 4462 et
2580 4407 2878 4463 l-’ala:stina2
2934 4412 3197 4478 adjectam
3260 4429 3290 4466 a
3326 4412 3636 4468 Justiniaiio

397 4475 675 4562 spissis
687 4475 702 4490 ⁷
718 4475 1960 4564 iammare;isissiiisinszap1s'g3:

2082 4480 2931 4564 inperatore"tempore“quinta:
2983 4475 3253 4564 generalis
3279 4486 3508 4564 synodi,
3542 4502 3636 4538 an.

397 4565 496 4630 dit,
525 4567 651 4618 etin
684 4566 834 4620 Actis
865 4566 1026 4636 hujus
1056 4566 1245 4635 synodi
1275 4566 1426 4636 lectis
1453 4567 1506 4616 in
1533 4566 1963 4620 Cltali-edonensi

397 4636 631 4689 concilio
661 4634 970 4690 nominatur
1020 4634 1270 4698 Ἀλύπιος
1301 4634 1587 4704 Βάκτρωνε
1618 4636 1960 4701 Gregorium,

396 4706 491 4775 qui
524 4708 796 4777 synodicis
826 4707 1019 4762 litteris
1047 4705 1275 4760 Joannis
1310 4703 1783 4776 llierdsolytuitani
1829 4721 1965 4774 prae-

399 4777 535 4830 sulis
553 4779 814 4832 adversus
845 4777 1104 4831 Severum
1147 4777 1498 4830 Antiochenae
1553 4777 1696 4830 sedis
1746 4777 1966 4830 invaso—

397 4846 536 4908 i‘etn,
563 4849 806 4915 aliosque
840 4848 1056 4902 concilii
1114 4845 1574 4903 Chalcedonensis
1606 4847 1787 4900 hostes
1817 4861 1962 4899 anno

397 4915 502 4970 5l8
532 4917 686 4971 initio
716 4919 924 4986 imperii
973 4917 1174 4972 Justini
1235 4917 1586 4984 subscripsit;
1636 4915 1959 4986 Barachuin,

396 4989 491 5054 qui
519 4988 659 5041 sedit
689 4984 932 5050 ain—532,
963 4996 1017 5042 et
1069 4990 1388 5050 Antonium,
1419 4988 1514 5054 qui
1555 5003 1699 5040 anno
1725 4986 1828 5040 649
1856 4984 1962 5038 Ba-

397 5060 682 5127 cathorum
707 5058 957 5112 Ecclesia:
989 5059 1235 5127 regimini
1270 5058 1606 5126 invigilabat.

469 5126 582 5196 (77)
629 5127 912 5196 Legendus
974 5124 1200 5181 Michael
1239 5124 1499 5195 Lequien,
1561 5127 1774 5181 Oriente
1805 5124 1963 5179 Chri-

397 5197 597 5269 stiano,
633 5209 762 5269 toni.
800 5196 862 5261 ll,
897 5201 960 5250 dc
989 5198 1958 5269 patriarchatu“Alexandrino,num.

397 5266 490 5339 48,
519 5283 639 5338 pag.
665 5267 769 5321 ’565
799 5266 1047 5339 ctseqq.,
1081 5280 1135 5322 et
1175 5286 1304 5339 pag.
1345 5266 1470 5339 642,
1503 5269 1590 5321 ubi
1625 5271 1733 5336 agit
1763 5267 1961 5339 dedic-

400 5335 566 5391 clcsia
595 5335 905 5409 .‘litltiopizc,
951 5335 1069 5394 sive
1118 5335 1440 5408 Abyssinim,
1500 5347 1554 5391 ct
1599 5335 1720 5407 pag.
1753 5335 1859 5388 615
1908 5343 1964 5388 ct

401 5420 578 5480 seqq.,
612 5411 888 5475 inquibus
930 5412 1101 5480 ipsius
1127 5413 1434 5476 episcopos,
1497 5409 1589 5477 qui
1640 5411 1961 5460 Axamemes

399 5475 526 5529 dicti
553 5491 697 5544 sunt,
731 5475 1032 5534 enumerat.

474 5547 779 5622 (78)_Epi_st.
838 5552 922 5622 ad
957 5549 1180 5622 Laetam,
1212 5563 1332 5616 qua:
1359 5557 1442 5602 est
1492 5564 1642 5622 num.
1675 5547 1780 5622 108_
1807 5547 1961 5622 juxta

398 5612 674 5672 Dominici
700 5619 948 5676 Vallarsii
981 5612 1294 5688 editionem,
1328 5628 1459 5672 tom.
1492 5620 1513 5673 l
1545 5619 1706 5688 Oper.
1750 5612 1963 5672 Sillie-

395 5689 630 5768 ronymi,
656 5706 777 5762 pag.
813 5689 938 5760 671,
996 5691 1129 5747 edit.
1175 5686 1399 5746 Verona:
1426 5691 1554 5745 anni
1591 5686 1728 5746 1754
1762 5688 1960 5758 saepius

394 5767 592 5814 0111118.

2067 4547 2267 4608 liuente
2304 4550 2518 4620 Vigilior
2549 4547 2801 4616 pontifice
2857 4547 3113 4604 maximo.
3176 4552 3220 4603 Α
3261 4547 3460 4608 Carolo
3496 4547 3525 4608 ξι
3566 4556 3631 4609 S.

2065 4623 2233 4677 Paulo
2267 4619 2556 4690 Geogrupli.
2597 4634 2760 4683 sacr.,
2809 4635 2931 4689 pag.
2965 4621 3088 4683 307,
3122 4620 3422 4677 Paltestinm
3467 4628 3646 4680 tertia:

2065 4693 2324 4747 Ecclesia:
2388 4699 2773 4763 recensentur,
2825 4706 3017 4763 nempe
3076 4691 3235 4763 Petra
3290 4697 3630 4763 metropolis,

2064 4761 2473 4832 Augustopolis,
2530 4759 2806 4832 Arindela,
2873 4761 3046 4832 Arad,
3089 4761 3380 4830 Ariopolis,
3443 4759 3633 4827 Eluza,

2065 4827 2260 4896 Zoa'ra,
2289 4827 2546 4904 Sodoma,
2583 4827 2827 4904 Phcnon,
2854 4829 3097 4904 _l’haran
3127 4873 3141 4896 ,
3178 4827 3316 4885 Aila.
3372 4833 3637 4904 Legenda:

2064 4906 2226 4957 etiam
2254 4912 2383 4957 sunt
2407 4902 2472 4954 de
2515 4901 2705 4953 harum
2742 4899 3112 4955 Ecclesiarum
3140 4906 3415 4972 episcopis
3453 4899 3637 4959 Luca:

2063 4972 2327 5028 llolstenii
2361 4980 2517 5026 notua.

2136 5046 2246 5114 (8:!)
2283 5041 2574 5114 Adcundns
2639 5039 2878 5114 Lequien
2924 5050 3058 5095 tom.
3092 5039 3153 5106 ll,
3189 5041 3310 5107 cit.,
3344 5060 3463 5114 pag.
3500 5042 3636 5108 831,

2063 5111 2155 5172 ubi
2193 5111 2257 5168 de
2288 5113 2573 5166 Saracenis
2628 5113 2720 5180 qui
2755 5111 3082 5182 Christianis
3118 5111 3439 5182 legibus'se'
3455 5117 3638 5181 subje-

2064 5195 2256 5241 cerunt
2301 5187 2496 5238 diserte
2529 5183 2659 5250 agit,
2711 5191 2764 5234 et
2802 5180 3020 5251 Moysen
3073 5180 3235 5250 atque
3276 5180 3633 5238 Eustachium

2066 5258 2462 5311 Saracenorutn
2517 5267 2802 5321 episcopos
2863 5262 3124 5306 recenset.
3183 5253 3402 5324 Moysen
3459 5259 3636 5306 lunssc

2062 5329 2300 5396 primum
2341 5324 2736 5396 Saracenorum
2775 5326 3266 5396 episcopntnpatet
3292 5336 3402 5377 tum
3439 5324 3638 5396 exiis,

2062 5391 2184 5467 quze
2209 5414 2237 5449 a
2259 5397 2478 5467 Socrate
2505 5391 2647 5467 Hist.
2677 5393 3046 5467 ecclesiastica:
3080 5393 3172 5445 lib.
3210 5409 3283 5458 iv,
3310 5411 3426 5464 cap.
3453 5393 3637 5467 56p.

2061 5463 2168 5522 €258
2202 5467 2331 5519 edit.
2385 5463 2748 5531 Cantabrigiae
2811 5464 2988 5516 citatze
3041 5463 3482 5529 uariantur,’ubi
3543 5465 3640 5514 le-

2098 5541 2234 5592 enda
2267 5551 2387 5604 qua:
2423 5535 2714 5604 adnotavit
2754 5531 3022 5597 Valesius,
3059 5544 3169 5586 tum
3223 5539 3384 5587 etiam
3429 5549 3548 5601 qua:
3599 5548 3643 5594 δ

2107 5603 2367 5662 ozouieuo
2405 5603 2551 5657 Hist.
2582 5605 2676 5657 lib.
2709 5619 2782 5669 v1,
2815 5619 2935 5672 cap.
2969 5605 3057 5671 38,
3089 5621 3210 5675 pag.
3238 5606 3345 5659 275
3381 5605 3636 5658 cit.edit-

2060 5679 2395 5736 scribuntur.

2132 5749 2241 5820 (85)
2271 5750 2329 5801 ln
2362 5744 2581 5802 diatrib.
2605 5744 2672 5801 de
2705 5742 2761 5801 S.
2795 5743 3106 5818 Hippolyto,
3141 5761 3264 5816 pag.
3299 5743 3367 5798 21
3395 5743 3478 5798 cit.
3503 5743 3632 5797 edi:
