3826 6466
196 325 298 384 517

975 327 1063 382 DE
1100 326 1488 385 PORTUENS!
1530 327 1586 382 S.
1629 293 1991 382 lllPPOLYTI
2033 326 2225 382 SEDE.
2264 358 2332 370 -ο
2367 327 2549 383 PARS
2584 328 2651 384 ll.

3321 331 3428 388 518

195 442 295 508 dit,
336 441 430 512 qui
462 440 670 509 forsan,
716 452 778 498 ut
803 442 918 512 ipse
969 445 1163 514 inquit,
1211 445 1264 498 in
1296 443 1458 500 Portu
1491 443 1754 512 Romano,
1787 455 1830 510 Α
1859 453 2016 508 teste,
2067 444 2244 498 medio
2285 454 2479 514 quarto
2533 443 2736 500 saeculo
2762 443 3069 499 Christiana
3100 443 3292 513 religio
3321 445 3431 500 llo-

192 534 436 603 cmporio
471 534 639 589 totius
672 533 884 588 Arabiae
935 535 1312 602 celeberrimo,
1375 537 1549 606 prima
1580 535 1756 589 Evan-

192 625 314 696 gelii
338 621 545 679 semina
568 625 719 694 jecit,
761 635 1051 697 antequam
1104 627 1527 700 Hierosolymam
1561 628 1756 698 migra-

192 725 272 770 ret
300 712 563 786 principis
624 718 992 786 apostolorum
1057 719 1265 775 visendi
1314 721 1504 791 gratia.
1555 717 1754 774 Verum

192 804 351 875 longe
377 805 649 876 decipitur
704 806 992 878 Moyuius;
1049 825 1196 876 nam,
1236 820 1295 866 ut
1337 811 1623 880 peritiores
1650 811 1758 866 cri-

194 896 286 949 tici
350 895 463 963 (84)
520 897 736 963 docent,
785 897 842 952 S.
893 897 1095 955 Paulus
1142 901 1350 956 vicinas
1410 900 1677 955 Daniasco
1705 910 1759 956 et

133 1041 138 1046 ,
189 985 404 1041 Arabia:
425 985 642 1041 Petram
669 996 840 1043 terras
867 988 1010 1043 haud
1049 1000 1133 1044 est
1168 1000 1606 1062 praetergressus,
1637 1007 1757 1061 qua:

189 1077 510 1148 longissimo
550 1088 818 1133 terrarum
861 1081 1039 1149 spatio
1089 1081 1158 1136 ab
1210 1081 1622 1136 llomzerilarum
1663 1099 1755 1138 re-

189 1169 350 1238 gione
374 1169 580 1223 dissita:
603 1167 761 1234 ,'sunt.
818 1169 992 1238 Atque
1055 1170 1159 1224 hoc
1217 1186 1381 1225 sensu
1438 1170 1751 1239 accipienda

195 1269 321 1314 sunt
345 1261 436 1314 illa
472 1260 529 1314 8.
570 1259 883 1332 Hieronymi
936 1262 1098 1317 verba
1155 1263 1206 1315 in
1256 1263 1483 1331 epistola
1521 1265 1587 1316 ad
1617 1261 1756 1316 Pau-

191 1352 365 1405 linum
406 1353 779 1423 presbyterum
837 1352 995 1420 (85):
1048 1373 1065 1404 ι
1099 1353 1341 1421 (Paulus)
1394 1364 1515 1421 post
1561 1354 1757 1409 Dama-

187 1459 343 1500 ecum
381 1445 748 1513 Arahiamquc
808 1445 1115 1510 luStratam,
1153 1445 1394 1500 ascendit
1441 1444 1755 1516 Hierosoly-

189 1551 357 1599 mam,
388 1545 448 1589 ut
477 1536 682 1589 videret
740 1535 1012 1592 Petrum.»
1071 1536 1265 1591 Verum
1319 1541 1669 1607 quantumvis
1695 1536 1752 1594 S.

191 1627 435 1683 Thomas
489 1628 624 1698 ipsis
671 1627 926 1682 Ecclesize
985 1629 1331 1683 incunabulis
1398 1629 1754 1698 Evangelium

188 1718 444 1773 barbaris
500 1719 651 1772 hisce
705 1720 954 1790 gentibus
1015 1721 1424 1786 annuntiasset,
1486 1721 1756 1789 malignus

1860 535 2082 589 maeritis
2107 535 2343 604 primum
2375 534 2630 594 innotuit,
2657 531 2962 601 templaque
2989 531 3129 600 apud
3160 531 3306 602 ipsos
3334 547 3431 585 ve-

1857 639 1921 678 ro
1948 623 2056 678 Deo
2099 625 2276 678 dicata
2303 638 2425 678 esse
2453 631 2768 692 creperum,
2800 637 2899 676 cur
2930 620 3178 691 Moynius
3203 618 3260 672 8.
3294 618 3426 689 Ilip-

1859 717 2101 787 polytu'n
2134 715 2548 770 llommritarum
2581 713 2850 784 episcopis
2881 711 3164 767 accenset?
3214 711 3272 765 S.
3296 710 3429 781 Hip—

1859 807 2101 876 polytum
2167 821 2313 860 anno
2375 805 2579 859 Christi
2629 805 2736 858 ‘252
2791 803 3051 874 martyrio
3103 813 3426 856 coronatum

1857 894 2026 949 fuisse
2043 896 2383 965 judicamus;
2405 911 2526 950 cum
2549 911 2673 948 vero
2693 893 3013 958 Homzeritze,
3038 903 3098 948 ut
3127 892 3428 948 Philostor-

1857 993 1976 1062 gius
2012 993 2188 1061 (cujus
2219 992 2532 1046 testimonio
2572 992 2742 1044 utitur
2769 989 3036 1060 Moynius)
3064 1006 3160 1043 nos
3189 998 3423 1051 moneat,

1857 1081 2160 1136 Constantii
2187 1097 2324 1145 aevo,
2359 1083 2464 1135 hoc
2488 1090 2571 1135 est
2595 1082 2734 1134 inter
2756 1096 2958 1134 annum
2986 1080 3082 1133 '5“
3111 1091 3165 1133 et
3194 1079 3318 1144 546,
3355 1079 3426 1132 ad

1856 1176 2132 1230 Christum
2153 1189 2253 1244 ope
2270 1173 2558 1244 Theophili
2589 1173 2833 1228 conversi
2874 1173 3094 1236 fuerint,
3128 1181 3271 1228 recte
3298 1173 3423 1242 qui-

1856 1267 1976 1320 dem
2024 1274 2248 1334 apparet
2298 1265 2412 1319 ha~c
2451 1266 2742 1319 convenire
2793 1265 2940 1318 nullo
2985 1274 3140 1331 pacto
3189 1265 3326 1317 inter
3365 1279 3427 1318 se

1857 1372 2046 1427 posse;
2094 1364 2311 1410 centum
2365 1356 2509 1410 enim
2559 1371 2826 1409 annorum
2878 1355 3111 1422 spatium
3177 1354 3317 1407 inter
3363 1352 3421 1408 S.

1858 1449 2128 1519 Hippolyti
2151 1447 2469 1519 martyrium
2498 1457 2548 1501 cl
2573 1446 2983 1500 llornaaritaruin
3014 1445 3424 1499 conversionem

1857 1541 2158 1596 intercedit.
2205 1539 2393 1608 Neque
2418 1541 2541 1608 quis
2569 1538 2726 1592 nobis
2757 1539 2976 1608 olijiciat
2999 1536 3423 1604 Philoslorgiuin

1857 1633 2132 1686 memoria:
2165 1634 2472 1696 mandasse,
2504 1630 2863 1700 Theophilum
2893 1631 3216 1682 Arianorum
3257 1629 3427 1682 haere-

1859 1725 1959 1779 sim
1998 1723 2306 1779 Homicritis
2327 1725 2437 1794 jam
2468 1721 2786 1776 orthodoxis
2826 1722 3184 1790 praedicasse;
3224 1735 3348 1772 nam
3377 1718 3426 1773 si

187 1807 424 1882 Satanas
459 1810 846 1882 superveniens
876 1811 928 1862 in
960 1826 1088 1878 agro
1114 1810 1324 1864 Domini
1364 1813 1756 1880 superSeiuina-
1784 1807 1827 1862 Β
1856 1817 2053 1871 ibidem
2076 1825 2206 1870 tunc
2237 1815 2496 1884 temporis
2528 1814 2758 1867 fuissent
2780 1812 3101 1874 Christiani,
3126 1809 3424 1863 Philostor-

183 1899 259 1952 vit
287 1900 521 1964 zizania,
547 1900 860 1969 Arabes‘que
903 1903 1149 1970 pristinis
1199 1903 1680 1972 superstitionibus
1699 1912 1752 1958 et

184 1991 510 2045 idololatria:
533 1991 784 2046 restituit.
845 1991 996 2058 Quod
1031 1994 1192 2048 etiam
1222 1996 1288 2047 de
1319 1994 1460 2050 Indis
1509 1995 1753 2050 evenisse

182 2082 495 2152 colligimus
526 2099 590 2137 ex
624 2083 895 2151 Eusebio;
945 2086 998 2140 hi
1023 2087 1166 2141 enim
1204 2086 1262 2142 S.
1294 2089 1750 2144 Bartholommum

182 2175 494 2242 apostolum
545 2173 891 2244 Evangelium
963 2179 1348 2247 praedicantem
1401 2181 1747 2248 audiverunt,

183 2263 279 2318 sed
303 2279 431 2318 cum
484 2261 542 2317 S.
567 2262 840 2319 Panienus
868 2275 986 2334 post
1023 2268 1224 2323 multos
1265 2283 1436 2323 annos
1461 2269 1658 2323 ibidem
1695 2284 1754 2324 se

187 2355 536 2416 contulisset,
571 2369 773 2424 paucos
805 2359 1020 2427 quidem
1045 2359 1263 2429 reperit,
1295 2360 1386 2430 qui
1439 2361 1675 2429 aliquam
1701 2370 1755 2416 et

182 2445 482 2501 obscuram
508 2447 707 2504 Christi
737 2451 983 2504 notitiam
1015 2451 1273 2506 haberent
1317 2451 1450 2522 (86).
1496 2451 1572 2508 De
1611 2455 1753 2508 Ara-

181 2538 349 2595 bibus
381 2541 524 2596 idem
559 2543 803 2598 evenisse
844 2543 1033 2599 scribit
1079 2543 1494 2616 Philostorgius,
1546 2547 1635 2618 cui
1666 2547 1753 2601 in-

185 2642 398 2704 tegrant
427 2634 678 2706 Moynius
709 2635 866 2689 fidem
925 2638 1148 2706 przebet,
1179 2638 1309 2691 dum
1338 2648 1523 2693 narrat
1551 2655 1581 2694 a
1609 2639 1755 2694 Con-

183 2723 432 2778 stantino
457 2724 660 2780 Ariano
690 2725 1049 2795 Theophilum
1090 2726 1306 2782 Satana:
1352 2729 1657 2798 apostolum
1685 2730 1752 2785 ad

186 2813 541 2882 Hommritas,
587 2819 909 2874 Auxumitas
937 2828 990 2873 et
1035 2817 1194 2873 ludos
1222 2820 1446 2874 missum
1497 2820 1664 2876 fuisse
1687 2836 1754 2876 eo

184 2907 317 2969 ﬁne,
375 2917 437 2962 ut
479 2924 574 2964 eos
598 2911 664 2963 ad
690 2912 941 2980 pietatem
980 2913 1325 2978 traduceret;
1351 2922 1405 2966 et
1461 2929 1583 2967 cum
1610 2915 1755 2982 ipsos

183 2997 270 3051 vel
299 2996 616 3054 Judaaoruni
676 3003 1156 3072 superstitionibus
1211 3005 1474 3071 addictos,
1511 3005 1593 3058 vel
1626 3021 1755 3074 gen-

182 3090 324 3144 tium
379 3093 659 3146 erroribus
727 3109 847 3148 esse
927 3097 1162 3154 imbutos
1233 3101 1470 3164 scribat,
1549 3103 1753 3158 nullam

185 3181 254 3234 de
328 3181 659 3238 Christianis
738 3185 937 3240 ibidem
1021 3190 1341 3260 degentibus
1419 3194 1753 3248 mentionem

184 3272 336 3329 facit.
382 3274 694 3329 Clarissima
738 3287 866 3333 sunt
902 3281 1013 3334 hzec
1037 3281 1382 3354 Philostorgii
1416 3285 1575 3338 verba
1603 3287 1713 3356 (87)
1742 3305 1778 3341 :.

191 3384 213 3418 ι
244 3367 645 3422 Circumcisam
682 3384 809 3423 vero
839 3387 958 3425 eam
987 3387 1196 3444 gentem
1229 3391 1383 3439 esse,
1435 3385 1626 3431 octavo
1657 3379 1761 3432 cir-

187 3461 564 3516 cumcidentes
591 3479 649 3517 se
677 3465 794 3531 die,
825 3476 876 3521 et
902 3467 1208 3522 sacrificare
1240 3469 1374 3533 soli,
1415 3476 1465 3521 ct
1503 3469 1677 3534 lunze,
1707 3477 1762 3524 et

187 3553 464 3623 indigenis
493 3556 862 3624 daemonibus;
917 3559 1061 3612 haud
1093 3575 1318 3628 parvum
1348 3576 1632 3614 numerum
1663 3560 1759 3616 Ju-

188 3647 431 3704 daoruui
483 3650 567 3704 liis
612 3652 930 3707 immistum.
967 3672 985 3705 »
1050 3651 1108 3708 Si
1153 3654 1349 3724 igitur,
1395 3653 1758 3727 Philostorgio

189 3873 356 3947 tionis
380 3880 434 3925 et
474 3887 596 3947 pag.
629 3873 717 3939 50,
742 3873 831 3928 ubi
851 3875 933 3947 (de
961 3875 1125 3930 Portu
1149 3884 1202 3930 et
1231 3874 1428 3931 Arabia
1476 3877 1608 3947 agit,
1644 3878 1759 3935 hiec

189 3944 508 4018 scribit:_c
544 3943 1008 4018 frequentabatur
1056 3948 1301 4018 vero_ab
1354 3943 1608 4018 omnibus
1646 3951 1759 4018 ipse

189 4011 416 4086 Portus.
443 4011 510 4086 Et
548 4013 618 4086 ibi
649 4011 1159 4086 :ipuslolusLPaltlus
1195 4016 1375 4070 forsan
1409 4011 1757 4086 Evangelium

190 4081 559 4156 annuntiavit.
594 4081 1170 4156 ApostolusTlimnas,
1200 4097 1494 4156 antequam
1527 4081 1754 4143 ulterio-

189 4154 462 4223 reslndos
487 4164 821 4220 penetraret,
861 4155 1060 4210 dicitur
1109 4159 1272 4211 etiam
1308 4154 1379 4210 ibi
1418 4158 1656 4223 laesisse,
1707 4168 1759 4213 et

191 4222 473 4291 Evangelii
525 4238 654 4290 opes
699 4233 751 4277 et
786 4227 1104 4292 margaritas
1160 4242 1281 4280 cum
1336 4227 1458 4280 istis
1513 4222 1757 4282 omnium

192 4298 456 4363 gentium
471 4293 863 4348 mercatoribus
899 4298 1124 4350 feliciter
1154 4297 1640 4352 communicasse.»

266 4364 378 4432 (84)
416 4360 701 4432 Legenda:
749 4363 991 4432 llugonis
1047 4368 1216 4421 Crotii
1273 4367 1651 4422 adnotationes
1704 4369 1758 4422 in

189 4431 364 4504 Epist.
396 4431 466 4504 8.
501 4431 650 4485 Pauli
681 4434 745 4486 ad
771 4431 1006 4500 Galatas,
1043 4454 1162 4504 cap.
1190 4451 1228 4498 i,
1262 4452 1402 4490 vers.
1441 4438 1528 4500 l7,
1560 4439 1626 4491 ad
1654 4439 1759 4491 hu-

185 4503 426 4587 jusmodi
459 4504 690 4570 apostoli
713 4507 909 4558 verba:
942 4523 960 4556 ι
991 4503 1170 4587 Neque
1187 4507 1305 4559 veni
1332 4506 1757 4587 hierosolymam
1794 4506 1836 4560 D
1862 4503 2099 4586 citatie':

190 4576 265 4650 ad
303 4581 679 4650 antecessores
733 4589 881 4630 meos
931 4577 1225 4650 apestolos,
1253 4577 1345 4629 sed
1398 4579 1503 4631 abii
1543 4576 1592 4630 iii
1619 4579 1757 4650 Ara—

189 4643 362 4708 biant,
389 4651 444 4712 et
476 4643 676 4712 iterum
696 4659 945 4700 reversus
967 4643 1097 4699 sum
1124 4645 1503 4712 Damascum,»
1541 4648 1629 4700 ubi
1661 4665 1757 4700 no-

189 4723 318 4766 tat:
355 4731 375 4764 ι
406 4711 463 4765 ln
498 4712 614 4766 loca
661 4711 923 4768 Damasco
973 4731 1254 4784 proxima:
1309 4717 1420 4784 ipsa
1456 4711 1597 4770 enim
1648 4716 1754 4770 Da-

189 4799 416 4838 mascus
447 4792 596 4854 tunc
646 4784 1032 4854 suhLArabum
1068 4794 1182 4838 erat
1210 4802 1393 4854 regno.
1431 4786 1551 4840 llaec
1585 4788 1755 4854 prima

190 4862 282 4906 est
303 4853 580 4924 gentium,
617 4851 962 4924 cuiHPaulus
988 4851 1338 4924 Evangeliu'in
1374 4851 1754 4924 annuntiavit;

187 4925 264 4994 in,
299 4922 398 4978 hoc
438 4937 659 4992 quoque
710 4922 878 4994 Moysi
919 4922 1276 4987 siinilisfcui
1329 4937 1450 4994 post
1509 4922 1754 4980 relictam

188 4992 491 5066 Egyptuin
531 5007 706 5066 prima
736 4992 924 5066 statio?
959 4997 1013 5048 in
1067 4992 1424 5066 Arabia.__Sic
1471 4997 1753 5066 impletum

189 5063 422 5135 mystice
453 5065 768 5135 vaticinium
824 5063 976 5119 Isaia:
1005 5081 1136 5128 xui,
1187 5066 1242 5116 2.
1284 5063 1418 5135 Hoc;
1447 5063 1562 5120 iter,
1579 5065 1755 5120 Lucas

188 5132 308 5187 non
341 5132 638 5197 enarravit,
686 5136 812 5203 quia
850 5135 900 5188 ei
947 5152 1054 5189 non
1107 5135 1328 5187 adl'uit.»
1391 5133 1543 5204 Grot.
1590 5138 1751 5204 Oper.

154 5214 158 5217 ‘
188 5205 628 5328 :lago’logicoruin
659 5211 792 5261 toni.
820 5204 906 5270 ΙΙΙ,
934 5221 1057 5275 pag.
1085 5205 1191 5259 864
1223 5205 1354 5259 edit.
1388 5203 1615 5260 Basilea:
1640 5203 1752 5258 ian.

309 5277 337 5308 ,ι

273 5347 380 5416 (85)
407 5346 540 5412 Qua:
558 5353 640 5399 est
660 5343 813 5416 juxta
851 5343 1111 5398 Dominici
1138 5344 1382 5398 Vallarsii
1415 5344 1543 5399 edit.
1600 5361 1750 5399 num.

191 5415 296 5481 53,
320 5415 376 5470 8.
408 5418 722 5485 Hieronymi
753 5415 914 5484 Oper.
945 5426 1073 5485 toni.
1115 5417 1152 5474 Ι.
1187 5432 1307 5484 pag.
1335 5416 1460 5481 269,
1501 5417 1630 5470 edit.
1655 5417 1749 5469 cit.

274 5489 386 5557 (86)
426 5489 504 5541 En
559 5484 779 5557 Ensebii
818 5487 979 5557 verba
1028 5484 1170 5538 Hist.
1227 5486 1517 5557 ecclesiast.
1566 5488 1659 5557 lib.
1700 5503 1750 5549 v,

188 5554 325 5626 cap.
360 5559 444 5622 10,
480 5573 602 5626 pag.
633 5556 760 5621 2‘25,
802 5555 869 5610 de
913 5554 1154 5626 Pantcno
1191 5556 1530 5626 philosopho,
1564 5555 1755 5610 Latine

190 5625 409 5682 reddita
437 5645 450 5682 :
482 5625 516 5680 ίι
551 5625 822 5680 Pantenus
853 5629 906 5678 in
934 5625 1092 5680 Indos
1128 5625 1297 5694 usque
1326 5625 1638 5695 penetrasse
1672 5627 1754 5678 di-

185 5700 365 5759 citur,
393 5699 574 5769 ibique
599 5696 947 5765 Evangelium
1001 5695 1258 5769 Matthzei,
1291 5697 1434 5769 quod
1461 5698 1751 5769 adventum

1782 3145 1823 3204 C

187 5769 374 5834 ipsius
401 5766 504 5838 iani
533 5777 883 5841 praevenerat,
914 5769 1055 5838 apud
1082 5767 1348 5839 quosdam
1374 5766 1574 5825 Christi
1604 5768 1751 5822 noti-
1771 5836 1786 5842 _

1779 5841 1819 5852 -σ

1853 1907 1974 1978 gius
2007 1906 2250 1978 profecto
2285 1907 2407 1960 illos
2439 1905 2797 1968 nominasset,
2857 1906 3045 1958 eodem
3081 1903 3236 1972 plane
3262 1902 3425 1956 modo

1851 2016 1980 2069 quo,
2022 2008 2145 2069 post
2167 1998 2413 2068 gentiles,
2464 1996 2684 2052 Iudaeos
2712 1998 2872 2051 etiam
2908 2012 3016 2049 non
3048 2011 3249 2064 paucos
3275 2009 3425 2048 cani-

1853 2091 1974 2144 dem
2021 2091 2294 2159 regionem
2347 2089 2640 2143 incoluisse
2690 2089 3031 2158 apertissime
3061 2097 3290 2142 testatus
3316 2096 3423 2141 est.

1853 2181 2052 2253 Moynii
2083 2181 2250 2252 igitur
2277 2180 2540 2234 divinatio
2585 2180 2867 2249 ipsiusmet
2896 2178 3242 2248 Philostorgii
3280 2178 3428 2232 testi-

1853 2273 2055 2339 monio,
2109 2288 2217 2342 quo
2249 2271 2592 2341 petissimum
2625 2271 2920 2336 nitebatur,
2972 2270 3187 2337 penitus
3216 2269 3426 2324 corruit

1853 2368 2016 2428 atque
2042 2361 2332 2414 evanescit.
2387 2358 2764 2413 Verumtamen
2793 2358 2906 2428 ipse
2933 2357 3206 2428 Moynius,
3231 2375 3426 2428 quam-

1854 2449 1935 2504 vis
1962 2448 2380 2519 Philostorgium
2401 2450 2664 2518 Optimum
2690 2463 2802 2502 sua:
2827 2449 3110 2502 sententia:
3132 2458 3423 2516 patronum

1853 2547 2045 2594 nactus
2067 2551 2228 2605 esset,
2248 2554 2355 2592 non
2379 2548 2555 2592 tamen
2578 2538 2748 2606 ipsius
2771 2537 3147 2591 auctoritatem
3170 2538 3427 2591 vetustis-

1854 2630 2048 2685 simam
2075 2630 2142 2684 de
2166 2628 2455 2684 Portuensi
2497 2628 2552 2684 S.
2588 2627 2857 2699 Hippolyti
2891 2629 3016 2682 sede
3055 2627 3423 2691 traditionem,

1854 2727 1937 2782 vel
1956 2727 2262 2793 minimum,
2283 2725 2573 2797 infringere
2595 2725 2791 2780 debere
2814 2725 3091 2778 advertere
3122 2722 3424 2792 potuisset;

1853 2834 2082 2890 magnus
2102 2819 2244 2874 enim
2271 2817 2557 2872 Annalium
2579 2817 3050 2870 ecclesiasticarum
3075 2829 3271 2884 parens
3287 2810 3422 2884 (88),

1853 2917 1908 2963 et
1930 2918 2049 2979 post
2077 2925 2201 2963 eum
2229 2906 2990 2976 JacobusGothofredus(89),
3026 2905 3218 2958 merito
3248 2905 3424 2972 impu-

1854 3002 2059 3056 rissimi
2091 3001 2325 3056 hominis
2351 3001 2506 3054 fidem
2536 3007 2840 3068 suspectam
2867 2999 3100 3064 habent;
3145 2995 3272 3050 dum
3311 2997 3426 3064 ipse

1857 3089 2274 3163 Philostorgius,
2301 3091 2492 3144 Photio
2529 3098 2662 3143 teste
2684 3088 2818 3157 (90),
2843 3089 2936 3156 qui
2965 3087 3323 3141 attentissime
3348 3086 3426 3140 le-

1857 3185 1932 3255 git
1965 3183 2206 3252 ejusdem
2239 3180 2555 3241 Ilistorium,
2585 3193 2814 3246 eamque
2842 3177 2893 3229 in
2922 3176 3304 3245 compendium
3333 3189 3422 3228 re-

1858 3275 2022 3346 degit,
2084 3292 2102 3324 ι
2139 3282 2324 3328 narrat
2366 3270 2478 3324 fere
2510 3272 2780 3323 contraria
2812 3269 3064 3322 omnibus
3094 3267 3426 3322 ecclesiasti-

1859 3366 1937 3421 cis
1987 3362 2281 3426 historicis,
2339 3359 2590 3412 laudibus
2625 3357 2886 3410 extollens
2921 3371 3060 3423 quos
3090 3353 3235 3408 novit
3269 3355 3427 3408 Aria-

1859 3457 2037 3511 nismo
2064 3453 2313 3516 infectos,
2351 3460 2403 3505 et
2433 3448 2686 3502 convitiis
2712 3446 3040 3500 orthodoxos
3062 3444 3421 3515 perfundens;

1859 3558 2061 3602 utesse
2101 3545 2203 3598 hoc
2251 3543 2368 3611 ejus
2418 3557 2554 3612 opus
2602 3556 2709 3593 non
2762 3548 2868 3592 tam
2901 3537 3124 3590 historia
3156 3537 3423 3603 videatur,

1859 3652 2020 3709 quam
2054 3635 2430 3689 luereticoruin
2454 3630 2714 3696 laudatio,
2750 3644 2874 3682 cum
2903 3626 3047 3680 nuda
3075 3634 3129 3680 ct
3161 3641 3309 3679 mera
3343 3627 3426 3679 vi-

1862 3877 1933 3931 tia
1967 3876 2205 3931 imbutos
2251 3873 2570 3942 reperiisse;
2627 3859 2827 3942 quibus
2883 3869 3095 3942 scilicet
3138 3865 3425 3942 Bartholo-

1859 3963 2026 4001 manus
2049 3963 2190 4000 unus
2219 3961 2284 3998 ex
2313 3938 2596 3998 duodecim
2643 3938 2926 4011 apostolis,
2959 3941 3108 4000 olim,
3143 3947 3229 4011 _u_t_
3271 3938 3421 4011 fama

1858 4029 1962 4081 est,
1997 4019 2402 4086 praedicaveral,
2439 4025 2490 4067 et
2516 4005 2889 4086 Evangeliuin
2920 4008 3153 4063 Μίνωι.ιεί
3189 4005 3419 4086 ιιιιυι-ωτ

1859 4077 2337 4154 εἰεόἶιιιδθι·ιι)ῑιιιιι
2367 4084 2560 4137 litteris
2590 4077 2900 4152 reliquerat,
2934 4085 3076 4149 quod
3106 4083 3323 4147 quidem
3349 4077 3415 4130 ad

1859 4157 2113 4226 praedicta
2165 4169 2336 4225 usque
2393 4164 2637 4222 tempora
2701 4162 2976 4208 servatum
3032 4165 3153 4204 esse
3209 4163 3419 4201 uicino-

1859 4237 2027 4281 ratur.
2043 4246 2060 4278 l

1933 4295 2044 4364 (87)
2095 4293 2394 4364 Cf.7_supra
2451 4299 2566 4345 not.
2596 4289 2708 4364 “679.
2772 4289 3136 4364 Philostorgio
3190 4301 3422 4342 consen-

1859 4361 1950 4419 tit'
1985 4361 2144 4419 etiam
2195 4362 2529 4431 Nicepliorus
2589 4361 2730 4415 Hist.
2793 4362 2919 4415 eccl.
2962 4361 3055 4414 lib.
3121 4374 3239 4431 viii,
3289 4375 3418 4431 cap.

1861 4437 1951 4501 54,
1976 4452 2094 4506 pag.
2154 4434 2256 4506 667
2297 4428 2430 4506 edit.
2460 4431 2687 4486 Lutetiae
2739 4428 3420 4506 Parisiorum_anni.lli_50

2167 4524 2184 4555 ι
2214 4504 2469 4556 Indorum
2531 4519 2662 4571 gens
2712 4518 2832 4572 qua:
2892 4500 3274 4572 Bartliolounei
3313 4501 3424 4572 do-

1861 4578 2049 4630 ctrinae
2094 4589 2288 4644 expers
2314 4643 2317 4644 ν
2345 4567 2744 4644 permanserat;
2802 4588 2832 4626 a
2867 4567 3419 4644 Sacet'dote_qu0daitl

1859 4639 2463 4704 Frumentio"instituta,
2518 4643 2661 4696 sacri
2718 4643 2987 4711 dogmatis
3040 4639 3420 4711 particepsest

1862 4715 2027 4770 facta.
2062 4715 2138 4769 Ne
2171 4715 2294 4782 quis
2337 4725 2515 4766 autem
2547 4721 2696 4781 putet
2722 4709 3196 4764 Christianismum
3217 4711 3298 4782 ab
3323 4709 3418 4782 lio-

1859 4787 2096 4839 ininibus
2121 4776 2398 4854 provenire
2427 4798 2440 4846 ;
2470 4776 2656 4854 iit—vel
2695 4797 2759 4836 ex
2808 4784 2909 4844 eis,
2943 4784 3035 4849 qui
3090 4779 3228 4854 apud
3261 4776 3419 4830 ludos

1860 4855 2030 4920 fuere,
2056 4850 2398 4915 Christianis,
2424 4852 2580 4907 facile
2605 4862 2687 4906 est
2718 4866 3062 4920 cognoscere.
3105 4850 3214 4901 indi
3236 4857 3413 4899 autem

1861 4924 2033 4979 Sabati
2064 4927 2318 4995 primum,
2379 4924 2574 4995 deinde
2626 4921 3124 4995 etiaii_i_ll0iiia:i'.tae
3158 4927 3293 4995 sunt
3322 4931 3418 4984 ap-

1859 4997 2040 5064 pellati
2064 4987 2092 5049 ’.
2131 5033 2146 5048 .
2185 5033 2197 5046 .
2231 5009 2361 5064 gens
2387 4993 2499 5061 ipsa
2524 4992 2948 5064 circumciditur,
2991 5006 3070 5064 ac
3090 4989 3212 5052 soli,
3248 4987 3412 5064 lunie,

1859 5059 2087 5136 aliisque
2137 5059 2256 5132 ejus
2305 5059 2539 5136 regionis
2587 5063 2777 5116 incolis
2821 5059 3416 5136 daeiiiOiiibus_saci'ili-

1859 5127 2014 5188 cant:
2033 5127 2272 5188 linmista
2298 5135 2347 5186 ei
2367 5127 2587 5202 quoque
2609 5144 2694 5185 est
2730 5135 3064 5200 non'exigua
3096 5127 3408 5182 JUtliBOt'uul

1859 5206 2198 5258 multitudo.»

1931 5277 2042 5345 (ὃὸ)
2083 5276 2160 5345 Ad
2189 5287 2390 5345 annum
2424 5264 2624 5345 Christi
2655 5270 2778 5345 5534,
2813 5286 2961 5324 num.
3002 5270 3060 5323 ll
3086 5280 3140 5324 et
3166 5266 3251 5334 16,
3281 5275 3414 5320 tom.

1859 5340 1951 5408 ιν,
1985 5340 2102 5413 pag.
2133 5344 2237 5396 525
2264 5354 2316 5395 et
2347 5358 2498 5410 scqq.
2527 5343 2654 5395 edit.
2685 5340 2843 5413 Luca}
2867 5350 3060 5395 cuatae.

1931 5407 2212 5483 (SM—Post
2259 5407 2475 5464 Barcini
2522 5422 2748 5483 mortem
2795 5409 3028 5483 Jacobus
3055 5407 3418 5483 Gothofredus

1859 5480 2107 5554 excerpta
2157 5484 2410 5554 exiliat.
2450 5482 2800 5554 ecclesiastica
2853 5480 3240 5554 Philostorgii,
3295 5494 3416 5546 quae

1859 5551 2086 5609 Photius
2122 5569 2188 5608 ex
2232 5551 2297 5605 12
2325 5553 2443 5621 ejus
2496 5553 2648 5607 libris
2680 5553 2912 5619 collegit,
2969 5554 3020 5604 in
3071 5553 3246 5604 lucem
3280 5564 3417 5603 euit-

1859 5627 1932 5679 sit
1959 5644 1971 5678 :
2001 5627 2123 5679 vide
2154 5623 2325 5692 ipsius
2352 5624 2570 5676 dissert.
2604 5624 2656 5675 in
2691 5621 3137 5692 Philostorgiuin.

1931 5695 2042 5764 (90)
2081 5693 2136 5749 ln
2163 5687 2416 5748 Biblioth.
2451 5694 2636 5749 codice
2676 5707 2766 5756 χι..
2803 5706 2928 5764 pag.
2969 5687 3048 5748 96
3095 5691 3274 5748 citata:
3301 5687 3413 5745 edi-

1859 5765 2040 5823 tionis.
