3826 6512
413 294 528 360 519

1208 300 1296 356 DE
1332 299 1720 362 PORTUENSJ
1757 301 1813 356 S.
1855 299 2212 356 lilPPOLYTl
2251 300 2441 356 SEDE.
2483 331 2552 342 —
2595 298 2773 356 PARS
2809 301 2875 356 ll.

3557 300 3650 356 5211

412 424 756 495 tuperationc
783 431 947 488 atque
983 424 1330 478 accusatione
1373 424 1762 478 catholicorum
1795 424 1928 493 (91).
1967 442 1987 476 ι
2021 430 2064 486 Α
2097 424 2430 478 man-itarem
2516 423 2739 492 regione
2805 421 3040 490 primum
3110 420 3357 476 excitatt'e
3433 418 3650 480 fuerint.

409 517 666 575 Photium
691 535 816 573 vero
849 520 1094 589 iniquam
1119 519 1184 574 de
1211 517 1558 588 Philostorgii
1587 517 1830 572 Historia
1859 534 1982 574 sen-

411 613 634 667 tentiam
671 611 857 664 tulisse
879 624 1040 663 nemo
1065 609 1328 672 censebit,
1381 625 1506 664 cum
1537 609 1651 664 haec
1680 611 1815 678 ipsa,
1861 626 1984 679 quae

409 705 477 760 de
504 701 786 772 Theophili
837 701 952 755 Indi
1001 702 1270 771 legatione
1305 702 1700 772 Philostorgius
1747 703 1982 772 posteris

408 795 649 859 tradidit,
688 793 986 848 mendaciis
1019 801 1228 848 scatere
1270 795 1578 849 vidcantur.
1631 793 1814 848 Primo
1835 795 1980 848 enim

407 903 568 942 nemo
597 903 663 940 ex
693 886 936 956 probatis
980 884 1234 941 Historia:
1262 885 1646 940 ecclesiastica:
1697 885 1980 955 scriptori-

406 979 528 1045 bus,
582 991 776 1048 prteter
811 978 1178 1048 Nicephorum
1225 979 1318 1048 qui
1357 979 1471 1032 haec
1507 994 1698 1048 parum
1732 988 1890 1034 caute
1913 994 1980 1034 ex

403 1069 771 1142 Philostorgio
815 1081 1097 1126 mutuatus
1133 1081 1234 1134 est,
1288 1071 1354 1126 de
1399 1071 1696 1140 Theophilo
1745 1073 1974 1126 Ariano-~

401 1179 522 1216 rum
555 1164 843 1234 coryphmo
891 1164 1092 1219 similia
1127 1164 1377 1231 nuspiam
1425 1164 1665 1217 narravit
1694 1164 1826 1236 (92).
1883 1163 1979 1218 Se-

402 1255 604 1320 cundo,
655 1252 942 1324 Theophili
993 1255 1189 1324 legatio
1217 1255 1281 1308 ad
1315 1254 1641 1309 Auxumitas
1689 1254 1810 1310 falsi
1845 1257 1977 1308 vitio

401 1360 749 1414 summopere
779 1346 1018 1410 laborat;
1066 1362 1191 1400 nam
1224 1347 1534 1402 Auxumitze
1567 1348 1666 1400 hac
1695 1345 1979 1416 TheOphili

399 1437 785 1507 praedicatione
813 1453 921 1492 non
953 1439 1202 1508 egebant,
1243 1439 1369 1508 quia
1393 1455 1593 1508 paucos
1628 1447 1751 1492 ante
1783 1455 1976 1506 annos,

401 1529 608 1583 scilicet
660 1530 804 1583 circa
838 1545 1042 1583 annum
1075 1530 1215 1597 527,
1267 1529 1613 1586 Frumentius
1647 1540 1700 1585 et
1721 1530 1979 1586 Edesius

400 1620 736 1674 sanctissimi
779 1619 978 1674 fratres
1008 1621 1226 1674 eosdem
1258 1621 1322 1674 ad
1355 1622 1470 1675 veri
1502 1620 1594 1676 Dei
1626 1622 1830 1676 cultum
1865 1631 1976 1675 tra-

397 1713 673 1767 duxerunt
715 1713 848 1784 (95),
897 1713 1042 1782 quod
1077 1712 1309 1767 inticiari
1337 1729 1444 1766 non
1481 1723 1688 1783 potest;
1745 1715 1976 1783 optimos

406 1808 551 1862 enim
589 1807 852 1862 habemus
899 1816 1064 1862 testes
1111 1807 1167 1862 S.
1199 1809 1553 1862 Athanasium
1583 1807 1694 1878 (94)
1732 1817 1785 1861 et
1827 1806 1976 1862 Ruli—
2008 1784 2049 1838 Β

401 1907 534 1954 num
557 1916 570 1965 ;
605 1899 836 1969 ideoque
863 1899 1248 1965 hisomnibns,
1275 1915 1398 1969 quae
1422 1900 1488 1954 de
1511 1897 1814 1968 Theophila
1843 1899 1974 1954 ludo

401 1999 589 2045 narrat
621 1990 730 2044 Deo
763 1991 962 2045 invisus
995 1989 1392 2061 Philosrorgius
1413 2033 1428 2057 ,
1474 2001 1632 2046 caute
1681 1992 1972 2046 admodum

397 2083 536 2138 fides
560 2081 863 2136 adhibenda
887 2091 988 2135 est.

394 2193 516 2250 XX.
551 2195 667 2261 Quo
702 2209 927 2266 tempore
953 2195 1272 2265 episcopales
1302 2200 1445 2250 sedes
1480 2196 1618 2266 apud
1655 2197 1971 2253 Homwritas

806 2268 1070 2320 institutw
1098 2269 1223 2328 sint,
1277 2269 1585 2336 inquiritur.

483 2357 602 2425 Quo
655 2375 782 2414 vero
832 2367 1076 2429 tempore
1124 2361 1460 2430 episcopales
1525 2361 1681 2415 sedes
1745 2362 1797 2415 in
1865 2360 1970 2417 ιιοο

470 2513 582 2584 (91)
620 2514 732 2569 Nec
761 2515 996 2580 mirum;
1037 2515 1092 2568 in
1123 2515 1352 2585 gratiam
1373 2515 1508 2580 Arii,
1531 2515 1672 2570 Aetii
1703 2526 1756 2572 et
1787 2515 1970 2574 Ευιιοδ

392 2587 490 2644 mii
521 2588 782 2640 adversus
803 2585 1118 2639 Catholicos
1149 2586 1447 2638 Historiam
1478 2603 1632 2640 suam
1667 2587 1967 2644 Philostor.

391 2659 516 2728 gius
572 2655 937 2728 concinnavit.
1007 2655 1183 2728 Ipsius
1243 2661 1542 2712 auctoritas
1595 2659 1755 2711 etiam
1821 2659 1962 2728 apud

393 2727 573 2796 ipsum
597 2726 850 2780 Photium
895 2727 1053 2796 parvi
1091 2726 1193 2780 fuit
1222 2746 1233 2780 :
1263 2728 1454 2782 scribit
1480 2729 1623 2782 enim
1685 2726 1869 2784 codice
1898 2745 1965 2784 st.

393 2795 563 2850 citato
603 2814 615 2849 :
657 2815 672 2846 ε
713 2798 831 2864 ipse
865 2795 1300 2866 (Philostorgius)
1331 2800 1564 2866 scriptor
1599 2801 1830 2854 mendax
1859 2810 1964 2866 est,

391 2875 448 2920 et
477 2866 675 2938 fabulis
709 2867 934 2920 minime
961 2868 1262 2938 abstinens,
1311 2873 1675 2938 praedicatque
1704 2870 1966 2925 doctrina:

394 2937 631 2990 maxime
658 2952 824 2991 causa
860 2939 1072 3008 Aetium
1099 2947 1152 2991 et
1179 2937 1528 3002 Eunomium,
1567 2941 1722 3008 quasi
1748 2941 1849 2992 soli
1881 2955 1966 2992 re-

393 3009 955 3080 purgassentpietatis
985 3007 1259 3076 dogmata,
1301 3017 1541 3080 tempore
1570 3007 1961 3074 Contaminata,

391 3077 696 3146 prodigiose
729 3079 831 3131 hoc
867 3078 1042 3147 ipsum
1066 3081 1386 3148 mentiendo
1406 3077 1430 3143 ;'
1459 3080 1736 3148 signoruni
1779 3091 1960 3132 autem

389 3132 446 3200 et
471 3132 593 3201 vitae
625 3148 796 3218 gratia
844 3132 1026 3201 la‘udat
1061 3147 1353 3204 Eusebium
1397 3132 1720 3218 Nicdtrietlim
1749 3153 1962 3218 episco-
1991 3132 2031 3186 δ

391 3231 545 3342 pum,
567 3217 728 3288 quem
761 3218 924 3272 etiam
951 3218 1200 3287 Magnum
1239 3221 1504 3284 noruiuat,
1526 3229 1579 3274 et
1601 3217 1960 3288 Theophilum

417 3289 608 3342 udum.
649 3289 895 3342 aliosaue
924 3291 1248 3342 complures.
1289 3309 1308 3340 ι

417 3289 608 3354 udum,
649 3289 895 3358 aliosque
924 3291 1248 3358 complures.
1289 3309 1308 3340 ι

465 3380 575 3451 (92)
616 3381 911 3449 Aptissime
942 3381 995 3434 in
1025 3397 1135 3434 rem
1173 3389 1414 3435 nostram
1466 3381 1580 3436 haec
1632 3381 1820 3436 scribit
1853 3381 1958 3437 Ba-

389 3451 580 3522 ronius
601 3453 680 3522 ad
709 3452 908 3505 dictum
942 3467 1030 3504 an.
1059 3451 1182 3517 354,
1213 3467 1362 3504 num.
1395 3451 1479 3516 15,
1511 3467 1630 3522 pag.
1663 3453 1786 3518 527,
1825 3463 1956 3508 tom.

391 3519 501 3575 IV:
541 3540 558 3571 ι
597 3521 720 3576 Haec
747 3523 929 3589 itaque
955 3523 1228 3576 voluimus
1272 3519 1566 3584 addidisse,
1587 3519 1664 3575 ἰιι
1697 3524 1953 3577 lectorem

391 3593 811 3646 admoneremus
859 3594 1288 3662 cauteﬂlegenda
1333 3607 1454 3646 esse
1505 3607 1626 3662 quae
1678 3609 1744 3646 ex
1781 3595 1959 3649 lutoso

395 3662 774 3716 haereticorum
832 3663 975 3714 lente
1009 3659 1346 3731 Nicephotus
1381 3659 1537 3715 adeo'
1567 3665 1962 3719 inconsiderate

392 3732 622 3796 derivat,
651 3747 880 3800 qmeque
912 3731 1109 3786 Suidas
1139 3749 1206 3786 ex
1234 3731 1274 3784 Τ
1285 3732 1489 3785 halasio
1513 3734 1689 3800 prodit
1713 3735 1954 3801 ejusdem

393 3802 581 3872 farina:
609 3802 826 3872 bontine
859 3841 872 3854 .
908 3840 922 3854 .
959 3841 972 3855 .
1009 3801 1346 3872 Nicephorus
1370 3817 1438 3855 ex
1470 3805 1689 3871 scriptis
1719 3804 1959 3858 haeretici

394 3871 630 3942 hominis
681 3871 1030 3942 Philostprgii
1085 3887 1148 3927 ea
1197 3873 1383 3942 edidit,
1443 3887 1567 3941 qua:
1619 3874 1958 3942 antiquiores

391 3939 565 3996 Grenici
600 3943 843 3996 historici
873 3939 1244 3996 Théodoretus
1264 3984 1277 4006 ,
1317 3939 1571 3997 Socrates
1599 3957 1654 3996 et
1691 3939 1956 3998 So'zome-

392 4028 518 4074 nus,
541 4021 595 4067 et
621 4014 666 4067 si
685 4014 778 4082 qui
802 4013 892 4066 alii
918 4013 1112 4068 borum
1143 4027 1485 4068 successores
1507 4013 1676 4079 fuere,
1714 4013 1840 4067 sunt
1870 4031 1961 4082 pe-

393 4083 539 4137 nitus
587 4084 842 4150 aversati,
900 4093 1083 4153 utpote
1130 4085 1327 4140 referta
1363 4085 1677 4149 mendaciis,
1713 4094 1765 4138 et
1806 4086 1956 4138 omni

396 4168 619 4222 prorsus
661 4155 766 4208 ﬁde
811 4156 1088 4219 carentia;
1137 4164 1300 4223 atque
1328 4155 1464 4207 adeo
1489 4165 1954 4223 contempserunt,

396 4231 455 4275 ut
485 4225 670 4278 nullus
717 4238 945 4294 prorsus
979 4226 1195 4279 illorum
1245 4225 1408 4293 hujus
1438 4223 1722 4294 Theophili
1767 4230 1958 4278 metni~

395 4295 543 4365 nisse
571 4296 655 4348 vel
685 4295 873 4348 leviter
899 4295 1089 4349 saltent
1113 4303 1414 4364 reperiatur
1447 4313 1462 4349 :
1487 4310 1611 4348 nam
1639 4297 1810 4365 ipsum
1835 4295 1958 4349 Phia

391 4363 635 4432 lostorgii
689 4365 772 4417 vel
815 4373 1023 4418 tantum
1071 4363 1270 4419 nomen
1319 4368 1398 4419 sic
1429 4363 1848 4430 “horruerunt,
1897 4376 1958 4420 ut

391 4443 586 4488 cuncta
618 4434 684 4487 ab
715 4450 782 4488 eo
813 4437 1013 4508 scripta
1053 4439 1384 4508 exsecranda
1413 4437 1686 4500 duxerint,
1717 4446 1771 4491 et
1793 4439 1954 4508 digna

391 4520 514 4573 qua:
539 4514 798 4574 perpetuo
825 4507 1040 4560 srlentio
1067 4507 1478 4562 damnarentur.
1511 4525 1530 4558 ι

465 4595 575 4666 (95)
613 4595 908 4666 Adeundns
939 4593 1236 4666 iBaronius
1285 4595 1603 4666 adddictum
1653 4611 1780 4649 ann.
1829 4596 1953 4662 554,

393 4663 819 4736 num.'ﬂ,pag.
854 4665 978 4728 526,
1010 4677 1143 4720 tom.
1176 4667 1296 4720 eod.
1325 4663 1415 4732 ιν,
1449 4666 1542 4720 ubi
1571 4667 1797 4736 legenda
1827 4679 1957 4720 sunt

391 4751 454 4790 ea
475 4752 600 4805 quae
616 4753 648 4790 a
667 4735 836 4806 l’agto
879 4753 1030 4790 num.
1068 4737 1096 4788 7
1115 4747 1168 4790 et
1188 4753 1340 4807 seqq.
1363 4737 1574 4791 erudite
1600 4735 1950 4792 adnotantur.

462 4829 572 4900 (94)
613 4827 818 4884 Horum
867 4829 1174 4883 testimonia
1221 4830 1450 4899 legimus
1478 4828 1622 4899 apud
1657 4828 1950 4883 Baronium

393 4899 577 4955 adad.
611 4899 982 4970 ChristiA527,
1028 4915 1182 4970 num.
1225 4901 1258 4954 8
1301 4910 1354 4954 et
1381 4915 1558 4969 seqq.,
1610 4915 1734 4970 pag.
1771 4900 1870 4954 197
1901 4907 1955 4954 et

393 4987 569 5040 seqq.,
606 4979 738 5024 tom.
775 4968 862 5035 IV,
895 4971 987 5026 ubi
1024 4969 1218 5039 Pagius
1253 4972 1422 5025 multa
1449 4968 1664 5024 numf'i
1689 4968 1766 5024 _et
1798 4985 1950 5038 seqq.

393 5044 458 5096 de
483 5043 738 5096 ludorum
765 5043 1136 5106 conversione,
1163 5042 1230 5095 de
1255 5041 1590 5105 Frumentio,
1617 5041 1683 5094 de
1705 5040 1853 5094 India
1883 5057 1954 5094 ei-

393 5113 604 5178 teriori,
632 5127 726 5168 seu
752 5111 1030 5182 AithiOpia
1057 5127 1122 5166 ac
1149 5111 1296 5166 India
1321 5113 1592 5178 orientali,
1623 5111 1850 5178 aliisque
1873 5125 1954 5165 re.

393 5185 496 5240 bus
547 5185 616 5238 ad
663 5193 906 5238 nostram
959 5185 1280 5238 sententiam
1331 5182 1698 5252 speetautibus
1742 5183 1952 5252 erudite

393 5254 684 5320 disseruit,
744 5265 796 5310 et
835 5255 1128 5308 nonnullos
1177 5257 1276 5308 hac
1304 5251 1456 5307 deire
1481 5268 1692 5308 errores
1739 5251 1950 5304 exami-

394 5325 562 5380 navit.
619 5323 744 5379 lltec
767 5325 948 5378 omnia
979 5323 1122 5392 apud
1148 5324 1324 5392 ipsum
1347 5323 1572 5392 Pagium
1603 5325 1825 5392 legenda
1855 5337 1952 5391 pa-

394 5405 530 5460 tent,
563 5411 631 5450 ex
659 5396 858 5464 quibus
881 5397 1257 5458 conﬁrmatur,
1289 5407 1482 5462 quarto
1510 5405 1716 5448 tantum
1751 5395 1950 5464 saeculo

393 5463 717 5520 lloxnwritas
744 5466 1110 5520 Christianam
1139 5465 1296 5518 tidem
1319 5465 1488 5518 fuisse
1522 5464 1818 5532 amplexos.
1849 5463 1950 5518 lili-

392 5537 548 5592 chael
576 5536 813 5607 Lequien
841 5535 1253 5607 tomohsecundo
1279 5533 1479 5607 Qrient.
1502 5535 1791 5607 Christian.
1809 5549 1944 5607 pag.

392 5607 517 5674 369,
573 5604 691 5661 fuse
723 5609 834 5677 agit
864 5608 930 5660 de
955 5604 1262 5674 Aithioptca
1303 5604 1537 5662 Ecclesia
1583 5605 1948 5677 Alexandrino

391 5679 714 5752 patriarcha:
747 5676 1010 5747 subjecta,
1061 5692 1124 5730 ac
1150 5677 1222 5752 de
1248 5685 1490 5752 tempore
1544 5691 1654 5746 quo
1685 5676 1950 5752 Christia-

395 5747 521 5802 nam
554 5749 871 5819 religionem
919 5749 1219 5820 receperit,
1255 5762 1414 5817 quem
1467 5747 1634 5805 lector
1666 5747 1949 5804 consulere

2083 515 2346 572 incertum
2423 517 2581 585 plane
2624 524 2726 570 est.
2826 513 3171 568 Probabilius
3251 523 3432 568 tamen
3506 513 3652 569 vide-

2081 619 2168 663 tur
2239 623 2334 662 eas
2391 621 2515 662 sero
2579 606 2869 660 admodum
2949 606 3148 662 ibidem
3225 605 3544 670 institutas,
3606 613 3656 661 et

2081 697 2231 766 quod
2288 713 2632 767 summopere
2680 698 2993 764 dolendum,
3040 699 3256 754 easdem
3311 700 3511 770 exiguo
3565 715 3656 753 an-

2081 805 2274 843 norum
2313 789 2595 844 intervallo
2629 789 2822 843 iterum
2857 793 3079 860 penitus
3102 791 3408 846 evanuisse.
3439 791 3500 846 S.
3527 791 3656 846 Gre-

2079 882 2294 951 gentius
2321 881 2458 952 (95),
2509 882 2605 952 qui
2635 891 2788 936 sexto
2835 883 3033 937 saeculo
3064 883 3270 946 floruit,
3317 884 3374 938 in
3404 884 3654 953 disputa-

2079 975 2227 1028 tione
2261 975 2494 1044 quadam
2521 991 2646 1028 cum
2677 973 2885 1040 Judazo,
2917 991 3081 1046 quam
3119 978 3376 1032 mendose
3407 979 3656 1048 aliquan-

2077 1067 2246 1135 tisper
2270 1067 2436 1123 edidit
2459 1067 2746 1130 Gulonius,
2769 1075 2824 1122 et
2849 1070 3193 1124 emendatior
3217 1081 3394 1124 exstat
3427 1071 3482 1124 in
3514 1071 3652 1126 duo-

2079 1157 2181 1214 bus
2223 1160 2522 1226 codicibus,
2571 1177 2681 1215 uno
2709 1149 3050 1217 bibliothecae
3083 1161 3492 1230 Ottobonianae,
3524 1166 3658 1220 alte-

2079 1263 2142 1301 ro
2173 1248 2514 1304 bibliotheca:
2561 1249 2821 1305 Caesarea:
2845 1249 3284 1306 Vindoboneusis
3307 1253 3451 1321 apud
3491 1252 3652 1307 Lam-

2087 1341 2300 1396 becium
2347 1341 2492 1413 (96),
2563 1341 2761 1396 dicitur
2803 1342 3089 1412 episcopus
3149 1343 3297 1398 urbis
3347 1343 3658 1414 Tapltaren-

2086 1435 2224 1488 sium
2243 1432 2374 1502 (97),
2391 1447 2530 1501 «pun,
2547 1430 2804 1484 Philostor
2819 1431 2905 1500 gio
2925 1441 3080 1498 teste,
3103 1431 3524 1488 llomaeritarum
3545 1451 3658 1490 tne-

2077 1526 2306 1596 tr0polis
2321 1525 2438 1578 fuit.
2457 1526 2650 1579 Verum
2674 1524 3236 1593 hancdisputationem
3257 1527 3452 1580 merito
3465 1543 3658 1597 suspe-

2079 1626 2224 1672 ctam
2245 1619 2406 1671 habet
2421 1617 2769 1672 doctissimus
2780 1615 2978 1686 Pagius
2995 1617 3126 1687 (98).
3145 1615 3474 1672 Menaeorum
3489 1620 3656 1674 etiam

2079 1711 2212 1764 fides
2237 1709 2398 1764 dubia
2427 1717 2529 1763 est.
2584 1709 2871 1778 Gregentio
2901 1709 3228 1764 substitutus
3247 1719 3332 1764 est
3361 1711 3508 1765 alius
3536 1712 3656 1780 epi-

2079 1818 2298 1872 scopus,
2331 1811 2464 1856 teste
2491 1799 2698 1856 Joanne
2737 1801 2879 1856 Asia:
2906 1801 3049 1871 apud
3075 1801 3484 1858 Assemannum
3517 1803 3654 1874 (99).

2080 1893 2471 1963 Metaphrastes
2521 1892 2574 1946 in
2607 1893 2755 1948 Actis
2787 1893 2844 1947 S.
2875 1894 3050 1948 Arata:
3095 1895 3351 1964 martyris
3399 1889 3598 1950 scribit
3623 1911 3654 1950 a

2081 1987 2390 2056 patriarcha
2420 1987 2784 2042 Alexandrino
2833 1987 3144 2058 episcOpum
3169 1987 3384 2058 (nempe
3409 1987 3656 2060 Gregen-

2079 2079 2258 2148 tium),
2293 2087 2352 2132 ut
2380 2076 2702 2134 Lambecius
2732 2077 2925 2143 credit,
2967 2077 3137 2133 fuisse
3157 2080 3472 2134 ordinatum
3493 2097 3654 2134 eum-

2076 2188 2182 2241 que
2207 2169 2514 2226 l-lomzeritis
2561 2171 2788 2226 missum
2820 2171 2917 2243 (l).
2975 2169 3392 2241 Nagranitarum
3435 2173 3654 2242 episco-

2074 2279 2202 2333 pum
2245 2263 2474 2320 Paulum
2515 2264 2807 2334 quemdam
2851 2262 3038 2317 laudat
3081 2263 3222 2318 idem
3251 2262 3652 2334 MetaphraStes

2075 2356 2218 2426 apud
2251 2357 2654 2411 Assemannum
2687 2354 2802 2426 (2);
2861 2354 2954 2409 sed
2987 2353 3150 2424 hujus
3173 2355 3461 2425 scriptoris
3497 2357 3652 2412 testi-

2077 2516 2308 2586 poterit;
2343 2516 2600 2587 legendus
2631 2515 2792 2587 etiam
2821 2514 3271 2587 fidentLequien,
3301 2531 3424 2586 pag.
3456 2517 3562 2572 662
3594 2527 3650 2575 et

2074 2584 2258 2656 seqq,
2280 2584 2420 2640 tom;
2437 2588 2622 2640 eodem
2652 2586 2713 2651 ll,
2743 2585 2834 2640 ubi
2862 2587 2927 2640 de
2957 2584 3196 2640 Ecclesia
3219 2584 3648 2645 Homaeritarum

2073 2671 2373 2711 sermonem
2412 2657 2588 2710 habet.

2143 2728 2255 2795 (95)
2293 2726 2576 2795 Legendus
2622 2725 2941 2782 Guilielmus
2991 2725 3132 2782 Cave
3183 2727 3236 2780 in
3283 2743 3428 2796 saepe
3471 2730 3646 2784 citato

2072 2806 2204 2869 tom.
2241 2798 2284 2860 l,
2315 2813 2367 2864 p.
2399 2797 2524 2861 521,
2569 2798 2663 2869 nhi
2694 2797 2861 2869 multa
2900 2799 2967 2852 de
2999 2799 3188 2852 eodem
3222 2797 3518 2869 Gregentio
3553 2816 3646 2856 re-

2071 2867 2192 2929 fert,
2245 2869 2340 2938 qui
2392 2883 2534 2920 anno
2566 2865 2669 2920 510
2699 2865 2899 2928 floruit,
2937 2879 2990 2921 et
3022 2870 3129 2937 agit
3167 2869 3233 2922 tle
3277 2865 3542 2938 operibus
3577 2872 3646 2927 ab

2072 2938 2257 3006 eodem
2284 2937 2461 2996 editis.
2514 2938 2670 3006 cujus
2703 2939 2837 2990 Acta
2873 2939 3246 3006 disputationis
3280 2937 3401 2990 cum
3439 2939 3648 2996 Herba-

2069 3022 2136 3057 no
2179 3005 2364 3062 Judaeo
2409 3005 2604 3062 habitae
2653 3018 2866 3062 exstant
2919 3005 3327 3063 Graeco-Latine
3354 3025 3386 3064 a
3421 3009 3648 3066 Nicolao

2069 3075 2300 3130 Gulonio
2333 3093 2457 3131 cum
2489 3074 2712 3133 sclioliis
2745 3079 3035 3134 breviculis
3069 3079 3213 3133 edita
3243 3079 3475 3136 Parisiis
3499 3099 3644 3136 anno

2067 3145 2228 3212 1586,
2281 3149 2398 3201 ili-8
2429 3157 2480 3200 et
2503 3149 2698 3202 exinde
2726 3149 2781 3202 in
2809 3149 3062 3203 Auctario
3111 3149 3384 3205 Ducmano
3413 3149 3646 3208 Parisiis

2065 3231 2210 3275 anno
2244 3217 2402 3282 1624,
2432 3227 2561 3272 tom.
2593 3218 2613 3271 l
2642 3233 2852 3273 recusa.

2135 3288 2248 3357 (96)
2283 3287 2401 3342 Lib.
2451 3305 2507 3354 v,
2551 3305 2673 3359 pag.
2711 3289 2848 3354 151,⁸
2901 3288 2992 3343 ubi
3027 3287 3192 3344 refert
3213 3289 3266 3342 in
3303 3291 3644 3348 bibliotheca

2061 3357 2310 3432 Caesarea
2339 3357 2717 3432 exstat'e’ttiss:
2751 3361 3014 3432 hactenus
3059 3375 3166 3412 non
3202 3360 3434 3426 editum,
3474 3365 3644 3432 cujus

2061 3429 2254 3498 titulus
2299 3429 2353 3482 in
2398 3429 2634 3498 linguam
2692 3429 2940 3483 Latinam
2985 3445 3178 3484 versus
3213 3441 3374 3484 sonat
3407 3449 3422 3486 ;
3457 3429 3646 3487 Sancti

2063 3495 2328 3570 Grcgentii
2349 3495 2726 3570 archiepiscopi
2755 3499 3107 3568 Tapitarensis
3132 3501 3399 3569 legislatio
3415 3503 3514 3555 sub
3543 3520 3644 3556 na-

2061 3569 2200 3622 mine
2233 3570 2473 3622 Abramii
2503 3572 2636 3639 regis
2661 3569 3116 3623 fiantaaritarnm:
3145 3574 3260 3624 sive
3287 3571 3537 3626 Abramii
3561 3589 3648 3627 re-

2060 3641 2139 3709 gis
2179 3639 2589 3714 flantwritarutn
2621 3641 2754 3710 leges
2780 3658 2812 3694 (ι
2835 3650 3026 3714 sancto
3061 3639 3343 3714 Cregentio
3371 3645 3648 3714 archiepi-

2059 3726 2213 3780 scopo
2249 3709 2570 3779 Tap/tarensi
2613 3709 2932 3780 compositas.
2982 3709 3278 3764 Adeuntlus
3315 3713 3518 3781 l’agius
3558 3709 3644 3770 ad

2061 3782 2498 3856 annurnuhristi
2531 3781 2663 3856 5-2.5”,
2699 3797 2850 3856 iunia.
2888 3782 2974 3848 10,
3011 3794 3143 3835 tom.
3173 3781 3245 3834 IX
3275 3783 3484 3838 Annal.
3511 3801 3642 3856 pag.

2060 3849 2158 3903 551
2195 3851 2324 3904 edit.
2355 3850 2514 3905 Luca:
2538 3852 2668 3904 anni
2703 3851 2858 3904 17-11.

2131 3920 2242 3992 (97)
2272 3919 2670 3992 Αβὶερυιειιίοιιίς
2709 3923 2898 3976 titulus
2931 3921 3020 3976 hic
3063 3929 3184 3976 est:
3219 3919 3414 3976 Sancti
3447 3923 3644 3980 Patris

2058 3989 2517 4062 nostriirGregent'ii
2548 3992 2924 4061 archiepiscopi
2955 3993 3304 4059 Tapharensis
3333 3995 3644 4062 disputatio

2057 4076 2176 4130 cum
2212 4060 2418 4114 Erbano
2439 4061 2648 4116 Judaro.
2675 4060 2959 4130 Legendus
2974 4063 3348 4116 Assemannus
3371 4060 3642 4121 Biblioth.

2062 4129 2345 4196 0riental.,
2378 4143 2506 4186 tom.
2547 4132 2587 4194 l,
2623 4149 2678 4202 p.
2711 4129 2814 4185 585
2842 4135 2970 4186 edit.
3003 4133 3188 4186 Romae
3219 4132 3382 4188 1719.

2127 4203 2239 4274 (98)
2279 4203 2357 4274 ῥά
2385 4203 2586 4274 dictum
2619 4219 2708 4256 an.
2738 4203 2864 4274 525,
2882 4205 2986 4257 loc.
3012 4207 3102 4274 cit.
3133 4219 3283 4256 num.
3313 4205 3403 4267 12,
3423 4221 3480 4274 p.
3505 4207 3646 4264 332.

2127 4273 2238 4343 (99)
2279 4272 2433 4326 Tom.
2475 4273 2690 4328 lcitalze
2723 4273 2977 4326 Bibliotlt.
3019 4273 3308 4338 0riental.,
3339 4291 3395 4343 p.
3425 4272 3562 4332 385.

2127 4342 2202 4412 (1)
2245 4343 2320 4396 lta
2371 4343 2599 4412 legimus
2655 4346 2796 4412 apud
2853 4345 3028 4412 ipsum
3077 4342 3486 4400 Assemannum
3525 4351 3646 4406 loc.

2055 4411 2191 4487 cit_.,'
2223 4429 2343 4487 pag.
2367 4411 2519 4487 _38‘2.
2577 4413 2652 4468 En
2692 4411 3078 4487 Metaphrastis
3129 4416 3292 4487 verba
3320 4431 3448 4487 pag.
3489 4419 3604 4474 945
3629 4443 3646 4476 :

1985 4485 2029 4538 D
2065 4501 2083 4534 ι
2121 4481 2436 4557 Pati-iarcha
2457 4492 2638 4557 antem
2672 4481 3012 4557 Alexandria:
3058 4481 3372 4557 ordinatum
3396 4481 3654 4557 'episco-

2061 4569 2191 4623 pum
2227 4553 2374 4607 misit
2400 4556 2466 4609 ad
2494 4553 2834 4609 l-lomzeritas.
2865 4555 2988 4620 Qui,
3020 4571 3141 4607 cum
3172 4555 3277 4610 illis
3305 4553 3654 4616 consecras-

2061 4632 2143 4699 set
2173 4625 2427 4692 templum
2469 4627 2613 4699 quod
2647 4625 2821 4699 fuerat
2853 4626 3198 4699 aadilieatum,
3245 4625 3488 4699 baptizat
3515 4633 3658 4699 qui-

2059 4696 2180 4767 dem
2214 4709 2402 4767 ornnes
2428 4697 2530 4767 qui
2555 4705 2709 4750 erant
2739 4695 2792 4748 in
2818 4695 3126 4767 civitatibus
3149 4705 3382 4767 etpagis
3410 4695 3656 4758 llonise-

2061 4764 2287 4816 ritarum
2311 4765 2362 4817 in
2391 4763 2608 4819 tioinine
2629 4777 2829 4820 sanctae
2861 4763 3164 4820 Trinitatis.
3211 4763 3290 4819 Ex
3304 4763 3408 4822 'eis
3439 4780 3650 4826 autem

2059 4836 2274 4912 ordinat
2319 4835 2579 4912 diaconos
2621 4845 2675 4890 et
2699 4837 3063 4912 presbyteros,
3107 4845 3162 4889 et
3184 4836 3466 4912 Ecclesiis,
3503 4857 3658 4912 qua:

2057 4914 2212 4975 erant
2257 4909 2311 4958 in
2357 4907 2594 4975 regione,
2642 4907 2816 4960 reddit
2853 4915 3056 4975 statum
3105 4923 3264 4960 suum
3311 4907 3566 4966 solituni.
3625 4935 3650 4967 ι

2059 4973 2257 5045 Eadem
2319 4973 2630 5030 referuntur
2682 4979 2738 5030 in
2785 4992 2890 5031 ms.
2943 4974 3247 5045 Menologio
3304 4976 3654 5039 Graecorum

2063 5047 2204 5116 apud
2237 5043 2606 5116 Lambecium,
2633 5047 2727 5102 lib.
2759 5063 2811 5112 v,
2843 5062 2966 5116 pag.
2997 5046 3119 5100 155.

2128 5115 2203 5185 (2)
2244 5115 2323 5188 ΙιιΔ
2349 5119 2726 5188 dissertatione
2742 5115 3019 5188 ideisyris
3067 5116 3408 5174 Nestorianis
3437 5121 3492 5174 in
3531 5123 3659 5178 Βε-

2057 5183 2239 5269 etiam.
2285 5183 2542 5269 griental.
2580 5187 2830 5269 tom..lll,
2865 5183 3032 5269 parte
3075 5191 3432 5269 secunda,_c.
3471 5192 3584 5260 10,
3625 5197 3664 5269 §

2055 5255 2108 5318 5,
2135 5271 2256 5324 pag.
2286 5256 2538 5330 595,υυὶ
2564 5258 2750 5330 multis
2778 5255 3022 5330 deductis
3060 5261 3401 5330 antiquitatis
3427 5255 3666 5321 modo:

2055 5332 2258 5402 mentis
2279 5329 2346 5402 de
2373 5325 2698 5402 Christiana:
2735 5329 3009 5402 religionis
3049 5325 3206 5384 initio
3241 5340 3296 5384 et
3325 5347 3664 5402 progressu

2055 5396 2110 5449 in
2134 5397 2332 5451 Arabia
2377 5399 2742 5453 eruditissime
2770 5396 2898 5476 agit.
2951 5398 3083 5476 Quae
3125 5403 3273 5476 inea
3301 5396 3661 5476 narrantur,

2054 5481 2282 5539 quaeque
2325 5477 2570 5539 nostram
2623 5471 2944 5524 sententiam
2975 5471 3045 5523 de
3072 5473 3279 5539 origine
3333 5471 3666 5537 catholicus

2053 5535 2345 5606 lidei'apud
2373 5535 2690 5612 Hontaeritas
2715 5543 3056 5612 conlirmaut,
3083 5535 3224 5595 leciu
3245 5543 3408 5612 digna
3436 5535 3666 5604 omni;

2053 5621 2124 5660 no
2155 5617 2311 5683 sunt;
2343 5607 2536 5662 merito
2556 5611 2786 5678 denique
2811 5611 3099 5683 concludit,
3117 5627 3240 5683 pag.
3271 5607 3396 5676 602,
3423 5615 3482 5666 in
3521 5616 3666 5675 llo.

2053 5679 2381 5732 niaaritarum
2429 5694 2593 5804 regno
2631 5691 2862 5748 quatuor
2897 5679 3240 5751 episcopatus
3273 5685 3464 5748 l‘uisse,
3509 5695 3662 5758 ιιι-ί..

2053 5763 2203 5804 mum
2225 5751 2282 5804 in
2313 5749 2444 5804 urbe
2475 5747 2706 5804 "anhar.
2763 5753 2990 5804 alterum
3020 5752 3074 5804 in
3099 5753 3276 5804 Aden-
3310 5756 3554 5804 tertium
3593 5763 3660 5804 in

2053 5763 2203 5806 mum
2225 5751 2282 5804 in
2313 5749 2444 5808 urbe
2475 5747 2706 5822 'l‘apbar,
2763 5747 2990 5808 alterum
3020 5747 3278 5824 in_Aden,
3310 5747 3558 5816 tertiani;
3587 5763 3662 5819 in
