3826 6490
362 383 468 442 5‘13

1136 389 1220 442 DE
1253 385 1643 443 PORTUENSI
1687 388 1743 443 S.
1782 383 2152 441 HlPPOLVTl
2196 387 2388 444 SEDE.
2430 419 2497 429 --
2535 388 2716 446 PARS
2755 392 2820 446 11.
2863 410 2866 418 ·

3512 395 3615 452 524

368 508 612 582 Πόρτου,
669 509 832 578 ἤγουν
887 509 977 564 τοῦ
1031 510 1250 580 λιμένος
1298 511 1513 583 Ῥώμης
1555 530 1616 566 ει
1651 511 1940 581 episcopus

2051 509 2186 563 idem
2219 509 2410 582 Scylax
2441 513 2492 566 in
2529 511 2738 582 Periplo
2766 513 2898 584 (17).
2929 512 3117 570 Certas
3155 515 3418 586 quasdam
3448 515 3615 584 leges,

368 602 585 668 Portus,
615 603 856 659 videlicet
903 615 1091 674 portus
1120 604 1326 673 Romae,
1370 626 1387 658 ι
1426 606 1484 661 S.
1514 607 1831 679 Hippolytus
1860 608 1943 662 di-

369 694 530 747 citur.
567 695 698 748 Acta
744 697 978 763 genuina
1031 697 1086 750 S.
1127 697 1319 767 lgnatii
1361 698 1585 754 Portum
1637 701 1941 765 nominaut,

368 787 498 841 dum
541 785 790 842 eumdem
832 787 889 842 S.
939 788 1202 858 lgnatium
1243 792 1438 847 docent
1482 793 1782 861 profectum
1823 806 1945 847 esse

367 878 478 932 ἀπὸ
507 878 601 932 τοῦ
633 879 964 951 καλουμένου
995 882 1201 953 Πόρτου
1235 883 1366 953 (li),
1404 893 1462 938 ut
1483 884 1711 939 Romam
1749 886 1940 950 adiret,

371 967 462 1022 ubi
494 969 714 1039 gloriosi
754 972 1068 1025 certaminis
1114 973 1350 1042 palmam
1402 975 1662 1044 consequi
1691 975 1937 1030 debebat.

369 1059 466 1114 llis
490 1061 742 1115 omnibus
772 1061 827 1114 in
871 1061 973 1115 hac
1023 1077 1082 1116 re
1129 1065 1538 1132 anteponendos
1585 1075 1668 1119 est
1699 1064 1818 1130 Dio,
1848 1065 1941 1133 qui

367 1153 777 1208 accuratissime
805 1163 1020 1223 portum
1056 1155 1357 1210 Romanum
1392 1174 1422 1211 a
1465 1157 1695 1212 Claudio
1725 1166 1941 1211 exstru-

366 1255 514 1298 ctum
543 1245 878 1313 describens,
915 1261 1074 1315 quem
1119 1246 1234 1315 ipse
1274 1247 1461 1304 Graeca
1494 1265 1626 1304 voce
1652 1249 1816 1322 λιμήν
1846 1263 1942 1320 ap-

367 1337 552 1406 pellat,
580 1337 780 1392 diserte
807 1338 1014 1404 scribit,
1051 1339 1192 1406 quod
1225 1354 1252 1392 a
1277 1339 1485 1394 Latinis
1513 1339 1708 1395 Portus
1741 1340 1944 1396 Ostien-

367 1431 464 1494 sis,
499 1446 563 1484 ex
595 1445 660 1484 eo
682 1431 829 1499 quod
882 1432 947 1486 ad
993 1432 1132 1487 ostia
1166 1429 1378 1486 Tiberis
1425 1430 1527 1487 fuit
1573 1443 1941 1500 constructus,

368 1523 685 1577 nominatur
715 1521 847 1594 (12).

441 1613 784 1686 Quapropter
814 1618 918 1671 hoc
943 1616 1132 1670 eodem
1161 1615 1388 1670 rationis
1418 1625 1690 1670 momento
1713 1615 1942 1671 Carolus

368 1706 438 1760 du
465 1706 688 1772 Fresne,
715 1707 768 1760 in
797 1706 1108 1776 praefatione
1131 1707 1199 1762 ad
1222 1705 1514 1761 Chronicon
1535 1707 1780 1777 paschale
1805 1709 1940 1778 (15),

363 1798 428 1854 ’8.
457 1798 801 1870 Hippolytum
846 1799 1198 1854 Portuensem
1232 1799 1546 1869 episcopum
1577 1809 1784 1864 censet,
1815 1816 1938 1854 cum

2046 612 2106 656 ut
2137 612 2321 656 monet
2351 602 2588 658 Jacobus
2614 603 2976 661 Gothofredus
3003 606 3140 678 (18),
3179 607 3411 661 Romani
3443 607 3616 677 impe-

2045 702 2259 748 ratores
2309 697 2706 751 mercatoribus
2759 698 2875 752 suis
2928 699 3070 768 apud
3115 698 3380 754 barbaras
3432 709 3618 769 gentes

2043 787 2506 842 commorantibus
2536 791 3002 858 praescripserunt,
3027 807 3166 861 quas
3201 791 3481 861 prieterire
3514 791 3620 861 pia-

2044 879 2225 934 culum
2255 888 2390 934 erat.
2423 879 2560 935 Hinc
2589 882 2768 935 evenit
2811 891 2872 936 ut
2917 883 3053 949 loca,
3087 883 3176 936 ubi
3208 884 3364 952 juxta
3397 885 3616 938 easdem

2043 972 2188 1040 leges
2243 973 2497 1026 nundina:
2547 972 2906 1039 habebantur,
2954 973 3207 1043 Emporia
3259 974 3618 1028 Romanorum

2042 1072 2388 1118 vocarentur.
2423 1062 2616 1117 Exstat
2647 1064 2702 1118 in
2740 1063 2929 1120 Codice
2971 1065 3310 1122 Justinianeo
3340 1068 3533 1122 titulus
3557 1073 3622 1121 de

2041 1156 2368 1209 commerciis
2414 1169 2463 1210 et
2513 1159 2892 1211 mercatoribus
2950 1159 3062 1229 (l9)
3116 1178 3129 1213 :
3181 1160 3236 1214 in
3296 1177 3444 1230 quo,
3505 1160 3620 1230 lege

2041 1255 2257 1315 quarta,
2291 1259 2444 1302 extra
2477 1264 2536 1303 ea
2569 1249 2686 1303 loca
2720 1249 2975 1303 nundinis
3016 1251 3307 1316 destinata,
3343 1267 3467 1321 quae
3495 1267 3620 1321 pro-

2041 1340 2128 1391 cul
2153 1339 2319 1394 dubio
2347 1339 2598 1410 Emporia
2625 1342 2963 1410 dicebantur,
2987 1343 3055 1397 ab
3082 1341 3324 1397 Honorio
3354 1352 3410 1397 et
3440 1341 3621 1396 Theo-

2041 1427 2198 1482 dosio
2233 1428 2652 1498 imperatoribus
2684 1431 2890 1501 aliquid
2922 1432 3080 1485 vendi
3112 1433 3212 1486 hoc
3237 1441 3396 1500 pacto
3426 1431 3620 1502 prohi-

2042 1521 2201 1575 betur
2231 1537 2244 1573 :
2279 1539 2297 1572 (
2333 1520 2658 1576 Mercatores
2692 1532 2800 1577 tam
2827 1522 3054 1592 imperio
3084 1531 3270 1576 nostro
3295 1537 3461 1584 quam
3486 1521 3620 1576 Per-

2044 1627 2229 1666 sarum
2262 1613 2373 1684 regi
2420 1613 2716 1684 subjectos,
2750 1615 2892 1668 ultra
2934 1629 2996 1669 ea
3041 1614 3158 1668 loca
3190 1613 3244 1667 in
3286 1615 3491 1683 quibus
3523 1613 3622 1669 lae-

2049 1705 2193 1759 deris
2226 1714 2466 1774 tempore
2509 1721 2634 1761 cum
2682 1715 2982 1760 memorata
3029 1707 3250 1761 natione
3291 1707 3452 1761 nobis
3482 1722 3620 1761 con-

2046 1797 2214 1862 venit,
2251 1798 2522 1852 nundinas
2552 1814 2806 1853 exercere
2829 1799 3052 1854 minime
3078 1808 3310 1867 Oportet,
3347 1814 3418 1853 ne
3458 1799 3620 1854 alieni

364 1906 397 1942 a
430 1865 704 1943 nonnullis
752 1887 992 1957 antiquis
1026 1865 1382 1958 scriptoribus
1419 1865 1690 1958 episcopus
1726 1888 1940 1955 Portus,
1977 1865 2018 1920 Β
2051 1889 2220 1958 regni,
2250 1888 2394 1957 quod
2435 1903 2544 1943 non
2579 1891 2851 1953 convenit,
2884 1865 3196 1946 scrutentur
3232 1905 3456 1946 arcana.
3491 1890 3624 1946 Nul-

367 1981 517 2036 nullo
558 1981 813 2050 adjuncto
851 1981 1136 2045 vocabulo,
1193 1982 1510 2051 appelletur.
1563 1980 1682 2047 Quo
1725 1983 1945 2037 nomine

368 2073 516 2126 nulla
560 2073 664 2126 alia
703 2072 894 2127 civitas
951 2082 1096 2126 recte
1147 2073 1420 2144 designari
1477 2083 1694 2143 potest,
1753 2082 1945 2143 praeter

366 2162 590 2218 Portum
623 2162 952 2227 Romanum,
981 2171 1039 2218 ut
1068 2172 1214 2232 patet
1248 2179 1314 2218 ex
1340 2179 1504 2234 supra
1531 2163 1764 2219 laudatis
1794 2163 1946 2218 testi-

370 2255 602 2318 moniis,
636 2263 691 2308 et
725 2269 790 2308 ex
840 2254 1038 2324 insigni
1091 2254 1443 2325 inscriptione
1496 2268 1661 2323 quam
1709 2251 1945 2308 Jacobus

371 2342 608 2412 Sponius
637 2342 808 2412 Aquis
839 2342 1038 2398 Sextiis
1073 2342 1126 2396 in
1176 2343 1383 2398 aedibus
1411 2341 1706 2398 Peiresckii
1739 2344 1945 2399 descri-

369 2434 477 2502 psit
505 2441 667 2503 atque
698 2433 935 2504 vulgavit
972 2433 1107 2504 (l4).
1138 2431 1289 2488 Patet
1318 2434 1480 2504 igitur
1510 2431 1808 2504 Moynium,
1844 2435 1945 2490 hac

369 2540 563 2579 vocum
596 2525 943 2594 homonymia
977 2524 1287 2594 deceptum,
1315 2525 1468 2579 irrito
1494 2540 1720 2596 prorsus
1747 2534 1944 2581 conatu

373 2615 431 2670 S.
485 2614 833 2687 Hippolytum
887 2613 1196 2670 llomaeritis
1230 2615 1368 2671 falso
1403 2616 1769 2687 adjudicassc.
1817 2617 1945 2670 Em-

370 2709 508 2778 porii
531 2709 674 2763 enim
709 2707 873 2762 dictio
903 2709 1036 2778 (13),
1070 2718 1128 2762 ιιι
1158 2723 1345 2763 omnes
1378 2717 1600 2776 norunt,
1629 2709 1761 2763 nihil
1797 2710 1943 2764 aliud

369 2802 591 2856 denotat
617 2817 779 2871 quam
802 2801 978 2856 locmn
1019 2802 1072 2855 in
1101 2817 1211 2872 quo
1237 2802 1565 2856 conveniunt
1594 2813 1942 2866 mercatores,

372 2894 463 2948 ubi
495 2903 709 2950 statutae
755 2897 1016 2950 mercium
1067 2896 1327 2950 statiOues
1359 2895 1646 2962 habentur,
1679 2911 1814 2965 quas
1844 2911 1944 2950 nos

373 2985 491 3039 itali
547 2985 722 3039 scalas
771 2985 1036 3052 dicimus;
1067 2985 1276 3040 Plinius
1309 3001 1435 3040 vero
1472 2984 1647 3054 [orum
1678 2984 1943 3038 nundina-

373 3082 511 3133 rium
541 3087 718 3142 vocat,
756 3087 810 3132 et
837 3076 1033 3150 Scylax
1061 3077 1471 3132 Chariandenus
1503 3076 1653 3148 (l6),
1695 3077 1747 3131 in
1793 3076 1946 3130 Peri-

370 3171 478 3240 plo,
530 3172 817 3239 emporium
865 3187 897 3222 a
946 3182 1102 3239 portu
1159 3169 1324 3239 probe
1373 3170 1689 3240 distinguit,
1726 3169 1854 3224 dum
1888 3170 1942 3222 in

372 3265 560 3320 Cilicia
617 3278 884 3320 memorat
927 3263 1187 3334 ἐμπόριον
1237 3263 1465 3333 Ἀλάνη,
1500 3263 1594 3316 καὶ
1621 3263 1806 3334 λιμήν,
1836 3281 1945 3317 em-

373 3358 579 3426 porium
612 3358 800 3424 Alane,
848 3373 967 3416 seu.
1009 3367 1067 3410 ut
1104 3352 1369 3410 Salmasio
1406 3356 1626 3426 placuit,
1676 3355 1860 3409 Adone
1896 3366 1945 3410 et

373 3460 574 3518 portus.
608 3449 924 3518 Emporium
962 3451 1124 3504 etiam
1162 3447 1451 3518 llispanica
1493 3449 1622 3504 urbs
1670 3448 1772 3502 fuit
1806 3449 1944 3504 ultra

375 3541 656 3595 tolumnas
681 3539 974 3595 Herculeas
1018 3542 1071 3594 in
1118 3540 1392 3597 lberorum
1423 3543 1640 3612 regione
1673 3542 1797 3607 sita,
1827 3552 1879 3596 et
1914 3558 1945 3597 a

376 3633 580 3689 Graecis
632 3632 884 3689 Massilia:
933 3633 1142 3688 colonis
1193 3633 1432 3696 condita,
1489 3633 1646 3704 cujus
1697 3633 1946 3688 meminit

381 3812 1030 3874 sei-talione.referuntur,
1055 3811 1237 3874 verba,
1265 3811 1378 3864 [nec
1402 3810 1562 3880 paulo
1599 3820 1717 3880 post
1748 3812 1896 3867 addit
1928 3833 1942 3870 :

383 3905 401 3936 ε
453 3885 604 3940 Ultra
651 3884 793 3937 istud
845 3897 908 3935 os
952 3882 1018 3935 ad
1074 3882 1244 3950 ripam
1286 3880 1539 3950 (Tiberis)
1585 3882 1945 3938 condiderunt

379 3956 568 4010 urbem
599 3955 724 4007 olim
757 3953 1007 4017 Itoniani,
1045 3967 1165 4021 qua:
1195 3950 1466 4021 IIllBllibllS
1495 3953 1669 4021 cincta
1701 3961 1784 4006 est
1813 3955 1945 4007 vali-

379 4026 653 4089 dissimis,
686 4025 957 4091 ductoque
1003 4038 1032 4076 a
1065 4019 1237 4090 portu
1279 4020 1544 4075 vocabulo
1585 4019 1779 4075 Portus
1811 4024 1945 4078 dici-

371 4105 487 4150 ‘tttt'.
529 4115 546 4146 ι

436 4165 568 4290 1(11)
596 4161 749 4244 Apud
796 4161 972 4230 ipsum
1017 4159 1267 4242 Buinart.
1301 4160 1406 4214 loc.
1433 4160 1547 4242 cit.,
1578 4176 1632 4230 p.
1660 4161 1749 4226 18,
1782 4177 1836 4216 ιι.
1863 4163 1895 4216 5
1925 4178 1938 4213 :

489 4235 590 4288 nde
613 4243 774 4290 Igitur
806 4230 993 4290 Portu.
1026 4241 1098 4284 ita
1123 4231 1288 4290 dicto,
1323 4230 1547 4290 profecti
1578 4241 1760 4286 sunt.)

385 4253 407 4288 ι
436 4230 590 4290 Unde
613 4230 774 4301 igitur
806 4230 993 4301 Portu.
1026 4232 1098 4284 ita
1123 4231 1288 4294 dicto,
1322 4230 1547 4300 profecti
1578 4241 1760 4286 sunt.)

444 4303 567 4374 (12)
598 4300 799 4356 Hister.
822 4300 1076 4374 ﬂagrante
1103 4301 1194 4354 lib.
1237 4317 1302 4354 ιχ
1323 4340 1337 4362 ,
1353 4317 1513 4374 intui.
1538 4303 1856 4374 undecimo,
1889 4303 1943 4357 in

374 4369 626 4435 Claudio,
658 4382 787 4425 tom.
822 4369 866 4422 ll
891 4369 1147 4442 Oper-um,
1183 4387 1305 4442 pag.
1347 4370 1450 4425 949
1486 4371 1615 4442 edit.
1648 4369 1943 4442 Hamburgi

374 4446 510 4500 anni
562 4442 734 4506 1752,
789 4442 957 4508 ipsius
1004 4441 1164 4494 verba
1208 4441 1400 4495 Latine
1449 4441 1653 4494 reddita
1698 4441 1940 4498 damus":

387 4533 406 4566 ι
439 4512 701 4583 Claudius
741 4512 975 4583 instituit
1003 4521 1217 4580 portum
1247 4512 1318 4583 ibi
1355 4512 1518 4577 (circa
1543 4511 1686 4583 ostia
1711 4509 1942 4583 Tiberis)

377 4582 638 4638 fabricari
686 4622 704 4636 .
747 4619 762 4634 .
805 4620 820 4634 .

381 4655 580 4724 apatio,
621 4652 1229 4724 ambitnmqueomnem
1270 4651 1815 4724 crepidine‘lapidum
1844 4651 1944 4707 lir-

379 4721 574 4791 mavit,
622 4737 686 4777 ac
719 4722 770 4774 in
815 4735 938 4791 eum
989 4721 1166 4774 locum
1204 4735 1350 4774 mare
1387 4721 1621 4791 accepit;
1661 4722 1852 4775 deinde
1877 4737 1943 4776 ex

383 4804 615 4865 utraque
644 4791 814 4865 hujus
843 4790 943 4844 loci
990 4801 1402 4865 parteaggeres
1436 4790 1488 4844 in
1518 4791 1803 4865 ipso_mari
1828 4808 1946 4846 ma-

381 4859 735 4936 gnos'jccit,’
769 4859 1106 4936 multumque
1152 4859 1223 4936 iis
1271 4859 1435 4936 maris
1485 4859 1796 4936 complestis
1839 4871 1942 4926 est,

379 4930 516 5004 [luin
548 4930 620 4988 ibi
660 4932 892 4986 insulam
923 4931 1130 5004 eﬂ'ecit,
1165 4930 1416 5004 imposita
1447 4932 1753 5004 turri_unde
1783 4942 1943 4985 noctu

384 4999 538 5073 ignes
568 5003 862 5057 emicantes
896 5003 1110 5073 signum
1141 5001 1320 5073 nautis
1343 5001 1551 5073 darent.
1576 4999 1733 5069 lsque
1758 5010 1946 5069 portus

375 5069 454 5129 ab
475 5089 540 5129 eo
573 5079 885 5128 exstructus
914 5069 1166 5126 Ostiensis
1197 5069 1404 5124 Latinis
1429 5070 1643 5124 dicitur.
1679 5090 1696 5121 ι

456 5142 570 5215 (15)
602 5141 763 5198 Num.
797 5141 879 5215 20
895 5151 961 5215 _et
993 5156 1168 5215 seqq.,
1203 5156 1326 5210 pag.
1367 5139 1434 5215 1έ
1479 5155 1591 5209 seq.
1617 5138 1755 5215 Vide
1783 5141 1943 5215 etiam

385 5207 492 5269 loc.
525 5207 641 5279 c'it.,
671 5227 808 5284 pag.
860 5212 948 5284 15,
985 5207 1372 5284 ubi'_:obs’_ervat
1398 5207 1683 5264 Portu‘ensi
1723 5210 1797 5284 S._
1820 5208 1950 5284 Ilip-

425 5285 551 5355 olyti
597 5280 933 5353 epiécopatui
989 5281 1121 5334 nihil
1167 5280 1383 5355 oﬂiccre
1427 5294 1618 5348 posse,
1656 5281 1809 5355 quod
1834 5282 1949 5348 ipse

385 5300 551 5408 potyu
597 5300 933 5353 episcopatui
989 5300 1121 5334 ιιιιιιι
1171 5300 1383 5336 omccre
1427 5300 1618 5348 posse.
1656 5300 1799 5349 quou
1835 5300 1949 5348 ipse

389 5355 657 5434 _tomany_s
696 5361 1079 5434 nuncupatur:
1116 5370 1134 5402 ι
1166 5350 1420 5434 Legimus
1461 5359 1702 5434 nostrum
1749 5349 1951 5434 Hippo-

387 5425 557 5495 lytum
585 5424 878 5478 Romanum
913 5422 1257 5495 solummodo
1287 5429 1659 5495 nuncupatum
1691 5420 1744 5472 in
1780 5420 1952 5495 llata-

390 5488 506 5563 loga
552 5495 958 5563 imperatorum_
979 5490 1687 5563 Constantinopolitanorum
1723 5488 1874 5563 _edito
1919 5506 1949 5556 ιι

388 5557 714 5618 Létiiiclavio
747 5565 837 5618 lib.
865 5579 900 5616 ιι
923 5560 1072 5615 Iuris
1101 5557 1559 5615 Graeco-Romani.
1584 5557 1737 5624 Quod
1772 5568 1950 5613 tamen

390 5645 588 5688 nostra:
625 5633 902 5688 sententia:
947 5632 1171 5687 minime
1202 5631 1532 5687 contrarium
1567 5642 1668 5692 est,
1719 5637 1776 5682 ut
1813 5629 1951 5684 alias

388 5704 816 5757 observavimus.
850 5723 867 5754 ι

464 5773 595 5844 (14),
619 5774 959 5844 Μιδεειιαιιεα
1002 5773 1223 5844 erudita:
1270 5772 1634 5844 antiquitatis,
1665 5779 1818 5844 _sect.
1876 5786 1910 5844 ξ
1935 5809 1949 5832 ,

390 5842 664 5913 numJQO,
687 5859 810 5916 pag.
851 5843 954 5900 529
993 5845 1124 5901 edit.
1157 5842 1404 5916 Lugduni
1442 5842 1597 5911 1685,
1625 5842 1715 5899 ubi
1748 5842 1950 5898 mentio

2049 1979 2133 2034 lus
2186 1979 2346 2049 igitur
2393 1980 2621 2048 posthac
2666 1980 2895 2050 imperio
2937 1989 3127 2037 nostro
3166 1983 3446 2052 subjectus
3479 1984 3619 2037 ultra

2047 2071 2279 2138 Nisibin,
2310 2069 2629 2126 Callinicum
2661 2082 2714 2128 et
2745 2073 3056 2128 Artaxatam
3088 2075 3303 2129 emendi
3346 2089 3450 2128 seu
3490 2089 3621 2128 ven-

2046 2163 2208 2218 dendi
2243 2163 2452 2232 species
2502 2178 2666 2218 causa
2712 2164 2982 2233 proﬁcisci
3033 2164 3262 2232 audeat,
3291 2181 3392 2220 nec
3423 2175 3619 2234 praeter

2047 2267 2379 2311 memoratas
2424 2256 2675 2312 civitates
2722 2271 2845 2310 cum
2892 2255 3060 2311 Persa
3109 2271 3316 2312 merces
3344 2255 3618 2310 existimet

2046 2348 2480 2414 commutandus,
2527 2349 2734 2403 sciente
2784 2356 3046 2418 utroque,
3096 2349 3186 2417 qui
3225 2348 3532 2414 contrahit,
3567 2359 3619 2402 et

2047 2439 2276 2509 species,
2321 2455 2443 2509 quae
2488 2448 2684 2508 praeter
2729 2439 2840 2494 haec
2879 2439 2995 2494 loca
3035 2439 3236 2494 fuerint
3273 2441 3613 2504 venundatae,

2048 2534 2132 2588 vel
2176 2540 2536 2602 comparatae,
2585 2545 2744 2587 sacro
2788 2532 2982 2586 aerario
3023 2539 3209 2586 nostro
3234 2532 3613 2594 vindicandas,

2046 2633 2100 2678 et
2137 2633 2330 2694 praeter
2361 2638 2548 2678 earum
2583 2638 2761 2677 rerum
2790 2638 2852 2678 ac
2879 2622 3035 2692 pretii
3063 2622 3436 2684 amissionem,
3473 2623 3612 2693 quod

2047 2715 2207 2770 fuerit
2233 2724 2579 2769 numeratum
2603 2714 2687 2769 vel
2717 2723 3131 2778 commutatum,
3153 2713 3331 2767 exsilii
3361 2729 3421 2768 se
3446 2695 3636 2780 pinnae.

2045 2806 2388 2876 sempiterna:
2415 2805 2773 2860 subdendum.
2801 2825 2818 2858 ι
2843 2804 2900 2859 Si
2927 2805 3052 2874 quis
3084 2805 3225 2859 scire
3256 2805 3444 2874 cupiat
3471 2821 3617 2875 quae-

2046 2912 2172 2951 nam
2213 2895 2266 2949 in
2302 2892 2521 2949 Oriente
2551 2894 2754 2949 fuerint
2789 2895 3028 2963 emporia
3059 2893 3303 2948 Romana
3337 2903 3392 2947 et
3421 2894 3613 2947 barba-

2045 2988 2178 3054 rica,
2202 2987 2343 3059 legat
2371 2987 2586 3041 Arriani
2614 2986 2881 3055 Periplum
2910 2987 3071 3039 maris
3090 2984 3272 3048 Rubri,
3298 2985 3447 3055 quod
3473 3001 3612 3040 nunc

2047 3080 2274 3135 habetur
2299 3089 2430 3134 tom.
2464 3079 2485 3134 Ι
2511 3079 2933 3148 Geographorum
2956 3080 3237 3144 minorum,
3273 3093 3416 3148 quos
3447 3077 3613 3133 edidit

2046 3172 2281 3248 Joannes
2325 3173 2616 3227 lludsonus
2663 3170 2887 3226 Omnia:
2933 3187 3078 3225 anno
3122 3170 3278 3226 1698.
3327 3169 3470 3226 Urbs
3502 3172 3607 3235 illa,

2047 3281 2167 3336 quae
2193 3263 2509 3335 Emporium
2537 3262 2842 3318 Romanum
2872 3263 2924 3316 in
2948 3261 3364 3318 llomteritarum
3397 3265 3615 3335 regione

2047 3359 2209 3413 situm
2255 3356 2559 3421 constituit,
2603 3355 2672 3408 ab
2715 3354 2952 3424 antiquis
2995 3364 3047 3408 et
3091 3354 3362 3409 accuratis
3393 3369 3616 3423 geogra-

2046 3449 2189 3520 pbis,
2221 3447 2512 3502 Ptolemaeo
2541 3455 2594 3500 ct
2621 3446 2874 3508 Arriano,
2901 3445 3098 3498 Arabia
3122 3444 3441 3510 vocabatur,
3471 3443 3610 3514 quod

2045 3543 2112 3597 ad
2149 3541 2448 3612 marginem
2497 3536 2774 3593 Ptolemaei
2805 3534 3126 3606 jampridem
3166 3533 3451 3589 adnotavit
3477 3536 3614 3589 anti-

2048 3649 2167 3705 qum
2190 3631 2529 3704 geographia?
2551 3629 2912 3700 peritissimus
2936 3627 3111 3682 Lucas
3133 3625 3448 3682 Holstenius
3473 3627 3608 3700 (20);

2044 3825 2128 3869 est
2167 3811 2332 3867 Marci
2381 3810 2582 3865 Aurelii
2639 3808 2873 3864 Heronis
2920 3809 3098 3864 :editui
3133 3809 3263 3864 tedis
3311 3807 3607 3878 Serapidis,

2045 3900 2165 3954 quae
2199 3891 2304 3954 est-
2327 3882 2742 3954 i'LPOL‘UjN-
2769 3879 3108 3954 AIEIIMOE
3120 3881 3327 3954 $11393
3354 3879 3615 3954 N2050-

2043 3949 2172 4005 ΡΟΣ
2205 3951 2340 4005 ΤΟΥ
2372 3953 2464 4006 ΕΝ
2510 3951 2736 4004 ΠΟΡΤΩ
2785 3951 3176 4003 ΣΕΡΔΙΙΙΔυΣ.
3214 3949 3311 4004 Ubi
3357 3965 3465 4003 vox
3500 3951 3609 4010 iila,

2044 4023 2098 4075 in
2126 4022 2316 4086 Porta,
2352 4022 2427 4075 nil
2460 4022 2604 4076 aliud
2653 4021 2919 4089 signiﬁcat
2952 4038 3113 4090 quam
3157 4019 3510 4090 Pot-tuensem
3537 4019 3612 4074 ci-

2043 4093 2287 4147 vitatem.
2322 4091 2454 4146 Vide
2475 4094 2636 4146 etiam
2660 4094 2728 4144 du
2755 4089 2982 4156 Fresne,
3013 4107 3132 4161 pag.
3171 4089 3257 4150 14,
3284 4091 3388 4161 loc.
3415 4092 3508 4144 cit.

2115 4163 2228 4234 (15)
2258 4162 2526 4234 Ιίριιριίιιε
2546 4161 2861 4234 Stephanus
2895 4161 2947 4213 in
2992 4157 3252 4234 Thesauro
3284 4159 3483 4234 lingua
3508 4157 3614 4212 Lac

2047 4231 2171 4289 tina:
2204 4231 2411 4297 Scribit,
2446 4233 2594 4286 verb.
2634 4231 2942 4300 Emporium
2971 4246 2989 4283 :
3019 4251 3037 4282 ‹
3071 4231 3266 4291 Locus,
3292 4231 3348 4284 in
3382 4245 3494 4298 quo
3525 4243 3610 4282 res

2044 4305 2262 4360 venales
2284 4312 2646 4372 exponuntur,
2677 4302 2744 4354 ab
2773 4301 3044 4372 Eutropia),
3077 4302 3268 4364 lucror,
3296 4305 3546 4372 negotior.
3579 4316 3603 4349 ι

2116 4375 2227 4442 (16)
2270 4369 2398 4426 Vide
2437 4373 2489 4424 in
2516 4369 2832 4442 Geographis
2863 4369 3146 4442 lludsonii,
3179 4380 3311 4423 tom.
3341 4370 3384 4442 l.

2116 4441 2225 4514 (l7)
2266 4442 2397 4496 Vide
2423 4441 3294 4514 etiamARobertum‘Stephanum
3339 4441 3454 4514 loc.
3467 4441 3560 4514 cit.
3588 4457 3608 4494 :

2051 4535 2070 4568 ι
2104 4509 2418 4583 Emporium
2453 4512 2715 4583 oppidum
2729 4521 2819 4583 est
2853 4527 2881 4564 a
2911 4509 3339 4583 Massiliensibus
3377 4511 3612 4583 aediﬁca-

872 4578 1055 4635 eilbdit
1117 4581 1481 4653 continentem
1542 4581 1714 4653 haud
1745 4578 1942 4653 exiguo
1974 4578 2020 4636 Ι)
2048 4596 2162 4640 ιιιιιι
2191 4578 2221 4638 a
2249 4578 2824 4653 Pyrenaeisruentibus
2862 4585 3000 4653 stad.
3036 4579 3174 4633 1004
3213 4579 3518 4653 intervallo,
3551 4589 3612 4632 et

2047 4648 2320 4724 Πιερίωιὼ
2351 4653 2548 4724 linibus
2573 4652 2638 4724 ad
2666 4649 2892 4704 Galliam
2921 4651 3127 4724 distans
3159 4665 3171 4699 :
3206 4664 3235 4701 a
3269 4648 3612 4724 quo__Enipo-

2048 4719 2268 4846 ricnslei‘)
2280 4722 2462 4792 populi
2496 4722 2624 4777 dicti
2647 4731 2793 4783 sunt,
2821 4729 2878 4774 ut
2902 4721 3081 4774 videre
3104 4729 3188 4774 est
3218 4721 3359 4788 apud
3393 4719 3612 4774 Strabo-

2048 4811 2168 4846 nem
2217 4811 2228 4845 Ι
2275 4831 2287 4845 .
2322 4807 2404 4846 Ill.
3483 4836 3499 4846 ,

2047 4811 2168 4850 nem
2196 4807 2287 4846 un.
2322 4807 2404 4848 ιιι.
3480 4836 3499 4872 ³

2117 4865 2227 4934 (18)
2255 4862 2474 4934 Dissert.
2511 4860 2577 4934 de
2599 4857 3039 4934 Philostorglp‘.‘
3069 4855 3189 4912 108.
3262 4927 3272 4934 _
3349 4930 3360 4934 _
3475 4931 3485 4934 _

2117 4927 2230 5005 (tu)
2269 4933 2386 4988 Lib.
2415 4949 2489 5005 iv,
2511 4931 2603 5005 tit.
2629 4929 2718 5005 (i5,
2752 4927 2894 5005 tom.
2927 4929 2967 4981 ll
2999 4927 3387 5005 Corpusjuris
3439 4927 3610 4983 civilis

2048 4998 2294 5067 Romani,
2323 5001 2566 5072 pag.ril9l
2595 5001 2724 5053 edit.
2755 4998 2946 5072 Lipsiae
2972 4999 3101 5072 anni
3136 4998 3293 5072 1240.

2119 5075 2230 5145 (20)
2282 5067 2422 5145 Vide:
2457 5067 3119 5145 I’toletnteumutieograpit.
3166 5068 3260 5145 lib.
3294 5085 3368 5145 vi,
3401 5085 3514 5145 cap.
3547 5067 3613 5137 7,

2049 5137 2171 5216 pag.
2211 5137 2324 5197 ’115
2343 5140 2723 5216 edit._Basileae
2762 5137 2917 5216 1540,
2952 5139 3041 5192 ubi
3075 5158 3103 5216 :_
3131 5157 3148 5189 ι
3184 5139 3385 5216 Arabia
3414 5137 3617 5216 Empo-

2053 5209 2226 5279 riu'm;
2265 5233 2284 5266 ι
2335 5220 2388 5268 et
2426 5212 2493 5266 ad
2523 5213 2664 5264 hunc
2694 5211 2870 5264 locum
2903 5212 3017 5280 hinc
3039 5209 3293 5262 adnotata
3333 5213 3552 5280 legimus
3587 5227 3607 5266 :

2057 5304 2076 5337 ι
2121 5285 2269 5338 Aden
2301 5283 2482 5346 hodie,
2517 5281 2880 5334 munitissima
2911 5279 3076 5348 urbs,
3101 5289 3155 5348 et
3187 5279 3490 5348 emporium
3521 5279 3612 5332 la-

2052 5355 2371 5422 migcratum
2405 5372 2423 5404 ι
2460 5353 2554 5406 lib.
2589 5367 2646 5414 ιι,
2673 5347 3062 5422 επινημιυυ.
3096 5347 3614 5422 Vaaronm.Ptole-

2052 5419 2173 5478 man
2216 5424 2435 5478 Graecus
2475 5430 2759 5476 contextus
2802 5419 2967 5491 habet
2995 5420 3276 5491 κἈραῦίας
3326 5421 3612 5491 ἐμπόριον.

2053 5493 2363 5548 Holslcnius
2409 5502 2585 5546 tamen
2628 5490 2911 5560 legendum
2941 5490 3190 5561 advertit,
3252 5491 3491 5561 Ἀραϐία,
3541 5500 3618 5544 ω

2052 5565 2317 5618 Arrianus
2339 5563 2532 5627 habet;
2569 5573 2620 5614 et
2642 5562 2856 5629 quidem
2892 5561 2945 5612 in
2973 5559 3160 5613 Latina
3196 5559 3441 5614 versione
3468 5561 3618 5628 opti-

2054 5649 2141 5688 me
2173 5633 2366 5702 legitur
2403 5632 2652 5702 «Arabia
2692 5629 3022 5702 Emporium,
3068 5649 3086 5679 ι
3134 5645 3295 5702 quam
3323 5631 3612 5702 lectionem

2055 5699 2274 5758 secutus
2302 5711 2385 5756 est
2423 5701 2659 5755 Joannes
2691 5699 2981 5753 lludsonus
3019 5703 3070 5752 in
3100 5700 3307 5753 edenda
3333 5699 3616 5762 Ptolemaei

2055 5773 2410 5840 Descriptione
2435 5771 2668 5832 Arabiae,
2717 5780 2770 5823 et
2806 5768 3009 5822 Tabula
3050 5771 3255 5822 urbium
3301 5771 3610 5839 insignium.

2056 5843 2310 5901 Mendosa
2342 5853 2424 5899 cst
2450 5844 2606 5898 lectio
2634 5840 2834 5896 codicis
2864 5841 3199 5910 Goisliniani,
3230 5843 3321 5912 qui
3347 5857 3440 5913 pro
3466 5843 3617 5892 Ara-
