3826 6514
405 421 507 475 527

1197 415 1279 468 ΒΕ
1317 414 1707 471 PORTUENSI
1747 416 1800 469 S.
1847 413 2208 469 IIIPPOLYTI
2252 415 2446 470 SEDE.
2488 446 2554 455 —
2593 415 2772 472 PARS
2809 417 2872 473 II.

3505 428 3585 485 5‘28

407 538 708 608 emporium
745 547 843 592 est.
879 537 952 590 De
991 537 1091 590 hac
1129 535 1316 590 eadem
1348 537 1482 590 urbe
1521 538 1590 590 ita
1627 538 1814 592 scribit
1841 536 1969 590 Phi-
1999 544 2042 597 Α
2075 538 2357 606 ignoravit.
2394 537 2450 592 Si
2475 539 2683 607 antiqui
2719 540 3012 608 scriptores
3047 543 3184 596 hanc
3211 541 3383 598 urbem
3407 545 3586 603 Portum

409 633 587 699 lippus
630 629 912 684 Cluverius
957 627 1109 696 (21):
1149 647 1166 679 ι
1207 629 1356 684 Aden
1414 630 1657 683 omnium
1717 629 1968 697 pulcher-

407 724 568 786 rima,
595 730 648 775 et
673 719 1035 773 munitissima
1067 719 1131 771 ad
1163 718 1344 773 fauces
1371 720 1523 774 sinus
1552 720 1785 773 Arabiei.
1821 720 1970 773 Aden

406 831 566 874 suum
601 815 827 868 habebat
854 813 1172 882 principem,
1207 813 1297 882 qui
1333 813 1522 867 fraude
1560 812 1834 885 Solymani
1868 815 1971 870 Bc—

407 907 573 960 lierbe
600 903 886 974 Cayu‘ensis
917 904 1337 968 circumventus,
1385 906 1518 960 urbe
1563 917 1846 974 occupata,
1879 922 1970 961 oc-

403 1001 550 1054 cisus
599 1008 699 1053 est.
754 1016 772 1048 ι
833 996 907 1050 Ex
957 995 1289 1066 Geographie
1330 997 1635 1052 Bleawiana
1679 1000 1971 1053 didicimus

403 1091 551 1144 Adon
589 1105 734 1144 nunc
775 1104 894 1143 esse
936 1089 1279 1157 metropolim
1321 1089 1473 1158 regni
1502 1090 1741 1157 ejusdem
1788 1092 1969 1144 nomi-

400 1183 507 1244 nis,
540 1182 721 1250 ibique
751 1179 1060 1250 Emporium
1110 1181 1510 1237 nobilissimum
1538 1197 1652 1236 aevo
1679 1183 1840 1236 etiam
1873 1199 1970 1238 no-

401 1285 515 1328 stro
576 1289 899 1342 superesse,
961 1271 1264 1326 lndicarum
1325 1289 1506 1326 rerum
1573 1275 1969 1328 mercatoribus

402 1377 609 1432 patens.
641 1365 1054 1421 Exactissimam
1089 1365 1330 1434 ejusdem
1367 1366 1517 1419 urbis
1541 1366 1965 1434 descriptionem

401 1457 557 1510 nobis
598 1440 818 1510 cxhibc't
863 1454 1192 1516 Ludovicus,
1223 1454 1479 1522 patricius
1527 1452 1838 1518 Romanus,
1873 1455 1967 1523 qui

399 1550 597 1603 ibidem
625 1566 709 1603 va
743 1549 923 1604 saeculi
969 1548 1123 1601 initio
1173 1547 1560 1615 aliquantisper
1601 1556 1968 1601 commoratus

397 1650 513 1702 est;
564 1641 919 1693 recentiorem
960 1653 1089 1690 vero
1141 1637 1400 1690 habemus
1449 1637 1503 1689 in
1540 1637 1837 1691 novissimo
1870 1638 1967 1691 At-

394 1733 539 1784 lante
566 1731 814 1784 historico
849 1728 1187 1791 Godcwillei,
1219 1737 1271 1782 et
1303 1729 1355 1780 in
1402 1728 1736 1796 amplissimo
1776 1727 1964 1784 ιι»πίεο

399 1823 739 1893 geographica
771 1823 822 1875 in
849 1822 1066 1875 Batavia
1101 1837 1268 1890 nuper
1304 1821 1354 1873 in
1380 1822 1556 1874 lucem
1589 1823 1790 1875 emisso
1827 1821 1960 1890 (ἓξ).

468 1914 570 1969 Tot
602 1915 764 1983 igitur
799 1911 1153 1981 argumentis,
1178 1926 1298 1979 qua:
1326 1912 1606 1980 hucusque
1633 1910 1750 1968 fuse
1774 1916 1960 1974 nimis.

397 2021 559 2076 quam
588 2020 683 2073 par
705 2002 849 2065 erat,
882 2001 1228 2068 adduximus,
1258 2004 1477 2057 cuilibet
1497 2019 1814 2072 persuasum
1844 2022 1964 2062 esse

397 2099 668 2152 credimus
705 2094 1034 2164 Stephanum
1071 2095 1119 2148 le
1166 2093 1356 2164 Moyne
1404 2096 1676 2151 levissima
1721 2113 1782 2152 ac
1826 2098 1961 2152 f-utili

395 2189 706 2257 conjectura
764 2188 1006 2240 innixum
1041 2187 1248 2256 opinari
1287 2187 1342 2242 S.
1369 2187 1712 2259 Hippolytum
1747 2192 1962 2247 Arabici

396 2278 807 2332 llouueritarum
846 2277 1103 2346 Emporii,
1134 2277 1200 2330 ad
1250 2277 1393 2346 quod
1439 2279 1675 2347 sequiori
1723 2295 1837 2334 :evo
1870 2296 1964 2350 ap-

393 2370 592 2438 pellere
638 2376 1039 2422 consueverunt
1084 2366 1335 2432 Romani,
1387 2368 1696 2436 episcopum
1753 2369 1958 2436 fuisse;

395 2460 636 2528 Emporii
683 2461 826 2512 enim
868 2458 1090 2511 Romani
1122 2474 1357 2521 nomen,
1389 2461 1532 2528 quod
1569 2459 1962 2529 Philostorgius

395 2552 523 2606 huic
569 2553 772 2606 civitati
822 2550 1030 2612 tribuit,
1067 2552 1237 2620 ipsius
1269 2552 1582 2620 dignitatem
1617 2569 1680 2608 ac
1704 2565 1964 2622 praestan-

394 2643 523 2696 tiam
573 2644 837 2712 designat,
868 2657 974 2694 non
1025 2641 1202 2695 locum
1243 2651 1335 2696 aut
1376 2645 1580 2708 urbem,
1617 2660 1754 2712 quae,
1789 2645 1960 2699 Ptole-

395 2749 533 2788 maeo
581 2742 636 2788 et
681 2735 909 2787 Arriano
963 2733 1212 2795 testibus,
1244 2732 1445 2784 Arabia
1476 2734 1618 2787 dicta
1653 2734 1785 2800 fuit;
1814 2737 1959 2805 quod

391 2825 805 2896 Philostorgius,
855 2825 1103 2896 quamvis
1153 2833 1271 2892 post
1324 2826 1469 2894 ipsos
1519 2825 1718 2893 floruit,
1777 2828 1958 2883 forsan

395 3007 602 3063 Πέδιον.
645 3005 868 3075 August.
901 3007 1144 3074 scriptor.
1177 3005 1387 3059 Claudii
1423 3005 1671 3061 Salmasii
1701 3009 1827 3065 edit.
1857 3011 1960 3068 Pa-

393 3077 640 3132 risiensis
669 3093 796 3130 ann.
829 3076 982 3136 16°20,
1010 3076 1202 3129 Arabes
1237 3092 1266 3128 a
1299 3075 1504 3130 Severo
1547 3079 1601 3130 in
1643 3079 1957 3136 deditionem

390 3157 665 3215 acceptos,
720 3157 766 3198 et
822 3147 1114 3199 Adiabenos
1163 3146 1471 3200 tributarios
1525 3159 1742 3203 coactos
1792 3154 1952 3207 etiam

392 3219 601 3273 scribit.

392 3288 571 3342 manis
597 3287 647 3340 in
676 3287 1004 3355 provinciam
1051 3285 1218 3340 fuisse
1249 3286 1518 3339 redactam
1553 3285 1956 3348 cvidentissime

389 3368 638 3419 cotislat;
696 3356 1061 3410 Romanorum
1094 3355 1357 3424 siquidem
1383 3356 1580 3411 Arabia
1606 3360 1825 3413 eosdem
1858 3363 1953 3416 ha-

390 3426 753 3500 buitlimitcs,
783 3441 919 3494 quos
947 3424 1162 3500 I’ctra::_e
1185 3426 1390 3500 tribunt
1412 3433 1950 3500 Veteresgeographi,

390 3497 638 3550 videlicet
663 3511 691 3548 a
723 3496 1083 3563 septentrione
1101 3494 1530 3562 Euphratem,ab
1559 3494 1765 3552 oriente
1797 3494 1952 3554 mon;

391 3577 472 3620 tes
526 3565 851 3635 Babyloni-.e,
908 3580 937 3619 a
984 3565 1210 3635 meridie
1263 3565 1820 3635 At‘abialttFelicem,
1883 3573 1952 3626 ab

388 3632 959 3706 occidenteJutlwam.
1018 3632 1148 3706 Vide
1183 3632 1470 3706 Paucum;
1490 3633 1661 3689 Notit.
1699 3639 1946 3706 dignitat.

389 3707 574 3775 imper.
613 3705 841 3770 0rient.,
894 3721 1012 3773 cap.
1050 3703 1166 3775 Hii.
1203 3701 1305 3775 Sed
1334 3705 1399 3757 ad
1430 3702 1722 3773 Trajanum
1758 3701 1948 3764 rever-

388 3773 591 3846 tamur,
643 3776 734 3846 qui
781 3784 1064 3843 postquam
1107 3773 1510 3846 Ctesiphontem
1542 3776 1947 3834 celeberrimam

387 3845 623 3923 {Assyrii}:
661 3843 855 3900 urbem
897 3844 1263 3923 expugnavit,_
1300 3843 1513 3923 longius
1566 3861 1728 3923 quam
1768 3852 1946 3923 centeri

387 3913 740 3985 imperatores
787 3914 969 3968 studio
1019 3913 1510 3985 visendibarbaras
1540 3917 1803 3985 regiones,
1837 3917 1939 3973 llo-

387 3983 535 4039 ma‘ni
567 3986 774 4054 imperii
805 3985 1002 4038 limites
1039 3983 1298 4054 excessit;
1351 3991 1406 4036 et
1446 3985 1518 4054 int
1546 3983 1754 4039 Indiam
1802 3990 1948 4043 velut

386 4071 560 4110 novus
585 4052 888 4110 Alexander
915 4069 1034 4108 sese
1060 4052 1398 4118 contulisset,
1419 4052 1522 4106 nisi
1548 4054 1947 4122 ingravescente

388 4127 493 4190 iam
537 4134 693 4180 aetate
754 4125 1072 4188 deterritus,
1134 4123 1298 4190 hujus
1354 4122 1709 4190 expeditionis
1762 4129 1945 4182 consi-

409 4143 493 4179 am
537 4143 693 4180 atate
754 4143 1072 4188 deterritus,
1134 4143 1298 4190 trajus
1354 4143 1709 4190 expeuttlonls
1762 4143 1939 4182 CODSI-

379 4143 518 4250 {iam
553 4195 768 4264 penitus
797 4193 1101 4262 abjecisset.
1157 4192 1260 4245 Sed
1297 4190 1512 4261 Trajani
1559 4195 1939 4265 peregrinatio,

383 4265 634 4334 quamvis
672 4265 1008 4333 longissima,
1064 4271 1258 4334 tamen
1289 4277 1383 4330 per
1425 4277 1517 4334 eas
1550 4264 1797 4332 regiones
1825 4278 1942 4321 tan-

385 4330 499 4388 tum
530 4330 788 4390 instituta
812 4333 933 4397 fuit,
982 4347 1103 4403 quae
1127 4330 1628 4403 ab_Homa:ritarum
1661 4335 1941 4403 provincia

373 4403 544 4472 longo
577 4404 855 4458 intervallo
879 4400 1168 4472 distabant.
1202 4400 1468 4470 Trajanus
1495 4400 1781 4470 siquidem,
1814 4405 1941 4461 Dio-

385 4491 452 4528 ne
479 4471 612 4529 teste
641 4474 734 4527 lib.
789 4487 954 4526 vaut
986 4473 1040 4525 in
1071 4471 1304 4540 Trajano
1325 4512 1338 4536 ,
1387 4487 1539 4525 num.
1564 4473 1633 4526 28
1655 4515 1667 4538 ,
1697 4489 1751 4542 p.
1781 4475 1936 4541 1145,

379 4553 669 4614 postquam
695 4542 1095 4611 Ctesiphontem
1121 4542 1290 4614 cepit,
1316 4543 1502 4595 statuit
1523 4557 1670 4597 mare
1693 4543 1934 4600 Rubrum

381 4611 658 4684 irajieere,
701 4614 803 4668 hoc
828 4623 910 4667 est
935 4614 1112 4684 sinum
1143 4611 1448 4678 Persicum,
1480 4616 1634 4682 nam};
1686 4623 1743 4668 ut
1772 4617 1932 4671 etiam

377 4682 612 4738 advertit
635 4683 916 4754 Gisbe_rtu_s
941 4682 1205 4754 Cuperus,
1231 4683 1786 4754 veteresquaudoque
1807 4684 1934 4740 Per-

377 4757 552 4810 sicum
580 4755 758 4808 sinum
787 4751 955 4824 Rubri
969 4751 1146 4824 maris
1176 4751 1932 4824 nomine_dt_niaruntiquom-

375 4826 667 4878 admodum
716 4825 877 4894 etiam
920 4821 1344 4894 Christopborus
1391 4821 1653 4894 Cellarius
1706 4821 1932 4894 Geogra-

376 4896 514 4961 phice
545 4893 1006 4964 antiqtue_lib._m,
1033 4907 1151 4959 cap.
1181 4891 1377 4964 “pag
1409 4891 1512 4944 600
1562 4894 1692 4946 edit.
1737 4891 1934 4964 Lipsiae

374 4960 503 5018 auiti
534 4960 692 5029 1782,
725 4972 762 5016 ι.
789 4962 832 5015 ll
861 4962 1166 5016 adnotavit:
1211 4979 1228 5012 ι
1263 4960 1475 5014 Mesene
1503 4978 1719 5031 quoque
1754 4960 1932 5019 insula

375 5033 629 5103 Tigridis,
684 5035 738 5087 in
782 5047 886 5103 qua
919 5032 1222 5103 Atambilus
1259 5031 1536 5100 regnabat,
1583 5035 1731 5088 nullo
1782 5035 1932 5090 labo-

374 5102 484 5158 re)
516 5105 655 5174 idem
688 5102 979 5174 imperator
1004 5102 1207 5174 potitus
1237 5108 1354 5174 est,
1389 5103 1640 5174 deinceps
1672 5105 1760 5169 qui
1796 5106 1930 5174 Spa-

372 5175 480 5228 sini
531 5193 550 5226 ι
600 5171 834 5238 Vallum,
883 5174 1069 5226 urbem
1117 5171 1190 5241 ita
1235 5171 1469 5235 dictam,
1522 5171 1867 5241 habitabant,
1904 5195 1922 5226 ι

373 5245 549 5313 ipsum
565 5244 737 5298 amice
754 5252 1091 5313 receperunt.
1115 5239 1352 5313 Tandem
1376 5243 1523 5295 venit
1544 5243 1607 5295 ad
1633 5239 1924 5309 Oceanum,

371 5310 463 5369 sed
503 5315 719 5383 longius
752 5313 803 5383 in
834 5310 1167 5382 Erythrzeum
1199 5311 1378 5383 sinunt
1409 5313 1657 5381 progredi
1690 5331 1797 5366 non
1834 5330 1926 5381 po-

369 5384 505 5449 tuit;
534 5379 662 5439 du'm
691 5382 832 5436 cnim
862 5379 1077 5452 navigat
1106 5396 1290 5435 versus
1317 5379 1588 5435 Oceanum
1609 5422 1623 5448 ,
1672 5379 1846 5452 atque
1863 5385 1928 5438 de

363 5455 544 5507 reditu
578 5454 794 5523 cogitat,
832 5461 1036 5523 gentes,
1062 5466 1197 5520 quas
1227 5460 1384 5504 antea
1409 5452 1800 5523 debellaverat.
1833 5454 1926 5508 dc—

369 5523 563 5586 fecere,
608 5521 834 5592 ideoque
880 5521 1283 5592 Ctesiphontem
1326 5522 1503 5592 redire
1527 5531 1732 5590 quanto
1764 5523 1924 5577 citius

366 5594 627 5661 oportuit,
677 5601 730 5646 et
748 5590 1015 5662 longioris
1066 5590 1424 5662 navigationis
1453 5594 1738 5646 consilium
1769 5595 1921 5661 peni-

369 5663 712 5732 tusgvauuit.
753 5661 828 5715 Ex
853 5661 954 5716 hac
984 5662 1146 5732 igitur
1169 5661 1354 5714 Dionis
1383 5663 1713 5728 narratione,
1757 5678 1920 5732 quam

364 5733 431 5786 de
461 5730 677 5800 Trajaui
707 5730 1048 5800 navigatione
1074 5740 1182 5783 tam
1216 5740 1472 5800 accurate
1502 5733 1752 5796 instituit,
1775 5730 1921 5786 ditii-

365 5803 467 5856 cile
515 5799 670 5856 nobis
718 5799 929 5853 videtur
973 5801 1162 5855 deduci
1239 5814 1401 5868 posse
1452 5799 1744 5870 Trajanum
1795 5819 1918 5856 eutn

366 5871 407 5924 Ε
440 5873 623 5943 ythrusi
662 5872 828 5924 maris
863 5871 1039 5924 sinum
1074 5870 1338 5939 attigisse,
1371 5871 1461 5939 qui
1507 5871 1917 5928 lloimeritarutn

2077 628 2392 694 Romanum,
2423 628 2566 697 quod
2593 628 2794 684 Graecis
2825 629 2988 703 λιμήν
3012 631 3228 697 dicitur,
3258 636 3584 704 appellassent,

2074 719 2156 772 vel
2209 719 2265 771 S.
2306 717 2649 790 Hippolytum
2681 719 2919 791 Emporii
2946 723 3197 792 alicujus,
3222 740 3324 779 non
3350 742 3460 782 vero
3480 729 3587 782 Por-

2075 821 2157 864 tus
2200 811 2421 866 Romani
2452 815 2762 883 episcopum
2810 815 3092 880 dixissent,
3141 819 3323 888 utique
3363 819 3588 892 Moyaium

2075 918 2246 971 nugas
2289 903 2528 957 locutum
2581 919 2701 959 csse
2752 906 2975 960 minime
3013 917 3357 976 putaremus;
3389 913 3590 969 sedcura

2073 994 2231 1047 nobis
2265 995 2589 1062 persuadere
2620 1005 2847 1050 conetur
2888 997 2945 1052 S.
2985 998 3322 1069 Hippolytum
3360 1002 3406 1055 in
3437 1002 3590 1058 ultima

2072 1083 2268 1137 Arabia
2315 1084 2490 1140 Felice
2534 1088 2892 1157 episcopalem
2934 1090 3115 1144 sedem
3159 1092 3469 1158 obtinuisse,
3511 1094 3591 1149 hoc

2072 1186 2280 1232 tantum
2313 1188 2651 1247 argumento,
2680 1181 2822 1249 quod
2873 1181 3066 1235 ibidem
3114 1184 3402 1252 emporium
3431 1184 3591 1239 Roma-

2071 1285 2200 1321 num
2234 1269 2524 1333 exstiterit,
2553 1286 2692 1324 vana
2726 1273 3041 1326 omnimodo
3076 1273 3326 1329 docuisse
3353 1275 3592 1329 existima-

2072 1376 2213 1413 mus.
2267 1359 2363 1414 Hic
2407 1361 2549 1414 enim
2586 1375 2692 1414 non
2745 1364 2984 1432 emporia
3045 1363 3285 1418 Romana
3320 1365 3590 1433 quaerimus,

2069 1466 2300 1520 quorum
2338 1452 2567 1521 plurima
2606 1454 2658 1507 in
2697 1463 2806 1508 toto
2836 1456 2966 1508 orbe
3014 1454 3273 1510 Romanis
3317 1457 3594 1510 meri-ateri-

2069 1541 2169 1596 bus
2217 1545 2396 1612 pervia
2446 1546 2721 1600 exstitisse
2753 1547 3090 1614 exploratum
3122 1557 3202 1600 est
3230 1565 3244 1611 ;
3296 1547 3384 1602 sed
3415 1548 3593 1599 Portum

2067 1630 2382 1698 Romanum,
2417 1633 2508 1702 qui
2541 1649 2648 1688 non
2681 1637 2868 1704 procul
2901 1639 2970 1689 ab
2999 1636 3143 1690 Urbe
3172 1637 3408 1698 dissitus,
3439 1638 3596 1692 unicus

2069 1723 2189 1785 fuit,
2227 1733 2280 1778 et
2309 1726 2360 1778 in
2397 1740 2506 1792 quo
2538 1726 2743 1780 sedisse
2793 1726 2848 1781 S.
2889 1727 3230 1798 Hippolytum
3266 1740 3464 1784 veteres
3500 1745 3595 1783 om—

2068 1832 2163 1870 nes
2206 1833 2316 1871 uno
2366 1832 2458 1872 ore
2505 1818 2770 1884 fatentur;
2803 1828 2855 1873 et
2889 1820 2935 1874 si
2965 1821 3064 1874 hac.
3094 1823 3144 1874 iu
3178 1839 3236 1876 re
3262 1822 3467 1894 Moynio
3491 1822 3597 1878 ﬁdes

2067 1908 2370 1964 adhibenda
2428 1920 2594 1976 esset,
2649 1927 2756 1965 non
2801 1913 2972 1966 solum
3017 1914 3241 1976 Arabes,
3295 1916 3382 1969 sed
3431 1914 3596 1979 Persa,

2069 1999 2370 2070 IEthiopes,
2413 2003 2631 2072 aliique,
2675 2004 2764 2058 ubi
2795 2004 3162 2059 Romanorum
3201 2005 3416 2061 fuerunt
3439 2022 3600 2076 empo-

2065 2096 2166 2155 ria.
2207 2094 2264 2148 S.
2315 2093 2659 2166 Hippolytum
2709 2107 2966 2166 tanquam
3009 2099 3291 2166 proprium
3319 2099 3595 2168 episc0pum

2065 2187 2164 2240 sibi
2201 2187 2472 2242 vindicare
2505 2189 2621 2242 sine
2664 2189 2860 2258 injuria
2893 2189 3080 2245 eodem
3113 2193 3411 2261 argumenti
3437 2206 3600 2261 genere

2064 2287 2304 2346 possunt.

2065 2369 2226 2423 XXII.
2272 2369 2328 2424 S.
2362 2369 2554 2444 Petrtts
2588 2369 2883 2444 Damianns
2915 2371 3348 2444 S._Hippolytum
3374 2373 3601 2427 Parmen-

2187 2457 2288 2493 sem
2324 2457 2440 2493 cum
2473 2439 2663 2493 Nonne
2702 2443 2938 2510 episcopo
2973 2439 3224 2498 Edisseno
3254 2446 3504 2514 confudit.

2134 2550 2263 2608 Post
2310 2551 2366 2606 S.
2398 2552 2667 2607 Gelasium
2694 2563 2746 2608 et
2774 2553 3196 2624 Philostorgium
3229 2555 3525 2627 Stephanus
3562 2555 3601 2608 le

2063 2645 2252 2714 Moyne
2280 2644 2392 2712 (‘25)
2427 2652 2674 2698 sanctum
2709 2642 2924 2698 Petrum
2952 2644 3272 2700 Damianum
3306 2647 3601 2716 conjectare

2061 2752 2173 2788 sua:
2209 2745 2492 2804 patronum
2526 2752 2765 2791 asserere
2799 2753 2906 2790 non
2940 2737 3181 2804 dubitat;
3214 2739 3456 2793 scribens
3475 2738 3599 2792 enim

2065 2828 2120 2882 S.
2155 2827 2447 2885 Damianus
2475 2831 2540 2884 ad
2569 2829 2849 2886 Nicolaum
2878 2829 2923 2885 II
2951 2833 3060 2903 (24)
3107 2834 3412 2889 Romanum
3448 2833 3602 2903 ponti-

2060 3004 2238 3076 littora
2258 3003 2426 3076 alluit,
2445 3004 2496 3057 in
2525 3005 2723 3074 quibus
2745 3005 2957 3076 Arabiae
2981 3005 3292 3076 Emporium
3325 3018 3472 3076 erat;
3496 3023 3600 3063 cum

2060 3074 2175 3142 ipse
2209 3074 2448 3128 secundo
2494 3076 2716 3129 ﬂumine
2745 3075 2924 3145 Tigri,
2966 3074 3107 3145 quod
3149 3079 3200 3130 in
3247 3081 3370 3133 sinu
3407 3074 3602 3132 Persico

2061 3153 2426 3217 seexonerat,
2488 3145 2538 3197 iu
2573 3146 2845 3217 Oceanum
2883 3161 2988 3217 non
3021 3147 3234 3216 longius
3263 3149 3603 3217 processerit;

677 3215 876 3269 Verum
923 3216 1176 3287 Arabiam
1223 3215 1453 3287 Felicem
1480 3233 1755 3286 nunquam
1788 3236 1818 3274 a
1849 3220 1956 3276 Ro-
1983 3227 2022 3283 C
2057 3215 2302 3287 celeriter
2339 3215 2480 3268 enim
2518 3217 2591 3287 ad
2611 3216 3006 3287 perdomandos
3046 3215 3371 3273 rebellantes
3400 3220 3604 3287 populos

2057 3286 2110 3338 iu
2143 3284 2473 3355 provinciam
2506 3285 2679 3340 redire
2701 3297 2918 3355 coaetus
2947 3286 3074 3350 fuit;
3111 3284 3480 3355 quamobrem
3502 3302 3603 3341 eer-

2053 3363 2109 3408 to
2138 3353 2294 3426 nobis
2327 3369 2645 3426 persuasum
2697 3365 2779 3409 est
2810 3354 3084 3411 Romanos
3129 3353 3418 3426 nunquam
3441 3367 3604 3412 extre-

2054 3439 2172 3477 mas
2203 3423 2364 3476 hasce
2392 3422 2805 3478 Horumritarum
2839 3442 2962 3481 oras
2992 3422 3306 3483 victricibus
3349 3433 3513 3482 armis
3548 3428 3604 3479 il-

2051 3493 2118 3547 lis
2147 3494 2474 3563 temporibus
2506 3495 2768 3563 attigisse.

2127 3562 2282 3638 Quod
2315 3562 2380 3638 ad
2413 3578 2543 3632 sequ
2573 3562 2666 3618 ora
2710 3575 2949 3638 tempora
2999 3565 3205 3638 attinet,
3245 3565 3608 3638 saepepitatus

2054 3631 2332 3686 Simonius
2357 3631 2728 3688 Assctuannus
2755 3631 2969 3690 dissert.
2989 3637 3022 3688 4
3049 3638 3114 3690 ad
3159 3631 3368 3691 Chron.
3388 3635 3567 3690 Orient
3591 3675 3603 3698 ,

2050 3703 2156 3772 9'9,
2193 3716 2314 3771 pag.
2350 3703 2476 3766 255,
2528 3713 2580 3757 et
2611 3703 2638 3774 ἕ
2668 3703 2757 3765 28,
2793 3721 2913 3775 pag.
2942 3706 3067 3767 264,
3118 3715 3179 3758 ut
3213 3707 3356 3761 alios
3388 3705 3604 3773 scripto-

2049 3788 2136 3827 res
2168 3781 2575 3843 praetereamus,
2610 3775 2796 3828 scribit
2826 3774 3190 3829 Itonianorum
3222 3779 3605 3843 commercium

2048 3839 2523 3915 cum'_Horn:£ritis
2553 3843 2620 3896 ab
2648 3859 2791 3915 anno
2821 3844 3021 3900 Christi
3052 3844 3185 3908 554,
3237 3847 3292 3898 in
3328 3861 3442 3915 quo
3472 3839 3606 3898 (Jon-

2047 3912 2281 3982 stantius
2305 3912 2625 3982 legationem
2651 3914 2851 3969 eisdem
2887 3916 3054 3981 misit,
3102 3929 3276 3982 usque
3308 3912 3380 3969 ad
3414 3925 3606 3968 annum

2047 3981 2168 4044 520,
2199 3981 2497 4054 imperante
2517 3981 2750 4047 Iustino,
2782 3986 3122 4054 perdurasse,
3156 3981 3207 4054 in
3237 4000 3354 4053 quo
3387 3983 3607 4037 Romani

2047 4052 2652 4124 tnercalorcs,_direptis
2683 4052 2870 4124 eorum
2907 4052 3280 4118 facultatibus,
3311 4055 3474 4124 jussu
3513 4053 3606 4124 Da:

2045 4121 2214 4193 miarii
2258 4134 2359 4193 seu
2395 4120 2656 4193 Diminuis
2703 4121 3118 4178 Horuzeritarum
3152 4120 3605 4193 regis'interfecti

2047 4189 2294 4263 fuer_unt_._
2318 4189 2397 4244 Ex
2415 4191 2518 4263 his
2546 4193 2882 4263 igituquua’.
2911 4194 3030 4250 fuse
3061 4189 3436 4257 narra—vimus,
3461 4208 3610 4262 appa-

2045 4270 2128 4333 ret
2151 4260 2504 4333 S._7Hippolyti
2538 4260 2692 4316 aetate
2724 4260 3450 4333 Homau'itarumregionem
3483 4260 3607 4315 non-

2043 4331 2170 4404 dum
2205 4331 2464 4404 Item-anis
2498 4335 2760 4404 paruisse,
2791 4335 3123 4404 proindeque
3146 4332 3198 4385 iu
3227 4331 3292 4387 ea
3329 4345 3465 4388 tunc
3492 4344 3611 4386 tem-

2041 4402 2188 4469 poris
2232 4400 2598 4472 Romanorum
2645 4400 2954 4472 Emporium
2989 4400 3096 4458 non
3123 4404 3426 4457 exstitisse.
3499 4406 3608 4468 Quo

2047 4473 2104 4523 tit
2124 4481 2188 4542 _ut
2219 4480 2328 4542 tota
2363 4471 2410 4525 le
2433 4471 2632 4540 Moynii
2667 4471 2977 4542 conjectura
3009 4473 3220 4542 penitus
3244 4484 3496 4526 corruat.

2113 4540 2225 4661 (3.7!)
2268 4541 2573 4594 Manuduct.
2604 4541 2673 4594 ad
2699 4540 2975 4613 geograph.
3009 4540 3322 4607 universal”
3381 4559 3508 4614 pag.
3548 4541 3611 4596 66

2039 4616 2092 4663 et
2121 4612 2209 4664 67.

2107 4679 2500 4752 (22)7Legenda
2531 4690 2659 4752 sunt
2682 4697 2766 4743 ea,
2797 4697 2917 4752 quae
2943 4681 2996 4752 in
3030 4681 3369 4735 Dictionario
3395 4697 3611 4752 geogra—

2033 4749 2184 4817 phica
2216 4751 2281 4804 de
2327 4749 2374 4804 la
2425 4751 2751 4820 Martiuiérc,
2787 4749 2914 4807 tom.
2949 4751 2989 4816 Ι,
3019 4767 3070 4820 p.
3109 4753 3178 4807 85
3209 4757 3347 4807 edit.
3395 4749 3611 4807 Veneta:

2033 4820 2160 4872 anui
2202 4821 2354 4887 1757,
2387 4825 2552 4876 verbo
2582 4822 2729 4874 Aden
2759 4823 3123 4887 proferuntur.

2103 4889 2216 4960 (25)
2259 4890 2496 4963 litati-ibo
2535 4897 2612 4963 de
2659 4892 2714 4945 S.
2756 4889 3059 4963 Hippolyto,
3093 4909 3144 4962 p.
3177 4891 3266 4956 50,
3306 4902 3493 4961 tergo,
3523 4889 3611 4945 ubi

2032 4961 2326 5032 textuan.
2362 4961 2502 5016 Petri
2533 4960 2776 5032 Damiani
2805 4960 3071 5032 integrum
3094 4960 3396 5017 deseribt.

2090 5032 2200 5102 (Ἡ)
2241 5030 2296 5084 In
2329 5033 2590 5102 opusculo
2627 5031 2688 5084 l9
2719 5033 2792 5085 De
2823 5029 3152 5086 abdicatione
3172 5034 3520 5102 episcopatus
3542 5029 3605 5082 ad

2030 5098 2308 5171 Nicolaum
2362 5098 2407 5154 Il
2467 5103 2766 5155 llomanum
2823 5103 3150 5171 pontificem,
3199 5098 3372 5171 'quo't
3433 5108 3612 5154 exstat

2032 5179 2162 5223 tom.
2200 5170 2262 5223 Ill
2294 5171 2528 5241 Operum
2584 5173 2639 5224 S.
2672 5170 2837 5225 Petri
2864 5171 3128 5238 Dannaui,
3177 5170 3296 5241 pag.
3335 5173 3442 5226 211
3478 5171 3606 5241 edit.

2029 5239 2367 5311 Constantini
2425 5244 2660 5311 (Jajetani
2713 5241 2934 5295 Parisiis
2979 5258 3122 5296 anno
3156 5239 3318 5306 1⁷743,
3387 5257 3517 5310 cap.
3555 5239 3604 5301 7,

2030 5325 2082 5362 n.
2111 5310 2199 5376 Ἣ,
2236 5328 2354 5381 pag.
2386 5310 2512 5376 2‘l7,
2547 5314 2657 5365 haec
2681 5314 2755 5365 ait
2786 5330 2797 5364 :
2834 5330 2852 5361 ‹
2883 5312 3078 5366 Beatus
3115 5327 3338 5381 quoque
3370 5311 3607 5364 Nautius

2027 5391 2250 5448 martyr,
2291 5384 2381 5450 qui
2422 5394 2476 5435 ct
2517 5382 2850 5453 Hippolytus,
2898 5383 3174 5436 memoria:
3223 5391 3441 5434 nostrae
3500 5393 3604 5453 non

2026 5449 2430 5521 praetereundus
2468 5449 2722 5507 occurrit.
2756 5453 2857 5517 Qui
2897 5454 3152 5505 nimirum
3197 5463 3505 5521 postquam
3539 5449 3606 5502 50

2026 5520 2192 5573 millia
2227 5522 2617 5576 Saracenorum
2654 5524 2718 5575 ad
2761 5522 2961 5576 Christi
3005 5524 3161 5575 fidem
3198 5520 3604 5587 efﬁcacissima

2023 5592 2401 5710 prmdiéatione
2449 5597 2731 5654 convertit,
2765 5601 3048 5663 postquam
3101 5595 3316 5646 beatam
3375 5603 3605 5658 quoque

2045 5660 2289 5710 ’elaJam
2337 5663 2402 5710 de
2452 5663 2798 5710 lupanaribus
2843 5665 2908 5710 ad
2964 5663 3214 5710 Ecclesiae
3263 5661 3605 5710 nudicitiam

2045 5660 2289 5728 ’elagiam
2337 5663 2402 5714 de
2451 5660 2798 5730 lupanaribus
2843 5660 2920 5714 ad
2964 5663 3214 5715 Ecclesiae
3261 5661 3606 5730 pudicitiam

2022 5733 2352 5798 provocavit.
2381 5745 2666 5801 postquam
2692 5733 2922 5800 denique
2943 5734 3231 5786 nonnullos
3262 5743 3605 5785 sanctarum

2021 5803 2417 5868 expositionum
2474 5804 2639 5856 libros
2697 5803 2993 5856 luculenter
3043 5802 3322 5873 explicuit.
3379 5801 3606 5854 tandem

2021 5883 2388 5940 (‘p281‘0p3lﬂlll
2417 5873 2647 5926 deseruit
2677 5889 2689 5937 ;
2725 5874 2789 5925 de
2819 5873 3166 5927 Antiochems
3195 5874 3487 5942 partibus,
3515 5887 3588 5923 uu
