3826 6476
226 308 315 364 533
954 304 1040 358 DE
1080 301 1470 360 PORTUENSI
1508 303 1563 358 S.
1608 300 1970 357 HIPPOLYTI
2008 302 2197 359 SEDE.
2240 333 2309 344 —
2347 302 2531 357 PARS
2568 300 2630 356 H.

3323 306 3427 359 554

224 434 320 479 tum
353 436 447 476 non
475 420 524 476 in
550 422 839 477 Portuensi
891 424 1140 487 ecclesia,
1168 426 1253 479 cui
1289 426 1404 493 ipse
1435 424 1752 494 prreluit,ab
1783 428 1825 483 A
1853 424 1911 479 S.
1944 423 2287 495 Hippolytum
2317 424 2400 479 vel
2421 423 2720 477 Tiburtinis
2745 423 3016 478 immerito
3042 422 3423 491 tribucre,vel,

224 516 353 569 illius
392 513 684 568 cultoribus
724 514 959 584 positum
994 532 1058 570 ac
1084 517 1407 570 collocatum
1441 516 1619 578 fuerit.
1662 518 1754 571 sed

221 622 332 675 agro
361 601 579 659 Verano.
612 606 852 676 Hujusce
875 608 951 661 rei
985 607 1028 661 si
1060 608 1239 676 aliqua
1278 608 1570 661 haberetur
1594 609 1753 673 ratio,

223 697 532 769 Hippolytus,
556 714 663 752 non
698 698 1037 764 Portuensis,
1073 699 1165 754 sed
1198 699 1519 754 Tiburtinus
1545 701 1755 769 episco-

220 807 325 862 pus,
343 806 456 844 cum
484 790 756 862 Scaligero
777 792 1040 848 dicendus
1068 790 1562 847 esset.Vcrumtam
1596 792 1754 861 longe

219 886 369 949 abest,
406 891 461 936 ut
488 883 798 953 hujusmodi
827 892 1204 952 argumentum
1238 899 1350 939 rem
1380 894 1621 938 nostram
1675 884 1757 937 in-

217 974 427 1045 fringere
452 974 533 1028 vel
565 974 847 1028 minimum
878 976 1071 1035 valeat.
1104 976 1349 1046 quinimo
1377 988 1607 1031 veterem
1640 974 1750 1029 Ro-

214 1082 367 1123 mana:
398 1066 649 1121 Ecclesia:
675 1068 1022 1122 traditionem
1052 1068 1119 1122 de
1149 1066 1431 1122 Portuensi
1474 1068 1532 1121 8.
1560 1066 1755 1137 Hippo.

216 1159 294 1229 lyti
327 1158 445 1213 sede
471 1174 633 1226 quam
682 1160 917 1213 maxime
944 1158 1249 1213 conﬁrmet.
1284 1158 1497 1214 Etenim
1548 1160 1758 1229 insigne

215 1249 325 1303 illud
368 1249 497 1302 tanti
549 1250 803 1320 martyris
840 1260 1250 1304 monumentum
1287 1252 1339 1304 in
1374 1264 1505 1320 agro
1540 1248 1755 1303 Verano

211 1340 418 1413 positum
449 1350 500 1395 et
528 1350 799 1410 repertum
834 1340 957 1405 fuit,
996 1342 1125 1411 quia
1174 1342 1369 1395 ibidem
1408 1340 1464 1395 8.
1504 1340 1756 1411 martyris

213 1434 444 1504 reliquiae,
472 1445 531 1488 ut
558 1433 886 1489 Prudentius
921 1450 1021 1489 nos
1049 1433 1260 1498 docuit,
1290 1450 1319 1488 a
1350 1434 1674 1489 Christianis
1701 1435 1753 1487 in

212 1525 493 1580 cmmeterio
526 1525 755 1580 condiae
792 1525 1031 1589 fuerunt,
1061 1526 1203 1594 quod
1258 1534 1444 1596 postea
1495 1541 1602 1580 uua
1631 1542 1753 1581 cum

210 1618 405 1671 adicula
436 1615 493 1671 S.
522 1616 794 1687 Hippolyti
827 1618 1047 1672 nomine
1080 1617 1189 1672 Deo
1223 1618 1324 1671 fuit
1349 1618 1586 1673 dicatum
1620 1618 1751 1689 (45);

211 1723 303 1776 quo
328 1707 375 1761 in
403 1709 522 1763 loco
550 1724 673 1763 cum
701 1707 843 1763 Deus
869 1718 982 1778 opt.
1007 1724 1153 1763 max.
1184 1709 1318 1762 tanti
1344 1709 1596 1781 martyris
1627 1725 1749 1778 pre-

207 1798 341 1852 cibus
401 1800 804 1869 quamplurima
885 1800 1146 1854 miracula
1224 1800 1436 1870 operari
1493 1799 1746 1869 dignare-

208 1898 283 1943 tur
313 1890 433 1959 (46),
487 1890 719 1945 Romani
770 1892 1051 1962 exterique
1103 1906 1301 1961 magna
1352 1891 1654 1961 frequentia
1692 1893 1750 1949 8.

205 1982 434 2050 martyris
463 1981 734 2034 tumulum
770 1982 1198 2047 venerabantur;
1232 1983 1373 2035 unde
1407 1980 1752 2049 Prudentius,

206 2069 282 2138 qui
313 2071 495 2126 Romae
523 2070 626 2126 fuit
656 2080 709 2125 et
736 2073 1055 2141 populorum
1086 2073 1482 2127 multitudinem
1519 2090 1754 2144 prtescus

205 2163 487 2231 conspexit,
518 2163 632 2217 haec
662 2163 852 2217 scribit
881 2162 991 2234 (47)
1024 2180 1036 2216 :

294 2274 442 2329 Hane
470 2276 770 2330 salutatum
800 2278 1150 2341 concurritur,
1186 2281 1353 2331 omnis
1387 2280 1575 2332 adorat

356 2347 542 2411 Pubis,
568 2359 711 2411 eunt,
746 2349 960 2401 redeunt
983 2348 1109 2402 solis
1136 2349 1204 2401 ad
1238 2365 1397 2417 usque
1424 2350 1645 2402 obitum.

292 2415 576 2491 Conglobat
599 2418 653 2491 in
677 2434 897 2491 cuneum
920 2416 1103 2491 Latios
1127 2415 1377 2491 simul,'et
1403 2422 1699 2491 peregrinos

356 2486 664 2540 Permistim
697 2488 913 2556 populos
951 2487 1217 2558 religionis
1251 2486 1419 2542 amor.

202 2598 255 2652 Et
286 2600 464 2669 paucis
508 2599 806 2667 interjectis
845 2602 1019 2657 sancti
1061 2601 1331 2673 Hippolyti
1364 2603 1505 2657 diem
1556 2604 1750 2659 festum

201 2687 361 2743 Idibus
414 2690 650 2758 Augusti
703 2692 963 2747 celebrari
1017 2694 1236 2748 solitum
1292 2694 1629 2762 describens,
1680 2697 1754 2751 in-

201 2779 304 2847 quit
331 2777 437 2848 (48)
476 2797 492 2832 ε

292 2895 417 2969 Urbs
440 2906 672 2965 augusta
695 2912 815 2950 suos
837 2897 993 2969 uomit
1017 2897 1337 2969 effunditque
1356 2901 1593 2969 quirites,

357 2967 473 3021 Una
500 2978 548 3021 et
570 2968 821 3032 patricios
847 2966 1129 3037 ambitione
1157 2966 1294 3037 pari,

296 3035 587 3111 Confundit
609 3037 805 3106 plebeia
830 3034 1063 3103 phalanx
1086 3034 1390 3111 umbonibus
1412 3042 1573 3111 requis

353 3107 649 3161 Discrimen
669 3123 959 3179 procerum,
982 3109 1340 3176 prcecipitante
1360 3107 1493 3179 ﬁde;

290 3175 397 3247 Neg
415 3180 599 3230 minus
622 3178 841 3230 Albanis
867 3178 1006 3230 acies
1028 3194 1081 3231 se
1100 3175 1327 3232 candida
1351 3175 1514 3247 portis

358 3246 634 3314 Explicat,
656 3257 704 3299 et
730 3247 899 3316 longis
920 3246 1135 3301 ducitur
1157 3246 1445 3304 ordinibus.

287 3315 573 3386 Exsultant
594 3315 834 3386 fremitus
857 3319 1123 3370 variarunt
1144 3319 1260 3371 hinc
1283 3320 1399 3374 inde
1422 3323 1642 3384 viarum,

351 3385 635 3456 Indigena,
660 3396 707 3440 et
736 3388 938 3449 Picens,
963 3388 1105 3455 plebs
1127 3400 1175 3441 et
1204 3388 1427 3443 Etrusca
1450 3394 1606 3446 venit.

287 3454 537 3510 Convenit
561 3456 821 3509 Samnitis
844 3454 999 3510 atros:
1020 3458 1305 3522 habitator,
1328 3470 1375 3514 et
1398 3461 1523 3515 altar

351 3524 902 3597 CampanusiCapuaz,
922 3527 1139 3597 jamque
1164 3527 1406 3584 Nolanus
1427 3532 1593 3587 adest.

286 3594 518 3667 Quisque
536 3613 631 3648 sua
654 3594 806 3650 la’tus
828 3613 940 3648 cum
965 3594 1201 3667 conjuge,
1223 3599 1463 3654 dulcibus
1486 3612 1531 3654 et
1561 3619 1678 3655 cum

355 3667 679 3737 Pignoribus
703 3668 946 3738 rapidum
970 3685 1179 3738 carpere
1203 3670 1352 3738 gestit
1377 3672 1508 3735 iter;

294 3734 822 3810 Vigcapiunt‘patuli
845 3734 1153 3810 populorum
1176 3734 1369 3809 gaudia
1391 3734 1597 3810 campi,-

351 3807 539 3860 Hazret
561 3816 610 3859 et
633 3807 687 3859 in
709 3808 910 3879 magnis
935 3808 1094 3861 densa
1117 3807 1298 3863 cohors
1321 3807 1528 3879 spatiis.

286 3882 582 3947 Angustum
608 3878 767 3947 tantis
795 3877 927 3930 illud
951 3895 1129 3947 specus
1154 3896 1262 3933 esse
1291 3877 1507 3935 catervis

404 3947 519 4001 aud
547 3946 764 3999 dubium
797 3957 896 4012 est,
923 3948 1101 4017 ampla
1124 3950 1277 4018 fauce
1299 3951 1420 4004 licet
1440 3961 1639 4021 pateat.

192 4056 311 4113 Cum
340 4059 507 4131 igitur
545 4073 847 4113 marmorea
884 4057 941 4114 8.
978 4059 1247 4133 Hippolyti
1299 4065 1556 4120 cathedra
1609 4067 1746 4119 inter

195 4149 401 4215 hujusce
446 4153 747 4206 caemetcrii
776 4152 971 4206 rudera
1012 4152 1207 4208 etl‘ossa
1244 4154 1426 4220 fuerit,
1458 4173 1617 4210 nemo
1645 4174 1748 4211 non

194 4240 317 4294 videt
345 4240 683 4311 Scaligerum
707 4243 952 4313 aliosque
978 4242 1116 4298 l‘utili
1142 4245 1453 4301 coniectura
1474 4248 1752 4318 deceptus,

253 4419 453 4496 (_45)‘ln
494 4421 671 4496 citato
700 4422 917 4496 hymno
968 4421 1030 4496 S.
1050 4421 1326 4496 Hippolyti
1377 4431 1749 4484 cmmcterium
1782 4433 1822 4487 D

189 4487 345 4558 ipsius
372 4493 446 4545 ita
476 4487 768 4555 describit;
788 4509 933 4547 vers.
968 4494 1062 4548 151
1095 4512 1107 4547 :

284 4560 438 4633 Haud
471 4562 655 4633 procul
681 4572 912 4633 extremo
938 4565 1081 4616 culta
1106 4564 1175 4616 ad
1199 4567 1448 4633 pomoeria
1474 4568 1610 4622 vallo

348 4630 533 4703 Mersa
562 4632 839 4703 latebrosis
871 4644 1053 4701 crypta
1083 4630 1222 4703 patet
1253 4636 1429 4703 foveis.

287 4698 455 4776 Hujus
484 4703 541 4753 in
573 4702 835 4776 occultum
862 4698 1109 4776 gradibus
1134 4706 1214 4756 via
1242 4698 1406 4772 prona
1437 4709 1641 4776 reﬂexis

382 4788 438 4825 re
469 4787 564 4841 per
596 4772 870 4840 anfractus
899 4774 1012 4827 luce
1043 4774 1236 4827 latente
1264 4776 1433 4830 docet.

284 4837 495 4915 Primus
531 4837 909 4915 namquefores
939 4860 1143 4897 summa
1171 4857 1315 4897 tenus
1346 4847 1509 4899 intrat
1540 4850 1709 4915 hiatu,

349 4909 702 4980 lllustratque
728 4909 837 4965 dies
866 4913 1053 4966 limina
1081 4916 1342 4971 vestibuli.

280 4981 407 5053 Inde
434 4982 525 5033 ubi
550 4998 830 5053 progressu
858 4984 1008 5051 facili
1038 4984 1324 5053 nigrescere
1353 4987 1465 5042 visa
1495 5000 1569 5043 est

349 5048 477 5105 Nox
508 5048 750 5126 obscura,
778 5048 880 5126 loci
904 5070 996 5122 per
1022 5048 1201 5126 specus
1233 5056 1569 5126 ambiguum;

283 5118 580 5192 Occurrunt
617 5122 767 5176 celsis
796 5118 1057 5177 immensa
1081 5125 1346 5192 foramina
1375 5118 1521 5185 lectis

349 5190 713 5263 Qucejaciunt
742 5192 913 5245 claros
941 5190 1095 5246 antra
1126 5212 1279 5263 super
1311 5198 1507 5252 radios.

278 5259 579 5322 Quamlibet
613 5262 866 5330 ancipites
897 5272 1076 5317 texant
1105 5259 1225 5317 hinc
1257 5268 1377 5321 inde
1409 5286 1635 5324 recessus

346 5331 514 5383 Arcta
541 5330 635 5383 sub
671 5332 929 5403 umbrosis
957 5336 1096 5386 atria
1119 5337 1404 5403 porticibus
1428 5356 1445 5392 :

278 5398 523 5453 Attamen
551 5402 716 5454 excisi
743 5407 920 5455 subter
953 5420 1078 5456 cava
1108 5398 1299 5459 uiscera
1328 5412 1516 5465 montis

347 5468 547 5542 Crebra
573 5471 831 5542 terebrato
859 5474 1055 5541 fornice
1083 5474 1175 5527 lux
1208 5487 1461 5542 penetrat.

280 5535 565 5611 Sicidatur
595 5540 823 5595 absentis
853 5535 945 5611 per
972 5535 1310 5599 subterranea
1338 5550 1460 5600 solis

346 5610 570 5685 Cernere
599 5610 875 5681 fulgorem,
892 5614 1283 5685 luminibusque
1312 5620 1435 5684 frui.

181 5672 234 5726 Et
265 5679 427 5748 paulo
457 5672 608 5748 post;
631 5672 771 5736 vers.
804 5672 1011 5737 scilicet
1040 5684 1141 5737 ΠΟ
1167 5702 1180 5738 :

281 5746 498 5805 Talibus
528 5750 799 5822 Hippolyti
825 5770 1008 5824 corpus
1040 5755 1319 5809 mandatur
1344 5759 1531 5827 opertis

1857 517 2001 586 quod
2052 518 2205 585 pejus
2236 526 2341 581 est,
2377 531 2478 570 nec
2510 518 2560 569 in
2588 515 2895 579 Portuensi,
2926 532 3026 570 nec
3058 516 3111 570 in
3151 516 3255 570 alia
3292 534 3428 587 qua-

1856 609 1939 662 vis
1977 605 2285 662 Occidentis
2329 606 2563 661 Ecclesia
2605 607 2811 661 sedisse
2851 622 2973 660 cum
3018 606 3236 675 Moynio
3270 620 3428 661 uete-

1856 701 2039 768 risquc
2069 715 2349 769 perperam
2381 715 2594 769 negare.
2632 700 2850 768 Antiqui
2886 715 3014 769 ergo
3045 700 3247 755 Christi
3294 701 3425 755 lide-

1857 791 1935 843 les
1971 797 2206 843 statuam
2244 788 2300 843 8.
2336 787 2607 861 Hippolyti
2642 789 2858 843 nomine
2902 790 3167 859 insignem
3204 791 3257 844 in
3295 806 3425 862 agro

1858 878 2072 934 Verano
2121 880 2221 934 viae
2269 880 2565 934 Tiburtinae,
2606 881 2859 951 contiguo
2905 882 3268 944 collocarunt,
3317 900 3424 936 non

1857 972 1999 1041 quod
2026 972 2139 1041 ipse
2159 970 2478 1025 Tiburtinus
2506 971 2669 1024 fuerit
2696 971 3005 1040 episc0pus,
3036 972 3128 1026 sed
3156 973 3282 1042 quia
3306 988 3425 1041 pre-

1858 1061 2161 1116 tiosissima’
2189 1060 2320 1115 tanti
2362 1060 2617 1129 martyris
2645 1059 2889 1128 pignora,
2920 1074 2948 1112 a
2980 1057 3144 1113 Portu
3179 1059 3424 1113 Romano

1857 1148 2351 1218 translata,|ihidem
2386 1147 2602 1201 fuerunt
2634 1149 2861 1216 sepulta.
2897 1148 3254 1219 Quapropter,
3289 1163 3428 1217 prac-

1858 1250 1939 1295 ter
2001 1241 2104 1295 hoc
2149 1240 2547 1295 nobilissimum
2582 1240 2751 1309 ipsius
2783 1252 3219 1306 monumentum,
3248 1242 3417 1294 mino

1859 1348 1945 1387 res
1968 1333 2132 1386 etiam
2162 1332 2519 1401 imagunculae
2550 1332 2885 1405 auaglyphici
2916 1333 3097 1400 operis
3118 1333 3314 1386 ibidem
3339 1333 3428 1389 de-

1858 1432 2009 1477 tectae
2044 1432 2257 1491 patrum
2294 1434 2602 1478 nostrorum
2629 1425 2887 1478 memoria
2920 1422 3158 1488 fuerunt,
3190 1440 3422 1493 quarum

1855 1524 2066 1584 ectypa,
2124 1523 2184 1568 ut
2241 1514 2376 1570 alias
2425 1516 2856 1578 observavimus,
2907 1516 3067 1570 nobis
3122 1516 3427 1586 suppeditat

1855 1606 2165 1677 Aringhius.
2197 1606 2252 1662 8.
2287 1606 2555 1678 Hippolyti
2582 1608 2743 1679 igitur
2766 1616 3178 1663 monumentum
3213 1610 3265 1663 in
3295 1624 3426 1679 agro

1856 1698 2073 1753 Verano
2108 1709 2379 1770 repertum
2417 1717 2695 1771 nunquam
2742 1711 2818 1756 tot
2845 1702 3170 1772 scriptorum
3199 1704 3265 1758 de
3294 1702 3428 1757 Por—

1856 1791 2031 1845 tuensi
2084 1791 2212 1846 sede
2260 1793 2429 1862 ipsius
2487 1794 2810 1848 sententiam
2868 1794 3144 1849 infirmare
3195 1797 3425 1864 poterit;

1855 1882 1966 1936 imo
1993 1882 2110 1951 ipsa
2142 1898 2205 1937 ex
2243 1884 2345 1938 hoc
2378 1884 2515 1937 miro
2540 1883 2762 1939 fulcitur
2786 1885 3119 1949 testimonio,
3150 1901 3274 1940 cum
3307 1902 3427 1938 mo-

1857 1982 2173 2025 numcntum
2205 1971 2355 2035 illud,
2381 1972 2523 2040 quod
2551 1973 2608 2027 8.
2637 1972 2907 2043 Hippolyti
2939 1974 3175 2044 episcopi
3200 1984 3254 2029 et
3283 1990 3429 2028 mar-

1859 2061 1993 2132 tyris
2036 2077 2157 2116 esse
2206 2077 2365 2114 nemo
2410 2077 2649 2131 unquam
2690 2079 2887 2133 negare
2929 2078 3096 2117 ausus
3126 2074 3230 2130 est,
3264 2079 3429 2132 prope

1855 2153 2225 2208 coemeterium
2262 2152 2520 2207 eﬂossum
2557 2153 2648 2216 sit,
2686 2154 2776 2208 ubi
2813 2164 2959 2209 certo
2976 2155 3180 2209 scimus
3207 2154 3264 2209 S.
3296 2154 3427 2224 Hip-

1855 2243 2021 2313 polyti
2085 2242 2367 2312 reliquias,
2414 2258 2480 2297 ex
2529 2242 2694 2297 Portu
2752 2244 2999 2300 Romano
3058 2246 3427 2312 translatas,a

1855 2336 2058 2390 Christi
2083 2334 2332 2391 fidelibus
2365 2334 2534 2390 fuisse
2564 2338 2853 2405 repositas.

1855 2450 2019 2504 XXV.
2066 2451 2309 2521 Moynius
2347 2451 2646 2506 Portuensis
2678 2452 2928 2506 Ecclesia:
2958 2452 3331 2521 antiquitatem
3364 2449 3422 2506 S.

2011 2521 2286 2592 Hippolyti
2319 2540 2425 2576 ιυυο
2458 2523 2713 2591 a’qualem
2739 2539 3012 2592 perperam
3041 2523 3265 2591 negavit.

1924 2612 2077 2669 Nunc
2110 2614 2376 2683 reliquum
2404 2624 2506 2679 est,
2538 2624 2593 2667 ut
2624 2614 2803 2681 aliqua
2853 2614 2919 2668 de
2969 2613 3288 2669 Portuensis
3329 2613 3429 2668 Ec-

1854 2706 2030 2761 clesia:
2060 2706 2381 2775 antiquitate
2411 2705 2614 2759 cursim
2658 2705 2976 2770 delihcmus,
3012 2721 3079 2759 ne
3117 2706 3241 2775 quis
3272 2706 3430 2762 nobis

1854 2799 2076 2866 objiciat
2107 2813 2228 2851 cum
2261 2796 2497 2867 Moynio,
2528 2795 2584 2848 S.
2620 2795 2967 2867 Hippolytum
3000 2796 3241 2866 ejusdem
3283 2796 3431 2851 sedis

1852 2888 2165 2956 episc0pum
2200 2901 2319 2941 esse
2348 2902 2454 2941 non
2489 2886 2756 2956 potuisse,
2784 2901 2849 2940 eo
2878 2887 3023 2955 quod
3059 2887 3299 2956 sequiori
3333 2902 3431 2956 po-

1856 2978 1964 3031 tius
2005 2993 2139 3042 :evo,
2169 2991 2333 3044 quam
2361 2976 2757 3044 antiquissimis
2789 2975 2846 3029 8.
2875 2976 3129 3047 martyris
3159 2978 3418 3045 tempori-

1854 3072 1954 3125 hus
1986 3068 2139 3123 sedes
2167 3067 2482 3121 Portuensis
2512 3067 2756 3121 instituta
2788 3082 2908 3121 esse
2938 3065 3362 3132 videatur.Quod
3379 3069 3425 3121 si

1852 3160 2207 3216 Portuensem
2278 3155 2574 3210 Ecclesium
2635 3155 3034 3225 antiquissimis
3093 3157 3425 3225 temporibus

1852 3265 1982 3304 suos
2014 3249 2301 3318 episcopos
2339 3248 2597 3302 habuisse
2647 3248 2804 3302 nobis
2838 3247 3069 3317 probare
3115 3247 3427 3317 contigerit,

1854 3344 2081 3412 ipsemet
2122 3341 2370 3413 Moyuius
2417 3358 2612 3396 manus
2642 3344 2812 3397 victas
2845 3342 3015 3407 dabit,
3044 3350 3098 3396 ct
3134 3340 3191 3395 S.
3224 3340 3427 3411 Hippo-

1852 3434 2044 3505 lytum,
2092 3448 2252 3503 quem
2300 3433 2504 3487 dudum
2555 3431 2863 3487 Homaaritis
2912 3433 3149 3487 tribuere
3195 3442 3431 3487 conatus

1851 3535 1955 3589 est,
2018 3525 2305 3580 Portuensi
2366 3524 2624 3579 Ecclesize
2682 3524 2950 3579 restituet.
3007 3523 3085 3577 En
3140 3524 3425 3593 ipsiusniet

1851 3617 2051 3689 Moynii
2082 3618 2244 3673 verba
2276 3617 2386 3688 (49)
2422 3636 2434 3670 :
2474 3634 2491 3667 ι
2521 3618 2758 3686 lngcnue
2808 3625 2987 3671 tamen
3034 3616 3308 3686 proﬁteor,
3340 3632 3425 3671 me

1851 3726 1974 3765 cum
2002 3710 2185 3765 multis
2213 3709 2370 3764 facile
2413 3708 2804 3775 admissurum,
2840 3705 3185 3778 Hippolytum
3217 3708 3423 3763 dictum

1852 3802 2163 3871 episcopum
2203 3799 2529 3865 Romanum,
2555 3800 2678 3869 quia
2709 3799 2904 3855 Portus
2937 3801 2988 3853 iu
3019 3798 3261 3853 Romana
3289 3801 3425 3854 dite-

1853 3893 1960 3947 cesi
1991 3901 2108 3946 erat
2138 3892 2448 3961 episcopus,
2481 3892 2527 3947 si
2557 3900 2832 3946 constaret
2858 3890 3078 3945 Portum
3109 3890 3276 3946 fuisse
3304 3892 3424 3961 epi-

1852 3996 2133 4054 scopatum
2168 3992 2406 4053 tempore
2434 3983 2728 4054 Hippolyti,
2757 3995 2812 4039 et
2844 3985 3101 4054 cpisc0po
3132 3985 3421 4045 Portuensi

1851 4074 2037 4127 eadem
2072 4075 2358 4142 permissa,
2390 4089 2510 4142 quae
2544 4074 2939 4142 posterioribus
2978 4074 3311 4143 temporibus
3344 4075 3423 4128 illi

1852 4164 2116 4232 permissa
2146 4174 2272 4217 sunt
2299 4165 2350 4216 in
2375 4163 2564 4218 ordine
2593 4164 2973 4232 cardiualium,
3005 4166 3058 4218 iu
3083 4165 3425 4222 ordinatione

1852 4264 1905 4309 et
1933 4258 2338 4310 consecratione
2370 4256 2639 4325 pontiﬁcis
2671 4254 2922 4321 Romani,
2956 4257 3082 4311 etin
3106 4258 3428 4328 sacrisqui‘

2032 4431 2253 4501 Propter
2281 4432 2368 4484 ubi
2397 4435 2638 4502 apposita
2667 4443 2741 4486 est
2769 4451 2864 4487 ara
2894 4435 3073 4488 dicata
3102 4436 3226 4489 Deo.

1959 4500 2064 4574 Illa
2094 4500 2413 4574 sacramenti
2432 4500 2691 4556 donatrix
2720 4521 2917 4569 mensa,
2955 4505 3234 4574 eademque

2026 4572 2214 4627 Custos
2242 4573 2352 4640 ﬁda
2385 4574 2468 4639 sui
2502 4576 2751 4641 martyris
2784 4577 3047 4643 apposita,

1956 4641 2137 4714 Servat
2164 4650 2230 4695 ad
2266 4644 2449 4695 teterni
2481 4641 2837 4714 spemjudicis
2854 4641 2984 4698 ossa
3005 4646 3243 4714 sepulcro
3261 4688 3275 4707 ,

2026 4712 2208 4766 Pascit
2236 4714 2362 4766 item
2392 4715 2588 4767 sanctis
2624 4712 2912 4768 Tibricolas
2942 4712 3185 4783 dapibus.

1920 4805 2033 4875 (46)
2075 4806 2269 4878 lugens
2320 4807 2708 4860 miraculorum
2762 4808 2913 4873 copia
2958 4807 3022 4859 ad
3056 4807 3114 4859 8.
3146 4807 3417 4878 Hippolyti

1850 4878 2116 4929 tumulum
2150 4892 2178 4928 a
2215 4876 2322 4930 Deo
2350 4886 2705 4945 patratorum,
2742 4879 2903 4929 etiam
2941 4878 3008 4930 ab
3028 4879 3148 4946 ipso
3177 4876 3418 4931 Pruden-

1848 4947 1922 4999 tio
1961 4946 2286 5001 describitur
2312 4947 2414 5001 loc.
2449 4953 2539 5001 cit.
2570 4963 2711 5001 vers.
2742 4947 2843 5001 175
2870 4967 2882 5000 :

1952 5037 2095 5091 Mira
2118 5037 2219 5090 loci
2240 5039 2429 5107 pietas,
2452 5048 2500 5091 et
2521 5049 2762 5108 prompta
2784 5039 3116 5107 precantibus
3139 5057 3230 5093 ara

2024 5108 2153 5177 Spes
2174 5108 2439 5161 hominum
2460 5109 2678 5177 placida.
2696 5111 3038 5177 prosperitate
3052 5111 3223 5178 juvat.

1954 5176 2055 5249 Hic
2069 5176 2382 5246 corruptelis
2407 5176 2672 5248 animique
2691 5176 2739 5232 et
2761 5176 2992 5247 corporis
3018 5176 3180 5249 aeger,

2022 5248 2183 5301 Οτιιυὶ
2205 5249 2403 5317 quoties
2424 5258 2643 5311 stratus,
2669 5266 2816 5317 opem
2837 5252 3025 5303 merui.

1952 5317 2101 5383 Quod
2122 5319 2269 5371 lwtor
2292 5319 2486 5384 reditu,
2509 5321 2647 5387 quod
2675 5330 2742 5385 te,
2765 5322 3049 5373 venerande
3073 5322 3333 5387 sacerdos,

2014 5387 2303 5461 Complecti
2322 5388 2522 5461 licitum
2545 5402 2643 5454 est,
2666 5390 2836 5443 scribo
2861 5392 2996 5460 quod
3020 5392 3129 5444 lucc
3147 5392 3353 5461 eadem,

1950 5458 2234 5528 Hippolyto
2258 5460 2364 5514 scio
2388 5475 2467 5512 me
2488 5459 2670 5513 debere
2692 5477 2708 5512 :
2737 5458 2979 5513 Deus’cui
3002 5462 3241 5516 Christus

2020 5528 2181 5583 Posse
2204 5530 2366 5592 dedit,
2390 5531 2527 5599 quod
2549 5532 2663 5599 quis
2685 5534 2907 5601 postulet
2954 5548 3200 5585 annuere.

1923 5620 2031 5689 (Π)
2072 5620 2199 5677 Loc.
2237 5621 2329 5674 cit.
2368 5638 2511 5676 vers.
2551 5623 2675 5677 190.

1913 5692 2024 5755 (48)
2068 5690 2197 5744 Loc.
2232 5692 2323 5744 cit.
2362 5709 2504 5746 vers.
2540 5692 2663 5746 200.

1915 5761 2023 5830 (49)
2070 5762 2137 5815 De
2168 5763 2221 5816 8.
2257 5761 2542 5844 Hippolyto
2572 5764 2825 5831 diatriba,
2851 5783 2902 5836 ιι,
2940 5766 3032 5835 29,
3067 5775 3200 5838 terg.
