3826 6500
379 299 486 354 555

1169 295 1255 348 DE
1289 289 1682 347 PORTUENSI
1721 291 1776 344 S.
1819 289 2194 346 HIPPOLYTI
2233 289 2423 346 SEDE.
2459 317 2528 330 -
2563 285 2743 344 PARS
2781 285 2844 340 ll.

3527 276 3624 332 536

379 419 608 476 busdam
635 417 902 472 obeundis
923 417 976 470 iu
993 416 1160 470 variis
1187 415 1372 470 Romae
1388 414 1600 470 sacellis
1622 423 1676 470 et
1695 413 1954 468 basilicis.
1991 418 2030 470 Α
2061 413 2266 468 nemini
2293 412 2515 466 dubium
2543 409 2666 464 erit.
2705 406 2954 478 Moynius
2985 403 3150 458 nimis
3179 400 3538 460 conﬁdenter.
3571 414 3632 452 ne

379 511 484 566 Sed
519 513 618 566 ista
651 519 780 563 sunt
811 509 1082 578 sequioris
1115 508 1234 570 aevi,
1261 523 1362 562 nec
1391 505 1590 560 Portus
1615 507 1961 574 episcopatus

379 611 527 657 tanta
561 609 832 671 sepotcst
857 609 1128 655 vetustate
1163 598 1570 653 commendare.
1597 615 1615 648 ι
1645 596 1962 650 l‘ortuensis

377 695 725 763 episcopatus
767 691 1144 760 antiquitatem
1182 689 1429 760 Moynius
1457 687 1602 742 facili
1633 687 1850 758 negotio
1879 687 1964 740 in-

381 787 589 855 spicere
609 795 842 856 poterat,
861 785 904 839 si
933 785 1278 838 notissimum
1309 781 1650 852 Geographie:
1672 797 1840 836 sacra:
1863 797 1932 836 vo
1949 810 1964 820 -

381 879 562 932 lumen
579 895 608 932 a
637 877 835 931 Carolo
859 891 890 931 a
919 875 1124 930 Sancto
1145 875 1318 928 Paulo
1339 875 1673 928 elaboratum
1699 873 1965 942 tantisper

380 971 768 1036 consuluisset,
823 987 924 1026 nec
969 971 1086 1026 solo
1123 969 1337 1039 Ughelli
1383 968 1700 1022 testimonio
1746 967 1966 1037 acquie—

383 1079 536 1120 scere
583 1065 884 1128 maluisset,
943 1063 1036 1132 qui
1092 1070 1270 1114 tamen
1323 1077 1432 1114 non
1487 1059 1780 1115 admodum
1839 1075 1966 1116 sero

383 1156 770 1212 Portueusium
819 1157 1206 1226 episcoporum
1261 1155 1458 1209 seriem
1503 1155 1782 1210 inchoavit
1827 1153 1962 1225 (50).

383 1251 616 1306 Carolus
646 1267 675 1304 a
713 1249 769 1304 S.
797 1249 967 1303 Paulo
987 1250 1100 1320 (51)
1125 1249 1446 1316 Gregorium
1473 1247 1684 1312 laudat,
1709 1247 1802 1318 qui
1833 1263 1966 1302 con-

385 1344 514 1398 cilio
545 1342 848 1396 Arelatensi
885 1341 1065 1411 primo
1099 1341 1344 1394 interfuit
1374 1349 1428 1394 et
1463 1339 1790 1410 subscripsit
1813 1339 1963 1410 (52);

387 1433 650 1502 Ughellus
701 1432 1012 1485 Romanum
1069 1432 1380 1500 subjungit,
1437 1431 1530 1500 qui
1553 1431 1698 1485 circa
1759 1447 1963 1484 annum

391 1526 606 1580 Domini
644 1525 748 1580 570
779 1525 934 1586 vixit,
967 1533 1020 1579 et
1049 1524 1307 1592 deinceps
1353 1533 1620 1592 utrosque
1657 1532 1966 1593 sequuntur

387 1617 606 1684 Petrus,
635 1617 856 1678 Castus,
886 1617 1106 1686 aliique.
1153 1617 1194 1674 Α
1241 1615 1530 1670 Portuensi
1561 1617 1815 1684 episcopo
1851 1614 1964 1668 Ro-

387 1728 610 1767 manum
645 1711 959 1780 pontificem
993 1709 1326 1774 consecrari,
1353 1724 1441 1762 res
1471 1723 1577 1762 non
1611 1709 1746 1762 adeo
1773 1723 1966 1762 recens

2063 505 2310 558 dicamus
2367 513 2598 568 temere,
2647 500 2818 570 ipsius
2867 497 3246 565 antiquitatem
3303 494 3356 548 in
3407 492 3632 546 dubium

2065 612 2318 652 revocare
2369 611 2540 650 ausus
2583 604 2686 658 est,
2731 602 2785 646 et
2829 605 2954 646 cum
2987 589 3280 656 Gregorius
3320 585 3494 655 ipsius
3527 586 3636 652 epi-

2063 705 2263 759 scopus
2279 689 2512 743 concilio
2529 685 2832 740 Arelatensi
2867 683 3200 744 interfuerit.
3219 679 3410 750 paucis
3433 677 3638 732 scilicet

2065 780 2223 836 annis
2279 788 2400 848 post
2457 777 2724 832 redditam
2775 773 3058 828 catholica:
3105 771 3362 828 Ecclesiae
3411 784 3636 840 pacem,

2068 870 2277 924 nullum
2307 867 2614 938 ambigendi
2641 867 2820 920 locum
2849 877 3136 932 superesse
3166 875 3480 924 censemus,
3509 857 3638 927 quin

2067 961 2386 1016 Portuensis
2443 960 2792 1029 episcopatus
2861 954 3160 1026 primordia
3225 954 3294 1008 ab
3351 951 3643 1022 Hippolyto

2068 1055 2362 1124 repetenda
2421 1069 2544 1108 esse
2605 1052 2934 1112 credamus,
2980 1049 3228 1117 aliosque
3281 1053 3406 1116 post
3461 1045 3642 1114 ipsum

2067 1151 2357 1220 epis<20pos
2386 1147 2742 1202 Portucusem
2783 1144 3082 1200 Ecclesiam
3112 1156 3283 1210 usque
3325 1139 3392 1194 ad
3434 1138 3646 1208 Grego-

2069 1243 2210 1296 rium
2270 1240 2608 1302 obtinuisse,
2667 1238 3058 1309 quinquaginta
3107 1235 3314 1292 scilicet
3373 1245 3646 1286 annorum

2067 1333 2374 1390 intervallo.
2400 1346 2636 1402 quorum
2683 1330 2910 1386 nomina
2947 1340 3252 1400 temporum
3293 1325 3500 1395 injuria
3525 1339 3648 1394 per-

2069 1427 2250 1480 ierttut
2273 1424 2409 1496 (56).

2075 1517 2270 1573 XXVI.
2315 1517 2522 1588 Moyuii
2553 1518 2812 1572 divinatio
2840 1517 2904 1570 de
2933 1517 3154 1588 antiqua
3185 1514 3384 1580 Portus
3421 1509 3650 1568 Romani

2443 1590 2581 1642 aeris
2612 1588 2983 1642 insalubritale
3006 1587 3262 1656 rejicitur.

2139 1695 2250 1751 Nec
2286 1698 2534 1764 insurgat
2569 1695 2818 1766 Moyuius
2849 1694 2954 1748 loc.
3001 1691 3249 1760 proxime
3289 1687 3458 1742 citato
3509 1681 3649 1752 obji-

386 1815 506 1868 est;
543 1771 668 1858 naui
705 1817 768 1856 ex
803 1802 1006 1856 Dinrno
1051 1771 1408 1854 Romanorum
1445 1801 1774 1871 pontiﬁcum,
1805 1815 1964 1869 quem
1999 1771 2044 1828 Β
2073 1789 2268 1844 ciendo
2283 1788 2504 1842 Portum
2529 1785 2972 1850 liomanum,aeri
2997 1780 3305 1838 inclementi
3322 1777 3648 1871 obnoxium.

388 1897 674 1950 collectum
708 1904 832 1964 post
866 1911 1067 1948 annum
1093 1893 1197 1948 683
1232 1893 1422 1947 scribit
1449 1893 1568 1961 ejus
1601 1894 1776 1968 edi-tor
1805 1891 1972 1946 Joan-

389 1997 485 2036 nes
524 1981 854 2044 Garnerius,
909 1990 1126 2036 constat
1169 1983 1280 2051 jam
1338 1989 1466 2035 tunc
1515 1983 1777 2051 temporis
1825 1983 1971 2036 hunc

388 2089 592 2128 morem
637 2073 951 2138 invaluisse,
983 2083 1043 2128 ut
1084 2075 1371 2143 episcopus
1413 2073 1731 2128 Portuensis
1775 2087 1966 2127 conse—

389 2167 618 2222 cratioui
667 2165 898 2220 Romani
949 2166 1224 2236 poutiiicis
1269 2167 1558 2220 interesset
1595 2167 1732 2234 (53).
1799 2165 1868 2218 At
1923 2165 1971 2220 si

389 2259 578 2314 sedulo
611 2273 722 2312 rem
763 2259 933 2328 ipsam
969 2258 1352 2327 inspiciamus,
1399 2257 1630 2326 hujusce
1673 2258 1815 2312 ritus
1857 2257 1970 2326 pri-

391 2353 598 2405 mordia
629 2352 680 2404 in
711 2350 958 2404 Romana
998 2349 1238 2406 Ecclesia
1268 2351 1640 2405 vetustissima
1670 2363 1791 2403 esse
1815 2363 1973 2402 nemo

389 2442 692 2508 dubitabit,
731 2457 854 2496 cum
891 2441 950 2495 ὃ.
991 2441 1283 2496 Cornelius
1321 2455 1458 2510 papa
1500 2441 1644 2510 apud
1676 2439 1972 2494 Eusebium

398 2553 416 2584 ι
437 2533 814 2586 adumbratam
845 2533 993 2586 inani
1020 2531 1256 2602 quadam
1286 2547 1550 2585 manuum
1577 2531 1926 2602 impositione
1950 2552 1968 2584 ι

389 2623 682 2677 Novatiani
710 2625 1112 2678 ordinationem
1166 2623 1396 2693 appellet
1428 2623 1564 2694 (54),
1607 2639 1674 2677 eo
1715 2625 1880 2694 quod,
1916 2635 1975 2680 ut

395 2715 574 2784 inquit
609 2715 880 2770 Henricus
915 2714 1165 2770 Valesius
1188 2756 1204 2782 ,
1261 2717 1403 2770 facta
1455 2725 1602 2770 esset
1638 2717 1706 2770 ab
1753 2719 1974 2774 alterius

397 2809 694 2877 provincia:
740 2809 1046 2878 episcopis,
1093 2825 1198 2864 non
1226 2810 1294 2864 ab
1347 2810 1415 2864 iis
1473 2810 1567 2878 qui
1617 2811 1974 2864 consecrandi

397 2901 670 2970 poutilicis
703 2899 937 2955 Romani
976 2901 1068 2971 jus
1097 2903 1372 2957 habebant
1415 2905 1549 2974 (55').
1581 2904 1717 2959 llinc
1757 2915 1976 2972 apparet

398 3009 560 3063 quam
596 2994 867 3050 immenso
903 2996 1191 3051 vetustatis
1235 2995 1518 3051 intervallo
1563 2997 1972 3051 lloimeritarum

397 3087 670 3141 Erclesias
695 3085 1017 3142 Portueusis
1047 3087 1366 3152 antecellat;
1399 3089 1604 3144 idcirco
1634 3090 1803 3158 ipsam
1835 3089 1973 3141 inter

401 3180 814 3250 antiquissimas
843 3180 1010 3234 totius
1045 3179 1209 3234 Italia:
1243 3181 1400 3236 sedes
1433 3181 1819 3238 recensendam
1854 3194 1974 3234 esse

475 3447 588 3516 (50)
633 3447 761 3501 Ital.
791 3463 954 3510 sum,
989 3455 1121 3500 tom.
1155 3446 1196 3510 l,
1229 3463 1350 3515 pag.
1388 3448 1421 3500 '5
1459 3447 1590 3501 edit.
1627 3446 1846 3502 Venette
1877 3463 1977 3500 an-

403 3520 456 3572 ni
495 3519 650 3576 1717,
681 3527 804 3585 post
836 3519 892 3570 S.
927 3518 1268 3587 Hippolytum
1317 3517 1622 3571 Romanum
1665 3519 1976 3586 cpiscopum

405 3605 549 3642 armo
591 3587 693 3642 570
725 3590 1017 3658 recensuit,
1050 3588 1300 3656 quamvis
1327 3587 1622 3642 Lucentius
1654 3587 1976 3658 Gregorium

408 3659 600 3713 deinde
626 3657 963 3725 produxerit.

478 3729 589 3788 (5|)
630 3726 926 3796 Geogruph.
953 3746 1091 3782 sacr.
1133 3727 1331 3794 Imlim,
1357 3743 1410 3796 p.
1437 3729 1525 3781 47.

477 3799 590 3862 (5‘2)
632 3798 830 3860 Mansi,
870 3799 1074 3853 Concil.
1119 3811 1156 3852 t.
1189 3801 1227 3852 l.

479 3869 592 3938 (55)
631 3868 688 3938 1n
715 3868 856 3920 libro
884 3867 1084 3923 Diui-uo
1107 3871 1459 3922 Romanorum
1493 3869 1822 3938 pontiﬁcum.
1847 3885 1894 3922 c.
1922 3869 1976 3936 2,

409 3935 624 3994 articul.
653 3937 716 4002 8,
763 3939 901 3992 ritus
947 3941 1230 3995 ordinandi
1282 3935 1592 4008 pontiﬁcis:
1636 3935 1834 3990 (Tunc
1866 3940 1980 4006 epi-

409 4025 609 4078 scopus
641 4009 966 4078 Albanensis
1012 4012 1104 4064 dat
1151 4012 1451 4062 orationem
1489 4009 1749 4077 primam;
1787 4008 1980 4063 deinde

409 4077 698 4148 episcopus
757 4077 1078 4136 Portuensis
1129 4082 1222 4135 dat
1281 4080 1586 4132 orationem
1639 4079 1974 4139 secundam;

410 4153 756 4218 postmodum
788 4149 1130 4204 adducuntur
1165 4151 1472 4218 Evangelia.
1508 4160 1560 4204 et
1587 4149 1904 4217 aperiuntur
1929 4160 1981 4204 ct

413 4229 662 4276 tenentur
686 4236 850 4287 super
883 4233 1046 4286 caput
1072 4221 1226 4274 electi
1263 4239 1290 4273 a
1319 4221 1664 4282 diaconibus.
1695 4240 1712 4271 ι

486 4290 596 4354 (54)
637 4289 717 4342 Eu
743 4291 906 4346 verba
931 4292 1146 4346 Eusebii
1175 4291 1364 4344 Lutiuc
1393 4292 1598 4344 reddita
1633 4291 1724 4342 lib.
1751 4307 1802 4342 γι
1837 4289 1977 4344 Hist.

412 4362 732 4423 ecclesiast,
765 4377 882 4430 cap.
915 4365 984 4416 45
1005 4404 1020 4428 ,
1051 4379 1172 4430 pag.
1205 4363 1302 4415 511
1330 4381 1342 4414 :
1389 4381 1406 4411 ι
1439 4361 1544 4414 Eos
1586 4362 1914 4430 (episcopos)
1950 4377 1978 4414 a

415 4433 740 4500 quibusdam
777 4433 862 4484 sui
902 4433 1194 4494 similibus,
1230 4447 1368 4501 quos
1413 4434 1477 4485 ad
1515 4433 1564 4484 id
1607 4431 1979 4500 (Novatianus)

415 4511 852 4570 comparaverat,
889 4505 1132 4558 inclusos
1173 4505 1304 4556 hora
1353 4503 1600 4560 decima,
1653 4501 1980 4554 temulentos

414 4583 468 4624 et
492 4573 710 4640 crapula
751 4587 1061 4640 Oppressus,
1090 4575 1410 4626 adumbraaa
1449 4573 1704 4639 quadam,
1737 4581 1790 4623 et
1832 4572 1978 4624 inani

417 4659 676 4696 manuum
713 4641 1078 4709 impositione,
1117 4645 1488 4712 episcopatum
1515 4644 1618 4696 sibi
1647 4643 1860 4696 tradere
1889 4658 1982 4710 per

418 4715 635 4765 fraudes
653 4719 816 4780 atque
848 4714 1069 4767 insidias
1095 4715 1380 4766 Vindicat.)
1905 4739 1928 4755 ο

488 4784 600 4850 (55)
643 4782 698 4836 ln
734 4783 878 4836 uotis
906 4785 972 4838 ad
1013 4785 1156 4836 hunc
1187 4786 1361 4838 locum
1393 4803 1405 4836 :
1448 4803 1466 4834 ι
1497 4781 1886 4836 Adumbratam
1929 4790 1983 4836 et

417 4871 629 4908 cassam
663 4854 809 4906 illam
843 4854 1128 4908 Novatiani
1159 4855 1554 4907 onlinationcm
1597 4863 1752 4906 vocat
1778 4853 1984 4905 Corne-

419 4927 543 4988 lms,
576 4925 720 4992 quod
755 4925 894 4980 facta
924 4937 1066 4978 esset
1095 4925 1163 4976 ab
1191 4925 1414 4978 alterius
1445 4925 1734 4992 provincia:
1765 4923 1980 4992 cpisco-

417 4999 522 5062 pis,
562 5012 664 5046 non
694 4995 762 5048 ab
797 4995 860 5048 iis
901 4997 992 5062 qui
1033 4996 1387 5048 consecrandi
1433 4995 1658 5048 liomani
1711 4993 1982 5060 pontiﬁcis

415 5067 504 5134 jus
533 5066 828 5130 habebant;
862 5065 1129 5134 ejusmodi
1162 5076 1278 5118 crat
1312 5063 1600 5128 Ostiensis,
1637 5063 1976 5134 Tiburtinus,

418 5133 468 5188 ct
505 5137 617 5196 alii,
651 5155 666 5184 ι
697 5145 800 5186 etc.
831 5133 901 5188 De
933 5139 1036 5189 ritu
1070 5137 1420 5190 consecrandi
1451 5135 1680 5188 Romani
1711 5133 1982 5203 pontiﬁcis

417 5209 488 5258 ab
542 5206 847 5273 episcopis,
895 5207 1033 5260 inter
1081 5223 1218 5275 quos
1267 5207 1583 5260 Portuensis
1637 5215 1978 5275 intuleratur,

421 5277 678 5344 ll‘gt'liiills
707 5277 1052 5331 Christianus
1081 5273 1262 5345 Lupus
1292 5279 1450 5346 Oper.
1491 5287 1622 5330 toni.
1665 5273 1752 5340 Vl,
1785 5292 1838 5346 p.
1877 5276 1981 5329 5l5

417 5355 472 5413 et
502 5361 678 5413 seqq.,
707 5347 795 5398 ubi
827 5347 936 5410 agit
967 5349 1034 5400 de
1082 5349 1438 5401 concilialmlo
1478 5347 1814 5411 Brixincusi,
1847 5347 1976 5400 edit.

419 5411 636 5468 Venetae
661 5417 790 5468 auui
823 5417 983 5480 17-25,
1028 5428 1080 5470 et
1109 5420 1397 5472 Catalanus
1439 5419 1490 5471 in
1535 5417 1893 5472 Commentar.
1925 5418 1982 5469 in

419 5501 624 5538 (tm-em.
658 5497 857 5540 suurlw
883 5489 1131 5559 liontauw
1161 5487 1429 5552 Erc-‘esiw,
1457 5489 1550 5542 lib.
1582 5505 1618 5552 ι,
1643 5487 1669 5559 §
1691 5489 1772 5550 l5,
1797 5505 1848 5557 p.
1879 5488 1980 5540 109

419 5567 471 5608 et
498 5573 672 5624 si‘qq.,
715 5561 842 5611 edit.
889 5557 1072 5611 Roma!
1106 5559 1232 5610 anui
1267 5559 1420 5620 1750,
1460 5557 1660 5627 aliique
1703 5559 1976 5628 permulti,

420 5641 559 5694 quos
587 5630 814 5682 libenter
839 5631 1195 5696 prmterimus.
1227 5629 1318 5696 qui
1345 5630 1410 5681 dc.
1443 5646 1498 5683 re
1530 5631 1662 5684 satis
1710 5641 1832 5682 nota
1867 5645 1980 5681 ser-

421 5713 638 5768 monem
690 5699 1059 5752 instituerunt.
1124 5697 1466 5751 'l‘.burtiuum
1524 5701 1838 5768 episcopum
1887 5700 1979 5767 jus

423 5767 680 5822 habuisse
729 5769 784 5822 in
835 5771 1242 5824 consecratione
1297 5769 1527 5824 liomani
1577 5767 1866 5840 pontiﬁcis,
1923 5779 1980 5824 ut

2075 1882 2439 1952 paucissimos
2462 1895 2676 1950 semper
2702 1879 2908 1934 aluisse
2935 1877 3282 1930 habitatores.
3317 1891 3334 1923 ι
3359 1870 3492 1924 Erat
3518 1868 3650 1922 Por-

2077 1983 2166 2028 tus
2197 1971 2464 2028 Ostiensis
2491 1989 2522 2026 a
2561 1971 2788 2026 Claudio
2815 1977 3196 2032 constructus,
3229 1981 3258 2018 a
3294 1963 3536 2032 Trojano
3567 1975 3650 2014 re-

2079 2075 2322 2137 paratus,
2355 2065 2508 2134 gravi
2537 2077 2592 2119 et
2633 2063 2944 2118 inclementi
2971 2060 3084 2116 acri
3129 2057 3424 2120 obnoxius,
3469 2063 3530 2108 et
3559 2051 3650 2122 qui

2077 2161 2442 2230 paucissimos
2489 2175 2705 2230 semper
2747 2157 2882 2212 aluit
2935 2156 3214 2226 indigenas
3265 2161 3318 2207 et
3367 2151 3600 2206 incolas.
3629 2169 3646 2200 ι

2075 2253 2234 2307 Aeris
2263 2253 2408 2306 enim
2445 2251 2808 2314 inelementia,
2841 2265 2962 2319 qum
3003 2263 3148 2301 nunc
3187 2261 3283 2314 per
3311 2259 3506 2314 agrum
3541 2241 3650 2294 Ro-

2077 2361 2299 2400 manum
2327 2345 2398 2398 ob
2429 2345 2726 2414 neglectam
2765 2344 2938 2412 ipsius
2959 2342 3233 2396 culturam
3259 2339 3418 2406 longe
3439 2338 3652 2404 lateque

2085 2447 2396 2508 grassatur,
2451 2437 2508 2492 S.
2559 2435 2826 2506 Hippolyti
2886 2449 3001 2488 aevo
3051 2431 3314 2485 Romanis
3343 2429 3652 2496 exterisque

2077 2533 2320 2586 inaudita
2359 2531 2477 2585 fuit.
2511 2529 2770 2583 Minutius
2815 2527 2962 2584 Felix
2991 2527 3049 2582 S.
3087 2523 3356 2595 llippolyti
3389 2521 3634 2592 synrhro

2077 2643 2182 2680 nus
2231 2625 2630 2678 vindemiarum
2685 2633 2928 2690 tempore
2975 2635 3070 2691 per
3099 2621 3266 2676 otium
3317 2614 3530 2670 Ostiam
3573 2628 3638 2666 se

2079 2719 2242 2772 cessit
2268 2733 2390 2772 eum
2423 2715 2650 2770 Octavio
2680 2731 2742 2770 ac
2773 2713 2992 2770 Caecilio
3032 2711 3232 2778 Natali,
3264 2711 3558 2780 ipsamque
3585 2707 3652 2760 ob

2079 2809 2222 2863 acris
2265 2809 2636 2862 salubritatem
2687 2819 2848 2877 atque
2891 2806 3233 2860 clementiam
3267 2802 3472 2856 eximie
3503 2815 3648 2854 com-

2083 2901 2322 2954 mendat.
2353 2899 2431 2953 Eu
2480 2901 2612 2954 tanti
2667 2899 2949 2968 scriptoris
2979 2898 3142 2952 verba
3187 2894 3336 2964 (57):
3381 2913 3402 2945 ι
3447 2893 3652 2947 Placuit

2083 2994 2290 3049 Ostiam
2324 3003 2524 3062 petere,
2555 2993 2968 3046 animnissimam
3003 2991 3296 3050 civitatem,
3333 2985 3484 3055 quod
3518 2993 3652 3039 esset

2083 3089 2296 3157 corpori
2327 3103 2448 3140 meo
2477 3087 2750 3142 siccandis
2781 3085 3102 3139 humoribus
3136 3083 3206 3138 de
3241 3081 3476 3136 marinis
3513 3080 3640 3132 lara-

2081 3181 2188 3236 cris
2221 3179 2417 3236 blanda
2449 3192 2502 3234 et
2546 3180 2794 3250 apposita
2827 3178 3076 3242 curatio;
3107 3195 3126 3226 ›
3159 3183 3214 3229 et
3257 3173 3450 3244 paucis
3493 3173 3642 3226 inter

2081 3447 2270 3502 scribit
2313 3447 2514 3500 citatus
2547 3443 2819 3511 Valesius,
2861 3444 3049 3498 uullibi
3083 3443 3242 3498 nobis
3287 3443 3532 3514 reperire
3563 3445 3656 3500 da-

2079 3527 2192 3573 tum
2225 3527 2325 3570 est.

2153 3589 2266 3656 (36)
2307 3586 2623 3640 Portuensis
2649 3585 2902 3640 Ecirlesim
2933 3585 3234 3653 antiquitas
3263 3585 3344 3640 vel
3387 3587 3559 3642 etiam
3589 3587 3659 3642 ab

2079 3675 2144 3712 eo
2181 3658 2588 3728 cotuproliattlt,
2619 3659 2762 3728 quod
2809 3657 3210 3724 antiquissimis
3246 3657 3412 3710 etiam
3449 3667 3660 3728 tenipoc

2081 3731 2232 3784 ribus
2265 3727 2560 3781 Christiani
2593 3729 2643 3778 in
2683 3727 2844 3780 Portu
2881 3728 3126 3780 liotnano
3153 3728 3485 3791 exstiterint,
3521 3727 3660 3798 quo-

2079 3815 2201 3854 rum
2247 3799 2492 3852 nonnulli
2531 3799 2774 3868 martyrii
2813 3799 3047 3863 palmam
3089 3807 3220 3852 sunt
3255 3802 3534 3863 assecuti,‘
3563 3801 3658 3868 qui

2083 3869 2136 3922 in
2165 3868 2549 3937 Martyrologio
2583 3867 2832 3922 Romano
2861 3878 2988 3922 smtt
3036 3869 3314 3936 descripti.
3367 3869 3484 3924 Sub
3521 3867 3658 3924 Tra-

2077 3941 2208 4008 jano
2257 3940 2586 4008 imperatore
2629 3937 2990 4009 Hyacinthum
3045 3947 3337 4009 martyrem
3383 3940 3440 3992 in
3487 3939 3654 3994 Portu

2087 4011 2339 4080 Romano
2372 4009 2576 4080 obiisse
2617 4008 2688 4061 in
2719 4008 3104 4080 Martyrologio
3157 4008 3408 4080 liomano
3447 4011 3536 4065 die
3587 4012 3660 4066 9.6

2082 4079 2208 4134 Julii
2241 4079 2493 4148 legimus,
2537 4079 2745 4148 dequo
2791 4077 2952 4132 etiam
3001 4079 3112 4147 agit
3159 4077 3465 4142 Usuardus,
3515 4081 3654 4146 Ado,

2083 4147 2528 4220 Martyrologium
2557 4147 2844 4208 Fuldcnse.
2862 4159 2932 4220 iet
2957 4150 3050 4202 alii
3077 4151 3426 4204 recentiores.
3457 4151 3660 4207 Viden-

2084 4219 2400 4290 dusliiorgi
2439 4221 2492 4273 iu
2539 4223 2684 4290 notis
2728 4221 2791 4272 ad
2831 4219 3270 4290 Itlartyrologium
3319 4221 3534 4276 Adonis
3571 4225 3658 4276 die

2084 4291 2152 4342 ‘26
2187 4289 2336 4346 Julii.
2371 4307 2422 4358 p.
2455 4291 2580 4352 535$,
2621 4289 3002 4342 Tilleutoutitts
3040 4301 3170 4342 lout.
3221 4291 3298 4350 ll,
3335 4306 3388 4358 p.
3427 4293 3572 4356 575,
3605 4303 3658 4346 et.

2085 4361 2422 4414 Bollandiaui
2475 4362 2604 4414 socii
2657 4363 2742 4412 die
2791 4361 2860 4412 ‘26
2923 4359 3057 4426 Jul.,
3105 4361 3223 4414 Act.
3285 4361 3386 4416 SS.
3449 4366 3657 4418 mensis

2085 4431 2234 4490 Julii,
2275 4445 2408 4484 tom.
2453 4429 2536 4490 Vl,
2567 4447 2686 4498 pag.
2740 4431 2843 4484 5υῦ
2883 4433 3014 4486 edit.
3067 4431 3278 4486 Venetae
3321 4435 3451 4486 attni
3493 4435 3653 4490 l7i9.

2019 4500 2054 4548 ἶ.)
2083 4502 2484 4572 Quinquaginta
2519 4503 2715 4572 milites
2749 4511 3012 4572 martyres
3041 4503 3094 4555 in
3129 4505 3512 4570 perserutione
3553 4505 3657 4558 Va-

2087 4573 2274 4625 leriani
2313 4573 2362 4622 in
2393 4571 2496 4623 l’or
2525 4588 2554 4624 u
2599 4571 2844 4623 ltoinauo
2881 4571 3094 4625 occisos
3133 4574 3298 4626 rel'crt
3334 4575 3476 4627 idem
3510 4575 3658 4628 Mar-

2084 4643 2409 4714 tyrologium
2455 4641 2760 4714 Romanum
2777 4643 2878 4714 _die
2917 4643 2950 4694 8
2989 4643 3140 4704 Julii,
3187 4655 3236 4696 et
3269 4645 3356 4696 die
3397 4646 3464 4698 13)
3508 4647 3658 4714 ejus-

2083 4711 2204 4766 dem
2237 4713 2502 4764 incudem
2553 4711 2644 4763 l‘m
2663 4722 2716 4764 tu
2777 4711 3024 4766 Romano
3077 4715 3275 4768 natalis
3331 4711 3654 4770 sanctoium

2085 4791 2384 4852 martyrum
2417 4782 2696 4852 Eutropii,
2753 4783 2984 4837 Zosima:
3019 4795 3072 4838 et
3125 4784 3354 4838 Bonosa:
3395 4803 3656 4841 sororum

2083 4854 2428 4924 describitur.
2495 4855 2624 4906 Item
2683 4855 2756 4907 ‘22
2811 4857 3040 4924 Augusti
3101 4856 3156 4908 in
3233 4856 3424 4908 eodem
3481 4857 3656 4911 Porto

2087 4923 2331 4994 Romano
2363 4924 2621 4976 memoria
2649 4923 2960 4979 sanctorum
3017 4935 3311 4994 martyrum
3363 4925 3653 4992 Martialis,

2087 4993 2388 5056 Saturnini,
2419 4994 2678 5064 Epicteti,
2712 4995 2954 5066 lilapriiis
2984 5009 3036 5049 et
3089 4993 3282 5048 Felicis
3321 5013 3447 5066 cum
3483 5002 3658 5052 sociis

2083 5081 2296 5128 eorum,
2325 5067 2579 5119 habetur.
2613 5065 2862 5121 Secunda
2892 5067 3066 5120 Martii
3107 5068 3158 5119 in
3201 5067 3362 5121 Purtu
3393 5065 3657 5122 Romano

2085 5145 2300 5208 sanctos
2325 5146 2592 5208 martyres
2627 5137 2874 5200 Paulum,
2909 5137 3239 5202 Heraclium,
3273 5135 3656 5194 Secundillam

2083 5216 2137 5259 et
2191 5205 2506 5260 Januarium
2558 5219 2772 5262 notatos
2837 5209 3190 5273 invenimus;
3251 5211 3336 5263 die
3381 5211 3454 5261 ‘24
3519 5210 3654 5264 Maii

2086 5275 2508 5350 >S.Vinccntium
2537 5291 2843 5350 martyrem.
2863 5288 2916 5332 et
2937 5281 3123 5348 quinta
3145 5280 3376 5350 denique
3399 5281 3658 5348 Septem-

2083 5348 2492 5422 ln'isusanctum
2536 5348 3294 5422 Herculanum__martyrem(
3325 5353 3398 5405 De
3446 5355 3658 5422 quibus

2083 5419 2338 5474 onmibus
2361 5421 2566 5492 legendi
2587 5431 2713 5475 sunt
2741 5421 2902 5484 Beda,
2927 5419 3228 5492 Usuardus,
3247 5421 3386 5492 Ado,
3416 5419 3652 5492 aiiique.

2083 5505 2331 5564 necnon
2356 5490 2634 5564 liaronius
2663 5493 2714 5544 in
2761 5494 2901 5564 notis
2935 5491 3002 5564 ad
3035 5491 3505 5564 Martyrologium,
3537 5490 3658 5546 Do-

2083 5561 2316 5634 minicus
2345 5561 2536 5634 Giorgi
2567 5563 2620 5614 in
2669 5564 2782 5634 suis
2814 5563 2880 5634 ad
2927 5563 3131 5634 Adonis
3171 5561 3654 5634 Martyrologium,

2085 5627 2346 5702 Sollcrius
2381 5633 2446 5684 ad
2484 5627 2928 5702 Martyrologium
2976 5633 3208 5687 Usuardi
3247 5627 3656 5700 natationibus,

2081 5711 2132 5755 et
2173 5701 2504 5754 Bollandiaui
2541 5701 2673 5756 socii
2705 5704 2756 5755 iu
2787 5701 3036 5770 superius
3073 5703 3354 5758 recensitis
3391 5705 3616 5760 diebus.

2153 5772 2264 5843 (57)
2309 5771 2336 5842 §
2365 5773 2418 5837 ἓ,
2453 5789 2568 5840 pug.
2599 5774 2664 5827 ‘i-l
2689 5775 2812 5827 edit.
2845 5775 3202 5842 Cautubrigim
3231 5791 3320 5828 an.
3357 5775 3492 5830 17ϋῖ
