3826 6480
141 296 220 351 557
878 289 966 344 DE
1005 287 1398 346 PORTUENSI
1434 289 1490 344 S.
1535 287 1899 344 lllPPOLYTl
1939 288 2129 344 SEDE.
2165 320 2232 329 —
2266 287 2447 344 PARS
2485 287 2546 342 11.
2603 257 2609 265 .

3217 286 3320 343 558

134 417 261 486 jectis
285 432 297 468 :
327 430 345 463 ι
373 410 541 481 itaque
567 426 691 464 cum
723 410 962 467 diluculo
983 411 1050 468 ad
1083 427 1234 466 mare
1253 412 1642 467 inambulando
1673 415 1716 471 Α
1742 427 1863 481 qua:
1890 413 1958 467 de
1989 411 2304 480 huiusmodi
2333 409 2688 480 antiquorum
2711 408 2956 479 collegiis
2983 407 3084 465 viri
3115 409 3320 463 doctis-

138 511 279 563 littore
303 519 650 576 pergeremus,
675 514 734 559 ut
757 515 809 559 et
830 521 963 559 aura
987 505 1236 574 aspirans
1256 505 1445 560 leniter
1466 520 1641 560 mem-

136 603 209 656 bra
236 605 494 669 vegetaret,
520 608 573 650 et
599 613 723 652 cum
751 597 950 652 eximia
983 598 1256 667 voluptate
1293 598 1443 652 molli
1477 600 1642 653 vesti-

137 695 204 764 gio
243 693 418 744 cedens
444 704 601 743 arena
650 690 1034 745 subsisteret...
1066 709 1085 741 ›
1139 689 1429 758 Pet-pensis
1478 690 1643 760 igitur

135 783 309 838 eximiis
344 782 482 836 hisce
513 779 561 833 Μ
572 782 726 835 inutii
751 783 950 846 verbis,
980 783 1104 851 quis
1138 797 1378 851 unquam
1401 783 1467 836 de
1496 782 1644 835 salu-

137 877 291 928 britate
316 872 497 927 Portus
523 871 751 926 Romani
784 873 948 928 Ostia:
976 874 1190 927 finitimi
1222 883 1364 928 recte
1397 874 1647 928 dubitare

135 967 332 1037 poterit?
361 965 691 1036 Quapropter
717 967 840 1035 jure
887 981 950 1020 ac
989 967 1187 1022 merito
1224 966 1463 1022 Iacobus
1502 966 1643 1020 Gro-

135 1059 290 1111 novius
331 1058 754 1126 patentissimum
804 1057 1003 1130 Moynii
1057 1059 1266 1128 lapsum
1320 1059 1546 1128 castigat
1591 1058 1643 1110 in

135 1154 246 1205 notis
264 1153 322 1205 ad
346 1152 482 1205 hunc
514 1150 726 1205 Minutii
761 1152 941 1205 locum
968 1153 1053 1208 his
1075 1153 1285 1207 verbis:
1315 1170 1332 1202 ι
1356 1153 1492 1206 Cum
1519 1166 1646 1204 vero

134 1246 298 1300 Ostiam
329 1245 396 1298 ita
427 1244 702 1299 cernimus
730 1245 799 1299 ab
823 1254 1047 1300 auctore
1072 1244 1424 1314 descriptam,
1455 1255 1512 1298 ut
1537 1259 1645 1296 non

133 1336 262 1389 modo
304 1336 722 1390 amoenissimam
764 1351 963 1391 vocare
1003 1336 1295 1400 censuerit,
1341 1336 1434 1390 sed
1481 1337 1644 1390 etiam

132 1431 570 1495 commendaverit;
602 1441 715 1485 tum
757 1446 786 1484 a
825 1431 1054 1486 marinis
1097 1431 1304 1485 balneis
1326 1470 1340 1494 ,
1369 1438 1486 1483 tum
1519 1443 1648 1483 vero

132 1523 185 1577 ab
208 1537 351 1587 aura;
398 1522 522 1578 hinc
563 1521 718 1578 fateri
759 1538 946 1593 cogor,
979 1538 1066 1577 me
1095 1525 1343 1588 nescire,
1395 1538 1464 1575 an
1509 1522 1648 1575 ratio

132 1631 208 1669 sua
254 1616 537 1670 constiterit
595 1615 968 1670 eruditissimo
1035 1615 1307 1685 quondam
1361 1623 1552 1669 nostro
1600 1614 1648 1667 le

134 1705 300 1776 iloyne,
329 1721 443 1761 cum
469 1707 522 1760 in
550 1705 954 1778 Prolegomenis
984 1708 1048 1761 ad
1081 1706 1248 1760 Varia
1273 1724 1446 1771 sacra,
1475 1722 1531 1776 p.
1552 1706 1642 1771 20,

132 1800 336 1868 scripsit:
375 1818 393 1850 ι
430 1797 560 1853 Erat
616 1798 814 1854 Portus
861 1797 1129 1854 Ostiensis
1178 1816 1208 1854 a
1241 1799 1468 1854 Claudio
1518 1815 1652 1853 con-

137 1897 405 1951 istructus,
454 1903 483 1942 a
540 1888 778 1958 Traiano
824 1898 1138 1958 reparatus,
1191 1889 1339 1958 gravi
1388 1899 1443 1942 et.
1483 1890 1651 1944 incle-

135 1999 148 2030 ι
181 1981 317 2034 menti
342 1981 446 2034 aeri
475 1982 782 2043 obnoxius,
816 1991 870 2035 et
896 1982 988 2050 qui
1037 1981 1398 2050 paucissimos
1439 1995 1652 2050 semper

134 2073 290 2126 caluit
338 2073 616 2142 indigenas
664 2081 719 2128 et
768 2074 994 2128 incolas.
1027 2091 1045 2124 ι
1098 2072 1275 2126 Credo
1321 2072 1653 2141 frequentio-

131 2179 217 2216 rem
243 2163 432 2218 Ostiam
466 2163 659 2231 fuisse,
686 2180 786 2220 nec
828 2174 1011 2218 tamen
1062 2163 1358 2234 Procopius
1378 2206 1392 2228 ,
1439 2175 1531 2218 aut
1562 2165 1651 2218 alii

131 2253 318 2316 Ostiam,
349 2257 427 2310 vel
473 2256 700 2310 Portum
748 2258 828 2313 sic
865 2257 1196 2327 deprimunt.
1224 2276 1242 2308 ι
1281 2255 1405 2311 Haec
1443 2255 1654 2312 Grono-

128 2346 237 2397 vius.
272 2343 454 2400 Verum
490 2348 538 2401 si
573 2347 696 2415 quis
740 2361 852 2402 rem
882 2347 1044 2402 altius
1069 2346 1394 2416 disquirere,
1425 2354 1479 2400 et
1509 2347 1653 2401 aeris

131 2436 438 2491 inclementia:
490 2439 800 2507 originem,
848 2454 954 2507 qua
1003 2454 1149 2493 nunc
1200 2452 1327 2507 ager
1371 2436 1651 2492 Romanus

130 2527 320 2595 laborat,
346 2531 675 2598 perscrutari
697 2531 874 2597 vellet,
907 2532 1067 2599 legat,
1105 2531 1150 2585 si
1184 2531 1352 2594 lubet,
1377 2530 1650 2584 eruditum

127 2617 310 2675 Joannis
333 2621 583 2691 Baptistae
602 2623 758 2678 Donii
784 2624 1026 2678 libellum
1051 2622 1122 2676 De
1142 2621 1514 2676 insalubritate
1537 2623 1653 2691 agri

130 2712 342 2777 Romani,
389 2725 442 2768 et
490 2715 882 2784 sapientissimi
956 2715 1056 2768 viri
1112 2713 1439 2768 Ferdinandi
1501 2716 1650 2768 card.

129 2803 272 2874 Nuptii
295 2808 727 2877 disquisitionem
752 2807 831 2861 De
860 2806 1084 2860 Ποιηαηὶ
1113 2808 1230 2878 agri
1264 2807 1472 2861 cultura
1503 2809 1656 2861 resti-

129 2896 319 2949 luenda:
359 2898 501 2966 quod
562 2913 694 2951 vero
746 2897 1065 2966 paucissimi
1125 2897 1384 2952 mortales
1430 2897 1651 2952 Portum

130 2983 387 3040 Romanum
438 2997 572 3042 tunc
619 2989 882 3056 temporis
928 2987 1258 3052 habitarent,
1295 2989 1397 3042 hoc
1449 2991 1653 3042 nemini

130 3080 316 3146 probare
338 3082 530 3150 poterit
560 3079 840 3150 Moynlus;
866 3079 992 3148 quis
1020 3079 1166 3132 enim
1197 3080 1298 3134 sibi
1332 3081 1654 3149 persuadeat

128 3172 494 3228 celeberrimum
528 3173 718 3228 mundi
750 3182 966 3241 portum
991 3171 1058 3226 ad
1081 3188 1242 3241 quem
1275 3189 1500 3237 merces,
1533 3189 1654 3242 qua:

127 3275 178 3314 ex
200 3271 298 3317 toto
323 3274 594 3318 terrarum
625 3265 762 3318 orbe
812 3263 1042 3318 Romam
1092 3265 1330 3334 gentium
1377 3265 1652 3319 dominam

129 3358 607 3426 comportabantur,
642 3357 912 3427 appellere
945 3372 1171 3412 necesse
1212 3369 1350 3421 erat,
1391 3359 1528 3413 adeo
1570 3359 1654 3412 in—

128 3449 232 3502 colis
259 3450 593 3512 destitutum,
643 3461 704 3503 ut
733 3449 1095 3518 paucissimos
1139 3459 1347 3503 tantum
1403 3452 1656 3504 mortales

128 3538 288 3595 aluisse
308 3543 636 3597 credendum
659 3542 771 3595 sit?
805 3540 859 3594 Si
885 3542 1136 3610 antiquos
1163 3541 1368 3610 lapides
1397 3542 1658 3611 tantisper

128 3632 438 3697 consulimus,
469 3649 583 3687 non
608 3633 840 3702 exiguus
874 3634 1056 3686 statim
1081 3633 1364 3687 hominum
1400 3649 1658 3687 numerus

129 3725 332 3793 emergit,
365 3727 456 3795 qui
494 3725 732 3795 publicis
774 3725 1155 3778 tantummodo
1201 3723 1400 3778 Portus
1426 3724 1655 3779 Romani

131 3815 283 3870 usibus
303 3818 555 3872 destinati
591 3816 762 3880 fuere,
797 3833 1031 3885 quorum
1061 3833 1311 3886 corpora,
1341 3818 1455 3872 sive
1498 3817 1658 3871 colle—

129 3906 195 3973 qia
220 3908 266 3960 in
297 3910 484 3964 iisdem
519 3911 892 3964 monumentis
915 3925 1056 3979 sape
1086 3919 1479 3976 memorantur,
1515 3911 1663 3964 scili-

131 4008 194 4050 cet
225 3999 483 4056 fabt-orunt
507 4045 521 4068 ,
577 4003 934 4068 tignariorum
960 4043 974 4066 ,
1024 4001 1416 4067 ferrariorum,
1453 4003 1661 4056 tabula-

129 4092 315 4158 riornm,
347 4111 690 4158 mcnsorum,
732 4096 1012 4149 fabrorum
1049 4095 1322 4148 navalium
1351 4094 1488 4164 (58),
1528 4096 1662 4148 alio-

132 4197 339 4254 rumque,
369 4204 607 4256 quorutn
637 4203 922 4241 numerum
958 4202 1022 4240 ex
1049 4187 1114 4241 iis
1143 4187 1394 4256 colligere
1440 4185 1521 4240 l'as
1555 4196 1659 4254 est,

186 4403 280 4468 (58)
317 4406 453 4474 Lege
488 4409 782 4462 Gruterum
815 4425 868 4476 ρ.
894 4408 1020 4472 457,
1059 4425 1209 4462 num.
1239 4410 1292 4474 ‘2,
1332 4409 1422 4462 ubi
1461 4410 1512 4463 in
1545 4411 1659 4464 basi

129 4483 286 4546 statua:
308 4488 530 4546 reperta:
553 4496 645 4531 an.
674 4479 810 4532 1590
833 4477 1026 4532 Ostiae:
1066 4479 1317 4532 Fabrum.
1351 4480 1659 4535 Navalium.

131 4541 333 4616 Portens.
365 4541 610 4616 'Corpus.
675 4547 929 4601 Fubrum.
992 4548 1277 4601 Navalium
1331 4551 1558 4605 Ostiens.
1611 4561 1664 4605 et

129 4615 294 4691 133462,
315 4636 364 4671 n.
391 4619 413 4669 1
443 4637 458 4691 ξ
490 4615 780 4691 Mensores.
814 4618 945 4691 {\"os.
966 4620 1301 4691 l’ortuensea.
1324 4622 1464 4688 quib.
1495 4633 1658 4675 vetus.

125 4683 207 4765 fuit
247 4703 371 4765 cum.
427 4689 772 4765 Caudicoriis
812 4689 1188 4765 Diuturnumq.
1236 4680 1544 4744 Luctamen.
1589 4691 1662 4744 De

129 4753 333 4829 cuilrgiis
380 4760 774 4826 supr-ascriptis
819 4761 984 4813 multa
1020 4753 1255 4827 reperies
1290 4762 1430 4829 apud
1464 4761 1661 4816 Grute—

129 4835 227 4902 futui
238 4828 484 4902 aliosque
519 4829 935 4902 inscriptionum
967 4831 1302 4902 eolleclor'es.

185 4896 284 4972 (59)
309 4896 433 4972 μη).
470 4915 584 4959 xw.
609 4896 720 4972 Alit:
740 4898 994 4972 leg.
1026 4901 1090 4963 1,
1137 4916 1257 4972 pag.
1293 4900 1419 4965 291,
1461 4910 1593 4955 tom.
1621 4902 1662 4955 V

127 4964 235 5036 edit.
270 4967 456 5036 Lipsize
486 4970 620 5021 anni
659 4969 814 5022 1741.
848 4969 918 5023 De
945 4964 1271 5024 catttdicatiis
1304 4982 1356 5024 et
1387 4964 1661 5025 mensori-

127 5030 603 5109 busl’ortitensibus
626 5041 802 5108 agitur
825 5041 1008 5092 eodem
1041 5041 1134 5094 lib.
1163 5057 1270 5102 xw,
1298 5043 1378 5094 tit.
1398 5042 1451 5097 4.
1479 5043 1581 5109 leg.
1607 5044 1660 5105 9,

127 5113 228 5178 pag.
253 5107 370 5169 200,
404 5111 495 5163 ubi
538 5107 800 5178 legequa:
835 5111 936 5163 hoc
975 5111 1095 5165 loco
1124 5120 1175 5164 et
1215 5112 1342 5165 alibi
1380 5129 1409 5166 a
1454 5107 1662 5167 Goiho-

129 5170 252 5227 aeto
282 5170 632 5233 adnotantur.

184 5244 278 5312 (60)
309 5247 371 5300 In
393 5249 676 5311 Paratitl.,
702 5249 794 5302 lib.
820 5266 931 5314 xw,
966 5249 1045 5303 tit.
1070 5250 1252 5317 l,lege
1274 5252 1320 5314 l,
1347 5252 1413 5305 de
1443 5253 1660 5314 suat-iis,

129 5321 384 5391 pecuariis.
419 5321 924 5391 lfl__stinC€[)l.()t'iilUS
953 5323 1084 5386 vini,
1115 5325 1433 5391 caeterisun
1463 5339 1662 5391 corpo-

129 5386 256 5459 ralis,
291 5399 416 5442 tom.
461 5389 528 5449 ν,
555 5386 688 5459 pag.
715 5391 835 5444 188.

186 5457 282 5522 (61)
321 5459 439 5511 Lib.
479 5477 589 5524 xiv,
631 5457 715 5513 iit.
751 5462 841 5524 2:5,
877 5461 976 5528 leg.
1017 5462 1066 5522 l,
1115 5462 1166 5514 in
1208 5462 1397 5514 eodem
1433 5471 1562 5515 tom.
1597 5463 1662 5524 V,

407 5529 541 5584 Vide
569 5534 729 5584 ctiam
766 5548 887 5599 quae
919 5532 1016 5586 hoc.
1045 5533 1096 5585 in
1141 5534 1260 5586 loco
1297 5533 1664 5590 G..:lhol'rcdus

131 5621 141 5644 i
169 5612 206 5648 2.
230 5615 255 5648 lt
281 5617 290 5648 l
322 5639 334 5648 .

131 5605 334 5651 iladltlil.

185 5670 281 5726 iii-1)
323 5671 375 5723 In
411 5672 559 5724 notis
595 5671 659 5724 ad
709 5672 930 5725 citatum
979 5673 1156 5727 locum
1206 5671 1412 5726 Minutii
1445 5673 1660 5734 Felicis.

135 5731 155 5804 ς
194 5737 240 5792 2.
286 5742 598 5811 Serapidem
647 5759 754 5796 non
783 5743 941 5812 longe
991 5759 1020 5797 a
1069 5741 1234 5805 Portu
1300 5741 1547 5799 Romano
1597 5731 1663 5800 ad

1748 502 1874 556 simi
1915 501 2272 557 tradiderunt.
2322 500 2419 556 His
2451 501 2615 554 etiant
2656 499 2917 570 iungendi
2957 509 3083 554 sunt
3129 502 3317 554 caudi-

1749 593 1906 658 carii,
1943 593 2169 648 saccarii
2203 593 2400 646 Portus
2437 591 2653 655 Romae,
2699 607 2934 661 quorum
2977 589 3180 645 mentio
3225 591 3320 644 lia-

1748 685 1906 740 betur
1934 686 1988 739 in
2019 685 2209 738 Codice
2239 684 2628 741 Theodosiano
2664 683 2802 752 (59).
2832 680 3037 736 Horum
3089 695 3320 749 corpora

1749 791 2041 830 numerosa
2097 774 2266 829 fuisse
2309 783 2452 828 recte
2509 783 2694 828 monet
2743 771 2980 826 Jacobus
3029 770 3322 825 Gothofre-

1747 867 1850 921 dus
1898 865 2032 935 (60),
2080 876 2268 936 utpote
2323 866 2415 935 qui
2468 880 2744 919 annonam
2802 863 3048 932 aliasque
3110 877 3324 916 merces

1753 955 1912 1013 Urbis
1954 959 2145 1014 usibus
2192 959 2493 1013 destinatas
2532 958 2708 1012 saccis
2733 966 2787 1010 et
2825 955 3134 1010 minoribus
3171 955 3324 1009 navi-

1749 1053 1851 1120 giis
1889 1053 2267 1122 asportabant.
2304 1053 2616 1121 Praecipuos
2671 1052 2835 1104 etiam
2881 1028 3238 1120 magistratus
3266 1049 3322 1101 in

1749 1143 1914 1197 Portu
1944 1143 2192 1196 Romano
2223 1143 2525 1196 destinatos
2548 1142 2706 1196 nobis
2731 1140 3038 1209 suppeditat
3066 1140 3324 1194 idemmet

1749 1238 1926 1292 Codex
1961 1236 2476 1300 Theodosianus,in
2514 1251 2624 1306 quo
2667 1244 2847 1289 exstat
2893 1234 3086 1289 titulus
3119 1233 3195 1287 De
3228 1250 3326 1303 pa-

1751 1330 1916 1381 tronis
1975 1329 2287 1381 horreorum
2334 1326 2710 1380 Portueusium
2753 1325 2900 1396 (61),
2942 1325 3034 1393 qui
3096 1338 3326 1377 annona:

1750 1429 2049 1490 praeerant;
2102 1428 2484 1490 procuratores
2526 1418 2728 1472 Portus
2760 1417 3030 1472 Ostiensis
3069 1415 3326 1469 exhibent

1749 1514 1912 1568 etiam
1949 1513 2187 1581 antiquae
2229 1512 2648 1581 inscriptiones;
2691 1510 3003 1564 sacerdotes
3048 1508 3326 1578 Serapidis

1750 1605 1898 1658 cultu
1940 1605 2279 1672 mancipatos
2306 1604 2540 1673 legimus
2575 1603 2628 1654 in
2672 1617 2835 1671 supra
2871 1601 3089 1656 laudata
3131 1599 3328 1652 inseri-

1752 1697 1935 1765 ptione
1979 1697 2121 1765 apud
2163 1696 2428 1764 Sponium
2455 1737 2469 1760 ,
2511 1695 2669 1764 cujus
2712 1695 3002 1764 genuinam
3039 1693 3326 1746 lectionem

1682 1763 1720 1819 Β
1753 1791 2024 1844 immerito
2047 1792 2100 1843 in
2123 1790 2346 1844 dubium
2377 1801 2570 1842 vocant
2603 1787 2871 1851 nonnulli,
2895 1786 2988 1856 qui
3014 1799 3111 1855 pro
3137 1783 3328 1848 Porm,

1753 1883 1982 1937 Pontum
2027 1882 2311 1952 legendum
2360 1896 2482 1935 esse
2530 1887 2851 1942 autumant,
2904 1879 3053 1931 nullo
3107 1876 3328 1946 quidem

1753 1976 1981 2030 rationis
2017 1984 2317 2038 momento,
2352 1988 2464 2043 quo
2511 1973 2745 2042 primam
2797 1971 2990 2040 Sponii
3039 1969 3326 2023 lectionem

1752 2063 2146 2117 immutandani
2175 2077 2296 2116 esse
2325 2061 2498 2114 doctis
2524 2060 2655 2112 viris
2688 2059 3070 2128 persuadeant.
3093 2057 3328 2116 Etenim.

1753 2163 1812 2208 tit
1845 2153 1979 2208 scite
2005 2153 2258 2208 observat
2286 2150 2525 2207 Jacobus
2560 2149 3020 2220 Gronovius(62),
3053 2148 3330 2218 Serapidis

1754 2248 2012 2316 templum
2071 2261 2178 2298 non
2234 2245 2397 2300 modo
2446 2246 2586 2314 apud
2659 2245 2990 2312 Sinopenses
3041 2245 3094 2298 in
3154 2244 3331 2298 Ponto

1751 2339 1976 2404 exstitit,
2004 2354 2190 2392 verum
2217 2339 2380 2391 etiam
2423 2354 2530 2391 non
2571 2338 2729 2406 longe
2773 2353 2804 2390 a
2843 2336 3011 2391 Portu
3057 2335 3327 2400 Romano,

1752 2433 2214 2502 quemadmodum
2256 2448 2319 2486 ex
2369 2431 2600 2485 Miuutio
2637 2432 2994 2496 deducimus,
3036 2430 3128 2500 qui
3166 2429 3328 2484 Scra-

1754 2525 1896 2594 pidis
1927 2525 2280 2580 simulacrum
2314 2540 2423 2578 non
2472 2525 2630 2594 longe
2673 2525 2742 2578 ab
2795 2521 2947 2579 Ostia
2997 2536 3334 2578 commemo-

1755 2628 1860 2671 rat.

1826 2709 1884 2764 S.
1910 2709 2294 2781 Hieronymus,
2323 2709 2374 2762 in
2406 2707 2634 2778 epistola
2667 2708 2731 2761 ad
2750 2704 3160 2760 Pammachium
3196 2703 3330 2772 (65),

1756 2805 2161 2860 xenodochium
2217 2805 2284 2857 ab
2339 2805 2445 2856 hoc
2489 2801 2835 2856 nobilissimo
2883 2800 3001 2854 viro
3059 2800 3112 2852 in
3165 2797 3332 2850 Portu

1756 2897 2006 2952 Romano
2049 2905 2386 2950 exstructum
2448 2901 2736 2946 memorat.
2776 2889 2834 2945 S.
2867 2890 3192 2944 Ambrosius
3221 2889 3334 2956 (61)

1757 3005 1940 3057 operas
1967 2988 2280 3040 Porluenses
2308 2986 2574 3046 nominat,
2607 2992 2659 3036 et
2686 2983 3080 3052 Pliilostorgius
3105 2982 3240 3051 (65),
3269 2983 3336 3034 de

1758 3082 1975 3135 Alarico
2009 3081 2259 3148 loquens,
2297 3078 2388 3146 qui
2436 3075 2657 3130 Portum
2693 3075 2998 3129 Romanum
3047 3084 3099 3126 et
3142 3074 3335 3126 urbem

1757 3175 1928 3243 ipsam
1971 3171 2324 3226 Portucnsem
2367 3171 2483 3226 dira
2521 3169 2808 3224 obsidione
2843 3167 3063 3227 devicit,
3098 3166 3211 3219 haec
3252 3165 3337 3217 in-

1756 3266 1907 3334 quit:
1951 3283 1969 3314 t
2003 3263 2102 3318 llic
2147 3280 2278 3318 vero
2327 3261 2620 3318 confestim
2654 3259 2878 3313 Portum
2921 3258 3227 3326 occupavit.
3280 3257 3335 3310 Id

1758 3367 1939 3410 autem
1975 3365 2057 3410 est
2104 3355 2404 3409 maximum
2457 3353 2655 3407 navale
2709 3352 2863 3407 urbis
2922 3349 3130 3412 Romae,
3160 3348 3338 3403 tribus

1759 3449 2027 3519 portubus
2052 3456 2331 3514 constans,
2353 3457 2406 3500 et
2438 3446 2490 3500 in
2513 3462 2692 3515 parvae
2730 3445 2880 3499 urbis
2908 3442 3336 3512 magnitudinem

1761 3551 2068 3596 extensum.
2103 3560 2120 3591 ι
2173 3539 2471 3608 Procopius
2503 3538 2638 3606 (66),
2679 3537 2772 3606 qui
2809 3536 2949 3590 bello
2992 3534 3224 3589 Gothico
3252 3533 3338 3586 in-

1760 3635 1949 3688 terfuit
1970 3644 2020 3687 et
2050 3632 2274 3686 Portum
2311 3631 2618 3684 Romanum
2642 3645 2882 3699 praesens
2911 3627 3096 3682 forsan
3131 3627 3336 3690 invisit,

1760 3723 2125 3778 disertissime
2154 3732 2384 3776 testatur
2416 3721 2560 3790 apud
2589 3722 2840 3775 eumdem
2872 3719 3063 3774 urbem
3105 3717 3276 3772 fuisse
3306 3733 3337 3771 a

1762 3815 2026 3869 Romanis
2073 3815 2386 3869 conditam:
2429 3832 2446 3864 ι
2489 3813 2642 3867 Ultra
2699 3814 2845 3869 istud
2893 3828 2977 3878 os,
3043 3811 3109 3865 ad
3161 3811 3338 3880 ripam

1762 3907 2044 3979 (Tiberis)
2094 3907 2460 3960 condiderunt
2507 3908 2694 3960 urbem
2745 3907 2875 3960 olim
2912 3903 3169 3966 Romani,
3217 3919 3340 3971 quae

1762 3999 2037 4053 mcenibus
2059 3998 2238 4052 cincta
2268 4006 2350 4050 est
2386 3996 2770 4059 validissimis,
2808 3994 3083 4061 ductoque
3114 4007 3143 4043 a
3177 4001 3337 4059 portu

1761 4090 2030 4144 vocabulo
2060 4087 2255 4142 Portus
2281 4089 2500 4142 dicitur.
2534 4085 2685 4140 Hane
2708 4085 2978 4139 civitatem
3001 4099 3044 4137 .a
3071 4081 3340 4150 Procopio

1763 4189 2120 4241 memoratam
2177 4179 2381 4234 inlimis
2439 4180 2602 4232 etiam
2663 4177 3003 4272 temporib'us
3067 4175 3342 4229 exstitisse

1766 4408 1936 4463 maris
1958 4408 2110 4461 littus
2133 4405 2490 4462 simulacrum
2521 4404 2800 4467 habuisse,
2826 4403 2941 4471 ipse
2969 4401 3228 4456 Minatius
3256 4402 3343 4457 his

1697 4463 1740 4519 ί)
1771 4481 1951 4532 verbis
1984 4488 2217 4532 testatur
2244 4478 2433 4529 eodem
2488 4477 2642 4530 loco:
2685 4493 2701 4524 ι
2745 4463 2997 4528 Cincilius
3048 4473 3342 4526 simulacro

1775 4549 2052 4616 Serapidis
2083 4549 2363 4610 denotato,
2399 4557 2457 4599 ut
2503 4547 2694 4614 vulgus
2734 4544 3146 4616 superstitiosus
3184 4545 3340 4608 solet,

1771 4614 1996 4674 lttaltttlti
2020 4621 2099 4672 ori
2137 4619 2456 4681 admovens,
2489 4617 2738 4669 osculum
2770 4617 2926 4668 labiis
2967 4614 3181 4682 pressit.
3216 4633 3234 4662 ι

1845 4692 1954 4759 (65)
2000 4689 2167 4758 Epist.
2199 4690 2288 4748 66,
2316 4689 2467 4759 Ῑιιξμι
2498 4688 2790 4759 editionem
2819 4683 3305 4759 Vallarsii,_p.§99
3326 4722 3340 4744 ,

1772 4754 2098 4828 Oper.'tom.
2130 4760 2168 4822 l,
2208 4754 2340 4810 etiit’.
2389 4755 2617 4810 Veronae
2656 4757 2784 4828 anni
2824 4755 2994 4807 175i:
3035 4779 3050 4801 ι
3085 4754 3261 4828 Audio
3293 4764 3344 4804 te

1773 4824 2170 4884 xetiodochium
2201 4829 2254 4882 in
2287 4828 2452 4880 Portu
2500 4830 2693 4880 fecisse
2737 4825 3004 4885 Romano,
3049 4834 3103 4877 et
3136 4824 3342 4891 virgam

1772 4902 1838 4952 de
1867 4901 2059 4954 arbore
2088 4900 2362 4953 Abraham
2398 4899 2450 4950 in
2492 4897 2734 4950 Ansonio
2759 4897 3032 4964 plantasse
3069 4893 3285 4956 littore;
3321 4913 3338 4942 ι

1772 4971 1824 5023 id
1875 4972 2035 5025 etiam
2075 4971 2267 5038 repetit
2309 4968 2468 5036 epist.
2515 4969 2603 5034 76,
2638 4969 2704 5021 ad
2749 4965 3023 5022 Oceanum
3065 4965 3132 5018 tle
3171 4973 3346 5017 morte

1774 5040 2028 5105 Fabiolm,
2065 5052 2192 5093 toni.
2228 5043 2321 5104 cit,
2355 5055 2405 5107 p.
2436 5038 2560 5092 Mil.

1845 5113 1956 5182 (6-1)
2000 5103 2054 5163 ιἰι
2111 5111 2269 5179 epist.
2310 5103 2381 5182 'a_.'_l
2434 5108 2752 5182 Eusebium,
2789 5123 2908 5177 quae
2958 5114 3041 5182 est
3085 5120 3236 5158 num.
3276 5103 3346 5182 51

1767 5177 1949 5250 juxta'
1994 5177 2287 5234 editionem
2345 5179 2703 5233 Parisiensem
2771 5177 3341 5250 monachorumprd.

1775 5245 1831 5305 Β.
1877 5252 2149 5306 Benedicti
2199 5268 2228 5304 e
2274 5251 2699 5319 congregatione
2745 5250 2802 5303 S.
2833 5246 3006 5319 Mauri
3048 5263 3137 5300 an.
3183 5245 3342 5319 1690,

1772 5325 1932 5389 θυι-ι’.
1963 5332 2094 5375 tom.
2123 5322 2183 5381 ll,
2215 5338 2266 5390 p.
2297 5315 2437 5374 1605
2460 5315 2527 5372 ε]
2556 5321 2848 5389 Apparitor
2874 5318 3223 5387 prtel'ecturaz,
3251 5315 3345 5382 qui

1773 5405 1992 5462 propter
2046 5409 2240 5460 operas
2288 5391 2613 5446 Portuenscs
2659 5391 2921 5446 oﬁensatn
2975 5395 3342 5452 contraxerat,

1768 5467 1880 5532 jam
1917 5466 1968 5515 itt
1999 5463 2164 5515 Portu
2203 5464 2438 5529 navigat.
2476 5481 2492 5511 ι
2741 5501 2744 5506 .

1807 5605 1816 5614 .
1850 5536 1963 5600 (tib)
2007 5533 2396 5654 ἷξεειεδὶαδιὶιω
2432 5532 2576 5589 Hist.
2612 5534 2705 5587 lib.
2755 5549 2850 5595 xit,
2885 5546 3036 5584 num.
3075 5529 3127 5593 5,
3157 5545 3206 5598 ρ.
3241 5529 3346 5584 5H

1808 5616 1924 5654 ttat.
1965 5623 2012 5654 et
2038 5615 2096 5654 tt.

1773 5616 1924 5658 Cliill.
1965 5615 2096 5657 Cllli.

1806 5679 1956 5800 diluti)
2000 5676 2072 5728 De
2102 5673 2234 5728 bello
2287 5673 2505 5730 Callaico
2534 5677 2628 5731 lib.
2659 5691 2696 5744 ι,
2735 5690 2854 5744 cap.
2888 5672 2980 5740 ‘26,
3007 5689 3059 5744 p.
3108 5672 3167 5726 lS
3194 5673 3342 5727 citat.

1845 5764 1856 5799 l
1890 5787 1902 5799 .

1773 5758 1902 5801 Θόη.
