3826 6474
188 330 270 384 55.3

1474 312 1651 369 acra
1690 313 1962 387 amca.

3230 322 3337 379 554

187 450 389 522 μέγιστος
401 438 845 512 ἀνήφθηόιωγμὸς
876 435 1319 508 τοῖς(τηνικαῦτα
1344 432 1510 505 οὖσιν)
1536 438 1665 507 Χρι-

1776 438 2003 493 stianos.
2036 435 2166 492 Erat
2190 437 2408 508 quidam
2436 439 2519 494 vir
2549 443 2869 512 praepositus
2896 444 3215 515 magisteria:
3240 461 3339 515 po-

184 539 389 600 στιανοῖς.
411 532 505 587 Ἦν
520 529 608 587 οῦν
636 550 718 595 τις
731 532 868 603 ἀνὴρ
894 533 1245 602 Κενσουρῖνος
1276 529 1681 601 προηγούμενος

180 633 255 701 τῆς
280 628 357 682 τοῦ
387 624 985 698 μαγιστορίου.ὲξουσίας
1014 622 1181 694 (15-1)
1213 624 1308 690 καὶ
1343 624 1400 675 ὲν
1427 620 1504 691 τῷ
1528 620 1684 692 λελη-

181 723 268 775 θότι
292 720 354 790 (Ξ)
384 717 706 788 Χριστιανὸς,
739 718 829 770 καὶ
862 715 1189 785 φοϐούμενος
1216 714 1306 767 τὸν
1325 714 1474 767 Θεὸν.
1514 708 1682 780 Οὗτος

178 813 262 867 ἀπὸ
286 812 369 881 τῆς
403 809 816 879 καταπρόσωπον
851 806 1109 878 βασιλέως
1150 806 1411 859 Κλαυδίου
1434 807 1560 869 θέας
1583 809 1680 876 οὑχ

180 902 415 973 ὑπεχώρει,
440 899 546 953 ἀλλ’
562 899 718 969 εἴπερ
734 898 883 962 τινὰς
899 900 962 950 ὲκ
981 897 1088 949 τῶν
1108 899 1442 967 Χριστιανῶν
1471 897 1680 970 ἑώρακε

175 995 280 1064 πρὸς
292 993 536 1063 ἀναίρεσιν
549 989 883 1060 ἑλκομένους,
898 991 929 1061 ἢ
945 990 1038 1042 καὶ
1051 989 1183 1060 πρὸς
1192 989 1451 1061 δημοσίαν
1465 992 1680 1063 εἱρκτὴν

174 1084 509 1155 ἀπαγομένους,
528 1082 820 1152 λεληθότως
853 1082 1072 1146 τούτους
1091 1084 1321 1153 ἐνίσχυε,
1338 1083 1430 1135 καὶ
1449 1082 1569 1136 ὅσον
1585 1085 1680 1136 αὑ-

103 1163 106 1166 ’
172 1175 231 1247 τῷ
241 1177 484 1247 εὑπορεῖτο
506 1173 708 1244 τροφὰς
738 1177 850 1238 τοῖς
870 1175 926 1227 ὲν
943 1174 1205 1243 φυλακαῖς
1222 1176 1567 1245 τυγχάνουσι,
1586 1176 1680 1228 καὶ

172 1273 258 1331 τοῖς
283 1269 332 1319 ἐν
359 1267 577 1335 δεσμοῖς,
615 1265 788 1318 καίτοι
836 1266 1054 1336 ρήσεσιν
1099 1265 1521 1337 κατηχουμένοις
1563 1266 1679 1337 διηυ-

172 1361 283 1413 κόνει
304 1359 386 1428 (5).
436 1356 600 1409 Τοῦτο
636 1355 873 1418 ἀκούσας
917 1357 945 1407 ό
980 1355 1448 1425 (δυσσεϐέστατος)
1476 1359 1675 1425 καῖσαρ

171 1447 386 1509 Κλαύδιος
426 1445 512 1497 καὶ
556 1444 846 1515 ὀργισθεὶς,
897 1442 1105 1497 κελεύει
1149 1442 1306 1495 αὑτὸν
1336 1441 1675 1513 κρατηθέντα

170 1541 351 1594 ἐνώπιον
368 1538 519 1592 αὑτοῦ
556 1538 918 1608 παραστῆναι.
953 1537 1061 1589 Καὶ
1089 1535 1276 1589 τούτου
1304 1535 1674 1607 παραστάντος

169 1633 302 1696 οὑτως
331 1648 435 1694 πως
465 1631 755 1700 διεσάφησε
786 1629 984 1697 λέγων·
1021 1629 1090 1680 Σὺ
1117 1623 1168 1680 εἴ
1202 1629 1231 1680 6
1255 1627 1388 1698 ἀνὴρ
1422 1628 1625 1691 ἐκεῖνος
1646 1630 1675 1678 ὁ

168 1725 248 1776 τῶν
285 1723 404 1776 θεῶν
442 1720 796 1794 θρησκευτὴς,
839 1721 932 1774 καὶ
968 1721 1066 1790 τῆς
1105 1720 1374 1791 ἡμετέρας
1427 1718 1672 1783 ἐξουσίας

168 1818 232 1869 ἀεὶ
267 1814 594 1886 διαλαλήσας;
642 1813 771 1865 ’1δοὺ
804 1814 837 1883 ἡ
877 1812 1120 1882 ἡμετέρα
1162 1813 1437 1883 ἡμερότης
1479 1813 1671 1866 οὐδένα

166 1906 423 1961 δουλεύοντα
464 1905 599 1976 αὐτῇ
640 1903 965 1958 ἀπεσείσατο
1008 1902 1246 1965 πώποτε,
1291 1903 1425 1957 ἀλλὰ
1467 1905 1547 1967 εἰς
1575 1903 1675 1973 τὴν

166 1996 325 2050 τούτων
374 1995 662 2066 θεραπείαν
720 1994 1009 2057 διαπαντὸς
1062 1996 1223 2065 ἡμεῖς
1262 1994 1359 2063 τὴν
1400 1993 1673 2048 πολιτείαν

166 2090 589 2162 πηδαλιουχοῦντες
613 2087 984 2160 κατορθοῦμεν
1018 2088 1120 2157 (4).
1158 2088 1291 2140 Τότε
1323 2089 1351 2139 6
1382 2089 1672 2159 Κενσουρῖ-

162 2199 230 2244 νος
268 2182 514 2253 ἀπεκρίθη
572 2181 778 2249 λέγων·
844 2180 985 2248 Ἐγὼ
1034 2178 1332 2250 μαρτυρίαν
1378 2178 1513 2245 λέξω
1547 2181 1674 2249 περὶ

162 2273 231 2326 τοῦ
274 2275 459 2345 Κυρίου
508 2291 612 2344 μου
660 2272 834 2342 Ἰησοῦ
886 2271 1142 2347 Χριστοῦ,
1192 2270 1322 2323 δίοτι
1356 2271 1516 2333 αὑτός
1553 2274 1669 2323 ἐστι

160 2364 261 2428 Θεὸς
297 2365 549 2436 ἀληθινὸς,
596 2368 624 2419 ό
655 2364 1000 2436 σταυρωθεὶς,
1050 2366 1141 2418 καὶ
1172 2364 1381 2433 ταφεὶς,
1413 2366 1506 2418 καὶ
1536 2365 1667 2418 ἀνα-

162 2458 262 2521 στὰς
280 2462 337 2529 τῇ
364 2461 513 2532 τρίτῃ
556 2459 739 2531 ἡμέρᾳ
767 2459 1050 2530 θεωμένων
1078 2460 1153 2530 (5)
1185 2460 1294 2513 τῶν
1323 2462 1667 2531 σταυρωσάν-

158 2568 239 2605 των
259 2553 415 2607 αὑτόν.
455 2556 553 2617 Ὃς
596 2554 688 2606 καὶ
721 2553 856 2623 μετὰ
893 2553 953 2605 τὸ
981 2554 1275 2624 ἀναστῆναι
1316 2555 1668 2625 ἐμφανισθεὶς

158 2646 242 2706 τοῖς
271 2646 425 2713 ἁγίοις
453 2644 616 2699 αὑτοῦ
653 2646 937 2718 μαθηταῖς,
972 2646 1270 2716 βλεπόντων
1296 2647 1472 2701 αὐτῶν
1507 2647 1669 2718 ἀνῆλ-

158 2734 225 2787 θεν
250 2739 316 2800 είς
342 2738 459 2801 τοὺς
489 2736 775 2808 οὐρανούς.
812 2732 977 2799 Οὗτος
1003 2738 1059 2788 ὲν
1082 2739 1195 2801 τοῖς
1219 2736 1505 2809 ἡμετέροις
1544 2754 1666 2791 και-

160 2829 244 2893 ροῖς
269 2828 586 2899 κατηξίωσεν
623 2827 1017 2900 παραγίνεσθαι
1050 2829 1156 2881 ἀπὸ
1186 2829 1278 2883 τοῦ
1323 2830 1533 2902 Πατρός
1574 2832 1669 2885 αὑ-

155 2916 242 2982 τοῦ,
293 2923 374 2973 καὶ
416 2920 700 2992 προελθεῖν
755 2922 819 2972 ὲκ
867 2920 1100 2991 γαστρὸς
1152 2920 1445 2991 Παρθένου.
1502 2916 1669 2989 Οὗτος

1705 1778 1745 1835 Β

1784 527 2011 590 testatis,
2058 536 2113 583 et
2155 529 2209 582 in
2254 530 2469 585 occulto
2496 530 2863 597 Christianus,
2907 533 3102 588 timens
3147 535 3333 599 Deum,

1786 629 1841 673 et
1866 619 2092 676 credens
2120 619 2172 675 in
2219 622 2419 677 virtute
2450 621 2661 677 Domini
2688 622 2814 678 Jesu
2845 625 3069 690 Christi,
3098 630 3339 697 quotidie

1784 712 1837 765 in
1879 711 2213 766 absconditis
2262 713 2376 768 suis
2417 712 2755 770 orationibus
2793 728 2847 769 et
2884 715 3105 785 jejuniis
3147 720 3337 789 epula-

1782 801 1937 854 batur
1971 809 2037 855 etv
2067 802 2446 874 eleemosynis.
2502 803 2599 859 llic
2635 816 2758 861 ante
2794 807 3001 862 Claudii
3055 819 3331 877 aspectum

1781 907 1886 947 non
1915 893 2193 957 recedens,
2227 895 2319 948 sed
2354 896 2396 949 si
2432 910 2571 963 quos
2606 896 2832 952 vidisset
2859 913 2889 951 e
2919 898 3239 954 Christianis
3266 902 3335 955 ad

1781 1002 1962 1041 necem
2000 986 2160 1051 trahi,
2189 987 2272 1061 vel
2320 988 2388 1040 ad
2434 986 2739 1041 custodiam
2784 990 3076 1057 publicam,
3128 994 3337 1047 occulte
3382 1038 3387 1041 .

1779 1076 2137 1144 confortabat,
2184 1089 2237 1133 et
2267 1088 2529 1148 quantum
2566 1080 2639 1141 ei,
2684 1080 3010 1151 largiebatur
3047 1084 3244 1139 victum
3279 1087 3336 1140 in

1778 1170 2107 1233 carceribus,
2134 1170 2476 1224 ministrabat
2495 1179 2549 1223 et
2574 1171 2805 1227 vinculis
2834 1182 2887 1227 et
2912 1176 3197 1230 custodiis.
3221 1175 3334 1229 Hoc

1777 1261 1962 1315 audito
2006 1260 2268 1315 Claudius
2322 1276 2414 1315 rex
2468 1262 2640 1319 iratus
2686 1264 2855 1334 jussit
2905 1281 3029 1320 eum
3063 1268 3234 1321 teneri
3281 1280 3335 1323 et

1776 1362 1899 1407 ante
1931 1362 2277 1422 conspectum
2312 1368 2470 1408 suum
2499 1354 2712 1419 adduci,
2739 1359 2824 1410 cui
2856 1357 2929 1411 ita
2961 1358 3134 1412 dixit:
3164 1358 3245 1412 Tu
3274 1374 3333 1414 es

1775 1444 1858 1496 vir
1883 1442 1970 1497 ille
1996 1442 2329 1501 Censurinus
2350 1447 2574 1502 deorum
2604 1449 2799 1516 cultor,
2832 1460 3045 1504 aeterna:
3077 1450 3334 1520 majesta-

1778 1537 1846 1590 tis
1867 1551 2079 1605 semper
2103 1536 2332 1593 aﬂ‘abilis
2348 1538 2524 1609 (8-9)?
2544 1539 2898 1597 Mansuetudo
2920 1552 3103 1597 nostra
3125 1544 3331 1598 nullum

1778 1630 2096 1684 servientem
2148 1630 2251 1684 sibi
2283 1630 2547 1701 despexit,
2594 1634 2686 1688 sed
2714 1633 2768 1687 in
2801 1635 3069 1689 culturam
3104 1635 3333 1690 deorum

1774 1737 1988 1791 semper
2010 1734 2109 1775 nos
2139 1720 2528 1790 rempublicam
2553 1723 2919 1793 gubernantes
2947 1740 3332 1795 propagamus.

1775 1812 1927 1867 Tunc
1965 1812 2303 1868 Censorinus
2335 1816 2669 1884 respondens
2702 1816 2842 1871 dixit
2890 1837 2902 1870 :
2940 1817 3054 1888 Ego
3084 1819 3333 1875 testimo-

1776 1907 1923 1961 nium
1956 1906 2077 1962 dico
2117 1907 2183 1962 de
2223 1907 2458 1963 Domino
2485 1906 2610 1963 Jcsu
2647 1908 2886 1974 Christo,
2929 1913 3056 1981 quia
3093 1912 3209 1982 ipse
3252 1922 3337 1968 est

1776 2013 1936 2053 verus
1980 1997 2153 2061 Deus,
2184 2003 2277 2068 qui
2310 2000 2604 2055 cruciﬁxus
2638 2009 2721 2055 est
2752 2011 2804 2055 et
2858 2003 3121 2072 sepultus,
3163 2014 3218 2059 et
3250 2021 3336 2059 re-

1775 2092 2012 2145 surrexit
2061 2092 2192 2160 ipsis
2239 2093 2568 2163 videntibus,
2600 2094 2691 2163 qui
2732 2109 2854 2147 eum
2898 2095 3284 2151 crucilixerunt
3317 2139 3330 2151 .

1774 2182 1901 2251 quia
1934 2184 2261 2252 praedixerat
2305 2183 2447 2254 quod
2487 2193 2607 2253 post
2638 2193 2867 2238 mortem
2892 2186 3127 2253 viveret;
3165 2196 3218 2242 et
3251 2188 3332 2240 vi-

1775 2273 2029 2330 dentibus
2058 2274 2165 2329 illis
2202 2275 2448 2329 ascendit
2490 2278 2543 2330 in
2578 2278 2799 2332 caelum.
2834 2277 2933 2334 Hic
2964 2280 3166 2333 nostris
3194 2288 3332 2332 tem-

1773 2364 1997 2433 poribus
2023 2364 2275 2433 dignatus
2302 2374 2386 2420 est
2416 2366 2598 2421 venire
2631 2384 2662 2422 a
2691 2367 2848 2423 Patre
2880 2369 2935 2423 in
2962 2379 3175 2424 uterum
3211 2368 3331 2423 Vir—

1772 2456 1911 2526 ginis
1957 2474 1971 2510 :
2033 2456 2128 2526 qui
2184 2457 2402 2526 quidem
2454 2458 2534 2513 sic
2594 2458 2847 2528 dignatus
2885 2467 2967 2514 est
3012 2461 3334 2515 descendere

1772 2549 1838 2601 ad
1884 2557 2058 2603 terras
2099 2556 2158 2602 ut
2206 2547 2402 2602 coelum
2450 2564 2555 2603 non
2610 2549 2900 2604 desereret.
2955 2549 3108 2605 Tunc
3136 2552 3334 2611 ,iratus

1771 2639 2031 2696 Claudius
2058 2640 2235 2694 dixit:
2267 2638 2498 2707 Insanis,
2541 2639 2875 2708 Censurine;
2913 2652 2966 2697 et
3007 2642 3174 2711 jussit
3206 2658 3330 2698 eum

1772 2743 1988 2805 propter
2020 2732 2225 2787 militia:
2253 2733 2589 2787 consortium
2624 2730 2788 2788 Ostiae
2815 2734 2869 2787 in
2900 2734 3145 2788 custodia
3180 2749 3336 2789 man-

1773 2827 1966 2897 cipari.
1999 2823 2090 2880 llle
2117 2834 2298 2879 autem
2333 2824 2387 2878 in
2416 2826 2664 2880 custodia
2696 2835 2749 2880 et
2779 2826 2832 2879 in
2865 2826 3096 2882 vinculis
3123 2827 3332 2897 obliga-

1775 2931 1864 2978 tus
1896 2922 2006 2976 Deo
2034 2919 2222 2975 laudes
2248 2919 2333 2973 die
2364 2927 2635 2988 noctuque
2668 2920 2913 2973 canebat.

159 3010 296 3077 μέντοι
317 3012 573 3082 κατῆλθεν
595 3010 681 3065 διὰ
701 3010 1104 3081 φιλανθρωπίαν
1130 3013 1222 3063 ἐπὶ
1252 3013 1350 3083 τῆς
1378 3014 1500 3084 γῆς,
1536 3019 1661 3081 τοὺς
1696 3016 1955 3090 οὐρανοὺς
2015 3013 2090 3085 μὴ
2150 3009 2476 3065 καταλιπών.
2517 3010 2649 3063 Τότε
2706 3010 2977 3081 ὀργισθεὶς
3010 3010 3058 3081 (ὁ
3084 3009 3335 3064 δυσσεόέ⁹

156 3108 321 3171 στατος)
348 3103 609 3167 Κλαύδιος
634 3102 769 3173 ἔφη·
804 3101 1057 3166 Μαίνεαι,
1093 3104 1437 3173 Κενσουρῖνε,
1483 3108 1577 3160 καὶ
1608 3108 1943 3180 παραχρῆμα
2008 3102 2291 3157 ἐκέλευσεν
2332 3101 2492 3155 αὑτὸν
2528 3100 2614 3153 διὰ
2672 3101 2769 3171 τῆς
2828 3102 3083 3172 στρατιᾶς
3141 3102 3334 3154 ἀπενε-

156 3190 307 3261 χθῆναι
335 3194 467 3247 κατὰ
494 3194 601 3265 τὴν
661 3193 943 3263 Ὀστησίαν
988 3192 1142 3247 πόλιν
1190 3193 1285 3264 (6),
1322 3195 1415 3247 καὶ
1444 3197 1579 3267 πρὸς
1608 3199 1668 3251 τὸ
1704 3199 2069 3269 δεσμωτήριον
2090 3193 2603 3266 παραφυλάττεσθαι
2629 3195 2762 3245 ἐκεῖ.
2804 3194 2936 3246 Τότε
2984 3196 3041 3246 ἐν
3073 3194 3219 3265 αὑτῷ
3255 3195 3332 3263 τῷ

152 3285 283 3355 τόπῳ,
321 3288 375 3340 οὑ
412 3287 630 3360 μακρὰν
664 3288 769 3340 ἀπὸ
800 3286 889 3340 τοῦ
924 3287 1112 3351 ἄστεος
1158 3289 1391 3360 Ῥώμης,
1443 3290 1556 3345 ἀλλ’
1605 3294 1680 3357 ὼς
1718 3294 1825 3347 ἀπὸ
1858 3293 2047 3363 μιλίων
2105 3289 2486 3343 πεντεκαίδεκα
2522 3290 2595 3359 (7)
2630 3292 2686 3342 ὲν
2728 3292 2935 3360 φρουρᾷ
2990 3292 3083 3344 καὶ
3119 3292 3334 3361 δεσμοῖς

154 3378 477 3449 κατεχόμενος,
509 3380 592 3450 τῷ
624 3380 741 3451 Θεῷ
769 3382 893 3445 τοὺς
926 3381 1105 3445 αῖνους
1132 3381 1341 3452 ἡμέρας
1370 3384 1462 3436 καὶ
1483 3386 1673 3449 νυκτὸς
1704 3387 2033 3456 ἀνέπεμπεν.
2370 3448 2375 3457 ν

204 3471 263 3523 B'.
306 3475 382 3527 Ἐν
424 3476 576 3547 αὑτῷ
628 3476 915 3547 τοιγαροῦν
971 3476 1047 3547 τῷ
1103 3479 1252 3549 τόπῳ
1318 3480 1541 3551 πλησίον
1580 3482 1665 3553 τῆς

1848 3482 1913 3535 ll.
1948 3480 2002 3534 In
2030 3496 2093 3534 ea
2115 3479 2329 3534 civitate
2349 3488 2465 3533 erat
2488 3478 2732 3546 quredam
2764 3479 2914 3549 virgo
2932 3495 2995 3534 ex
3024 3496 3218 3551 genere
3244 3500 3330 3539 ro-

153 3561 283 3633 αὑτῆς
331 3566 615 3637 Ὀστησίας
659 3568 864 3631 πόλεως
930 3564 997 3639 ἦν
1066 3570 1148 3632 τὶς
1195 3570 1526 3643 συγκλητικὴ
1594 3576 1665 3625 οἰ-

1776 3574 1875 3644 giaa
1902 3572 2181 3643 potestatis
2210 3572 2431 3625 nomine
2458 3572 2600 3625 Aura
2631 3591 2643 3625 :
2680 3587 2800 3641 quae
2831 3570 3032 3629 multas
3057 3574 3167 3644 jam
3202 3592 3331 3646 per-

128 3653 456 3723 ’κοδέσποινα,
526 3661 595 3711 ἐκ
679 3660 866 3727 γένους
936 3662 1033 3731 τῆς
1102 3661 1378 3733 βασιλικῆς
1429 3663 1665 3730 ἐξουσίας

1774 3662 2081 3718 secutiones
2120 3668 2354 3730 experta
2406 3675 2470 3713 ex
2506 3660 2952 3730 inscriptionibus
2983 3662 3121 3737 (10),
3154 3662 3329 3721 fuerat

153 3744 437 3817 ὑπάρχουσα,
484 3752 713 3823 ὀνόματι
759 3754 973 3822 Χρυςῆ,
1004 3754 1123 3823 ἧτις
1150 3755 1376 3819 πολλοὺς
1403 3756 1665 3827 διωγμοὺς

1774 3760 2049 3825 damnata,
2088 3773 2213 3814 cum
2257 3758 2391 3813 viris
2425 3758 2692 3827 religiosis
2723 3767 2777 3811 et
2810 3760 3003 3814 sacris-
3027 3760 3324 3829 virginibus

203 3993 352 4068 (iii-1)
380 3996 619 4067 Magistri
663 3997 958 4051 oﬂiciorum
1009 3998 1243 4068 dignitas
1303 3999 1667 4068 plerumquea

148 4060 311 4139 Graecis
334 4060 525 4121 dicitur
550 4068 872 4139 μαγιστερία
903 4068 1043 4139 αρχή
1064 4060 1125 4139 7a
1151 4060 1354 4122 Latinis
1370 4060 1669 4137 magisteria

148 4133 358 4206 dignitas,
385 4133 861 4206 cujus'formulam
892 4133 1252 4193 cassiodorus
1315 4133 1503 4192 recitat
1540 4139 1663 4193 Var.

150 4216 205 4278 ιι,
225 4204 284 4270 6;
315 4207 399 4259 τοῦ
432 4204 784 4278 μαγιστορίου
818 4208 1013 4276 legitur
1042 4209 1094 4261 in
1122 4209 1289 4273 Actis,
1318 4210 1667 4277 quemadmo-

146 4272 245 4349 dum
277 4279 413 4349 apud,
432 4272 992 4349 Griecos'Matsjclop,_
1012 4278 1319 4349 μαῖστορος.

199 4342 265 4423 (2)_
284 4342 341 4399 In
368 4348 694 4409 abscondito,
717 4363 815 4416 pro
842 4342 1161 4418 λεληθότως,
1187 4342 1330 4418 quod
1356 4350 1518 4417 paulo
1542 4358 1664 4419 post

145 4425 366 4481 seduttur.

199 4485 262 4556 (5)
281 4486 528 4540 Privatim
561 4485 757 4540 docere
782 4485 902 4539 laici
937 4496 1183 4555 poterant
1203 4488 1659 4556 quemadmodum

144 4554 533 4629 etdiaconissaa,
581 4558 648 4610 de
685 4557 884 4625 quibus
930 4554 1423 4629 pseudo-Hieron”
1456 4558 1659 4629 Catum.

144 4620 184 4672 in
210 4620 339 4677 Rom.
371 4643 481 4690 xvt,
530 4628 588 4678 in
619 4620 716 4678 suo
743 4642 869 4678 sexu
898 4620 1194 4680 niinistrare
1225 4628 1463 4681 videntur
1490 4630 1543 4681 in
1568 4627 1663 4680 ba-

142 4692 317 4767 ptismo,
345 4700 446 4750 sive
478 4699 533 4751 in
586 4696 892 4767 ministerio
920 4696 1064 4767 verbi
1114 4715 1127 4749 :
1158 4712 1279 4767 quae
1334 4698 1662 4767 respondent

143 4760 227 4814 illis
233 4764 295 4883 bin
321 4779 573 4821 contextu
590 4764 798 4828 Graeco,
833 4766 1019 4837 ρήσεσι
1034 4760 1289 4837 διηκόνει,
1318 4760 1483 4821 verbis
1499 4768 1655 4820 mini-

143 4842 231 4883 tlra
260 4845 326 4883 at.

141 4842 326 4888 ttrabat.

170 4902 256 4979 ⁸(4)
283 4904 558 4979 Popularis
587 4905 771 4979 haberi
800 4904 970 4958 voluit
995 4903 1271 4979 Claudius,
1294 4905 1425 4979 quin
1456 4914 1510 4959 et
1532 4920 1651 4979 orm-

140 4975 262 5045 nium
290 4977 537 5030 ordinum
570 4977 865 5039 studiosus,
899 4985 956 5028 ut
980 4975 1493 5045 reipubliczepotius
1526 4978 1649 5029 vin—

139 5040 393 5115 dexquam
438 5046 651 5115 imperii
680 5046 967 5098 videretur.
1000 5040 1137 5100 Hinc
1168 5046 1257 5097 illa
1284 5040 1344 5097 Pl
1378 5044 1441 5098 Β.
1478 5046 1651 5101 accla-

140 5112 275 5165 matio
300 5132 313 5165 :
337 5112 533 5168 Claudi
552 5117 804 5185 Auguste,
839 5122 893 5166 tu
919 5116 1104 5183 frater,
1136 5124 1193 5168 tu
1230 5124 1395 5184 pater,
1421 5123 1478 5167 tu
1511 5117 1648 5167 ami-

138 5193 232 5254 ttit,
254 5190 303 5254 tu
325 5188 486 5238 bonus
507 5197 736 5244 senator,
767 5194 821 5235 tu
841 5200 951 5254 uere
974 5187 1208 5254 princeps
1229 5185 1447 5254 (dictum
1468 5193 1650 5237 actua-

137 5251 493 5319 qies).'frebell.
522 5254 660 5310 Poll.
682 5253 873 5312 Claud.
899 5251 1255 5309 Simulatione
1281 5256 1382 5310 hac
1404 5254 1651 5309 humani-

140 5321 257 5382 latis,
280 5338 307 5375 a
332 5328 445 5378 suis
469 5327 700 5379 eximias
728 5333 811 5377 est
836 5325 1017 5379 laudes
1036 5335 1359 5380 consecutus
1382 5344 1396 5379 :
1438 5325 1523 5377 Ἐν
1549 5324 1652 5377 πά-

138 5402 231 5465 σα-ις
254 5391 540 5465 διατρέψπις
559 5397 678 5457 ταῖς
704 5395 945 5465 ἀρεταῖς,
968 5396 1063 5465 καὶ
1090 5394 1249 5452 πολὺν
1274 5394 1464 5447 ἑαυτοῦ
1490 5394 1651 5446 πόθον

136 5461 221 5521 τοῖς
248 5461 501 5535 ὑπηκόοις
527 5461 933 5533 ἐναωθὲμενος.
978 5463 1069 5517 Vir
1125 5467 1263 5518 omni
1294 5467 1653 5535 virtutumrge-

138 5539 232 5581 nere
257 5534 490 5599 ornatus,
520 5546 569 5587 et
591 5535 679 5604 qui
708 5549 954 5600 magnum
979 5536 1062 5604 sui
1085 5535 1398 5604 desiderium
1423 5534 1658 5604 subdito-

136 5610 230 5649 rum
251 5606 434 5656 animis
463 5599 693 5657 inditum
719 5599 948 5672 reliquit.
979 5603 1103 5659 Zos.
1173 5599 1314 5656 Ηὶδιο
1354 5616 1391 5664 1,
1431 5600 1519 5654 47.
1555 5602 1659 5656 Eaa

136 5676 416 5741 qllfgopinio
444 5674 622 5727 eﬁ‘ecit
648 5688 713 5727 ne
742 5672 882 5726 inter
914 5684 1283 5741 persecutores
1307 5676 1615 5728 referretur.

196 5736 255 5810 β)
278 5736 359 5797 De
392 5745 710 5799 custodibus
743 5736 941 5797 dicitur
964 5744 1266 5816 θεωμένων,
1300 5743 1659 5815 prospicienti-

424 5838 691 5898 ΡΑτιιοι..
731 5837 846 5899 GR.
883 5839 969 5901 X.

1686 4844 1731 4902 Β
1765 4838 1908 4917 Etim,
1966 4857 2103 4917 pag.
2149 4845 2273 4917 5_Ol_
2306 4838 2393 4900 ed.
2437 4838 2799 4917 _Wesselittg.;

1772 3998 1899 4070 ltus;
1941 4014 2066 4053 mox
2095 4006 2275 4053 autem
2308 3999 2374 4053 de
2416 4000 2698 4070 discipulis
2742 3999 3066 4069 βλεπόντων,
3102 4001 3324 4055 videnti-

1769 4069 1917 4207 ῡαῖθ)
1949 4138 2023 4193 De
2056 4140 2220 4193 variis
2252 4137 2415 4192 Ostia:
2460 4139 2906 4262 apﬁellationibus
2946 4137 3165 4192 disserit
3203 4150 3322 4209 post

1769 4208 1903 4261 alios
1931 4209 2060 4261 Adr.
2108 4205 2266 4262 Polit.
2311 4210 2380 4261 ad
2421 4207 2497 4261 M.
2574 4225 2670 4262 ..n.
2698 4208 2825 4262 505.
2860 4208 3318 4262 auemadmodum

1768 4205 1906 4277 alios
1931 4209 2060 4261 Adr.
2088 4205 2266 4277 APolit.
2311 4210 2380 4261 ad
2421 4205 2670 4277 M._R..p.
2698 4208 2825 4272 505,
2860 4205 3318 4277 quemadmodum

1765 4287 1821 4331 et
1845 4276 2053 4349 Portus
2086 4275 2318 4349 Romani
2349 4278 2567 4343 Cellar.,
2599 4275 2757 4349 Geog.
2783 4275 2911 4349 Ani.
2939 4292 2998 4342 ιι,
3038 4276 3091 4342 9,
3116 4294 3170 4346 p.
3193 4279 3318 4344 501,

1766 4348 1856 4401 ubi
1891 4357 2068 4402 tamen
2096 4348 2149 4400 in
2178 4363 2243 4401 eo
2253 4358 2429 4417 errat,
2459 4349 2605 4417 quod
2626 4346 2855 4404 insulam
2883 4346 3233 4402 Portuensem
3253 4351 3319 4403 ad

1766 4433 1914 4540 mare
1962 4432 2173 4540 stateram
2228 4415 2544 4487 Esculap'io
2573 4419 2744 4484 dixit;
2794 4434 2916 4488 qua:
2946 4418 3132 4472 ultima
3176 4421 3317 4474 intra

1766 4504 1830 4540 ur
1867 4503 1951 4540 em
2009 4504 2058 4540 ιιι
2089 4527 2103 4540 .

1764 4490 1951 4541 urbem
1984 4490 2103 4541 fuit.

1842 4561 1939 4637 (-7)_
1967 4563 2241 4637 sexdecim
2269 4584 2448 4637 nempe
2487 4569 2818 4633 milliarium,
2844 4588 2960 4623 cum
2987 4578 3250 4625 Antonino
3272 4583 3322 4626 et

1774 4629 1974 4683 Tabula
2019 4629 2422 4709 Peutingeriaria
2476 4655 2690 4708 euntque
2737 4629 2850 4707 ipsa
2892 4641 3125 4704 veritate,
3163 4659 3319 4709 quant

1768 4716 2009 4778 mensura
2031 4718 2223 4778 p£r_me
2247 4707 2441 4775 pluries
2470 4707 2624 4777 atque
2650 4711 2980 4778 uniformiter
3000 4720 3118 4763 acta
3141 4707 3319 4763 corro-

1768 4767 1983 4847 paravit.
2031 4767 2319 4847 'Fabret't”
2372 4767 2583 4847 deﬂAq.
2630 4767 2762 4833 diss'.
2808 4781 2862 4839 5,
2916 4780 3011 4845 15;
3055 4780 3312 4835 Antoniu.

2856 4848 2990 4903 Tab.
3036 4848 3309 4920 Peuting.,

1764 4907 1940 4979 Segni.
1967 4907 2019 4974 ιτ,
2040 4907 2125 4966 ed.
2156 4914 2213 4968 F.
2243 4915 2303 4970 C.
2332 4920 2399 4971 de
2429 4915 2657 4987 Scheyb.

1837 5009 1968 5080 (8-9)
1984 5008 2273 5067 Nobiscum
2306 5028 2517 5081 semper
2530 5013 2865 5081 colloquens.
2892 5011 3192 5067 Promissor
3208 5011 3317 5065 col-

1762 5079 2040 5133 locutionis
2072 5092 2283 5137 nostrae.
2318 5079 2560 5137 CasSiod.
2603 5079 2727 5135 Var.
2763 5097 2836 5144 vt,
2867 5083 2917 5135 6.

1818 5180 1999 5250 (10)1ιι
2016 5196 2190 5250 graeco
2210 5186 2514 5255 tantumcst
2528 5174 2994 5255 καταδικασθεῖσα,
3019 5176 3268 5255 damnata
3285 5186 3306 5226 :

1752 5244 2228 5325 interpres—autern
2259 5250 2455 5325 adjecit
2481 5264 2545 5301 ea:
2579 5244 3028 5325 inscriptionibus,
3052 5253 3305 5325 propter:

1756 5338 1818 5375 ea
1849 5314 2002 5390 quod,
2014 5322 2222 5390 recenti
2246 5314 2423 5390 adhuc
2447 5317 2707 5390 memoria
2735 5314 3099 5390 Constaretde
3115 5314 3305 5381 judicii

1758 5385 1956 5445 fortita.
1984 5387 2227 5459 Namque
2256 5389 2527 5458 inscriptio
2558 5387 2661 5439 fuit
2682 5386 2958 5459 accusatio
2983 5385 3049 5438 ab
3075 5385 3191 5451 ipso
3214 5396 3309 5435 ac—

1760 5470 2010 5515 cusatore
2052 5457 2388 5527 subscripta,
2430 5472 2552 5513 cum
2583 5457 2874 5527 spOnsione
2903 5469 3114 5523 pinnam
3159 5468 3308 5505 eam-

1753 5532 1874 5585 dem
1914 5544 2007 5583 reo
2035 5526 2301 5583 servatam
2340 5526 2628 5585 subeundi,
2664 5527 2718 5578 ni
2752 5540 2875 5577 vera
2904 5533 3048 5578 esset
3083 5538 3310 5577 accusa-

1756 5604 1849 5654 tio.
1873 5599 2078 5667 Symm.
2109 5601 2203 5652 lib.
2225 5615 2262 5662 ι,
2285 5615 2372 5667 ep.
2400 5598 2469 5653 49
2491 5615 2506 5661 ;
2530 5594 2885 5667 Βιιεεοιιηυο
2910 5592 3114 5656 Form.,
3140 5593 3235 5667 lib.
3254 5609 3308 5658 v,

1753 5686 1805 5740 p.
1835 5663 1958 5724 ΜΞ.
1988 5663 2403 5741 Inscriptionth
2428 5664 2845 5741 haud‘setnelll.
2877 5666 3018 5741 leges
3052 5663 3301 5741 memine-

1755 5735 1912 5807 runt;
1942 5755 2007 5795 ac
2040 5735 2238 5795 mirum
2262 5749 2345 5796 est
2371 5738 2614 5794 Bolland.
2663 5739 2843 5791 socios
2872 5736 3073 5804 alioqui
3105 5735 3306 5789 doctis—

2969 5829 3043 5888 18
