3826 6518
411 319 517 376 555

1770 313 1828 368 S.
1889 307 2247 379 HlPPOLYTI

3525 317 3622 374 656

413 442 467 495 in
500 438 757 511 pradiolo
787 453 887 494 suo
914 436 1157 493 vacabat.
1190 435 1316 492 Hinc
1345 433 1584 508 quotidie
1612 434 1679 491 ad
1712 444 1942 491 sanctun

2067 435 2421 507 ὑπομείνασα,
2450 437 2541 490 καὶ
2563 437 3033 503 καταδικασθεῖσα,
3066 438 3203 510 μετὰ
3242 438 3451 512 ἀνδρῶν
3474 441 3623 495 εὐλα-

409 531 772 587 Censurinum
805 530 892 585 die
937 537 1210 599 noctuque
1237 529 1461 584 veniens
1499 527 1681 584 omnia
1710 527 1942 582 victuali:

2068 526 2196 592 ϐῶν,
2219 528 2314 581 καὶ
2341 528 2620 600 παρθένων
2635 532 2692 584 ὲν
2715 530 2792 602 τῷ
2828 532 2940 603 ίδίῳ
2968 533 3137 603 αὐτῆς
3161 532 3343 603 χωρίῳ
3366 532 3622 603 ἐτύγχανε

409 623 752 679 ministrabat
784 640 797 677 :
839 622 997 692 cujus
1029 632 1081 676 et
1124 621 1338 676 vincula
1380 636 1545 675 manu
1575 635 1675 676 sua
1704 620 1962 688 abluens,

407 718 596 772 oculos
613 726 665 770 et
679 715 866 770 faciem
884 729 1033 769 suam
1055 713 1111 784 (Ι,
1130 713 1272 785 ejus)
1296 713 1526 768 lavabat.
1558 711 1726 767 Eram
1747 713 1887 767 enim
1905 719 1958 766 et

2068 620 2396 690 σχολάζουσα
2429 622 2560 694 (15).
2586 624 2731 695 Αὕτη
2767 626 2850 693 ἐφ’
2882 623 3117 696 ἑκάστης
3142 626 3351 696 ἡμέρας
3377 624 3455 695 τῷ
3491 627 3623 697 ἁγίῳ

2065 712 2408 784 Κενσουρίνῳ
2434 714 2643 769 οἴκοθεν
2668 714 2835 786 αὐτῆς
2861 716 2959 779 τὰς
2987 716 3192 788 τροφὰς
3220 718 3469 789 ἐχορήγει
3491 734 3506 748 ο
3541 713 3624 772 οὒ-

408 808 461 860 in
491 807 677 862 eodem
705 806 825 860 loco
857 812 1076 859 sanctus
1102 803 1368 859 Maximus
1387 804 1664 874 presbyter
1690 811 1744 858 et
1759 802 1942 857 Arche

2062 820 2205 867 τινος
2241 804 2310 857 τὰ
2338 804 2509 877 δεσμὰ
2551 809 2671 871 ταῖς
2700 807 2926 872 οἰκείαις
2972 810 3153 881 χερσὶν
3183 807 3335 861 ὕδατι
3378 808 3620 862 ἀποπλυ-

366 890 527 953 Ἰοιιε
578 898 868 964 diaconus;
924 897 1020 966 qui
1074 896 1315 967 quotidie
1366 895 1629 951 sacriﬁcia
1676 895 1786 950 Deo
1836 908 1961 949 cum

405 988 620 1060 hymnis
672 997 726 1042 et
773 987 1027 1042 laudibus
1080 986 1395 1042 offerebant.
1456 986 1718 1042 Praaterea
1769 987 1959 1042 beatus

401 1080 672 1135 Maximus
710 1082 994 1151 presbyter
1026 1088 1174 1134 tanta
1216 1080 1487 1135 mirabilia
1516 1080 1569 1134 in
1602 1079 1819 1134 nomine
1854 1079 1959 1135 Do-

400 1172 535 1225 mini
565 1170 694 1226 Jesu
723 1170 926 1225 Christi
955 1170 1241 1225 exercebat
1270 1187 1283 1223 :
1316 1178 1373 1223 ut
1400 1168 1531 1223 dum
1558 1169 1681 1239 quis
1707 1169 1764 1240 (ι.
1798 1168 1961 1239 is)in-

394 1242 617 1319 ‘troisset
639 1263 705 1317 ad
735 1262 954 1318 beatum
987 1261 1384 1325 Censurinum,
1430 1261 1615 1315 statim
1648 1260 1862 1316 vincula
1891 1260 1958 1315 de

393 1338 654 1408 'manibus
686 1361 739 1408 et
770 1353 998 1422 pedibus
1027 1352 1076 1406 ei
1116 1352 1484 1407 solvebantur.
1517 1350 1670 1407 Tunc
1708 1351 1957 1421 aperiens

392 1444 462 1501 'os
504 1461 667 1500 suum
716 1446 909 1500 beatus
940 1443 1209 1499 Maximus
1254 1444 1419 1514 cmpit
1449 1443 1627 1498 dicere
1667 1443 1735 1497 ad
1768 1452 1953 1498 custo-

396 1538 531 1590 des:
562 1533 801 1600 Fratres,
838 1534 1197 1603 derelinquite
1225 1533 1499 1588 daemones
1530 1542 1582 1587 et
1606 1533 1745 1588 idola
1770 1534 1951 1599 varia;

390 1602 450 1681 Jet
480 1626 792 1696 cognoscite
822 1602 1109 1679 Dominum
1140 1623 1321 1678 Jesum
1341 1624 1614 1679 Christum
1632 1632 1951 1693 perpetuum

390 1700 600 1790 |regem,
636 1718 729 1788 qui
764 1716 867 1771 fuit
897 1725 1026 1773 ante
1055 1718 1250 1771 saecula
1282 1726 1335 1771 et
1361 1725 1462 1780 est,
1502 1727 1555 1772 et
1584 1727 1843 1771 venturus
1869 1725 1952 1772 est

2062 894 2245 961 νοῦσα,
2308 898 2431 962 τοὺς
2475 898 2782 970 ὀφθαλμοὺς
2844 902 2938 953 καὶ
2979 901 3040 953 τὸ
3087 901 3372 971 πρόσωπον
3403 900 3621 973 ἀπείλη-

2062 1006 2159 1058 φεν
2185 990 2313 1060 (14).
2355 991 2440 1045 Ἐν
2464 991 2612 1061 αὐτῷ
2642 990 2719 1062 τῷ
2744 994 2891 1062 τόπῳ
2918 992 3158 1064 ὑπῆρχον
3188 995 3215 1047 ὃ
3246 1011 3303 1047 τε
3330 992 3623 1063 ἀγιὼτατος

2058 1080 2305 1152 Μάξιμος
2334 1084 2362 1135 6
2392 1083 2776 1154 πρεσϐύτερος,
2806 1086 2901 1138 καὶ
2950 1085 3235 1157 Ἀρχέλαος
3259 1086 3525 1149 διάκονος,
3549 1086 3616 1139 οἵ·

2056 1190 2200 1237 τινες
2228 1175 2312 1243 ἐφ’
2348 1175 2582 1246 ἑκάστης
2621 1177 2832 1248 ἡμέρας
2865 1179 3173 1250 ἱερουργίας
3202 1178 3278 1249 τῷ
3322 1178 3440 1249 θεῷ
3489 1178 3619 1249 μετά

2058 1263 2240 1335 ὕμνων
2291 1267 2382 1319 καὶ
2427 1266 2592 1321 αίνων
2622 1269 3011 1341 προσεκόμιζον
3051 1272 3167 1323 ἐκεῖ
3200 1270 3330 1338 (15).
3368 1272 3530 1323 Ὥστε
3560 1270 3621 1341 (6

2058 1356 2496 1429 μακαριώτατος)
2529 1358 2777 1430 Μάξιμος
2823 1361 3189 1433 πρεσϐύτερος
3226 1361 3462 1414 τοσαῦτα
3497 1362 3618 1414 θαυ-

2056 1447 2224 1518 μάσια
2249 1451 2305 1501 ἐν
2330 1448 2406 1519 τῷ
2431 1451 2653 1521 ὀνόματι
2693 1450 2785 1504 τοῦ
2815 1452 3023 1523 Κυρίου
3057 1453 3212 1523 ἡμῶν
3270 1452 3442 1522 Ἰησοῦ
3488 1451 3617 1525 Χρι-

2054 1540 2178 1593 στοῦ
2213 1539 2462 1607 ὲξετέλει,
2520 1541 2657 1594 ὥστε
2706 1543 2926 1596 εἰσιέναι
2956 1543 3119 1597 αὐτὸν
3150 1543 3287 1616 πρὸς
3330 1544 3423 1596 τὸν
3470 1546 3620 1613 ἆγιον

2051 1634 2420 1707 Κενσουρῑνον,
2464 1636 2557 1689 καὶ
2581 1636 2919 1707 παραχρῆμα
2964 1636 3032 1689 τὰ
3075 1636 3250 1707 δεσμὰ
3276 1637 3384 1688 τῶν
3422 1636 3618 1707 χειρῶν

2050 1727 2282 1779 καὶτῶν
2323 1726 2496 1780 ποδῶν
2538 1726 2701 1781 αὐτοῦ
2736 1727 3066 1797 διαλυθῆναι.
3113 1729 3245 1781 Τότε
3294 1728 3512 1792 ἀνοίξας
3559 1728 3620 1781 τὸ

390 1811 636 1879 judicare
682 1810 835 1864 vivos
875 1818 928 1863 et
958 1817 1202 1863 mortuus
1238 1818 1291 1862 et
1323 1809 1580 1863 smculum
1618 1823 1714 1880 per
1743 1808 1942 1877 ignem.

2050 1815 2221 1885 στόμα
2250 1816 2414 1869 αὐτοῦ
2458 1816 2517 1887 (6
2552 1815 2993 1888 μακαριώτατος)
3028 1816 3277 1887 Μάξιμος
3310 1820 3338 1869 6
3369 1816 3617 1887 πρεσϐύ-

392 1899 527 1954 Nam
556 1900 753 1955 caalum
790 1909 841 1955 et
876 1909 1019 1953 terra
1057 1906 1366 1965 transeunt;
1408 1897 1668 1953 Dominus
1696 1913 1824 1953 vero
1858 1896 1949 1953 Je-

389 2007 488 2048 Lus
518 2008 671 2046 meus
718 1992 964 2046 Christus
999 2004 1143 2043 nunc
1172 1999 1226 2043 et
1258 2004 1471 2059 semper
1506 1999 1559 2044 et
1599 1989 1653 2043 in
1686 1997 1945 2043 aeternum

389 2080 513 2137 crit.
539 2080 805 2137 Custodes
836 2081 1090 2135 dixerunt
1110 2079 1175 2133 ad
1205 2077 1498 2132 Maximum
1527 2078 1901 2148 presbyterum
1928 2096 1941 2132 :

389 2168 457 2222 Et
485 2169 613 2239 quid
652 2167 939 2233 faciemus,
968 2175 1027 2221 ut
1057 2180 1451 2235 cognoscamus
1491 2167 1655 2232 hunc,
1697 2182 1856 2236 quem
1887 2178 1945 2221 tu

389 2259 685 2329 praedicas?
736 2257 1003 2312 Maximus
1054 2258 1336 2327 presbyter
1390 2256 1526 2312 dixit
1572 2275 1587 2312 :
1638 2257 1945 2327 Baptizetur

386 2340 767 2419 unusquisque
789 2358 1064 2416 vestrum;
1098 2358 1152 2405 et
1189 2348 1391 2404 credite
1421 2348 1695 2403 Christum
1736 2348 1941 2415 Deum;

386 2423 442 2499 Iet
474 2445 617 2498 idola
666 2459 805 2497 vana
838 2442 1217 2511 derelinquite,
1264 2450 1317 2496 et
1354 2441 1727 2510 paenitentiam
1762 2442 1940 2511 agite:

384 2518 515 2605 |quia
534 2535 839 2589 nescientes
858 2532 1278 2602 blasphemastis
1304 2547 1502 2585 nomen
1518 2532 1637 2601 ejus
1660 2540 1940 2600 sanctum;

387 2634 443 2679 et
484 2624 684 2677 multos
722 2630 942 2676 sanctos
973 2621 1147 2690 ipsius
1176 2620 1547 2676 interemistis.
1586 2619 1739 2675 Tunc
1770 2621 1941 2688 Felix,

386 2712 678 2777 Maximus,
704 2709 998 2773 Taurinus,
1024 2707 1381 2773 Herculanus,
1411 2707 1673 2774 Novinus,
1708 2708 1947 2765 Histora-

382 2806 566 2869 ’cinus,
599 2802 813 2869 Menna,
844 2801 1216 2867 Commodius,
1248 2800 1480 2869 Hermis,
1511 2801 1753 2869 Maurus,
1779 2801 1947 2858 Euse-

384 2896 530 2959 liius,
574 2893 853 2953 Rusticus,
885 2890 1189 2955 Monaxius,
1236 2892 1590 2955 Amandinus,
1632 2890 1942 2965 Olympius},

379 2986 588 3057 :Eipros
607 2985 740 3058 (11),
758 2993 812 3039 et
832 2983 1170 3047 Theodorus,
1189 2983 1414 3047 tribuni,
1440 2983 1499 3055 (ι.
1533 2984 1825 3055 tribunus),
1845 2985 1942 3040 de-

384 3097 500 3136 cem
531 3089 585 3135 et
611 3089 814 3149 septem
854 3077 1119 3132 miserunt
1152 3090 1210 3130 se
1240 3074 1308 3129 ad
1354 3074 1516 3144 pedes
1542 3075 1681 3131 beati
1721 3075 1939 3131 Maximi

383 3183 445 3228 ut
471 3174 904 3243 baptizarentur;
954 3168 1047 3239 qui
1093 3182 1219 3223 mox
1255 3167 1552 3223 secundum
1592 3170 1943 3224 consuetudi-

2044 1920 2200 1975 τερος
2229 1901 2379 1959 εἶπεν
2412 1906 2547 1977 πρὸς
2579 1908 2739 1960 αὑτὸν
2770 1908 2864 1960 καὶ
2898 1910 3026 1972 τοὺς
3053 1908 3329 1976 φύλακας’
3377 1909 3619 1977 Ἀδελφοὶ

2045 1994 2472 2066 ὲγκαταλείψατε
2528 1998 2652 2060 τοὺς
2705 1996 2962 2067 δαίμονας
3023 1998 3117 2050 καὶ
3182 1997 3280 2060 τὰς
3350 1999 3616 2069 προσκαί-

2047 2105 2172 2160 ρους
2217 2087 2577 2159 ἡδυπαθείας,
2629 2088 2723 2141 καὶ
2761 2088 3028 2157 ἐπίγνωτε
3054 2088 3169 2141 ’τὸν
3221 2088 3425 2160 Κύριον
3463 2091 3617 2161 ἡμῶν

2058 2176 2261 2246 Ἰησοῦν
2310 2177 2564 2248 Χριστὸν,
2607 2177 2696 2230 τὸν
2731 2177 2953 2248 διηνεκῆ
3009 2177 3251 2248 βασιλέα,
3289 2179 3349 2242 ὃς
3395 2175 3464 2250 ἦν
3514 2181 3619 2251 πρὸ

2043 2266 2153 2319 τῶν
2204 2265 2433 2331 αίὼνων,
2466 2268 2556 2319 τὸν
2589 2269 2880 2339 ἐρχόμενον
2926 2271 3111 2339 κρῖναι
3164 2269 3370 2334 ζῶντας
3409 2272 3505 2323 καὶ
3536 2288 3618 2323 νε-

2046 2360 2231 2430 κροὺς,
2265 2359 2358 2411 καὶ
2392 2359 2482 2411 τὸν
2512 2359 2683 2412 αίῶνα
2702 2362 2890 2411 τοῦτον
2927 2358 3016 2412 διὰ
3038 2360 3226 2428 πυρός.
3260 2360 3405 2413 Διότι
3431 2363 3459 2412 6
3482 2361 3616 2430 ἡμέ-

2042 2466 2202 2519 τερος
2218 2448 2350 2501 αίὼν
2372 2448 2721 2520 παρέρχεται,
2752 2448 2843 2500 καὶ
2868 2448 2897 2499 6
2924 2446 3147 2518 οὐρανὸς
3170 2447 3263 2499 καὶ
3291 2448 3323 2516 ἠ
3364 2447 3434 2517 γῆ
3466 2436 3625 2517 παρέ

2042 2534 2344 2590 ελεύσεται·
2385 2536 2413 2586 6
2455 2536 2512 2588 δὲ
2558 2535 2759 2607 Κύριος
2812 2535 2967 2606 ἡμῶν
3004 2535 3210 2607 Ἰησοῦς
3246 2537 3482 2606 Χριστὸς
3529 2538 3625 2589 ἀεὶ

2043 2628 2209 2692 ἐστὶν,
2244 2626 2338 2681 καὶ
2380 2628 2409 2679 6
2447 2627 2605 2691 αὐτὸς
2638 2628 2803 2681 ἔσται.
2836 2628 2897 2680 Οἱ
2925 2627 2982 2680 δὲ
3030 2628 3265 2697 φύλακες
3309 2628 3424 2698 (16)
3462 2622 3623 2695 εἶπον)

2044 2718 2180 2790 πρὸς
2210 2717 2298 2770 τὸν
2346 2716 2612 2789 μακάριον
2644 2718 2892 2789 Μάξιμον
2924 2720 3015 2773 τὸν
3058 2719 3429 2793 πρεσόύτερον
3450 2738 3465 2751 ⁸
3506 2721 3613 2775 Καὶ

2042 2810 2096 2863 τί
2125 2812 2438 2881 ποιήσωμεν
2481 2810 2611 2882 περὶ
2650 2810 2838 2864 τούτου
2886 2803 3057 2883 οὗπερ
3092 2815 3155 2866 σὺ
3191 2813 3516 2885 κηρύττεις,
3554 2812 3621 2883 ὂνς

2044 2900 2137 2952 καὶ
2174 2900 2487 2969 ἐπέγνωμεν
2521 2899 2610 2953 διὰ
2637 2901 2744 2953 τῶν
2783 2900 3120 2973 λαληθέντων
3148 2902 3297 2974 παρὰ
3340 2903 3460 2968 σοῦ,
3516 2906 3611 2957 καὶ

2042 2991 2107 3044 δι’
2136 2991 2314 3045 αὐτῶν
2358 2991 2654 3062 γινομένων
2699 2994 2757 3045 ὲν
2783 2991 2861 3063 τῷ
2888 2992 3111 3063 ὀνόματι
3140 2994 3302 3047 αὐτοῦ
3337 2996 3621 3065 σημείων,²

2042 3083 2124 3136 ὅτι
2156 3085 2213 3135 ὲν
2236 3085 2303 3153 τῇ
2331 3082 2553 3151 δυνάμει
2583 3082 2770 3147 αὐτοῦ,
2793 3083 2889 3137 καὶ
2918 3085 3036 3146 ταῖς
3063 3086 3182 3147 σαῖς
3214 3084 3401 3154 εὐχαῖς
3437 3084 3613 3155 δεσμὰ

2044 3172 2365 3226 διαλύονται.
2414 3171 2708 3243 Ἀπεκρίθη
2741 3171 2878 3243 πρὸς
2906 3172 3101 3235 αὐτοὺς
3138 3173 3167 3223 6
3196 3174 3463 3245 μακάριος
3496 3173 3613 3227 Μά-

384 3281 509 3322 nem
539 3273 593 3321 et
617 3262 872 3334 baptizati
904 3269 1050 3327 sunt,
1082 3268 1133 3314 et
1162 3268 1488 3330 acceperunt
1518 3261 1749 3331 gratiam
1782 3260 1942 3317 Chri-

2049 3261 2198 3333 ξιμος
2226 3264 2254 3316 6
2286 3263 2651 3334 πρεσϐύτερος
2678 3262 2771 3316 καὶ
2799 3259 2981 3317 εἶπενο
3019 3264 3135 3317 Ἵνα
3164 3261 3432 3334 βαπτισθῇ
3459 3266 3487 3317 6
3518 3281 3615 3317 κα-

385 3359 475 3416 sti.
535 3356 689 3411 Tunc
740 3363 960 3411 sanctus
994 3352 1283 3419 Quiriacus
1320 3351 1608 3421 episcopus
1645 3351 1760 3423 (1‘2)
1797 3353 1942 3408 chri-

2049 3353 2157 3417 θεῖς
2190 3353 2341 3425 ὑμῶν
2393 3354 2486 3407 καὶ
2520 3354 2787 3428 πιστεύσῃ
2836 3356 2916 3419 είς
2950 3355 3185 3429 Χριστὸν
3230 3354 3321 3407 τὸν
3355 3355 3484 3409 Υἱὸν
3519 3355 3613 3410 τοῦ

384 3460 559 3508 amate
593 3448 795 3503 Christi
828 3461 922 3502 eos
951 3458 1297 3515 perunguens
1340 3443 1572 3514 signavit
1598 3442 1941 3513 illos.verbis

2049 3443 2202 3510 Θεοῦ,
2231 3445 2321 3498 κα)⁵
2348 3444 2413 3498 τὰ
2445 3444 2645 3516 μάταια
2670 3446 2862 3500 εἴδωλα
2886 3446 3251 3519 ὲγκαταλείψῃ
3271 3485 3286 3509 ,
3314 3446 3411 3499 καὶ
3446 3464 3613 3518 μετα-

384 3541 530 3596 fidei.
2044 3538 2210 3610 νοήσῃ
2230 3554 2243 3567 ·
2279 3538 2359 3591 ὅτι
2395 3537 2712 3607 ἀγνοοῦντες
2734 3537 3188 3609 ἐϐλασφημήσατε
3217 3538 3278 3589 τὸ
3302 3538 3475 3609 ὄνομα
3518 3538 3618 3591 αύ-

382 3632 498 3697 cui),
531 3630 612 3687 δυὺ
638 3630 764 3695 τοὺς
793 3628 980 3697 ἁγίους
1009 3626 1381 3682 ὲϐασανίσατε.
1422 3624 1555 3681 Τότε
1579 3625 1911 3701 ὁμοθυμαδὸν
1949 3629 2184 3696 ἅπαντες
2207 3630 2402 3696 αὐτῶν,
2449 3632 2478 3685 ὅ
2508 3648 2569 3684 τε
2613 3631 2794 3702 Φῆλιξ,
2827 3630 3096 3701 Μάξιμος,
3161 3630 3447 3702 Ταυρῖνος,
3493 3630 3621 3701 Ἐρή

386 3848 558 3921 simos
586 3853 809 3921 putasse
837 3844 903 3899 de
926 3852 1053 3900 nota
1082 3844 1343 3921 inscripta
1368 3844 1440 3921 in_
1450 3843 1629 3921 fronte
1656 3844 1726 3901 'S.
1751 3847 1945 3921 Aureae
2050 3849 2495 3921 significationem
2548 3848 2723 3919 quoad
2772 3849 2948 3921 potuit
2981 3844 3282 3921 suppressit
3326 3844 3609 3921 Sviccrus.

384 3919 475 3973 liic
516 3913 632 3971 fieri
670 3928 992 3986 sermonem,
1023 3924 1061 3969 t.
1091 3913 1180 3979 ιν,
1228 3913 1361 3984 Ᾱιιε.
1409 3914 1521 3986 die_
1544 3931 1693 3986 xxiv,
1725 3931 1779 3985 p.
1815 3917 1935 3973 757.
2048 3913 2367 3975 Re'ccntiora
2392 3930 2517 3974 sunt
2543 3913 2723 3973 autem
2746 3913 2947 3972 ii'ostris
2973 3913 3123 3971 Actis
3152 3917 3465 3970 testimonia
3491 3934 3612 3986 qua:

384 3988 524 4043 Hinc
551 3986 802 4041 novimus
833 3985 1067 4039 Auream
1104 3986 1238 4039 adeo
1277 3993 1459 4054 aperte
1486 3984 1806 4041 Christiana:
1848 4002 1938 4041 re-

386 4057 573 4129 ligioni
612 4064 947 4129 vacass_e_,__ut
980 4055 1176 4129 saepius
1222 4055 1273 4107 in
1301 4070 1361 4129 _s_e
1386 4069 1719 4129 paganorum
1751 4056 1938 4129 odium

385 4125 713 4192 concitaret;
764 4125 901 4178 nihil
935 4126 1081 4178 enim
1125 4125 1191 4178 de
1243 4125 1477 4179 talionis
1514 4140 1675 4192 pinna
1722 4126 1940 4181 solliciti

385 4140 713 4192 concuaret;
764 4140 901 4178 nimi
935 4140 1081 4178 enim
1125 4140 1191 4178 ue
1243 4140 1460 4179 talionis
1552 4140 1675 4179 uana
1722 4140 1940 4181 sottiCiti

384 4208 558 4278 erant,
593 4196 686 4278 qui
711 4210 823 4278 sua:
850 4195 1205 4278 inscriptionis
1230 4196 1417 4249 vadem
1445 4140 1703 4278 hagerent
1744 4207 1943 4276 marty-

384 4283 498 4321 rem
520 4263 875 4336 designatam.
904 4263 1314 4336 Inscriptionum
1334 4265 1573 4336 cognitio
1592 4267 1809 4335 propria
1825 4263 1942 4321 erat

385 4337 570 4391 vicarii
596 4333 1065 4390 uibanLCassiod.
1109 4334 1230 4389 Var.
1256 4350 1331 4398 γι,
1355 4333 1422 4389 15
1449 4352 1463 4388 :
1499 4333 1618 4388 Vice
1639 4333 1792 4389 sa’cra
1821 4353 1940 4389 sen-

388 4408 606 4461 tentiam
632 4405 786 4471 dicis,
809 4405 1015 4474 etquod
1042 4407 1286 4459 maxima!
1307 4405 1430 4473 ﬁdei
1453 4405 1657 4473 signum
1677 4416 1752 4458 est
1771 4406 1825 4460 in
1854 4407 1939 4459 iii-

387 4449 786 4547 ὲὲἱ-Ξῇἷὸιῖίῐὶμῖ
810 4449 1430 4528 ὖὲιῖῗῐῶίῗοῖὶίῆιῗείὲἷιῖἑ
1453 4449 1933 4547 Ἱὶῧὶὶιῖἓὶὶιῖἶίξὶᾷιὶὁὶι
1969 4449 2011 4504 υ
2039 4449 2221 4533 ὄῦἓῖιὶ
2258 4449 2314 4531 Et}

384 4544 521 4601 inter
545 4544 791 4599 mortales
818 4553 1019 4614 constat
1043 4560 1152 4597 esse
1173 4546 1475 4614 pretiosum.

457 4617 575 4687 (H)
607 4615 832 4687 Cyprus.
866 4613 1207 4687 teme/prius-

456 4683 571 4758 (12)
617 4683 874 4740 Omnium
899 4686 1108 4758 primus
1142 4686 1279 4758 inter
1333 4683 1606 4758 Ostienses
1652 4685 1935 4758 episcopos

382 4753 665 4823 Quiriucus
698 4753 959 4825 occurrit.
985 4753 1213 4819 Maron.,
1240 4754 1315 4808 De
1341 4772 1421 4824 ep.
1454 4753 1593 4821 Ost.,
1623 4753 1759 4825 p._9.
1783 4753 1935 4810 Grae-

379 4830 461 4883 cis
486 4835 571 4882 est
601 4824 893 4896 Κυριακός,
926 4823 1202 4896 Cyriacus,
1242 4823 1400 4894 quem
1436 4823 1768 4880 nostra—hac
1802 4825 1935 4881 Acta

382 4897 644 4965 martyrio
669 4894 985 4965 coronatum
1018 4894 1184 4949 fuisse
1210 4904 1507 4965 testantur;
1533 4896 1757 4965 ejusque
1783 4904 1935 4949 nata-

378 4967 448 5023 lis
474 4963 587 5026 dies
607 4968 677 5036 in
703 4965 921 5036 Martyr.
947 4964 1102 5036 R_om.
1130 4981 1182 5018 ll
1206 4964 1319 5018 Kal.
1347 4963 1493 5034 Sept.
1523 4963 1606 5036 est
1626 4963 1931 5036 ad_notatus.

451 5038 564 5105 (15)
597 5033 915 5106 Exemplum
975 5034 1033 5091 S.
1074 5035 1264 5088 Aurea:
1302 5033 1509 5089 nobiles
1530 5034 1649 5089 alite
1676 5033 1936 5090 Romanae

381 5104 582 5164 scenae
608 5104 1126 5163 suntCSuburbanus
1171 5120 1294 5175 ager
1318 5107 1459 5157 vobis
1489 5121 1583 5175 pro
1617 5107 1932 5159 monasterio

384 5180 506 5247 fuit,
525 5190 573 5233 et
598 5194 685 5229 rus
708 5178 927 5230 electum
948 5192 1040 5245 pro
1056 5172 1377 5229 solitudine:
1404 5172 1668 5247 muftoque
1695 5176 1771 5227 ita
1796 5176 1933 5247 vixi-

384 5246 482 5303 stis
517 5259 773 5317 tempore,
818 5258 873 5300 ut
915 5261 979 5300 ea:
1016 5246 1499 5317 imitationevestri
1536 5246 1933 5317 etconuersione

381 5312 686 5384 multarunt,
708 5317 1047 5387 gauderemus
1070 5314 1289 5387 Romam
1303 5315 1502 5385 factam
1526 5312 1928 5384 Jerosolymam.

385 5388 443 5443 S.
475 5387 645 5451 Hier.,
675 5384 761 5456 ep.
794 5386 881 5453 16,
914 5386 981 5440 ad
1010 5384 1245 5456 Princjp.

456 5459 568 5528 (14)
605 5450 732 5512 Haec
758 5450 931 5511 ofﬁcia
952 5456 1152 5528 usitata
1166 5450 1339 5511 luisse
1366 5453 1689 5528 Christianis
1709 5453 1931 5528 virgini-

382 5525 485 5583 bus
508 5525 634 5597 erga
661 5537 924 5599 martyres
956 5525 1155 5599 {uirum
1194 5540 1302 5579 non
1326 5534 1599 5599 -est,_cut_n
1626 5525 1930 5599 hospitibus

379 5594 925 5668 eadem'praastai‘eiit.
956 5594 1307 5668 Vid.Sozom._
1328 5594 1400 5649 Η.
1438 5594 1529 5662 Ε.,
1557 5596 1593 5650 l.
1624 5611 1670 5668 Al,
1698 5594 1786 5668 11.

454 5668 566 5740 (15)
595 5664 926 5748 ’ἷξερουργίφ
945 5665 1231 5748 ζιὶετιιι-θία,
1256 5666 1345 5748 hic
1368 5681 1473 5748 pro
1500 5665 1767 5748 sacriﬁcio
1796 5664 1930 5747 mis-

378 5736 761 5797 mmmam
780 5736 1072 5809 accipitur,
1095 5751 1257 5806 quam
1287 5736 1451 5806 hujus
1476 5737 1625 5794 vocis
1651 5736 1927 5807 propriam

2044 3990 2279 4060 profert;
2326 4000 2385 4060 ut
2411 3989 2811 4060 vetustissimus
2856 3988 3095 4060 hujusce
3126 3986 3275 4060 vocis
3306 4002 3445 4060 usus
3486 3988 3612 4060 inde

2046 4056 2319 4131 appareat.
2355 4059 2508 4125 Quod
2539 4057 2908 4131 S._Maximus,
2928 4056 3051 4111 eum
3082 4056 3298 4131 hymnis
3326 4066 3382 4131 et
3433 4056 3609 4111 laudi-

2045 4125 2149 4185 bus
2180 4130 2399 4185 offerret
2449 4129 2775 4183 sacrificium
2832 4125 3195 4191 incruentum,
3239 4125 3292 4178 id
3340 4126 3608 4180 Actorum

2044 4200 2297 4274 vetustati
2332 4199 2542 4274 videtur
2596 4198 2962 4274 tribuendum,
3006 4207 3322 4274 antequam
3354 4195 3608 4274 decretus

2045 4264 2395 4325 esset'certus
2425 4268 2711 4337 liierurgia:
2737 4268 2904 4337 ordo;
2940 4267 3022 4320 vel
3054 4264 3455 4337 perSecutionis
3476 4277 3606 4337 tein-

2081 4341 2193 4403 ori,
2248 4354 2355 4408 quo
2401 4334 2701 4408 breviorem
2751 4335 3270 4408 fuissemliturgiam,
3328 4334 3493 4408 docet
3539 4335 3602 4391 E.

2090 4426 2214 4463 ona.
2264 4406 2505 4477 Hymnus
2546 4407 2761 4477 quidem
2805 4406 3030 4473 intelligi
3069 4412 3247 4477 potest
3280 4406 3549 4477 angelicis:
3584 4420 3602 4456 :

2356 4424 2505 4461 mnus
2546 4420 2761 4477 quidem
2805 4420 3030 4473 intelligi
3069 4420 3247 4475 p0test
3280 4420 3349 4457 an
3386 4420 3549 4459 eucus
3584 4420 3602 4456 :

2355 4478 2608 4542 excelsis;
2648 4477 2840 4531 laudes
2869 4491 2997 4531 vero
3032 4476 3145 4542 sive
3186 4470 3328 4527 αῐνοι
3352 4420 3605 4530 g’salmo-

2035 4566 2155 4604 rum
2190 4558 2300 4604 tres
2330 4540 2612 4617 postremi,
2643 4547 2736 4617 qui
2766 4561 2797 4601 a
2829 4545 3031 4601 Graecis
3056 4540 3196 4599 αῐνοι
3216 4544 3499 4599 dicuntur.

2112 4684 2220 4757 (16)
2252 4684 2334 4739 Ad
2380 4685 2753 4757 apostolorum
2771 4682 2919 4757 Acta
2949 4684 3268 4738 illustranda
3295 4684 3391 4757 ubi
3421 4699 3608 4757 sermo

2035 4752 2216 4811 estde
2254 4752 2499 4810 custodia
2536 4756 2593 4809 S.
2642 4754 2785 4809 Petri
2813 4756 2881 4808 ad
2926 4770 3115 4808 necem
3162 4755 3364 4809 servati
3390 4755 3462 4808 ab
3499 4752 3611 4807 He-

2035 4827 2163 4881 rode
2206 4824 2461 4895 Agrippa,
2514 4826 2753 4880 nondum
2805 4823 3010 4893 aliquid
3054 4825 3233 4895 simile
3278 4826 3335 4879 in
3368 4824 3609 4895 historia

2034 4894 2379 4965 suppetebat.
2406 4894 2565 4951 Nunc
2595 4904 2773 4950 autem
2815 4904 3014 4963 praesto
3060 4903 3145 4948 est
3189 4894 3243 4947 in
3296 4895 3418 4963 pari
3454 4894 3612 4965 mili-

2037 4964 2149 5020 tum
2188 4980 2434 5034 numero,
2466 4980 2766 5033 eorumque
2808 4965 2925 5034 pari
2966 4966 3136 5029 exitu,
3184 4965 3439 5033 quamvis
3484 4964 3615 5017 feli-

2034 5036 2184 5092 ciori.
2216 5032 2351 5089 Nam
2387 5034 2628 5090 Herodes
2654 5032 2771 5105 cum
2806 5032 3215 5105 aquaam,“
3236 5051 3340 5087 non
3372 5035 3616 5105 invenis-

2033 5116 2129 5171 set,
2158 5107 2495 5176 inquisitione
2520 5106 2663 5175 facta
2686 5104 2749 5157 de
2774 5103 3098 5171 custodibus,
3120 5104 3286 5176 jussit
3313 5120 3404 5158 eos
3430 5103 3555 5176 duci
3584 5120 3614 5168 ;

2034 5178 2154 5232 Act.
2187 5172 2286 5239 xii,
2329 5176 2415 5230 19.
2450 5172 2629 5231 Nostri
2655 5190 2784 5229 vero
2812 5183 3078 5245 martyres
3119 5174 3395 5245 obierunt.
3420 5172 3611 5245 Qua-

2035 5258 2155 5300 tuor
2181 5246 2359 5316 itaque
2388 5246 2614 5299 militum
2636 5242 3083 5315 quaternionibus,
3105 5244 3198 5314 qui
3219 5242 3618 5316 apostolorum

2031 5314 2328 5386 principem
2369 5314 2765 5377 custodiebant,
2795 5316 3127 5384 respondent
3157 5314 3338 5386 nostri;
3369 5314 3615 5386 milites,

2030 5382 2124 5457 qui
2150 5382 2418 5457 sexdecim
2443 5396 2823 5457 numerantur,
2839 5382 3132 5457 Ceiisorini
3148 5384 3427 5457 custodes.
3449 5382 3620 5457 Qua-

2029 5454 2171 5511 terni
2202 5456 2407 5526 scilicet
2432 5471 2531 5525 pro
2559 5456 2749 5526 quavis
2781 5456 2961 5525 vigilia
2990 5455 3167 5526 noctis
3189 5454 3453 5526 custodia:
3496 5455 3617 5526 ad-

2031 5526 2326 5597 vigilabant
2364 5522 2805 5597 Romanoinore,
2835 5522 2995 5597 quem
3031 5522 3269 5597 Herodes
3298 5533 3384 5597 est
3411 5523 3623 5577 imita-

2029 5594 2139 5651 tus.
2186 5596 2328 5650 Nam
2359 5596 2423 5650 de
2451 5595 2672 5666 singulis
2705 5595 2959 5666 centuriis
2998 5594 3239 5666 quaterni
3260 5594 3624 5666 pedites__e3-

2030 5667 2263 5720 cubitum
2289 5675 2436 5720 nocte
2457 5663 2678 5735 faciunt.
2703 5664 2956 5735 Modest.,
2988 5663 3065 5719 De
3086 5664 3263 5720 vocab.
3291 5664 3369 5717 rei
3400 5663 3621 5731 πιίίὶι..

2029 5737 2129 5792 int.
2155 5735 2348 5807 δεῖᾶρα.
2386 5734 2465 5792 rei
2483 5735 2663 5804 milit.,
2688 5744 2727 5791 ι.
2760 5734 2802 5796 l,
2829 5750 2882 5806 p.
2913 5734 3035 5791 359.
