3826 6508
175 367 265 423 δεῖ

1526 358 1709 417 ACTA
1748 358 2028 418 GRAECA.

171 482 451 547 κουλιανὺς,
478 482 739 554 Νεϐἐριος
772 482 883 553 (17)
918 483 1259 555 Σίτοράκινος,
1298 483 1487 553 Μῆνας
1510 524 1525 547 ,
1566 484 1852 553 Κομόδιος,

3295 372 3398 426 5'58

1929 484 2152 556 Ἑρμῆς,
2206 482 2447 557 Μαῦρος,
2506 484 2799 551 Εὐσέϐιος,
2845 486 3181 554 Ῥωστίκιος,
3214 492 3395 546 Μονά-

166 594 299 647 κριος
334 575 469 645 (18),
515 576 847 646 Ἀμανδῖνος,
904 577 1225 647 Ὀλύμπιος,
1281 579 1547 649 Κύπριος,
1610 578 1703 632 καὶ
1752 578 2026 647 Θεόδωρος
2084 581 2112 632 6
2175 581 2452 652 τριϐοῦνος
2486 581 2675 635 ἔϐαλον
2714 584 2937 649 ἑαυτοὺς
2972 586 3087 656 ἅμα
3116 584 3254 657 πρὸς
3273 590 3399 651 τοὺς

163 671 311 735 πόδας
339 669 434 723 τοῦ
472 674 1165 751 μακαριωτάτουιΜαξίμου
1204 672 1297 727 τοῦ
1352 674 1743 746 πρεσϐυτέρου,
1790 675 2032 745 δεόμενοι
2083 676 2178 729 τοῦ
2224 677 2520 750 ἀξιωθῆναι
2543 680 2739 742 αὐτοὺς
2764 680 2858 735 τοῦ
2897 682 3055 749 ἁγίου
3087 683 3397 757 βαπτίσμα-

162 782 254 829 τος.
332 766 519 828 Ὅστις
586 767 718 839 παρ’
752 767 889 821 αὐτὰ
950 769 1090 822 κατὰ
1134 768 1233 836 τήν
1286 770 1539 824 εἰωθυῖαν
1576 770 1893 824 ἀκολουθίαν
1938 771 2050 843 (19)
2100 774 2307 837 πάντας
2349 774 2657 841 ἐκτελέσας,
2692 776 2785 829 καὶ
2806 777 2905 841 τὰς
2940 779 3215 850 μακαρίας
3248 780 3399 852 Χρυ-

162 860 247 929 σῆς
276 859 514 929 ἐσθῆτας
535 864 669 939 (19⁸)
692 860 1163 936 διακοσμησάσης,
1222 865 1317 919 καὶ
1360 865 1507 920 σιτία
1559 865 1697 937 πρὸς
1738 865 2027 938 διατροφὴν
2061 868 2426 941 παρεχούσης,
2468 871 2765 926 ἐϐάπτισεν
2798 873 3041 938 ἅπαντας
3084 875 3164 939 εἰς
3192 876 3253 929 τὸ
3279 876 3391 929 ὅνο⁶

161 972 225 1026 μα
251 954 339 1007 τοῦ
377 955 610 1027 Πατρὸς,
634 959 730 1010 καὶ
764 956 857 1010 τοῦ
904 958 1064 1023 Υἱοῦ,
1110 962 1201 1013 καὶ
1226 960 1319 1013 τοῦ
1348 960 1503 1029 ἁγίου
1526 960 1862 1032 Πνεύματος,
1888 961 2137 1026 είδόντες⁷
2178 963 2197 1031 (
2214 965 2313 1034 20)
2347 983 2408 1018 τε
2431 966 2614 1020 λοιπὸν
2644 969 2967 1039 ἐκομίσαντο
2994 969 3091 1042 τὴν
3115 972 3271 1043 χάριν
3301 972 3395 1025 τοῦ

156 1052 576 1123 παντοκράτορος
611 1051 763 1105 Θεοῦ.
813 1054 1024 1119 Νυκτὸς
1072 1054 1129 1108 δὲ
1156 1057 1596 1128 παραγινομένης
1616 1059 1644 1110 ὁ
1676 1055 2091 1127 μακαριώτατος
2117 1061 2393 1131 Κυριακὸς
2424 1062 2452 1113 6
2490 1062 2786 1127 ἐπίσκοπος
2829 1063 2887 1117 τὸ
2918 1066 3010 1118 τοῦ
3034 1065 3269 1137 Χριστοῦ
3294 1067 3398 1137 μύ-

157 1166 233 1219 ρον
252 1148 358 1218 (21)
381 1148 592 1217 χρίσας,
613 1149 940 1220 ἐσφράγισεν
967 1151 1181 1215 αὐτοὺς,
1202 1153 1294 1207 καὶ
1310 1154 1625 1224 κατηχήσας
1654 1154 1765 1215 τοῖς
1788 1152 1888 1223 τῆς
1901 1153 2131 1217 πίστεως
2143 1154 2320 1223 λόγοις
2338 1156 2666 1230 ἐσφράγισεν
2684 1158 2988 1224 ἁπελούσας
3010 1164 3029 1183 ⁶
3052 1162 3159 1232 (22)
3176 1162 3394 1225 αύτούς.

210 1244 277 1299 Γ’.
315 1244 557 1307 Σκυτεὺς
585 1244 641 1297 δέ
662 1262 743 1308 τις
763 1241 830 1315 ἦν
867 1248 924 1299 ἐν
955 1246 1105 1317 αὐτῷ
1127 1246 1205 1317 τῷ
1230 1248 1381 1317 τόπῳ
1401 1290 1416 1314 ,
1461 1240 1668 1311 οὗτινος
1698 1271 1703 1293 ι

1901 1247 1984 1300 lll.
2020 1250 2182 1303 Sotor
2214 1251 2336 1319 (sic)
2368 1262 2549 1317 autem
2578 1261 2696 1306 erat
2724 1254 2778 1307 in
2807 1254 2998 1309 eodem
3035 1255 3192 1312 loco:
3235 1257 3395 1326 cujus

152 1338 251 1401 υίὸς
268 1337 327 1389 ἐν
357 1336 532 1409 ταύτῃ
568 1337 687 1409 ὥρᾳ
736 1334 803 1409 ἦν
846 1339 1140 1409 τεθνηκώς.
1172 1342 1482 1413 Παριόντων
1514 1341 1573 1395 δὲ
1613 1342 1718 1394 τῶν

154 1428 425 1499 μακαρίων
455 1428 735 1500 Κυριακοῦ
763 1446 824 1482 τε
854 1430 948 1483 καὶ⁴
975 1428 1226 1501 Μαξίμου
1247 1430 1384 1501 μετὰ
1412 1432 1509 1502 τῆς
1538 1450 1713 1503 μακα-

154 1521 254 1590 ρίας
267 1520 648 1591 Χρυσῆς,άλλὰ
668 1522 763 1591 μὲν
778 1521 988 1574 καὶτῶν
1010 1523 1177 1590 ἁγίων
1195 1523 1289 1575 τοῦ
1304 1523 1536 1593 Χριστοῦ
1554 1541 1711 1595 στρα-

148 1608 356 1673 τιωτῶν,
394 1609 608 1683 ἕθρηνε*
637 1614 665 1665 6
696 1613 921 1675 σκυτεύς
957 1612 1049 1665 ἐπὶ
1094 1613 1170 1683 τῷ
1215 1614 1428 1684 Θανάτῳ
1465 1614 1558 1667 τοῦ
1598 1614 1713 1667 υίοῦ

149 1700 311 1754 αὐτοῦ.
353 1702 491 1754 Τότε
515 1704 543 1755 6
564 1702 975 1774 μακαριώτατος
1007 1703 1257 1775 Μάξιμος
1287 1707 1315 1758 6
1344 1704 1713 1778 πρεσϐύτερος

146 1790 233 1861 ἔφη
267 1793 412 1863 πρὸς
438 1793 529 1846 τὸν
556 1792 754 1847 σκυτέα
772 1810 786 1823 ·
814 1795 1105 1847 Πίστευσον
1124 1797 1204 1859 εἰς
1220 1797 1310 1848 τὸν
1338 1796 1712 1869 Κύριονὴμῶν

156 1880 346 1950 Ἰησοῦν
378 1881 613 1953 Χριστὸν
646 1882 986 1936 κατενώπιον
1022 1884 1240 1938 πάντων
1269 1886 1423 1956 ἡμῶν
1449 1929 1463 1950 ,
1510 1888 1601 1940 καὶ
1645 1888 1710 1941 σὺ

145 1971 311 2043 ζήσεις
323 1973 424 2026 καὶ
438 1974 527 2026 τὸν
549 1974 661 2027 υἱόν
678 1992 769 2027 σου
790 1975 1116 2047 ἀπολήψης⁶.
1136 1978 1192 2030 '0
1210 1977 1265 2031 δὲ
1298 1978 1436 2049 μετὰ
1463 1980 1711 2054 δακρύων

144 2060 306 2118 εἶπεν
344 2067 445 2129 Εἰς
472 2066 594 2119 τίνα
625 2067 935 2133 mss-566w;
959 2071 1037 2132 εἰς
1064 2070 1230 2141 ὅνπερ
1262 2072 1369 2125 ἀπὸ
1397 2073 1497 2143 τῆς
1526 2075 1711 2146 νεότη-

143 2158 220 2221 τός
258 2175 363 2227 μου
415 2157 579 2229 μέχρι
616 2156 710 2210 τοῦ
762 2158 856 2211 νῦν
902 2159 1334 2233 ἐϐλασφήμησα;
1368 2164 1619 2237 Μάξιμος
1648 2169 1709 2235 (ὁ

142 2248 525 2320 πρεσϐύτερος)
560 2246 713 2303 εἶπεν
735 2267 746 2278 ·
780 2251 1202 2323 Μεταμελήθητι
1232 2256 1317 2324 ἐφ’
1336 2250 1416 2320 οἷς
1444 2256 1705 2329 ἔπραξας,

141 2342 257 2395 διότι
275 2345 303 2395 6
325 2342 466 2406 Θεὸς
490 2343 647 2413 ἡμῶν
684 2343 790 2396 τῶν
818 2344 1216 2414 μετανοούντων
1244 2348 1387 2401 ἐστὶν
1406 2391 1421 2412 ,
1461 2352 1534 2420 μὴ
1571 2352 1706 2405 ἁπο-

138 2434 293 2498 διδοὺς
321 2434 469 2487 κατὰ
498 2435 599 2497 τὰς
646 2435 921 2506 ἁμαρτίας
948 2436 1137 2507 ήμῶν,
1172 2438 1309 2492 ἀλλὰ
1344 2442 1512 2495 ςτοιῶν
1565 2446 1705 2498 κατὰ

140 2527 191 2579 τὸ
218 2527 358 2597 μέγα
387 2526 555 2580 αὐτοῦ
610 2526 775 2591 ἕλεος.
820 2530 877 2582 '0
906 2529 962 2582 δὲ
1004 2532 1231 2594 σκυτεὺς
1274 2530 1455 2586 εἶπεν·
1499 2536 1705 2591 Οὐκοῦν

141 2618 537 2689 βαπτίσατὲμε
580 2621 639 2672 ἐν
680 2619 757 2691 τῷ
801 2620 1026 2691 ὀνόματι
1073 2622 1238 2676 αὐτοῦ
1274 2624 1361 2677 ἵνα
1414 2628 1702 2682 πιστεύσω.

140 2708 256 2761 Τότε
284 2708 593 2780 ἐϐαπτίσθη
628 2713 708 2773 είς
736 2711 797 2764 τὸ
824 2710 994 2782 ὄνομα
1014 2712 1115 2781 τῆς
1143 2714 1304 2781 ἁγίας
1333 2717 1578 2788 Τριὰδος.
1600 2719 1707 2774 Καὶ

138 2802 416 2872 γενόμενος
442 2802 765 2873 Χριστιανὸς
790 2844 805 2869 ,
845 2804 979 2874 μετὰ
1013 2804 1071 2858 τὸ
1102 2803 1353 2869 δέξασθαι
1404 2809 1564 2863 αὑτὸν
1609 2811 1711 2881 τὴν

142 2895 400 2964 σφραγῖδα
422 2894 517 2946 τοῦ
542 2894 801 2964 Χριστοῦ,
825 2895 1027 2966 χαίρων
1044 2899 1137 2950 καὶ
1152 2898 1554 2970 άγαλλιώμενος
1568 2902 1710 2975 ἀπή-

139 2999 293 3051 γαγεν
316 2983 492 3037 αὑτὸν
518 2984 596 3047 είς
625 2983 716 3037 τὸν
741 2985 855 3037 υἱὸν
886 2985 1070 3038 αὐτοῦ.
1113 2988 1319 3059 Ὅνπερ
1342 2987 1417 3053 ὡς
1450 2990 1709 3044 ἐθεάσατο

142 3073 595 3146 ὀμακαριώτατος
640 3074 893 3145 Μάξιμος
941 3078 971 3128 6
1028 3076 1395 3149 πρεσϐύτερος
1437 3081 1572 3150 μετὰ
1616 3082 1709 3136 δα-

139 3166 302 3236 κρύων
335 3164 447 3235 ἔφη
467 3182 481 3194 ·
517 3153 689 3236 Κύριε
721 3164 895 3235 Ἰησοῦ
928 3166 1557 3235 Χριστέ,ὁκαταξιώσας
1584 3188 1708 3241 μορ-

138 3256 229 3325 φὴν
257 3255 450 3309 δούλου
483 3255 792 3313 ἀναλαϐεῖν.
830 3256 917 3309 ἵνα
948 3257 1093 3327 ἡμᾶς
1118 3257 1224 3310 ἀπὸ
1257 3259 1355 3329 τῆς
1397 3261 1489 3313 τοῦ
1530 3262 1708 3315 διαϐό-

138 3342 216 3399 λου
245 3347 491 3410 δουλείας
516 3345 825 3417 λυτρώσῃς,
858 3330 1148 3418 ἐπίϐλεψον
1186 3352 1279 3403 ἐπὶ
1326 3351 1393 3405 τά
1425 3352 1563 3424 ἔργα
1599 3355 1707 3406 τῶν

138 3437 318 3507 χειρῶν
351 3455 454 3490 σου
485 3438 634 3500 ὅπως
665 3436 1035 3509 ἐπιγνώσηταί
1071 3457 1131 3493 σε
1167 3441 1256 3495 τὸν
1300 3444 1529 3516 ποιητὴν
1550 3486 1566 3511 ,
1613 3446 1707 3499 καὶ

136 3525 456 3598 δημιουργὸν
488 3527 674 3582 αὑτοῦ.
704 3528 838 3581 Τότε
868 3528 897 3581 6
931 3529 1348 3601 μακαριώτατος
1380 3534 1655 3605 Κυριακὸς
1676 3537 1706 3588 6

136 3618 421 3684 ἐπίσκοπος
446 3614 629 3673 εἶπεν·
655 3619 848 3692 Κύριε,
874 3621 932 3673 ἐν
959 3621 1037 3691 τῷ
1074 3622 1153 3694 σῷ
1196 3624 1421 3696 ὀνόματι
1453 3629 1705 3697 κάμπτο-

138 3714 313 3779 μεντὰ
336 3713 547 3782 γόνατα
589 3711 765 3783 ἡμῶν.
809 3713 896 3775 Ὧς
937 3714 993 3767 δὲ
1028 3715 1260 3785 ηὔξαντο
1290 3718 1517 3773 ἐπιπολὺ
1538 3760 1552 3785 ,
1601 3720 1703 3793 ἔφη

135 3804 281 3857 πάλιν
307 3808 336 3858 6
371 3803 793 3875 μακαριώτατος
820 3808 1098 3879 Κυριακός
1116 3824 1129 3836 ·
1151 3807 1321 3880 Κύριε
1368 3809 1543 3880 Ἰησοῦ
1573 3812 1707 3883 Χρι-

138 3895 238 3959 στὲ,
261 3900 290 3950 6
308 3895 401 3948 διὰ
434 3894 581 3958 ἔλεος
615 3895 850 3967 ἄμετρον
872 3899 967 3951 καὶ
986 3898 1084 3970 τὴν
1112 3899 1409 3970 ἀνθρώπων
1432 3902 1703 3975 σωτηρίαν
1731 3933 1771 3989 C

198 4062 309 4133 (17)
336 4061 475 4116 Mss.
511 4061 881 4133 S._Maximin.
930 4075 1015 4129 ap.
1047 4058 1257 4133 Trevir.
1289 4056 1564 4133 Benerius,
1606 4068 1702 4133 aut

143 4128 410 4197 Venerius,
460 4142 522 4186 ut
569 4131 772 4194 Siber.,
824 4128 1109 4199 Μανίῳ-οι.
1156 4136 1314 4181 metr.
1357 4143 1412 4196 p.
1468 4129 1572 4199 μ,
1604 4129 1698 4198 qui

134 4200 326 4258 frustra
369 4218 664 4257 numerum
713 4201 883 4256 auxit.
931 4198 1068 4254 Nam
1123 4199 1340 4269 Auram
1366 4206 1421 4269 et
1456 4198 1699 4269 Chrysen

133 4273 263 4329 duas
290 4275 455 4338 facit;
483 4274 623 4327 duos
652 4273 817 4328 etiam
843 4270 1189 4324 Theodorum
1218 4276 1271 4322 et
1287 4266 1626 4338 ATribunum.

200 4345 308 4415 (18)
345 4336 485 4398 Mss.
508 4342 566 4397 S.
594 4342 898 4408 Maximin.,
936 4339 1254 4403 Monaxius;
1280 4336 1480 4401 Siber.,
1510 4337 1701 4391 Mona-

337 4482 681 4548 Ἀκολουθία,
707 4498 867 4555 quam
888 4479 1067 4555 Latini
1085 4481 1406 4555 sequentium
1423 4478 1697 4555 dixerunt,

133 4549 214 4608 hic
243 4549 343 4624 pro
365 4555 628 4624 universo
651 4549 753 4607 ritu
782 4550 1205 4607 administrandi
1237 4549 1497 4624 Baptismi
1525 4550 1696 4624 sumi—

132 4619 325 4686 tui-fac
350 4622 597 4679 ostendit
616 4624 858 4690 ejusdem
882 4624 1018 4677 ritus
1043 4630 1096 4675 et
1124 4619 1569 4690 caarem’Oniarum
1590 4620 1696 4674 Ba-

129 4696 309 4763 ptismi
362 4688 724 4757 vetustatem;
761 4694 1058 4763 quinetiam
1110 4690 1260 4745 vocis
1312 4688 1485 4759 ipsius
1521 4705 1697 4763 quam

131 4760 297 4820 Graeci
353 4765 540 4819 adhuc
586 4760 837 4818 retinent.
875 4760 1127 4815 Nondum
1184 4770 1365 4814 tamen
1422 4761 1699 4828 antiquius

131 4835 331 4889 nostris
358 4834 512 4888 Actis
540 4844 957 4888 monumentum
977 4831 1248 4900 apparuit,
1284 4830 1373 4883 ubi
1403 4828 1506 4884 hoc
1530 4845 1697 4884 sensu

128 4904 419 4959 ἀκολουθία
459 4913 773 4971 usurpetur.
816 4902 874 4957 S.
908 4899 1241 4971 Epiphanius
1270 4916 1333 4971 ex
1382 4899 1701 4971 interpreta-

127 4976 270 5030 tione
297 4975 358 5028 S.
394 4969 967 5043 Hieron'ymiivideturi
988 4969 1170 5026 missae
1198 4970 1443 5043 ordinem
1469 4969 1695 5043 ἀκολου-

130 5043 247 5100 θίαν
270 5039 696 5114 dixisse,_qu'am
714 5042 1072 5114 Hieronymus
1094 5040 1254 5094 vertit
1280 5039 1698 5108 consequentiam

129 5116 182 5169 in
208 5117 372 5181 epist.
399 5115 469 5169 ad
496 5112 693 5168 Joann.
725 5112 952 5168 Jerosol.

197 5174 337 5255 ((9⁸)
368 5182 807 5255 Vetustissimum
833 5182 900 5232 de
918 5176 1164 5255 candidis
1202 5174 1591 5255 neophytorum
1624 5191 1710 5230 ve—

150 5245 330 5309 Stihais'
353 5250 747 5307 testimonium.
778 5249 911 5303 Acta
935 5245 993 5302 S.
1028 5245 1245 5303 Geuesii
1283 5245 1352 5299 Μ.
1383 5245 1586 5301 nostris
1607 5260 1707 5316 po-

144 5327 379 5381 steriora
404 5330 553 5378 sunt.

1823 1338 1967 1394 ﬁlius
1998 1341 2184 1394 eadem
2214 1340 2350 1395 hora
2386 1353 2636 1398 mortuus
2680 1342 2875 1399 fuerat.
2910 1344 3250 1402 'l‘ranseunte
3291 1364 3393 1401 au-

1821 1439 1927 1484 tem
1962 1432 2120 1486 beato
2150 1432 2409 1498 Quiriaco
2436 1443 2488 1487 et
2515 1433 2751 1490 Maximo
2794 1444 2847 1490 et
2896 1437 3051 1491 beata
3088 1440 3233 1493 Aura
3260 1479 3275 1502 ,
3309 1439 3393 1492 la-

1821 1522 2163 1575 mentabatur
2210 1532 2363 1576 sotor
2410 1524 2465 1576 in
2513 1533 2689 1579 morte
2741 1525 2836 1579 filii
2867 1527 2971 1581 sui.
3003 1526 3157 1583 Tunc
3200 1529 3394 1584 beatus

1818 1612 2086 1667 Maximus
2136 1613 2417 1683 presbyter
2443 1613 2580 1669 dixit
2619 1615 2686 1669 ad
2718 1625 2952 1669 sotorem
2980 1635 2992 1670 :
3021 1616 3100 1671 Tu
3145 1619 3305 1673 crede
3338 1621 3393 1673 in

1818 1702 1986 1757 Deum
2018 1702 2202 1758 Jesum
2227 1704 2507 1759 Christum
2540 1721 2722 1760 coram
2748 1707 3002 1761 omnibus
3030 1708 3222 1775 nobis;
3253 1719 3308 1764 et
3335 1722 3393 1765 tu

1814 1798 1965 1851 vives
1996 1806 2051 1850 et
2084 1796 2253 1849 filium
2307 1804 2461 1849 tuum
2506 1796 2753 1865 recipies.
2797 1795 2890 1850 Ille
2925 1808 3106 1853 autem
3125 1815 3271 1855 ~cum
3314 1801 3394 1854 la-

1813 1888 2015 1959 crymis
2044 1886 2223 1941 dixit:
2279 1884 2336 1938 lu
2381 1901 2491 1954 quo
2525 1888 2742 1940 credam
2773 1905 2786 1939 :
2838 1903 2997 1957 quem
3033 1904 3064 1942 a
3105 1889 3392 1958 juventute

1815 1996 1934 2034 mea
1955 1977 2371 2047 blasphemavi?
2399 1976 2703 2047 Respondit
2721 1978 2912 2033 beatus
2938 1979 3245 2035 Maximus:
3272 1981 3396 2036 Pw-

1812 2072 2095 2125 nitentiam
2125 2084 2245 2138 age,
2267 2070 2394 2139 quia
2433 2068 2576 2123 Deus
2608 2068 2985 2138 paenitentium
3018 2079 3101 2125 est
3128 2086 3241 2125 non
3274 2074 3395 2127 red.

1810 2167 1943 2218 deus
1960 2164 2257 2217 secundum
2282 2170 2505 2231 peccata
2532 2171 2753 2226 nostra;
2779 2162 2871 2216 sed
2894 2161 3058 2217 faciet
3084 2164 3389 2220 secundum

1810 2272 1965 2310 suam
2002 2270 2255 2326 magnam
2308 2253 2761 2308 misericordiam.
2796 2252 2956 2308 Soter
2996 2266 3178 2309 autem
3211 2257 3385 2312 dixit:

1808 2347 1920 2417 Ego
1953 2349 2115 2402 credo
2139 2347 2191 2400 in
2225 2346 2391 2399 Deum
2421 2344 2607 2400 Jesum
2638 2345 2937 2400 Christum.
2990 2344 3145 2401 Tunc
3194 2347 3393 2405 beatus

1808 2441 2075 2495 Maximus
2106 2438 2396 2515 baptizavit
2424 2453 2552 2492 eum
2583 2437 2638 2490 in
2672 2437 2893 2491 nomine
2939 2436 3118 2494 Patris
3148 2446 3205 2494 et
3236 2438 3385 2504 Filii,

1808 2540 1863 2586 et
1888 2531 2123 2599 Spiritus
2154 2529 2360 2593 sancti;
2388 2537 2445 2582 et
2474 2529 2605 2582 dum
2634 2527 2933 2597 accepisset
2964 2529 3183 2598 signum
3224 2530 3387 2584 Chri-

1811 2623 1880 2677 sti
1916 2624 2156 2695 gaudens
2178 2631 2233 2676 et
2257 2622 2536 2676 exsultans
2558 2619 2783 2675 deduxit
2818 2622 3035 2675 beatum
3070 2621 3384 2688 Quiriacum

1809 2723 1864 2767 et
1890 2712 2186 2767 Maximum
2245 2711 2621 2781 presbyterum
2671 2711 2739 2766 ad
2782 2711 2954 2766 filium
2989 2727 3175 2768 suum.
3231 2711 3388 2767 Tunc

1810 2806 2001 2861 beatus
2054 2804 2345 2871 Quiriacus
2392 2805 2684 2875 episcopus
2735 2804 2902 2859 dixit:
2970 2802 3202 2859 Domine
3252 2803 3387 2861 Jesu

1807 2894 2045 2955 Christe.
2076 2897 2169 2964 qui
2220 2895 2475 2965 dignatus
2516 2910 2576 2949 es
2604 2894 2839 2951 formam
2885 2894 3031 2949 servi
3068 2893 3384 2967 suscipere,

1810 2997 1869 3041 ut
1896 3002 1999 3043 nos
2028 2986 2095 3041 de
2120 2987 2380 3041 servitute
2403 2986 2605 3041 diaboli
2641 2987 2936 3052 liberares;
2972 2986 3067 3056 qui
3114 2985 3384 3041 Lazarum

1804 3079 1915 3147 jam
1966 3078 2318 3147 pmuitcntem
2363 3077 2440 3146 (1.
2471 3076 2756 3145 fetentem)
2808 3077 3075 3130 suscitare
3126 3077 3385 3145 dignatus

1806 3185 1887 3231 es,
1911 3178 1965 3223 et
1988 3168 2157 3223 filium
2185 3168 2407 3223 unicum
2433 3169 2610 3223 viduae
2633 3169 2938 3230 redonasti;
2970 3166 3201 3222 ostende
3220 3184 3386 3238 super

1808 3260 1954 3314 hunc
1984 3258 2249 3313 famulum
2301 3268 2451 3311 tuum
2489 3268 2635 3312 tuam
2686 3258 3154 3327 misericordiam;
3202 3270 3263 3315 ut
3290 3277 3386 3316 co-

1808 3359 2034 3419 gnoscat
2063 3359 2114 3403 te
2140 3347 2311 3402 Deum
2340 3349 2545 3416 vivum,
2584 3359 2639 3403 et
2684 3364 2896 3416 verum,
2934 3359 3239 3407 creatorem
3282 3369 3384 3407 no-

1808 3453 1981 3497 strum
2012 3442 2067 3495 in
2094 3442 2506 3511 regeneratione
2528 3457 2664 3507 sua;
2689 3441 2819 3511 quia
2851 3450 2910 3496 tu
2946 3457 3143 3512 regnas
3177 3442 3233 3496 in
3280 3459 3385 3499 sa:-

1807 3533 1929 3588 cula
1949 3532 2273 3588 saeculorum
2293 3549 2306 3595 ;
2326 3544 2519 3587 etcum
2547 3548 2738 3589 omnes
2758 3533 3169 3603 respondissent
3184 3536 3380 3601 Amen,

1808 3623 2003 3677 revixit
2030 3622 2124 3692 qui
2173 3630 2291 3675 erat
2316 3629 2602 3688 mortuus,
2658 3631 2713 3677 et
2763 3623 2927 3691 coepit
2974 3624 3122 3694 loqui
3152 3623 3374 3682 dicens:

1808 3713 1918 3784 Ego
1946 3714 2055 3767 vidi
2081 3712 2249 3768 Deum
2278 3712 2464 3769 Jesum
2496 3712 2775 3768 Christum
2807 3714 3159 3769 reducentem
3188 3731 3277 3772 me
3313 3718 3382 3772 de

1806 3806 2046 3863 tenebris
2065 3808 2133 3861 ad
2166 3808 2361 3862 lucem.
2391 3805 2545 3861 Tunc
2612 3806 2970 3862 catechizavit
3000 3822 3125 3862 eum
3147 3826 3162 3874 ;
3187 3818 3381 3864 etcum

1805 3899 2109 3970 baptizatus
2152 3908 2301 3955 esset
2330 3909 2387 3956 et
2424 3899 2725 3969 accepisset
2753 3899 2967 3969 signum
3012 3900 3192 3955 crucis
3217 3944 3232 3967 ,
3284 3918 3382 3956 su.

1876 4058 1988 4127 (21)
2027 4056 2140 4111 Τοῦ
2156 4057 2411 4126 Χριστοῦ
2432 4059 2644 4127 μύρον.
2678 4058 2948 4128 Antiquus
2977 4061 3115 4113 ritus
3147 4059 3378 4115 balsami

1801 4128 2190 4183 commiscendi
2220 4144 2343 4183 cum
2375 4129 2495 4183 oleo
2533 4129 2586 4181 in
2613 4144 2724 4183 sac.
2744 4129 3035 4184 chrismate
3061 4133 3351 4184 confirma-

1802 4210 1891 4253 tur
1916 4238 1931 4261 ,
1965 4199 2211 4268 adeoque
2259 4199 2461 4251 mirum
2497 4206 2580 4253 est
2629 4199 2842 4267 aliquos
2872 4199 2939 4251 ad
2992 4200 3282 4254 Alcuinum
3324 4210 3380 4254 et

1802 4268 2135 4322 Amaiarium
2179 4268 2542 4330 descendere,
2595 4277 2653 4321 ut
2702 4268 3074 4336 permistionis
3126 4270 3373 4336 ejusdem

1802 4339 2177 4394 necessitatem
2196 4338 2505 4392 ostendant.
2535 4336 2669 4391 Nam
2694 4339 2747 4392 in
2766 4338 3242 4394 Constitutionibus
3256 4358 3379 4408 apo-

1802 4409 2004 4462 stolicis
2039 4409 2268 4476 hujusce
2284 4410 2422 4463 ritus
2444 4409 2743 4473 ﬁtmentio,
2759 4418 2921 4477 atque
2946 4410 3083 4464 ordo
3103 4409 3373 4479 Baptismi

1802 4480 2157 4542 describitur,
2188 4494 2255 4532 ne
2301 4480 2481 4533 oleum
2522 4478 3041 4533 catecllumenorum
3072 4478 3194 4535 cum
3228 4482 3376 4535 chri-

1802 4547 2392 4620 smategconfundatur,
2435 4549 2579 4620 quod
2607 4548 2813 4602 faciunt
2841 4549 3105 4620 lrzeretici.
3148 4551 3375 4620 Χρίσεις

1800 4618 1857 4671 δὲ
1880 4618 2092 4691 πρῶτον
2125 4618 2305 4691 ἐλαίῳ,
2333 4617 2522 4691 ἔπειτα
2558 4617 2840 4691 βαπτίσεις
2858 4617 3007 4671 ὕδατι
3026 4635 3040 4649 ·
3066 4620 3158 4672 καὶ
3192 4617 3376 4691 τελευ-

1799 4688 1955 4761 ταῖον
1990 4690 2308 4761 σφραγίσεις
2352 4689 2528 4761 μύρῳ.
2579 4688 2747 4761 Unges
2792 4691 3162 4761 autem_prius
3222 4688 3371 4752 oleo,

1800 4759 1986 4837 deinde
2009 4758 2311 4837 baptizatus
2328 4758 2555 4837 (ᾑρήκει
2583 4760 2793 4812 tandem
2818 4758 3050 4837 signalgis
3084 4768 3368 4837 unguento.

1802 4829 1892 4899 lib.
1927 4845 2043 4892 vni,
2076 4828 2213 4898 ’cap.
2246 4829 2335 4881 Ἡ.
2373 4828 2526 4895 Quod
2565 4837 2743 4882 autem
2792 4828 2884 4879 τοῦ
2932 4828 3102 4899 μύρου
3150 4829 3372 4899 nomine

1740 4904 1748 4913 ‘
1802 4898 2097 4952 balsamum
2126 4899 2390 4969 designet,
2423 4899 2651 4969 inferius
2673 4899 2973 4969 ostendite.
3003 4898 3093 4962 27,
3122 4898 3214 4951 ubi
3249 4915 3371 4968 gra-

1799 4970 1906 5040 tias
1934 4972 2045 5040 agit
2064 4969 2156 5022 xa‘t
2189 4966 2328 5040 ὑπὲρ
2357 4969 2455 5039 τῆς
2487 4968 2721 5040 εὐωδίας
2744 4966 2835 5019 τοῦ
2861 4966 3055 5040 μύρου,
3086 4966 3370 5036 etiam—pro

1802 5038 2101 5109 fragrantia
2132 5038 2486 5109 unguentum
2518 5055 2635 5105 cap.
2662 5038 2749 5092 44.

1872 5106 1981 5181 (Ξὲ)
2017 5106 2321 5181 Succinctus
2367 5124 2601 5161 summus
2626 5108 2867 5181 sacerdos
2896 5108 3047 5181 pedes
3090 5106 3186 5161 tibi
3221 5108 3366 5181 facit.

1800 5177 2052 5233 Ambros.
2103 5180 2181 5233 De
2213 5194 2439 5233 sacram.
2474 5193 2532 5231 In
2561 5218 2576 5242 ,
2634 5178 2685 5231 1,
2716 5178 3179 5232 Consuetudinem
3226 5177 3371 5232 hanc
3448 5187 3461 5209 '

1801 5248 2041 5303 Ecclesia
2066 5249 2131 5303 Β.
2166 5266 2272 5304 non
2304 5248 2492 5302 habuit
2516 5258 2732 5318 propter
2758 5248 3159 5301 multitudinem
3195 5247 3370 5316 bapti-

1728 5352 1773 5407 D
1801 5328 2067 5400 zatorum,
2108 5321 2349 5398 aliasque
2383 5318 2988 5407 c.ausas.lAl.i|)intatneu'
3009 5318 3246 5407 viguisse
3270 5333 3368 5397 no-_-

202 5396 220 5454 (
237 5394 343 5463 ’20)
380 5393 661 5446 Lectorem
687 5389 1158 5463 semelumonitum
1189 5387 1462 5450 volumus,
1495 5401 1596 5440 nos
1619 5401 1707 5463 as:
1730 5385 1772 5407 ν
1799 5391 2015 5463 vimus;
2051 5405 2196 5444 nunc
2215 5385 2380 5463 etiam
2409 5388 2462 5442 in
2492 5387 2741 5463 Ecclesia
2755 5387 3012 5441 Ostiensi.
3050 5385 3368 5463 Illiberitani

134 5457 339 5521 terisco
404 5471 623 5515 notasse
673 5460 934 5515 nonnulla
984 5459 1169 5522 verba,
1212 5474 1332 5527 qua:
1362 5472 1391 5511 a
1426 5457 1703 5512 communi

137 5550 234 5590 usu
258 5537 347 5590 vel
370 5532 585 5602 syntaxi
632 5531 939 5602 abhorrere
972 5528 1242 5602 videntur.
1275 5527 1486 5596 Cuiqne
1522 5536 1704 5602 autem

135 5607 337 5674 legenti
354 5596 580 5674 patebit.
595 5602 901 5674 versionem
923 5599 1170 5674 Latinam
1189 5613 1292 5674 non
1308 5612 1497 5674 parum
1512 5596 1706 5651 abesse

1799 5458 1901 5512 PP.
1932 5475 2050 5514 eam
2085 5458 2426 5513 sustulerunt
2453 5475 2576 5512 can.
2598 5459 2687 5524 48,
2719 5457 2969 5521 fortasse,
3004 5473 3065 5511 ne
3096 5458 3165 5510 ad
3192 5458 3367 5526 ipsum

1798 5539 2187 5584 sacramentum
2220 5528 2483 5597 Βαρεὶδωὶ
2519 5530 2778 5582 videretur
2808 5529 3085 5596 pertinere,
3114 5537 3171 5580 ut
3199 5529 3273 5581 ait
3304 5526 3362 5581 S.
3386 5555 3399 5575 ο

1796 5603 1933 5670 Aug.
1964 5601 2030 5654 ad
2056 5599 2175 5655 Jan.
2210 5615 2296 5668 ep.
2326 5598 2460 5670 U9,
2510 5599 2592 5651 18.
2626 5598 2781 5665 Quod
2819 5608 2997 5670 noctu;
3014 5598 3070 5652 ὃ.
3104 5597 3367 5668 Cyriacns

133 5667 264 5747 quin
294 5667 507 5747 textum
534 5670 779 5726 Graecum
803 5672 869 5724 ad
893 5670 1112 5747 verbum
1133 5670 1417 5747 exprimat.
1436 5668 1701 5747 Caeterum
1796 5667 1912 5725 haec
1944 5670 2126 5724 omnia
2169 5667 2396 5739 geSserit
2420 5710 2433 5732 ,
2472 5668 2865 5738 persecutionis
2897 5684 2926 5721 a
2963 5667 3186 5723 Claudio
3217 5670 3367 5724 exci-

137 5738 651 5816 ihterpretatiouem
679 5756 870 5816 novam
900 5739 1087 5816 Gratco
1110 5738 1705 5816 testui‘magisconso-
1794 5748 1919 5795 tata:
1948 5738 2325 5811 argumentum
2359 5748 2460 5794 est.

136 5807 527 5883 naut-edimus
574 5812 644 5868 ad
678 5811 879 5870 calcem
921 5809 1232 5866 voluminis.
1270 5807 1427 5862 Eun.
1464 5807 1699 5863 Ρλτιιοι..
