3826 6508
451 315 558 374 559

1853 304 1912 362 S.
1945 301 2307 361 HIPPOLYTI
3074 335 3080 339 -
3561 316 3638 373 550

450 432 619 503 scepit
654 446 780 485 eum
811 431 968 485 beata
997 427 1176 482 Aura:
1213 434 1330 482 erat
1355 427 1499 482 enim
1535 440 1804 481 annorum
1839 423 2012 480 decem

2133 419 2462 494 σταυρωθεὶς
2495 419 2586 473 ἐπὶ
2620 419 2844 474 Ποντίου
2861 419 3118 486 Πιλάτου,
3135 425 3162 477 6
3187 422 3276 476 τὸν
3301 424 3513 498 Λάζαρον
3530 433 3639 498 ivga.

448 525 543 594 qui
575 523 934 578 resuscitatus
956 531 1042 576 est
1064 519 1285 574 nomine
1316 518 1628 592 Faustinus.
1667 516 1864 572 Eodem
1889 525 2026 570 tem-

449 629 580 684 pore
608 613 919 668 nuntiatum
955 620 1039 665 est
1068 610 1294 666 Claudio
1316 649 1331 674 ,
1356 609 1483 678 quia
1504 617 1753 663 mortuus
1785 606 2021 661 suscita-

446 719 536 762 tus
557 705 750 762 fuisset
782 721 881 775 per
910 705 1212 759 orationem
1242 713 1554 760 sanctorum
1579 719 1593 767 ;
1626 709 1678 755 et
1704 699 1842 753 dixit
1863 697 2024 751 Clau-

444 802 608 857 dius:
643 799 758 856 Hoc
787 816 894 854 non
926 808 1011 854 est
1059 805 1253 869 praater
1297 803 1467 850 artem
1505 794 1792 864 magicam.
1833 789 1898 843 Et
1926 805 2023 842 vo-

444 894 586 948 cavit
617 895 682 946 ad
707 909 767 948 se
795 892 1059 946 vicarium
1085 886 1245 944 Urbis
1287 888 1510 942 nomine
1556 885 1772 956 Ulpium
1817 882 2023 936 Romu-

443 986 554 1039 lum
577 1027 592 1051 ,
624 986 712 1041 cui
740 986 856 1040 hinc
881 983 1138 1055 praecepit
1160 982 1348 1036 dicens
1377 997 1390 1032 :
1435 977 1771 1048 Sacrilegam
1812 975 2016 1027 Auram

443 1093 567 1148 quas
598 1078 908 1132 obscuravit
932 1091 1104 1147 genus
1135 1075 1296 1145 regiae
1319 1071 1605 1143 potestatis
1638 1084 1752 1125 suae
1772 1108 1788 1134 ,
1815 1075 1869 1122 et
1895 1080 2016 1120 cum

445 1171 672 1243 magicis
704 1171 913 1226 artibus
937 1169 1259 1224 desiderans
1282 1180 1496 1235 semper
1531 1163 1800 1227 habitare,
1845 1159 2022 1230 pinnis

444 1265 793 1333 constringe;
824 1263 895 1317 ita
928 1274 987 1316 ut
1009 1261 1055 1316 si
1081 1259 1472 1316 sacrificaverit
1517 1265 1571 1312 et
1598 1252 1890 1310 crediderit
1917 1251 2022 1305 diis

442 1360 778 1426 deabusque,
801 1354 945 1409 vivat
966 1361 1019 1407 et
1043 1351 1328 1420 inscriptio
1353 1363 1471 1404 mea
1492 1347 1700 1402 firmata
1723 1343 2020 1405 aboleatur;

443 1461 536 1506 aut
561 1451 655 1520 qui
712 1447 915 1502 inventi
950 1443 1151 1499 fuerint
1179 1458 1305 1498 cum
1331 1457 1393 1497 ea
1443 1440 1702 1497 societate
1731 1434 2023 1508 participes

441 1544 603 1600 simul
634 1542 809 1611 pinnis
835 1539 1165 1594 crucientur.

2135 534 2256 589 ρας,
2292 516 2385 570 καὶ
2417 515 2506 569 τὸν
2543 515 2804 586 μονογενῆ
2836 517 2948 569 υίὸν
2991 517 3090 588 τῆς
3122 518 3296 589 χήρας
3344 519 3636 594 ξωοποιήσας,

2131 609 2300 676 δεῖξον
2331 609 2422 662 καὶ
2451 607 2620 662 τανῦν
2644 607 2712 660 τά
2740 607 3016 678 θαυμάσιά
3047 626 3139 661 σου
3169 609 3261 662 ἐπὶ
3277 609 3446 664 τοῦτον
3468 614 3544 666 τὸν
3555 615 3644 669 δοῖ)-

2129 699 2218 752 λὸν
2250 717 2339 752 σου
2371 699 2455 752 ἵνα
2489 697 2856 771 ἐπιγνὼσηταί
2893 699 3104 753 σε.Θεὸν
3131 697 3308 764 ζῶντα
3333 702 3418 756 καὶ
3443 703 3643 776 ἀληθινὸν

2125 792 2182 842 ἐν
2237 793 2302 862 τῇ
2365 791 2753 862 παλιγγενεσία
2783 791 2970 854 αὐτοῦ,
3019 793 3100 846 ὅτι
3149 793 3460 866 δημιουργὸς
3495 793 3535 850 εἷ
3560 799 3641 854 τῶν

2126 881 2400 944 ἁπάντων,
2423 881 2516 934 καὶ
2533 879 2834 950 βασιλεύεις
2853 884 2932 946 είς
2950 881 3077 946 τοὺς
3109 883 3309 947 αἰῶνας
3333 885 3431 938 τῶν
3456 887 3640 942 αἰώνων·

2124 973 2218 1027 καὶ
2245 975 2302 1026 ἐν
2333 972 2410 1044 τῷ
2441 973 2648 1038 πάντας
2675 974 3039 1046 ἀποκριθῆναι
3075 975 3136 1028 τὸ
3186 977 3386 1048 Ἀμὴν,
3431 979 3643 1048 ἀνέζησεν

2121 1069 2148 1120 6
2176 1065 2473 1138 τεθνηκὼς,
2507 1068 2601 1120 καὶ
2620 1066 2821 1139 ἤρξατο
2851 1067 3032 1120 λαλεῖν
3059 1067 3240 1121 τοιάδε
3259 1085 3272 1096 ·
3309 1068 3440 1137 Ἐγὼ
3468 1069 3646 1142 ἑώρακα

2121 1158 2212 1212 τὸν
2240 1159 2443 1230 Κύριον
2479 1159 2685 1228 Ἰησοῦν
2709 1159 2943 1231 Χριστὸν
2981 1159 3447 1230 ὲπαναοτρέφοντά
3482 1178 3539 1230 με
3561 1161 3645 1213 ἀπὸ

2119 1251 2214 1305 τοῦ
2229 1253 2419 1305 σκότου
2446 1253 2526 1314 εἰς
2546 1251 2605 1305 τὸ
2631 1250 2746 1320 φῶς
2773 1251 2905 1322 (93).
2932 1252 3063 1304 Τότε
3085 1253 3391 1322 κατήχησεν
3407 1251 3562 1316 αὑτὸν,
3577 1253 3648 1304 καὶ

2122 1343 2416 1396 ἐϐάπτισεν
2447 1344 2528 1406 είς
2558 1341 2619 1396 τὸ
2634 1342 2805 1414 ὄνομα
2822 1342 2916 1395 τοῦ
2937 1342 3173 1414 Πατρὸς,
3207 1342 3299 1396 καὶ
3319 1341 3406 1394 τοῦ
3432 1342 3562 1403 Υἱοῦ,
3577 1344 3649 1396 καὶ

2120 1433 2215 1488 τοῦ
2240 1435 2396 1503 ἁγίου
2413 1433 2552 1486 Πνεύ
2562 1451 2750 1505 ματος.
2776 1433 3162 1505 Κομισάμενος
3182 1432 3279 1503 τὴν
3311 1431 3557 1503 σφραγῖδα
3579 1430 3650 1485 τοῦ

2123 1525 2458 1597 Πνεύματος,
2507 1527 2675 1597 ὅνπερ
2715 1527 2811 1580 καὶ
2848 1524 3064 1590 ἐδέξατο
3115 1529 3148 1596 ἡ
3191 1525 3430 1596 μακαρία
3465 1526 3649 1596 Χρυσῆ,

440 1638 717 1694 καλέσασα
736 1636 796 1689 τὸ
817 1636 987 1707 ὄνομα
1013 1633 1176 1687 αὑτοῦ
1200 1632 1492 1686 Φαυστῖνον
1511 1627 1646 1699 (24),
1667 1627 1793 1680 ὂντα
1824 1625 1898 1689 ὡς
1923 1623 2057 1676 ἐτῶν
2087 1621 2314 1676 δώδεκα.
2363 1623 2450 1676 Ἐν
2480 1621 2627 1692 αὐτῷ
2647 1619 2750 1676 ὀὖν
2783 1622 2861 1693 τῷ
2916 1622 3094 1694 καιρῷ
3126 1622 3386 1693 ἀνεκρίθη
3431 1621 3500 1692 τῷ
3537 1622 3654 1692 (πα-

443 1731 680 1802 ρανόμῳ)
713 1728 924 1800 βασιλεῖ
954 1726 1203 1797 Κλαυδίῳ
1229 1726 1304 1788 ὡς
1354 1725 1382 1776 6
1413 1726 1542 1786 παῖς
1580 1723 1607 1773 6
1641 1715 2044 1789 τετελευτηκὼς
2075 1715 2272 1786 ἀνέστη
2304 1717 2368 1768 ἐκ
2411 1714 2520 1769 τῶν
2573 1715 2778 1788 νεκρῶν
2803 1715 2890 1770 διὰ
2914 1715 3222 1788 προσευχῆς
3249 1715 3360 1768 τῶν
3407 1714 3651 1785 μακαρίων

440 1820 667 1892 ἀνδρῶν,
696 1819 788 1873 καὶ
817 1818 978 1888 φησὶν
999 1819 1026 1869 6
1053 1815 1315 1877 Κλαύδιος
1341 1830 1352 1843 ·
1387 1811 1556 1865 Τοῦτο
1585 1811 1685 1864 οὐκ
1741 1809 1885 1862 ἔστιν
1935 1807 2061 1861 ἄλλο
2093 1810 2139 1860 εἰ
2173 1807 2246 1879 μὴ
2283 1809 2446 1880 τεχνὴ
2479 1811 2688 1880 μαγικὴ
2730 1809 2879 1878 (25).
2907 1809 3018 1861 Καὶ
3069 1807 3278 1860 κελεύει
3311 1806 3554 1877 κληθῆναι
3584 1805 3657 1858 τὸν

443 1915 688 1987 βικάριον
738 1912 831 1966 τοῦ
889 1912 1096 1974 ἄστεως
1136 1909 1374 1981 Ῥώμης,
1431 1908 1654 1977 ὄνοματι
1715 1904 1945 1958 Οὒλπιον
1991 1903 2286 1995 Ῥιέμυλοψ
2336 1899 2486 1973 ᾧτινι
2517 1904 2819 1976 προσέταξε
2850 1904 3047 1973 λέγων·
3095 1903 3204 1975 Τὴν
3245 1903 3509 1974 ἱερόσυλον
3542 1902 3657 1971 Χρυ-

443 2010 561 2080 σῆν,
585 2007 705 2077 ἥτις
752 2003 1125 2078 άπημαύρωσε
1179 2003 1239 2056 τὸ
1271 2003 1422 2071 γένος
1444 2000 1544 2070 τῆς
1579 1997 1861 2069 βασιλικῆς
1898 1992 2392 2066 αὑτῆξὲξουσίας,
2433 1998 2526 2051 καὶ
2579 1996 2714 2068 μετὰ
2764 1998 2954 2068 μάγων
2984 1995 3256 2067 τεχνητῶν
3299 1992 3536 2049 ἐπιποθεῖ
3565 1994 3658 2045 δια-

440 2074 640 2164 πάντὺς
671 2094 809 2154 εἷναί
858 2115 917 2150 τε
973 2097 1067 2151 καὶ
1120 2097 1414 2155 κατοικεῖν,
1463 2092 1737 2162 διαφόροις
1757 2089 1925 2158 αὐτὴν
1956 2087 2248 2159 τιμωρίαις
2293 2088 2356 2141 σὺ
2387 2086 2606 2157 σφίγξον
2637 2088 2742 2151 ἓως
2763 2082 2822 2141 οὗ
2856 2086 3139 2140 πεισθεῖσα
3166 2086 3544 2158 προσκυνήσειε
3569 2074 3657 2153 (26)

437 2198 563 2260 τοὺς
594 2195 748 2259 θεοὺς
779 2195 872 2248 καὶ
900 2193 998 2258 τὰς
1027 2192 1176 2255 Θεάς.
1199 2193 1309 2245 Καὶ
1358 2193 1406 2243 εἰ
1426 2185 2044 2261 μὲνπειθομένη,ζήσει·
2081 2183 2200 2236 τότε
2237 2185 2330 2237 καὶ
2358 2185 2390 2254 ἡ
2422 2184 2608 2255 γραφὴ
2648 2185 2758 2252 (‘27)
2787 2185 2820 2254 ἡ
2851 2183 2936 2235 ἐπ’
2960 2183 3094 2253 αὐτῇ
3127 2182 3434 2255 κυρωθεῖσα
3474 2178 3661 2232 ἀπολει-

440 2290 645 2362 φθήτω.
679 2291 742 2344 Ei
764 2291 820 2343 δὲ
851 2288 942 2343 καί
970 2305 1114 2353 τινες
1143 2287 1526 2359 εὑρεθήσονται
1557 2283 1652 2336 σὺν
1688 2282 1826 2353 αὐτῇ
1861 2279 2230 2342 ποινκλατίαις
2254 2277 2392 2350 (28),
2425 2278 2852 2349 αίκισθήσονται.

1855 2590 2278 2707 ACTA.

511 2979 548 3039 I.
589 2978 824 3034 Veniens
853 2974 1103 3049 (autem)
1135 2975 1330 3046 Ulpius
1352 2975 1621 3031 Romulus
1655 2977 1709 3030 in
1738 2976 2012 3031 civitatem

2187 2980 2263 3030 A'.
2312 2974 2510 3028 Ἐλθὼν
2539 2975 2636 3045 (δὲ
2665 2976 2694 3027 6
2725 2974 3184 3045 δυσσεϐέστατος)
3215 2973 3458 3040 Οὕλπιος
3495 2973 3667 3044 Ῥώμυ-

439 3072 645 3127 Ostiam
689 3071 856 3142 jussit
900 3084 1091 3125 omnes
1122 3077 1340 3124 sanctos
1389 3067 1640 3122 custodia
1691 3066 2012 3136 mancipari.

441 3164 686 3219 Diluculo
728 3173 907 3218 autem
955 3175 1185 3231 surgens
1212 3159 1379 3230 jussit
1417 3160 1522 3214 sibi
1562 3159 1772 3213 beatam
1808 3158 2015 3213 Auram

436 3259 853 3328 repraesentari:
887 3257 975 3313 cui
999 3258 1078 3314 sic
1110 3257 1244 3312 dixit
1266 3255 1349 3310 :‘O
1378 3255 1592 3310 insania
1626 3255 1849 3325 magica:
1880 3254 2014 3308 artis

435 3367 557 3422 quae
592 3351 646 3404 in
694 3359 748 3404 te
787 3349 974 3415 ﬂoret,
1014 3348 1146 3419 quid
1202 3349 1362 3419 egisti
1392 3357 1452 3402 ut
1502 3348 1758 3418 perderes
1805 3347 2011 3417 regiam

435 3442 774 3511 majestatem
802 3481 816 3505 ,
853 3451 904 3496 et
955 3441 1163 3496 natales
1212 3441 1390 3496 claros
1437 3439 1798 3495 obscurares?
1845 3439 2008 3494 Beata

431 3533 580 3586 Aura
615 3532 928 3601 respondit:
962 3530 1074 3602 Ego
1106 3531 1397 3587 obscuravi
1436 3532 1734 3596 daemones,
1768 3540 1822 3586 et
1855 3531 2010 3586 dese-

436 3624 519 3677 rui
552 3625 693 3679 idola
715 3640 853 3678 vana
876 3632 930 3678 et
949 3624 1281 3688 manufacta,
1314 3633 1368 3679 et
1386 3626 1616 3695 cognovi
1642 3642 1810 3680 unum
1840 3624 2005 3680 Deum

433 3715 618 3769 vivum
643 3724 697 3768 ct
721 3729 933 3779 verum,
957 3723 1011 3769 et
1055 3713 1226 3770 Deum
1267 3713 1453 3771 Jesum
1489 3716 1768 3773 Christum
1807 3717 2007 3773 Filium

505 3850 620 3918 (2'5)
646 3847 712 3901 In
736 3848 1074 3922 fraternitate
1099 3848 1386 3922 swpissime
1416 3888 1430 3903 .
1453 3887 1468 3902 .
1485 3888 1498 3903 .
1533 3865 1768 3922 reversus
1801 3862 1877 3905 est
1900 3854 2008 3922 spi-

434 3921 568 3975 ritus
601 3929 839 3985 mortuo,
871 3927 918 3972 et
949 3918 1176 3972 donatus
1213 3929 1289 3971 est
1341 3918 1493 3973 homo
1528 3921 1858 3974 orationibus
1886 3918 2010 3975 san-

433 4001 662 4046 ctorum.
693 3987 820 4041 1am
843 3991 1005 4042 etiam
1035 4027 1051 4043 .
1091 4027 1106 4041 .
1147 4027 1162 4042 .
1194 3999 1243 4042 et
1269 3991 1462 4042 mortui
1487 4001 1885 4044 resin-rexerant
1907 4032 1921 4051 ,
1957 4002 2008 4046 et

432 4069 885 4132 perseuerauerunt
912 4059 1371 4132 nobiscum__an_uis
1403 4059 1604 4132 multis.
1747 4059 1885 4115 Iren.
1909 4101 1923 4126 ,
1967 4063 2004 4116 l.

434 4127 496 4196 it,
528 4132 589 4201 5i
625 4141 679 4184 et
700 4129 806 4196 '52;
940 4130 1139 4201 Euseb.
1162 4127 1232 4181 Η.
1263 4129 1359 4201 ζῇ,
1396 4145 1449 4190 v.
1480 4130 1552 4195 7;
1584 4140 1637 4184 et
1672 4131 1729 4186 S.
1759 4132 1897 4201 Aug.
1930 4132 2008 4186 De

433 4203 534 4256 civ.
561 4200 655 4272 Dei
675 4216 809 4272 sint,
836 4198 1229 4272 8._066e_p.6vo;
1249 4199 1451 4272 Πέτρος
1472 4202 1498 4272 6
1516 4201 1808 4272 ἀπόστολος
1821 4198 2006 4272 ἔγειρε

433 4270 809 4341 νεκρὸν,ίὰλλὰ
831 4270 924 4341 καὶ
957 4269 1205 4341 Ἰωάννης
1234 4272 1261 4322 6
1282 4269 1667 4341 εύάγγελιστὴς
1701 4273 1758 4323 ἐν
1800 4269 2008 4341 Ἐφέσῳ

434 4329 810 4410 καῖ’Φιλίππου
850 4338 1143 4410 Θυγατέρες
1162 4329 1230 4391 ’ἓν
1283 4329 1576 4410 Ἱεραπόλει
1601 4329 1743 4405 {irai
1774 4340 1841 4394 τὰ
1869 4329 2007 4396 ὸιὺτὰ

436 4411 694 4473 πολλάκις
739 4409 1191 4480 ἐξειργασμένους
1239 4409 1416 4480 εὑρεῖν
1465 4409 1578 4480 ἔστι
1638 4410 1864 4476 πολλοὺς
1903 4413 2010 4465 τῶν

435 4481 601 4536 πάλαι
633 4481 727 4534 καὶ
773 4479 868 4533 νῦν
913 4479 1173 4549 Θεοφιλῶν
1218 4479 1445 4550 ἀνδρῶν.
1476 4479 1654 4550 Neque
1701 4483 1838 4535 enim
1867 4483 2008 4537 solus

437 4551 628 4606 Petrus
677 4551 945 4620 apostolus
983 4560 1247 4602 mortuum
1283 4549 1345 4601 ab
1372 4549 1878 4618 inferis'excitavit;
1922 4570 2009 4606 ve-

436 4639 553 4674 rum
601 4619 762 4675 etiam
795 4619 1026 4690 Joannes
1074 4620 1392 4690 evangelista
1426 4622 1479 4672 in
1513 4621 1639 4674 urbe
1690 4621 1917 4690 Epheso,
1955 4634 2005 4675 et

439 4691 671 4761 Philippi
705 4690 834 4760 ﬁlia:
871 4689 1179 4753 Hierapoli:
1212 4689 1556 4760 multosque,
1614 4689 1743 4744 tant
1769 4709 1832 4745 ea:
1868 4695 2010 4746 anti-

435 4764 576 4831 quis,
602 4778 759 4832 quam
773 4776 836 4815 ea:
867 4770 1060 4814 nostra:
1085 4762 1351 4814 memoria:
1371 4761 1474 4832 piis
1491 4761 1806 4832 hominibus,
1827 4762 2009 4832 eadem

436 4829 790 4902 sarpenuntero
807 4832 1026 4901 gessisse
1050 4832 1416 4902 comperimus.
1446 4829 1784 4902 Sozom.,nﬂ.
1813 4831 1878 4902 Ε.
1912 4850 2008 4897 vn,

436 4900 530 4957 27.
591 4901 750 4974 Ἀλλὰ
780 4900 944 4974 μανία
969 4900 1143 4974 σαφὴς
1175 4902 1269 4974 καῖ
1289 4900 1757 4974 τῶνῌΔεσποτικῶν
1803 4901 2012 4974 θαυμά-

437 4990 545 5044 των
573 4973 701 5044 τοὺς
734 4969 968 5044 τρόπους
1012 4969 1323 5044 ἀνερευνᾷν.
1374 4969 1481 5044 Sed
1507 4989 1648 5025 mera
1686 4969 2012 5044 estrinsa'nia

438 5041 1441 5168 ﬂaminicarugiumiraculorummodos
1469 5043 1810 5112 perscrutari.
1836 5043 2013 5098 Theo-

477 5123 638 5168 oret..
665 5128 751 5168 et).
824 5127 874 5166 ο.

477 5123 638 5175 oret.,
665 5128 751 5181 ep.
787 5112 874 5166 45.

512 5183 626 5250 (24)
657 5181 760 5248 Qui
793 5182 998 5236 militiae
1027 5181 1501 5238 nomcndederant
1525 5181 1809 5237 Censorini
1828 5193 2013 5236 custo-

439 5251 554 5317 des,
591 5269 789 5308 nom-en
811 5254 1080 5323 retinent;
1112 5269 1282 5323 puero
1312 5263 1493 5307 autem
1519 5269 1716 5306 novum
1750 5255 1802 5306 in
1824 5253 2012 5322 Bapti-—

439 5338 560 5376 smo
589 5323 910 5394 imponitur,
939 5322 1169 5377 fortasse
1165 5323 1421 5394 _alicujus
1449 5323 1736 5394 martyris,
1765 5324 1859 5392 qui
1893 5338 2012 5378 mos

441 5403 562 5446 erat
594 5393 1060 5451 Christianorum.
1079 5408 1145 5447 ex
1165 5391 1488 5448 Theodoreti
1517 5391 2007 5448 animadversione.

438 5460 638 5532 Praeter
671 5461 993 5516 Faustinum
1014 5461 1370 5528 Brixiensem,
1406 5463 1498 5517 alii
1530 5465 1639 5518 duo
1662 5464 2012 5532 cognomines

441 5530 630 5603 Romae
662 5535 806 5602 passi
847 5541 1006 5595 sunt,
1041 5533 1309 5603 incertum
1341 5549 1451 5602 quo
1501 5530 1760 5603 tempore.
1811 5533 2013 5588 Fuerat

440 5602 606 5657 etiam
636 5601 779 5658 anno
804 5603 910 5664 QG?
935 5619 1058 5658 cum
1089 5601 1330 5658 Gallieno
1353 5601 1540 5658 consul
1572 5601 1886 5669 Faustinus,
1915 5606 2010 5672 qui

441 5673 746 5745 sidomum
792 5673 1115 5745 Augustam,
1146 5675 1289 5728 unde
1320 5683 1510 5745 portum
1547 5675 1736 5729 habuit
1779 5673 2006 5745 Chryse,

443 5743 786 5815 aliquatenus
831 5743 1030 5816 attigit,
1075 5745 1251 5815 potuit
1283 5743 1454 5814 virgo,
1506 5746 1591 5802 vel
1621 5745 1834 5816 gentilis
1856 5743 2009 5814 {vel

2113 3066 2204 3130 λος
2232 3068 2260 3119 6
2287 3065 2531 3136 βικάριος
2565 3067 2622 3118 ὲν
2652 3068 2718 3136 τῇ
2753 3065 2907 3119 πόλει
2954 3065 3237 3137 Ὀστησίᾳ,
3269 3067 3524 3120 ἐκέλευσε
3557 3064 3657 3116 πάν-

2110 3180 2210 3227 τας
2233 3165 2360 3226 τοὺς
2382 3163 2568 3232 ἁγίους
2584 3163 2695 3233 (29)
2719 3165 2776 3216 ὲν
2800 3163 2878 3234 τῷ
2897 3157 3258 3237 δεσμωτηρίῳ
3273 3162 3664 3233 ἀσφαλισθῆναι.

2112 3254 2190 3324 Τῇ
2221 3253 2277 3306 δὲ
2305 3253 2470 3306 ἕωθεν
2495 3254 2752 3348 ἀναστὰς,
2781 3255 3082 3326 προσέταξε
3118 3254 3218 3326 τὴν
3253 3255 3533 3326 μακαρίαν
3555 3253 3667 3322 Χρυ-

2110 3348 2210 3420 σῆν
2226 3348 2589 3419 παραστῆναι,
2610 3343 2753 3423 ᾗτινι
2771 3349 2942 3413 οὕτως
2967 3367 3082 3413 πως
3105 3345 3256 3402 εἷπεν
3275 3366 3294 3380 ο
3328 3346 3402 3401 Ὦ
3421 3348 3575 3420 μανία
3592 3345 3670 3412 τῆς

2118 3442 2382 3513 γοητικῆς
2407 3441 2601 3512 τέχνης
2633 3441 2729 3512 τῆς
2757 3442 2814 3493 ὲν
2839 3441 2921 3494 σοὶ
2939 3439 3279 3512 ἐπανθούσης
3301 3441 3442 3512 (30),
3460 3441 3542 3494 ἵνα
3563 3439 3670 3491 61:0-

2115 3531 2277 3603 λέσῃς
2317 3531 2414 3604 τὴν
2451 3531 2734 3603 βασιλικὴν
2785 3532 2973 3598 δόξαν,
3005 3533 3100 3586 καὶ
3130 3533 3200 3586 τὰ
3246 3533 3478 3602 γενέσιά
3513 3549 3596 3585 σου
3617 3527 3672 3582 τὰ

2114 3622 2341 3695 λαμπρὰ
2362 3622 2717 3696 ὰμαυρώσῃς.
2765 3621 2826 3674 Ἦ
2855 3623 2912 3676 δὲ
2947 3624 3193 3696 μακαρία
3230 3625 3273 3676 Χ
3286 3625 3429 3695 ρυσῆ
3471 3623 3670 3690 ἀποκρι-

2115 3714 2267 3767 θεῖσα
2323 3710 2474 3768 εἶπεν
2518 3714 2666 3786 αὐτῷ
2685 3731 2698 3744 ·
2749 3713 2965 3768 Μᾶλλον
3011 3713 3122 3784 ἐγὼ
3158 3714 3528 3768 ἀπεσκάτωσα
3569 3709 3672 3771 τοὺς

2116 3849 2277 3904 etiam
2313 3848 2610 3904 Christiani
2639 3851 2960 3905 memoriam
2993 3865 3277 3906 renovare.

2187 3921 2303 3989 (25)
2338 3919 2506 3976 Vetus
2523 3921 2794 3976 calumnia
2824 3922 2926 3975 sub
2959 3920 3187 3975 Claudio
3214 3922 3549 3986 instaurata,
3584 3932 3673 3988 qua

2115 3991 2311 4061 pagani
2339 3992 2728 4046 miraculorum
2763 3992 2870 4045 vim
2895 4001 2950 4046 et
2967 3991 3418 4046 Christianorum
3446 3992 3670 4044 virtutem

2115 4075 2356 4115 evertere
2391 4063 2722 4116 nitebantur.

2187 4131 2298 4201 (26)
2331 4135 2390 4185 1n
2417 4133 2743 4185 maritimam
2777 4131 2987 4192 urbem,
3013 4130 3282 4186 IEolicam
3305 4131 3542 4188 formam
3568 4129 3676 4183 irre-

2114 4203 2290 4270 psisse
2331 4203 2528 4272 mirum
2561 4211 2794 4264 nonest,
2845 4217 3008 4270 quam
3049 4206 3389 4272 recentiores
3424 4215 3675 4272 gramma-

2112 4273 2205 4325 tici
2247 4288 2370 4327 eum
2421 4271 2612 4325 Dorica
2657 4288 2818 4325 unam
2847 4272 3072 4325 faciunt.
3111 4270 3442 4327 Communi
3468 4271 3676 4327 dialecto

2109 4351 2252 4396 esset
2284 4342 2656 4412 προσκυνήσῃ.

2181 4406 2834 4484 (Ἦλῗραφήέᾼῆμρτξίου
2851 4410 2998 4484 τινὸς
3034 4406 3102 4480 ἦν
3135 4412 3496 4484 ἐγκλήματος
3531 4411 3656 4484 δγομν

2110 4523 2136 4556 ._
2265 4481 2401 4556 ἀλλά
2433 4481 2530 4556 καὶἶ
2555 4481 2853 4556 arma;
2884 4481 3100 4556 πολλοῖς
3139 4481 3533 4556 -ἁδικήμασιν,
3568 4483 3679 4535 ὅταν

2111 4554 2144 4624 ἢ
2178 4551 2412 4633 δημοσίᾳ
2439 4552 2577 4674 Ἕως
2598 4550 2724 4634 ἀπὸ
2753 4551 2826 4631 ’δη
2838 4551 3052 4635 μοσίων.
3094 4553 3278 4635 αὐτοῖς
3304 4550 3551 4623 ’ἐγκαλῇ
3587 4564 3674 4634 sic.

2111 4625 2423 4674 lnscrtntto.
2501 4622 2660 4674 ubliCi
2678 4627 2955 4674 cuiusdam
2976 4639 3214 4674 criminis
3239 4641 3438 4674 nomen
3463 4660 3480 4674 .
3514 4663 3526 4674 .
3554 4663 3565 4674 .
3592 4619 3674 4674 bed

2111 4619 2423 4690 inscriptio.
2455 4619 2660 4675 Publici
2678 4619 2955 4689 cujusdam
2976 4626 3214 4677 criminis
3239 4619 3438 4678 nomen
3463 4660 3480 4678 .
3592 4619 3678 4674 Sed

2109 4703 2157 4746 ct
2184 4693 2238 4744 in
2270 4693 2450 4746 multis
2474 4692 2597 4745 aliis
2627 4693 2933 4745 criminibus
2958 4693 3171 4752 obtinet.
3200 4711 3327 4747 cum
3358 4706 3456 4747 aut
3473 4692 3678 4762 publice,

2111 4771 2202 4814 aut
2233 4764 2556 4834 perinde_ac
2584 4763 2640 4815 in
2683 4763 3116 4834 publicis_,_alius
3149 4765 3322 4818 alium
3363 4765 3576 4834 judicio
3613 4770 3678 4814 est

2110 4844 2431 4900 persecutus.
2464 4831 2652 4902 Harp.,
2680 4830 2834 4896 Lean,
2855 4830 3316 4901 p.lll.Nostrum
3339 4830 3679 4904 interpretem

2110 4912 2255 4983 recte
2287 4905 2512 4959 vertisse
2532 4904 2770 4974 γραφήν,
2791 4904 3204 4971 inscriptionem,
3234 4908 3510 4974 superius
3531 4904 3682 4957 adno-

2112 4982 2363 5027 lavimus.

2184 5044 2294 5117 (28)
2324 5043 2382 5096 F.
2418 5043 2777 5117 κοινολαῗται,
2794 5058 2859 5117 ea:
2893 5045 3190 5117 promiscua
3216 5042 3395 5112 plebe,
3416 5046 3506 5104 vel
3522 5041 3684 5117 potius

2111 5115 2380 5178 ποικίλαις
2411 5113 2631 5177 αἰκίαις,
2667 5115 2829 5167 uariis
2862 5115 3199 5167 cruciatibus.

2183 5185 2295 5254 (‘29)
2319 5185 2612 5239 Christiani
2633 5184 2810 5238 adhuc
2839 5187 3010 5238 sancti
3041 5185 3390 5238 vocabantur
3414 5223 3431 5247 ,
3476 5189 3681 5251 aposto-

2112 5255 2220 5309 lico
2255 5270 2406 5309 more
2434 5255 2525 5324 qui
2564 5256 2654 5308 diu
2700 5257 3028 5324 perduravit.
3069 5254 3247 5322 Ἅγιοι
3295 5255 3416 5308 εἰσι
3464 5255 3686 5324 πάντες,

2111 5327 2224 5377 ὅσοι
2247 5325 2428 5396 πίστιν
2451 5320 2635 5396 ορθὴν
2684 5320 2819 5396 μετὰ
2854 5324 2968 5395 βίου
2993 5320 3198 5396 ἔχουσι,
3225 5323 3337 5378 κᾶν
3379 5326 3587 5394 σημεῖα
3620 5320 3687 5396 μὴ

2112 5393 2470 5466 ἐργάζωνται.
2506 5392 2696 5448 Sancti
2707 5406 2828 5450 sunt
2852 5392 3360 5465 omnes-quicunque
3400 5392 3596 5466 rectam
3629 5392 3688 5459 ﬁ-

2113 5465 2228 5518 dem
2259 5483 2376 5520 cum
2398 5468 2501 5519 vita
2539 5467 2779 5532 retinent,
2805 5467 3012 5520 etiamsi
3053 5483 3154 5520 non
3205 5477 3506 5534 operentur
3525 5465 3686 5534 signa.

2116 5535 2174 5590 S.
2203 5536 2359 5590 Joa-n.
2394 5538 2586 5606 Chrys.
2617 5537 2668 5588 in
2705 5535 2811 5590 lati
2848 5535 3086 5592 Timoth.
3121 5537 3268 5590 hom.
3313 5537 3414 5590 14.

2185 5606 2293 5677 (50)
2341 5602 2764 5672 Ἐπανῖθούσης.
2793 5606 3028 5676 Magicas
3053 5616 3196 5661 artes
3223 5620 3291 5677 eo
3332 5607 3525 5677 magis
3552 5602 3689 5659 cillo-

2116 5675 2339 5752 rescere
2357 5678 2431 5731 ait
2455 5686 2615 5746 atque
2644 5675 2966 5752 conspicuas
2990 5693 3113 5735 esse
3140 5679 3195 5734 iu
3218 5675 3276 5732 S.
3315 5675 3565 5752 Chryse.
3591 5689 3692 5747 quo

2116 5749 2205 5803 illa
2221 5748 2408 5819 junior
2435 5759 2553 5803 erat
2584 5756 2744 5817 atque
2779 5748 3033 5804 nobilior.
3072 5778 3078 5782 -
