  <div class='ocr_page' id='page_1' title='image "/cluster/home/n/w/nwhite01/storage/ocr_20150623/10/hvd.32044019207620/288.png"; bbox 0 0 3826 6484; ppageno 0'>
   <div class='ocr_carea' id='block_1_1' title="bbox 155 369 246 422">
    <p class='ocr_par' dir='ltr' id='par_1_1' title="bbox 155 369 246 422">
     <span class='ocr_line' id='line_1_1' title="bbox 155 369 246 422; baseline -0.011 0"><span class='ocrx_word' id='word_1_1' title='bbox 155 369 246 422; x_wconf 81' lang='grc'><strong>561</strong></span> 
     </span>
    </p>
   </div>
   <div class='ocr_carea' id='block_1_2' title="bbox 1530 365 2023 422">
    <p class='ocr_par' dir='ltr' id='par_1_2' title="bbox 1530 365 2023 422">
     <span class='ocr_line' id='line_1_2' title="bbox 1530 365 2023 422; baseline 0 -4"><span class='ocrx_word' id='word_1_2' title='bbox 1530 365 1707 420; x_wconf 78' lang='lat' dir='ltr'><strong>ACTA</strong></span> <span class='ocrx_word' id='word_1_3' title='bbox 1752 365 2023 422; x_wconf 64' lang='lat' dir='ltr'><strong>GRAECA.</strong></span> 
     </span>
    </p>
   </div>
   <div class='ocr_carea' id='block_1_3' title="bbox 3290 370 3393 425">
    <p class='ocr_par' dir='ltr' id='par_1_3' title="bbox 3290 370 3393 425">
     <span class='ocr_line' id='line_1_3' title="bbox 3290 370 3393 425; baseline 0 0"><span class='ocrx_word' id='word_1_4' title='bbox 3290 370 3393 425; x_wconf 68' lang='lat'><strong>562</strong></span> 
     </span>
    </p>
   </div>
   <div class='ocr_carea' id='block_1_4' title="bbox 154 482 1742 561">
    <p class='ocr_par' dir='ltr' id='par_1_4' title="bbox 154 484 1717 557">
     <span class='ocr_line' id='line_1_4' title="bbox 154 484 1717 557; baseline -0.003 -15"><span class='ocrx_word' id='word_1_5' title='bbox 154 488 423 557; x_wconf 72' lang='grc' dir='ltr'>δαίμονας,</span> <span class='ocrx_word' id='word_1_6' title='bbox 458 488 580 550; x_wconf 75' lang='grc' dir='ltr'>τοὺς</span> <span class='ocrx_word' id='word_1_7' title='bbox 601 486 924 549; x_wconf 77' lang='grc' dir='ltr'><strong>ἀπατῶντας</strong></span> <span class='ocrx_word' id='word_1_8' title='bbox 956 486 1118 556; x_wconf 77' lang='grc' dir='ltr'>ὑμᾶς,</span> <span class='ocrx_word' id='word_1_9' title='bbox 1140 485 1236 537; x_wconf 76' lang='grc' dir='ltr'>καὶ</span> <span class='ocrx_word' id='word_1_10' title='bbox 1264 484 1632 553; x_wconf 71' lang='grc' dir='ltr'>καταλείψασα</span> <span class='ocrx_word' id='word_1_11' title='bbox 1652 484 1717 538; x_wconf 77' lang='grc' dir='ltr'><strong>τὰ</strong></span> 
     </span>
    </p>
   </div>
   <div class='ocr_carea' id='block_1_5' title="bbox 1855 482 3387 561">
    <p class='ocr_par' dir='ltr' id='par_1_5' title="bbox 1855 482 3387 561">
     <span class='ocr_line' id='line_1_5' title="bbox 1855 482 3387 561; baseline 0.003 -22"><span class='ocrx_word' id='word_1_12' title='bbox 1855 484 1963 554; x_wconf 89' lang='lat' dir='ltr'><strong>ius:</strong></span> <span class='ocrx_word' id='word_1_13' title='bbox 2006 484 2099 556; x_wconf 89' lang='lat' dir='ltr'><strong>qui</strong></span> <span class='ocrx_word' id='word_1_14' title='bbox 2120 493 2378 540; x_wconf 84' lang='lat' dir='ltr'><strong>venturus</strong></span> <span class='ocrx_word' id='word_1_15' title='bbox 2408 482 2493 541; x_wconf 88' lang='lat' dir='ltr'><strong>est</strong></span> <span class='ocrx_word' id='word_1_16' title='bbox 2518 486 2761 555; x_wconf 86' lang='lat' dir='ltr'><strong>judicare</strong></span> <span class='ocrx_word' id='word_1_17' title='bbox 2793 488 2955 544; x_wconf 74' lang='lat' dir='ltr'><strong>vivos</strong></span> <span class='ocrx_word' id='word_1_18' title='bbox 3000 500 3052 544; x_wconf 91' lang='lat' dir='ltr'><strong>et</strong></span> <span class='ocrx_word' id='word_1_19' title='bbox 3095 498 3387 561; x_wconf 83' lang='lat' dir='ltr'><strong>mortuos;</strong></span> 
     </span>
    </p>
   </div>
   <div class='ocr_carea' id='block_1_6' title="bbox 156 578 1725 650">
    <p class='ocr_par' dir='ltr' id='par_1_6' title="bbox 156 578 1725 650">
     <span class='ocr_line' id='line_1_6' title="bbox 156 578 1725 650; baseline -0.003 -17"><span class='ocrx_word' id='word_1_20' title='bbox 156 581 360 648; x_wconf 75' lang='grc' dir='ltr'>μάταια</span> <span class='ocrx_word' id='word_1_21' title='bbox 399 578 593 633; x_wconf 74' lang='grc' dir='ltr'>εἴδωλα</span> <span class='ocrx_word' id='word_1_22' title='bbox 629 582 698 632; x_wconf 83' lang='grc' dir='ltr'>τὰ</span> <span class='ocrx_word' id='word_1_23' title='bbox 738 578 1118 650; x_wconf 79' lang='grc' dir='ltr'><strong>χειροποίητα,</strong></span> <span class='ocrx_word' id='word_1_24' title='bbox 1169 579 1410 646; x_wconf 79' lang='grc' dir='ltr'><strong>ἐπέγνων</strong></span> <span class='ocrx_word' id='word_1_25' title='bbox 1454 579 1548 631; x_wconf 72' lang='grc' dir='ltr'>ἕνα</span> <span class='ocrx_word' id='word_1_26' title='bbox 1593 578 1725 631; x_wconf 74' lang='grc' dir='ltr'>Θεδν</span> 
     </span>
    </p>
   </div>
   <div class='ocr_carea' id='block_1_7' title="bbox 154 656 1726 741">
    <p class='ocr_par' dir='ltr' id='par_1_7' title="bbox 154 656 1726 741">
     <span class='ocr_line' id='line_1_7' title="bbox 154 656 1726 741; baseline 0 -20"><span class='ocrx_word' id='word_1_27' title='bbox 154 670 328 731; x_wconf 78' lang='grc' dir='ltr'>ζῶντα</span> <span class='ocrx_word' id='word_1_28' title='bbox 350 670 444 723; x_wconf 74' lang='grc' dir='ltr'>καὶ</span> <span class='ocrx_word' id='word_1_29' title='bbox 465 669 738 740; x_wconf 70' lang='grc' dir='ltr'>ἀληθινὸν,</span> <span class='ocrx_word' id='word_1_30' title='bbox 775 671 978 723; x_wconf 75' lang='grc' dir='ltr'>καὶτὸν</span> <span class='ocrx_word' id='word_1_31' title='bbox 1006 656 1268 741; x_wconf 86' lang='grc' dir='ltr'>μονογενῆ</span> <span class='ocrx_word' id='word_1_32' title='bbox 1300 669 1426 721; x_wconf 80' lang='grc' dir='ltr'>Υἱὸν</span> <span class='ocrx_word' id='word_1_33' title='bbox 1454 668 1615 722; x_wconf 78' lang='grc' dir='ltr'>αὑτοῦ</span> <span class='ocrx_word' id='word_1_34' title='bbox 1636 668 1726 721; x_wconf 81' lang='grc' dir='ltr'>τὸν</span> 
     </span>
    </p>
   </div>
   <div class='ocr_carea' id='block_1_8' title="bbox 154 758 1727 832">
    <p class='ocr_par' dir='ltr' id='par_1_8' title="bbox 154 758 1727 832">
     <span class='ocr_line' id='line_1_8' title="bbox 154 758 1727 832; baseline -0.001 -19"><span class='ocrx_word' id='word_1_35' title='bbox 154 761 355 832; x_wconf 78' lang='grc' dir='ltr'><strong>Κύριον</strong></span> <span class='ocrx_word' id='word_1_36' title='bbox 378 760 537 831; x_wconf 75' lang='grc' dir='ltr'>ἡμῶν</span> <span class='ocrx_word' id='word_1_37' title='bbox 571 760 777 829; x_wconf 78' lang='grc' dir='ltr'><strong>Ἰησοῦν</strong></span> <span class='ocrx_word' id='word_1_38' title='bbox 802 761 1052 832; x_wconf 79' lang='grc' dir='ltr'>Χριστὸν,</span> <span class='ocrx_word' id='word_1_39' title='bbox 1078 760 1136 823; x_wconf 83' lang='grc' dir='ltr'>ὃς</span> <span class='ocrx_word' id='word_1_40' title='bbox 1164 758 1280 829; x_wconf 74' lang='grc' dir='ltr'>ἥξει</span> <span class='ocrx_word' id='word_1_41' title='bbox 1311 762 1490 831; x_wconf 82' lang='grc' dir='ltr'>κρῖναι</span> <span class='ocrx_word' id='word_1_42' title='bbox 1522 758 1727 822; x_wconf 79' lang='grc' dir='ltr'>ζῶντας</span> 
     </span>
    </p>
   </div>
   <div class='ocr_carea' id='block_1_9' title="bbox 154 851 1729 925">
    <p class='ocr_par' dir='ltr' id='par_1_9' title="bbox 154 851 1729 925">
     <span class='ocr_line' id='line_1_9' title="bbox 154 851 1729 925; baseline -0.001 -20"><span class='ocrx_word' id='word_1_43' title='bbox 154 854 245 905; x_wconf 74' lang='grc' dir='ltr'><strong>καὶ</strong></span> <span class='ocrx_word' id='word_1_44' title='bbox 271 856 528 924; x_wconf 81' lang='grc' dir='ltr'>νεκροὺς,</span> <span class='ocrx_word' id='word_1_45' title='bbox 580 854 674 907; x_wconf 76' lang='grc' dir='ltr'>καὶ</span> <span class='ocrx_word' id='word_1_46' title='bbox 703 854 796 907; x_wconf 86' lang='grc' dir='ltr'>τὸν</span> <span class='ocrx_word' id='word_1_47' title='bbox 840 853 1054 925; x_wconf 83' lang='grc' dir='ltr'>πατέρα</span> <span class='ocrx_word' id='word_1_48' title='bbox 1090 869 1180 905; x_wconf 90' lang='grc' dir='ltr'>σου</span> <span class='ocrx_word' id='word_1_49' title='bbox 1213 852 1303 905; x_wconf 74' lang='grc' dir='ltr'><strong>τὸν</strong></span> <span class='ocrx_word' id='word_1_50' title='bbox 1344 851 1584 905; x_wconf 74' lang='grc' dir='ltr'>διάϐολον</span> <span class='ocrx_word' id='word_1_51' title='bbox 1613 851 1729 921; x_wconf 81' lang='grc' dir='ltr'>ἆμα-</span> 
     </span>
    </p>
   </div>
   <div class='ocr_carea' id='block_1_10' title="bbox 153 942 1729 1019">
    <p class='ocr_par' dir='ltr' id='par_1_10' title="bbox 153 942 1729 1019">
     <span class='ocr_line' id='line_1_10' title="bbox 153 942 1729 1019; baseline -0.003 -20"><span class='ocrx_word' id='word_1_52' title='bbox 153 946 227 1016; x_wconf 80' lang='grc' dir='ltr'>τῷ</span> <span class='ocrx_word' id='word_1_53' title='bbox 251 946 619 1019; x_wconf 81' lang='grc' dir='ltr'><strong>(παρανόμῳ)</strong></span> <span class='ocrx_word' id='word_1_54' title='bbox 653 944 863 1014; x_wconf 84' lang='grc' dir='ltr'>βασιλεῖ</span> <span class='ocrx_word' id='word_1_55' title='bbox 890 943 1137 1015; x_wconf 79' lang='grc' dir='ltr'><strong>Κλαυδίῳ</strong></span> <span class='ocrx_word' id='word_1_56' title='bbox 1170 946 1225 996; x_wconf 79' lang='grc' dir='ltr'>ἐν</span> <span class='ocrx_word' id='word_1_57' title='bbox 1251 942 1438 1013; x_wconf 79' lang='grc' dir='ltr'>σκοτίᾳ</span> <span class='ocrx_word' id='word_1_58' title='bbox 1468 959 1729 1012; x_wconf 86' lang='grc' dir='ltr'>κατακρι-</span> 
     </span>
    </p>
   </div>
   <div class='ocr_carea' id='block_1_11' title="bbox 152 1032 1729 1107">
    <p class='ocr_par' dir='ltr' id='par_1_11' title="bbox 152 1032 1729 1107">
     <span class='ocr_line' id='line_1_11' title="bbox 152 1032 1729 1107; baseline -0.003 -18"><span class='ocrx_word' id='word_1_59' title='bbox 152 1041 250 1090; x_wconf 85' lang='grc' dir='ltr'>νεῖ.</span> <span class='ocrx_word' id='word_1_60' title='bbox 278 1037 512 1100; x_wconf 77' lang='grc' dir='ltr'>Οὖλπιος</span> <span class='ocrx_word' id='word_1_61' title='bbox 550 1036 824 1107; x_wconf 85' lang='grc' dir='ltr'>Ῥώμυλος</span> <span class='ocrx_word' id='word_1_62' title='bbox 852 1036 1096 1106; x_wconf 77' lang='grc' dir='ltr'>βικάριος</span> <span class='ocrx_word' id='word_1_63' title='bbox 1124 1032 1273 1088; x_wconf 76' lang='grc' dir='ltr'>εἶπεν</span> <span class='ocrx_word' id='word_1_64' title='bbox 1292 1052 1306 1065; x_wconf 87' lang='grc'><strong>·</strong></span> <span class='ocrx_word' id='word_1_65' title='bbox 1363 1033 1729 1104; x_wconf 78' lang='grc' dir='ltr'>Ἐξηπάτηται</span> 
     </span>
    </p>
   </div>
   <div class='ocr_carea' id='block_1_12' title="bbox 155 1128 1731 1201">
    <p class='ocr_par' dir='ltr' id='par_1_12' title="bbox 155 1128 1731 1201">
     <span class='ocr_line' id='line_1_12' title="bbox 155 1128 1731 1201; baseline -0.003 -18"><span class='ocrx_word' id='word_1_66' title='bbox 155 1131 291 1201; x_wconf 69' lang='grc' dir='ltr'>αὕτη</span> <span class='ocrx_word' id='word_1_67' title='bbox 320 1132 385 1183; x_wconf 81' lang='grc' dir='ltr'>ἐκ</span> <span class='ocrx_word' id='word_1_68' title='bbox 411 1131 510 1201; x_wconf 86' lang='grc' dir='ltr'>τῆς</span> <span class='ocrx_word' id='word_1_69' title='bbox 543 1131 783 1200; x_wconf 86' lang='grc' dir='ltr'>μαγικῆς</span> <span class='ocrx_word' id='word_1_70' title='bbox 803 1131 1014 1200; x_wconf 89' lang='grc' dir='ltr'>τέχνης,</span> <span class='ocrx_word' id='word_1_71' title='bbox 1035 1129 1129 1182; x_wconf 76' lang='grc' dir='ltr'>καὶ</span> <span class='ocrx_word' id='word_1_72' title='bbox 1148 1128 1296 1197; x_wconf 81' lang='grc' dir='ltr'><strong>λέγει</strong></span> <span class='ocrx_word' id='word_1_73' title='bbox 1323 1128 1457 1199; x_wconf 79' lang='grc' dir='ltr'>αὐτῇ</span> <span class='ocrx_word' id='word_1_74' title='bbox 1476 1145 1489 1157; x_wconf 92' lang='grc'>·</span> <span class='ocrx_word' id='word_1_75' title='bbox 1537 1128 1731 1195; x_wconf 88' lang='grc' dir='ltr'>Ἐγκα-</span> 
     </span>
    </p>
   </div>
   <div class='ocr_carea' id='block_1_13' title="bbox 153 1219 1732 1294">
    <p class='ocr_par' dir='ltr' id='par_1_13' title="bbox 153 1219 1732 1294">
     <span class='ocr_line' id='line_1_13' title="bbox 153 1219 1732 1294; baseline -0.004 -17"><span class='ocrx_word' id='word_1_76' title='bbox 153 1226 381 1278; x_wconf 78' lang='grc' dir='ltr'>τὰλειπε</span> <span class='ocrx_word' id='word_1_77' title='bbox 407 1223 593 1276; x_wconf 80' lang='grc' dir='ltr'>λοιπὸν</span> <span class='ocrx_word' id='word_1_78' title='bbox 611 1222 712 1287; x_wconf 83' lang='grc' dir='ltr'><strong>τὰς</strong></span> <span class='ocrx_word' id='word_1_79' title='bbox 745 1223 1106 1294; x_wconf 85' lang='grc' dir='ltr'>ματαιότητας</span> <span class='ocrx_word' id='word_1_80' title='bbox 1129 1220 1352 1282; x_wconf 80' lang='grc' dir='ltr'>ταύτας,</span> <span class='ocrx_word' id='word_1_81' title='bbox 1380 1219 1474 1272; x_wconf 72' lang='grc' dir='ltr'><strong>καὶ</strong></span> <span class='ocrx_word' id='word_1_82' title='bbox 1503 1219 1732 1290; x_wconf 85' lang='grc' dir='ltr'>προνόη-</span> 
     </span>
    </p>
   </div>
   <div class='ocr_carea' id='block_1_14' title="bbox 157 1311 1733 1387">
    <p class='ocr_par' dir='ltr' id='par_1_14' title="bbox 157 1311 1733 1387">
     <span class='ocr_line' id='line_1_14' title="bbox 157 1311 1733 1387; baseline -0.003 -18"><span class='ocrx_word' id='word_1_83' title='bbox 157 1334 242 1370; x_wconf 84' lang='grc' dir='ltr'><strong>σαι</strong></span> <span class='ocrx_word' id='word_1_84' title='bbox 258 1317 359 1387; x_wconf 78' lang='grc' dir='ltr'>τῆς</span> <span class='ocrx_word' id='word_1_85' title='bbox 377 1314 728 1385; x_wconf 80' lang='grc' dir='ltr'>γενεαλογίας</span> <span class='ocrx_word' id='word_1_86' title='bbox 761 1333 875 1368; x_wconf 87' lang='grc' dir='ltr'>σου.</span> <span class='ocrx_word' id='word_1_87' title='bbox 925 1316 987 1367; x_wconf 84' lang='grc' dir='ltr'><strong>Ἦ</strong></span> <span class='ocrx_word' id='word_1_88' title='bbox 1019 1315 1077 1368; x_wconf 86' lang='grc' dir='ltr'>δὲ</span> <span class='ocrx_word' id='word_1_89' title='bbox 1106 1311 1349 1383; x_wconf 84' lang='grc' dir='ltr'>μακαρία</span> <span class='ocrx_word' id='word_1_90' title='bbox 1390 1312 1580 1383; x_wconf 84' lang='grc' dir='ltr'>Χρυσῆ</span> <span class='ocrx_word' id='word_1_91' title='bbox 1622 1314 1733 1364; x_wconf 81' lang='grc' dir='ltr'>ἐνε-</span> 
     </span>
    </p>
   </div>
   <div class='ocr_carea' id='block_1_15' title="bbox 156 1403 1731 1480">
    <p class='ocr_par' dir='ltr' id='par_1_15' title="bbox 156 1403 1731 1480">
     <span class='ocr_line' id='line_1_15' title="bbox 156 1403 1731 1480; baseline -0.004 -19"><span class='ocrx_word' id='word_1_92' title='bbox 156 1408 398 1478; x_wconf 83' lang='grc' dir='ltr'>φύσησεν</span> <span class='ocrx_word' id='word_1_93' title='bbox 425 1408 630 1480; x_wconf 82' lang='grc' dir='ltr'>(51)είς</span> <span class='ocrx_word' id='word_1_94' title='bbox 656 1408 715 1461; x_wconf 78' lang='grc' dir='ltr'><strong>τὸ</strong></span> <span class='ocrx_word' id='word_1_95' title='bbox 734 1407 1017 1479; x_wconf 86' lang='grc' dir='ltr'>πρόσωπον</span> <span class='ocrx_word' id='word_1_96' title='bbox 1038 1405 1199 1459; x_wconf 77' lang='grc' dir='ltr'>αὐτοῦ</span> <span class='ocrx_word' id='word_1_97' title='bbox 1229 1406 1459 1474; x_wconf 78' lang='grc' dir='ltr'>λέγουσα</span> <span class='ocrx_word' id='word_1_98' title='bbox 1476 1422 1487 1433; x_wconf 94' lang='grc'><strong>·</strong></span> <span class='ocrx_word' id='word_1_99' title='bbox 1529 1403 1731 1466; x_wconf 82' lang='grc' dir='ltr'>Ἀθλιε,</span> 
     </span>
    </p>
   </div>
   <div class='ocr_carea' id='block_1_16' title="bbox 156 1496 1735 1570">
    <p class='ocr_par' dir='ltr' id='par_1_16' title="bbox 156 1496 1735 1570">
     <span class='ocr_line' id='line_1_16' title="bbox 156 1496 1735 1570; baseline -0.003 -18"><span class='ocrx_word' id='word_1_100' title='bbox 156 1504 199 1553; x_wconf 78' lang='grc' dir='ltr'><strong>εί</strong></span> <span class='ocrx_word' id='word_1_101' title='bbox 228 1496 373 1563; x_wconf 79' lang='grc' dir='ltr'>εἶδες</span> <span class='ocrx_word' id='word_1_102' title='bbox 396 1499 489 1553; x_wconf 79' lang='grc' dir='ltr'><strong>τὸν</strong></span> <span class='ocrx_word' id='word_1_103' title='bbox 516 1499 845 1570; x_wconf 86' lang='grc' dir='ltr'>δημιουργὸν</span> <span class='ocrx_word' id='word_1_104' title='bbox 872 1498 1002 1550; x_wconf 79' lang='grc' dir='ltr'>Θεὸν</span> <span class='ocrx_word' id='word_1_105' title='bbox 1035 1496 1265 1569; x_wconf 80' lang='grc' dir='ltr'>ούρανοῦ</span> <span class='ocrx_word' id='word_1_106' title='bbox 1288 1514 1346 1550; x_wconf 79' lang='grc' dir='ltr'><strong>τε</strong></span> <span class='ocrx_word' id='word_1_107' title='bbox 1368 1497 1461 1550; x_wconf 75' lang='grc' dir='ltr'>καὶ</span> <span class='ocrx_word' id='word_1_108' title='bbox 1482 1496 1605 1565; x_wconf 76' lang='grc' dir='ltr'>γῆς,</span> <span class='ocrx_word' id='word_1_109' title='bbox 1637 1496 1735 1548; x_wconf 77' lang='grc' dir='ltr'>οὐκ</span> 
     </span>
    </p>
   </div>
   <div class='ocr_carea' id='block_1_17' title="bbox 156 1586 1734 1661">
    <p class='ocr_par' dir='ltr' id='par_1_17' title="bbox 156 1586 1734 1661">
     <span class='ocr_line' id='line_1_17' title="bbox 156 1586 1734 1661; baseline -0.002 -19"><span class='ocrx_word' id='word_1_110' title='bbox 156 1590 217 1643; x_wconf 82' lang='grc' dir='ltr'>ἂν</span> <span class='ocrx_word' id='word_1_111' title='bbox 242 1589 550 1661; x_wconf 87' lang='grc' dir='ltr'>προέφερες</span> <span class='ocrx_word' id='word_1_112' title='bbox 582 1591 645 1641; x_wconf 78' lang='grc' dir='ltr'>ὲκ</span> <span class='ocrx_word' id='word_1_113' title='bbox 671 1588 764 1642; x_wconf 78' lang='grc' dir='ltr'>τοῦ</span> <span class='ocrx_word' id='word_1_114' title='bbox 788 1588 1053 1659; x_wconf 84' lang='grc' dir='ltr'>στόματός</span> <span class='ocrx_word' id='word_1_115' title='bbox 1085 1606 1177 1641; x_wconf 92' lang='grc' dir='ltr'>σου</span> <span class='ocrx_word' id='word_1_116' title='bbox 1210 1586 1578 1659; x_wconf 68' lang='grc' dir='ltr'>βλασφημίαν.</span> <span class='ocrx_word' id='word_1_117' title='bbox 1624 1588 1734 1656; x_wconf 82' lang='grc' dir='ltr'><strong>Τη-</strong></span> 
     </span>
    </p>
   </div>
   <div class='ocr_carea' id='block_1_18' title="bbox 157 1678 1735 1754">
    <p class='ocr_par' dir='ltr' id='par_1_18' title="bbox 157 1678 1735 1754">
     <span class='ocr_line' id='line_1_18' title="bbox 157 1678 1735 1754; baseline -0.003 -20"><span class='ocrx_word' id='word_1_118' title='bbox 157 1682 393 1735; x_wconf 83' lang='grc' dir='ltr'>νικαῦτα</span> <span class='ocrx_word' id='word_1_119' title='bbox 413 1682 470 1734; x_wconf 84' lang='grc' dir='ltr'>δὲ</span> <span class='ocrx_word' id='word_1_120' title='bbox 500 1682 772 1754; x_wconf 70' lang='grc' dir='ltr'>ὀργισθεὶς</span> <span class='ocrx_word' id='word_1_121' title='bbox 795 1681 824 1731; x_wconf 99' lang='lat'><strong>6</strong></span> <span class='ocrx_word' id='word_1_122' title='bbox 855 1680 1100 1751; x_wconf 85' lang='grc' dir='ltr'>βικάριος</span> <span class='ocrx_word' id='word_1_123' title='bbox 1138 1680 1426 1733; x_wconf 79' lang='grc' dir='ltr'>ἐκέλευσεν</span> <span class='ocrx_word' id='word_1_124' title='bbox 1468 1678 1636 1749; x_wconf 80' lang='grc' dir='ltr'>αὐτὴν</span> <span class='ocrx_word' id='word_1_125' title='bbox 1678 1679 1735 1730; x_wconf 81' lang='grc' dir='ltr'>ὲν</span> 
     </span>
    </p>
   </div>
   <div class='ocr_carea' id='block_1_19' title="bbox 159 1769 1736 1843">
    <p class='ocr_par' dir='ltr' id='par_1_19' title="bbox 159 1769 1736 1843">
     <span class='ocr_line' id='line_1_19' title="bbox 159 1769 1736 1843; baseline -0.003 -18"><span class='ocrx_word' id='word_1_126' title='bbox 159 1777 221 1843; x_wconf 82' lang='grc' dir='ltr'>τῇ</span> <span class='ocrx_word' id='word_1_127' title='bbox 269 1774 466 1842; x_wconf 77' lang='grc' dir='ltr'>ἄντυγι</span> <span class='ocrx_word' id='word_1_128' title='bbox 517 1772 626 1843; x_wconf 70' lang='lat'><strong>(52)</strong></span> <span class='ocrx_word' id='word_1_129' title='bbox 671 1770 1059 1843; x_wconf 81' lang='grc' dir='ltr'>ἁναρτηθῆναι.</span> <span class='ocrx_word' id='word_1_130' title='bbox 1108 1771 1193 1823; x_wconf 87' lang='grc' dir='ltr'>Ἑν</span> <span class='ocrx_word' id='word_1_131' title='bbox 1225 1771 1281 1823; x_wconf 80' lang='grc' dir='ltr'>δὲ</span> <span class='ocrx_word' id='word_1_132' title='bbox 1308 1770 1384 1841; x_wconf 84' lang='grc' dir='ltr'>τῷ</span> <span class='ocrx_word' id='word_1_133' title='bbox 1412 1769 1736 1823; x_wconf 81' lang='grc' dir='ltr'>διασπᾶσθαι</span> 
     </span>
    </p>
   </div>
   <div class='ocr_carea' id='block_1_20' title="bbox 160 1862 1732 1936">
    <p class='ocr_par' dir='ltr' id='par_1_20' title="bbox 160 1862 1732 1936">
     <span class='ocr_line' id='line_1_20' title="bbox 160 1862 1732 1936; baseline -0.004 -17"><span class='ocrx_word' id='word_1_134' title='bbox 160 1865 323 1936; x_wconf 71' lang='grc' dir='ltr'>αὐτὴν</span> <span class='ocrx_word' id='word_1_135' title='bbox 341 1867 459 1927; x_wconf 87' lang='grc' dir='ltr'>τοῖς</span> <span class='ocrx_word' id='word_1_136' title='bbox 470 1864 701 1936; x_wconf 82' lang='grc' dir='ltr'>νεύροις,</span> <span class='ocrx_word' id='word_1_137' title='bbox 722 1862 1015 1934; x_wconf 82' lang='grc' dir='ltr'><strong>προθύμως</strong></span> <span class='ocrx_word' id='word_1_138' title='bbox 1033 1879 1091 1914; x_wconf 86' lang='grc' dir='ltr'><strong>τε</strong></span> <span class='ocrx_word' id='word_1_139' title='bbox 1113 1863 1203 1915; x_wconf 71' lang='grc' dir='ltr'>καὶ</span> <span class='ocrx_word' id='word_1_140' title='bbox 1225 1862 1541 1933; x_wconf 79' lang='grc' dir='ltr'>ὼραιοτάτῳ</span> <span class='ocrx_word' id='word_1_141' title='bbox 1568 1878 1732 1931; x_wconf 87' lang='grc' dir='ltr'>προσ-</span> 
     </span>
    </p>
   </div>
   <div class='ocr_carea' id='block_1_21' title="bbox 1828 576 3390 645">
    <p class='ocr_par' dir='ltr' id='par_1_21' title="bbox 1828 576 3390 645">
     <span class='ocr_line' id='line_1_21' title="bbox 1828 576 3390 645; baseline 0.006 -16"><span class='ocrx_word' id='word_1_142' title='bbox 1828 585 1880 629; x_wconf 85' lang='lat' dir='ltr'><strong>et</strong></span> <span class='ocrx_word' id='word_1_143' title='bbox 1900 586 2106 645; x_wconf 89' lang='lat' dir='ltr'><strong>patrem</strong></span> <span class='ocrx_word' id='word_1_144' title='bbox 2144 584 2296 630; x_wconf 92' lang='lat' dir='ltr'><strong>tuum</strong></span> <span class='ocrx_word' id='word_1_145' title='bbox 2344 576 2618 631; x_wconf 87' lang='lat' dir='ltr'><strong>diabolum</strong></span> <span class='ocrx_word' id='word_1_146' title='bbox 2651 594 2754 631; x_wconf 88' lang='lat' dir='ltr'><strong>una</strong></span> <span class='ocrx_word' id='word_1_147' title='bbox 2784 594 2905 633; x_wconf 90' lang='lat' dir='ltr'><strong>cum</strong></span> <span class='ocrx_word' id='word_1_148' title='bbox 2940 581 3168 636; x_wconf 84' lang='lat' dir='ltr'><strong>Claudio</strong></span> <span class='ocrx_word' id='word_1_149' title='bbox 3196 599 3291 638; x_wconf 79' lang='lat' dir='ltr'><strong>vos</strong></span> <span class='ocrx_word' id='word_1_150' title='bbox 3336 586 3390 638; x_wconf 92' lang='lat' dir='ltr'><strong>in</strong></span> 
     </span>
    </p>
   </div>
   <div class='ocr_carea' id='block_1_22' title="bbox 1829 664 3387 727">
    <p class='ocr_par' dir='ltr' id='par_1_22' title="bbox 1829 664 3387 727">
     <span class='ocr_line' id='line_1_22' title="bbox 1829 664 3387 727; baseline 0.004 -8"><span class='ocrx_word' id='word_1_151' title='bbox 1829 665 2068 720; x_wconf 90' lang='lat' dir='ltr'><strong>tenebris</strong></span> <span class='ocrx_word' id='word_1_152' title='bbox 2094 666 2255 720; x_wconf 95' lang='lat' dir='ltr'><strong>habet</strong></span> <span class='ocrx_word' id='word_1_153' title='bbox 2290 666 2566 720; x_wconf 89' lang='lat' dir='ltr'><strong>damnare.</strong></span> <span class='ocrx_word' id='word_1_154' title='bbox 2620 664 2865 723; x_wconf 84' lang='lat' dir='ltr'><strong>Vicarius</strong></span> <span class='ocrx_word' id='word_1_155' title='bbox 2914 668 3180 726; x_wconf 83' lang='lat' dir='ltr'><strong>Romulus</strong></span> <span class='ocrx_word' id='word_1_156' title='bbox 3217 673 3387 727; x_wconf 75' lang='lat' dir='ltr'><strong>dixit:</strong></span> 
     </span>
    </p>
   </div>
   <div class='ocr_carea' id='block_1_23' title="bbox 1830 757 3394 828">
    <p class='ocr_par' dir='ltr' id='par_1_23' title="bbox 1830 757 3394 828">
     <span class='ocr_line' id='line_1_23' title="bbox 1830 757 3394 828; baseline 0.006 -18"><span class='ocrx_word' id='word_1_157' title='bbox 1830 757 2051 813; x_wconf 91' lang='lat' dir='ltr'><strong>lnducta</strong></span> <span class='ocrx_word' id='word_1_158' title='bbox 2096 758 2163 812; x_wconf 89' lang='lat' dir='ltr'><strong>ab</strong></span> <span class='ocrx_word' id='word_1_159' title='bbox 2200 758 2411 812; x_wconf 90' lang='lat' dir='ltr'><strong>insania</strong></span> <span class='ocrx_word' id='word_1_160' title='bbox 2452 758 2674 828; x_wconf 71' lang='lat' dir='ltr'><strong>magica:</strong></span> <span class='ocrx_word' id='word_1_161' title='bbox 2728 761 2881 825; x_wconf 88' lang='lat' dir='ltr'><strong>artis,</strong></span> <span class='ocrx_word' id='word_1_162' title='bbox 2914 761 3101 817; x_wconf 85' lang='lat' dir='ltr'><strong>desere</strong></span> <span class='ocrx_word' id='word_1_163' title='bbox 3127 765 3394 821; x_wconf 82' lang='lat' dir='ltr'><strong>vanitates</strong></span> 
     </span>
    </p>
   </div>
   <div class='ocr_carea' id='block_1_24' title="bbox 1832 849 3393 917">
    <p class='ocr_par' dir='ltr' id='par_1_24' title="bbox 1832 849 3393 917">
     <span class='ocr_line' id='line_1_24' title="bbox 1832 849 3393 917; baseline 0.005 -16"><span class='ocrx_word' id='word_1_164' title='bbox 1832 849 1964 902; x_wconf 86' lang='lat' dir='ltr'><strong>istas</strong></span> <span class='ocrx_word' id='word_1_165' title='bbox 1994 857 2047 902; x_wconf 89' lang='lat' dir='ltr'><strong>et</strong></span> <span class='ocrx_word' id='word_1_166' title='bbox 2072 849 2296 904; x_wconf 88' lang='lat' dir='ltr'><strong>consule</strong></span> <span class='ocrx_word' id='word_1_167' title='bbox 2326 850 2673 917; x_wconf 82' lang='lat' dir='ltr'><strong>generositati</strong></span> <span class='ocrx_word' id='word_1_168' title='bbox 2703 860 2825 905; x_wconf 69' lang='lat' dir='ltr'><strong>tuae.</strong></span> <span class='ocrx_word' id='word_1_169' title='bbox 2853 851 3014 907; x_wconf 88' lang='lat' dir='ltr'><strong>Beata</strong></span> <span class='ocrx_word' id='word_1_170' title='bbox 3046 855 3191 908; x_wconf 85' lang='lat' dir='ltr'><strong>Aura</strong></span> <span class='ocrx_word' id='word_1_171' title='bbox 3220 853 3393 909; x_wconf 86' lang='lat' dir='ltr'><strong>insuf-</strong></span> 
     </span>
    </p>
   </div>
   <div class='ocr_carea' id='block_1_25' title="bbox 1831 940 3391 1010">
    <p class='ocr_par' dir='ltr' id='par_1_25' title="bbox 1831 940 3391 1010">
     <span class='ocr_line' id='line_1_25' title="bbox 1831 940 3391 1010; baseline 0.005 -17"><span class='ocrx_word' id='word_1_172' title='bbox 1831 940 2048 996; x_wconf 77' lang='lat' dir='ltr'><strong>flavitin</strong></span> <span class='ocrx_word' id='word_1_173' title='bbox 2072 942 2262 996; x_wconf 81' lang='lat' dir='ltr'><strong>faciem</strong></span> <span class='ocrx_word' id='word_1_174' title='bbox 2282 942 2465 996; x_wconf 89' lang='lat' dir='ltr'><strong>vicarii</strong></span> <span class='ocrx_word' id='word_1_175' title='bbox 2495 942 2712 998; x_wconf 89' lang='lat' dir='ltr'><strong>dicens:</strong></span> <span class='ocrx_word' id='word_1_176' title='bbox 2744 943 2926 1010; x_wconf 85' lang='lat' dir='ltr'><strong>Miser,</strong></span> <span class='ocrx_word' id='word_1_177' title='bbox 2960 945 3004 999; x_wconf 87' lang='lat' dir='ltr'><strong>si</strong></span> <span class='ocrx_word' id='word_1_178' title='bbox 3027 947 3196 1002; x_wconf 88' lang='lat' dir='ltr'><strong>scires</strong></span> <span class='ocrx_word' id='word_1_179' title='bbox 3222 946 3391 1001; x_wconf 92' lang='lat' dir='ltr'><strong>Deum</strong></span> 
     </span>
    </p>
   </div>
   <div class='ocr_carea' id='block_1_26' title="bbox 1835 1034 3397 1104">
    <p class='ocr_par' dir='ltr' id='par_1_26' title="bbox 1835 1034 3397 1104">
     <span class='ocr_line' id='line_1_26' title="bbox 1835 1034 3397 1104; baseline 0.004 -17"><span class='ocrx_word' id='word_1_180' title='bbox 1835 1045 2134 1088; x_wconf 87' lang='lat' dir='ltr'><strong>creatorem</strong></span> <span class='ocrx_word' id='word_1_181' title='bbox 2168 1034 2292 1087; x_wconf 85' lang='lat' dir='ltr'><strong>coeli</strong></span> <span class='ocrx_word' id='word_1_182' title='bbox 2326 1043 2378 1088; x_wconf 94' lang='lat' dir='ltr'><strong>et</strong></span> <span class='ocrx_word' id='word_1_183' title='bbox 2405 1044 2591 1099; x_wconf 80' lang='lat' dir='ltr'><strong>terrae;</strong></span> <span class='ocrx_word' id='word_1_184' title='bbox 2627 1050 2735 1087; x_wconf 89' lang='lat' dir='ltr'><strong>non</strong></span> <span class='ocrx_word' id='word_1_185' title='bbox 2760 1034 3030 1104; x_wconf 84' lang='lat' dir='ltr'><strong>proferres</strong></span> <span class='ocrx_word' id='word_1_186' title='bbox 3056 1052 3122 1091; x_wconf 81' lang='lat' dir='ltr'><strong>ex</strong></span> <span class='ocrx_word' id='word_1_187' title='bbox 3167 1052 3262 1091; x_wconf 91' lang='lat' dir='ltr'><strong>ore</strong></span> <span class='ocrx_word' id='word_1_188' title='bbox 3301 1047 3397 1094; x_wconf 92' lang='lat' dir='ltr'><strong>tuo</strong></span> 
     </span>
    </p>
   </div>
   <div class='ocr_carea' id='block_1_27' title="bbox 1837 1126 3398 1201">
    <p class='ocr_par' dir='ltr' id='par_1_27' title="bbox 1837 1126 3398 1201">
     <span class='ocr_line' id='line_1_27' title="bbox 1837 1126 3398 1201; baseline 0.004 -20"><span class='ocrx_word' id='word_1_189' title='bbox 1837 1127 2225 1196; x_wconf 88' lang='lat' dir='ltr'><strong>blasphemias.</strong></span> <span class='ocrx_word' id='word_1_190' title='bbox 2264 1126 2438 1182; x_wconf 86' lang='lat' dir='ltr'><strong>Iratus</strong></span> <span class='ocrx_word' id='word_1_191' title='bbox 2467 1136 2645 1181; x_wconf 90' lang='lat' dir='ltr'><strong>autem</strong></span> <span class='ocrx_word' id='word_1_192' title='bbox 2672 1127 2937 1185; x_wconf 85' lang='lat' dir='ltr'><strong>Romulus</strong></span> <span class='ocrx_word' id='word_1_193' title='bbox 2972 1131 3210 1187; x_wconf 84' lang='lat' dir='ltr'><strong>vicarius</strong></span> <span class='ocrx_word' id='word_1_194' title='bbox 3232 1132 3398 1201; x_wconf 83' lang='lat' dir='ltr'><strong>jussit</strong></span> 
     </span>
    </p>
   </div>
   <div class='ocr_carea' id='block_1_28' title="bbox 1833 1219 3397 1289">
    <p class='ocr_par' dir='ltr' id='par_1_28' title="bbox 1833 1219 3397 1289">
     <span class='ocr_line' id='line_1_28' title="bbox 1833 1219 3397 1289; baseline 0.003 -16"><span class='ocrx_word' id='word_1_195' title='bbox 1833 1233 1953 1274; x_wconf 88' lang='lat' dir='ltr'><strong>eam</strong></span> <span class='ocrx_word' id='word_1_196' title='bbox 1986 1219 2039 1272; x_wconf 91' lang='lat' dir='ltr'><strong>in</strong></span> <span class='ocrx_word' id='word_1_197' title='bbox 2071 1219 2305 1288; x_wconf 89' lang='lat' dir='ltr'><strong>equuleo</strong></span> <span class='ocrx_word' id='word_1_198' title='bbox 2330 1219 2607 1289; x_wconf 85' lang='lat' dir='ltr'><strong>suspendi.</strong></span> <span class='ocrx_word' id='word_1_199' title='bbox 2644 1220 2710 1273; x_wconf 85' lang='lat' dir='ltr'><strong>Et</strong></span> <span class='ocrx_word' id='word_1_200' title='bbox 2736 1236 2859 1275; x_wconf 90' lang='lat' dir='ltr'><strong>eum</strong></span> <span class='ocrx_word' id='word_1_201' title='bbox 2882 1224 3239 1277; x_wconf 86' lang='lat' dir='ltr'><strong>attraheretur</strong></span> <span class='ocrx_word' id='word_1_202' title='bbox 3274 1241 3397 1278; x_wconf 87' lang='lat' dir='ltr'><strong>ner-</strong></span> 
     </span>
    </p>
   </div>
   <div class='ocr_carea' id='block_1_29' title="bbox 1834 1313 3399 1383">
    <p class='ocr_par' dir='ltr' id='par_1_29' title="bbox 1834 1313 3399 1383">
     <span class='ocr_line' id='line_1_29' title="bbox 1834 1313 3399 1383; baseline 0.002 -16"><span class='ocrx_word' id='word_1_203' title='bbox 1834 1314 1937 1379; x_wconf 88' lang='lat' dir='ltr'><strong>vis,</strong></span> <span class='ocrx_word' id='word_1_204' title='bbox 1970 1314 2107 1368; x_wconf 90' lang='lat' dir='ltr'><strong>facie</strong></span> <span class='ocrx_word' id='word_1_205' title='bbox 2136 1313 2332 1368; x_wconf 85' lang='lat' dir='ltr'><strong>alacris</strong></span> <span class='ocrx_word' id='word_1_206' title='bbox 2376 1323 2427 1367; x_wconf 91' lang='lat' dir='ltr'><strong>et</strong></span> <span class='ocrx_word' id='word_1_207' title='bbox 2465 1313 2712 1381; x_wconf 81' lang='lat' dir='ltr'><strong>speciosa</strong></span> <span class='ocrx_word' id='word_1_208' title='bbox 2734 1314 2897 1383; x_wconf 78' lang='lat' dir='ltr'><strong>C(Bpit</strong></span> <span class='ocrx_word' id='word_1_209' title='bbox 2930 1314 3142 1370; x_wconf 89' lang='lat' dir='ltr'><strong>dicere:</strong></span> <span class='ocrx_word' id='word_1_210' title='bbox 3184 1315 3399 1370; x_wconf 78' lang='lat' dir='ltr'><strong>Gratias</strong></span> 
     </span>
    </p>
   </div>
   <div class='ocr_carea' id='block_1_30' title="bbox 1838 1403 3399 1477">
    <p class='ocr_par' dir='ltr' id='par_1_30' title="bbox 1838 1403 3399 1477">
     <span class='ocr_line' id='line_1_30' title="bbox 1838 1403 3399 1477; baseline 0 -15"><span class='ocrx_word' id='word_1_211' title='bbox 1838 1423 1937 1477; x_wconf 86' lang='lat' dir='ltr'><strong>ago</strong></span> <span class='ocrx_word' id='word_1_212' title='bbox 1970 1407 2066 1460; x_wconf 85' lang='lat' dir='ltr'><strong>tibi</strong></span> <span class='ocrx_word' id='word_1_213' title='bbox 2092 1404 2319 1459; x_wconf 87' lang='lat' dir='ltr'><strong>Domine</strong></span> <span class='ocrx_word' id='word_1_214' title='bbox 2343 1403 2467 1459; x_wconf 84' lang='lat' dir='ltr'><strong>Jesu</strong></span> <span class='ocrx_word' id='word_1_215' title='bbox 2492 1404 2726 1470; x_wconf 88' lang='lat' dir='ltr'><strong>Christe,</strong></span> <span class='ocrx_word' id='word_1_216' title='bbox 2759 1405 2853 1474; x_wconf 91' lang='lat' dir='ltr'><strong>qui</strong></span> <span class='ocrx_word' id='word_1_217' title='bbox 2893 1422 2978 1460; x_wconf 91' lang='lat' dir='ltr'><strong>me</strong></span> <span class='ocrx_word' id='word_1_218' title='bbox 3010 1407 3075 1461; x_wconf 91' lang='lat' dir='ltr'><strong>de</strong></span> <span class='ocrx_word' id='word_1_219' title='bbox 3097 1407 3286 1463; x_wconf 78' lang='lat' dir='ltr'><strong>inferis</strong></span> <span class='ocrx_word' id='word_1_220' title='bbox 3332 1408 3399 1462; x_wconf 88' lang='lat' dir='ltr'><strong>ad</strong></span> 
     </span>
    </p>
   </div>
   <div class='ocr_carea' id='block_1_31' title="bbox 1838 1496 3404 1567">
    <p class='ocr_par' dir='ltr' id='par_1_31' title="bbox 1838 1496 3404 1567">
     <span class='ocr_line' id='line_1_31' title="bbox 1838 1496 3404 1567; baseline 0.002 -14"><span class='ocrx_word' id='word_1_221' title='bbox 1838 1498 2092 1554; x_wconf 89' lang='lat' dir='ltr'><strong>sublimia</strong></span> <span class='ocrx_word' id='word_1_222' title='bbox 2132 1496 2373 1552; x_wconf 77' lang='lat' dir='ltr'><strong>emlestia</strong></span> <span class='ocrx_word' id='word_1_223' title='bbox 2411 1496 2665 1567; x_wconf 88' lang='lat' dir='ltr'><strong>dignatus</strong></span> <span class='ocrx_word' id='word_1_224' title='bbox 2714 1513 2771 1551; x_wconf 90' lang='lat' dir='ltr'><strong>es</strong></span> <span class='ocrx_word' id='word_1_225' title='bbox 2816 1498 3119 1553; x_wconf 88' lang='lat' dir='ltr'><strong>sublevare.</strong></span> <span class='ocrx_word' id='word_1_226' title='bbox 3154 1499 3220 1554; x_wconf 86' lang='lat' dir='ltr'><strong>Et</strong></span> <span class='ocrx_word' id='word_1_227' title='bbox 3267 1502 3404 1557; x_wconf 82' lang='lat' dir='ltr'><strong>dixit</strong></span> 
     </span>
    </p>
   </div>
   <div class='ocr_carea' id='block_1_32' title="bbox 1840 1588 3403 1667">
    <p class='ocr_par' dir='ltr' id='par_1_32' title="bbox 1840 1588 3403 1667">
     <span class='ocr_line' id='line_1_32' title="bbox 1840 1588 3403 1667; baseline 0.004 -24"><span class='ocrx_word' id='word_1_228' title='bbox 1840 1588 2102 1645; x_wconf 80' lang='lat' dir='ltr'><strong>Romulus</strong></span> <span class='ocrx_word' id='word_1_229' title='bbox 2132 1609 2145 1643; x_wconf 94' lang='lat'><strong>:</strong></span> <span class='ocrx_word' id='word_1_230' title='bbox 2198 1588 2303 1645; x_wconf 90' lang='lat' dir='ltr'><strong>Ubi</strong></span> <span class='ocrx_word' id='word_1_231' title='bbox 2346 1589 2445 1645; x_wconf 85' lang='lat' dir='ltr'><strong>es?</strong></span> <span class='ocrx_word' id='word_1_232' title='bbox 2472 1605 2656 1667; x_wconf 49' lang='lat' dir='ltr'><strong>.quem</strong></span> <span class='ocrx_word' id='word_1_233' title='bbox 2697 1591 2959 1659; x_wconf 60' lang='lat' dir='ltr'><strong>praedicas</strong></span> <span class='ocrx_word' id='word_1_234' title='bbox 2992 1591 3242 1648; x_wconf 84' lang='lat' dir='ltr'><strong>Christus</strong></span> <span class='ocrx_word' id='word_1_235' title='bbox 3276 1604 3403 1649; x_wconf 91' lang='lat' dir='ltr'><strong>tuus</strong></span> 
     </span>
    </p>
   </div>
   <div class='ocr_carea' id='block_1_33' title="bbox 1839 1680 3402 1757">
    <p class='ocr_par' dir='ltr' id='par_1_33' title="bbox 1839 1680 3402 1757">
     <span class='ocr_line' id='line_1_33' title="bbox 1839 1680 3402 1757; baseline 0.005 -24"><span class='ocrx_word' id='word_1_236' title='bbox 1839 1680 2029 1735; x_wconf 87' lang='lat' dir='ltr'><strong>liberet</strong></span> <span class='ocrx_word' id='word_1_237' title='bbox 2082 1688 2151 1735; x_wconf 90' lang='lat' dir='ltr'><strong>te.</strong></span> <span class='ocrx_word' id='word_1_238' title='bbox 2190 1680 2354 1735; x_wconf 86' lang='lat' dir='ltr'><strong>Beata</strong></span> <span class='ocrx_word' id='word_1_239' title='bbox 2402 1681 2544 1736; x_wconf 85' lang='lat' dir='ltr'><strong>Aura</strong></span> <span class='ocrx_word' id='word_1_240' title='bbox 2592 1685 2900 1752; x_wconf 86' lang='lat' dir='ltr'><strong>respondit:</strong></span> <span class='ocrx_word' id='word_1_241' title='bbox 2935 1684 3047 1755; x_wconf 84' lang='lat' dir='ltr'><strong>Ego</strong></span> <span class='ocrx_word' id='word_1_242' title='bbox 3079 1686 3239 1757; x_wconf 85' lang='lat' dir='ltr'><strong>digna</strong></span> <span class='ocrx_word' id='word_1_243' title='bbox 3295 1704 3402 1741; x_wconf 91' lang='lat' dir='ltr'><strong>non</strong></span> 
     </span>
    </p>
   </div>
   <div class='ocr_carea' id='block_1_34' title="bbox 1840 1770 3402 1845">
    <p class='ocr_par' dir='ltr' id='par_1_34' title="bbox 1840 1770 3402 1845">
     <span class='ocr_line' id='line_1_34' title="bbox 1840 1770 3402 1845; baseline 0.004 -20"><span class='ocrx_word' id='word_1_244' title='bbox 1840 1786 1983 1832; x_wconf 85' lang='lat' dir='ltr'><strong>sum,</strong></span> <span class='ocrx_word' id='word_1_245' title='bbox 2017 1770 2109 1825; x_wconf 90' lang='lat' dir='ltr'><strong>sed</strong></span> <span class='ocrx_word' id='word_1_246' title='bbox 2145 1770 2235 1825; x_wconf 91' lang='lat' dir='ltr'><strong>ille</strong></span> <span class='ocrx_word' id='word_1_247' title='bbox 2267 1772 2359 1840; x_wconf 87' lang='lat' dir='ltr'><strong>qui</strong></span> <span class='ocrx_word' id='word_1_248' title='bbox 2387 1771 2642 1841; x_wconf 82' lang='lat' dir='ltr'><strong>dignatus</strong></span> <span class='ocrx_word' id='word_1_249' title='bbox 2659 1783 2742 1827; x_wconf 88' lang='lat' dir='ltr'><strong>est</strong></span> <span class='ocrx_word' id='word_1_250' title='bbox 2772 1790 2856 1828; x_wconf 91' lang='lat' dir='ltr'><strong>me</strong></span> <span class='ocrx_word' id='word_1_251' title='bbox 2873 1775 2938 1829; x_wconf 92' lang='lat' dir='ltr'><strong>de</strong></span> <span class='ocrx_word' id='word_1_252' title='bbox 2961 1776 3189 1845; x_wconf 88' lang='lat' dir='ltr'><strong>caligine</strong></span> <span class='ocrx_word' id='word_1_253' title='bbox 3212 1778 3402 1831; x_wconf 79' lang='lat' dir='ltr'><strong>mundi</strong></span> 
     </span>
    </p>
   </div>
   <div class='ocr_carea' id='block_1_35' title="bbox 1838 1863 3405 1931">
    <p class='ocr_par' dir='ltr' id='par_1_35' title="bbox 1838 1863 3405 1931">
     <span class='ocr_line' id='line_1_35' title="bbox 1838 1863 3405 1931; baseline 0.004 -16"><span class='ocrx_word' id='word_1_254' title='bbox 1838 1863 2065 1930; x_wconf 89' lang='lat' dir='ltr'><strong>eripere,</strong></span> <span class='ocrx_word' id='word_1_255' title='bbox 2097 1870 2287 1931; x_wconf 80' lang='lat' dir='ltr'><strong>potens</strong></span> <span class='ocrx_word' id='word_1_256' title='bbox 2316 1871 2400 1916; x_wconf 87' lang='lat' dir='ltr'><strong>est</strong></span> <span class='ocrx_word' id='word_1_257' title='bbox 2422 1873 2471 1916; x_wconf 85' lang='lat' dir='ltr'><strong>te</strong></span> <span class='ocrx_word' id='word_1_258' title='bbox 2491 1863 2844 1919; x_wconf 89' lang='lat' dir='ltr'><strong>etClaudium</strong></span> <span class='ocrx_word' id='word_1_259' title='bbox 2862 1867 3162 1922; x_wconf 85' lang='lat' dir='ltr'><strong>destruere.</strong></span> <span class='ocrx_word' id='word_1_260' title='bbox 3187 1868 3251 1922; x_wconf 90' lang='lat' dir='ltr'><strong>Et</strong></span> <span class='ocrx_word' id='word_1_261' title='bbox 3274 1869 3405 1923; x_wconf 89' lang='lat' dir='ltr'><strong>dum</strong></span> 
     </span>
    </p>
   </div>
   <div class='ocr_carea' id='block_1_36' title="bbox 159 1930 1742 2029">
    <p class='ocr_par' dir='ltr' id='par_1_36' title="bbox 159 1930 1733 2029">
     <span class='ocr_line' id='line_1_36' title="bbox 159 1930 1733 2029; baseline -0.003 -20"><span class='ocrx_word' id='word_1_262' title='bbox 336 1930 788 2029; x_wconf 32' lang='lat' dir='ltr'><strong>ﬁpﬁato’kéysw&quot;</strong></span> <span class='ocrx_word' id='word_1_263' title='bbox 839 1930 1161 2026; x_wconf 78' lang='grc' dir='ltr'>Εύχαριστῶ</span> <span class='ocrx_word' id='word_1_264' title='bbox 1202 1930 1312 2016; x_wconf 76' lang='grc' dir='ltr'>σοι,</span> <span class='ocrx_word' id='word_1_265' title='bbox 1352 1930 1523 2024; x_wconf 84' lang='grc' dir='ltr'>Κύριε</span> <span class='ocrx_word' id='word_1_266' title='bbox 1560 1930 1733 2024; x_wconf 82' lang='grc' dir='ltr'>Ἰησοῦ</span> 
     </span>
    </p>
   </div>
   <div class='ocr_carea' id='block_1_37' title="bbox 1855 1930 3401 2029">
    <p class='ocr_par' dir='ltr' id='par_1_37' title="bbox 1857 1930 3401 2028">
     <span class='ocr_line' id='line_1_37' title="bbox 1857 1930 3401 2028; baseline 0.003 -21"><span class='ocrx_word' id='word_1_267' title='bbox 1857 1969 1943 2008; x_wconf 77' lang='grc' dir='ltr'><strong>ιοο</strong></span> <span class='ocrx_word' id='word_1_268' title='bbox 1975 1930 2201 2008; x_wconf 83' lang='lat' dir='ltr'><strong>dixisset</strong></span> <span class='ocrx_word' id='word_1_269' title='bbox 2225 1953 2539 2009; x_wconf 87' lang='lat' dir='ltr'><strong>confractus</strong></span> <span class='ocrx_word' id='word_1_270' title='bbox 2569 1966 2650 2009; x_wconf 85' lang='lat' dir='ltr'><strong>est</strong></span> <span class='ocrx_word' id='word_1_271' title='bbox 2673 1958 2972 2025; x_wconf 85' lang='lat' dir='ltr'><strong>equuleus;</strong></span> <span class='ocrx_word' id='word_1_272' title='bbox 3011 1967 3064 2012; x_wconf 91' lang='lat' dir='ltr'><strong>et</strong></span> <span class='ocrx_word' id='word_1_273' title='bbox 3104 1958 3401 2028; x_wconf 89' lang='lat' dir='ltr'><strong>depositam</strong></span> 
     </span>
    </p>
   </div>
   <div class='ocr_carea' id='block_1_38' title="bbox 159 2043 1735 2120">
    <p class='ocr_par' dir='ltr' id='par_1_38' title="bbox 159 2043 1735 2120">
     <span class='ocr_line' id='line_1_38' title="bbox 159 2043 1735 2120; baseline -0.003 -19"><span class='ocrx_word' id='word_1_274' title='bbox 159 2043 386 2120; x_wconf 73' lang='grc' dir='ltr'>Χριστὲ,</span> <span class='ocrx_word' id='word_1_275' title='bbox 415 2048 474 2111; x_wconf 88' lang='grc' dir='ltr'>ὃς</span> <span class='ocrx_word' id='word_1_276' title='bbox 508 2064 573 2118; x_wconf 84' lang='grc' dir='ltr'><strong>με</strong></span> <span class='ocrx_word' id='word_1_277' title='bbox 594 2049 658 2099; x_wconf 84' lang='grc' dir='ltr'>ὲκ</span> <span class='ocrx_word' id='word_1_278' title='bbox 681 2046 775 2099; x_wconf 76' lang='grc' dir='ltr'>τοῦ</span> <span class='ocrx_word' id='word_1_279' title='bbox 804 2046 930 2117; x_wconf 77' lang='grc' dir='ltr'>ᾅδου</span> <span class='ocrx_word' id='word_1_280' title='bbox 956 2046 1091 2117; x_wconf 81' lang='grc' dir='ltr'>πρὸς</span> <span class='ocrx_word' id='word_1_281' title='bbox 1134 2045 1200 2099; x_wconf 75' lang='grc' dir='ltr'><strong>τὰ</strong></span> <span class='ocrx_word' id='word_1_282' title='bbox 1237 2045 1461 2116; x_wconf 86' lang='grc' dir='ltr'>ούράνια</span> <span class='ocrx_word' id='word_1_283' title='bbox 1491 2044 1735 2115; x_wconf 85' lang='grc' dir='ltr'>μετέωρα</span> 
     </span>
    </p>
   </div>
   <div class='ocr_carea' id='block_1_39' title="bbox 159 2135 1737 2209">
    <p class='ocr_par' dir='ltr' id='par_1_39' title="bbox 159 2135 1737 2209">
     <span class='ocr_line' id='line_1_39' title="bbox 159 2135 1737 2209; baseline -0.001 -20"><span class='ocrx_word' id='word_1_284' title='bbox 159 2138 404 2207; x_wconf 50' lang='lat' dir='ltr'><strong>ramea;</strong></span> <span class='ocrx_word' id='word_1_285' title='bbox 436 2136 811 2207; x_wconf 83' lang='grc' dir='ltr'>κουφισθῆναι.</span> <span class='ocrx_word' id='word_1_286' title='bbox 852 2137 995 2209; x_wconf 78' lang='grc' dir='ltr'>Πρὸς</span> <span class='ocrx_word' id='word_1_287' title='bbox 1021 2137 1090 2206; x_wconf 77' lang='grc' dir='ltr'>ἦν</span> <span class='ocrx_word' id='word_1_288' title='bbox 1122 2139 1150 2190; x_wconf 92' lang='lat'><strong>6</strong></span> <span class='ocrx_word' id='word_1_289' title='bbox 1178 2136 1422 2206; x_wconf 83' lang='grc' dir='ltr'>βικόιριος</span> <span class='ocrx_word' id='word_1_290' title='bbox 1444 2135 1565 2206; x_wconf 74' lang='grc' dir='ltr'>ἔφη·</span> <span class='ocrx_word' id='word_1_291' title='bbox 1603 2136 1737 2188; x_wconf 82' lang='grc' dir='ltr'>Ἰδο-</span> 
     </span>
    </p>
   </div>
   <div class='ocr_carea' id='block_1_40' title="bbox 164 2227 1734 2301">
    <p class='ocr_par' dir='ltr' id='par_1_40' title="bbox 164 2227 1734 2301">
     <span class='ocr_line' id='line_1_40' title="bbox 164 2227 1734 2301; baseline -0.003 -19"><span class='ocrx_word' id='word_1_292' title='bbox 164 2235 287 2300; x_wconf 84' lang='grc' dir='ltr'>μεν·</span> <span class='ocrx_word' id='word_1_293' title='bbox 322 2231 375 2282; x_wconf 86' lang='grc' dir='ltr'><strong>εί</strong></span> <span class='ocrx_word' id='word_1_294' title='bbox 402 2232 431 2282; x_wconf 87' lang='lat'><strong>6</strong></span> <span class='ocrx_word' id='word_1_295' title='bbox 454 2232 687 2301; x_wconf 87' lang='grc' dir='ltr'>Χριστός</span> <span class='ocrx_word' id='word_1_296' title='bbox 708 2229 987 2300; x_wconf 49' lang='grc' dir='ltr'>σοιηὲλθὼν</span> <span class='ocrx_word' id='word_1_297' title='bbox 1015 2229 1233 2301; x_wconf 77' lang='grc' dir='ltr'>ῥύσεταί</span> <span class='ocrx_word' id='word_1_298' title='bbox 1264 2245 1342 2283; x_wconf 86' lang='grc' dir='ltr'><strong>σε.</strong></span> <span class='ocrx_word' id='word_1_299' title='bbox 1381 2227 1672 2297; x_wconf 81' lang='grc' dir='ltr'><strong>Ἀπεκρίθη</strong></span> <span class='ocrx_word' id='word_1_300' title='bbox 1702 2228 1734 2297; x_wconf 87' lang='grc' dir='ltr'>ή</span> 
     </span>
    </p>
   </div>
   <div class='ocr_carea' id='block_1_41' title="bbox 164 2316 1733 2392">
    <p class='ocr_par' dir='ltr' id='par_1_41' title="bbox 164 2316 1733 2392">
     <span class='ocr_line' id='line_1_41' title="bbox 164 2316 1733 2392; baseline -0.004 -19"><span class='ocrx_word' id='word_1_301' title='bbox 164 2320 415 2391; x_wconf 84' lang='grc' dir='ltr'>μακαρία</span> <span class='ocrx_word' id='word_1_302' title='bbox 452 2322 638 2392; x_wconf 86' lang='grc' dir='ltr'>Χρυσῆ</span> <span class='ocrx_word' id='word_1_303' title='bbox 673 2322 765 2375; x_wconf 73' lang='grc' dir='ltr'><strong>καὶ</strong></span> <span class='ocrx_word' id='word_1_304' title='bbox 786 2316 965 2374; x_wconf 82' lang='grc' dir='ltr'>εἶπεν·</span> <span class='ocrx_word' id='word_1_305' title='bbox 1010 2317 1151 2388; x_wconf 85' lang='grc' dir='ltr'><strong>Ἐγὼ</strong></span> <span class='ocrx_word' id='word_1_306' title='bbox 1186 2318 1281 2388; x_wconf 81' lang='grc' dir='ltr'>μὲν</span> <span class='ocrx_word' id='word_1_307' title='bbox 1312 2316 1436 2384; x_wconf 80' lang='grc' dir='ltr'>ἄξια</span> <span class='ocrx_word' id='word_1_308' title='bbox 1468 2317 1567 2369; x_wconf 77' lang='grc' dir='ltr'><strong>οὐκ</strong></span> <span class='ocrx_word' id='word_1_309' title='bbox 1597 2316 1733 2387; x_wconf 72' lang='grc' dir='ltr'>εἰμὶ,</span> 
     </span>
    </p>
   </div>
   <div class='ocr_carea' id='block_1_42' title="bbox 160 2407 1738 2482">
    <p class='ocr_par' dir='ltr' id='par_1_42' title="bbox 160 2407 1738 2482">
     <span class='ocr_line' id='line_1_42' title="bbox 160 2407 1738 2482; baseline -0.003 -18"><span class='ocrx_word' id='word_1_310' title='bbox 160 2412 273 2464; x_wconf 77' lang='grc' dir='ltr'>ἀλλ’</span> <span class='ocrx_word' id='word_1_311' title='bbox 301 2413 513 2475; x_wconf 77' lang='grc' dir='ltr'>ἐκεῖνος</span> <span class='ocrx_word' id='word_1_312' title='bbox 533 2415 562 2464; x_wconf 91' lang='lat'><strong>6</strong></span> <span class='ocrx_word' id='word_1_313' title='bbox 589 2411 931 2477; x_wconf 73' lang='grc' dir='ltr'>καταξιώσας</span> <span class='ocrx_word' id='word_1_314' title='bbox 963 2428 1027 2482; x_wconf 91' lang='grc' dir='ltr'><strong>με</strong></span> <span class='ocrx_word' id='word_1_315' title='bbox 1063 2413 1126 2463; x_wconf 85' lang='grc' dir='ltr'>ὲκ</span> <span class='ocrx_word' id='word_1_316' title='bbox 1152 2410 1251 2479; x_wconf 78' lang='grc' dir='ltr'>τῆς</span> <span class='ocrx_word' id='word_1_317' title='bbox 1277 2408 1472 2479; x_wconf 80' lang='grc' dir='ltr'>ἀχλύος</span> <span class='ocrx_word' id='word_1_318' title='bbox 1510 2407 1603 2460; x_wconf 78' lang='grc' dir='ltr'>τοῦ</span> <span class='ocrx_word' id='word_1_319' title='bbox 1648 2407 1738 2460; x_wconf 89' lang='grc' dir='ltr'>κό-</span> 
     </span>
    </p>
   </div>
   <div class='ocr_carea' id='block_1_43' title="bbox 164 2499 1738 2574">
    <p class='ocr_par' dir='ltr' id='par_1_43' title="bbox 164 2499 1738 2574">
     <span class='ocr_line' id='line_1_43' title="bbox 164 2499 1738 2574; baseline -0.003 -18"><span class='ocrx_word' id='word_1_320' title='bbox 164 2520 301 2573; x_wconf 87' lang='grc' dir='ltr'>σμου</span> <span class='ocrx_word' id='word_1_321' title='bbox 331 2504 524 2556; x_wconf 88' lang='grc' dir='ltr'>τούτου</span> <span class='ocrx_word' id='word_1_322' title='bbox 556 2502 838 2574; x_wconf 80' lang='grc' dir='ltr'>ρυσθῆναι,</span> <span class='ocrx_word' id='word_1_323' title='bbox 865 2502 1087 2565; x_wconf 85' lang='grc' dir='ltr'>δύνατός</span> <span class='ocrx_word' id='word_1_324' title='bbox 1114 2502 1260 2553; x_wconf 83' lang='grc' dir='ltr'>ἐστιν</span> <span class='ocrx_word' id='word_1_325' title='bbox 1299 2502 1392 2553; x_wconf 77' lang='grc' dir='ltr'><strong>καὶ</strong></span> <span class='ocrx_word' id='word_1_326' title='bbox 1435 2500 1493 2552; x_wconf 83' lang='grc' dir='ltr'><strong>σὲ</strong></span> <span class='ocrx_word' id='word_1_327' title='bbox 1530 2499 1622 2552; x_wconf 80' lang='grc' dir='ltr'>καὶ</span> <span class='ocrx_word' id='word_1_328' title='bbox 1649 2499 1738 2552; x_wconf 83' lang='grc' dir='ltr'>τὸν</span> 
     </span>
    </p>
   </div>
   <div class='ocr_carea' id='block_1_44' title="bbox 162 2588 1741 2664">
    <p class='ocr_par' dir='ltr' id='par_1_44' title="bbox 162 2588 1741 2664">
     <span class='ocr_line' id='line_1_44' title="bbox 162 2588 1741 2664; baseline -0.004 -18"><span class='ocrx_word' id='word_1_329' title='bbox 162 2593 510 2664; x_wconf 79' lang='grc' dir='ltr'>(παράνομόν</span> <span class='ocrx_word' id='word_1_330' title='bbox 557 2593 679 2662; x_wconf 87' lang='grc' dir='ltr'>σου)</span> <span class='ocrx_word' id='word_1_331' title='bbox 727 2592 990 2646; x_wconf 77' lang='grc' dir='ltr'>Κλαύδιον</span> <span class='ocrx_word' id='word_1_332' title='bbox 1033 2591 1351 2644; x_wconf 79' lang='grc' dir='ltr'>καταλῦσαι.</span> <span class='ocrx_word' id='word_1_333' title='bbox 1422 2590 1511 2642; x_wconf 84' lang='grc' dir='ltr'>Ἐν</span> <span class='ocrx_word' id='word_1_334' title='bbox 1565 2590 1622 2641; x_wconf 82' lang='grc' dir='ltr'>δὲ</span> <span class='ocrx_word' id='word_1_335' title='bbox 1664 2588 1741 2659; x_wconf 82' lang='grc' dir='ltr'>τῷ</span> 
     </span>
    </p>
   </div>
   <div class='ocr_carea' id='block_1_45' title="bbox 162 2682 1743 2755">
    <p class='ocr_par' dir='ltr' id='par_1_45' title="bbox 162 2682 1743 2755">
     <span class='ocr_line' id='line_1_45' title="bbox 162 2682 1743 2755; baseline -0.003 -17"><span class='ocrx_word' id='word_1_336' title='bbox 162 2686 335 2738; x_wconf 78' lang='grc' dir='ltr'>ταῦτα</span> <span class='ocrx_word' id='word_1_337' title='bbox 364 2685 544 2753; x_wconf 84' lang='grc' dir='ltr'>λέγειν</span> <span class='ocrx_word' id='word_1_338' title='bbox 564 2684 763 2755; x_wconf 72' lang='grc' dir='ltr'>αὐτὴν,</span> <span class='ocrx_word' id='word_1_339' title='bbox 810 2685 962 2753; x_wconf 83' lang='grc' dir='ltr'>ἄφνω</span> <span class='ocrx_word' id='word_1_340' title='bbox 1002 2682 1329 2753; x_wconf 83' lang='grc' dir='ltr'>συνεθλάσθη</span> <span class='ocrx_word' id='word_1_341' title='bbox 1360 2685 1392 2752; x_wconf 89' lang='grc' dir='ltr'>ὴ</span> <span class='ocrx_word' id='word_1_342' title='bbox 1421 2683 1613 2747; x_wconf 79' lang='grc' dir='ltr'>ἄντυξ·</span> <span class='ocrx_word' id='word_1_343' title='bbox 1648 2682 1743 2736; x_wconf 75' lang='grc' dir='ltr'>καὶ</span> 
     </span>
    </p>
   </div>
   <div class='ocr_carea' id='block_1_46' title="bbox 163 2771 1741 2848">
    <p class='ocr_par' dir='ltr' id='par_1_46' title="bbox 163 2771 1741 2848">
     <span class='ocr_line' id='line_1_46' title="bbox 163 2771 1741 2848; baseline -0.002 -18"><span class='ocrx_word' id='word_1_344' title='bbox 163 2777 554 2847; x_wconf 77' lang='grc' dir='ltr'>κατενεχθεῖσα</span> <span class='ocrx_word' id='word_1_345' title='bbox 574 2776 781 2830; x_wconf 77' lang='grc' dir='ltr'>ἐκεῖθεν</span> <span class='ocrx_word' id='word_1_346' title='bbox 808 2776 937 2848; x_wconf 74' lang='grc' dir='ltr'>ἔστη</span> <span class='ocrx_word' id='word_1_347' title='bbox 963 2776 1151 2846; x_wconf 85' lang='grc' dir='ltr'>ὑγειής</span> <span class='ocrx_word' id='word_1_348' title='bbox 1173 2778 1219 2805; x_wconf 73' lang='grc'><strong>’·</strong></span> <span class='ocrx_word' id='word_1_349' title='bbox 1248 2776 1529 2828; x_wconf 85' lang='grc' dir='ltr'>ἐκέλευσεν</span> <span class='ocrx_word' id='word_1_350' title='bbox 1550 2771 1643 2829; x_wconf 79' lang='grc' dir='ltr'>οὖν</span> <span class='ocrx_word' id='word_1_351' title='bbox 1679 2774 1741 2840; x_wconf 89' lang='lat'><em>(6</em></span> 
     </span>
    </p>
   </div>
   <div class='ocr_carea' id='block_1_47' title="bbox 165 2868 1743 2941">
    <p class='ocr_par' dir='ltr' id='par_1_47' title="bbox 165 2868 1743 2941">
     <span class='ocr_line' id='line_1_47' title="bbox 165 2868 1743 2941; baseline -0.001 -19"><span class='ocrx_word' id='word_1_352' title='bbox 165 2870 505 2941; x_wconf 80' lang='grc' dir='ltr'>παράνομος)</span> <span class='ocrx_word' id='word_1_353' title='bbox 523 2868 796 2939; x_wconf 84' lang='grc' dir='ltr'>Ῥώμυλος</span> <span class='ocrx_word' id='word_1_354' title='bbox 827 2868 1098 2940; x_wconf 81' lang='grc' dir='ltr'>ρωπάλοις</span> <span class='ocrx_word' id='word_1_355' title='bbox 1118 2868 1286 2939; x_wconf 83' lang='grc' dir='ltr'>αὐτὴν</span> <span class='ocrx_word' id='word_1_356' title='bbox 1307 2868 1623 2933; x_wconf 83' lang='grc' dir='ltr'>τύπτεσθαι,</span> <span class='ocrx_word' id='word_1_357' title='bbox 1638 2868 1743 2921; x_wconf 80' lang='grc' dir='ltr'><strong>ὑπὸ</strong></span> 
     </span>
    </p>
   </div>
   <div class='ocr_carea' id='block_1_48' title="bbox 164 2958 1741 3032">
    <p class='ocr_par' dir='ltr' id='par_1_48' title="bbox 164 2958 1741 3032">
     <span class='ocr_line' id='line_1_48' title="bbox 164 2958 1741 3032; baseline -0.003 -16"><span class='ocrx_word' id='word_1_358' title='bbox 164 2962 350 3032; x_wconf 79' lang='grc' dir='ltr'>φωνῆς</span> <span class='ocrx_word' id='word_1_359' title='bbox 377 2960 475 3015; x_wconf 82' lang='grc' dir='ltr'><strong>τοῦ</strong></span> <span class='ocrx_word' id='word_1_360' title='bbox 509 2962 746 3032; x_wconf 77' lang='grc' dir='ltr'>κήρυκος</span> <span class='ocrx_word' id='word_1_361' title='bbox 793 2961 1063 3028; x_wconf 85' lang='grc' dir='ltr'>λέγοντος·</span> <span class='ocrx_word' id='word_1_362' title='bbox 1113 2960 1176 3012; x_wconf 84' lang='grc' dir='ltr'><strong><em>Ἠ</em></strong></span> <span class='ocrx_word' id='word_1_363' title='bbox 1215 2960 1488 3031; x_wconf 73' lang='grc' dir='ltr'>ἱερόσυλος</span> <span class='ocrx_word' id='word_1_364' title='bbox 1530 2958 1741 3030; x_wconf 83' lang='grc' dir='ltr'>Χρυσῆ,</span> 
     </span>
    </p>
   </div>
   <div class='ocr_carea' id='block_1_49' title="bbox 168 3048 1743 3122">
    <p class='ocr_par' dir='ltr' id='par_1_49' title="bbox 168 3048 1743 3122">
     <span class='ocr_line' id='line_1_49' title="bbox 168 3048 1743 3122; baseline -0.004 -16"><span class='ocrx_word' id='word_1_365' title='bbox 168 3053 612 3122; x_wconf 75' lang='grc' dir='ltr'>βλασφημήσασα</span> <span class='ocrx_word' id='word_1_366' title='bbox 641 3050 741 3114; x_wconf 78' lang='grc' dir='ltr'><strong>τὰς</strong></span> <span class='ocrx_word' id='word_1_367' title='bbox 774 3051 920 3115; x_wconf 85' lang='grc' dir='ltr'>θεὰς,</span> <span class='ocrx_word' id='word_1_368' title='bbox 951 3050 1046 3104; x_wconf 79' lang='grc' dir='ltr'>καὶ</span> <span class='ocrx_word' id='word_1_369' title='bbox 1080 3050 1141 3103; x_wconf 87' lang='grc' dir='ltr'>τὸ</span> <span class='ocrx_word' id='word_1_370' title='bbox 1193 3049 1457 3121; x_wconf 84' lang='grc' dir='ltr'>βασιλεῖον</span> <span class='ocrx_word' id='word_1_371' title='bbox 1498 3048 1592 3101; x_wconf 81' lang='grc' dir='ltr'>τοῦ</span> <span class='ocrx_word' id='word_1_372' title='bbox 1642 3066 1743 3102; x_wconf 89' lang='grc' dir='ltr'>κυ-</span> 
     </span>
    </p>
   </div>
   <div class='ocr_carea' id='block_1_50' title="bbox 166 3138 1743 3215">
    <p class='ocr_par' dir='ltr' id='par_1_50' title="bbox 166 3138 1743 3215">
     <span class='ocr_line' id='line_1_50' title="bbox 166 3138 1743 3215; baseline -0.003 -20"><span class='ocrx_word' id='word_1_373' title='bbox 166 3144 442 3215; x_wconf 75' lang='grc' dir='ltr'>ϐερνίτου’</span> <span class='ocrx_word' id='word_1_374' title='bbox 459 3143 558 3213; x_wconf 81' lang='grc' dir='ltr'>τῆς</span> <span class='ocrx_word' id='word_1_375' title='bbox 574 3142 730 3213; x_wconf 82' lang='grc' dir='ltr'>ἡμῶν</span> <span class='ocrx_word' id='word_1_376' title='bbox 751 3141 1056 3211; x_wconf 75' lang='grc' dir='ltr'>ἐλευθερίας</span> <span class='ocrx_word' id='word_1_377' title='bbox 1075 3141 1337 3194; x_wconf 83' lang='grc' dir='ltr'>Κλαυδίου</span> <span class='ocrx_word' id='word_1_378' title='bbox 1359 3138 1743 3210; x_wconf 81' lang='grc' dir='ltr'>βδελυξαμένη,</span> 
     </span>
    </p>
   </div>
   <div class='ocr_carea' id='block_1_51' title="bbox 1830 2041 3407 2117">
    <p class='ocr_par' dir='ltr' id='par_1_51' title="bbox 1830 2041 3407 2117">
     <span class='ocr_line' id='line_1_51' title="bbox 1830 2041 3407 2117; baseline 0.004 -21"><span class='ocrx_word' id='word_1_379' title='bbox 1830 2041 2025 2097; x_wconf 79' lang='lat' dir='ltr'><strong>exinde</strong></span> <span class='ocrx_word' id='word_1_380' title='bbox 2053 2042 2219 2112; x_wconf 90' lang='lat' dir='ltr'><strong>jussit</strong></span> <span class='ocrx_word' id='word_1_381' title='bbox 2255 2057 2374 2096; x_wconf 87' lang='lat' dir='ltr'><strong>eam</strong></span> <span class='ocrx_word' id='word_1_382' title='bbox 2419 2042 2653 2097; x_wconf 87' lang='lat' dir='ltr'><strong>fustibus</strong></span> <span class='ocrx_word' id='word_1_383' title='bbox 2705 2044 2837 2098; x_wconf 71' lang='lat' dir='ltr'><strong>caedi</strong></span> <span class='ocrx_word' id='word_1_384' title='bbox 2885 2047 2987 2100; x_wconf 93' lang='lat' dir='ltr'><strong>sub</strong></span> <span class='ocrx_word' id='word_1_385' title='bbox 3038 2062 3170 2102; x_wconf 91' lang='lat' dir='ltr'><strong>voce</strong></span> <span class='ocrx_word' id='word_1_386' title='bbox 3201 2063 3407 2117; x_wconf 60' lang='lat' dir='ltr'><strong>praeco-</strong></span> 
     </span>
    </p>
   </div>
   <div class='ocr_carea' id='block_1_52' title="bbox 1831 2133 3408 2208">
    <p class='ocr_par' dir='ltr' id='par_1_52' title="bbox 1831 2133 3408 2208">
     <span class='ocr_line' id='line_1_52' title="bbox 1831 2133 3408 2208; baseline 0.004 -20"><span class='ocrx_word' id='word_1_387' title='bbox 1831 2135 1918 2188; x_wconf 87' lang='lat' dir='ltr'><strong>nia</strong></span> <span class='ocrx_word' id='word_1_388' title='bbox 1934 2133 2043 2206; x_wconf 73' lang='grc'><strong>(54)</strong></span> <span class='ocrx_word' id='word_1_389' title='bbox 2056 2134 2240 2189; x_wconf 85' lang='lat' dir='ltr'><strong>dicens</strong></span> <span class='ocrx_word' id='word_1_390' title='bbox 2256 2152 2268 2187; x_wconf 95' lang='lat'><strong>:</strong></span> <span class='ocrx_word' id='word_1_391' title='bbox 2287 2133 2555 2204; x_wconf 89' lang='lat' dir='ltr'><strong>Sacrilega</strong></span> <span class='ocrx_word' id='word_1_392' title='bbox 2573 2135 2737 2201; x_wconf 86' lang='lat' dir='ltr'><strong>Aura,</strong></span> <span class='ocrx_word' id='word_1_393' title='bbox 2752 2137 2861 2191; x_wconf 90' lang='lat' dir='ltr'><strong>noli</strong></span> <span class='ocrx_word' id='word_1_394' title='bbox 2884 2138 3260 2208; x_wconf 86' lang='lat' dir='ltr'><strong>blasphemare</strong></span> <span class='ocrx_word' id='word_1_395' title='bbox 3277 2140 3408 2195; x_wconf 76' lang='lat' dir='ltr'><strong>deos</strong></span> 
     </span>
    </p>
   </div>
   <div class='ocr_carea' id='block_1_53' title="bbox 1832 2224 3407 2295">
    <p class='ocr_par' dir='ltr' id='par_1_53' title="bbox 1832 2224 3407 2295">
     <span class='ocr_line' id='line_1_53' title="bbox 1832 2224 3407 2295; baseline 0.003 -16"><span class='ocrx_word' id='word_1_396' title='bbox 1832 2234 1884 2279; x_wconf 90' lang='lat' dir='ltr'><strong>et</strong></span> <span class='ocrx_word' id='word_1_397' title='bbox 1910 2240 2097 2295; x_wconf 83' lang='lat' dir='ltr'><strong>regum</strong></span> <span class='ocrx_word' id='word_1_398' title='bbox 2126 2226 2534 2294; x_wconf 78' lang='lat' dir='ltr'><strong>gubernatores.</strong></span> <span class='ocrx_word' id='word_1_399' title='bbox 2566 2224 2656 2280; x_wconf 86' lang='lat' dir='ltr'><strong>llla</strong></span> <span class='ocrx_word' id='word_1_400' title='bbox 2688 2236 2867 2281; x_wconf 88' lang='lat' dir='ltr'><strong>autem</strong></span> <span class='ocrx_word' id='word_1_401' title='bbox 2906 2228 3118 2284; x_wconf 88' lang='lat' dir='ltr'><strong>dicebat</strong></span> <span class='ocrx_word' id='word_1_402' title='bbox 3142 2245 3156 2281; x_wconf 94' lang='lat'><strong>:</strong></span> <span class='ocrx_word' id='word_1_403' title='bbox 3177 2228 3407 2283; x_wconf 81' lang='lat' dir='ltr'><strong>Benedi-</strong></span> 
     </span>
    </p>
   </div>
   <div class='ocr_carea' id='block_1_54' title="bbox 1833 2316 3403 2391">
    <p class='ocr_par' dir='ltr' id='par_1_54' title="bbox 1833 2316 3403 2391">
     <span class='ocr_line' id='line_1_54' title="bbox 1833 2316 3403 2391; baseline 0.003 -20"><span class='ocrx_word' id='word_1_404' title='bbox 1833 2326 1953 2371; x_wconf 90' lang='lat' dir='ltr'><strong>ctus</strong></span> <span class='ocrx_word' id='word_1_405' title='bbox 1990 2332 2069 2382; x_wconf 89' lang='lat' dir='ltr'><strong>es,</strong></span> <span class='ocrx_word' id='word_1_406' title='bbox 2098 2316 2324 2371; x_wconf 88' lang='lat' dir='ltr'><strong>Domine</strong></span> <span class='ocrx_word' id='word_1_407' title='bbox 2350 2316 2477 2372; x_wconf 81' lang='lat' dir='ltr'><strong>Jesu</strong></span> <span class='ocrx_word' id='word_1_408' title='bbox 2504 2316 2742 2383; x_wconf 90' lang='lat' dir='ltr'><strong>Christe,</strong></span> <span class='ocrx_word' id='word_1_409' title='bbox 2773 2335 2935 2389; x_wconf 86' lang='lat' dir='ltr'><strong>quem</strong></span> <span class='ocrx_word' id='word_1_410' title='bbox 2958 2336 3058 2391; x_wconf 90' lang='lat' dir='ltr'><strong>ego</strong></span> <span class='ocrx_word' id='word_1_411' title='bbox 3086 2322 3196 2391; x_wconf 88' lang='lat' dir='ltr'><strong>jam</strong></span> <span class='ocrx_word' id='word_1_412' title='bbox 3226 2321 3403 2376; x_wconf 88' lang='lat' dir='ltr'><strong>video.</strong></span> 
     </span>
    </p>
   </div>
   <div class='ocr_carea' id='block_1_55' title="bbox 1847 2406 3408 2467">
    <p class='ocr_par' dir='ltr' id='par_1_55' title="bbox 1847 2406 3408 2467">
     <span class='ocr_line' id='line_1_55' title="bbox 1847 2406 3408 2467; baseline 0.005 -8"><span class='ocrx_word' id='word_1_413' title='bbox 1847 2406 1999 2462; x_wconf 86' lang='lat' dir='ltr'><strong>Tune</strong></span> <span class='ocrx_word' id='word_1_414' title='bbox 2052 2406 2314 2463; x_wconf 84' lang='lat' dir='ltr'><strong>Romulus</strong></span> <span class='ocrx_word' id='word_1_415' title='bbox 2348 2412 2414 2463; x_wconf 92' lang='lat' dir='ltr'><strong>ad</strong></span> <span class='ocrx_word' id='word_1_416' title='bbox 2449 2409 2728 2464; x_wconf 80' lang='lat' dir='ltr'><strong>minisuos</strong></span> <span class='ocrx_word' id='word_1_417' title='bbox 2763 2410 2901 2465; x_wconf 83' lang='lat' dir='ltr'><strong>dixit</strong></span> <span class='ocrx_word' id='word_1_418' title='bbox 2931 2430 2944 2465; x_wconf 92' lang='lat'><strong>:</strong></span> <span class='ocrx_word' id='word_1_419' title='bbox 2987 2411 3120 2466; x_wconf 85' lang='lat' dir='ltr'><strong>Date</strong></span> <span class='ocrx_word' id='word_1_420' title='bbox 3158 2411 3408 2467; x_wconf 88' lang='lat' dir='ltr'><strong>flammas</strong></span> 
     </span>
    </p>
   </div>
   <div class='ocr_carea' id='block_1_56' title="bbox 1845 2499 3406 2573">
    <p class='ocr_par' dir='ltr' id='par_1_56' title="bbox 1845 2499 3406 2573">
     <span class='ocr_line' id='line_1_56' title="bbox 1845 2499 3406 2573; baseline 0.003 -20"><span class='ocrx_word' id='word_1_421' title='bbox 1845 2499 1910 2553; x_wconf 87' lang='lat' dir='ltr'><strong>ad</strong></span> <span class='ocrx_word' id='word_1_422' title='bbox 1931 2500 2096 2553; x_wconf 88' lang='lat' dir='ltr'><strong>latera</strong></span> <span class='ocrx_word' id='word_1_423' title='bbox 2127 2500 2266 2569; x_wconf 88' lang='lat' dir='ltr'><strong>ejus.</strong></span> <span class='ocrx_word' id='word_1_424' title='bbox 2296 2499 2506 2555; x_wconf 88' lang='lat' dir='ltr'><strong>Etcum</strong></span> <span class='ocrx_word' id='word_1_425' title='bbox 2541 2503 2823 2573; x_wconf 57' lang='lat' dir='ltr'><strong>applicatus</strong></span> <span class='ocrx_word' id='word_1_426' title='bbox 2865 2503 3097 2559; x_wconf 90' lang='lat' dir='ltr'><strong>fuissent</strong></span> <span class='ocrx_word' id='word_1_427' title='bbox 3142 2503 3406 2567; x_wconf 73' lang='lat' dir='ltr'><strong>ﬂammae,</strong></span> 
     </span>
    </p>
   </div>
   <div class='ocr_carea' id='block_1_57' title="bbox 1845 2590 3412 2665">
    <p class='ocr_par' dir='ltr' id='par_1_57' title="bbox 1845 2590 3412 2665">
     <span class='ocr_line' id='line_1_57' title="bbox 1845 2590 3412 2665; baseline 0.005 -22"><span class='ocrx_word' id='word_1_428' title='bbox 1845 2590 2084 2661; x_wconf 81' lang='lat' dir='ltr'><strong>gaudens</strong></span> <span class='ocrx_word' id='word_1_429' title='bbox 2108 2606 2239 2645; x_wconf 91' lang='lat' dir='ltr'><strong>voce</strong></span> <span class='ocrx_word' id='word_1_430' title='bbox 2254 2592 2395 2646; x_wconf 91' lang='lat' dir='ltr'><strong>clara</strong></span> <span class='ocrx_word' id='word_1_431' title='bbox 2424 2602 2477 2647; x_wconf 88' lang='lat' dir='ltr'><strong>et</strong></span> <span class='ocrx_word' id='word_1_432' title='bbox 2505 2592 2641 2649; x_wconf 85' lang='lat' dir='ltr'><strong>facie</strong></span> <span class='ocrx_word' id='word_1_433' title='bbox 2665 2596 2909 2665; x_wconf 89' lang='lat' dir='ltr'><strong>speciosa</strong></span> <span class='ocrx_word' id='word_1_434' title='bbox 2934 2596 3072 2650; x_wconf 84' lang='lat' dir='ltr'><strong>dixit</strong></span> <span class='ocrx_word' id='word_1_435' title='bbox 3100 2596 3168 2650; x_wconf 91' lang='lat' dir='ltr'><strong>ad</strong></span> <span class='ocrx_word' id='word_1_436' title='bbox 3203 2595 3412 2652; x_wconf 83' lang='lat' dir='ltr'><strong>Romu-</strong></span> 
     </span>
    </p>
   </div>
   <div class='ocr_carea' id='block_1_58' title="bbox 1844 2679 3411 2757">
    <p class='ocr_par' dir='ltr' id='par_1_58' title="bbox 1844 2679 3411 2757">
     <span class='ocr_line' id='line_1_58' title="bbox 1844 2679 3411 2757; baseline 0.007 -24"><span class='ocrx_word' id='word_1_437' title='bbox 1844 2681 1989 2747; x_wconf 81' lang='lat' dir='ltr'><strong>lum:</strong></span> <span class='ocrx_word' id='word_1_438' title='bbox 2018 2680 2062 2735; x_wconf 93' lang='grc' dir='ltr'><strong>Ο</strong></span> <span class='ocrx_word' id='word_1_439' title='bbox 2089 2679 2307 2737; x_wconf 83' lang='lat' dir='ltr'><strong>infelix!</strong></span> <span class='ocrx_word' id='word_1_440' title='bbox 2341 2684 2517 2753; x_wconf 90' lang='lat' dir='ltr'><strong>pudor</strong></span> <span class='ocrx_word' id='word_1_441' title='bbox 2537 2686 2634 2741; x_wconf 89' lang='lat' dir='ltr'><strong>tibi</strong></span> <span class='ocrx_word' id='word_1_442' title='bbox 2663 2702 2770 2741; x_wconf 93' lang='lat' dir='ltr'><strong>non</strong></span> <span class='ocrx_word' id='word_1_443' title='bbox 2794 2697 2877 2742; x_wconf 89' lang='lat' dir='ltr'><strong>est</strong></span> <span class='ocrx_word' id='word_1_444' title='bbox 2897 2689 3213 2757; x_wconf 89' lang='lat' dir='ltr'><strong>conspicere</strong></span> <span class='ocrx_word' id='word_1_445' title='bbox 3242 2705 3411 2744; x_wconf 88' lang='lat' dir='ltr'><strong>mem-</strong></span> 
     </span>
    </p>
   </div>
   <div class='ocr_carea' id='block_1_59' title="bbox 1846 2774 3411 2851">
    <p class='ocr_par' dir='ltr' id='par_1_59' title="bbox 1846 2774 3411 2851">
     <span class='ocr_line' id='line_1_59' title="bbox 1846 2774 3411 2851; baseline 0.004 -24"><span class='ocrx_word' id='word_1_446' title='bbox 1846 2774 1943 2828; x_wconf 84' lang='lat' dir='ltr'><strong>bra</strong></span> <span class='ocrx_word' id='word_1_447' title='bbox 1974 2776 2252 2845; x_wconf 80' lang='lat' dir='ltr'><strong>genitricis</strong></span> <span class='ocrx_word' id='word_1_448' title='bbox 2274 2785 2379 2831; x_wconf 71' lang='lat' dir='ltr'><strong>tum</strong></span> <span class='ocrx_word' id='word_1_449' title='bbox 2408 2778 2460 2831; x_wconf 91' lang='lat' dir='ltr'><strong>in</strong></span> <span class='ocrx_word' id='word_1_450' title='bbox 2493 2789 2790 2849; x_wconf 91' lang='lat' dir='ltr'><strong>conspectu</strong></span> <span class='ocrx_word' id='word_1_451' title='bbox 2824 2788 2918 2836; x_wconf 88' lang='lat' dir='ltr'><strong>tuo</strong></span> <span class='ocrx_word' id='word_1_452' title='bbox 2946 2781 3163 2851; x_wconf 80' lang='lat' dir='ltr'><strong>ignibus</strong></span> <span class='ocrx_word' id='word_1_453' title='bbox 3197 2782 3411 2837; x_wconf 87' lang='lat' dir='ltr'><strong>assari?</strong></span> 
     </span>
    </p>
   </div>
   <div class='ocr_carea' id='block_1_60' title="bbox 1847 2864 3413 2942">
    <p class='ocr_par' dir='ltr' id='par_1_60' title="bbox 1847 2864 3413 2942">
     <span class='ocr_line' id='line_1_60' title="bbox 1847 2864 3413 2942; baseline 0.004 -23"><span class='ocrx_word' id='word_1_454' title='bbox 1847 2864 2112 2923; x_wconf 83' lang='lat' dir='ltr'><strong>Romulus</strong></span> <span class='ocrx_word' id='word_1_455' title='bbox 2142 2867 2312 2924; x_wconf 83' lang='lat' dir='ltr'><strong>dixit:</strong></span> <span class='ocrx_word' id='word_1_456' title='bbox 2349 2867 2464 2923; x_wconf 87' lang='lat' dir='ltr'><strong>Tua</strong></span> <span class='ocrx_word' id='word_1_457' title='bbox 2497 2869 2792 2925; x_wconf 86' lang='lat' dir='ltr'><strong>infelicitas</strong></span> <span class='ocrx_word' id='word_1_458' title='bbox 2821 2871 2936 2925; x_wconf 73' lang='lat' dir='ltr'><strong>haec</strong></span> <span class='ocrx_word' id='word_1_459' title='bbox 2973 2881 3211 2926; x_wconf 87' lang='lat' dir='ltr'><strong>meretur</strong></span> <span class='ocrx_word' id='word_1_460' title='bbox 3239 2890 3252 2938; x_wconf 89' lang='lat'><strong>;</strong></span> <span class='ocrx_word' id='word_1_461' title='bbox 3292 2889 3413 2942; x_wconf 69' lang='lat' dir='ltr'><strong>qua:</strong></span> 
     </span>
    </p>
   </div>
   <div class='ocr_carea' id='block_1_61' title="bbox 1845 2958 3415 3033">
    <p class='ocr_par' dir='ltr' id='par_1_61' title="bbox 1845 2958 3415 3033">
     <span class='ocr_line' id='line_1_61' title="bbox 1845 2958 3415 3033; baseline 0.003 -20"><span class='ocrx_word' id='word_1_462' title='bbox 1845 2958 2131 3015; x_wconf 90' lang='lat' dir='ltr'><strong>deseruisti</strong></span> <span class='ocrx_word' id='word_1_463' title='bbox 2168 2959 2299 3016; x_wconf 89' lang='lat' dir='ltr'><strong>deos</strong></span> <span class='ocrx_word' id='word_1_464' title='bbox 2324 2961 2659 3017; x_wconf 87' lang='lat' dir='ltr'><strong>immortales</strong></span> <span class='ocrx_word' id='word_1_465' title='bbox 2680 2973 2731 3016; x_wconf 90' lang='lat' dir='ltr'><strong>et</strong></span> <span class='ocrx_word' id='word_1_466' title='bbox 2760 2964 2960 3033; x_wconf 82' lang='lat' dir='ltr'><strong>regiam</strong></span> <span class='ocrx_word' id='word_1_467' title='bbox 2995 2971 3335 3031; x_wconf 87' lang='lat' dir='ltr'><strong>potestatem,</strong></span> <span class='ocrx_word' id='word_1_468' title='bbox 3361 2971 3415 3018; x_wconf 91' lang='lat' dir='ltr'><strong>et</strong></span> 
     </span>
    </p>
   </div>
   <div class='ocr_carea' id='block_1_62' title="bbox 1848 3048 3411 3123">
    <p class='ocr_par' dir='ltr' id='par_1_62' title="bbox 1848 3048 3411 3123">
     <span class='ocr_line' id='line_1_62' title="bbox 1848 3048 3411 3123; baseline 0.004 -21"><span class='ocrx_word' id='word_1_469' title='bbox 1848 3048 2164 3105; x_wconf 88' lang='lat' dir='ltr'><strong>desiderasti</strong></span> <span class='ocrx_word' id='word_1_470' title='bbox 2189 3052 2415 3121; x_wconf 88' lang='lat' dir='ltr'><strong>magicis</strong></span> <span class='ocrx_word' id='word_1_471' title='bbox 2439 3054 2645 3107; x_wconf 86' lang='lat' dir='ltr'><strong>artibus</strong></span> <span class='ocrx_word' id='word_1_472' title='bbox 2665 3054 3026 3123; x_wconf 86' lang='lat' dir='ltr'><strong>coinquinari.</strong></span> <span class='ocrx_word' id='word_1_473' title='bbox 3055 3052 3208 3107; x_wconf 88' lang='lat' dir='ltr'><strong>Tunc</strong></span> <span class='ocrx_word' id='word_1_474' title='bbox 3250 3054 3411 3108; x_wconf 14' lang='lat' dir='ltr'><strong>semi-i</strong></span> 
     </span>
    </p>
   </div>
   <div class='ocr_carea' id='block_1_63' title="bbox 1852 3142 2907 3210">
    <p class='ocr_par' dir='ltr' id='par_1_63' title="bbox 1852 3142 2907 3210">
     <span class='ocr_line' id='line_1_63' title="bbox 1852 3142 2907 3210; baseline 0.004 -16"><span class='ocrx_word' id='word_1_475' title='bbox 1852 3150 2030 3195; x_wconf 90' lang='lat' dir='ltr'><strong>ustam</strong></span> <span class='ocrx_word' id='word_1_476' title='bbox 2056 3142 2219 3210; x_wconf 88' lang='lat' dir='ltr'><strong>jussit</strong></span> <span class='ocrx_word' id='word_1_477' title='bbox 2245 3144 2447 3197; x_wconf 91' lang='lat' dir='ltr'><strong>retrudi</strong></span> <span class='ocrx_word' id='word_1_478' title='bbox 2496 3144 2547 3197; x_wconf 90' lang='lat' dir='ltr'><strong>in</strong></span> <span class='ocrx_word' id='word_1_479' title='bbox 2581 3145 2907 3199; x_wconf 88' lang='lat' dir='ltr'><strong>custodiam.</strong></span> 
     </span>
    </p>
   </div>
   <div class='ocr_carea' id='block_1_64' title="bbox 166 3229 3416 3307">
    <p class='ocr_par' dir='ltr' id='par_1_64' title="bbox 166 3229 3416 3307">
     <span class='ocr_line' id='line_1_64' title="bbox 166 3229 3416 3307; baseline -0.001 -17"><span class='ocrx_word' id='word_1_480' title='bbox 166 3237 483 3292; x_wconf 72' lang='grc' dir='ltr'>τυπτέσθω.</span> <span class='ocrx_word' id='word_1_481' title='bbox 558 3237 622 3289; x_wconf 88' lang='grc' dir='ltr'><strong><em>Ἦ</em></strong></span> <span class='ocrx_word' id='word_1_482' title='bbox 674 3236 729 3289; x_wconf 82' lang='grc' dir='ltr'>δὲ</span> <span class='ocrx_word' id='word_1_483' title='bbox 764 3236 894 3304; x_wconf 85' lang='grc' dir='ltr'>ἁγία</span> <span class='ocrx_word' id='word_1_484' title='bbox 939 3235 1206 3306; x_wconf 83' lang='grc' dir='ltr'>παρθένος</span> <span class='ocrx_word' id='word_1_485' title='bbox 1246 3233 1373 3287; x_wconf 80' lang='grc' dir='ltr'>ἐϐόα</span> <span class='ocrx_word' id='word_1_486' title='bbox 1428 3234 1688 3301; x_wconf 76' lang='grc' dir='ltr'>λέγουσαο</span> <span class='ocrx_word' id='word_1_487' title='bbox 1726 3233 2027 3304; x_wconf 82' lang='grc' dir='ltr'>Εύλόγητος</span> <span class='ocrx_word' id='word_1_488' title='bbox 2059 3229 2128 3298; x_wconf 78' lang='grc' dir='ltr'><strong>εί,</strong></span> <span class='ocrx_word' id='word_1_489' title='bbox 2175 3234 2345 3306; x_wconf 87' lang='grc' dir='ltr'>Κύριε</span> <span class='ocrx_word' id='word_1_490' title='bbox 2384 3236 2557 3306; x_wconf 82' lang='grc' dir='ltr'><strong>Ἰησοῦ</strong></span> <span class='ocrx_word' id='word_1_491' title='bbox 2590 3237 2810 3307; x_wconf 84' lang='grc' dir='ltr'>Χριστὲ,</span> <span class='ocrx_word' id='word_1_492' title='bbox 2847 3238 3011 3307; x_wconf 75' lang='grc' dir='ltr'>ὅνπερ</span> <span class='ocrx_word' id='word_1_493' title='bbox 3052 3236 3148 3307; x_wconf 75' lang='grc' dir='ltr'>ἤδη</span> <span class='ocrx_word' id='word_1_494' title='bbox 3171 3235 3283 3304; x_wconf 79' lang='grc' dir='ltr'><strong>ἐγὼ</strong></span> <span class='ocrx_word' id='word_1_495' title='bbox 3306 3237 3416 3307; x_wconf 82' lang='grc' dir='ltr'>όρῶ</span> 
     </span>
    </p>
   </div>
   <div class='ocr_carea' id='block_1_65' title="bbox 178 3328 3416 3405">
    <p class='ocr_par' dir='ltr' id='par_1_65' title="bbox 178 3328 3416 3405">
     <span class='ocr_line' id='line_1_65' title="bbox 178 3328 3416 3405; baseline -0.001 -19"><span class='ocrx_word' id='word_1_496' title='bbox 178 3332 463 3405; x_wconf 85' lang='grc' dir='ltr'>Ῥώμυλος</span> <span class='ocrx_word' id='word_1_497' title='bbox 496 3331 740 3403; x_wconf 82' lang='grc' dir='ltr'>βικάριος</span> <span class='ocrx_word' id='word_1_498' title='bbox 770 3329 919 3385; x_wconf 74' lang='grc' dir='ltr'>εἶπεν</span> <span class='ocrx_word' id='word_1_499' title='bbox 941 3349 953 3361; x_wconf 92' lang='grc'><strong>·</strong></span> <span class='ocrx_word' id='word_1_500' title='bbox 988 3332 1116 3385; x_wconf 86' lang='grc' dir='ltr'><strong>Δότε</strong></span> <span class='ocrx_word' id='word_1_501' title='bbox 1136 3329 1423 3401; x_wconf 80' lang='grc' dir='ltr'>λαμπάδας</span> <span class='ocrx_word' id='word_1_502' title='bbox 1456 3328 1748 3399; x_wconf 83' lang='grc' dir='ltr'>καιομένας</span> <span class='ocrx_word' id='word_1_503' title='bbox 1818 3331 1897 3392; x_wconf 85' lang='grc' dir='ltr'><strong>είς</strong></span> <span class='ocrx_word' id='word_1_504' title='bbox 1949 3329 2047 3391; x_wconf 75' lang='grc' dir='ltr'><strong>τὰς</strong></span> <span class='ocrx_word' id='word_1_505' title='bbox 2076 3328 2310 3400; x_wconf 76' lang='grc' dir='ltr'>πλευρὰς</span> <span class='ocrx_word' id='word_1_506' title='bbox 2333 3331 2522 3400; x_wconf 78' lang='grc' dir='ltr'>αὐτῆς.</span> <span class='ocrx_word' id='word_1_507' title='bbox 2574 3331 2660 3393; x_wconf 81' lang='grc' dir='ltr'>Ὠς</span> <span class='ocrx_word' id='word_1_508' title='bbox 2703 3331 2759 3383; x_wconf 85' lang='grc' dir='ltr'>δὲ</span> <span class='ocrx_word' id='word_1_509' title='bbox 2788 3330 3117 3401; x_wconf 75' lang='grc' dir='ltr'>προσέφερον</span> <span class='ocrx_word' id='word_1_510' title='bbox 3146 3331 3282 3400; x_wconf 82' lang='grc' dir='ltr'>αὐτῇ</span> <span class='ocrx_word' id='word_1_511' title='bbox 3320 3330 3416 3393; x_wconf 75' lang='grc' dir='ltr'><strong>τὰς</strong></span> 
     </span>
    </p>
   </div>
   <div class='ocr_carea' id='block_1_66' title="bbox 166 3420 3412 3498">
    <p class='ocr_par' dir='ltr' id='par_1_66' title="bbox 166 3420 3412 3498">
     <span class='ocr_line' id='line_1_66' title="bbox 166 3420 3412 3498; baseline -0.002 -19"><span class='ocrx_word' id='word_1_512' title='bbox 166 3428 483 3498; x_wconf 76' lang='grc' dir='ltr'>λαμπάδας,</span> <span class='ocrx_word' id='word_1_513' title='bbox 511 3427 773 3498; x_wconf 88' lang='grc' dir='ltr'>χαίρουσα</span> <span class='ocrx_word' id='word_1_514' title='bbox 800 3427 1027 3497; x_wconf 82' lang='grc' dir='ltr'>λαμπρᾷ</span> <span class='ocrx_word' id='word_1_515' title='bbox 1051 3427 1117 3497; x_wconf 81' lang='grc' dir='ltr'><strong>τῇ</strong></span> <span class='ocrx_word' id='word_1_516' title='bbox 1146 3427 1294 3495; x_wconf 81' lang='grc' dir='ltr'>φωνῇ</span> <span class='ocrx_word' id='word_1_517' title='bbox 1342 3425 1435 3477; x_wconf 76' lang='grc' dir='ltr'>καὶ</span> <span class='ocrx_word' id='word_1_518' title='bbox 1476 3423 1793 3494; x_wconf 78' lang='grc' dir='ltr'>ὼραιοτάτῳ</span> <span class='ocrx_word' id='word_1_519' title='bbox 1839 3420 2113 3494; x_wconf 85' lang='grc' dir='ltr'>προσώπῳ</span> <span class='ocrx_word' id='word_1_520' title='bbox 2157 3423 2259 3494; x_wconf 76' lang='grc' dir='ltr'>ἔφη</span> <span class='ocrx_word' id='word_1_521' title='bbox 2295 3424 2434 3495; x_wconf 84' lang='grc' dir='ltr'>πρὸς</span> <span class='ocrx_word' id='word_1_522' title='bbox 2464 3424 2555 3477; x_wconf 81' lang='grc' dir='ltr'>τὸν</span> <span class='ocrx_word' id='word_1_523' title='bbox 2586 3424 3060 3493; x_wconf 79' lang='grc' dir='ltr'>(δυσσεϐέστατον)</span> <span class='ocrx_word' id='word_1_524' title='bbox 3106 3422 3378 3491; x_wconf 84' lang='grc' dir='ltr'>Ῥὼμυλον</span> <span class='ocrx_word' id='word_1_525' title='bbox 3398 3435 3412 3451; x_wconf 80' lang='grc'><strong><em>⁸</em></strong></span> 
     </span>
    </p>
   </div>
   <div class='ocr_carea' id='block_1_67' title="bbox 166 3513 3419 3593">
    <p class='ocr_par' dir='ltr' id='par_1_67' title="bbox 166 3513 3419 3593">
     <span class='ocr_line' id='line_1_67' title="bbox 166 3513 3419 3593; baseline -0.002 -18"><span class='ocrx_word' id='word_1_526' title='bbox 166 3513 236 3575; x_wconf 70' lang='grc' dir='ltr'><strong><em>Ὠ</em></strong></span> <span class='ocrx_word' id='word_1_527' title='bbox 264 3523 605 3593; x_wconf 79' lang='grc' dir='ltr'>ἀτυχέστατε</span> <span class='ocrx_word' id='word_1_528' title='bbox 631 3562 645 3585; x_wconf 89' lang='grc'><strong>,</strong></span> <span class='ocrx_word' id='word_1_529' title='bbox 676 3521 774 3576; x_wconf 76' lang='grc' dir='ltr'>οὔκ</span> <span class='ocrx_word' id='word_1_530' title='bbox 830 3522 975 3575; x_wconf 75' lang='grc' dir='ltr'>ἔστιν</span> <span class='ocrx_word' id='word_1_531' title='bbox 1027 3538 1107 3574; x_wconf 80' lang='grc' dir='ltr'>σοι</span> <span class='ocrx_word' id='word_1_532' title='bbox 1156 3520 1381 3590; x_wconf 76' lang='grc' dir='ltr'>αἰσχύνη</span> <span class='ocrx_word' id='word_1_533' title='bbox 1428 3517 1751 3581; x_wconf 72' lang='grc' dir='ltr'>ἑνατενίζειν</span> <span class='ocrx_word' id='word_1_534' title='bbox 1806 3517 2020 3588; x_wconf 83' lang='grc' dir='ltr'>μέλεσιν</span> <span class='ocrx_word' id='word_1_535' title='bbox 2072 3517 2322 3590; x_wconf 88' lang='grc' dir='ltr'>σώματος</span> <span class='ocrx_word' id='word_1_536' title='bbox 2348 3521 2445 3589; x_wconf 84' lang='grc' dir='ltr'>τῆς</span> <span class='ocrx_word' id='word_1_537' title='bbox 2478 3537 2535 3572; x_wconf 85' lang='grc' dir='ltr'><strong>τε</strong></span> <span class='ocrx_word' id='word_1_538' title='bbox 2560 3520 2895 3590; x_wconf 79' lang='grc' dir='ltr'>γεννησάσης</span> <span class='ocrx_word' id='word_1_539' title='bbox 2935 3534 3029 3581; x_wconf 91' lang='grc' dir='ltr'><strong>σε,</strong></span> <span class='ocrx_word' id='word_1_540' title='bbox 3079 3516 3145 3588; x_wconf 80' lang='grc' dir='ltr'>ἣν</span> <span class='ocrx_word' id='word_1_541' title='bbox 3183 3513 3419 3571; x_wconf 81' lang='grc' dir='ltr'>κατενώ-</span> 
     </span>
    </p>
   </div>
   <div class='ocr_carea' id='block_1_68' title="bbox 167 3612 3420 3688">
    <p class='ocr_par' dir='ltr' id='par_1_68' title="bbox 167 3612 3420 3688">
     <span class='ocr_line' id='line_1_68' title="bbox 167 3612 3420 3688; baseline -0.002 -19"><span class='ocrx_word' id='word_1_542' title='bbox 167 3617 291 3670; x_wconf 80' lang='grc' dir='ltr'>πιόν</span> <span class='ocrx_word' id='word_1_543' title='bbox 321 3635 418 3670; x_wconf 80' lang='grc' dir='ltr'><strong>σου</strong></span> <span class='ocrx_word' id='word_1_544' title='bbox 472 3619 724 3688; x_wconf 73' lang='grc' dir='ltr'>στήσας¹;</span> <span class='ocrx_word' id='word_1_545' title='bbox 759 3616 989 3680; x_wconf 75' lang='grc' dir='ltr'>Οῧλπιος</span> <span class='ocrx_word' id='word_1_546' title='bbox 1053 3616 1324 3687; x_wconf 84' lang='grc' dir='ltr'>Ῥώμυλος</span> <span class='ocrx_word' id='word_1_547' title='bbox 1383 3612 1532 3667; x_wconf 71' lang='grc' dir='ltr'>εἶπεν</span> <span class='ocrx_word' id='word_1_548' title='bbox 1592 3613 1726 3685; x_wconf 80' lang='grc' dir='ltr'>πρὸς</span> <span class='ocrx_word' id='word_1_549' title='bbox 1758 3614 1957 3686; x_wconf 75' lang='grc' dir='ltr'>αὐτὴν·</span> <span class='ocrx_word' id='word_1_550' title='bbox 2004 3614 2068 3667; x_wconf 84' lang='grc' dir='ltr'>Ἡ</span> <span class='ocrx_word' id='word_1_551' title='bbox 2099 3616 2166 3687; x_wconf 80' lang='grc' dir='ltr'>σὴ</span> <span class='ocrx_word' id='word_1_552' title='bbox 2198 3617 2455 3688; x_wconf 84' lang='grc' dir='ltr'>δυστυχία</span> <span class='ocrx_word' id='word_1_553' title='bbox 2493 3618 2660 3671; x_wconf 84' lang='grc' dir='ltr'>ταῦτα</span> <span class='ocrx_word' id='word_1_554' title='bbox 2710 3615 3045 3679; x_wconf 77' lang='grc' dir='ltr'>ἐπιτεύξεται</span> <span class='ocrx_word' id='word_1_555' title='bbox 3071 3654 3085 3677; x_wconf 95' lang='grc'><strong>,</strong></span> <span class='ocrx_word' id='word_1_556' title='bbox 3124 3616 3156 3684; x_wconf 80' lang='grc' dir='ltr'>ἡ</span> <span class='ocrx_word' id='word_1_557' title='bbox 3186 3616 3420 3682; x_wconf 68' lang='grc' dir='ltr'>ἐγκατα-</span> 
     </span>
    </p>
   </div>
   <div class='ocr_carea' id='block_1_69' title="bbox 168 3706 3419 3783">
    <p class='ocr_par' dir='ltr' id='par_1_69' title="bbox 168 3706 3419 3783">
     <span class='ocr_line' id='line_1_69' title="bbox 168 3706 3419 3783; baseline -0.002 -18"><span class='ocrx_word' id='word_1_558' title='bbox 168 3712 405 3767; x_wconf 70' lang='grc' dir='ltr'>λιποῦσα</span> <span class='ocrx_word' id='word_1_559' title='bbox 464 3716 592 3777; x_wconf 78' lang='grc' dir='ltr'>τοὺς</span> <span class='ocrx_word' id='word_1_560' title='bbox 648 3714 947 3776; x_wconf 79' lang='grc' dir='ltr'>ἀθανάτους</span> <span class='ocrx_word' id='word_1_561' title='bbox 1007 3712 1161 3783; x_wconf 80' lang='grc' dir='ltr'>ἡμῶν</span> <span class='ocrx_word' id='word_1_562' title='bbox 1214 3712 1389 3775; x_wconf 75' lang='grc' dir='ltr'>θεοὺς,</span> <span class='ocrx_word' id='word_1_563' title='bbox 1439 3710 1533 3763; x_wconf 76' lang='grc' dir='ltr'>καὶ</span> <span class='ocrx_word' id='word_1_564' title='bbox 1578 3710 1677 3779; x_wconf 81' lang='grc' dir='ltr'>τὴν</span> <span class='ocrx_word' id='word_1_565' title='bbox 1707 3708 1987 3781; x_wconf 82' lang='grc' dir='ltr'>βασιλικὴν</span> <span class='ocrx_word' id='word_1_566' title='bbox 2031 3710 2295 3778; x_wconf 74' lang='grc' dir='ltr'>ἐξουσίαν,</span> <span class='ocrx_word' id='word_1_567' title='bbox 2331 3715 2425 3765; x_wconf 79' lang='grc' dir='ltr'>καὶ</span> <span class='ocrx_word' id='word_1_568' title='bbox 2457 3711 2833 3783; x_wconf 80' lang='grc' dir='ltr'>ὲπιποθήσασα</span> <span class='ocrx_word' id='word_1_569' title='bbox 2879 3712 2998 3773; x_wconf 84' lang='grc' dir='ltr'>ταῖς</span> <span class='ocrx_word' id='word_1_570' title='bbox 3043 3709 3300 3779; x_wconf 89' lang='grc' dir='ltr'>μαγικαῖς</span> <span class='ocrx_word' id='word_1_571' title='bbox 3332 3706 3419 3760; x_wconf 74' lang='grc' dir='ltr'>τέιι</span> 
     </span>
    </p>
   </div>
   <div class='ocr_carea' id='block_1_70' title="bbox 168 3803 3411 3880">
    <p class='ocr_par' dir='ltr' id='par_1_70' title="bbox 168 3803 3411 3880">
     <span class='ocr_line' id='line_1_70' title="bbox 168 3803 3411 3880; baseline -0 -25"><span class='ocrx_word' id='word_1_572' title='bbox 168 3822 325 3874; x_wconf 85' lang='grc' dir='ltr'>χναις</span> <span class='ocrx_word' id='word_1_573' title='bbox 347 3808 813 3880; x_wconf 80' lang='grc' dir='ltr'>καταχρανθῆναι.</span> <span class='ocrx_word' id='word_1_574' title='bbox 843 3808 974 3860; x_wconf 86' lang='grc' dir='ltr'>Τότε</span> <span class='ocrx_word' id='word_1_575' title='bbox 1000 3806 1221 3874; x_wconf 77' lang='grc' dir='ltr'>ὀφθεῖσα</span> <span class='ocrx_word' id='word_1_576' title='bbox 1236 3805 1340 3859; x_wconf 77' lang='grc' dir='ltr'><strong>ἀπὸ</strong></span> <span class='ocrx_word' id='word_1_577' title='bbox 1363 3806 1460 3875; x_wconf 83' lang='grc' dir='ltr'>τῆς</span> <span class='ocrx_word' id='word_1_578' title='bbox 1489 3804 1720 3875; x_wconf 76' lang='grc' dir='ltr'><strong>γῆς(55)</strong></span> <span class='ocrx_word' id='word_1_579' title='bbox 1760 3804 2113 3875; x_wconf 76' lang='grc' dir='ltr'>ἡμίκαυστος,</span> <span class='ocrx_word' id='word_1_580' title='bbox 2147 3808 2431 3860; x_wconf 73' lang='grc' dir='ltr'>ἐκέλευσεν</span> <span class='ocrx_word' id='word_1_581' title='bbox 2456 3809 2623 3880; x_wconf 79' lang='grc' dir='ltr'>αὐτὴν</span> <span class='ocrx_word' id='word_1_582' title='bbox 2658 3806 3110 3875; x_wconf 83' lang='grc' dir='ltr'>ὲγκατὰκλειστον</span> <span class='ocrx_word' id='word_1_583' title='bbox 3136 3803 3411 3873; x_wconf 79' lang='grc' dir='ltr'>γενέσθαι.</span> 
     </span>
    </p>
   </div>
   <div class='ocr_carea' id='block_1_71' title="bbox 240 3900 1738 3974">
    <p class='ocr_par' dir='ltr' id='par_1_71' title="bbox 240 3900 1738 3974">
     <span class='ocr_line' id='line_1_71' title="bbox 240 3900 1738 3974; baseline -0.001 -21"><span class='ocrx_word' id='word_1_584' title='bbox 240 3903 316 3955; x_wconf 84' lang='grc' dir='ltr'>Β’.</span> <span class='ocrx_word' id='word_1_585' title='bbox 338 3904 453 3956; x_wconf 64' lang='grc' dir='ltr'><strong>Καὶ</strong></span> <span class='ocrx_word' id='word_1_586' title='bbox 469 3902 767 3974; x_wconf 82' lang='grc' dir='ltr'>προσέταξε</span> <span class='ocrx_word' id='word_1_587' title='bbox 789 3904 915 3966; x_wconf 76' lang='grc' dir='ltr'>τοὺς</span> <span class='ocrx_word' id='word_1_588' title='bbox 942 3904 1243 3974; x_wconf 82' lang='grc' dir='ltr'>μακαρίους</span> <span class='ocrx_word' id='word_1_589' title='bbox 1263 3901 1460 3973; x_wconf 76' lang='grc' dir='ltr'>ἄνδρας</span> <span class='ocrx_word' id='word_1_590' title='bbox 1482 3900 1738 3968; x_wconf 80' lang='grc' dir='ltr'>εἰσάγειν,</span> 
     </span>
    </p>
   </div>
   <div class='ocr_carea' id='block_1_72' title="bbox 170 3990 1749 4064">
    <p class='ocr_par' dir='ltr' id='par_1_72' title="bbox 170 3990 1749 4064">
     <span class='ocr_line' id='line_1_72' title="bbox 170 3990 1749 4064; baseline -0.003 -18"><span class='ocrx_word' id='word_1_591' title='bbox 170 3994 429 4064; x_wconf 75' lang='grc' dir='ltr'>Μάξιμον</span> <span class='ocrx_word' id='word_1_592' title='bbox 465 3993 559 4045; x_wconf 80' lang='grc' dir='ltr'>τὸν</span> <span class='ocrx_word' id='word_1_593' title='bbox 591 3992 978 4063; x_wconf 79' lang='grc' dir='ltr'>πρεσϐύτερον,</span> <span class='ocrx_word' id='word_1_594' title='bbox 1014 3994 1106 4045; x_wconf 77' lang='grc' dir='ltr'>καὶ</span> <span class='ocrx_word' id='word_1_595' title='bbox 1141 3992 1425 4064; x_wconf 80' lang='grc' dir='ltr'>Ἀρχέλαον</span> <span class='ocrx_word' id='word_1_596' title='bbox 1450 3991 1539 4043; x_wconf 78' lang='grc' dir='ltr'>τὸν</span> <span class='ocrx_word' id='word_1_597' title='bbox 1569 3990 1749 4043; x_wconf 80' lang='grc' dir='ltr'>διάκο-</span> 
     </span>
    </p>
   </div>
   <div class='ocr_carea' id='block_1_73' title="bbox 171 4082 1752 4156">
    <p class='ocr_par' dir='ltr' id='par_1_73' title="bbox 171 4082 1752 4156">
     <span class='ocr_line' id='line_1_73' title="bbox 171 4082 1752 4156; baseline -0.004 -16"><span class='ocrx_word' id='word_1_598' title='bbox 171 4104 283 4153; x_wconf 86' lang='grc' dir='ltr'>νον,</span> <span class='ocrx_word' id='word_1_599' title='bbox 311 4088 408 4140; x_wconf 74' lang='grc' dir='ltr'>καὶ</span> <span class='ocrx_word' id='word_1_600' title='bbox 441 4085 591 4154; x_wconf 82' lang='grc' dir='ltr'>λέγει</span> <span class='ocrx_word' id='word_1_601' title='bbox 611 4084 747 4156; x_wconf 82' lang='grc' dir='ltr'>πρὸς</span> <span class='ocrx_word' id='word_1_602' title='bbox 762 4084 955 4147; x_wconf 76' lang='grc' dir='ltr'>αὐτούς</span> <span class='ocrx_word' id='word_1_603' title='bbox 975 4102 986 4113; x_wconf 74' lang='grc'><strong><em>⁸</em></strong></span> <span class='ocrx_word' id='word_1_604' title='bbox 1026 4086 1141 4138; x_wconf 82' lang='grc' dir='ltr'>Ἵνα</span> <span class='ocrx_word' id='word_1_605' title='bbox 1165 4084 1215 4136; x_wconf 85' lang='grc' dir='ltr'><strong>τί</strong></span> <span class='ocrx_word' id='word_1_606' title='bbox 1240 4083 1306 4136; x_wconf 87' lang='grc' dir='ltr'><strong>δι’</strong></span> <span class='ocrx_word' id='word_1_607' title='bbox 1337 4082 1489 4154; x_wconf 85' lang='grc' dir='ltr'>ὑμῶν</span> <span class='ocrx_word' id='word_1_608' title='bbox 1515 4083 1752 4153; x_wconf 83' lang='grc' dir='ltr'>βλασφη-</span> 
     </span>
    </p>
   </div>
   <div class='ocr_carea' id='block_1_74' title="bbox 175 4179 1749 4253">
    <p class='ocr_par' dir='ltr' id='par_1_74' title="bbox 175 4179 1749 4253">
     <span class='ocr_line' id='line_1_74' title="bbox 175 4179 1749 4253; baseline -0.003 -18"><span class='ocrx_word' id='word_1_609' title='bbox 175 4183 411 4253; x_wconf 75' lang='grc' dir='ltr'>μοῦπαι</span> <span class='ocrx_word' id='word_1_610' title='bbox 436 4183 493 4235; x_wconf 87' lang='grc' dir='ltr'>αἱ</span> <span class='ocrx_word' id='word_1_611' title='bbox 524 4182 883 4253; x_wconf 86' lang='grc' dir='ltr'>προσηγορίαι</span> <span class='ocrx_word' id='word_1_612' title='bbox 905 4181 1011 4235; x_wconf 79' lang='grc' dir='ltr'>τῶν</span> <span class='ocrx_word' id='word_1_613' title='bbox 1031 4180 1298 4252; x_wconf 86' lang='grc' dir='ltr'>μεγίστων</span> <span class='ocrx_word' id='word_1_614' title='bbox 1318 4179 1453 4234; x_wconf 84' lang='grc' dir='ltr'>θεῶν</span> <span class='ocrx_word' id='word_1_615' title='bbox 1470 4197 1484 4244; x_wconf 88' lang='grc'><strong>;</strong></span> <span class='ocrx_word' id='word_1_616' title='bbox 1509 4180 1601 4232; x_wconf 74' lang='grc' dir='ltr'>καὶ</span> <span class='ocrx_word' id='word_1_617' title='bbox 1616 4180 1749 4232; x_wconf 82' lang='grc' dir='ltr'>ἀπο-</span> 
     </span>
    </p>
   </div>
   <div class='ocr_carea' id='block_1_75' title="bbox 246 4290 1822 4365">
    <p class='ocr_par' dir='ltr' id='par_1_75' title="bbox 246 4290 1822 4365">
     <span class='ocr_line' id='line_1_75' title="bbox 246 4290 1822 4365; baseline -0.003 -17"><span class='ocrx_word' id='word_1_618' title='bbox 246 4294 383 4365; x_wconf 61' lang='grc' dir='ltr'><strong>(51)Δ</strong></span> <span class='ocrx_word' id='word_1_619' title='bbox 404 4292 721 4365; x_wconf 79' lang='lat' dir='ltr'><strong>Christiana</strong></span> <span class='ocrx_word' id='word_1_620' title='bbox 746 4293 897 4363; x_wconf 82' lang='lat' dir='ltr'><strong>virgo</strong></span> <span class='ocrx_word' id='word_1_621' title='bbox 926 4292 1087 4365; x_wconf 86' lang='lat' dir='ltr'><strong>ritum</strong></span> <span class='ocrx_word' id='word_1_622' title='bbox 1115 4291 1370 4365; x_wconf 69' lang='lat' dir='ltr'><strong>exprimit</strong></span> <span class='ocrx_word' id='word_1_623' title='bbox 1389 4290 1748 4365; x_wconf 83' lang='lat' dir='ltr'><strong>suisfamilia-</strong></span> <span class='ocrx_word' id='word_1_624' title='bbox 1781 4293 1822 4352; x_wconf 86' lang='lat' dir='ltr'><strong>C</strong></span> 
     </span>
    </p>
   </div>
   <div class='ocr_carea' id='block_1_76' title="bbox 173 4360 1753 4430">
    <p class='ocr_par' dir='ltr' id='par_1_76' title="bbox 173 4360 1753 4430">
     <span class='ocr_line' id='line_1_76' title="bbox 173 4360 1753 4430; baseline -0.004 -10"><span class='ocrx_word' id='word_1_625' title='bbox 173 4360 318 4420; x_wconf 80' lang='lat' dir='ltr'><strong>rem.</strong></span> <span class='ocrx_word' id='word_1_626' title='bbox 350 4360 411 4416; x_wconf 86' lang='lat' dir='ltr'><strong>S.</strong></span> <span class='ocrx_word' id='word_1_627' title='bbox 456 4361 691 4417; x_wconf 77' lang='lat' dir='ltr'><strong>lrenaeus</strong></span> <span class='ocrx_word' id='word_1_628' title='bbox 735 4364 802 4417; x_wconf 89' lang='lat' dir='ltr'><strong>de</strong></span> <span class='ocrx_word' id='word_1_629' title='bbox 836 4360 1097 4416; x_wconf 75' lang='lat' dir='ltr'><strong>matronis</strong></span> <span class='ocrx_word' id='word_1_630' title='bbox 1124 4377 1245 4430; x_wconf 73' lang='lat' dir='ltr'><strong>qua:</strong></span> <span class='ocrx_word' id='word_1_631' title='bbox 1272 4360 1455 4417; x_wconf 81' lang='lat' dir='ltr'><strong>Marco</strong></span> <span class='ocrx_word' id='word_1_632' title='bbox 1502 4363 1753 4416; x_wconf 69' lang='lat' dir='ltr'><strong>haeretico</strong></span> 
     </span>
    </p>
   </div>
   <div class='ocr_carea' id='block_1_77' title="bbox 176 4431 1753 4513">
    <p class='ocr_par' dir='ltr' id='par_1_77' title="bbox 176 4431 1753 4513">
     <span class='ocr_line' id='line_1_77' title="bbox 176 4431 1753 4513; baseline -0.003 -25"><span class='ocrx_word' id='word_1_633' title='bbox 176 4437 508 4513; x_wconf 64' lang='lat' dir='ltr'><strong>restiterunt</strong></span> <span class='ocrx_word' id='word_1_634' title='bbox 537 4442 721 4486; x_wconf 87' lang='lat' dir='ltr'><strong>narrat</strong></span> <span class='ocrx_word' id='word_1_635' title='bbox 744 4451 758 4484; x_wconf 92' lang='lat'><strong>:</strong></span> <span class='ocrx_word' id='word_1_636' title='bbox 781 4432 1019 4513; x_wconf 44' lang='lat' dir='ltr'><strong>premas</strong></span> <span class='ocrx_word' id='word_1_637' title='bbox 1039 4432 1146 4513; x_wconf 56' lang='grc' dir='ltr'>τῶν</span> <span class='ocrx_word' id='word_1_638' title='bbox 1167 4432 1444 4513; x_wconf 76' lang='grc' dir='ltr'>προτέρων</span> <span class='ocrx_word' id='word_1_639' title='bbox 1473 4431 1753 4513; x_wconf 51' lang='lat' dir='ltr'><strong>(vitavere:</strong></span> 
     </span>
    </p>
   </div>
   <div class='ocr_carea' id='block_1_78' title="bbox 174 4501 1753 4576">
    <p class='ocr_par' dir='ltr' id='par_1_78' title="bbox 174 4501 1753 4576">
     <span class='ocr_line' id='line_1_78' title="bbox 174 4501 1753 4576; baseline -0.004 -17"><span class='ocrx_word' id='word_1_640' title='bbox 174 4505 331 4576; x_wconf 72' lang='grc' dir='ltr'>ρων)</span> <span class='ocrx_word' id='word_1_641' title='bbox 380 4503 537 4576; x_wconf 34' lang='grc' dir='ltr'>τινὲς.</span> <span class='ocrx_word' id='word_1_642' title='bbox 576 4502 852 4576; x_wconf 74' lang='grc' dir='ltr'>γυναικῶν</span> <span class='ocrx_word' id='word_1_643' title='bbox 896 4501 1002 4576; x_wconf 53' lang='grc' dir='ltr'>τῷν</span> <span class='ocrx_word' id='word_1_644' title='bbox 1038 4501 1274 4572; x_wconf 77' lang='grc' dir='ltr'>ἐχουσῶν</span> <span class='ocrx_word' id='word_1_645' title='bbox 1312 4501 1416 4557; x_wconf 72' lang='grc' dir='ltr'>τὸν</span> <span class='ocrx_word' id='word_1_646' title='bbox 1454 4501 1617 4576; x_wconf 76' lang='grc' dir='ltr'>φόϐον</span> <span class='ocrx_word' id='word_1_647' title='bbox 1659 4501 1753 4576; x_wconf 68' lang='grc' dir='ltr'><strong>τού</strong></span> 
     </span>
    </p>
   </div>
   <div class='ocr_carea' id='block_1_79' title="bbox 167 4572 1755 4653">
    <p class='ocr_par' dir='ltr' id='par_1_79' title="bbox 167 4572 1755 4653">
     <span class='ocr_line' id='line_1_79' title="bbox 167 4572 1755 4653; baseline -0.004 -24"><span class='ocrx_word' id='word_1_648' title='bbox 167 4572 315 4629; x_wconf 68' lang='grc' dir='ltr'><strong>Ε)εοῦ</strong></span> <span class='ocrx_word' id='word_1_649' title='bbox 332 4574 446 4653; x_wconf 60' lang='grc' dir='ltr'><strong>Δκαὶ</strong></span> <span class='ocrx_word' id='word_1_650' title='bbox 483 4574 557 4653; x_wconf 49' lang='lat' dir='ltr'><strong>pth</strong></span> <span class='ocrx_word' id='word_1_651' title='bbox 588 4572 1024 4653; x_wconf 73' lang='grc' dir='ltr'>ἐξαπατηθεισῷν</span> <span class='ocrx_word' id='word_1_652' title='bbox 1059 4614 1071 4625; x_wconf 92' lang='grc'><strong>.</strong></span> <span class='ocrx_word' id='word_1_653' title='bbox 1109 4612 1125 4653; x_wconf 78' lang='lat'><strong>_.</strong></span> <span class='ocrx_word' id='word_1_654' title='bbox 1159 4572 1755 4653; x_wconf 45' lang='grc' dir='ltr'><strong>ἒκαειταφυστίλσασαπ.,καὶ</strong></span> 
     </span>
    </p>
   </div>
   <div class='ocr_carea' id='block_1_80' title="bbox 169 4642 1754 4714">
    <p class='ocr_par' dir='ltr' id='par_1_80' title="bbox 169 4642 1754 4714">
     <span class='ocr_line' id='line_1_80' title="bbox 169 4642 1754 4714; baseline -0.003 -16"><span class='ocrx_word' id='word_1_655' title='bbox 169 4644 696 4714; x_wconf 57' lang='grc' dir='ltr'>καταθεμαξίσασαι</span> <span class='ocrx_word' id='word_1_656' title='bbox 755 4644 915 4696; x_wconf 82' lang='grc' dir='ltr'>αὑτὸν</span> <span class='ocrx_word' id='word_1_657' title='bbox 956 4642 1329 4714; x_wconf 83' lang='grc' dir='ltr'>ἐχωρίσθησαν</span> <span class='ocrx_word' id='word_1_658' title='bbox 1385 4642 1479 4714; x_wconf 76' lang='grc' dir='ltr'><strong>τού</strong></span> <span class='ocrx_word' id='word_1_659' title='bbox 1518 4643 1754 4696; x_wconf 86' lang='grc' dir='ltr'>τοιούτου</span> 
     </span>
    </p>
   </div>
   <div class='ocr_carea' id='block_1_81' title="bbox 168 4711 1754 4781">
    <p class='ocr_par' dir='ltr' id='par_1_81' title="bbox 168 4711 1754 4781">
     <span class='ocr_line' id='line_1_81' title="bbox 168 4711 1754 4781; baseline -0.003 -12"><span class='ocrx_word' id='word_1_660' title='bbox 168 4711 413 4769; x_wconf 69' lang='grc' dir='ltr'>θυάσου.</span> <span class='ocrx_word' id='word_1_661' title='bbox 450 4711 729 4766; x_wconf 81' lang='lat' dir='ltr'><strong>Enimvero</strong></span> <span class='ocrx_word' id='word_1_662' title='bbox 774 4711 1028 4766; x_wconf 73' lang='lat' dir='ltr'><strong>ntatrona:</strong></span> <span class='ocrx_word' id='word_1_663' title='bbox 1063 4711 1303 4781; x_wconf 69' lang='lat' dir='ltr'><strong>quietiam</strong></span> <span class='ocrx_word' id='word_1_664' title='bbox 1352 4712 1641 4781; x_wconf 82' lang='lat' dir='ltr'><strong>ﬁdeliores,</strong></span> <span class='ocrx_word' id='word_1_665' title='bbox 1693 4730 1754 4765; x_wconf 90' lang='lat' dir='ltr'><strong>ac</strong></span> 
     </span>
    </p>
   </div>
   <div class='ocr_carea' id='block_1_82' title="bbox 170 4782 1755 4850">
    <p class='ocr_par' dir='ltr' id='par_1_82' title="bbox 170 4782 1755 4850">
     <span class='ocr_line' id='line_1_82' title="bbox 170 4782 1755 4850; baseline -0.002 -12"><span class='ocrx_word' id='word_1_666' title='bbox 170 4789 375 4839; x_wconf 85' lang='lat' dir='ltr'><strong>timore</strong></span> <span class='ocrx_word' id='word_1_667' title='bbox 407 4782 507 4835; x_wconf 85' lang='lat' dir='ltr'><strong>Dei</strong></span> <span class='ocrx_word' id='word_1_668' title='bbox 557 4784 815 4849; x_wconf 75' lang='lat' dir='ltr'><strong>prwditw,</strong></span> <span class='ocrx_word' id='word_1_669' title='bbox 852 4798 943 4835; x_wconf 85' lang='lat' dir='ltr'><strong>nec</strong></span> <span class='ocrx_word' id='word_1_670' title='bbox 966 4782 1029 4835; x_wconf 89' lang='lat' dir='ltr'><strong>ab</strong></span> <span class='ocrx_word' id='word_1_671' title='bbox 1060 4800 1119 4835; x_wconf 86' lang='lat' dir='ltr'><strong>eo</strong></span> <span class='ocrx_word' id='word_1_672' title='bbox 1158 4784 1212 4834; x_wconf 85' lang='lat' dir='ltr'><strong>in</strong></span> <span class='ocrx_word' id='word_1_673' title='bbox 1253 4783 1493 4850; x_wconf 85' lang='lat' dir='ltr'><strong>fraudem</strong></span> <span class='ocrx_word' id='word_1_674' title='bbox 1526 4785 1755 4836; x_wconf 71' lang='lat' dir='ltr'><strong>inductis</strong></span> 
     </span>
    </p>
   </div>
   <div class='ocr_carea' id='block_1_83' title="bbox 173 4853 1755 4915">
    <p class='ocr_par' dir='ltr' id='par_1_83' title="bbox 173 4853 1755 4915">
     <span class='ocr_line' id='line_1_83' title="bbox 173 4853 1755 4915; baseline -0.001 -6"><span class='ocrx_word' id='word_1_675' title='bbox 173 4898 185 4909; x_wconf 92' lang='lat'><strong>.</strong></span> <span class='ocrx_word' id='word_1_676' title='bbox 226 4895 243 4908; x_wconf 95' lang='lat'><strong>.</strong></span> <span class='ocrx_word' id='word_1_677' title='bbox 277 4896 295 4909; x_wconf 92' lang='lat'><strong>.</strong></span> <span class='ocrx_word' id='word_1_678' title='bbox 340 4894 355 4908; x_wconf 90' lang='lat'><strong>.</strong></span> <span class='ocrx_word' id='word_1_679' title='bbox 388 4853 736 4909; x_wconf 79' lang='lat' dir='ltr'><strong>exsuﬂlantes</strong></span> <span class='ocrx_word' id='word_1_680' title='bbox 763 4868 911 4915; x_wconf 87' lang='lat' dir='ltr'><strong>eum,</strong></span> <span class='ocrx_word' id='word_1_681' title='bbox 939 4869 1001 4905; x_wconf 88' lang='lat' dir='ltr'><strong>ac</strong></span> <span class='ocrx_word' id='word_1_682' title='bbox 1030 4853 1163 4906; x_wconf 81' lang='lat' dir='ltr'><strong>diris</strong></span> <span class='ocrx_word' id='word_1_683' title='bbox 1193 4854 1431 4906; x_wconf 80' lang='lat' dir='ltr'><strong>oninibus</strong></span> <span class='ocrx_word' id='word_1_684' title='bbox 1458 4854 1755 4907; x_wconf 79' lang='lat' dir='ltr'><strong>devoventes</strong></span> 
     </span>
    </p>
   </div>
   <div class='ocr_carea' id='block_1_84' title="bbox 170 4923 1755 4993">
    <p class='ocr_par' dir='ltr' id='par_1_84' title="bbox 170 4923 1755 4993">
     <span class='ocr_line' id='line_1_84' title="bbox 170 4923 1755 4993; baseline -0.001 -14"><span class='ocrx_word' id='word_1_685' title='bbox 170 4928 239 4979; x_wconf 82' lang='lat' dir='ltr'><strong>ab</strong></span> <span class='ocrx_word' id='word_1_686' title='bbox 276 4924 594 4993; x_wconf 80' lang='lat' dir='ltr'><strong>hujusmodi</strong></span> <span class='ocrx_word' id='word_1_687' title='bbox 630 4934 763 4977; x_wconf 71' lang='lat' dir='ltr'><strong>caetu</strong></span> <span class='ocrx_word' id='word_1_688' title='bbox 792 4938 899 4993; x_wconf 76' lang='lat' dir='ltr'><strong>sese</strong></span> <span class='ocrx_word' id='word_1_689' title='bbox 924 4924 1312 4993; x_wconf 66' lang='lat' dir='ltr'><strong>abstraxerunt.</strong></span> <span class='ocrx_word' id='word_1_690' title='bbox 1341 4924 1397 4977; x_wconf 87' lang='lat' dir='ltr'><strong>S.</strong></span> <span class='ocrx_word' id='word_1_691' title='bbox 1427 4923 1563 4978; x_wconf 88' lang='lat' dir='ltr'><strong>lren.</strong></span> <span class='ocrx_word' id='word_1_692' title='bbox 1594 4940 1630 4989; x_wconf 90' lang='grc' dir='ltr'><strong>ι,</strong></span> <span class='ocrx_word' id='word_1_693' title='bbox 1666 4924 1755 4988; x_wconf 82' lang='grc'><strong>15,</strong></span> 
     </span>
    </p>
   </div>
   <div class='ocr_carea' id='block_1_85' title="bbox 168 4992 1760 5063">
    <p class='ocr_par' dir='ltr' id='par_1_85' title="bbox 168 4992 1760 5063">
     <span class='ocr_line' id='line_1_85' title="bbox 168 4992 1760 5063; baseline -0.003 -13"><span class='ocrx_word' id='word_1_694' title='bbox 168 4999 225 5050; x_wconf 71' lang='grc' dir='ltr'><strong>ι.</strong></span> <span class='ocrx_word' id='word_1_695' title='bbox 263 4992 561 5049; x_wconf 64' lang='grc' dir='ltr'>Βέὺαηιυι·</span> <span class='ocrx_word' id='word_1_696' title='bbox 590 4995 796 5047; x_wconf 89' lang='lat' dir='ltr'><strong>scilicet</strong></span> <span class='ocrx_word' id='word_1_697' title='bbox 820 4992 1166 5063; x_wconf 85' lang='lat' dir='ltr'><strong>Satanamse</strong></span> <span class='ocrx_word' id='word_1_698' title='bbox 1199 4992 1307 5063; x_wconf 83' lang='lat' dir='ltr'><strong>hoc</strong></span> <span class='ocrx_word' id='word_1_699' title='bbox 1326 5004 1483 5062; x_wconf 89' lang='lat' dir='ltr'><strong>pacto</strong></span> <span class='ocrx_word' id='word_1_700' title='bbox 1504 4994 1760 5063; x_wconf 87' lang='lat' dir='ltr'><strong>depulsu-</strong></span> 
     </span>
    </p>
   </div>
   <div class='ocr_carea' id='block_1_86' title="bbox 170 5062 1760 5133">
    <p class='ocr_par' dir='ltr' id='par_1_86' title="bbox 170 5062 1760 5133">
     <span class='ocr_line' id='line_1_86' title="bbox 170 5062 1760 5133; baseline -0.002 -13"><span class='ocrx_word' id='word_1_701' title='bbox 170 5082 295 5130; x_wconf 83' lang='lat' dir='ltr'><strong>ras,</strong></span> <span class='ocrx_word' id='word_1_702' title='bbox 327 5064 794 5133; x_wconf 87' lang='lat' dir='ltr'><strong>quemadmodum</strong></span> <span class='ocrx_word' id='word_1_703' title='bbox 826 5063 893 5116; x_wconf 86' lang='lat' dir='ltr'><strong>ab</strong></span> <span class='ocrx_word' id='word_1_704' title='bbox 922 5062 1208 5117; x_wconf 81' lang='lat' dir='ltr'><strong>exorcistis</strong></span> <span class='ocrx_word' id='word_1_705' title='bbox 1230 5062 1413 5118; x_wconf 86' lang='lat' dir='ltr'><strong>liebat.</strong></span> <span class='ocrx_word' id='word_1_706' title='bbox 1456 5063 1531 5117; x_wconf 87' lang='lat' dir='ltr'><strong>De</strong></span> <span class='ocrx_word' id='word_1_707' title='bbox 1574 5062 1760 5117; x_wconf 75' lang='lat' dir='ltr'><strong>conta-</strong></span> 
     </span>
    </p>
   </div>
   <div class='ocr_carea' id='block_1_87' title="bbox 168 5133 1759 5201">
    <p class='ocr_par' dir='ltr' id='par_1_87' title="bbox 168 5133 1759 5201">
     <span class='ocr_line' id='line_1_87' title="bbox 168 5133 1759 5201; baseline -0.001 -12"><span class='ocrx_word' id='word_1_708' title='bbox 168 5149 267 5189; x_wconf 83' lang='lat' dir='ltr'><strong>ctu</strong></span> <span class='ocrx_word' id='word_1_709' title='bbox 292 5135 469 5201; x_wconf 81' lang='lat' dir='ltr'><strong>deque</strong></span> <span class='ocrx_word' id='word_1_710' title='bbox 497 5133 676 5187; x_wconf 80' lang='lat' dir='ltr'><strong>afﬂatu</strong></span> <span class='ocrx_word' id='word_1_711' title='bbox 708 5144 915 5194; x_wconf 88' lang='lat' dir='ltr'><strong>nostro,</strong></span> <span class='ocrx_word' id='word_1_712' title='bbox 944 5134 1100 5186; x_wconf 87' lang='lat' dir='ltr'><strong>etiam</strong></span> <span class='ocrx_word' id='word_1_713' title='bbox 1121 5134 1185 5186; x_wconf 89' lang='lat' dir='ltr'><strong>de</strong></span> <span class='ocrx_word' id='word_1_714' title='bbox 1212 5134 1514 5199; x_wconf 81' lang='lat' dir='ltr'><strong>corporibus</strong></span> <span class='ocrx_word' id='word_1_715' title='bbox 1535 5175 1550 5198; x_wconf 92' lang='lat'><strong>,</strong></span> <span class='ocrx_word' id='word_1_716' title='bbox 1582 5145 1759 5188; x_wconf 83' lang='lat' dir='ltr'><strong>nostra</strong></span> 
     </span>
    </p>
   </div>
   <div class='ocr_carea' id='block_1_88' title="bbox 171 5202 1760 5274">
    <p class='ocr_par' dir='ltr' id='par_1_88' title="bbox 171 5202 1760 5274">
     <span class='ocr_line' id='line_1_88' title="bbox 171 5202 1760 5274; baseline -0.001 -16"><span class='ocrx_word' id='word_1_717' title='bbox 171 5205 418 5274; x_wconf 76' lang='lat' dir='ltr'><strong>imperio</strong></span> <span class='ocrx_word' id='word_1_718' title='bbox 442 5204 461 5271; x_wconf 71' lang='grc' dir='ltr'>ζ</span> <span class='ocrx_word' id='word_1_719' title='bbox 487 5204 796 5274; x_wconf 66' lang='lat' dir='ltr'><strong>daemones)</strong></span> <span class='ocrx_word' id='word_1_720' title='bbox 840 5206 1095 5274; x_wconf 57' lang='lat' dir='ltr'><strong>egcedunt</strong></span> <span class='ocrx_word' id='word_1_721' title='bbox 1132 5203 1306 5274; x_wconf 74' lang='lat' dir='ltr'><strong>inviti.</strong></span> <span class='ocrx_word' id='word_1_722' title='bbox 1344 5202 1577 5274; x_wconf 81' lang='lat' dir='ltr'><strong>Tertull.</strong></span> <span class='ocrx_word' id='word_1_723' title='bbox 1621 5208 1760 5274; x_wconf 81' lang='lat' dir='ltr'><strong>Apo-</strong></span> 
     </span>
    </p>
   </div>
   <div class='ocr_carea' id='block_1_89' title="bbox 168 5272 1756 5345">
    <p class='ocr_par' dir='ltr' id='par_1_89' title="bbox 168 5272 1756 5345">
     <span class='ocr_line' id='line_1_89' title="bbox 168 5272 1756 5345; baseline 0 -16"><span class='ocrx_word' id='word_1_724' title='bbox 168 5272 315 5345; x_wconf 57' lang='lat'><strong>109.,</strong></span> <span class='ocrx_word' id='word_1_725' title='bbox 358 5273 453 5345; x_wconf 69' lang='lat'><strong>25,</strong></span> <span class='ocrx_word' id='word_1_726' title='bbox 493 5282 548 5345; x_wconf 81' lang='lat' dir='ltr'><strong>et</strong></span> <span class='ocrx_word' id='word_1_727' title='bbox 588 5274 715 5327; x_wconf 88' lang='lat' dir='ltr'><strong>alib.</strong></span> <span class='ocrx_word' id='word_1_728' title='bbox 756 5273 817 5345; x_wconf 87' lang='lat' dir='ltr'><strong>_S.</strong></span> <span class='ocrx_word' id='word_1_729' title='bbox 872 5272 1161 5345; x_wconf 80' lang='lat' dir='ltr'><strong>Dionysius</strong></span> <span class='ocrx_word' id='word_1_730' title='bbox 1207 5272 1279 5345; x_wconf 67' lang='grc' dir='ltr'>Μ.</span> <span class='ocrx_word' id='word_1_731' title='bbox 1326 5272 1756 5329; x_wconf 85' lang='lat' dir='ltr'><strong>Alexandrinus:</strong></span> 
     </span>
    </p>
   </div>
   <div class='ocr_carea' id='block_1_90' title="bbox 173 5340 1761 5415">
    <p class='ocr_par' dir='ltr' id='par_1_90' title="bbox 173 5340 1761 5415">
     <span class='ocr_line' id='line_1_90' title="bbox 173 5340 1761 5415; baseline -0.002 -16"><span class='ocrx_word' id='word_1_732' title='bbox 173 5340 293 5398; x_wconf 73' lang='grc' dir='ltr'>Κᾶὶ</span> <span class='ocrx_word' id='word_1_733' title='bbox 320 5343 438 5415; x_wconf 80' lang='grc' dir='ltr'>γάρ</span> <span class='ocrx_word' id='word_1_734' title='bbox 470 5344 575 5395; x_wconf 79' lang='grc' dir='ltr'>εἱσι</span> <span class='ocrx_word' id='word_1_735' title='bbox 617 5345 712 5398; x_wconf 72' lang='grc' dir='ltr'>καὶ</span> <span class='ocrx_word' id='word_1_736' title='bbox 754 5340 904 5415; x_wconf 73' lang='grc' dir='ltr'>ἦσαν</span> <span class='ocrx_word' id='word_1_737' title='bbox 927 5340 1100 5397; x_wconf 73' lang='grc' dir='ltr'>ἱκανοὶ</span> <span class='ocrx_word' id='word_1_738' title='bbox 1140 5343 1408 5415; x_wconf 74' lang='grc' dir='ltr'>παρόντες</span> <span class='ocrx_word' id='word_1_739' title='bbox 1462 5346 1556 5397; x_wconf 80' lang='grc' dir='ltr'>καὶ</span> <span class='ocrx_word' id='word_1_740' title='bbox 1604 5345 1761 5415; x_wconf 89' lang='grc' dir='ltr'>μόνον</span> 
     </span>
    </p>
   </div>
   <div class='ocr_carea' id='block_1_91' title="bbox 170 5413 1762 5499">
    <p class='ocr_par' dir='ltr' id='par_1_91' title="bbox 170 5413 1762 5499">
     <span class='ocr_line' id='line_1_91' title="bbox 170 5413 1762 5499; baseline 0 -32"><span class='ocrx_word' id='word_1_741' title='bbox 170 5413 553 5499; x_wconf 39' lang='grc' dir='ltr'>ξμπνέοντεςθ</span> <span class='ocrx_word' id='word_1_742' title='bbox 570 5415 683 5499; x_wconf 43' lang='grc' dir='ltr'>καὶ,</span> <span class='ocrx_word' id='word_1_743' title='bbox 708 5413 1096 5499; x_wconf 65' lang='grc' dir='ltr'>φθεγγόμενοι,</span> <span class='ocrx_word' id='word_1_744' title='bbox 1139 5413 1485 5499; x_wconf 61' lang='grc' dir='ltr'>διασκεδάσαι</span> <span class='ocrx_word' id='word_1_745' title='bbox 1518 5413 1616 5477; x_wconf 82' lang='grc' dir='ltr'>τὰς</span> <span class='ocrx_word' id='word_1_746' title='bbox 1653 5415 1762 5467; x_wconf 83' lang='grc' dir='ltr'>τῶν</span> 
     </span>
    </p>
   </div>
   <div class='ocr_carea' id='block_1_92' title="bbox 169 5483 1762 5555">
    <p class='ocr_par' dir='ltr' id='par_1_92' title="bbox 169 5483 1762 5555">
     <span class='ocr_line' id='line_1_92' title="bbox 169 5483 1762 5555; baseline -0.001 -16"><span class='ocrx_word' id='word_1_747' title='bbox 169 5483 494 5555; x_wconf 78' lang='grc' dir='ltr'>ἀλιτηρίων</span> <span class='ocrx_word' id='word_1_748' title='bbox 525 5483 792 5555; x_wconf 83' lang='grc' dir='ltr'>δαιμόνων</span> <span class='ocrx_word' id='word_1_749' title='bbox 821 5484 1126 5546; x_wconf 74' lang='grc' dir='ltr'>ἐπιϐουλάς.</span> <span class='ocrx_word' id='word_1_750' title='bbox 1165 5483 1332 5538; x_wconf 81' lang='lat' dir='ltr'><strong>Erant</strong></span> <span class='ocrx_word' id='word_1_751' title='bbox 1371 5486 1509 5537; x_wconf 86' lang='lat' dir='ltr'><strong>enim</strong></span> <span class='ocrx_word' id='word_1_752' title='bbox 1551 5496 1601 5539; x_wconf 85' lang='lat' dir='ltr'><strong>et</strong></span> <span class='ocrx_word' id='word_1_753' title='bbox 1640 5495 1762 5540; x_wconf 81' lang='lat' dir='ltr'><strong>sunt</strong></span> 
     </span>
    </p>
   </div>
   <div class='ocr_carea' id='block_1_93' title="bbox 170 5554 1762 5625">
    <p class='ocr_par' dir='ltr' id='par_1_93' title="bbox 170 5554 1762 5625">
     <span class='ocr_line' id='line_1_93' title="bbox 170 5554 1762 5625; baseline -0.001 -17"><span class='ocrx_word' id='word_1_754' title='bbox 170 5554 495 5609; x_wconf 81' lang='lat' dir='ltr'><strong>etiamnum</strong></span> <span class='ocrx_word' id='word_1_755' title='bbox 524 5554 808 5621; x_wconf 84' lang='lat' dir='ltr'><strong>ejusmodi,</strong></span> <span class='ocrx_word' id='word_1_756' title='bbox 836 5554 926 5623; x_wconf 81' lang='lat' dir='ltr'><strong>qui</strong></span> <span class='ocrx_word' id='word_1_757' title='bbox 956 5555 1034 5607; x_wconf 81' lang='lat' dir='ltr'><strong>vel</strong></span> <span class='ocrx_word' id='word_1_758' title='bbox 1060 5556 1344 5622; x_wconf 63' lang='lat' dir='ltr'><strong>praesentia</strong></span> <span class='ocrx_word' id='word_1_759' title='bbox 1377 5567 1531 5624; x_wconf 84' lang='lat' dir='ltr'><strong>atque</strong></span> <span class='ocrx_word' id='word_1_760' title='bbox 1552 5566 1762 5625; x_wconf 80' lang='lat' dir='ltr'><strong>aspectu</strong></span> 
     </span>
    </p>
   </div>
   <div class='ocr_carea' id='block_1_94' title="bbox 171 5625 1757 5689">
    <p class='ocr_par' dir='ltr' id='par_1_94' title="bbox 171 5625 1757 5689">
     <span class='ocr_line' id='line_1_94' title="bbox 171 5625 1757 5689; baseline 0.002 -12"><span class='ocrx_word' id='word_1_761' title='bbox 171 5642 305 5689; x_wconf 78' lang='lat' dir='ltr'><strong>suo,</strong></span> <span class='ocrx_word' id='word_1_762' title='bbox 333 5634 395 5677; x_wconf 84' lang='lat' dir='ltr'><strong>et</strong></span> <span class='ocrx_word' id='word_1_763' title='bbox 415 5625 752 5679; x_wconf 81' lang='lat' dir='ltr'><strong>iusulllantes</strong></span> <span class='ocrx_word' id='word_1_764' title='bbox 780 5627 1059 5687; x_wconf 80' lang='lat' dir='ltr'><strong>duntaxat,</strong></span> <span class='ocrx_word' id='word_1_765' title='bbox 1096 5642 1157 5677; x_wconf 85' lang='lat' dir='ltr'><strong>ac</strong></span> <span class='ocrx_word' id='word_1_766' title='bbox 1182 5641 1352 5678; x_wconf 86' lang='lat' dir='ltr'><strong>vocem</strong></span> <span class='ocrx_word' id='word_1_767' title='bbox 1374 5626 1577 5679; x_wconf 83' lang='lat' dir='ltr'><strong>edentes</strong></span> <span class='ocrx_word' id='word_1_768' title='bbox 1600 5666 1613 5689; x_wconf 95' lang='lat'><strong>,</strong></span> <span class='ocrx_word' id='word_1_769' title='bbox 1644 5628 1757 5681; x_wconf 73' lang='lat' dir='ltr'><strong>dw-</strong></span> 
     </span>
    </p>
   </div>
   <div class='ocr_carea' id='block_1_95' title="bbox 171 5694 1759 5765">
    <p class='ocr_par' dir='ltr' id='par_1_95' title="bbox 171 5694 1759 5765">
     <span class='ocr_line' id='line_1_95' title="bbox 171 5694 1759 5765; baseline 0.001 -17"><span class='ocrx_word' id='word_1_770' title='bbox 171 5710 417 5749; x_wconf 72' lang='lat' dir='ltr'><strong>mnum</strong></span> <span class='ocrx_word' id='word_1_771' title='bbox 442 5697 737 5765; x_wconf 54' lang='lat' dir='ltr'><strong>praestigias</strong></span> <span class='ocrx_word' id='word_1_772' title='bbox 761 5696 1057 5765; x_wconf 80' lang='lat' dir='ltr'><strong>disturbare</strong></span> <span class='ocrx_word' id='word_1_773' title='bbox 1079 5697 1299 5763; x_wconf 75' lang='lat' dir='ltr'><strong>possint.</strong></span> <span class='ocrx_word' id='word_1_774' title='bbox 1323 5694 1492 5764; x_wconf 85' lang='lat' dir='ltr'><strong>Epist.</strong></span> <span class='ocrx_word' id='word_1_775' title='bbox 1526 5698 1592 5750; x_wconf 89' lang='lat' dir='ltr'><strong>ad</strong></span> <span class='ocrx_word' id='word_1_776' title='bbox 1623 5696 1759 5749; x_wconf 87' lang='lat' dir='ltr'><strong>Her-</strong></span> 
     </span>
    </p>
   </div>
   <div class='ocr_carea' id='block_1_96' title="bbox 174 5764 1766 5888">
    <p class='ocr_par' dir='ltr' id='par_1_96' title="bbox 174 5764 1766 5888">
     <span class='ocr_line' id='line_1_96' title="bbox 174 5764 1766 5888; baseline 0.002 -70"><span class='ocrx_word' id='word_1_777' title='bbox 174 5782 372 5888; x_wconf 48' lang='grc' dir='ltr'>ἔξω,</span> <span class='ocrx_word' id='word_1_778' title='bbox 400 5781 511 5888; x_wconf 46' lang='grc' dir='ltr'><strong>ἦν.</strong></span> <span class='ocrx_word' id='word_1_779' title='bbox 538 5764 667 5823; x_wconf 82' lang='lat' dir='ltr'><strong>Eus.</strong></span> <span class='ocrx_word' id='word_1_780' title='bbox 694 5765 765 5821; x_wconf 84' lang='grc' dir='ltr'>Η.</span> <span class='ocrx_word' id='word_1_781' title='bbox 792 5766 857 5821; x_wconf 85' lang='grc' dir='ltr'>Ε.</span> <span class='ocrx_word' id='word_1_782' title='bbox 883 5780 977 5832; x_wconf 86' lang='lat' dir='ltr'><strong>vu,</strong></span> <span class='ocrx_word' id='word_1_783' title='bbox 1003 5764 1088 5820; x_wconf 82' lang='grc'>10.</span> <span class='ocrx_word' id='word_1_784' title='bbox 1114 5765 1440 5823; x_wconf 81' lang='lat' dir='ltr'><strong>Prudentius</strong></span> <span class='ocrx_word' id='word_1_785' title='bbox 1470 5768 1535 5823; x_wconf 89' lang='lat' dir='ltr'><strong>de</strong></span> <span class='ocrx_word' id='word_1_786' title='bbox 1560 5766 1617 5822; x_wconf 87' lang='lat' dir='ltr'><strong>S.</strong></span> <span class='ocrx_word' id='word_1_787' title='bbox 1657 5766 1766 5821; x_wconf 81' lang='lat' dir='ltr'><strong>Ro-</strong></span> 
     </span>
     <span class='ocr_line' id='line_1_97' title="bbox 280 5853 503 5888; baseline 0 0"><span class='ocrx_word' id='word_1_788' title='bbox 280 5853 364 5888; x_wconf 80' lang='grc' dir='ltr'><strong>[ιο</strong></span> <span class='ocrx_word' id='word_1_789' title='bbox 454 5876 464 5888; x_wconf 88' lang='grc'><strong>.</strong></span> <span class='ocrx_word' id='word_1_790' title='bbox 490 5853 503 5888; x_wconf 76' lang='grc' dir='ltr'><strong>ἶ</strong></span> 
     </span>
    </p>
   </div>
   <div class='ocr_carea' id='block_1_97' title="bbox 171 5852 503 5892">
    <p class='ocr_par' dir='ltr' id='par_1_97' title="bbox 171 5852 503 5892">
     <span class='ocr_line' id='line_1_98' title="bbox 171 5852 503 5892; baseline -0.009 0"><span class='ocrx_word' id='word_1_791' title='bbox 171 5852 364 5892; x_wconf 77' lang='lat' dir='ltr'><strong>manu</strong></span> <span class='ocrx_word' id='word_1_792' title='bbox 400 5852 464 5888; x_wconf 70' lang='lat'><strong>3].</strong></span> <span class='ocrx_word' id='word_1_793' title='bbox 490 5853 503 5889; x_wconf 77' lang='grc' dir='ltr'><strong>ἶ</strong></span> 
     </span>
    </p>
   </div>
   <div class='ocr_carea' id='block_1_98' title="bbox 1923 3899 3417 3972">
    <p class='ocr_par' dir='ltr' id='par_1_98' title="bbox 1923 3899 3417 3972">
     <span class='ocr_line' id='line_1_99' title="bbox 1923 3899 3417 3972; baseline -0.004 -19"><span class='ocrx_word' id='word_1_794' title='bbox 1923 3899 1987 3955; x_wconf 86' lang='lat' dir='ltr'><strong>Il.</strong></span> <span class='ocrx_word' id='word_1_795' title='bbox 2023 3900 2090 3955; x_wconf 87' lang='lat' dir='ltr'><strong>Et</strong></span> <span class='ocrx_word' id='word_1_796' title='bbox 2126 3902 2293 3972; x_wconf 90' lang='lat' dir='ltr'><strong>jussit</strong></span> <span class='ocrx_word' id='word_1_797' title='bbox 2341 3903 2536 3959; x_wconf 89' lang='lat' dir='ltr'><strong>adduci</strong></span> <span class='ocrx_word' id='word_1_798' title='bbox 2588 3902 2887 3956; x_wconf 77' lang='lat' dir='ltr'><strong>Maximum</strong></span> <span class='ocrx_word' id='word_1_799' title='bbox 2939 3900 3310 3969; x_wconf 74' lang='lat' dir='ltr'><strong>presbyterum</strong></span> <span class='ocrx_word' id='word_1_800' title='bbox 3364 3905 3417 3948; x_wconf 89' lang='lat' dir='ltr'><strong>et</strong></span> 
     </span>
    </p>
   </div>
   <div class='ocr_carea' id='block_1_99' title="bbox 1852 3988 3416 4064">
    <p class='ocr_par' dir='ltr' id='par_1_99' title="bbox 1852 3988 3416 4064">
     <span class='ocr_line' id='line_1_100' title="bbox 1852 3988 3416 4064; baseline 0 -21"><span class='ocrx_word' id='word_1_801' title='bbox 1852 3991 2175 4047; x_wconf 84' lang='lat' dir='ltr'><strong>Archelaum</strong></span> <span class='ocrx_word' id='word_1_802' title='bbox 2209 3994 2532 4061; x_wconf 89' lang='lat' dir='ltr'><strong>diaconum;</strong></span> <span class='ocrx_word' id='word_1_803' title='bbox 2558 3994 2757 4064; x_wconf 89' lang='lat' dir='ltr'><strong>quibus</strong></span> <span class='ocrx_word' id='word_1_804' title='bbox 2783 4001 2837 4048; x_wconf 89' lang='lat' dir='ltr'><strong>et</strong></span> <span class='ocrx_word' id='word_1_805' title='bbox 2867 3993 3036 4046; x_wconf 83' lang='lat' dir='ltr'><strong>dixit:</strong></span> <span class='ocrx_word' id='word_1_806' title='bbox 3080 3988 3182 4043; x_wconf 88' lang='lat' dir='ltr'><strong>Per</strong></span> <span class='ocrx_word' id='word_1_807' title='bbox 3233 4003 3331 4041; x_wconf 88' lang='lat' dir='ltr'><strong>vos</strong></span> <span class='ocrx_word' id='word_1_808' title='bbox 3360 4000 3416 4044; x_wconf 88' lang='lat' dir='ltr'><strong>et</strong></span> 
     </span>
    </p>
   </div>
   <div class='ocr_carea' id='block_1_100' title="bbox 1856 4078 3419 4154">
    <p class='ocr_par' dir='ltr' id='par_1_100' title="bbox 1856 4078 3419 4154">
     <span class='ocr_line' id='line_1_101' title="bbox 1856 4078 3419 4154; baseline -0.004 -18"><span class='ocrx_word' id='word_1_809' title='bbox 1856 4082 2157 4138; x_wconf 86' lang='lat' dir='ltr'><strong>doctrinam</strong></span> <span class='ocrx_word' id='word_1_810' title='bbox 2221 4096 2455 4140; x_wconf 83' lang='lat' dir='ltr'><strong>vestram</strong></span> <span class='ocrx_word' id='word_1_811' title='bbox 2506 4085 2953 4154; x_wconf 87' lang='lat' dir='ltr'><strong>blasphemantur</strong></span> <span class='ocrx_word' id='word_1_812' title='bbox 3011 4081 3230 4136; x_wconf 91' lang='lat' dir='ltr'><strong>nomina</strong></span> <span class='ocrx_word' id='word_1_813' title='bbox 3294 4078 3419 4131; x_wconf 90' lang='lat' dir='ltr'><strong>deo-</strong></span> 
     </span>
    </p>
   </div>
   <div class='ocr_carea' id='block_1_101' title="bbox 1856 4173 3418 4251">
    <p class='ocr_par' dir='ltr' id='par_1_101' title="bbox 1856 4173 3418 4251">
     <span class='ocr_line' id='line_1_102' title="bbox 1856 4173 3418 4251; baseline -0.001 -19"><span class='ocrx_word' id='word_1_814' title='bbox 1856 4194 1979 4233; x_wconf 92' lang='lat' dir='ltr'><strong>rum</strong></span> <span class='ocrx_word' id='word_1_815' title='bbox 2006 4179 2142 4251; x_wconf 80' lang='lat'><strong>(35),</strong></span> <span class='ocrx_word' id='word_1_816' title='bbox 2176 4190 2230 4235; x_wconf 89' lang='lat' dir='ltr'><strong>et</strong></span> <span class='ocrx_word' id='word_1_817' title='bbox 2260 4180 2665 4236; x_wconf 87' lang='lat' dir='ltr'><strong>circumducitis</strong></span> <span class='ocrx_word' id='word_1_818' title='bbox 2690 4180 2956 4244; x_wconf 88' lang='lat' dir='ltr'><strong>homines,</strong></span> <span class='ocrx_word' id='word_1_819' title='bbox 2985 4186 3169 4233; x_wconf 89' lang='lat' dir='ltr'><strong>utnon</strong></span> <span class='ocrx_word' id='word_1_820' title='bbox 3193 4173 3418 4230; x_wconf 85' lang='lat' dir='ltr'><strong>credant</strong></span> 
     </span>
    </p>
   </div>
   <div class='ocr_carea' id='block_1_102' title="bbox 2066 4290 3206 4361">
    <p class='ocr_par' dir='ltr' id='par_1_102' title="bbox 2066 4290 3206 4361">
     <span class='ocr_line' id='line_1_103' title="bbox 2066 4290 3206 4361; baseline -0.001 -16"><span class='ocrx_word' id='word_1_821' title='bbox 2066 4290 2327 4361; x_wconf 76' lang='lat' dir='ltr'><strong>lusu/ﬂat.</strong></span> <span class='ocrx_word' id='word_1_822' title='bbox 2363 4295 2504 4361; x_wconf 80' lang='lat' dir='ltr'><strong>ipsos</strong></span> <span class='ocrx_word' id='word_1_823' title='bbox 2552 4310 2645 4347; x_wconf 85' lang='lat' dir='ltr'><strong>ceu</strong></span> <span class='ocrx_word' id='word_1_824' title='bbox 2686 4293 2879 4348; x_wconf 87' lang='lat' dir='ltr'><strong>videret</strong></span> <span class='ocrx_word' id='word_1_825' title='bbox 2924 4292 3206 4346; x_wconf 68' lang='lat' dir='ltr'><strong>(immanes.</strong></span> 
     </span>
    </p>
   </div>
   <div class='ocr_carea' id='block_1_103' title="bbox 1855 4358 2415 4432">
    <p class='ocr_par' dir='ltr' id='par_1_103' title="bbox 1855 4358 2415 4432">
     <span class='ocr_line' id='line_1_104' title="bbox 1855 4358 2415 4432; baseline 0.007 -19"><span class='ocrx_word' id='word_1_826' title='bbox 1855 4358 2168 4432; x_wconf 83' lang='lat' dir='ltr'><strong>Peristeph.,</strong></span> <span class='ocrx_word' id='word_1_827' title='bbox 2201 4358 2255 4426; x_wconf 50' lang='grc' dir='ltr'>ᾖ,</span> <span class='ocrx_word' id='word_1_828' title='bbox 2292 4358 2415 4417; x_wconf 72' lang='grc'>920.</span> 
     </span>
    </p>
   </div>
   <div class='ocr_carea' id='block_1_104' title="bbox 1924 4432 3413 4503">
    <p class='ocr_par' dir='ltr' id='par_1_104' title="bbox 1924 4432 3413 4503">
     <span class='ocr_line' id='line_1_105' title="bbox 1924 4432 3413 4503; baseline -0.001 -19"><span class='ocrx_word' id='word_1_829' title='bbox 1924 4432 2041 4503; x_wconf 59' lang='grc' dir='ltr'><strong>(βοὶ)</strong></span> <span class='ocrx_word' id='word_1_830' title='bbox 2067 4434 2337 4503; x_wconf 87' lang='lat' dir='ltr'><strong>lnterpr_es</strong></span> <span class='ocrx_word' id='word_1_831' title='bbox 2358 4433 2630 4503; x_wconf 80' lang='lat' dir='ltr'><strong>equuleum</strong></span> <span class='ocrx_word' id='word_1_832' title='bbox 2666 4433 2844 4495; x_wconf 88' lang='lat' dir='ltr'><strong>vertit,</strong></span> <span class='ocrx_word' id='word_1_833' title='bbox 2889 4448 2986 4486; x_wconf 84' lang='lat' dir='ltr'><strong>nec</strong></span> <span class='ocrx_word' id='word_1_834' title='bbox 3018 4442 3255 4503; x_wconf 57' lang='lat' dir='ltr'><strong>temere;</strong></span> <span class='ocrx_word' id='word_1_835' title='bbox 3289 4447 3413 4484; x_wconf 88' lang='lat' dir='ltr'><strong>nam</strong></span> 
     </span>
    </p>
   </div>
   <div class='ocr_carea' id='block_1_105' title="bbox 1856 4500 3415 4570">
    <p class='ocr_par' dir='ltr' id='par_1_105' title="bbox 1856 4500 3415 4570">
     <span class='ocr_line' id='line_1_106' title="bbox 1856 4500 3415 4570; baseline -0.001 -15"><span class='ocrx_word' id='word_1_836' title='bbox 1856 4502 1909 4556; x_wconf 91' lang='lat' dir='ltr'><strong>in</strong></span> <span class='ocrx_word' id='word_1_837' title='bbox 1944 4500 2227 4556; x_wconf 80' lang='lat' dir='ltr'><strong>Philoxeni</strong></span> <span class='ocrx_word' id='word_1_838' title='bbox 2246 4500 2517 4558; x_wconf 82' lang='lat' dir='ltr'><strong>Glossario</strong></span> <span class='ocrx_word' id='word_1_839' title='bbox 2539 4505 2765 4570; x_wconf 81' lang='grc' dir='ltr'>ἄντυγες</span> <span class='ocrx_word' id='word_1_840' title='bbox 2791 4502 3002 4557; x_wconf 71' lang='lat' dir='ltr'><strong>clitellae</strong></span> <span class='ocrx_word' id='word_1_841' title='bbox 3019 4512 3163 4555; x_wconf 89' lang='lat' dir='ltr'><strong>sunt.</strong></span> <span class='ocrx_word' id='word_1_842' title='bbox 3194 4500 3415 4554; x_wconf 85' lang='lat' dir='ltr'><strong>Verum—</strong></span> 
     </span>
    </p>
   </div>
   <div class='ocr_carea' id='block_1_106' title="bbox 1856 4572 3411 4645">
    <p class='ocr_par' dir='ltr' id='par_1_106' title="bbox 1856 4572 3411 4645">
     <span class='ocr_line' id='line_1_107' title="bbox 1856 4572 3411 4645; baseline -0.002 -19"><span class='ocrx_word' id='word_1_843' title='bbox 1856 4581 2037 4645; x_wconf 85' lang='lat' dir='ltr'><strong>tamen</strong></span> <span class='ocrx_word' id='word_1_844' title='bbox 2075 4574 2338 4645; x_wconf 84' lang='lat' dir='ltr'><strong>equuleus</strong></span> <span class='ocrx_word' id='word_1_845' title='bbox 2387 4575 2548 4641; x_wconf 92' lang='lat' dir='ltr'><strong>paulo</strong></span> <span class='ocrx_word' id='word_1_846' title='bbox 2594 4574 3078 4645; x_wconf 63' lang='lat' dir='ltr'><strong>pos_t_épprj-cdzpiov</strong></span> <span class='ocrx_word' id='word_1_847' title='bbox 3111 4572 3311 4625; x_wconf 88' lang='lat' dir='ltr'><strong>dicitur</strong></span> <span class='ocrx_word' id='word_1_848' title='bbox 3358 4572 3411 4623; x_wconf 92' lang='lat' dir='ltr'><strong>in</strong></span> 
     </span>
    </p>
   </div>
   <div class='ocr_carea' id='block_1_107' title="bbox 1858 4642 3412 4713">
    <p class='ocr_par' dir='ltr' id='par_1_107' title="bbox 1858 4642 3412 4713">
     <span class='ocr_line' id='line_1_108' title="bbox 1858 4642 3412 4713; baseline -0.003 -17"><span class='ocrx_word' id='word_1_849' title='bbox 1858 4644 2046 4697; x_wconf 85' lang='lat' dir='ltr'><strong>iisdem</strong></span> <span class='ocrx_word' id='word_1_850' title='bbox 2067 4642 2244 4709; x_wconf 81' lang='lat' dir='ltr'><strong>Actis;</strong></span> <span class='ocrx_word' id='word_1_851' title='bbox 2276 4644 2517 4713; x_wconf 90' lang='lat' dir='ltr'><strong>adeoque</strong></span> <span class='ocrx_word' id='word_1_852' title='bbox 2542 4660 2663 4699; x_wconf 90' lang='lat' dir='ltr'><strong>cum</strong></span> <span class='ocrx_word' id='word_1_853' title='bbox 2688 4642 2955 4712; x_wconf 82' lang='lat' dir='ltr'><strong>llesychio</strong></span> <span class='ocrx_word' id='word_1_854' title='bbox 2972 4642 3206 4709; x_wconf 85' lang='lat' dir='ltr'><strong>aliisque</strong></span> <span class='ocrx_word' id='word_1_855' title='bbox 3242 4651 3412 4713; x_wconf 75' lang='lat' dir='ltr'><strong>rotant</strong></span> 
     </span>
    </p>
   </div>
   <div class='ocr_carea' id='block_1_108' title="bbox 1858 4712 3414 4781">
    <p class='ocr_par' dir='ltr' id='par_1_108' title="bbox 1858 4712 3414 4781">
     <span class='ocr_line' id='line_1_109' title="bbox 1858 4712 3414 4781; baseline -0.002 -16"><span class='ocrx_word' id='word_1_856' title='bbox 1858 4714 2140 4774; x_wconf 84' lang='lat' dir='ltr'><strong>vertimus,</strong></span> <span class='ocrx_word' id='word_1_857' title='bbox 2167 4714 2309 4767; x_wconf 89' lang='lat' dir='ltr'><strong>unde</strong></span> <span class='ocrx_word' id='word_1_858' title='bbox 2342 4712 2585 4781; x_wconf 84' lang='grc' dir='ltr'>ἀντύγων</span> <span class='ocrx_word' id='word_1_859' title='bbox 2627 4714 2814 4781; x_wconf 78' lang='grc' dir='ltr'>χνόαι,</span> <span class='ocrx_word' id='word_1_860' title='bbox 2836 4723 3072 4768; x_wconf 87' lang='lat' dir='ltr'><strong>rotarum</strong></span> <span class='ocrx_word' id='word_1_861' title='bbox 3101 4726 3225 4765; x_wconf 75' lang='lat' dir='ltr'><strong>axes</strong></span> <span class='ocrx_word' id='word_1_862' title='bbox 3252 4751 3267 4776; x_wconf 94' lang='lat'><strong>,</strong></span> <span class='ocrx_word' id='word_1_863' title='bbox 3330 4712 3414 4763; x_wconf 88' lang='lat' dir='ltr'><strong>vel</strong></span> 
     </span>
    </p>
   </div>
   <div class='ocr_carea' id='block_1_109' title="bbox 1858 4782 3007 4852">
    <p class='ocr_par' dir='ltr' id='par_1_109' title="bbox 1858 4782 3007 4852">
     <span class='ocr_line' id='line_1_110' title="bbox 1858 4782 3007 4852; baseline 0 -16"><span class='ocrx_word' id='word_1_864' title='bbox 1858 4782 2237 4852; x_wconf 85' lang='grc' dir='ltr'>ἁντιγόχνοιαι,</span> <span class='ocrx_word' id='word_1_865' title='bbox 2273 4784 2348 4836; x_wconf 91' lang='lat' dir='ltr'><strong>uti</strong></span> <span class='ocrx_word' id='word_1_866' title='bbox 2386 4785 2600 4844; x_wconf 86' lang='lat' dir='ltr'><strong>Suidas.</strong></span> <span class='ocrx_word' id='word_1_867' title='bbox 2634 4794 2762 4837; x_wconf 76' lang='lat' dir='ltr'><strong>rota:</strong></span> <span class='ocrx_word' id='word_1_868' title='bbox 2802 4789 3007 4836; x_wconf 75' lang='lat' dir='ltr'><strong>currus.</strong></span> 
     </span>
    </p>
   </div>
   <div class='ocr_carea' id='block_1_110' title="bbox 1929 4850 3416 4922">
    <p class='ocr_par' dir='ltr' id='par_1_110' title="bbox 1929 4850 3416 4922">
     <span class='ocr_line' id='line_1_111' title="bbox 1929 4850 3416 4922; baseline -0.005 -15"><span class='ocrx_word' id='word_1_869' title='bbox 1929 4850 2339 4922; x_wconf 76' lang='lat' dir='ltr'><strong>(33)C0nfracta</strong></span> <span class='ocrx_word' id='word_1_870' title='bbox 2364 4864 2479 4908; x_wconf 88' lang='lat' dir='ltr'><strong>rota</strong></span> <span class='ocrx_word' id='word_1_871' title='bbox 2504 4854 2650 4907; x_wconf 91' lang='lat' dir='ltr'><strong>humi</strong></span> <span class='ocrx_word' id='word_1_872' title='bbox 2684 4860 2905 4908; x_wconf 88' lang='lat' dir='ltr'><strong>stratam</strong></span> <span class='ocrx_word' id='word_1_873' title='bbox 2924 4851 3184 4922; x_wconf 83' lang='lat' dir='ltr'><strong>virginem</strong></span> <span class='ocrx_word' id='word_1_874' title='bbox 3207 4850 3416 4922; x_wconf 71' lang='lat' dir='ltr'><strong>lampa-</strong></span> 
     </span>
    </p>
   </div>
   <div class='ocr_carea' id='block_1_111' title="bbox 1859 4918 3414 4992">
    <p class='ocr_par' dir='ltr' id='par_1_111' title="bbox 1859 4918 3414 4992">
     <span class='ocr_line' id='line_1_112' title="bbox 1859 4918 3414 4992; baseline -0.005 -15"><span class='ocrx_word' id='word_1_875' title='bbox 1859 4918 2031 4977; x_wconf 82' lang='lat' dir='ltr'><strong>dibus</strong></span> <span class='ocrx_word' id='word_1_876' title='bbox 2052 4923 2205 4978; x_wconf 87' lang='lat' dir='ltr'><strong>aduri</strong></span> <span class='ocrx_word' id='word_1_877' title='bbox 2235 4925 2401 4992; x_wconf 90' lang='lat' dir='ltr'><strong>jussit</strong></span> <span class='ocrx_word' id='word_1_878' title='bbox 2434 4924 2734 4988; x_wconf 77' lang='lat' dir='ltr'><strong>Romulus,</strong></span> <span class='ocrx_word' id='word_1_879' title='bbox 2781 4918 3031 4991; x_wconf 52' lang='lat' dir='ltr'><strong>ideoque&#39;</strong></span> <span class='ocrx_word' id='word_1_880' title='bbox 3046 4921 3262 4975; x_wconf 88' lang='lat' dir='ltr'><strong>additur</strong></span> <span class='ocrx_word' id='word_1_881' title='bbox 3305 4918 3414 4972; x_wconf 84' lang='grc' dir='ltr'><strong>ἀπὸ</strong></span> 
     </span>
    </p>
   </div>
   <div class='ocr_carea' id='block_1_112' title="bbox 1859 4994 2353 5064">
    <p class='ocr_par' dir='ltr' id='par_1_112' title="bbox 1859 4994 2353 5064">
     <span class='ocr_line' id='line_1_113' title="bbox 1859 4994 2353 5064; baseline -0.002 -18"><span class='ocrx_word' id='word_1_882' title='bbox 1859 4994 1955 5064; x_wconf 82' lang='grc' dir='ltr'>τῆς</span> <span class='ocrx_word' id='word_1_883' title='bbox 1978 4994 2099 5063; x_wconf 86' lang='grc' dir='ltr'>γῆς,</span> <span class='ocrx_word' id='word_1_884' title='bbox 2134 5011 2166 5047; x_wconf 89' lang='lat' dir='ltr'><strong>a</strong></span> <span class='ocrx_word' id='word_1_885' title='bbox 2193 5004 2353 5048; x_wconf 88' lang='lat' dir='ltr'><strong>terra.</strong></span> 
     </span>
    </p>
   </div>
   <div class='ocr_carea' id='block_1_113' title="bbox 1931 5062 3416 5135">
    <p class='ocr_par' dir='ltr' id='par_1_113' title="bbox 1931 5062 3416 5135">
     <span class='ocr_line' id='line_1_114' title="bbox 1931 5062 3416 5135; baseline -0.005 -17"><span class='ocrx_word' id='word_1_886' title='bbox 1931 5062 2046 5135; x_wconf 74' lang='grc'><strong>(54)</strong></span> <span class='ocrx_word' id='word_1_887' title='bbox 2066 5064 2340 5135; x_wconf 77' lang='grc' dir='ltr'>Ρνωορηὶα</span> <span class='ocrx_word' id='word_1_888' title='bbox 2355 5080 2453 5117; x_wconf 79' lang='lat' dir='ltr'><strong>vox</strong></span> <span class='ocrx_word' id='word_1_889' title='bbox 2472 5063 2611 5118; x_wconf 88' lang='lat' dir='ltr'><strong>dicta</strong></span> <span class='ocrx_word' id='word_1_890' title='bbox 2633 5072 2717 5135; x_wconf 73' lang='lat' dir='ltr'><strong>est</strong></span> <span class='ocrx_word' id='word_1_891' title='bbox 2733 5062 3188 5135; x_wconf 87' lang='lat' dir='ltr'><strong>quemadmodum</strong></span> <span class='ocrx_word' id='word_1_892' title='bbox 3206 5067 3256 5115; x_wconf 91' lang='lat' dir='ltr'><strong>et</strong></span> <span class='ocrx_word' id='word_1_893' title='bbox 3272 5074 3416 5135; x_wconf 72' lang='lat' dir='ltr'><strong>quie-</strong></span> 
     </span>
    </p>
   </div>
   <div class='ocr_carea' id='block_1_114' title="bbox 1859 5131 3415 5204">
    <p class='ocr_par' dir='ltr' id='par_1_114' title="bbox 1859 5131 3415 5204">
     <span class='ocr_line' id='line_1_115' title="bbox 1859 5131 3415 5204; baseline -0.003 -17"><span class='ocrx_word' id='word_1_894' title='bbox 1859 5131 2139 5188; x_wconf 81' lang='lat' dir='ltr'><strong>stionaria.</strong></span> <span class='ocrx_word' id='word_1_895' title='bbox 2192 5134 2445 5204; x_wconf 84' lang='lat' dir='ltr'><strong>Exempla</strong></span> <span class='ocrx_word' id='word_1_896' title='bbox 2498 5135 2637 5203; x_wconf 88' lang='lat' dir='ltr'><strong>apud</strong></span> <span class='ocrx_word' id='word_1_897' title='bbox 2681 5131 3221 5204; x_wconf 76' lang='lat' dir='ltr'><strong>Gangiumexstaut;</strong></span> <span class='ocrx_word' id='word_1_898' title='bbox 3259 5131 3415 5198; x_wconf 87' lang='lat' dir='ltr'><strong>plura</strong></span> 
     </span>
    </p>
   </div>
   <div class='ocr_carea' id='block_1_115' title="bbox 1860 5202 3416 5269">
    <p class='ocr_par' dir='ltr' id='par_1_115' title="bbox 1860 5202 3416 5269">
     <span class='ocr_line' id='line_1_116' title="bbox 1860 5202 3416 5269; baseline -0.004 -12"><span class='ocrx_word' id='word_1_899' title='bbox 1860 5208 2021 5257; x_wconf 88' lang='lat' dir='ltr'><strong>etiam</strong></span> <span class='ocrx_word' id='word_1_900' title='bbox 2053 5214 2349 5269; x_wconf 79' lang='lat' dir='ltr'><strong>exstarent,</strong></span> <span class='ocrx_word' id='word_1_901' title='bbox 2362 5202 2481 5259; x_wconf 47' lang='lat' dir='ltr'><strong>&#39;uisi</strong></span> <span class='ocrx_word' id='word_1_902' title='bbox 2519 5202 2916 5258; x_wconf 85' lang='lat' dir='ltr'><strong>dissimulatum</strong></span> <span class='ocrx_word' id='word_1_903' title='bbox 2946 5203 2996 5256; x_wconf 90' lang='lat' dir='ltr'><strong>id</strong></span> <span class='ocrx_word' id='word_1_904' title='bbox 3019 5212 3161 5255; x_wconf 87' lang='lat' dir='ltr'><strong>esset</strong></span> <span class='ocrx_word' id='word_1_905' title='bbox 3191 5202 3243 5253; x_wconf 90' lang='lat' dir='ltr'><strong>in</strong></span> <span class='ocrx_word' id='word_1_906' title='bbox 3271 5214 3416 5251; x_wconf 89' lang='lat' dir='ltr'><strong>mar-</strong></span> 
     </span>
    </p>
   </div>
   <div class='ocr_carea' id='block_1_116' title="bbox 1864 5269 3416 5344">
    <p class='ocr_par' dir='ltr' id='par_1_116' title="bbox 1864 5269 3416 5344">
     <span class='ocr_line' id='line_1_117' title="bbox 1864 5269 3416 5344; baseline -0.001 -18"><span class='ocrx_word' id='word_1_907' title='bbox 1864 5284 2039 5344; x_wconf 87' lang='lat' dir='ltr'><strong>tyrum</strong></span> <span class='ocrx_word' id='word_1_908' title='bbox 2080 5275 2501 5331; x_wconf 79' lang='lat' dir='ltr'><strong>Actis.maxime</strong></span> <span class='ocrx_word' id='word_1_909' title='bbox 2545 5274 3048 5344; x_wconf 82' lang='lat' dir='ltr'><strong>proconsularibus,</strong></span> <span class='ocrx_word' id='word_1_910' title='bbox 3083 5271 3231 5344; x_wconf 84' lang='lat' dir='ltr'><strong>quod</strong></span> <span class='ocrx_word' id='word_1_911' title='bbox 3256 5269 3416 5344; x_wconf 70' lang='lat' dir='ltr'><strong>Curi-</strong></span> 
     </span>
    </p>
   </div>
   <div class='ocr_carea' id='block_1_117' title="bbox 1863 5338 3416 5415">
    <p class='ocr_par' dir='ltr' id='par_1_117' title="bbox 1863 5338 3416 5415">
     <span class='ocr_line' id='line_1_118' title="bbox 1863 5338 3416 5415; baseline -0.005 -16"><span class='ocrx_word' id='word_1_912' title='bbox 1863 5338 2022 5399; x_wconf 56' lang='lat' dir='ltr'><strong>s&#39;tiani</strong></span> <span class='ocrx_word' id='word_1_913' title='bbox 2057 5346 2367 5415; x_wconf 87' lang='lat' dir='ltr'><strong>diligentius</strong></span> <span class='ocrx_word' id='word_1_914' title='bbox 2395 5338 2740 5399; x_wconf 84' lang='lat' dir='ltr'><strong>aduotaruut.</strong></span> <span class='ocrx_word' id='word_1_915' title='bbox 2764 5344 3009 5415; x_wconf 80' lang='lat' dir='ltr'><strong>Namque</strong></span> <span class='ocrx_word' id='word_1_916' title='bbox 3042 5338 3265 5395; x_wconf 70' lang='grc' dir='ltr'>ἰιιἈοιίδ</span> <span class='ocrx_word' id='word_1_917' title='bbox 3285 5338 3416 5415; x_wconf 60' lang='lat' dir='ltr'><strong>MM.</strong></span> 
     </span>
    </p>
   </div>
   <div class='ocr_carea' id='block_1_118' title="bbox 1866 5409 3417 5485">
    <p class='ocr_par' dir='ltr' id='par_1_118' title="bbox 1866 5409 3417 5485">
     <span class='ocr_line' id='line_1_119' title="bbox 1866 5409 3417 5485; baseline -0.005 -16"><span class='ocrx_word' id='word_1_918' title='bbox 1866 5409 2292 5480; x_wconf 63' lang='lat' dir='ltr'><strong>Scillitanofum,</strong></span> <span class='ocrx_word' id='word_1_919' title='bbox 2321 5416 2409 5469; x_wconf 92' lang='lat' dir='ltr'><strong>ubi</strong></span> <span class='ocrx_word' id='word_1_920' title='bbox 2445 5415 2673 5485; x_wconf 84' lang='lat' dir='ltr'><strong>legimus</strong></span> <span class='ocrx_word' id='word_1_921' title='bbox 2700 5454 2714 5477; x_wconf 90' lang='lat'><strong>,</strong></span> <span class='ocrx_word' id='word_1_922' title='bbox 2766 5409 3088 5469; x_wconf 75' lang='lat' dir='ltr'><strong>Saturninus</strong></span> <span class='ocrx_word' id='word_1_923' title='bbox 3136 5409 3417 5480; x_wconf 77' lang='lat' dir='ltr'><strong>proconsul</strong></span> 
     </span>
    </p>
   </div>
   <div class='ocr_carea' id='block_1_119' title="bbox 3011 5496 3418 5551">
    <p class='ocr_par' dir='ltr' id='par_1_119' title="bbox 3011 5496 3418 5551">
     <span class='ocr_line' id='line_1_120' title="bbox 3011 5496 3418 5551; baseline -0.007 -16"><span class='ocrx_word' id='word_1_924' title='bbox 3011 5499 3102 5551; x_wconf 81' lang='lat' dir='ltr'><strong>per</strong></span> <span class='ocrx_word' id='word_1_925' title='bbox 3126 5496 3418 5551; x_wconf 75' lang='lat' dir='ltr'><strong>prwconem</strong></span> 
     </span>
    </p>
   </div>
   <div class='ocr_carea' id='block_1_120' title="bbox 1936 5551 3419 5624">
    <p class='ocr_par' dir='ltr' id='par_1_120' title="bbox 1936 5551 3419 5624">
     <span class='ocr_line' id='line_1_121' title="bbox 1936 5551 3419 5624; baseline -0.002 -16"><span class='ocrx_word' id='word_1_926' title='bbox 1936 5555 2046 5624; x_wconf 78' lang='lat'><strong>{35)</strong></span> <span class='ocrx_word' id='word_1_927' title='bbox 2069 5569 2146 5607; x_wconf 76' lang='lat' dir='ltr'><strong>xu</strong></span> <span class='ocrx_word' id='word_1_928' title='bbox 2175 5554 2630 5620; x_wconf 85' lang='lat' dir='ltr'><strong>Consentium,vel</strong></span> <span class='ocrx_word' id='word_1_929' title='bbox 2658 5555 2938 5623; x_wconf 76' lang='lat' dir='ltr'><strong>majorum,</strong></span> <span class='ocrx_word' id='word_1_930' title='bbox 2968 5563 3024 5608; x_wconf 91' lang='lat' dir='ltr'><strong>ut</strong></span> <span class='ocrx_word' id='word_1_931' title='bbox 3055 5554 3108 5605; x_wconf 88' lang='lat' dir='ltr'><strong>in</strong></span> <span class='ocrx_word' id='word_1_932' title='bbox 3128 5551 3419 5624; x_wconf 62' lang='lat' dir='ltr'><strong>Crtecole-</strong></span> 
     </span>
    </p>
   </div>
   <div class='ocr_carea' id='block_1_121' title="bbox 1868 5622 3421 5696">
    <p class='ocr_par' dir='ltr' id='par_1_121' title="bbox 1868 5622 3421 5696">
     <span class='ocr_line' id='line_1_122' title="bbox 1868 5622 3421 5696; baseline -0.003 -17"><span class='ocrx_word' id='word_1_933' title='bbox 1868 5622 2037 5696; x_wconf 71' lang='lat' dir='ltr'><strong>gitur,</strong></span> <span class='ocrx_word' id='word_1_934' title='bbox 2065 5626 2352 5694; x_wconf 84' lang='grc' dir='ltr'>μεγίστων,</span> <span class='ocrx_word' id='word_1_935' title='bbox 2383 5641 2614 5696; x_wconf 86' lang='lat' dir='ltr'><strong>quorum</strong></span> <span class='ocrx_word' id='word_1_936' title='bbox 2638 5622 3283 5696; x_wconf 20' lang='lat' dir='ltr'><strong>nominaduobus‘Ennii</strong></span> <span class='ocrx_word' id='word_1_937' title='bbox 3305 5638 3421 5675; x_wconf 87' lang='lat' dir='ltr'><strong>ver-</strong></span> 
     </span>
    </p>
   </div>
   <div class='ocr_carea' id='block_1_122' title="bbox 1867 5694 3441 5766">
    <p class='ocr_par' dir='ltr' id='par_1_122' title="bbox 1867 5694 3441 5766">
     <span class='ocr_line' id='line_1_123' title="bbox 1867 5694 3441 5766; baseline -0.005 -15"><span class='ocrx_word' id='word_1_938' title='bbox 1867 5694 2053 5751; x_wconf 66' lang='lat' dir='ltr'><strong>Siculis</strong></span> <span class='ocrx_word' id='word_1_939' title='bbox 2074 5697 2294 5764; x_wconf 91' lang='lat' dir='ltr'><strong>protrita</strong></span> <span class='ocrx_word' id='word_1_940' title='bbox 2316 5705 2461 5750; x_wconf 87' lang='lat' dir='ltr'><strong>sunt.</strong></span> <span class='ocrx_word' id='word_1_941' title='bbox 2482 5695 2745 5766; x_wconf 86' lang='lat' dir='ltr'><strong>lnterpres</strong></span> <span class='ocrx_word' id='word_1_942' title='bbox 2760 5694 3040 5749; x_wconf 82' lang='lat' dir='ltr'><strong>autLatini</strong></span> <span class='ocrx_word' id='word_1_943' title='bbox 3066 5694 3271 5748; x_wconf 82' lang='lat' dir='ltr'><strong>librarii</strong></span> <span class='ocrx_word' id='word_1_944' title='bbox 3286 5709 3441 5755; x_wconf 27' lang='lat' dir='ltr'><strong>nou-.</strong></span> 
     </span>
    </p>
   </div>
   <div class='ocr_carea' id='block_1_123' title="bbox 1869 5766 3420 5835">
    <p class='ocr_par' dir='ltr' id='par_1_123' title="bbox 1869 5766 3420 5835">
     <span class='ocr_line' id='line_1_124' title="bbox 1869 5766 3420 5835; baseline -0.005 -15"><span class='ocrx_word' id='word_1_945' title='bbox 1869 5767 2013 5820; x_wconf 83' lang='lat' dir='ltr'><strong>nulla</strong></span> <span class='ocrx_word' id='word_1_946' title='bbox 2031 5766 2349 5830; x_wconf 88' lang='lat' dir='ltr'><strong>omiserunt,</strong></span> <span class='ocrx_word' id='word_1_947' title='bbox 2377 5766 2830 5832; x_wconf 85' lang='lat' dir='ltr'><strong>quemadmodqu</strong></span> <span class='ocrx_word' id='word_1_948' title='bbox 2861 5782 2923 5818; x_wconf 89' lang='lat' dir='ltr'><strong>ea</strong></span> <span class='ocrx_word' id='word_1_949' title='bbox 2962 5781 3083 5835; x_wconf 73' lang='lat' dir='ltr'><strong>qua:</strong></span> <span class='ocrx_word' id='word_1_950' title='bbox 3117 5772 3420 5835; x_wconf 82' lang='lat' dir='ltr'><strong>sequuntur</strong></span> 
     </span>
    </p>
   </div>
   <div class='ocr_carea' id='block_1_124' title="bbox 1870 5833 3418 5908">
    <p class='ocr_par' dir='ltr' id='par_1_124' title="bbox 1870 5833 3418 5908">
     <span class='ocr_line' id='line_1_125' title="bbox 1870 5833 3418 5908; baseline -0.005 -17"><span class='ocrx_word' id='word_1_951' title='bbox 1870 5839 1936 5891; x_wconf 86' lang='lat' dir='ltr'><strong>de</strong></span> <span class='ocrx_word' id='word_1_952' title='bbox 1969 5835 2065 5891; x_wconf 87' lang='lat' dir='ltr'><strong>SS.</strong></span> <span class='ocrx_word' id='word_1_953' title='bbox 2081 5835 2607 5908; x_wconf 80' lang='lat' dir='ltr'><strong>CyriaeoetMaximo</strong></span> <span class='ocrx_word' id='word_1_954' title='bbox 2629 5853 2871 5892; x_wconf 87' lang='lat' dir='ltr'><strong>seorsum</strong></span> <span class='ocrx_word' id='word_1_955' title='bbox 2896 5837 2947 5889; x_wconf 91' lang='lat' dir='ltr'><strong>in</strong></span> <span class='ocrx_word' id='word_1_956' title='bbox 2966 5833 3178 5891; x_wconf 69' lang='lat' dir='ltr'><strong>carcere</strong></span> <span class='ocrx_word' id='word_1_957' title='bbox 3196 5833 3418 5889; x_wconf 80' lang='lat' dir='ltr'><strong>necatis.</strong></span> 
     </span>
    </p>
   </div>
  </div>
