3826 6502
467 348 569 405 563

1860 347 1915 400 S.
1984 344 2339 401 HIPPOLYTI

3573 349 3661 404 561

463 464 764 519 secundum
803 480 1008 519 morem
1038 464 1393 535 antiquitatis.
1439 463 1733 535 Respondit
1759 464 1991 521 Maximu

2096 466 2363 526 ,πλανᾶτε
2406 465 2529 527 τοὺς
2570 462 2917 536 ἀνθρώπους,
2963 465 3047 519 ίνα
3080 465 3155 537 μὴ
3185 464 3538 520 πιστεύσωσιν
3581 469 3664 523 αὑ-

464 557 745 626 presbyter
784 565 837 610 et
884 555 1052 609 dixit:
1085 554 1202 609 Non
1236 572 1335 612 nos
1381 557 1695 612 seducimus
1732 557 2021 623 homines;

463 649 555 702 sed
590 658 850 718 quantum
876 649 1047 717 gratia
1077 647 1167 701 Dei
1198 649 1363 703 donat
1396 664 1491 719 per
1528 650 1703 718 ipsum
1735 648 2023 705 Dominum

463 750 705 792 nostrum
724 738 908 793 Iesum
936 738 1209 794 Christum
1254 740 1547 795 liberamus
1587 742 1652 796 de
1700 757 1883 796 errore
1923 758 2025 797 saa-

464 830 606 894 culi;
655 841 707 884 et
758 832 1135 900 ntancipamus
1182 832 1393 885 nomini
1445 841 1636 887 sancto
1683 832 1824 902 ejus.
1870 832 2023 889 Tunc

460 918 724 976 Romulus
752 922 921 976 dixit:
971 924 1065 977 lsti
1117 924 1335 992 quidem
1386 923 1533 992 digni
1569 933 1697 978 sunt
1724 933 1931 990 morte;
1968 935 2022 981 et

452 1012 616 1077 jussit
664 1023 910 1068 sanctum
960 1013 1270 1080 Quiriacum
1300 1017 1636 1086 episcopum,
1676 1027 1729 1071 et
1770 1027 2017 1073 sanctum

454 1103 748 1159 Maximum
777 1106 1169 1177 presbyterum,
1197 1113 1251 1161 et
1275 1106 1598 1161 Archelaum
1618 1107 1933 1176 diaconum,
1962 1122 2017 1166 et

451 1210 641 1250 omnes
695 1196 894 1250 milites
958 1198 1024 1251 ad
1079 1214 1263 1251 arcum
1329 1207 1451 1252 ante
1521 1200 1788 1254 theatrum
1848 1204 2021 1271 capite

450 1284 603 1338 caedi.
641 1285 884 1349 Quorum
915 1302 1142 1355 corpora
1164 1288 1328 1357 jussit
1352 1289 1547 1357 jactari
1572 1290 1629 1343 in
1656 1305 1823 1345 mare.
1870 1291 2018 1357 Quos

446 1374 639 1428 beatus
670 1374 936 1431 Eusebius
971 1378 1215 1449 collegit;
1268 1388 1321 1434 et
1369 1380 1435 1433 ad
1473 1380 1621 1435 littus
1649 1383 1835 1448 maris,
1879 1393 1932 1438 et
1963 1383 2015 1436 in

445 1480 640 1534 campo
671 1468 955 1522 abscondit
979 1478 1032 1523 et
1066 1470 1307 1539 sepelivit
1339 1471 1491 1541 juxta
1526 1468 1719 1526 Urbem
1752 1472 1805 1527 in
1833 1482 2017 1543 crypta

444 1556 533 1608 via
575 1554 843 1613 Ostiense.
878 1558 1209 1626 Taurinum,
1246 1559 1610 1616 Herculanum
1652 1564 1813 1617 etiam
1851 1562 2015 1619 Portu

445 1646 693 1702 Romano
742 1649 1047 1705 abscondit.
1078 1650 1301 1705 Beatum
1345 1650 1689 1707 Theodorum
1740 1654 2015 1708 tribunum

442 1738 625 1805 posuit
654 1740 709 1793 in
742 1741 1020 1795 mausoleo
1055 1757 1189 1809 suo;
1232 1753 1285 1797 et
1315 1758 1505 1799 omnes
1535 1745 1671 1799 alios
1698 1746 1931 1815 collegit,
1964 1758 2017 1803 et

2125 557 2278 623 τούς;
2340 556 2633 627 Ἀπεκρίθη
2664 558 2694 608 ὁ
2741 557 3006 629 μακάριος
3044 557 3289 628 Μάξιμος
3325 559 3661 629 πρεσϐύτερος

2125 646 2374 704 καὶεῖπεν
2388 666 2402 679 ο
2444 650 2632 719 Ἡμεῖς
2653 649 2749 720 μὲν
2764 650 2864 701 οὐκ
2882 648 3191 702 ἀποπλανοῦ
3200 666 3298 719 μεν
3334 650 3462 712 τοὺς
3485 649 3663 720 ἀνθρώ

2123 759 2277 806 πους,
2312 740 2445 793 ἀλλὰ
2475 741 2670 811 μᾶλλον
2693 740 2783 793 διά
2811 741 2907 810 τῆς
2934 741 3153 811 χάριτος
3177 740 3270 792 τοῦ
3302 740 3507 812 Κυρίου
3528 741 3660 811 ἡμῶν

2135 834 2307 904 Ἰησοῦ
2334 832 2567 905 Χριστοῦ
2600 832 2936 904 λυτῳύμεθα
2965 834 3169 895 πάντας
3199 833 3307 886 ἀπὸ
3336 834 3434 903 τῆς
3480 833 3659 906 πλάνης

2120 925 2229 979 τῶν
2258 924 2506 979 εἰδώλων.
2542 924 2671 978 Τότε
2704 925 2976 995 ὀργισθεὶς
3006 924 3429 997 ὀ(παράνομος)
3475 924 3660 996 Ῥώμυο

2121 1018 2209 1081 λος
2230 1013 2413 1070 εἶπενο
2460 1010 2617 1071 Οὗτοι
2665 1016 2762 1087 μὲν
2802 1012 2894 1069 οὖν
2930 1016 3071 1082 ἄξιοι
3110 1017 3335 1070 θανάτου
3372 1018 3542 1072 εἰσίν·
3584 1018 3661 1071 καὶ

2121 1109 2369 1162 ἐκέλευσε
2405 1109 2495 1161 τὸν
2542 1108 2806 1178 μακάριον
2844 1108 3090 1160 διάκονον
3156 1108 3442 1179 Ἀρχέλαον
3485 1110 3661 1163 ἀπενε-

2120 1200 2311 1270 χθῆναι
2342 1202 2421 1262 είς
2437 1199 2535 1268 τὴν
2558 1198 2811 1269 καμάραν
2841 1198 3145 1270 ἔμπροσθεν
3177 1199 3269 1253 τοῦ
3296 1199 3523 1271 θεάτρου
3542 1240 3557 1265 ,
3580 1201 3663 1255 κά-

2120 1294 2266 1344 κεῖσε
2295 1290 2593 1361 κεφαλικὴν
2612 1291 2879 1361 τιμωρίαν
2899 1290 3194 1361 ὑποστῆναι
3213 1330 3227 1355 ,
3259 1292 3353 1343 καὶ
3386 1292 3658 1363 ἐτραχηλο-

2118 1379 2331 1450 κοπήθη
2365 1380 2424 1432 ὲν
2451 1378 2599 1449 αὐτῷ
2622 1378 2698 1449 τῷ
2728 1380 2898 1450 τόπῳ.
2925 1380 3028 1433 Τὸν
3054 1380 3111 1431 δὲ
3139 1382 3403 1451 μακάριον
3430 1381 3659 1452 Μάξιμον

2117 1470 2397 1524 ἐκέλευσεν
2432 1468 2691 1539 βληθῆναι
2720 1471 2775 1523 ὲν
2800 1469 2878 1539 τῷ
2904 1469 3425 1541 δεσμωτηρίῳ.Τότε
3445 1473 3477 1523 ὁ
3507 1473 3660 1541 μακά-

2120 1578 2230 1630 ριος
2251 1560 2507 1624 Εὐσέϐιος
2528 1563 2556 1614 ὀ
2578 1560 2940 1631 πρεσϐύτερος
2968 1561 3212 1627 συνέλεξε
3233 1562 3423 1626 νυκτὸς
3445 1564 3508 1615 τὸ
3524 1564 3659 1633 σῶμα

2114 1648 2205 1702 τοῦ
2242 1648 2508 1720 μακαρίου
2551 1647 2860 1719 Ἀρχελάου,
2884 1651 2979 1702 καὶ
3008 1649 3163 1702 τοῦτο
3183 1650 3489 1720 κατέθαψεν
3518 1655 3569 1704 ὲν
3594 1651 3658 1721 τῷ

2117 1741 2301 1811 πεδίῳ.
2330 1741 2449 1793 Ἔτι
2492 1740 2591 1811 μὲν
2621 1742 2713 1793 καὶ
2740 1741 2789 1793 οἱ
2838 1740 3191 1811 στρατιῶται,
3227 1744 3277 1795 οἱ
3314 1742 3403 1797 διὰ
3446 1743 3540 1795 τοῦ
3573 1761 3658 1813 μα-

440 1830 621 1897 posuit
664 1845 759 1884 eos
796 1831 953 1899 juxta
996 1847 1223 1901 corpora
1276 1842 1585 1887 sanctorum
1629 1814 1866 1902 Quiriaci
1898 1836 1982 1905 epi

2119 1831 2308 1903 καρίου
2340 1830 2590 1903 Μαξίμου
2616 1831 2998 1896 πιστεύσαντες
3020 1832 3096 1902 τῷ
3122 1833 3339 1904 Χριστῴ
3357 1874 3373 1898 ,
3400 1834 3483 1903 τῷ
3513 1836 3659 1905 ὁμοίῳ

440 1921 587 1990 scopi
620 1931 674 1975 et
700 1921 921 1978 Maximi
949 1925 1268 1995 presbyteri.

2118 1926 2331 1995 θανάτῳ
2355 1923 2764 1994 ἐτελειώθησαν.
2819 1923 3076 1988 Ἀκούσας
3112 1924 3169 1977 δὲ
3202 1926 3375 1981 ταῦτα
3405 1928 3431 1979 ὁ
3464 1927 3655 1998 (παρά-

436 2016 629 2087 νομος)
671 2014 941 2087 Ῥώμυλος
995 2017 1322 2087 προσέταξεν
1376 2020 1513 2072 ὥστε
1560 2020 1685 2082 τοὺς
1738 2020 1927 2087 ἁγίους
1992 2020 2292 2091 μάρτυρας,
2347 2018 2593 2089 Μάξιμον
2638 2017 2727 2071 τὸν
2759 2018 3126 2090 πρεσϐύτερον
3153 2022 3246 2072 καὶ
3283 2008 3555 2089 Κυριακξν
3582 2020 3658 2076 τὸν

434 2110 728 2163 ἐπίσκοπον
779 2114 837 2164 ὲν
868 2111 944 2182 τῷ
971 2111 1322 2184 δεσμωτηρίῳ
1356 2114 1453 2178 τὰς
1489 2115 1726 2185 κεφαλὰς
1765 2115 2174 2187 ἀποτμηθέντας
2230 2113 2364 2184 (56),
2427 2114 2496 2167 τὰ
2543 2112 2744 2166 τούτων
2764 2112 2989 2184 σώματα
3020 2116 3075 2168 ὲν
3123 2116 3190 2185 τῇ
3224 2114 3471 2188 θαλάσσῃ
3516 2115 3658 2184 ptui-,3

432 2222 539 2258 ναι.
585 2207 721 2275 Περὶ
763 2201 836 2260 ὧν
869 2209 897 2260 ὁ
950 2209 1214 2279 μακάριος
1264 2210 1521 2274 Εὐσέϐιος
1573 2214 1602 2264 ὁ
1646 2212 2010 2284 πρεσϐύτερος
2072 2209 2244 2265 ταῦτα
2298 2208 2545 2281 εὑρηκὼς
2590 2209 2863 2275 συνέλεξεν
2912 2210 3210 2281 ἐπιμελῶς,
3263 2212 3359 2265 καὶ
3415 2211 3542 2281 πρὸ·
3591 2212 3659 2283 τῷ

430 2301 659 2371 αίγιαλῷ
698 2302 797 2371 τῆς
865 2302 1137 2374 θαλάσσης
1192 2305 1250 2358 ἐν
1308 2305 1386 2375 τῷ
1407 2305 1574 2376 πεδίῳ
1600 2307 1824 2377 πλησίον
1865 2307 1965 2377 τῆς
2013 2305 2297 2377 ὐστησίας
2340 2302 2640 2373 κατέθαψεν
2695 2304 2899 2367 πόλεως
2946 2304 3080 2375 (⁸57).
3128 2306 3315 2359 ’Ἂτινα
3354 2307 3449 2359 καὶ
3495 2308 3657 2369 ⁸κατέ--

429 2392 550 2446 θετο
576 2392 801 2461 ἔγγιστα
825 2394 996 2463 αὐτῆς
1021 2396 1077 2448 έν
1110 2398 1173 2466 τῇ
1207 2402 1418 2469 κρυπτῇ
1445 2439 1460 2463 ,
1506 2402 1572 2471 τῇ
1604 2398 1709 2469 πρὸ
1743 2398 1804 2464 ἓξ
1838 2398 1990 2452 εἰδῶν
2026 2396 2375 2466 Λύγούστων,
2421 2398 2478 2450 ὲν
2510 2399 2576 2468 τῇ
2634 2396 2735 2467 ὁδῷ
2783 2398 2879 2467 τῆς
2937 2397 3238 2469 Ὀστησίας.
3309 2399 3352 2450 Τ
3354 2401 3576 2469 αυρῖνον
3607 2398 3658 2452 δὲ

428 2487 523 2540 καὶ¹
564 2487 938 2557 Ἐρκουλιανὸν
970 2491 1026 2542 ὲν
1050 2491 1126 2561 τῷ
1156 2492 1344 2563 Πὸρτῳ
1385 2492 1602 2563 Ῥώμης
1660 2494 2018 2565 κατέκρυψεν.
2057 2493 2211 2548 Μετὰ
2262 2493 2527 2563 τετάρτην
2555 2490 2839 2563 τοιγαροῦν
2903 2490 3108 2561 ἡμέραν
3146 2484 3301 2561 εὗρεν
3339 2492 3408 2543 τά
3444 2492 3656 2562 σώματα

423 2580 533 2632 τῶν
566 2580 766 2635 λοιπῶν
786 2582 955 2651 ἁγίων
992 2586 1049 2637 ὲν
1078 2585 1154 2655 τῷ
1211 2587 1441 2658 αἰγιαλῷ
1502 2588 1603 2659 τῆς
1628 2588 1901 2658 θαλάσσης
1928 2587 2174 2658 κείμενα,
2208 2586 2417 2640 καὶτὸν
2456 2585 2721 2657 μακάριον
2768 2584 3037 2655 Θεόδωρον
3085 2584 3173 2637 τὸν
3218 2584 3502 2656 τριϐοῦνον
3543 2600 3657 2637 κατ-

426 2674 579 2729 ἔθετο
631 2678 689 2729 ὲν
720 2676 797 2748 τῷ
830 2679 1037 2750 τρούλῳ
1061 2680 1170 2753 (38)
1196 2700 1208 2711 ·
1249 2683 1396 2753 Ἀμα
1420 2684 1477 2736 δε
1515 2685 1640 2747 τοὺς
1689 2684 1906 2747 λοιποὺς
1927 2682 2132 2745 πάντας
2165 2680 2461 2747 συνέλεξεν,
2486 2680 2581 2733 καὶ
2626 2678 2797 2733 ταῦτα
2828 2677 3052 2749 πλησίον
3099 2678 3206 2734 τῶν
3260 2679 3432 2747 ἁγίων
3490 2678 3658 2748 σωμά-

424 2785 538 2823 των
584 2771 681 2824 καὶ
739 2774 1142 2845 συμμαρτύρων
1173 2777 1449 2847 Κυριακοῦ
1502 2795 1561 2831 τε
1608 2779 1702 2832 καὶ
1743 2778 1993 2849 Μαξίμου
2032 2776 2306 2832 κατέθετο.

495 2860 581 2918 lll.
623 2862 753 2919 Post
776 2865 891 2921 dies
921 2870 1159 2938 quinque
1179 2871 1341 2939 jussit
1367 2872 1469 2925 sibi
1495 2870 1755 2927 Romulus
1781 2874 1991 2927 beatam

2166 2871 2225 2922 Γ.
2254 2868 2407 2923 Μετά
2421 2864 2513 2923 οῦν
2531 2869 2636 2940 ήμέ
2646 2886 2741 2940 ρας
2758 2869 2916 2922 πέντε
2942 2867 3220 2921 ἐκέλευσεν
3236 2870 3261 2921 ὁ
3289 2866 3537 2935 (δυσσεϐέ
3546 2883 3629 2918 πα
3648 2899 3655 2907 -

422 2954 626 3011 Auram
661 2958 1063 3025 reprazsentari:
1115 2976 1236 3030 quae
1258 2977 1382 3017 cum
1412 2962 1655 3020 aﬂuisset
1682 2964 1991 3034 aspectibus

2096 2959 2217 3029 τος)
2262 2957 2532 3028 Ῥώμυλος
2556 2959 2891 3029 παραστῆναι
2922 2958 3067 3029 αὑτῷ
3087 2958 3184 3028 τὴν
3213 2959 3491 3028 μακαρίαν
3522 2960 3656 3029 Χρυ-

427 3040 671 3109 Romuli,
707 3044 949 3112 gaudens
979 3047 1114 3101 dixit
1138 3049 1206 3103 ad
1232 3065 1357 3103 eum
1391 3069 1403 3103 :
1439 3050 1621 3117 Miser,
1656 3052 1784 3120 quid
1808 3051 1988 3120 perdi-

2096 3052 2215 3121 σῆν.
2256 3051 2319 3104 Ἡ
2347 3051 2476 3119 ἁγία
2505 3051 2580 3114 ὡς
2597 3052 2841 3122 παρέστη
2951 3051 3195 3120 ἡγεμόνι,
3222 3052 3489 3121 χαίρουσα
3517 3045 3654 3103 εἶπεν

422 3136 548 3188 disti
571 3135 687 3189 dies
720 3137 880 3192 tuos?
903 3153 1171 3208 cognosce
1208 3151 1505 3196 creatorem
1531 3152 1683 3197 tuum
1709 3142 1985 3198 Christum

2096 3142 2252 3214 αὐτῷ·
2300 3142 2499 3209 Ἀθλιε,
2534 3143 2672 3196 ίνατί
2700 3141 2947 3205 ἀπόλλεις
2967 3147 2983 3163 ⁶
3013 3141 3111 3206 τὰς
3142 3142 3353 3212 ἡμέρας
3388 3158 3520 3204 σου;
3543 3142 3652 3195 ἐπί-

422 3227 617 3282 Filium
646 3227 760 3297 Dei,
796 3238 850 3285 et
883 3231 992 3285 noli
1028 3232 1253 3287 adorare
1286 3233 1491 3303 lapides
1535 3236 1620 3290 vel
1669 3251 1741 3291 aes
1766 3244 1861 3290 aut
1889 3252 1987 3291 au-

421 3334 543 3373 rum
598 3321 680 3375 vel
723 3332 1046 3391 argentum;
1098 3325 1193 3379 sed
1240 3326 1407 3381 adora
1464 3326 1753 3382 Dominum
1799 3326 1985 3384 Jesum

421 3412 697 3465 Christum
732 3413 1090 3481 cruciﬁxum;
1141 3416 1235 3485 qui
1274 3420 1572 3474 resurrexit
1599 3420 1756 3474 tertia
1798 3417 1903 3486 die,
1934 3428 1988 3475 et

421 3504 667 3557 ascendit
700 3504 755 3557 in
778 3506 976 3572 cmlos;
1002 3505 1126 3561 inde
1160 3517 1420 3565 venturus
1458 3522 1540 3565 est.
1565 3510 1814 3579 judicare
1834 3511 1988 3566 vivos

419 3603 470 3649 et
501 3604 745 3651 mortuos
778 3608 832 3651 et
878 3599 1134 3653 saeculum
1176 3615 1272 3669 per
1329 3601 1526 3670 ignem.
1563 3603 1662 3657 Cui
1709 3603 1989 3673 respondit

420 3683 719 3742 Romulus:
744 3686 903 3743 Modo
926 3690 1135 3746 videbis
1154 3691 1429 3746 Christum
1456 3701 1629 3758 tuum,
1670 3708 1829 3763 quem
1862 3709 1983 3749 ere-

418 3777 526 3843 dis,
575 3779 621 3834 si
667 3796 771 3835 non
812 3781 1206 3837 sacriﬁcaveris
1258 3783 1381 3838 diis.
1412 3782 1578 3837 Beata
1621 3784 1769 3839 Aura
1803 3786 1980 3840 dixit:

418 3869 565 3927 Bene
589 3872 795 3940 dixisti,
829 3875 1015 3940 miser,
1064 3884 1117 3930 et
1146 3876 1437 3945 aliquando
1483 3877 1754 3946 protulisti
1787 3877 1984 3932 verita-

414 4032 506 4084 per
531 4032 821 4086 prmeonem
870 4027 1081 4071 sanctos
1112 4016 1232 4069 duci
1251 4016 1435 4083 jussit,
1462 4017 1723 4085 prteconis
1751 4030 1879 4071 voce
1902 4017 1986 4070 in-

417 4088 685 4140 clamante
716 4088 907 4141 ductos
934 4102 1055 4141 esse
1104 4086 1485 4156 intelligimus;
1527 4087 1671 4156 quod
1727 4087 1783 4140 in
1834 4087 1984 4142 Actis

418 4157 899 4225 proconsularibus
927 4156 1268 4211 desideratur
1296 4172 1383 4225 ap.
1430 4156 1677 4210 Ruinart.
1699 4198 1715 4221 ,
1746 4172 1799 4225 p.
1835 4156 1902 4211 78
1933 4166 1987 4212 et

417 4224 485 4281 80
509 4227 594 4280 ed.
628 4227 752 4280 Par.
808 4226 1118 4281 Studiosius
1164 4234 1308 4280 certe
1332 4224 1643 4281 Christiani
1690 4224 1984 4295 praesentes

417 4305 747 4365 exceperunt
794 4305 1091 4366 martyrum
1170 4296 1346 4359 Acta,
1408 4310 1571 4365 quam
1630 4306 1985 4365 exceptores;

418 4381 593 4433 eaque
645 4367 1045 4421 animadversio
1092 4374 1274 4420 tuetur
1323 4366 1455 4420 Acta
1507 4367 1988 4433 proconsularibus

419 4435 645 4490 lusiora.
675 4435 732 4489 ln
759 4436 987 4507 epist0_|a
1015 4436 1083 4491 de
1113 4437 1372 4505 martyrio
1397 4434 1453 4490 S.
1490 4434 1770 4507 Polycarpi
1802 4438 1989 4491 sedulo

2087 3237 2255 3307 γνωΟι
2285 3237 2466 3307 λοιπὸν
2494 3236 2584 3289 τὸν
2616 3236 2942 3307 δημιουργόν
2973 3252 3066 3288 σου
3088 3236 3318 3307 Χριστὸν
3348 3237 3441 3289 τὸν
3461 3236 3653 3306 Κύριον

2088 3327 2221 3381 Θεὸν
2250 3322 2410 3393 εἶναι,
2453 3328 2547 3379 καὶ
2580 3326 2654 3395 μὴ
2702 3328 3080 3398 προσκυνήσῃς
3132 3325 3313 3389 λίθους
3336 3326 3370 3395 ἢ
3398 3326 3653 3395 χαλκουρ-

2086 3419 2329 3489 γήματα,
2362 3419 2470 3471 εἴτε
2501 3418 2677 3488 χρυσᾶ
2703 3416 2811 3469 εἴτε
2840 3417 3074 3489 ἀργυρᾶ.
3106 3416 3240 3470 ἀλλὰ
3285 3416 3653 3486 προσκύνησον

2092 3510 2181 3563 τὸν
2207 3508 2406 3579 Κύριόν
2439 3526 2538 3579 μου
2579 3508 2783 3579 Ἰησοῦν
2835 3509 3066 3580 Χριστὸν
3111 3508 3202 3561 τὸν
3244 3508 3653 3579 ἐσταυρωμένον

2093 3604 2184 3656 ἐπὶ
2213 3603 2434 3655 Ποντίου
2468 3600 2724 3665 Πιλάτου,
2754 3600 2813 3663 ὃς
2854 3600 3051 3671 ἀνέστη
3095 3600 3160 3653 ὲκ
3209 3599 3320 3654 τῶν
3349 3602 3564 3671 νεκρῶν
3592 3602 3652 3671 τῇ

2089 3694 2370 3765 τριημέρῳ
2413 3695 2557 3763 ταφῇ
2596 3691 2782 3757 αὑτοῦ,
2818 3691 3045 3761 ἀνῆλθεν
3077 3694 3156 3755 είς
3201 3692 3328 3756 τοὺς
3375 3694 3650 3763 οὐρανοὺς,

2087 3786 2209 3839 ὃθεν
2238 3786 2396 3839 πάλιν
2423 3783 2542 3854 ἥξει
2570 3787 2751 3856 κρῖναι
2782 3783 2988 3848 ζῶντας
3026 3784 3121 3837 καὶ
3150 3785 3397 3853 νεκροὺς,
3446 3787 3545 3838 καὶ
3570 3783 3655 3838 τὸν

2089 3877 2261 3931 αίῶνα
2291 3877 2476 3931 τοῦτον
2503 3877 2590 3931 διὰ
2623 3875 2793 3947 πυρός
2842 3874 2977 3945 (59).
3011 3868 3193 3946 ’ᾞτινι
3231 3876 3558 3947 ἀποκριθεὶς
3597 3876 3652 3945 (ὁ

2092 4017 2417 4082 libertatem,
2472 4015 2764 4071 ostendunt
2802 4013 3057 4068 Romanae
3084 4020 3376 4083 martyres
3421 4012 3650 4067 nobilis-

2092 4087 2264 4151 simze,
2293 4102 2429 4155 quas
2456 4086 2595 4155 inter
2617 4085 2842 4155 celebris
2866 4094 2948 4139 est
2970 4084 3034 4155 _S.
3063 4082 3372 4155 Anastasis,
3410 4086 3531 4155 ipsp
3556 4099 3647 4136 na-

2092 4158 2185 4209 tali
2214 4151 2391 4211 die-D.
2425 4154 2490 4208 N.
2531 4154 2581 4208 J.
2614 4155 2677 4209 C.
2705 4155 2759 4207 in
2788 4153 2944 4208 Mart.
2970 4151 3129 4207 Rom.
3166 4151 3446 4207 adnotata.
3480 4152 3649 4221 Hujus

2088 4227 2222 4280 Acta
2253 4227 2494 4296 martyrii
2518 4241 2583 4279 ex
2614 4224 2925 4296 membrana
2961 4239 3015 4277 ix
3062 4224 3265 4288 sseculi,
3297 4224 3498 4277 uneiali
3523 4226 3649 4276 cha-

2090 4306 2294 4350 ractere
2329 4294 2550 4349 exarata
2600 4294 3007 4363 descripsimus,
3064 4309 3171 4364 qua
3231 4303 3387 4363 parte
3438 4302 3649 4349 servata

2088 4375 2217 4421 sunt
2241 4383 2256 4431 ;
2285 4381 2409 4419 nam
2438 4367 2693 4434 pleraque
2721 4365 3054 4419 exciderunt.

2162 4435 2371 4489 Probus
2404 4432 2546 4489 dixit
2597 4432 2687 4488 :et
2735 4435 2936 4487 animos
2983 4448 3160 4486 eorum
3204 4434 3274 4484 ad
3311 4432 3650 4501 sacrilegium

415 4514 501 4559 est
522 4483 839 4560 adnotatum
865 4524 879 4560 :
914 4504 1058 4559 Tunc
1084 4522 1204 4559 uoce
1226 4483 1480 4575 pi'wconis
1511 4506 1567 4559 in
1590 4483 1769 4559 Jarenra
1818 4509 1988 4560 media
2021 4483 2061 4537 Ῑ)
2089 4507 2180 4575 qui
2235 4507 2585 4573 obtemperare
2644 4504 2990 4575 deciperent
3042 4502 3315 4575 regalibus,
3362 4483 3647 4555 institistis.

418 4585 499 4628 ter
525 4576 813 4629 clamatum
834 4586 947 4639 est;
977 4576 1032 4630 in
1063 4576 1290 4630 Graeco:
1326 4576 1546 4645 Πέμψαι
1581 4594 1640 4629 τε
1677 4576 1767 4629 τὸν
1794 4577 1985 4630 ἑαυτοῦ

418 4594 499 4628 ter
525 4594 813 4629 ctamatum
834 4594 947 4639 est;
977 4594 1032 4630 tn
1063 4594 1290 4630 ωτιιοοι
1327 4594 1400 4627 u5
1447 4594 1546 4645 ψαι
1581 4594 1640 4629 τε
1677 4594 1707 4629 τ

415 4646 890 4727 κὴρ-υκαξνῄιμέσιρ
915 4645 991 4715 τῷ
1024 4645 1220 4727 σταδίῳ
1246 4594 1476 4727 κηρύέάι
1507 4647 1707 4727 τρίτον.

527 4664 631 4699 υκα
652 4662 709 4699 εν
742 4662 889 4727 μεσῳ
915 4663 991 4715 τῳ
1024 4662 1220 4716 σταοιῳ
1246 4662 1476 4717 κηρυςαι
1507 4662 1707 4727 τριτον.
1871 4716 1881 4727 ⁸

486 4662 598 4784 ῗῦϐ)
634 4716 1071 4771 Οδιὶθηειὺυενθι
1107 4720 1331 4785 paganis
1362 4718 1772 4785 acceptissimus
1806 4715 1977 4771 fuisse

412 4797 625 4857 oportet
650 4785 945 4857 Cyriaciim
962 4796 1015 4839 et
1032 4784 1351 4845 Maximum,
1386 4784 1525 4854 quos
1566 4787 1687 4840 ideo
1716 4784 1983 4857 Romulus

410 4854 465 4907 iu
492 4854 709 4910 carcere
736 4857 917 4911 necari
930 4856 1112 4924 jussit,
1132 4872 1199 4909 ne
1219 4870 1324 4925 qua
1344 4857 1577 4910 oriretur
1596 4857 1806 4911 seditio.
1838 4856 1981 4909 Mar-

413 4936 424 4997 t
436 4941 557 4994 yres
579 4925 798 4997 quidem
828 4926 1190 4982 sanctissimis
1213 4926 1478 4991 moribus,
1504 4927 1782 4997 optimede
1805 4926 1980 4981 omni-

412 4996 512 5048 bus
542 4995 808 5051 mcruisse
837 5004 1045 5051 certum
1076 5005 1179 5050 est.

480 5064 593 5131 (37)
626 5063 831 5119 Horum
877 5082 1105 5134 corpora
1138 5081 1261 5120 cum
1293 5065 1412 5120 aliis
1463 5063 1587 5119 MM.
1646 5061 1976 5120 Ostiensium

406 5131 617 5188 Parma:
654 5138 922 5190 asservari
959 5131 1111 5191 aiunt
1148 5136 1491 5191 Bollandiani
1538 5135 1604 5189 ad
1655 5135 1799 5189 diem
1841 5151 1975 5190 χχιιι

406 5204 665 5275 Augusti,
691 5214 730 5258 ι.
770 5205 854 5269 IV,
882 5222 935 5275 p.
969 5204 1090 5261 566.
1647 5273 1665 5275 ῃ
1893 5256 1897 5261 .

479 5274 591 5345 ('58)
628 5273 796 5345 Unico
816 5276 846 5328 λ
878 5273 940 5330 ea
970 5291 1073 5329 vox
1104 5276 1336 5345 primum
1371 5276 1610 5331 occurrit
1633 5273 1820 5345 Grieco
1861 5290 1975 5329 ser-

408 5343 588 5415 mone,
619 5354 673 5397 at
720 5343 907 5399 Latina
957 5343 1187 5415 origine,
1243 5345 1509 5415 siquidem
1546 5362 1576 5400 a
1626 5355 1745 5398 trua
1796 5344 1971 5415 liatini

408 5414 621 5466 trullam
658 5415 907 5478 fecerint,
945 5426 1006 5470 ut
1051 5413 1232 5469 ‘Varro
1270 5413 1401 5485 ait;
1427 5418 1541 5471 sive
1590 5416 1769 5485 potius
1804 5413 1971 5469 Graeci

407 5499 569 5537 suum
597 5484 846 5556 τρυϐλίον
876 5487 947 5539 ita
974 5486 1331 5556 itnnuttariut.
1365 5484 1463 5539 llic
1491 5484 1599 5556 pro
1617 5493 1968 5556 monumento

406 5554 783 5625 rorrcanierato
804 5558 1066 5625 accipitur
1089 5554 1358 5609 Theodori
1388 5555 1611 5616 tribuni,
1636 5555 1725 5622 qui
1756 5554 1968 5625 cohorti

406 5623 636 5679 militum
659 5624 824 5679 Ostire
850 5623 1094 5695 praeerat,
1122 5625 1334 5695 sibique
1356 5631 1638 5693 paraverat
1658 5623 1965 5693 sepulcrum

406 5709 672 5767 pastillus,
702 5697 846 5764 quod
883 5707 1087 5767 martyr
1116 5697 1368 5750 sacravit.

2089 4572 2377 4628 Anastasii:
2406 4572 2711 4641 respondit:
2743 4573 2853 4642 Ego
2903 4572 3171 4626 doloribus
3216 4573 3446 4639 fatiqata
3489 4574 3650 4625 etiam

2086 4645 2236 4713 pedes
2266 4644 2563 4708 osculabar,
2596 4661 2658 4697 ne
2695 4643 2981 4713 aliquando
3031 4643 3265 4713 cederent
3299 4643 3480 4695 dolore
3512 4657 3650 4713 com:

2083 4708 2241 4783 pulsi.
2277 4713 2418 4767 Nam
2438 4725 2486 4767 et
2512 4708 2963 4783 quousque-habui
2997 4712 3217 4783 multum
3243 4728 3506 4765 summam
3530 4710 3650 4763 auri

2084 4780 2138 4836 in
2164 4801 2341 4836 eorum
2373 4780 2767 4838 necessitatibus
2808 4783 3046 4851 expendi.
3090 4780 3245 4834 Nunc
3273 4799 3390 4836 vero
3420 4783 3647 4850 erogatis

2083 4854 2320 4907 omnibus
2360 4855 2588 4906 animum
2617 4867 2785 4906 nicum
2806 4855 2872 4903 ad
2894 4853 3188 4920 passionem
3213 4854 3416 4921 aptavi;
3436 4853 3649 4921 justum

2073 4924 2325 4992 judicans
2355 4932 2413 4976 ut
2434 4940 2518 4976 eos
2553 4925 2643 4991 qui
2673 4940 2751 4976 me
2773 4922 3222 4992 iderelinqueruut
3254 4924 3271 4987 (
3288 4923 3404 4990 sic)
3438 4921 3650 4990 aliqua—

2081 5004 2230 5046 tenus
2260 4995 2711 5061 comprehendam.
2765 4991 2964 5046 Probus
3007 4992 3189 5043 dixit:
3245 4992 3505 5055 Quoniam
3558 5008 3648 5043 sa-

2078 5064 2327 5133 crilegam
2360 5073 2407 5115 te
2431 5063 2506 5115 dii
2534 5065 2733 5115 diutius
2761 5062 2921 5114 celari
2961 5077 3063 5133 non
3089 5062 3411 5133 passisunt,
3441 5061 3647 5133 ipsi]?-

2077 5130 2259 5187 cerunt
2288 5142 2344 5185 ut
2382 5143 2470 5186 tuo
2504 5142 2551 5186 te
2575 5150 2661 5186 ore
2694 5134 2972 5199 detegeres.
3004 5131 3292 5183 Anastasia
3322 5132 3493 5183 dixit:
3533 5130 3648 5198 Ego

2076 5204 2131 5256 in
2166 5204 2275 5257 zelo
2308 5204 2531 5257 incitata
2562 5220 2679 5257 sum
2702 5218 2881 5255 eorum
2929 5203 2983 5254 in
3005 5202 3191 5270 quibus
3232 5218 3403 5253 sermo
3430 5199 3647 5253 Domini

2074 5276 2175 5327 mei
2218 5273 2345 5327 Jesu
2399 5273 2599 5328 Christi
2653 5272 2936 5340 completus
2982 5282 3059 5324 est
3109 5272 3270 5340 quod;
3307 5273 3426 5323 ait:
3469 5270 3649 5321 Erunt

2072 5345 2235 5413 primi
2264 5343 2543 5397 novissimi
2588 5352 2642 5397 et
2669 5338 2949 5413 novissimi
3006 5341 3185 5413 primi.
3220 5338 3363 5413 Nam
3398 5341 3644 5413 quicum:

2074 5406 2171 5482 que
2202 5414 2327 5465 mihi
2364 5414 2675 5481 posteriores
2699 5412 2909 5481 {uerunt
2942 5406 3156 5479 in'ﬁde,
3186 5406 3482 5482 prioresine
3502 5406 3645 5482 [acti

2072 5479 2141 5535 ad
2196 5479 2426 5554 palmam
2469 5479 2715 5552 martyrii
2764 5482 3146 5551 adtingentes..
3176 5520 3189 5534 .
3249 5479 3644 5554 Probusdiait:

2070 5554 2123 5605 in
2147 5591 2160 5604 .
2274 5553 2509 5617 muliere,
2540 5567 2587 5606 et
2613 5549 2874 5621 quantum
2909 5549 3126 5619 apparet
3174 5550 3359 5621 nobili,
3395 5549 3519 5601 mihi
3555 5563 3648 5600 su-

2066 5624 2260 5676 stinere
2298 5623 2487 5675 videris
2511 5662 2525 5674 .
2546 5662 2558 5674 .
2578 5662 2591 5675 .
2636 5618 2922 5676 Anastasia
2946 5618 3093 5673 dixit
3121 5635 3133 5646 '
3180 5618 3239 5673 Si
3288 5621 3353 5673 de
3380 5627 3527 5688 putre
3548 5658 3562 5669 .
3586 5655 3601 5688 .
3624 5654 3638 5667 .

2066 5691 2347 5761 gloriarer,
2381 5708 2481 5745 non
2514 5693 2765 5745 dixissem
2794 5706 2811 5744 :
2842 5692 3039 5745 Christi
3060 5687 3409 5761 ancilla‘sum’,
3442 5688 3531 5761 sed
3562 5687 3646 5739 di-

479 5757 589 5837 (59)
623 5757 961 5835 Singularem
1021 5757 1309 5838 quamdam
1343 5764 1679 5837 παρρησίαν,
1713 5764 1962 5835 loquendi
2063 5757 2602 5839 sissent,Prwtextati
2642 5778 2754 5815 sum
2786 5761 2919 5836 ﬁlia.
2971 5760 3199 5814 Audiens
3240 5758 3443 5816 Probus
3498 5757 3643 5811 hanc
