3826 6476
202 342 310 400 565
1532 330 1714 389 ACTA
1752 326 2021 386 GRAECA.
3322 319 3424 375 566

199 461 512 533 ὠμότατος)
551 457 824 530 Ῥώμυλος
854 456 989 529 ἔφη’
1034 455 1255 529 Ἀρτίως
1275 454 1500 525 δψειτδν
1515 453 1747 525 Χριστόν

1862 462 1968 508 tem
2004 465 2072 508 ex
2098 464 2195 507 ore
2241 457 2338 505 tuo
2358 447 2544 504 dicens
2591 445 2745 511 mihi,
2792 444 2839 499 si
2895 458 3004 498 non
3052 440 3426 498 sacriﬁcavero

201 568 318 614 σου,
373 549 467 604 ἐὰν
504 550 577 621 μὴ
631 549 797 619 θύσῃς
824 551 935 610 τοῖς
966 546 1247 607 ἀθανάτοις
1298 545 1457 608 Θεοῖς.
1529 546 1594 598 Ἠ
1640 544 1754 613 ἁγία

1869 543 2172 609 daemoniis,
2194 541 2381 597 videro
2412 538 2709 594 Christum.
2735 537 3108 607 lratusitaque
3138 534 3423 601 Romulus,

198 642 389 713 Χρυσῆ
418 640 567 694 εἶπεν
589 640 766 711 αὐτῷ·
794 638 989 702 Καλῶς
1018 639 1243 709 εἴρηκας
1290 638 1377 699 σὺ,
1412 633 1630 701 ὲλεεινὲ,
1665 634 1754 689 xei

1869 634 1994 705 quia
2026 634 2080 688 in
2102 633 2260 688 dictis
2279 632 2395 688 suis
2424 630 2597 685 fuerat
2620 630 2817 694 victus,
2837 628 3000 699 jussit
3025 638 3085 682 ut
3108 626 3283 697 lapide
3311 643 3427 681 ma-

193 734 427 803 όψέποτε
459 736 771 805 προήγαγες
800 731 898 802 τὴν
944 729 1197 801 ἀλήθειαν
1231 731 1295 783 ὲκ
1336 728 1429 781 τοῦ
1483 728 1754 797 στόματος,

1868 726 2010 781 ιὶιιεε
2041 726 2158 795 ejus
2196 724 2531 779 caederentur
2559 719 2863 776 diutissime
2891 738 2904 773 :
2948 720 3216 774 clamabat
3243 728 3422 774 autem

192 825 391 894 λέγων,
424 826 500 887 ώς
530 825 623 878 ἐὰν
659 825 731 896 μὴ
778 823 1017 877 θυσιάσω
1066 825 1177 885 τοῖς
1204 820 1513 891 δαιμονίοις,
1567 820 1754 891 ὂψομαι

1866 818 2023 873 beata
2056 815 2202 870 Aura
2234 814 2451 869 dicens:
2483 811 2665 868 Gloria
2684 810 2801 876 tibi,
2838 809 3065 864 Domine
3092 807 3220 863 Jesu
3268 809 3427 864 Chri-

191 915 287 971 τὸν
314 917 550 988 Χριστόν
584 933 703 987 μου.
735 916 872 969 Τότε
902 914 1173 986 θυμωθεὶς
1214 916 1242 967 ό
1275 910 1754 982 (δυσσεϐέστατος)

1866 914 1968 968 ste,
1999 904 2126 973 quia
2147 902 2322 957 merui
2352 902 2492 955 inter
2516 914 2701 955 servos
2730 909 2850 953 tuos
2888 900 3278 968 cognominati.
3316 898 3427 955 Ro-

201 1010 499 1081 Ῥώμυλος,
532 1009 667 1062 διότι
695 1008 877 1061 λοιπὸν
908 1009 965 1060 ὲν
1002 1010 1123 1069 ταῖς
1166 1004 1371 1070 λέξεσιν
1399 1003 1570 1074 αὐτῆς
1600 1006 1765 1075 ἡττη-

192 1103 356 1171 μένος
390 1100 654 1170 ἐγεγόνει,
691 1098 972 1153 ἐκέλευσεν
1004 1097 1139 1169 μετὰ
1168 1096 1330 1150 λίθων
1362 1094 1460 1159 τὰς
1496 1094 1765 1162 σιαγῶνας

187 1191 365 1261 αὐτῆς
417 1188 828 1259 πνθλασθῆναι.
868 1188 931 1241 Ἠ
957 1188 1013 1240 δὲ
1056 1187 1187 1254 ἁγία
1216 1185 1406 1256 Χρυσῆ
1457 1185 1584 1237 ὲὸόα
1613 1187 1761 1255 φωνῇ

191 1280 408 1353 μεγάλῃ
462 1279 721 1347 λέγουσα·
757 1278 893 1344 Δόξα
924 1294 1024 1342 σοι,
1057 1276 1228 1347 Κύριέ
1284 1294 1383 1347 μου
1427 1276 1599 1348 Ἰησοῦ
1632 1278 1762 1347 Χρι-

189 1372 304 1435 στὲ,
334 1373 417 1424 ὅτι
449 1370 606 1435 ἀξίαν
630 1387 695 1441 με
726 1369 985 1439 ἐποίησας
1015 1366 1154 1438 μετὰ
1179 1368 1287 1420 τῶν
1306 1367 1503 1420 δούλων
1551 1369 1643 1421 καὶ
1672 1367 1761 1421 θε-

190 1462 468 1535 ραπαινῶν
524 1480 616 1516 σου
674 1460 1180 1533 συναριθμιθῆναι⁶.
1212 1461 1304 1530 ('0
1359 1458 1761 1527 ἁσεὸέστατος)

198 1555 481 1626 Ῥώμυλος
512 1554 658 1622 λέγει
686 1553 821 1623 αὑτῇ
839 1570 852 1583 ·
898 1552 1097 1606 Λοιπὸν
1119 1552 1413 1623 προνόησαι
1446 1552 1542 1622 τὴν
1583 1567 1763 1619 γενεα-

186 1646 375 1714 λογίαν
408 1662 522 1709 σου,
554 1645 646 1697 καί
662 1643 1081 1714 προσκυνήσασα
1095 1646 1205 1705 τοῖς
1231 1641 1369 1705 θεοῖς
1392 1644 1425 1711 ὴ
1434 1641 1569 1712 μῶν,
1593 1640 1759 1694 θῦσον

185 1736 394 1799 αὐτοῖς,
425 1736 519 1788 καὶ
572 1734 703 1787 λάὁε
738 1750 830 1786 σου
868 1732 1040 1804 ἄνδρα
1088 1733 1229 1786 κατὰ
1263 1733 1361 1804 τὴν
1418 1734 1607 1801 γενεάν
1641 1750 1755 1786 σου.

184 1829 329 1899 Πρὸς
347 1829 409 1881 δν
444 1826 968 1898 πεπαρῥησιασμένη
1014 1827 1047 1895 ή
1070 1826 1198 1894 ἁγία
1230 1824 1494 1896 παρθένος
1524 1824 1757 1895 ἁναὸοή-
1790 1804 1833 1858 Β

186 1940 326 1976 σασα
382 1922 610 1993 λαμπρᾷ
650 1923 717 1991 τῇ
748 1922 894 1990 φωνῇ
926 1914 1095 1971 εἶπενο
1140 1916 1279 1986 Ἐγὼ
1306 1917 1404 1987 ἤδη
1435 1916 1600 1987 ἄνδρα
1651 1915 1758 1985 ἔχω

182 2016 277 2070 τὸν
338 2014 666 2086 δημιουργὸν
710 2011 804 2067 τοῦ
854 2009 1083 2083 οὐρανοῦ
1131 2012 1225 2065 καὶ
1273 2010 1371 2080 τῆς
1415 2009 1517 2078 γῆς
1553 2008 1757 2078 Ἰησοῦν

185 2106 425 2179 Χριστὸν
476 2106 569 2159 τὸν
619 2104 747 2159 Υίὸν
774 2103 866 2157 τοῦ
912 2102 1047 2156 Θεοῦ
1099 2101 1193 2159 τοῦ
1243 2100 1461 2165 ζῶντος,
1499 2101 1668 2169 ὅνπερ
1692 2098 1757 2151 σὺ

182 2204 401 2271 ἀγνοεῖς
430 2199 648 2266 είδέναι,
678 2197 812 2252 ἀλλὰ
869 2196 1065 2267 μᾶλλον
1087 2195 1214 2257 τοὺς
1259 2192 1513 2262 δαίμονας
1540 2190 1761 2243 ἐπίστα-

182 2312 297 2360 σαι,
328 2294 529 2355 οἵτινες
556 2291 655 2362 τὴν
700 2289 927 2360 καρδίαν
976 2306 1067 2342 σου
1102 2287 1271 2358 θυμὸν
1298 2283 1544 2353 λυσσώδη
1598 2281 1763 2353 ἐπλή-

1865 995 2050 1050 mulus
2064 994 2227 1049 dixit:
2258 992 2379 1047 Jam
2405 993 2628 1047 consule
2650 992 2998 1063 generositati
3029 1002 3153 1059 tute,
3179 1002 3232 1047 et
3258 993 3426 1047 adora

1865 1090 2019 1153 deos,
2044 1097 2098 1143 et
2130 1087 2396 1153 sacriﬁca,
2420 1095 2473 1140 et
2502 1086 2686 1156 accipe
2729 1086 2906 1139 virum
2938 1088 3235 1141 secundum
3271 1096 3424 1141 nata-

1864 1181 1943 1236 les
1964 1190 2109 1235 tuos.
2136 1179 2235 1235 Cui
2262 1179 2581 1234 ﬁducialiter
2600 1179 2757 1232 beata
2772 1177 2916 1231 Aura
2945 1193 3075 1232 voce
3094 1179 3237 1232 clara
3254 1179 3423 1234 dixit:

1864 1272 1977 1343 Ego
2004 1272 2183 1327 virum
2241 1272 2415 1327 habeo
2473 1270 2757 1326 Dominum
2788 1270 2909 1323 coeli
2951 1279 3005 1323 et
3041 1280 3195 1323 terra:
3238 1268 3421 1323 Jesum

1863 1364 2163 1427 Christum,
2188 1378 2349 1433 quem
2388 1372 2444 1416 tu
2473 1362 2639 1417 miser
2678 1363 2882 1433 negasti
2913 1374 2964 1416 te
2994 1362 3149 1424 scire,
3195 1362 3288 1415 sed
3328 1376 3421 1416 co-

1862 1456 2081 1526 gnoscis
2112 1454 2386 1509 damones
2409 1454 2502 1523 qui
2530 1469 2625 1509 cor
2658 1462 2809 1508 tuum
2834 1453 3045 1508 insania
3075 1460 3128 1506 et
3152 1452 3421 1506 rabieim-

1862 1547 2161 1617 pleverunt.
2191 1546 2366 1601 Iratus
2399 1544 2663 1601 Romulus
2692 1544 2880 1600 eadem
2930 1545 3060 1600 hora
3091 1544 3260 1613 jussit
3292 1552 3420 1597 ante

1861 1646 2211 1708 conspectum
2266 1652 2427 1693 suum
2478 1637 2771 1707 plumbatis
2818 1652 2935 1691 eam
2981 1636 3229 1691 deﬁcere.
3290 1634 3422 1701 Quae

1862 1747 1986 1786 cum
2013 1731 2106 1786 diu
2131 1730 2426 1787 caederetur
2452 1729 2623 1801 magis
2660 1728 3087 1793 conlortabatur,
3120 1736 3173 1782 et
3193 1726 3336 1781 dedit
3363 1727 3419 1779 in

1863 1838 1982 1878 eam
2024 1822 2369 1887 sententiam,
2420 1821 2651 1891 lapidem
2697 1836 2951 1891 magnum
2990 1820 3143 1888 ligari
3162 1818 3327 1889 jussit
3353 1823 3422 1873 ad

1863 1914 2062 1969 collum
2092 1913 2231 1983 ejus,
2264 1920 2318 1968 et
2346 1912 2669 1983 praecipitari
2703 1913 2758 1966 in
2804 1927 2972 1966 mare.
3028 1910 3198 1981 Cujus
3222 1925 3421 1980 corpus

1862 2014 2109 2060 sanctum
2166 2005 2407 2074 pervenit
2444 2004 2512 2059 ad
2556 2004 2726 2059 littus.
2781 2004 2980 2059 Beatus
3018 2019 3147 2059 vero
3194 2002 3421 2059 Nonnus

1864 2097 2081 2167 collegit
2108 2111 2309 2166 corpus
2340 2096 2459 2165 ejus
2493 2104 2548 2151 et
2596 2096 2841 2165 sepelivit
2877 2096 2931 2149 in
2979 2096 3179 2164 praedio
3227 2095 3420 2165 ipsius,

1866 2189 1960 2243 ubi
1989 2188 2326 2243 habitaverat
2356 2187 2507 2244 foras
2534 2203 2721 2243 muros
2742 2196 2911 2257 porta:
2930 2186 3092 2242 Ostia:
3117 2202 3262 2241 nono
3314 2186 3421 2241 Ka-

1866 2282 2052 2337 lendas
2083 2279 2434 2351 Septembris.

183 2402 385 2458 ρωσαν.
426 2383 573 2454 Αὑτῇ
608 2381 665 2436 δὲ
715 2384 782 2452 τῇ
812 2380 929 2453 ὥρᾳ
952 2378 1221 2451 ὀργισθεὶς
1264 2378 1332 2448 ὁ(
1352 2373 1693 2448 παράνομος)
1734 2372 2004 2445 Ῥώμυλος
2052 2373 2333 2429 ἐκέλευσεν
2375 2376 2488 2437 τοῖς
2544 2374 2840 2445 ὑπηρέταις
2892 2372 3056 2428 αὑτοῦ
3107 2374 3228 2437 ταῖς
3276 2372 3423 2442 μολι-

181 2480 390 2542 σδίναις
418 2478 674 2548 σφαίραις
703 2476 998 2531 τύπτεσθαι
1026 2477 1213 2547 αὐτήν.
1246 2475 1401 2538 Ἦτις
1442 2469 1909 2541 πολυτυπτηθεῖσα
1955 2470 2151 2542 μᾶλλον
2196 2469 2600 2542 ἐνεδυναμοῦτο.
2646 2470 2924 2524 Ἐκέλευσε
2964 2470 3019 2523 δὲ
3078 2468 3237 2523 πάλιν
3277 2468 3421 2521 λίθον

182 2575 361 2647 μέγαν
389 2573 750 2645 δεσμευθῆναι
798 2572 939 2627 κατὰ
982 2572 1075 2626 τοῦ
1103 2572 1367 2645 τραχήλου
1397 2570 1582 2639 αὐτῆς,
1620 2568 1714 2621 καὶ
1738 2567 1909 2632 οὕτως
1946 2568 2315 2640 κρεμασθῆναι
2345 2570 2401 2621 ὲν
2438 2571 2503 2638 τῇ
2549 2568 2807 2641 θαλάσσῃ.
2863 2562 3115 2629 Ἦστινος
3170 2566 3231 2621 τὸ
3269 2568 3423 2634 ἅγιον

179 2666 343 2735 σῶμα
370 2663 661 2735 περιῆλθεν
688 2664 792 2727 ἕως
822 2662 915 2716 τοῦ
946 2660 1216 2732 αἰγιαλοῦ,
1266 2664 1401 2735 ὅπερ
1426 2666 1454 2716 ὁ
1488 2660 1894 2735 μακαριώτατος
1945 2660 2111 2723 Νόνος
2144 2663 2173 2715 ό
2216 2662 2307 2714 καὶ
2365 2659 2780 2731 μετονομασθεὶς
2849 2660 3156 2723 Ἱππόλυτος
3188 2662 3420 2732 συνήγα-

181 2776 296 2827 γεν,
334 2755 616 2811 καὶτοῦτο
641 2756 942 2827 κατέθαψεν
969 2759 1026 2811 ὲν
1055 2756 1134 2827 τῷ
1165 2756 1277 2827 ίδίῳ
1319 2757 1487 2827 αὐτῆς
1544 2757 1747 2829 χωρίῳ,
1800 2754 1926 2809 ἔνθα
1968 2756 2058 2810 καὶ
2124 2754 2381 2827 κατῴκει,
2420 2754 2523 2821 ἔξω
2573 2755 2701 2811 τῶν
2726 2757 2946 2827 τειχέων
3000 2758 3096 2829 τῆς
3138 2758 3420 2829 Ὁστησίας

181 2854 414 2916 πόλεως,
456 2856 524 2923 τῇ
558 2852 664 2917 πρὸ
692 2854 847 2906 ὲννέα
876 2852 986 2924 (40)
1021 2851 1309 2907 Καλανδῶν
1345 2853 1747 2925 Σεπτεμϐρίων.

245 2947 327 2998 A'.
366 2944 501 2997 Τότε
548 2940 641 2998 οὖν
680 2947 708 2998 ό
758 2945 1138 3016 (παράνομος)
1170 2946 1415 3017 βικάριος
1454 2946 1755 3018 ἐκράτησεν

184 3032 500 3085 Σαὸινιανόν
520 3050 640 3087 τινα
666 3034 996 3105 ἐπιμελητὴν
1036 3035 1130 3088 τοῦ
1177 3035 1342 3089 τόπου
1391 3037 1594 3090 ἐκείνου
1616 3053 1630 3069 ·
1662 3038 1756 3090 καὶ

1933 2940 2025 2995 ιν.
2048 2939 2187 2994 Tum
2222 2939 2488 2995 Romulus
2511 2940 2685 2995 tenuit
2736 2936 3088 2994 Sabinianum
3131 2942 3417 3011 quemdam

1860 3031 2153 3101 agricolam
2178 3030 2280 3086 loci
2311 3031 2479 3095 illius,
2509 3040 2563 3086 et
2586 3032 2836 3102 coepitab
2879 3047 2944 3087 eo
2974 3046 3220 3100 quaarere
3248 3031 3419 3086 facul-

180 3123 387 3195 ἤρξατο
408 3125 540 3195 παρ’
569 3124 731 3178 αὐτοῦ
758 3125 1033 3196 ἐπιζητεῖν
1048 3126 1146 3189 τὰς
1166 3126 1426 3199 ὑπάρξεις
1452 3129 1550 3199 τῆς
1580 3144 1754 3198 μακα-

1860 3132 1998 3177 tates
2027 3123 2204 3177 beata:
2227 3118 2390 3177 Aura:
2413 3122 2636 3177 dicens:
2664 3124 2939 3194 Sacrilega
2964 3124 3133 3187 Aura,
3156 3138 3277 3191 quae
3301 3140 3419 3177 ma-

181 3215 307 3283 ρίας
327 3215 551 3286 Χρυσῆς
572 3215 741 3284 λέγων
760 3234 774 3247 ·
819 3216 883 3269 Ἠ
910 3217 1181 3288 ἱερόσυλος
1208 3219 1417 3289 Χρυσῆ,
1446 3219 1565 3288 ἥτις
1584 3218 1758 3283 ἐξελέ-

184 3303 311 3368 ξατο
337 3302 429 3355 διὰ
456 3304 554 3373 τῆς
585 3304 821 3374 μαγικῆς
845 3304 1014 3374 αὐτῆς
1042 3304 1234 3375 τέχνης
1264 3305 1460 3373 μᾶλλον
1484 3305 1574 3357 τὸν
1595 3304 1755 3357 θάνα-

184 3412 273 3448 τον
301 3395 452 3465 ἥπερ
492 3393 592 3465 τὴν
622 3393 786 3464 ζωὴν,
823 3394 989 3448 πολὺν
1037 3395 1299 3465 ἐκέκτητο
1344 3393 1587 3447 πλοῦτον.
1618 3395 1755 3457 Τοὺς

182 3481 275 3538 οῦν
309 3484 622 3556 θησαυροὺς
676 3485 846 3555 αὐτῆς
904 3486 995 3539 καὶ
1048 3485 1117 3539 τὰ
1169 3484 1372 3555 κόσμια
1425 3483 1754 3538 κατενώπιον

184 3574 340 3644 ἡμῶν
371 3575 577 3645 φέρων,
605 3572 764 3626 θῦσον
794 3573 885 3626 καὶ
912 3575 1024 3637 τοῖς
1053 3573 1212 3637 θεοῖς,
1246 3575 1339 3627 καὶ
1361 3573 1481 3643 ζῆθι
1516 3573 1756 3627 ὑποκύπ-

184 3681 288 3717 των
316 3665 414 3718 καὶ
440 3668 554 3728 τοῖς
583 3664 963 3733 προστάγμασι
991 3664 1097 3718 τῶν
1130 3665 1560 3737 αὐτοκρατόρων.
1590 3666 1753 3720 Σαϐι-

182 3758 362 3821 νιανὸς
393 3753 575 3809 εἶπεν·
619 3756 759 3824 Ἐγὼ
788 3756 1016 3809 πάντοτε
1040 3756 1534 3830 ταπεινοφροσύνην
1579 3757 1751 3811 ἐδιδά-

185 3848 314 3919 χθην
352 3848 511 3920 παρὰ
553 3850 652 3919 τῆς
702 3849 861 3916 ἁγίας
898 3848 1165 3918 παρθένου
1203 3850 1445 3921 Χρυσῆς,
1492 3850 1615 3919 ἥτις
1660 3850 1753 3903 καὶ

181 3940 421 4004 ἐδίδαξέν
456 3957 525 4010 με
554 3940 941 4010 καθομολογεῖν
968 3940 1061 3992 ἕνα
1080 3939 1232 4003 Θεὸν,
1262 3942 1354 3994 τὸν
1383 3941 1583 4013 Κύριον
1599 3942 1753 4014 ἡμῶν

194 4029 399 4100 Ἰησοῦν
426 4030 680 4100 Χριστὸν,
709 4028 798 4081 τὸν
819 4029 1143 4099 γεννηθέντα
1171 4032 1235 4083 ὲκ
1261 4028 1569 4099 Πνεῦματος
1596 4030 1752 4097 ἁγίου

183 4121 276 4174 καὶ
300 4121 523 4191 Μαρίας
563 4121 663 4191 τῆς
714 4120 1009 4193 Παρθένου.
1053 4121 1203 4174 Ἐπεὶ
1233 4120 1430 4192 χρυσὸς
1484 4122 1613 4191 ἡμῖν
1658 4121 1752 4174 καὶ

182 4219 419 4289 ἄργυρος
450 4218 499 4287 ἢκ
522 4216 854 4287 μαργαρίται
882 4217 980 4287 οὐχ
1021 4216 1374 4287 ὑπάρχουσιν.
1436 4216 1492 4269 Ὀ
1521 4215 1577 4269 δὲ
1607 4215 1753 4285 (δυσ-

184 4309 537 4379 σεὸέστατος)
579 4308 851 4378 Ῥώμυλος
879 4310 981 4380 ἔφη
1012 4307 1186 4379 αὐτῷ·
1221 4308 1494 4379 Σύνδραμε
1541 4306 1752 4378 σεαυτῷ

178 4522 290 4558 esse
332 4506 418 4574 ﬁl.
481 4505 825 4560 Praetextati.
845 4548 858 4561 .
880 4544 896 4559 .
942 4505 1107 4574 jussit
1148 4506 1356 4575 familia
1376 4548 1389 4560 .
1415 4545 1428 4558 .
1452 4543 1468 4558 .

178 4592 297 4644 quia
322 4592 448 4629 eum
474 4578 738 4631 tuebatur.
776 4576 844 4628 Et
877 4592 1156 4645 agnoscens
1178 4616 1191 4629 .
1218 4618 1229 4628 .
1252 4616 1266 4629 .
1286 4577 1363 4645 fab
1387 4577 1461 4630 eis
1512 4576 1590 4645 ita
1620 4592 1749 4637 esse,

179 4645 493 4717 imperatori
536 4647 790 4717 suggessit
817 4644 1226 4717 deA’eadicens:
1254 4644 1461 4717 Filiam
1515 4644 1753 4699 Prwtex—

178 4718 280 4768 tati
314 4713 649 4769 nobilissimi
665 4718 764 4769 viri
790 4733 822 4768 a
876 4713 1195 4769 Christianis
1244 4716 1321 4768 ita
1362 4716 1629 4782 deceptam
1658 4731 1752 4782 pro

176 4783 378 4839 Christi
402 4787 613 4838 nomine
634 4827 647 4840 .
670 4825 686 4839 .
707 4825 721 4838 .
764 4785 914 4838 vellet
947 4786 1192 4853 interfici.
1248 4784 1343 4838 His
1390 4786 1589 4837 auditis
1622 4784 1752 4837 Dio-

174 4854 435 4925 clitianus
471 4856 623 4925 (sic)
652 4856 807 4921 iussit
828 4870 941 4908 eam
989 4856 1267 4924 diligenter
1290 4855 1566 4907 custodiri.
1602 4854 1751 4907 Dice-

178 4924 269 5004 bat
299 4926 466 5004 enim.
488 4964 503 4979 .
524 4964 538 4978 .
571 4924 824 5004 adaures
863 4941 988 5004 suas
1020 4926 1073 4977 in
1219 4925 1359 5004 quod
1403 4926 1630 5004 immane
1657 4941 1753 5004 pa-

177 4994 493 5047 trimonium
516 4996 853 5049 vendidisset.
894 4995 1076 5048 Altera
1105 4993 1283 5064 itaque
1305 4994 1389 5048 die
1409 4993 1616 5046 Probus
1638 4993 1753 5062 jus-

173 5064 245 5134 sit
279 5080 395 5116 eam
417 5064 472 5116 in
497 5066 838 5118 secretarium
861 5066 1092 5117 adduci:
1118 5065 1287 5127 Quam
1310 5107 1321 5117 .
1345 5104 1359 5116 .
1382 5104 1395 5117 .
1423 5066 1751 5134 interrogans

172 5133 239 5184 de
271 5136 481 5186 vendito
534 5135 855 5199 patrimonio
876 5174 890 5188 .
914 5176 927 5189 .
950 5173 963 5186 .
996 5137 1223 5203 pretium
1265 5135 1603 5202 prodegisset.
1626 5132 1746 5188 Ἠε-

176 5204 398 5274 spondet
448 5206 737 5262 Anastasia
776 5204 991 5257 dicens:
1030 5204 1142 5274 Ego
1196 5204 1242 5255 si
1290 5204 1468 5274 adhuc
1512 5203 1752 5256 haberem

174 5273 320 5339 quod
349 5282 710 5343 espenderem,
743 5290 844 5326 non
866 5290 945 5326 me
973 5273 1396 5343 persequentibus
1426 5275 1753 5325 demonstra-

174 5357 315 5413 rent.
358 5340 548 5395 Verum
577 5345 703 5413 quia
730 5340 981 5397 universa
998 5340 1220 5413 expensa
1246 5383 1258 5396 .
1281 5383 1294 5397 .
1316 5384 1328 5396 .
1361 5358 1542 5396 secura
1561 5343 1752 5413 festino

174 5412 245 5483 ad
282 5422 535 5467 mortem.
585 5411 742 5466 Nihil
788 5414 926 5466 enim
962 5411 1085 5467 licet
1138 5412 1347 5466 diabolo
1385 5415 1447 5466 de
1483 5412 1753 5483 facultati-

175 5481 275 5533 bus
320 5484 453 5552 meis_
469 5498 561 5549 per
618 5499 738 5537 suos
762 5522 776 5536 .
798 5522 815 5537 .
840 5524 853 5537 .
908 5499 1167 5552 usurpare
1197 5483 1421 5536 cultores
1446 5523 1458 5535 .
1482 5481 1497 5536 ζ
1521 5523 1534 5536 .
1569 5484 1750 5551 cogni-

174 5553 377 5622 tionem
422 5550 747 5606 Dioclitiano
801 5550 1075 5622 suggessit.
1111 5552 1252 5606 Tunc
1292 5553 1359 5605 ad
1415 5550 1749 5608 Anastas’iam

178 5619 391 5674 Probus
412 5622 581 5674 dixit:
615 5622 746 5675 Deos
770 5619 993 5693 deasque
1019 5626 1036 5689 (
1056 5624 1164 5691 sic)
1188 5622 1358 5675 cultor
1379 5635 1491 5676 erat
1514 5622 1751 5677 Praetex-

175 5700 332 5743 tatus
358 5700 499 5756 pater
539 5703 681 5757 tuus,
703 5702 752 5745 et
787 5695 923 5760 ipsos
954 5693 1118 5746 colere
1138 5694 1353 5754 debetis,
1393 5702 1562 5746 etnon
1599 5693 1749 5747 Chri-

178 5770 329 5813 stum
360 5762 527 5815 nescio
560 5779 710 5833 quem
748 5761 1014 5830 Judteum,
1035 5764 1127 5833 qui
1157 5781 1186 5816 a
1217 5764 1324 5817 suis
1366 5765 1565 5817 occisus
1601 5775 1740 5818 est...

1857 3215 1940 3285 gis
1974 3212 2135 3283 elegit
2158 3228 2253 3282 per
2304 3208 2542 3283 magicas
2575 3225 2717 3269 artes
2754 3215 2886 3269 mori
2915 3228 3077 3283 quam
3095 3213 3203 3266 vita
3235 3213 3421 3267 nobis~

1856 3320 1980 3360 cum
2008 3303 2136 3370 frui,
2168 3312 2275 3360 tua:
2304 3305 2556 3359 amicitiae
2585 3304 3247 3375 semperl‘uitcommunis.
3277 3305 3418 3360 The-

1856 3415 2080 3455 saurum
2111 3399 2230 3467 ejus
2250 3398 2333 3452 vel
2365 3409 2685 3452 ornamenta
2739 3408 2864 3452 ante
2920 3408 3268 3468 conspectum
3315 3415 3415 3451 no-

1854 3499 2027 3545 strum
2050 3489 2325 3543 declarare
2352 3487 2570 3555 festina,
2604 3499 2659 3544 et
2687 3491 2929 3545 sacriﬁca
2951 3490 3075 3554 diis,
3110 3498 3163 3543 et
3204 3491 3343 3553 vive,
3365 3502 3418 3544 et

1854 3580 2142 3634 humiliare
2177 3579 2472 3634 secundum
2516 3580 2669 3650 jussa
2710 3580 3038 3649 principum.
3090 3580 3416 3634 Sabinianus

1853 3673 2029 3727 dixit:
2084 3671 2197 3741 Ego
2236 3686 2365 3726 vero
2414 3686 2629 3742 semper
2676 3672 3031 3727 humilitatem
3071 3673 3261 3727 doctus
3294 3688 3415 3727 sum

1852 3778 1884 3816 a
1928 3770 2115 3817 sancta
2138 3762 2287 3816 Aura
2310 3778 2431 3831 quae
2480 3778 2567 3817 me
2608 3764 2793 3817 docuit
2838 3764 3084 3818 conﬁteri
3124 3763 3413 3817 Dominum

1854 3867 2033 3908 meum
2060 3851 2246 3906 Jesum
2298 3851 2599 3916 Christum,
2652 3853 2746 3923 qui
2778 3861 2939 3907 natus
2987 3861 3070 3907 est
3098 3853 3164 3907 de
3210 3854 3413 3921 Spiritu

1852 3955 2043 4002 sancto
2072 3962 2137 4001 ex
2164 3943 2330 3998 Maria
2355 3941 2763 4014 \'irgine.iNam
2795 3960 2987 3998 aurum
3013 3953 3107 3997 aut
3133 3952 3413 4013 argentum

1851 4040 1938 4094 vel
1960 4039 2284 4109 margaritas
2310 4052 2418 4091 non
2442 4052 2527 4109 me
2554 4036 2753 4091 habere
2776 4036 2937 4100 scias,
2971 4037 3078 4091 nisi
3125 4037 3412 4091 Dominum

1852 4130 2036 4185 Jesum
2068 4105 2366 4184 Christum.
2400 4105 2665 4182 Romulus
2696 4127 2862 4181 dixit:
2892 4126 3160 4182 Succurre
3197 4128 3316 4193 tibi,
3362 4138 3417 4181 et

1851 4222 2093 4278 occultos
2108 4222 2393 4277 thesauros
2415 4221 2720 4291 principum
2736 4219 2920 4287 redde,
2941 4229 2993 4274 et
3016 4221 3260 4275 sacrifica
3285 4220 3411 4284 diis,

1850 4321 1907 4367 et
1936 4312 2126 4367 recede
2156 4311 2225 4366 ab
2271 4311 2482 4367 insania
2538 4308 2695 4365 falsa.
2748 4307 3076 4366 Sabinianus
3102 4310 3269 4366 dixit:
3301 4310 3415 4380 Ego

1534 4521 1750 4573 parvam
1783 4507 1820 4517 '
1855 4511 2097 4564 adorare.
2150 4508 2440 4563 Anastasia
2467 4510 2639 4563 dixit:
2686 4507 2796 4579 Ego
2825 4510 2945 4579 deos
2975 4508 3198 4579 deasque
3242 4507 3411 4579 patris

1852 4582 1953 4633 mei
1980 4596 2179 4648 semper
2196 4580 2372 4643 colui,
2390 4589 2439 4631 et
2471 4580 2573 4632 nisi
2588 4596 2674 4633 eos
2692 4576 2814 4633 bene
2838 4576 3134 4641 coluissem,
3168 4576 3320 4648 hodie
3343 4577 3411 4627 ad

1853 4646 2237 4719 confessionem
2253 4650 2422 4701 sancti
2445 4650 2668 4702 nominis
2693 4648 2892 4703 Christi
2910 4664 3010 4719 non
3038 4648 3253 4719 exirem.
3283 4646 3415 4719 Pro-

1853 4714 1963 4772 bus'
1986 4720 2161 4772 dixit:
2194 4718 2261 4772 Et
2293 4721 2339 4771 si
2365 4718 2576 4771 coluisti
2596 4735 2702 4783 eos,
2738 4734 2897 4788 quare
2917 4716 3193 4788 deseruisti
3240 4714 3413 4788 cultu-

1851 4805 1968 4841 ram
1994 4792 2187 4843 tuam?
2216 4790 2503 4843 Anastasia
2549 4788 2724 4841 dixit:
2749 4786 2889 4840 ‘Non
2923 4787 3147 4849 deserui,
3183 4801 3272 4837 nec
3323 4786 3412 4836 de-

1851 4874 1987 4912 sero.
2023 4857 2223 4913 Probus
2250 4859 2429 4911 dixit:
2478 4856 2621 4927 Ergo
2664 4857 2799 4911 coles
2845 4859 2967 4927 deos
2993 4857 3228 4927 deasque
3244 4864 3409 4927 patris

1853 4929 1930 4981 tui
1953 4930 1977 4980 ?
2006 4928 2288 4982 Anastasio
2316 4929 2487 4980 dixit:
2515 4925 2578 4981 In
2607 4937 2810 4981 tantum
2828 4926 2939 4979 colo
2958 4942 3063 4991 eos,
3093 4934 3150 4977 ut
3176 4925 3240 4976 ab
3264 4925 3405 4976 omni

1850 5014 1937 5050 eos
1968 4998 2166 5067 injuria
2199 4997 2494 5050 liberarem.
2522 4997 2749 5066 Denique
2797 4996 2921 5047 dum
2954 5010 3160 5047 aranea:
3194 5010 3279 5067 eos
3324 4995 3408 5045 in-

1853 5065 2102 5131 texerent,
2133 5077 2182 5119 et
2209 5084 2323 5120 aves
2352 5065 2720 5130 stercorarent,
2761 5082 2853 5137 ego
2880 5081 2964 5137 eos
2994 5065 3231 5137 liberavi,
3255 5075 3408 5137 atque
3450 5084 3455 5089 ·

1851 5139 2083 5206 conﬂans
2141 5153 2225 5190 eos
2271 5138 2326 5189 in
2373 5137 2648 5204 pecuniam
2695 5134 2941 5188 converti.
2995 5134 3198 5186 Probus
3231 5134 3404 5206 dixit:

1854 5202 1969 5260 Hoc
1997 5207 2332 5276 sacrilegium
2367 5202 2457 5257 nec
2482 5222 2631 5257 aures
2663 5222 2794 5276 metu
2812 5207 2994 5276 audire
3021 5213 3232 5276 queunt.
3265 5202 3406 5257 Tum:

1853 5279 2029 5330 ridens
2055 5274 2205 5329 beata
2235 5276 2520 5327 Anastasia
2564 5276 2727 5328 dixit:
2772 5275 2939 5327 Miror
2970 5274 3305 5343 prudentiam
3330 5290 3408 5327 ve-

1851 5359 2038 5409 stram,
2075 5363 2136 5398 ac
2163 5345 2209 5399 si
2230 5344 2566 5413 sacrilegium
2593 5347 2739 5398 times
2762 5344 2958 5414 lapides
2993 5348 3250 5414 frangere,
3287 5361 3407 5396 suc-

1852 5418 2085 5479 cendere,
2112 5425 2394 5469 azramenta
2423 5415 2689 5483 conﬂare;
2734 5412 2868 5467 certe
2907 5416 2952 5466 si
2996 5412 3152 5482 putas
3175 5412 3407 5483 aliquam

1851 5487 2179 5539 divinitatem
2204 5485 2366 5537 latere
2390 5485 2444 5536 in
2461 5482 2759 5538 simulacris
2786 5484 3106 5546 vanissimis,
3132 5482 3406 5551 datemihi

1852 5558 2053 5624 capiam
2081 5555 2361 5621 evertendi,
2384 5564 2431 5607 et
2459 5571 2543 5608 eos
2562 5565 2783 5608 evertens
2800 5556 2977 5623 patiar
3000 5552 3062 5606 ab
3082 5554 3156 5607 eis
3182 5553 3401 5623 aliquid.

1850 5626 2053 5680 Caetera
2084 5625 2299 5677 desunt.

1924 5693 2040 5765 (40)
2069 5694 2373 5765 Legendum
2400 5693 2775 5747 ἐννεακαίδεκα
2794 5693 3104 5762 Καλανδῶν,
3142 5710 3232 5749 xtx
3264 5690 3405 5759 Καὶ,

1854 5776 1912 5821 ut
1943 5767 1997 5821 in
2031 5765 2347 5822 Praelatione
2378 5766 2704 5821 monuimus.
