3826 6530
380 338 482 393 567

1522 334 1581 389 S.
1628 331 1983 388 HIPPOLYTI
2021 330 2200 387 ACTA
2232 332 2504 389 GRAECA.

3501 336 3600 391 Βάκ

379 454 597 526 quidem
622 466 832 508 mereor
852 450 983 506 caedi
1008 464 1109 520 pro
1137 450 1375 520 peccatis
1426 451 1585 517 meis,
1616 453 1711 507 sed
1742 453 1942 523 gratias

2072 452 2135 504 ια).
2162 451 2283 514 τοὺς
2310 450 2659 522 ἀποκρύφους
2688 450 2991 521 θησαυροὺς
3018 453 3129 514 τοῖς
3182 450 3599 522 αὐτοκράτορσιν

379 560 482 617 ago
509 542 739 598 Domino
767 556 886 597 meo
913 539 1043 596 Jesu
1070 541 1288 596 Christo
1314 549 1368 596 et
1392 540 1553 596 credo
1580 557 1665 597 me
1682 542 1935 597 idoneum

376 654 498 694 esse
530 638 599 692 ad
637 636 1068 705 cognoscendam
1120 634 1239 704 ejus
1272 634 1723 699 misericordiam,
1774 636 1935 690 etiam

377 728 472 799 qui
496 727 625 782 mihi
658 727 909 797 dignatus
933 735 1016 781 est
1038 741 1190 781 suam
1211 726 1439 794 gratiam
1460 725 1515 779 in
1536 723 1817 796 Baptismo
1847 726 1939 781 do-

380 836 528 875 nare.
560 818 693 873 Nam
720 819 822 873 hoc
847 818 988 873 scias
1030 832 1222 871 aurum
1254 817 1546 886 temporale
1595 833 1683 872 me
1707 833 1814 873 non
1838 819 1935 872 ha-

379 907 524 969 bere,
552 922 617 960 ac
655 905 937 960 daemoniis
966 905 1205 960 cervices
1233 919 1382 959 meas
1423 921 1531 960 non
1572 906 1817 973 ﬂectere;
1849 906 1935 962 fac

379 998 522 1067 quod
560 997 662 1050 vis.
696 996 871 1052 Iratus
920 995 1186 1051 Romulus
1214 996 1380 1065 jussit
1411 1004 1469 1050 ut
1503 1011 1626 1050 cum
1651 998 1939 1067 plumbatis

378 1090 615 1145 cervices
640 1089 759 1159 ejus
788 1090 1143 1145 tunderentur
1168 1090 1270 1145 sub
1296 1104 1430 1144 voce
1468 1090 1767 1159 praeconia:
1803 1089 1939 1144 Deos

377 1188 433 1233 et
459 1179 590 1234 deas
620 1180 921 1250 principum
950 1180 1326 1250 blasphemare
1350 1180 1483 1234 noli.

2043 545 2257 610 ἀπόδος,
2288 546 2382 598 καὶ
2413 543 2573 597 θῦσον
2592 546 2701 607 τοῖς
2721 544 2878 607 θεοῖς.
2902 543 3213 608 Σαϐινιανὸς
3241 541 3422 598 εἶπενο
3467 544 3601 612 Ἐγὼ

2046 638 2142 707 μὲν
2178 638 2277 690 οὐκ
2305 637 2418 706 είμὶ
2448 634 2593 702 ἄξιος
2627 636 2713 690 ἵνα
2743 636 2880 707 ὑπὲρ
2907 635 3015 689 τῶν
3044 635 3192 705 ἐμῶν
3245 636 3525 707 ἁμαρτιῶν
3551 634 3600 687 τί

2042 745 2171 780 ποτε
2200 725 2569 797 ὲπιτεύξομαι,
2600 725 2711 778 ἀλλ’
2733 726 2854 778 ὅσον
2884 726 2913 777 6
2959 724 3159 798 Κύριός
3190 742 3287 796 μου
3337 726 3433 779 καὶ
3478 726 3603 791 Θεὸς

2036 818 2323 883 ἐπινεύσας
2367 816 2688 889 χαρίσασθαι
2732 814 3138 879 καταξιώσειεν·
3186 816 3326 870 οὕτω
3346 816 3598 873 πιστεύω.

2054 910 2178 963 Ἐπὶ
2232 909 2389 963 τοῦτο
2416 910 2649 978 γίνωσκε
2703 909 2899 980 χρυσὸν
2945 909 3202 982 ἐπίκηρον
3233 909 3305 980 μὴ
3342 909 3486 979 ἔχειν
3516 910 3599 980 μὲ,

2050 1001 2184 1070 μηδὲ
2218 998 2411 1071 βουλὴν
2438 999 2499 1052 τὸ
2541 999 2667 1067 γόνυ
2712 998 2922 1069 κάμψαι
2954 1002 3065 1062 τοῖς
3115 997 3367 1061 εἰδώλοις.
3424 999 3602 1053 Ταῦτα

2045 1092 2139 1144 καὶ
2165 1090 2234 1144 τὰ
2260 1091 2468 1154 τούτοις
2494 1091 2654 1161 ὃμοια
2672 1090 2918 1159 λέγοντος
2944 1090 3038 1143 τοῦ
3067 1090 3332 1161 μακαρίου
3361 1090 3603 1143 Σαϐινιαρ

2044 1181 2156 1247 νοῦ,
2187 1184 2215 1235 6
2246 1182 2621 1254 (παράνομος)
2664 1181 2935 1254 Ῥώμυλος
2956 1182 3235 1235 ἐκέλευσεν
3263 1185 3374 1245 τοῖς
3402 1183 3601 1253 ὑπηρέ-

378 1292 502 1337 ταις
528 1274 692 1329 αὐτοῦ
723 1277 869 1339 ὅπως
926 1275 1064 1346 μετὰ
1092 1275 1201 1329 τῶν
1233 1276 1548 1347 μολιϐδίνων
1583 1276 1828 1348 σφαιρῶν
1854 1278 1946 1331 τὸν
1979 1277 2180 1348 αὐχένα
2210 1276 2374 1330 αὐτοῦ
2410 1276 2760 1331 συνθλάσωσι.

456 1368 517 1422 ν.
544 1368 745 1424 Eodem
799 1368 887 1425 die
916 1370 1143 1426 audiens
1171 1372 1276 1426 hoc
1296 1372 1486 1427 beatus
1515 1371 1834 1443 Hippolytus
1855 1388 1940 1429 se-

2111 1374 2186 1427 E’.
2207 1373 2374 1426 Τοῦτο
2399 1372 2456 1427 δὲ
2482 1372 2716 1436 ἀκούσας
2746 1375 2774 1425 ὁ
2808 1369 3215 1443 μακαριώτατος
3244 1371 3552 1433 Ἱππόλυτος
3576 1370 3603 1421 6

382 1474 485 1514 nex
510 1460 707 1515 obtulit
736 1477 794 1516 se
812 1462 874 1515 in
901 1471 1251 1532 conspectum
1281 1462 1521 1528 Romuli,
1553 1465 1641 1520 cui
1690 1464 1762 1519 ita
1810 1480 1943 1519 voce

2072 1463 2409 1535 πρεσϐύτερος
2436 1464 2568 1535 (41),
2598 1462 2763 1516 ἐλθὼν
2793 1462 2920 1533 ἔστη
2952 1462 3181 1517 ἐνώπιον
3206 1461 3297 1515 τοῦ
3313 1461 3604 1532 Ῥωμύλου,

382 1555 531 1608 clara
563 1553 729 1608 dixit:
760 1553 804 1608 0
833 1555 1017 1621 miser,
1047 1555 1092 1609 si
1125 1555 1319 1622 scires,
1351 1571 1463 1609 non
1494 1555 1824 1611 cruciatibus
1844 1556 1941 1610 da-

2046 1556 2142 1609 καὶ
2188 1555 2414 1627 λαμπρᾷ
2463 1558 2529 1626 τῇ
2564 1558 2712 1627 φωνῇ
2762 1552 2939 1609 εἶπενο
2971 1551 3042 1608 Ὦ
3068 1555 3237 1618 ἄθλιε,
3272 1556 3320 1606 εί
3343 1554 3457 1624 ῐδῃς
3484 1555 3609 1626 Χρι-

384 1660 473 1700 res
497 1646 734 1702 cervices
762 1656 1094 1714 sanctorum,
1128 1648 1218 1703 sed
1248 1659 1301 1703 te
1330 1649 1505 1718 ipsum
1532 1649 1863 1714 humiliares,
1892 1659 1947 1703 et

2072 1650 2171 1702 πὸν
2200 1650 2290 1703 τὸν
2317 1648 2411 1702 τοῦ
2454 1650 2587 1704 Θεοῦ
2630 1650 2774 1713 Υίὸν,
2819 1651 2919 1704 οὐκ
2963 1650 3030 1703 ἂν
3074 1648 3246 1712 οὕτως
3288 1647 3608 1711 ἐϐασάνισας

385 1738 635 1793 crederes
679 1737 808 1802 Deo,
839 1747 893 1793 et
940 1737 1170 1795 Domino
1208 1738 1335 1795 Jesu
1384 1739 1623 1809 Christo,
1675 1754 1729 1796 et
1775 1742 1947 1797 servis

2072 1742 2174 1804 τοὺς
2203 1742 2434 1810 αὐχένας
2458 1741 2567 1795 τῶν
2594 1743 2755 1797 ὁσίων
2800 1742 2986 1805 αὐτοῦ,
3040 1742 3189 1803 ὅπως
3239 1738 3610 1792 ταπεινωθῶσι

386 1828 526 1895 ejus,
549 1836 603 1882 et
634 1842 741 1882 non
768 1827 1040 1897 lapidibus
1068 1829 1224 1883 vanis
1258 1838 1313 1884 et
1335 1830 1586 1885 metallis.
1620 1830 1791 1886 Iratus
1836 1829 1948 1885 Ro-

2072 1836 2161 1897 τοῖς
2197 1836 2442 1904 ματαίοις
2476 1836 2628 1907 ὑμῶν
2686 1836 2949 1900 εἰδώλοις·
3003 1835 3139 1889 ἀλλὰ
3170 1835 3366 1906 μᾶλλον
3419 1832 3611 1886 σαυτὸν

388 1919 570 1973 mulus
596 1919 871 1990 praacepit,
908 1927 967 1973 ut
987 1919 1214 1989 pedibus
1239 1929 1292 1975 et
1320 1922 1572 1977 manibus
1590 1922 1770 1992 ligatis
1792 1923 1845 1976 in
1872 1922 1951 1978 fo-

2072 1927 2420 1992 ,ταπείνωσας
2449 1928 2526 1997 τῷ
2555 1928 2746 2001 κτίστῃ
2794 1930 2890 1982 καὶ
2933 1926 3247 1999 δημιουργῷ
3275 1926 3383 1980 τῶν
3447 1926 3612 1978 ἁπάν-

386 2025 541 2065 veani
584 2011 737 2065 vivus
800 2021 1150 2081 mergeretur.
1195 2012 1392 2069 Beatus
1447 2028 1578 2069 vero
1628 2012 1950 2085 Hippolytus

2072 2034 2159 2070 των
2189 2018 2281 2069 κα).
2310 2020 2421 2081 τοῖς
2442 2018 2606 2071 αὐτοῦ
2630 2018 2853 2082 δούλοις,
2885 2018 2976 2071 καὶ
3005 2018 3125 2088 οὐχ).
3151 2017 3319 2080 λίθοις
3349 2017 3613 2088 ματαίοις,

388 2102 517 2155 dum
549 2114 762 2156 mersus
794 2101 986 2158 fuisset
1018 2103 1070 2157 in
1129 2103 1336 2160 foveam
1386 2114 1511 2160 ante
1549 2121 1735 2161 muros
1756 2105 1952 2162 Portus

2072 2109 2147 2162 ια).
2179 2108 2399 2179 κώφοις,
2432 2110 2524 2163 καὶ
2553 2110 2779 2181 ἀψύχοις
2820 2108 3115 2178 ὐπέκυψας.
3145 2109 3329 2162 Ταῦτα
3384 2108 3616 2167 ἀκούσας

389 2193 643 2261 Romani,
667 2211 770 2250 vox
816 2196 997 2251 audita
1045 2209 1127 2253 est
1160 2215 1252 2268 per
1285 2201 1518 2270 spatium
1577 2201 1724 2254 hora:
1772 2200 1935 2254 unius

2072 2204 2081 2251 ὸ
2127 2200 2555 2270 (ἀσεϐέστατος)
2599 2202 2873 2272 Ῥώμυλος
2940 2198 3194 2271 ἐθυμώθη
3251 2200 3473 2271 σφόδρα,
3528 2201 3620 2252 καὶ

387 2287 545 2356 quasi
576 2286 863 2342 infantium
904 2290 1285 2345 clamantium:
1331 2291 1443 2347 Deo
1494 2294 1716 2363 gratias.
1746 2290 1953 2345 Romu-

2072 2290 2358 2361 προσέταξε
2386 2293 2514 2354 τοὺς
2559 2291 2722 2355 πόδας
2772 2290 2936 2345 αὐτοῦ
2976 2290 3070 2344 καὶ
3123 2289 3221 2353 τὰς
3264 2292 3449 2360 χεῖρας
3485 2289 3622 2341 δεδε-

388 2379 475 2435 lus
507 2380 679 2435 dixit:
719 2380 833 2437 Hoc
864 2382 1073 2437 insania
1106 2384 1330 2454 magicae
1353 2385 1485 2440 artis
1514 2399 1636 2440 esse
1661 2399 1949 2455 cognosco.

2072 2383 2220 2452 μένον
2247 2386 2326 2446 εἰς
2355 2383 2572 2453 βόθυνον
2605 2383 3167 2455 κατακρημνισθῆναι.
3198 2381 3303 2435 Τοῦ
3329 2377 3421 2433 οῦν
3448 2397 3621 2451 μακα-

392 2473 508 2543 ρίου
548 2474 859 2529 Ἱππολύτου
890 2475 1234 2547 βυθιζομένου
1264 2481 1322 2532 ὲν
1350 2479 1425 2551 τῷ
1453 2480 1620 2551 τείχει
1649 2479 1762 2550 (42)
1790 2481 1868 2541 είς
1895 2478 1985 2530 τὸν
2018 2476 2233 2547 βόθυνον
2277 2479 2495 2550 πόρτον,
2556 2480 2647 2532 τὸν
2707 2479 3162 2550 ὰναγορευόμενον
3208 2478 3432 2547 Πόρτον,
3473 2476 3624 2544 ἄφνω

392 2565 542 2637 φωνὴ
572 2566 813 2638 ἠκούσθη
867 2569 1001 2623 ὡσεὶ
1044 2569 1409 2642 διαστήματος
1450 2571 1597 2643 ῶρας
1650 2573 1778 2644 μιᾶς
1837 2569 2083 2637 καθάπερ
2140 2570 2346 2640 νηπίων
2392 2570 2654 2639 λεγόντων
2709 2569 3053 2642 εὐχαριστίας
3092 2569 3169 2640 τῷ
3220 2568 3357 2638 Θεῷ.
3418 2566 3515 2621 καὶ
3564 2565 3625 2618 ιν

391 2660 470 2730 τῷ
497 2660 668 2714 ταῦτα
720 2662 911 2726 εἰπεῖν,
972 2663 1182 2733 ἀφῆκεν
1208 2663 1269 2717 τὸ
1296 2664 1512 2737 πνεῦμα
1567 2665 1644 2736 τῷ
1690 2662 1898 2734 Κυρίῳ,
1946 2662 2011 2730 τῇ
2064 2660 2431 2731 προδεκαμιᾶς
2489 2660 2764 2714 καλανδῶν
2811 2660 3216 2731 Σεπτεμϐρίων.
3277 2658 3408 2712 Τότε
3447 2656 3551 2725 ἔφη
3594 2653 3625 2706 6

395 2753 766 2829 (παράνομος)
813 2753 1114 2824 Ῥώμυλος’
1141 2755 1285 2826 Αὕτη
1318 2758 1352 2828 ή
1403 2757 1569 2828 μανία
1601 2755 1839 2829 μαγικῆς
1865 2753 2055 2823 τέχνης
2084 2747 2222 2806 εἶναι
2249 2753 2683 2821 διαγινώσκεται.

464 2848 553 2905 Vl.
579 2850 732 2904 Tunc
752 2864 874 2903 cum
899 2849 1083 2904 furore
1119 2851 1361 2907 clamans
1381 2852 1543 2922 cmpit
1586 2853 1801 2907 dicere:
1854 2848 1953 2903 Hic

399 2940 728 2996 Sabinianus
749 2941 842 3010 qui
873 2952 1061 3010 captus
1093 2951 1177 2995 est
1197 2943 1493 3011 cupiditate
1544 2945 1766 3013 magicae
1797 2943 1950 3009 artis,

396 3042 451 3085 et
476 3031 699 3086 libidine
727 3031 1101 3086 thesaurorum
1126 3051 1137 3085 :
1164 3032 1218 3086 in
1244 3042 1520 3089 momento
1542 3049 1665 3089 eum
1712 3034 1953 3089 confrin-

399 3137 545 3191 gam,
573 3130 666 3176 aut
685 3121 910 3175 avellam
942 3136 973 3174 a
1004 3131 1143 3176 terra
1164 3122 1209 3177 si
1234 3138 1341 3177 non
1373 3138 1430 3179 se
1452 3123 1951 3186 humiliaveritdiis.

399 3224 454 3267 et
484 3213 869 3269 sacrificaverit
893 3213 993 3268 eis.
1033 3210 1242 3278 Quibus
1269 3213 1429 3270 dictis
1451 3214 1615 3285 jussit
1640 3230 1762 3269 eum
1793 3214 1952 3271 fusti--

402 3304 506 3359 bus
540 3304 673 3360 caedi
704 3304 806 3359 sub
827 3319 957 3359 voce
975 3304 1273 3373 praeconia:
1304 3303 1483 3359 Redde
1500 3306 1783 3360 thesauros
1809 3305 1960 3373 prin-

402 3396 609 3465 cipum,
643 3403 698 3450 et
730 3394 954 3449 humilia
979 3405 1031 3449 te
1057 3397 1160 3451 diis
1191 3411 1221 3450 a
1265 3396 1463 3465 quibus
1510 3395 1843 3465 gubernatur
1872 3410 1959 3448 res

402 3488 638 3557 publica.
688 3485 783 3542 Ille
811 3497 989 3543 autem
1019 3488 1265 3543 dicebat:
1320 3486 1534 3542 Gratias
1566 3502 1667 3557 ago
1703 3487 1821 3551 tibi,
1858 3485 1961 3541 Do-

405 3577 552 3631 mine
575 3575 702 3630 Jesu
724 3575 961 3643 Christe,
988 3577 1083 3647 qui
1107 3578 1360 3648 dignatus
1407 3592 1468 3631 es
1520 3592 1605 3629 me
1643 3592 1765 3630 cum
1793 3576 1963 3630 servis

409 3668 516 3723 tuis
551 3667 779 3722 sociare.
814 3666 949 3722 Cum
972 3684 1099 3723 vero
1118 3669 1210 3723 diu
1247 3668 1563 3732 caederetur,
1595 3668 1748 3721 Iirma
1775 3676 1829 3721 et
1854 3667 1965 3721 ala-

408 3761 517 3816 cris
543 3759 709 3816 facies
730 3759 849 3828 ejus
876 3775 995 3815 esse
1020 3761 1321 3815 videbatur.
1354 3759 1528 3815 Iratus
1562 3759 1825 3815 Romulus
1851 3759 1967 3828 jus-

410 3856 481 3910 sit
505 3870 630 3910 eum
659 3854 714 3908 in
736 3854 965 3923 equuleo
983 3853 1170 3918 levari,
1195 3861 1248 3907 et
1266 3866 1389 3906 cum
1408 3852 1769 3906 attraherctur
1790 3853 1969 3906 nervis

411 3948 515 4003 sub
541 3961 672 4003 voce
693 3945 986 4016 praeconia,
1018 3944 1155 3999 nihil
1200 3943 1346 3997 aliud
1384 3944 1575 4013 agebat
1617 3944 1723 3998 nisi
1770 3944 1969 4012 gratias

413 4039 644 4096 Domino
668 4039 797 4095 Jesu
820 4038 1059 4094 Christo.
1083 4036 1347 4091 Romulus
1368 4035 1531 4090 dixit:
1567 4037 1791 4103 Insanit,
1812 4046 1865 4091 et
1888 4052 1973 4091 se—

412 4148 580 4189 curus
600 4132 765 4187 estde
782 4132 1009 4201 magicis
1032 4132 1293 4187 consiliis.
1336 4129 1587 4200 Etjussit
1628 4136 1689 4184 ut
1739 4128 1973 4187 ﬂammis

419 4233 700 4288 ureretur;
735 4233 789 4278 et
816 4238 939 4277 cum
968 4222 1351 4292 applicuissent
1370 4221 1617 4276 ﬂammas
1649 4222 1716 4277 ad
1752 4221 1869 4291 ejus
1891 4222 1972 4275 la-

419 4324 555 4381 tera,
585 4315 750 4385 cmpit
773 4313 1037 4370 Romulus
1061 4315 1302 4369 clamans
1324 4313 1535 4369 dicere:
1588 4314 1705 4369 Jam
1754 4315 1975 4370 consule

420 4407 537 4473 tibi,
574 4416 629 4462 et
672 4407 832 4461 redde
863 4406 1165 4463 thesauros.
1212 4407 1409 4465 Beatus
1438 4416 1617 4463 autem
1650 4405 1975 4461 Sabinianus

2129 2850 2217 2914 ς’.
2237 2850 2342 2903 Καὶ
2365 2846 2562 2920 ἤρξατο
2584 2848 2719 2919 μετὰ
2737 2846 2906 2918 θυμοῦ
2938 2848 3066 2919 βοᾷν
3112 2849 3206 2902 καὶ
3220 2846 3395 2915 λέγειν
3413 2862 3425 2873 ·
3460 2838 3625 2907 Οὗτος

2058 2938 2086 2988 ὁ
2115 2938 2423 3002 Σαϐινιανὸς
2445 2938 2711 3010 ἐθηρεύθη
2747 2938 2833 2992 διὰ
2860 2939 2959 3010 τῆς
2989 2939 3227 3009 μαγικῆς
3244 2935 3408 2990 αὐτοῦ
3435 2935 3627 3005 τέχνης

2060 3033 2125 3101 τῇ
2158 3031 2505 3101 φιλαργυρίᾳ,
2560 3032 2654 3084 καὶ
2682 3032 2788 3084 τῶν
2826 3030 3123 3101 χρημάτων
3154 3028 3473 3100 ἡδυπαθείᾳ.
3504 3025 3631 3079 Τοῦο

2060 3136 2152 3173 τον
2179 3122 2237 3173 ὲν
2277 3122 2407 3191 ῥιπῇ
2439 3120 2723 3174 καταλύσω
2767 3120 2874 3173 ἀπὸ
2902 3122 3001 3190 τῆς
3061 3119 3359 3191 μανιώδους
3382 3116 3506 3171 ὁδοῦ
3536 3117 3630 3169 αὐ-

2058 3208 2151 3262 τοῦ
2182 3212 2229 3263 εί
2267 3212 2341 3281 μὴ
2370 3211 2854 3282 ταπεινωθήσεται,
2884 3214 2977 3265 καὶ
3024 3211 3158 3283 θύσῃ
3185 3213 3298 3273 τοῖς
3357 3210 3630 3280 μεγίστοις

2056 3300 2212 3371 ἡμῶν
2240 3301 2397 3365 θεοῖς.
2456 3302 2669 3355 Τούτων
2715 3299 2807 3356 οὖν
2860 3304 2954 3357 καὶ
3003 3302 3257 3356 τοιούτων
3285 3300 3574 3370 λεγόμενος
3592 3305 3629 3365 ⁸,

2060 3393 2341 3446 ἐκέλευσεν
2393 3396 2553 3447 αὐτὸν
2596 3394 2773 3461 ξύλοις
2804 3393 3140 3466 τυπτηθῆναι
3171 3391 3501 3463 (τυφθῆναι)
3532 3392 3633 3443 ὑπὸ

2062 3485 2243 3555 φωνῆς
2270 3484 2363 3537 τοῦ
2392 3486 2633 3556 κήρυκος
2685 3486 2934 3555 λέγοντος
2954 3504 2967 3517 ο
3030 3486 3249 3548 Ἀπόδος
3276 3486 3401 3547 τοὺς
3432 3484 3634 3554 θησαυ-

2065 3576 2191 3646 ροὺς
2240 3579 2351 3640 τοῖς
2397 3576 2819 3649 αὐτοκράτορσιν
2876 3578 3061 3649 ἡμῶν,
3113 3578 3208 3630 καὶ
3270 3573 3635 3644 ταπεινώθητι

2063 3668 2174 3729 τοῖς
2196 3666 2616 3737 παντοδυνάμοις
2638 3666 2797 3732 θεοῖς,
2814 3668 2881 3722 δι’
2903 3663 2976 3722 ὧν
3000 3668 3432 3738 πηδαλιουχεῖται
3448 3668 3483 3735 ἡ
3504 3665 3638 3736 σύμ-

2067 3774 2215 3811 πασα
2267 3756 2423 3827 ήμῶν
2476 3757 2739 3812 πολιτεία.
2802 3758 2859 3811 '0
2885 3757 2941 3810 δὲ
2999 3757 3267 3828 μακάριος
3322 3752 3637 3815 Σαδινιανὺς

2067 3847 2279 3913 ἀνοίξας
2305 3849 2366 3900 τὸ
2395 3848 2566 3919 στόμα
2597 3848 2759 3902 αὐτοῦ
2808 3848 3005 3916 ἔλεγενο
3039 3846 3359 3919 Εὐχαριστῶ
3388 3862 3493 3911 σοι,
3526 3845 3637 3899 Κύ-

2072 3941 2153 4011 ριέ
2184 3957 2283 4011 μου
2324 3939 2498 4011 Ἰησοῦ
2541 3941 2763 4011 Χριστὲ,
2794 3943 2822 3994 6
2851 3939 3192 4004 καταξιώσας
3242 3956 3310 4009 με
3367 3937 3510 4008 μετὰ
3535 3937 3638 3989 τῶν

2069 4032 2268 4085 δούλων
2299 4049 2389 4085 σου
2420 4030 3014 4103 συγκαταριθμηθῆναι.
3057 4031 3142 4093 Ὠς
3168 4030 3224 4081 δὲ
3258 4028 3488 4082 ἐπιπολὺ
3522 4028 3641 4081 ἐτύ-

2072 4140 2255 4187 πτετο,
2288 4125 2498 4196 ἑδραῖον
2524 4118 2592 4194 ἦν
2620 4124 2715 4177 καὶ
2734 4121 3010 4194 πρόθυμον
3037 4121 3097 4173 τὸ
3130 4121 3419 4196 πρόσωπον
3450 4118 3637 4174 αὑτοῦ.

2073 4218 2206 4270 Τότε
2240 4193 2507 4287 θυμωθεὶς
2536 4193 2593 4287 (ό
2620 4193 3012 4284 ἀσεϐέστατος)
3054 4193 3324 4284 Ῥώμυλος
3352 4213 3641 4267 ἐκέλευσεν

2083 4309 2243 4362 αὐτὸν
2282 4309 2340 4361 ὲν
2369 4308 2445 4378 τῷ
2476 4307 2818 4379 ἀρμενταρίῳ
2864 4306 2975 4375 (45)
3025 4305 3391 4377 ἀναρτηθῆναι
3414 4322 3428 4335 °
3463 4306 3562 4358 καὶ
3587 4307 3641 4357 ἐν

2075 4399 2153 4470 τῷ
2181 4398 2576 4468 διασπασθῆναι
2606 4398 2764 4452 αὐτὸν
2793 4400 2905 4459 τοῖς
2957 4395 3184 4467 νεύροις,
3213 4394 3308 4447 καὶ
3332 4394 3433 4464 τῆς
3460 4394 3644 4464 φωνῆς

418 4501 620 4571 gratias
666 4500 859 4570 agebat
910 4499 1019 4555 Deo
1056 4500 1271 4557 dicens:
1320 4500 1564 4565 Domine,
1596 4501 1780 4570 accipe
1819 4500 1962 4570 spiri-

2080 4486 2174 4541 τοῦ
2202 4489 2439 4558 κήρυκος
2468 4485 2794 4555 ὲπιϐοώσης,
2817 4484 2975 4547 αὐτὸς
3002 4484 3153 4538 οὐδὲν
3174 4483 3299 4538 ἄλλο
3326 4482 3535 4552 ἔλεγεν,
3596 4483 3644 4534 εἰ

418 4601 533 4647 tum
579 4608 776 4646 meum.
806 4590 872 4646 Et
923 4592 1027 4646 hoc
1049 4606 1171 4646 cum
1196 4592 1441 4657 dixisset,
1473 4593 1653 4647 emisit
1688 4592 1973 4661 spiritum;

420 4684 576 4753 cujus
602 4699 799 4752 corpus
820 4683 985 4753 jussit
1011 4683 1065 4737 in
1096 4694 1316 4753 puteum
1344 4684 1563 4754 jactari.
1595 4682 1795 4737 Eodem
1841 4692 1977 4736 tem-

420 4790 549 4844 pore
586 4774 805 4829 veniens
858 4773 1076 4843 quidam
1110 4773 1446 4828 Concordius
1500 4774 1775 4845 presbyter
1816 4782 1978 4827 noctu

422 4864 620 4919 levavit
647 4880 846 4933 corpus
871 4864 937 4917 de
955 4874 1134 4932 puteo,
1158 4876 1211 4919 et
1238 4865 1461 4919 sociavit
1494 4865 1662 4920 beatae
1686 4864 1846 4918 Aurze
1874 4863 1976 4918 sub

499 5123 612 5191 (Μ)
638 5121 793 5198 Ᾱζιοε
818 5123 908 5177 hic
958 5124 1273 5198 designatur
1296 5121 1585 5198 llippolyﬂti,
1619 5135 1725 5175 non
1749 5118 1978 5198 gradus,

424 5196 881 5263 quemadmodum
938 5192 1101 5263 paulo
1136 5204 1257 5247 ante
1288 5195 1463 5248 dictus
1496 5192 1687 5245 fuerat
1737 5192 1978 5243 Nonnus.

426 5262 504 5317 Ita
526 5262 698 5318 Graeci
725 5266 868 5317 hunc
901 5262 1075 5318 locum
1102 5274 1443 5332 acceperunt,
1474 5264 1680 5332 quibus
1705 5276 1981 5332 nunquam

426 5332 743 5405 Hippolytus
777 5333 877 5388 fuit
901 5335 1194 5405 presbyter,
1231 5328 1322 5387 sed
1346 5328 1630 5405 episcopus
1656 5330 1854 5405 Portus
1876 5328 1987 5382 Ro-

426 5399 863 5474 niai‘iiz'Lntinus
890 5399 1352 5474 etiani'interpres
1381 5399 1615 5457 reddidit
1658 5401 1725 5454 Β.
1783 5399 1983 5469 Hippo-

427 5472 568 5542 lytus
598 5491 772 5527 senex.

501 5544 610 5613 (4‘2)
643 5544 817 5597 Locus
872 5553 1160 5612 corruptus
1187 5543 1341 5598 facile
1367 5542 1755 5607 restituendus,
1790 5543 1855 5596 ὲκ
1881 5541 1981 5610 τῆς

425 5611 600 5682 τύχης
621 5616 697 5676 εἰς
724 5615 813 5665 τὸν
846 5611 1061 5683 βόθυνον
1116 5615 1334 5684 πόρτου,
1376 5613 1468 5665 τοῦ
1523 5613 1981 5684 ἀναγορευομένου

427 5684 668 5752 ΙΙόρτουε
702 5700 927 5753 cultique
957 5682 1239 5739 lcclionein
1273 5682 1977 5737 Latinercddidiinusinlra

427 5753 483 5809 iu
516 5755 713 5808 recenti
746 5756 994 5809 versione
1021 5771 1181 5825 quam
1205 5756 1268 5809 ad
1299 5755 1497 5809 calcem
1525 5753 1810 5807 voluminis
1844 5753 1980 5807 inter

2085 4580 2186 4649 μὴ’
2212 4576 2526 4647 Εὐχαριστῶ
2554 4576 2631 4646 τῷ
2656 4575 2846 4646 Κυρίῳ
2878 4592 2976 4646 μου
3016 4574 3186 4644 Ἰησοῦ
3217 4573 3456 4645 Χριστῷ.
3500 4575 3559 4626 Ὁ
3589 4572 3645 4625 δὲ

2084 4668 2329 4739 βικάριος
2356 4667 2461 4736 ἔφη
2509 4667 2645 4738 πρὸς
2692 4668 2818 4729 τοὺς
2865 4664 3218 4737 παρεστῶτας
3257 4665 3437 4734 αὐτῷ·
3475 4658 3646 4727 Οὗτος

2086 4760 2357 4830 μαίνεται,
2388 4759 2481 4811 καὶ
2502 4757 2801 4828 ἁμέριμνός
2840 4757 2987 4809 ἐστιν
3006 4755 3113 4809 τῶν
3141 4754 3387 4825 μαγικῶν
3413 4771 3474 4807 συ
3484 4753 3649 4824 p.609-

2083 4851 2231 4906 λιῶν.
2264 4851 2371 4904 Καὶ
2427 4850 2752 4921 προσέταξεν
2782 4848 3005 4919 φλόγαις
3026 4847 3047 4867 '
3070 4847 3410 4917 κατακαῆναι
3461 4845 3644 4900 αὐτόν.

2088 5119 2342 5176 Addenda
2366 5119 2639 5174 sistimus.

2160 5192 2272 5255 (45)
2298 5189 2372 5243 De
2395 5186 2761 5259 ἁρμενταρίῳ,
2787 5184 3025 5259 equuleo,
3051 5186 3103 5238 iu
3131 5183 3446 5259 praefatione
3475 5183 3650 5259 disse-

2086 5263 2318 5321 ruimus,
2341 5254 2595 5328 qua'e'vox
2622 5254 2685 5311 eo
2706 5254 2918 5311 facilius
2946 5257 3001 5309 in
3030 5256 3298 5328 maritima
3327 5254 3462 5328 urbe
3506 5255 3649 5308 obti-

2088 5332 2226 5395 nuit,
2250 5325 2393 5399 quod
2423 5329 2536 5382 vela
2575 5328 2793 5383 navium
2822 5325 3407 5399 appavadicebantur;
3441 5325 3488 5399 is
3521 5340 3650 5379 vero

2088 5402 2179 5471 qui
2208 5395 2284 5454 ad—
2306 5414 2579 5471 sumntum
2612 5399 2766 5471 navis
2786 5395 3171 5471 coinScenderet
3192 5395 3653 5471 appevqat-‘qq,_ut

2092 5465 2142 5525 in
2184 5472 2297 5540 lege
2317 5468 2523 5524 Rhodia
2548 5477 2630 5522 est
2649 5469 2998 5540 adnotatum:
3025 5466 3319 5540 aliquando
3350 5466 3517 5540 etiam
3551 5465 3652 5540 cip-

2091 5533 2263 5611 μενον
2305 5541 2404 5593 fuit
2448 5541 2871 5611 instrumentum.
2919 5536 3090 5611 Quod_
3122 5537 3167 5589 si
3218 5551 3344 5611 cuni
3380 5533 3653 5611 [Egyptiis

2087 5604 2414 5682 ἐρμητὰριον
2443 5607 2948 5682 οῦεῃιιιιυεηὲρμας
2973 5617 3026 5660 et
3069 5605 3229 5682 ἕρμα-
3266 5604 3371 5658 fuit
3393 5604 3653 5682 scopulus

2089 5629 2149 5682 ερ
2196 5629 2414 5681 ηταριον
2443 5629 2750 5671 ωιιεηιιιιυδ,
2777 5629 2948 5677 ερμας
2973 5629 3026 5660 ει
3266 5629 3371 5658 qu.
3393 5629 3653 5671 scopum:

2089 5629 2422 5734 vereXstaiis
2444 5679 2527 5731 vel
2562 5678 2614 5729 in
2642 5678 2777 5730 mari
2812 5679 3002 5739 latens,
3027 5678 3326 5744 quinetiam
3364 5675 3470 5744 pila
3505 5689 3653 5728 mar-

2086 5767 2269 5807 morea
2304 5751 2356 5803 in
2380 5748 2678 5821 portubus:
2714 5746 2860 5820 ἕρμα
2907 5748 3138 5817 denique
3163 5745 3261 5800 fuit
3284 5745 3542 5821 saburra.
