3826 6496
498 337 595 391 571

1715 318 2133 379 τΕετιιιοΝιΑ
2169 316 2503 377 VETERUI

3617 310 3707 364 571

496 453 637 523 genii
662 455 1015 505 monumenta
1034 416 1338 513 dereliquit.
1371 439 1633 495 Similiter
1651 448 1706 495 ει
1727 438 2043 511 Hippolytus

2169 427 2324 499 οὗτος
2363 429 2433 505 ἦν
2473 431 2583 485 τῶν
2615 431 2754 484 κατὰ
2787 429 3028 499 Βόστραν
3072 424 3331 497 ’Δρά6ων.
3366 421 3638 485 ἀσαύτως
3660 423 3706 475 δι

496 543 724 600 alterius
748 539 1032 610 cujusdam
1068 534 1325 591 Ecclesia
1347 532 1659 603 episcopus.

2165 526 2259 579 καὶ
2298 524 2630 589 Ἱππόλυτος,
2662 521 2853 594 ἐτέρας
2899 536 3003 573 που
3035 518 3108 591 (1)
3140 517 3233 572 καὶ
3255 515 3416 580 αὐτὸς
3446 512 3708 586 προεστὼς

2176 616 2517 689 Ἑκκλησίας.

1709 749 1858 805 Idem
1880 751 2035 817 ibid.,
2074 754 2169 808 lib.
2200 770 2275 821 Vl,
2306 773 2423 825 cap.
2447 755 2537 809 ‘22.

568 853 766 908 Eodem
799 862 1042 921 tempore
1069 856 1123 903 et
1159 848 1477 919 Hippolytus
1520 846 1661 900 inter
1688 847 1919 916 plurima
1955 848 2061 902 alia

494 946 694 1016 ingenii
735 943 819 1000 sui
858 946 1232 1007 monumenta,
1268 939 1568 993 librumlde
1600 936 1808 993 Pascha
1841 953 2062 1010 compo-

492 1038 602 1093 suit
628 1056 642 1091 :
671 1036 725 1090 in
766 1051 876 1104 quo
922 1040 1227 1102 temporum
1261 1032 1455 1086 seriem
1499 1029 1841 1093 describens,
1880 1038 1935 1085 et
1969 1045 2061 1085 ca-

490 1145 692 1185 nonem
725 1126 1015 1197 quemdam
1040 1124 1351 1194 paschalem
1381 1139 1477 1194 per
1495 1123 1765 1179 sexdecim
1790 1138 2058 1202 annorum

490 1222 753 1277 circulum
784 1220 1067 1283 exhibens,
1089 1232 1232 1271 anno
1253 1216 1431 1287 primo
1458 1216 1800 1285 imperatoris
1826 1214 2060 1270 Alexan-

488 1315 573 1369 dri
635 1310 1093 1382 computationem
1148 1317 1453 1377 temporum
1503 1306 1922 1362 circumscribit.
1977 1305 2057 1361 Ex

486 1404 714 1474 reliquis
763 1409 943 1455 autem
1001 1399 1146 1454 illius
1190 1398 1408 1466 scriptis
1462 1397 1579 1452 hac
1620 1405 1767 1463 sunt,
1815 1412 1938 1467 qua
1989 1392 2057 1451 ad

488 1496 737 1552 notitiam
790 1500 1034 1547 nostram
1078 1498 1437 1561 pervenerunt
1472 1509 1485 1544 :
1524 1492 1586 1543 In
1625 1504 1762 1558 opus
1807 1504 1903 1545 sex
1941 1487 2058 1542 die-

486 1602 641 1652 rum;
696 1584 751 1638 in
794 1598 857 1637 ea
903 1597 1024 1652 qua
1070 1590 1193 1651 post
1236 1596 1330 1635 sex
1382 1580 1497 1634 dies
1555 1587 1844 1635 consecuta
1895 1586 2056 1645 sunt;

488 1678 750 1731 adversus
786 1672 1151 1736 Marcionem;
1189 1670 1243 1723 in
1287 1668 1571 1723 Canticum
1602 1669 1972 1732 canticorum;
2001 1668 2058 1722 in

487 1766 662 1836 capita
714 1764 961 1834 quadam
1013 1760 1345 1823 Ezechielis;
1387 1759 1455 1813 de
1508 1759 1744 1825 Pascha;
1796 1758 2057 1814 adversus

486 1872 675 1911 omnes
717 1856 969 1909 hareses.
1033 1850 1138 1905 Sed
1188 1864 1241 1904 et
1283 1850 1387 1904 alia
1442 1850 1677 1921 plurima
1725 1851 1869 1920 apud
1914 1850 2055 1905 alios

485 1956 756 2004 asservata
782 1946 910 2000 licet
939 1944 1180 2013 reperire
1210 1942 1268 2012 γ.

2239 850 2370 904 Τότε
2398 851 2531 922 δῆτα
2562 850 2657 903 καὶ
2698 847 3011 911 Ἱππόλυτος
3064 843 3371 900 συντάττων
3414 841 3553 913 μετὰ
3573 840 3705 893 πλεί-

2152 946 2305 996 ’στων
2348 942 2520 997 ἄλλων
2580 942 2985 1013 ὑπομνημάτων
3004 979 3019 1005 ,
3047 939 3142 993 καὶ
3169 937 3231 991 τὸ
3255 936 3384 1008 περὶ
3416 934 3513 988 τοῦ
3534 934 3708 1004 Πάσχα

2164 1034 2451 1104 πεποίηται
2487 1032 2847 1105 σύγγραμμα·
2882 1034 2940 1085 ἐν
2964 1024 3009 1099 ᾧ
3038 1029 3149 1083 τῶν
3176 1028 3380 1099 χρόνων
3406 1026 3707 1097 ἀναγραφὴν

2162 1125 2471 1195 ἐκθέμενος,
2512 1124 2604 1177 καί
2636 1142 2756 1179 τινα
2787 1123 2985 1177 κανόνα
3018 1118 3555 1191 ἐκκαιδεκαετηρίδος
3592 1118 3704 1187 περὶ

2162 1217 2256 1272 τοῦ
2291 1217 2482 1288 Πάσχα
2515 1218 2589 1288 (2)
2628 1217 2848 1289 προθεὶς
2884 1217 2975 1273 ἐπὶ
3008 1216 3070 1269 τὸ
3115 1213 3329 1285 πρῶτον
3373 1212 3494 1276 ἐτος
3528 1228 3706 1263 παντο-

2159 1312 2422 1383 κράτορος
2456 1310 2798 1382 Ἀλεξάνδρου
2822 1312 2947 1374 τοὺς
2979 1310 3200 1383 χρόνους
3227 1307 3572 1380 περιγράφει.
3598 1304 3703 1357 Τῶν

2158 1400 2215 1454 δέ
2246 1399 2446 1454 λοιπῶν
2474 1398 2636 1453 αὐτοῦ
2666 1399 3109 1471 συγγραμμάτων
3134 1398 3200 1452 τὰ
3226 1400 3305 1461 είς
3330 1397 3479 1467 ἡμᾶς
3502 1394 3703 1447 ἐλθόντα

2158 1492 2277 1544 ἐστὶ
2327 1490 2488 1544 τάδε·
2522 1491 2617 1554 Εἰς
2666 1490 2764 1561 τὴν
2816 1487 3280 1559 ἐξαήμερονοηείς
3335 1483 3405 1537 τά
3440 1482 3579 1555 μετὰ
3617 1481 3703 1551 τὴν

2154 1583 2456 1656 ἐξαήμερον
2472 1602 2484 1614 ·
2505 1584 2640 1656 πρὸς
2662 1582 2962 1655 Μαρκίωνα
2981 1600 2993 1612 ·
3014 1584 3094 1645 είς
3120 1581 3179 1634 τὸ
3200 1575 3390 1652 τᾼσμα
3413 1596 3427 1610 ·
3462 1579 3543 1640 είς
3577 1576 3699 1647 μέρη

2154 1674 2248 1727 τοῦ
2296 1673 2586 1743 Ἰεζεκιήλο
2627 1673 2755 1745 περὶ
2793 1672 2887 1725 τοῦ
2921 1672 3141 1743 Πάσχα·
3185 1670 3322 1743 πρὸς
3368 1669 3582 1731 ἁπάσας
3615 1667 3701 1729 τὰς

2156 1764 2412 1836 αἱρέσεις·
2447 1765 2676 1821 πλεῖστά
2706 1782 2765 1818 τε
2789 1763 2921 1819 ἄλλα
2941 1765 3036 1819 καὶ
3061 1763 3210 1837 παρὰ
3222 1762 3433 1825 πολλοῖς
3454 1760 3520 1814 ἂν
3538 1760 3703 1831 εὕροις

2163 1859 2460 1934 σωζόμενα.

1503 2036 1653 2091 Idem
1680 2038 1735 2091 in
1761 2035 2033 2092 Chronico
2073 2032 2144 2091 ad
2180 2055 2377 2092 annum
2405 2054 2705 2094 nuccxuu.

552 2136 905 2193 Geminianus
944 2133 1229 2205 presbyter
1259 2132 1655 2199 Antiochenus,
1686 2141 1740 2188 et
1774 2130 2117 2203 Hippolytus,
2159 2144 2215 2188 et
2238 2132 2484 2205 Beryllus
2508 2134 2793 2204 episcopus
2818 2131 3031 2187 Arabia
3058 2130 3376 2197 Bostrenus,
3414 2127 3544 2183 clari
3578 2126 3703 2182 scri-

480 2236 665 2301 ptores
688 2228 975 2283 habentur.

2044 2314 2135 2371 lli.

971 2413 1030 2469 S.
1086 2412 1439 2482 Hieronymus
1466 2411 1560 2465 lib.
1604 2408 1682 2466 De
1721 2410 1853 2467 viris
1878 2411 2076 2467 illustr.
2104 2426 2222 2480 cap.
2246 2408 2335 2476 61,
2358 2425 2477 2463 cum
2506 2416 2669 2463 vetere
2706 2409 2987 2478 interprete
3017 2406 3222 2462 Graeco.

552 2506 867 2578 Hippolytus
892 2506 1183 2576 cujusdam
1217 2506 1475 2562 Ecclesia
1500 2506 1787 2576 episcopus
1823 2507 2041 2574 (nomen

2225 2505 2555 2568 Ἱππόλυτος,
2593 2506 2693 2558 οὐκ
2742 2500 2857 2556 οἶδα
2906 2502 3067 2566 ποίας
3119 2500 3443 2571 Ἐκκλησίας
3485 2500 3696 2552 ἐπίσκο-

476 2599 673 2668 quippe
722 2598 874 2653 urbis
922 2598 1064 2653 scire
1110 2614 1217 2653 non
1266 2598 1465 2668 potui),
1506 2598 1771 2651 rationem
1824 2596 2048 2651 Pascha

478 2702 895 2759 temporumque
937 2704 1175 2744 canones
1228 2689 1445 2758 scripsit
1488 2703 1659 2757 usque
1698 2686 1764 2741 ad
1810 2687 2045 2757 primum

477 2797 679 2837 annum
714 2781 1004 2836 Alexandri
1049 2781 1417 2850 imperatoris,
1462 2788 1517 2834 et
1559 2780 1831 2836 sexdecim
1876 2795 2049 2835 anno-

478 2890 600 2927 rum
637 2875 938 2940 circulum,
985 2890 1145 2944 quem
1186 2873 1359 2929 Graci
1402 2871 1916 2943 ἐκκαιδεκαετηρίδα
1948 2886 2047 2925 vo-

476 2973 623 3029 cant,
660 2967 889 3034 reperit;
917 2975 970 3020 et
996 2964 1229 3020 Eusebio
1262 2963 1355 3036 qui
1383 2978 1543 3033 super
1592 2963 1780 3017 eodem
1816 2961 2045 3027 Pascha,

476 3038 773 3120 canoné'm,
817 3055 1002 3109 decem
1042 3063 1094 3108 et
1144 3068 1336 3108 novem
1367 3067 1636 3107 annorum
1668 3052 1957 3117 circulum,
1993 3052 2047 3108 id

474 3155 577 3213 est,
598 3146 1203 3218 ἐννεακαιδεκαετηρίδα
1225 3144 1553 3214 composuit,
1575 3145 1918 3199 occasionem
1953 3146 2049 3201 de-

475 3237 575 3291 dit.
606 3236 835 3306 Scripsit
861 3235 1155 3306 nonnullos
1183 3234 1237 3288 in
1263 3233 1573 3303 Scripturas
1597 3235 2045 3298 commentarios,

474 3343 505 3382 e
531 3327 731 3396 quibus
759 3326 859 3381 hos
889 3325 1065 3395 reperi
1092 3343 1104 3378 :
1133 3325 1186 3378 in
1219 3324 1601 3387 hexaemeron,
1624 3330 1677 3377 et
1702 3322 1758 3375 in
1776 3321 2047 3391 Exodum,

474 3420 528 3472 in
558 3418 840 3473 Canticum
874 3416 1233 3479 canticorum,
1270 3416 1324 3469 in
1365 3414 1621 3478 Genesin,
1656 3422 1709 3469 et
1757 3414 1810 3469 in
1836 3414 2049 3470 Zacha-

472 3507 615 3560 riam
654 3526 667 3561 :
705 3508 772 3561 de
822 3506 1077 3573 Psalmis,
1119 3514 1172 3562 et
1214 3507 1269 3559 in
1312 3503 1551 3567 Esaiam,
1595 3503 1661 3557 de
1703 3502 1944 3566 Daniele,
1982 3504 2049 3559 de

470 3600 817 3671 Apocalypsi,
853 3600 919 3654 de
956 3598 1285 3662 Proverbiis,
1329 3597 1396 3651 de
1427 3596 1774 3661 Ecclesiaste,
1815 3597 1883 3651 de
1917 3598 2049 3653 Saul

470 3704 525 3749 et
573 3693 932 3765 Pythonissa,
981 3693 1047 3747 de
1080 3691 1450 3757 Antichristo,
1486 3691 1554 3745 de
1589 3688 2045 3758 Resurrectione,

471 3795 663 3840 contra
714 3785 1076 3847 Marcionem,
1120 3782 1186 3837 de
1237 3781 1445 3837 Pascha
1484 3800 1497 3835 :
1547 3782 1809 3836 adversus
1858 3796 2048 3837 omnes

2147 2612 2267 2661 πος,
2302 2597 2336 2668 ἢ
2375 2598 2516 2660 τίνος
2544 2596 2784 2660 πόλεως,
2826 2596 2926 2668 τὴν
2973 2593 3336 2667 προσηγορίαν
3372 2590 3561 2663 μαθεῖν
3606 2590 3695 2643 οὐκ

2146 2689 2438 2761 ἐδυνήθην,
2484 2689 2785 2761 συνέγραψε
2838 2688 2994 2757 λόγον
3038 2686 3132 2740 τοῦ
3169 2685 3393 2756 Πάσχα,
3453 2683 3545 2735 καὶ
3582 2682 3698 2742 τοὺς

2146 2786 2427 2853 χρονικοὺς
2448 2780 2679 2844 κανόνας
2696 2780 2801 2843 ἕως
2822 2778 3037 2851 πρώτου
3072 2775 3319 2830 ἐνιαυτοῦ
3362 2772 3697 2842 Ἀλεξάνδρου

2146 2870 2239 2924 τοῦ
2268 2869 2548 2941 βασιλέως,
2571 2870 2762 2936 δεκαέξ
2784 2870 2925 2938 λέγω
2955 2869 3018 2941 δὴ
3039 2866 3299 2922 ἐνιαυτῶν
3330 2864 3548 2927 κύκλον,
3581 2864 3636 2915 ὃν
3656 2863 3698 2914 οἱ

2146 2966 2427 3037 λεγόμενοι
2451 2966 2675 3038 Γραικοὶ
2713 2963 3225 3036 ἐκκαιδεκαετηρίδα
3246 2960 3519 3023 καλοῦσιν,
3550 2958 3699 3011 Εὐσε-

2148 3057 2248 3129 6ίῳ
2276 3058 2354 3129 τῷ
2386 3058 2514 3131 περὶ
2535 3057 2698 3112 αὑτοῦ
2726 3057 2817 3110 τοῦ
2845 3057 3035 3126 Πάσχα
3062 3049 3697 3120 ἐννεακκαιδεκαετηρξδα

2149 3151 2467 3216 συντάξαντι
2493 3150 2761 3221 πρόφασιν
2795 3146 3177 3220 παρεσχηκώς.
3204 3145 3482 3216 Ἔγραψεν
3508 3146 3585 3207 είς
3612 3142 3698 3204 τὰς

2148 3244 2299 3307 θείας
2329 3241 2551 3315 Γραφάς
2597 3242 2962 3312 ὑπομνήματα
2988 3281 3001 3306 ,
3037 3240 3129 3309 ἀφ’
3152 3232 3227 3293 ὧν
3254 3238 3379 3293 τάδε
3413 3232 3595 3308 εὗρον·
3629 3237 3697 3297 είς

2146 3340 2246 3411 τὴν
2279 3338 2597 3409 ἐξαήμερον,
2632 3338 2709 3398 είς
2732 3335 2828 3406 τὴν
2848 3334 3080 3399 Ἕξοδον,
3106 3335 3185 3399 είς
3214 3333 3283 3386 τὰ
3320 3333 3574 3403 ’ᾼσματα
3603 3329 3698 3382 τῶν

2149 3430 2427 3501 ᾀσμάτων,
2467 3428 2545 3490 εἰς
2573 3425 2669 3497 τὴν
2695 3425 2909 3480 Γένεσιν
2928 3466 2943 3491 ,
2975 3427 3053 3489 είς
3083 3425 3377 3495 Ζαχαρίαν,
3402 3424 3531 3494 περὶ
3561 3422 3698 3474 Ψαλ-

2151 3519 2306 3591 μῶν,
2360 3521 2439 3582 είς
2472 3517 2718 3582 Ἠσαίαν,
2775 3517 2904 3589 περὶ
2958 3515 3185 3586 Δανιὴλ,
3236 3516 3361 3586 περὶ
3421 3512 3701 3567 Ἀποκαὶώ⁴

2146 3611 2324 3679 ψεως,
2360 3609 2488 3681 περὶ
2532 3606 2875 3679 Παροιμιῶν,
2920 3608 3048 3678 περὶ
3081 3604 3533 3678 Ἐκκλησιαστοῦ,
3584 3604 3701 3672 περὶ

2148 3703 2291 3757 Σαὺλ
2346 3702 2438 3755 καὶ
2496 3700 2767 3765 Πύθωνος,
2811 3699 3072 3772 περὶτοῦ
3123 3698 3523 3770 Ἀντιχρίστου,
3582 3696 3700 3766 περὶ

2160 3794 2533 3857 Ἀναστάσεως
2554 3832 2567 3855 ,
2599 3793 2738 3846 κατὰ
2769 3792 3121 3862 Μαρκίωνος,
3174 3792 3301 3861 περὶ
3342 3788 3437 3842 τοῦ
3482 3788 3699 3856 Πάσχα,

470 3876 726 3941 hareses,
787 3885 841 3929 et
887 3872 1239 3945 προσομιλίαν
1294 3873 1362 3927 de
1414 3872 1574 3927 laude
1603 3869 1820 3924 Domini
1852 3869 2041 3926 Salva-

2155 3887 2287 3941 κατὰ
2308 3887 2495 3941 πασῶν
2526 3884 2634 3937 τῶν
2650 3857 2931 3955 αἱρέσεων,
2973 3857 3331 3954 προσομιλίαν
3361 3882 3438 3951 (5)
3460 3878 3698 3952 περὶτῶν

470 3967 628 4030 toris,
664 3968 719 4020 in
749 3982 855 4035 qua
889 3974 1154 4036 prasente
1181 3964 1412 4035 Origene
1443 3980 1501 4020 se
1530 3964 1681 4033 loqui
1715 3965 1770 4017 in
1806 3963 2038 4018 ecclesia

468 4057 820 4129 signiticatJn
840 4058 1002 4128 hujus
1022 4056 1417 4111 amulationem
1435 4053 1776 4119 Ambrosius,
1798 4069 1958 4124 quem
1972 4054 2038 4109 de

467 4148 760 4205 Marcionis
791 4150 980 4203 haresi
1022 4149 1089 4203 ad
1122 4164 1307 4203 veram
1350 4149 1511 4203 ﬁdem
1554 4158 1859 4202 correctum
1888 4146 2032 4201 dixi-

468 4261 612 4310 mus,
650 4244 967 4299 cohortatus
1001 4253 1084 4298 est
1114 4245 1399 4316 Origenem
1440 4248 1494 4302 in
1529 4247 1839 4320 Scripturas
1881 4259 2034 4299 com-

468 4335 765 4390 mentarios
810 4336 1069 4403 scribere,
1104 4336 1351 4406 praebens
1387 4338 1437 4393 ei
1487 4349 1691 4410 septem
1734 4348 1790 4394 et
1825 4354 1892 4395 eo
1914 4354 2034 4393 am-

2145 3980 2379 4033 ἐπαίνων
2393 3979 2485 4031 τοῦ
2501 3977 2708 4050 Κυρίου
2738 3976 2896 4048 ἡμῶν
2922 3976 3095 4048 Ἰησοῦ
3118 3973 3374 4047 Χριστοῦ,
3395 3975 3452 4025 ἐν
3481 3969 3563 4037 οἷς
3580 3990 3701 4042 παρ-

2141 4072 2291 4133 όντος
2353 4069 2654 4141 Ὠριγένους
2700 4069 2887 4121 ἐαυτὸν
2918 4067 3254 4139 ὡμιληκέναι
3291 4065 3432 4119 κατὰ
3480 4067 3701 4136 μίμησιν

2140 4160 2302 4214 αὐτοῦ
2331 4162 2386 4213 ἐν
2411 4163 2476 4231 τῇ
2513 4160 2775 4232 ἐκκλησίᾳ
2801 4143 2949 4230 δηλοῖ
2982 4158 3077 4229 (4).
3123 4157 3442 4228 Ἀμ6ρόσιος
3461 4194 3476 4219 ,
3530 4158 3701 4209 ὅντινα

2141 4254 2249 4309 ἀπὸ
2279 4254 2378 4325 τῆς
2410 4253 2618 4323 πλάνης
2656 4251 2978 4323 Μαρκίωνος
3005 4251 3085 4313 είς
3112 4248 3209 4320 τὴν
3243 4247 3500 4319 ἀληθινὴν
3527 4248 3698 4299 πίστιν

2140 4342 2461 4414 ἐπιπρέψαι
2526 4341 2845 4415 προείρηται
2864 4382 2878 4406 ,
2905 4339 3276 4413 προετρέψατο
3316 4339 3579 4411 Ὠριγένει
3607 4337 3701 4397 τὰς

1617 4461 1659 4533 ἰ-
1699 4459 2258 4516 INTERPRETATIO
2287 4457 2545 4515 RUFINI.

538 4548 593 4631 In
625 4550 745 4631 illis
791 4551 983 4631 diebus
1030 4550 1749 4631 iiippolytus'dequoante
1788 4556 2427 4631 memoravimushinter
2465 4563 2658 4631 catera
2703 4553 2905 4631 scripta
2950 4568 3049 4607 sua
3092 4552 3334 4631 libellum
3382 4551 3450 4631 de
3492 4548 3697 4630 Pascha

468 4621 730 4700 scriptum
782 4622 948 4700 edidit
978 4640 1003 4700 :_
1030 4618 1243 4700 in'quo'
1274 4640 1398 4700 cum
1441 4618 1860 4700 descriptionem
1906 4618 2453 4700 quamdam'faceret
2498 4626 2565 4680 de
2608 4618 2881 4700 sexdecim
2931 4638 3202 4678 annorum
3246 4621 3471 4700 circulo,
3510 4620 3599 4700 qui
3642 4618 3696 4671 in

465 4687 686 4745 Pascha
717 4691 927 4745 ratione
953 4687 1229 4746 observari
1267 4694 1434 4759 solet,
1480 4687 1667 4751 nescio

1754 4713 1878 4751 uam
1922 4692 2361 4766 supputationem
2409 4705 2662 4757 secutus,
2716 4696 2969 4766 universa
3012 4701 3254 4766 tempora
3286 4692 3429 4766 intra
3464 4692 3697 4760 primum

462 4761 757 4815 Alexandri
789 4762 1135 4835 imperatoris
1164 4779 1366 4817 annum
1398 4767 1694 4820 concludit.
1726 4761 1830 4821 Sed
1858 4775 1912 4820 et
1941 4761 2043 4821 alii
2062 4767 2180 4835 ejus
2227 4767 2393 4819 libelli
2434 4775 2801 4835 pervenerunt
2838 4765 2903 4818 ad
2940 4778 3061 4829 nos,
3106 4761 3158 4818 id
3203 4771 3285 4817 est
3306 4762 3383 4835 _in
3417 4762 3699 4835 hexaeme-

463 4845 587 4891 ron,
616 4839 669 4885 et
697 4846 756 4884 ea
789 4847 910 4906 qua
948 4842 1072 4906 post
1121 4832 1479 4906 hexaemeron
1519 4837 1719 4906 scripta
1767 4846 1914 4901 sunt,
1955 4847 2009 4892 et
2048 4830 2236 4891 contra
2273 4830 2626 4906 Marcionent.
2658 4846 2711 4890 et
2752 4837 2805 4889 in
2848 4832 3537 4906 Canticum‘canticorum,
3565 4839 3619 4906 et
3642 4830 3697 4880 in

463 4899 993 4979 partemquamdam
1026 4901 1324 4959 Ezechielis
1360 4899 1654 4976 propheta,
1683 4916 1738 4962 et
1765 4899 1955 4963 contra
1996 4922 2186 4962 omnes
2214 4908 2469 4962 hareses.
2515 4905 2621 4961 Sed
2668 4914 2723 4961 et
2765 4906 2869 4960 alia
2906 4907 3048 4974 apud
3087 4903 3226 4959 alios
3266 4902 3531 4973 opuscula
3572 4899 3697 4967 ejus

460 4971 693 5024 inveniri
722 4980 929 5026 certum
954 4981 1056 5027 est.

531 5101 606 5187 (ί)
651 5102 879 5187 [ξυίίηιιε
909 5104 1317 5187 ἐτέραςρειυῃι
1341 5109 1409 5163 ad
1444 5108 1778 5187 φιλοκαλίας,
1813 5124 1924 5187 non
1958 5112 2025 5167 ad

461 5173 774 5249 ἐκκλησίας,
806 5186 864 5227 ιιι
888 5173 1085 5249 rectius
1110 5176 1233 5231 fecit
1259 5173 1633 5249 Hieronymus,
1660 5180 1817 5249 cujus
1846 5182 2024 5235 locum

460 5243 814 5333 exitiqtggquo
827 5246 1288 5333 scriptorum}ch
1321 5243 1487 5333 hapes
1515 5250 1675 5333 infra.
1700 5243 1805 5303 Pro
1830 5252 2021 5333 ἐκκληο

462 5312 580 5387 σίας
614 5314 703 5387 alii
734 5312 1275 5387 [θδψιι-παροικίας,
1299 5328 1357 5371 ut
1383 5318 1538 5373 Joan.
1572 5320 1788 5387 Langus
1828 5322 1895 5373 ad
1931 5312 2025 5375 Ni-

462 5330 580 5375 σιας
614 5330 703 5367 aut
736 5330 917 5437 tegunt
945 5330 1251 5387 παροικιας,
1299 5330 1357 5371 ut
1383 5330 1538 5373 Joan.
1572 5330 1788 5387 Langus
1828 5330 1895 5373 ad
1931 5330 2022 5375 Ni-

460 5384 681 5470 sfphori
710 5401 769 5470 γ’,
789 5453 801 5470 ι
821 5386 875 5450 5,
904 5387 996 5470 (ιιιί
1019 5386 1222 5467 .verbis
1242 5386 1457 5441 Eusebii
1495 5389 1656 5470 addit
1673 5389 2022 5470 ﬂippolytum

462 5453 669 5532 Πόρτου
711 5453 931 5532 Ῥώμης
956 5456 1123 5509 fuisse
1142 5457 1487 5532 episcopum;
1515 5461 1657 5527 quod
1673 5453 1939 5532 Eusebius
1970 5473 2024 5516 et

462 5520 833 5604 Hieronymps'
854 5520 1191 5604 ignoenunt;
1206 5538 1272 5604 _et
1295 5520 1384 5604 qui
1411 5520 1719 5604 Hieronymi
1764 5531 2023 5604 insistunt

461 5595 703 5665 yestigiis
749 5595 994 5665 juniores
1045 5596 1221 5649 -atini
1263 5598 1426 5650 etiam
1471 5595 1671 5652 inﬁma
1713 5602 1920 5665 atatis,
1961 5610 2021 5656 nt

456 5659 778 5787 ἕὶιὲίόἑιιιίυε
810 5664 1205 5723 Bellovacensis
1235 5665 1327 5722 lib.
1361 5684 1437 5723 xu
1479 5667 1690 5740 Speculi
1726 5659 2018 5727 histori'alis

2203 5116 2373 5241 (2)vln
2399 5118 2523 5173 cod.
2553 5116 2746 5173 Medic.
2774 5115 2972 5188 legitur
3001 5114 3280 5188 προσθείς,
3300 5113 3463 5180 male,
3499 5120 3555 5166 ut
3573 5110 3697 5179 opi-

2205 5205 2249 5241 r.
2326 5204 2473 5241 Αιεε.

2130 5203 2249 5242 nor.
2288 5203 2473 5243 VALES.

2203 5259 2279 5327 (ὅ)
2311 5258 2387 5313 lta
2417 5258 2698 5327 legendum
2726 5260 2869 5325 (cum
2897 5257 3084 5327 Graco
3106 5252 3424 5327 interprete)
3440 5267 3535 5322 pro
3554 5250 3693 5320 πρὸς

2128 5324 2369 5399 ὁμιλιῶν,
2404 5324 2577 5383 velut
2609 5330 2697 5383 alii
2729 5324 2856 5399 περὶ
2884 5324 3467 5399 ὁμιλιῶνηιῗλειιιειυε.

2202 5401 2276 5469 (4)
2320 5389 2681 5469 δὀριιιυηὶυε,
2711 5389 2824 5453 sive
2852 5389 3101 5468 quisquis
3129 5394 3232 5449 fuit
3261 5396 3524 5469 interpres
3543 5389 3698 5468 ϐιξεεο

2129 5465 2226 5525 cns
2258 5465 2557 5535 recentior,
2612 5465 3129 5539 vitiosamisecutus
3175 5473 3260 5519 est
3302 5465 3699 5539 interpunctiov

2128 5556 2273 5601 nem,
2305 5556 2425 5610 qua
2452 5530 2613 5594 etiam
2648 5542 2699 5610 in
2742 5538 2991 5610 pluribus
3022 5534 3345 5610 Hieronymi
3368 5530 3698 5610 edi'tionibus

2126 5600 2339 5673 exstat;
2352 5620 2603 5679 prasente
2636 5600 2856 5678 Origene
2883 5624 2937 5661 se
2954 5608 3103 5679 Loqui
3132 5607 3185 5660 in
3216 5600 3455 5660 Ecclesia
3480 5600 3695 5671 signiﬁ-

2127 5690 2210 5734 cat
2244 5682 2298 5735 in
2329 5676 2482 5750 huius
2511 5676 2919 5735 amulationem.
2951 5676 3168 5733 ΙεἈειιιο.
