3826 6530
175 364 276 419 573
1464 368 1553 425 DE
1591 369 1650 425 S.
1692 366 2095 427 HlPPOLYTO.
3298 358 3405 415 578

169 485 314 547 θείας
370 484 818 554 ὑπομνηματίσαι
868 485 1109 557 Γραφάς,
1166 484 1536 559 παρεσχηκὼς
1586 488 1680 541 αὐτ

1894 486 1978 540 ius
2005 483 2273 549 notarios,
2307 494 2605 551 eorumque
2650 492 2940 550 expensas,
2971 485 3023 533 et
3054 476 3402 531 librariorum

166 576 299 628 ἑπτὰ
337 574 431 627 καὶ
463 573 681 638 πλείους
711 574 1024 646 νοταρίους,
1058 576 1153 629 καὶ
1179 576 1278 640 τὰς
1308 576 1512 631 τούτων
1557 578 1677 632 δαπ‹

1891 592 2022 632 trem
2052 589 2361 639 numerum,
2392 572 2645 643 quodque
2680 571 2767 625 bis
2811 570 2989 639 majus
3024 577 3128 635 est,
3170 568 3402 621 incredi-

167 684 289 730 νας,
321 667 417 719 καὶ
444 665 848 737 καλλιγράφους
891 666 983 721 τὸν
1028 664 1145 721 ἴσον
1179 668 1433 740 ἀριθμὸν,
1462 671 1555 723 καὶ
1586 670 1678 723 ὅπε

1891 669 1930 723 li
1980 668 2164 724 studio
2201 666 2443 737 quotidie
2483 663 2553 719 ab
2591 678 2656 718 eo
2692 678 2829 732 opus
2869 663 3111 732 exigens.
3157 656 3310 714 Unde
3345 658 3401 711 in

164 758 271 809 ἐστὶ
306 758 511 827 μεῖζον,
537 757 845 828 ἀνυποίστῳ
879 757 1081 828 σπουδῇ
1115 758 1373 813 ἑκάστοτε
1401 760 1561 831 ἔργον
1593 778 1670 815 πα

1887 759 2073 814 radam
2107 757 2335 827 epistola
2379 753 2741 827 ὲργοδιὼκτην
2769 750 3028 823 Origenes
3060 766 3184 807 eum
3221 758 3398 806 vocat.

162 847 316 900 αὑτοῦ
355 848 624 904 ἀπαιτῶν.
663 849 754 902 Διὸ
798 851 856 902 ὲν
904 851 1003 921 μιᾷ
1054 849 1310 922 ἐπιστολῇ
1351 850 1755 922 ἐργοδιώκτην
1792 849 1958 903 αὑτὸν
1996 849 2275 920 Ὠριγένης
2298 847 2469 902 καλεῖ.

202 948 207 953 ”
1725 945 1815 1001 IV.

991 1060 1226 1116 Andreas
1259 1062 1601 1119 Caesariensis
1628 1064 1682 1118 in
1706 1063 2038 1133 Apocalyps.
2074 1077 2194 1127 xm,
2230 1062 2282 1128 1,
2314 1078 2437 1132 pag.
2468 1060 2555 1115 70.

221 1174 376 1237 Τινὲς
406 1176 504 1246 μὲν
532 1177 597 1230 τὸ
626 1180 830 1246 θηρίον
851 1179 1007 1233 τοῦτο
1034 1181 1451 1254 δευτερεύουσάν
1481 1200 1601 1237 τινα
1628 1182 1719 1235 δύ-

1897 1180 2127 1247 Quidam
2184 1194 2283 1249 per
2337 1180 2479 1234 hanc
2530 1177 2747 1232 bestiam
2810 1175 3083 1246 accipiunt
3141 1173 3394 1227 virtutem

155 1283 312 1335 ναμιν
335 1265 431 1318 τοῦ
469 1267 699 1334 Σατανᾶ,
733 1268 839 1323 τῶν
871 1270 1072 1326 λοιπῶν
1117 1272 1385 1343 δαιμόνων
1417 1273 1666 1343 ἄρχουσαι

1882 1272 2115 1327 tamdam
2162 1271 2371 1326 viribus
2413 1280 2466 1325 et
2510 1269 2750 1339 nequitia
2799 1266 2995 1322 Satana
3044 1263 3393 1323 inferiorem.

154 1358 460 1429 ὲξειλήφασι
480 1376 495 1389 °
522 1361 581 1413 τὸ
628 1360 686 1413 δὲ
719 1363 834 1431 μετ’
866 1362 995 1416 αὐτὸ
1026 1366 1090 1416 ὲκ
1132 1364 1229 1434 τῆς
1269 1364 1371 1435 γῆς
1416 1365 1563 1417 ἀνιὸν
1583 1404 1597 1429 ,
1624 1365 1665 1416 τὲ

1884 1366 2033 1418 :teris
2071 1371 2254 1417 autem
2292 1360 2630 1415 daemonibus
2660 1367 2891 1428 utroque
2924 1372 3121 1427 genere
3150 1356 3395 1411 eminen-

153 1449 531 1522 Ἀντίχριστον.
576 1451 700 1515 Τοῖς
737 1452 794 1506 δε
852 1453 1045 1519 ἁγίοις,
1096 1453 1339 1521 Μεθοδίῳ
1391 1456 1485 1508 καὶ
1528 1455 1664 1509 Ἰππε

1881 1471 2012 1511 irem
2041 1474 2054 1510 :
2082 1470 2179 1525 per
2208 1453 2437 1508 bestiam
2479 1467 2610 1507 vero
2655 1466 2778 1519 quae
2816 1449 2979 1520 paulo
3023 1455 3146 1517 post
3183 1463 3213 1500 e
3251 1454 3392 1500 terra

152 1539 285 1611 λὺτῳ
322 1542 419 1594 καὶ
464 1541 689 1613 ἑτέροις,
733 1544 812 1605 είς
856 1541 1063 1615 [αὑτὸν]
1108 1543 1199 1597 τὸν
1243 1544 1605 1615 Ἀντίχριστον
1648 1563 1663 1597 Ἰ

1880 1549 2068 1619 uergit,
2100 1546 2496 1601 Antichristum
2530 1544 2725 1613 ipsum.
2752 1542 2821 1595 At
2847 1551 3068 1595 sanctus
3088 1537 3391 1592 Methodius

153 1632 316 1703 παρὸν
355 1632 541 1703 θηρίον
570 1633 913 1704 ἐξείληπταιο
949 1638 1013 1689 ὲκ
1057 1636 1155 1705 τῆς
1205 1635 1582 1707 πολυταράχου
1614 1655 1664 1691 τε

1903 1640 2244 1710 Hippolytus,
2284 1645 2339 1691 et
2388 1637 2479 1690 alii
2526 1644 2757 1697 veteres,
2799 1635 2866 1689 de
2899 1635 3017 1703 ipso
3058 1631 3393 1685 Antichristo

152 1722 253 1793 βίου
310 1724 501 1777 τούτου
557 1724 832 1796 θαλάσσης
872 1727 966 1779 καὶ
1016 1726 1386 1798 πολυκύμονος
1418 1728 1663 1800 ὲξερχόμε

1881 1739 2136 1785 ωεθιιιειιι
2165 1730 2347 1784 locum
2380 1727 2717 1796 interpretati
2758 1734 2913 1790 sunt;
2959 1734 3017 1778 ut
3056 1724 3150 1794 qui
3178 1738 3246 1778 ex
3280 1731 3392 1775 tur-

149 1832 244 1867 ναν.
282 1816 367 1869 Τὰ
416 1815 471 1867 δὲ
504 1814 647 1870 δέκα
687 1816 903 1884 κέρατα
958 1818 1054 1871 σὺν
1085 1820 1199 1881 τοῖς
1251 1819 1579 1891 διαδήμασι,
1614 1838 1660 1873 κε

1887 1822 2032 1876 lento
2052 1821 2459 1890 plurimumque
2482 1820 2694 1874 undoso
2716 1818 2839 1872 vitae
2862 1818 3024 1887 hujus
3045 1820 3185 1870 mari
3206 1828 3391 1883 egres-

148 1910 194 1958 ai
224 1907 374 1960 ἑπτὰ
407 1908 662 1976 κεφαλαὶ
683 1949 699 1973 ,
733 1911 831 1981 τήν
862 1926 920 1962 τε
975 1909 1071 1963 τοῦ
1104 1910 1348 1965 διαϐόλου
1382 1913 1517 1984 πρὸς
1543 1913 1659 1967 αὐτὶ

1883 1925 1971 1966 rus
2001 1910 2095 1965 sit.
2134 1908 2239 1965 Per
2279 1910 2452 1964 decem
2483 1920 2665 1963 autem
2706 1924 2907 1961 cornua
2937 1906 3161 1961 totidem
3205 1903 3394 1959 diade-

149 1998 250 2069 [τὸν
323 1999 707 2072 Ἀντίχριστον]
763 2001 952 2054 ἕνωσιν
1007 2002 1299 2057 αἰνίττεται
1343 2003 1545 2073 (ταῦτα
1598 2004 1660 2073 γὸ

1877 2004 1975 2059 atis
2023 2012 2325 2069 exornata,
2372 2011 2426 2057 et
2472 2011 2665 2071 septem
2714 2000 2912 2069 capita,
2966 1997 3388 2053 familiaritatem

147 2086 272 2158 [καὶ]
315 2088 463 2159 αὐτῷ
520 2091 788 2161 προσόντα
825 2092 1078 2164 ἀνωτέρω
1106 2094 1487 2165 ἡρμήνευται),
1509 2096 1609 2166 τήν
1645 2110 1658 2140 ι

1876 2112 1957 2149 am
1987 2095 2237 2150 denotari
2271 2095 2479 2159 volunt,
2509 2107 2631 2162 qua:
2656 2092 2796 2146 inter
2824 2093 3002 2162 ipsum
3028 2098 3082 2144 et
3110 2088 3387 2143 diabolum

144 2181 213 2243 εἰς
231 2180 366 2232 δέκα
397 2181 497 2251 τῆς
521 2183 713 2253 γηΐνης
738 2180 1011 2251 βασιλείας
1043 2183 1131 2235 ἐπ’
1155 2183 1397 2254 ἐσχάτων
1417 2184 1655 2255 διαίρεσιε

1876 2188 2108 2244 tercedet
2149 2189 2297 2257 (nam
2351 2187 2467 2241 haec
2512 2186 2591 2240 illi
2634 2184 2801 2239 affore
2838 2183 2953 2253 jam
3000 2191 3125 2236 ante
3168 2196 3387 2250 quoque

142 2272 225 2323 καὶ
251 2272 353 2342 τὴν
387 2272 466 2343 τῷ
488 2273 676 2344 κόσμῳ
705 2273 879 2345 τούτῳ
906 2273 1188 2344 σύστοιχον
1221 2274 1579 2347 έϐδοματικὴν
1607 2275 1653 2346 βε

1873 2281 2103 2335 dicatum
2150 2282 2276 2351 est),
2332 2279 2590 2349 regnique
2632 2276 2833 2333 terreni
2875 2277 2930 2329 in
2983 2275 3166 2329 decem
3201 2283 3384 2344 partes

140 2361 350 2427 σιλείαν,
377 2363 519 2417 ἑπτὰ
561 2366 658 2435 μὲν
706 2366 942 2437 ἡμέραις
973 2367 1435 2437 ὲκμετρουμένην,
1470 2366 1609 2420 ἑπτὰ
1644 2368 1651 2416 i

1873 2372 2104 2426 stionem
2133 2389 2147 2438 ;
2188 2381 2243 2427 et
2277 2385 2501 2442 regnum
2525 2378 2783 2438 praeterea
2808 2366 3171 2437 septenarium
3196 2364 3384 2419 mundi

139 2449 397 2523 διαδοχαῖς
432 2454 811 2528 διαιρουμένην
835 2497 850 2522 ,
886 2457 962 2521 ὼς
992 2458 1051 2511 ὲν
1079 2460 1193 2521 τοῖς
1224 2457 1350 2530 ἑξῆς
1376 2458 1650 2530 ρηθήσετα

1871 2462 1971 2532 Ijus
2013 2464 2200 2518 cursui
2234 2451 2633 2517 conformatum
2653 2502 2668 2527 ,
2696 2474 2897 2530 septem
2930 2458 3149 2528 quidem
3173 2458 3382 2511 dierum

140 2545 308 2613 spatio
336 2546 745 2617 dimensum,et
770 2550 826 2603 in
851 2558 1054 2620 septem
1083 2566 1301 2607 rursum
1354 2552 1731 2609 successiones
1768 2552 2149 2626 distributum;
2191 2564 2357 2627 prout
2412 2555 2466 2610 in
2513 2554 2865 2626 sequentibus
2893 2552 3056 2607 latius
3117 2550 3171 2605 id
3210 2549 3381 2620 expli-

138 2639 360 2695 cabitur.

1167 2735 1391 2795 Idemin
1410 2740 1736 2817 Apocalyps.
1770 2761 1891 2810 xm,
1922 2742 2011 2808 18,
2080 2757 2205 2811 pag.
2237 2738 2327 2794 75.

195 2839 298 2895 Καὶ
330 2842 431 2916 τὴν
467 2844 567 2916 μὲν
597 2848 881 2920 ἀκρίϐειαν
937 2851 1035 2923 τῆς
1091 2851 1306 2924 ψήφου,
1355 2855 1431 2920 ὡς
1490 2859 1584 2911 καὶ
1630 2857 1701 2912 τὰ

1870 2859 2197 2913 Accuratam
2255 2852 2449 2908 calculi
2494 2850 2778 2915 notitiam,
2824 2858 2886 2905 ut
2929 2849 3139 2920 reliqua
3191 2846 3377 2901 itidem

134 2929 281 2985 λοιπά
329 2934 400 2987 τὰ
447 2937 574 3007 περὶ
606 2939 769 2992 αὑτοῦ
795 2941 1172 3012 γεγραμμένα,
1198 2945 1225 2996 ό
1265 2945 1456 3017 χρόνος
1487 2947 1645 3000 ἀποκι

1867 2964 1922 3002 ιεε
1944 2947 2011 3002 de
2032 2944 2371 3001 Antichristo
2397 2944 2596 3013 scripta
2626 2950 2863 3006 exstant,
2891 2950 3104 3012 tempus
3134 2952 3186 2994 et
3215 2953 3378 3009 expe-

134 3022 271 3093 λὺψει
297 3028 389 3079 καὶ
416 3028 449 3098 ἡ
483 3032 647 3100 πεῖρα
678 3034 789 3093 τοῖς
814 3032 1091 3102 νήφουσιν.
1126 3035 1189 3087 Ei
1216 3035 1325 3107 γὰρ
1359 3036 1484 3101 ἔδει,
1509 3038 1645 3091 καθά

1857 3040 1993 3095 entia
2048 3038 2179 3093 viris
2233 3036 2592 3106 prudentibus
2640 3044 2693 3090 et
2735 3034 2933 3090 sobriis
2977 3032 3368 3089 manifestabit.

135 3117 251 3183 φασί
311 3136 458 3183 τινες
506 3122 616 3175 τῶν
663 3122 1019 3188 διδασκάλων,
1073 3127 1259 3197 σαφῶς
1291 3130 1597 3200 γνωσθῆναι
1626 3148 1646 3183 ἰ

1860 3147 1935 3185 im
1968 3130 2014 3186 si
2044 3130 2100 3184 in
2134 3128 2405 3199 exquisita
2443 3128 2684 3183 nominis
2718 3128 2884 3197 hujus
2915 3126 3221 3196 cognitione
3252 3141 3371 3179 ma-

132 3209 350 3264 τοιοῦτον
392 3212 583 3284 ὄνομα,
630 3216 1005 3288 ὁτεθεαμένος
1037 3220 1103 3273 ἂν
1151 3221 1282 3274 αὐτὸ
1319 3222 1643 3293 ἀπεκάλυψεε

1859 3239 1959 3278 ιιιιιι
1992 3222 2209 3291 aliquod
2241 3237 2419 3291 operae
2445 3222 2681 3291 pretium
2711 3221 2876 3275 situm
2919 3228 3085 3283 esset,
3134 3218 3223 3272 ille
3262 3218 3370 3271 uti—

144 3302 286 3357 ’Δλλὰ
319 3305 420 3358 οὐκ
454 3283 744 3378 ευδὸκησεν
772 3311 805 3380 ἡ
840 3283 957 3364 θεῖα
993 3312 1151 3383 χάρις
1186 3314 1243 3366 ὲν
1281 3313 1400 3384 θείᾳ
1429 3283 1596 3386 βίϐλῷ
1627 3333 1655 3369 τ

1858 3328 1901 3368 te
1930 3313 2023 3383 qui
2047 3312 2309 3367 visionem
2346 3311 2642 3379 impressit,
2677 3318 2736 3364 ut
2768 3319 2978 3364 veteres
3008 3318 3152 3364 recte
3179 3310 3369 3363 admo~

132 3394 211 3446 τοῦ
236 3396 512 3467 λυμεῶνος
542 3399 712 3471 ὄνομα
739 3403 1035 3474 γραφῆναι.
1082 3405 1171 3467 Ὠς
1204 3406 1262 3458 ὲν
1294 3406 1602 3476 γυμνασίας
1624 3425 1643 3459 1

1855 3413 1941 3470 :nt,
1972 3403 2321 3472 evangelista:
2361 3400 2492 3457 illud
2532 3400 2893 3471 patefecisset.
2936 3391 3128 3455 Verum
3169 3400 3366 3455 divinae

130 3480 275 3554 λόγῳ,
311 3486 481 3541 πολλὰ
515 3488 663 3542 ἔστιν
711 3492 925 3565 εὑρεῖν,
959 3494 1100 3547 κατὰ
1133 3496 1222 3549 τὸν
1273 3495 1539 3567 μακάριον
1571 3498 1641 3549 'Ir.

1853 3494 1981 3549 otiae
2009 3493 2181 3559 aliud,
2213 3508 2375 3562 quam
2409 3493 2744 3561 corruptoris
2776 3492 3079 3562 perditique
3128 3492 3364 3548 hominis

129 3575 337 3629 πόλυτον
385 3579 481 3631 καὶ
532 3582 771 3654 ἐτέρους,
809 3585 1048 3655 ὀνόματα
1086 3587 1177 3640 τὸν
1230 3587 1460 3658 ἀριθμὸν
1500 3587 1640 3641 τοῦτι

1851 3600 2005 3648 lmen,
2044 3585 2229 3639 divino
2264 3585 2393 3639 huic
2424 3584 2565 3638 libro
2597 3584 2840 3638 inserere
2880 3583 3055 3638 visum
3093 3581 3212 3636 fuit.
3253 3578 3362 3636 Ve-

130 3666 462 3751 περιέχοντα,
491 3676 873 3747 προσηγορικὰ
901 3694 960 3730 τε
993 3679 1090 3731 καὶ
1131 3677 1318 3749 κύρια.
1351 3679 1532 3751 Κύρια
1566 3681 1641 3750 μὲ¹

1854 3684 2089 3734 mtamen
2120 3692 2216 3745 per
2261 3676 2483 3730 modum
2514 3675 2921 3730 exercitationis
2964 3674 3135 3729 multa
3165 3688 3360 3729 secun-

128 3750 226 3808 οῖον
253 3758 571 3833 Λαμπέτης,
604 3764 818 3831 Τειτὰν,
850 3768 916 3820 ὲκ
946 3767 1039 3821 τοῦ
1066 3770 1256 3832 τείνω,
1291 3769 1411 3821 καθ’
1443 3750 1639 3824 Ἱππόλι

1847 3785 1911 3821 ιιη
1953 3768 2017 3824 Β.
2056 3767 2403 3839 Hippolytum
2449 3775 2503 3823 et
2541 3769 2677 3824 alios
2713 3768 2946 3837 confingi
2990 3776 3222 3837 possunt
3259 3781 3358 3820 no-

126 3863 232 3901 τον·
262 3852 540 3919 Λατεῖνος,
575 3857 777 3927 ὁμοίως
812 3858 926 3931 [διὰ
960 3859 1308 3933 διφθόγγου·]
1343 3860 1637 3921 Βενέδικτος

1841 3861 1933 3915 ina
1952 3875 1975 3927 ,'
2010 3876 2133 3931 quae
2178 3876 2468 3916 numerum
2522 3860 2674 3914 illum
2721 3859 3172 3928 complectantur,
3229 3872 3352 3912 cum

126 3939 247 4013 ὅπερ
287 3946 647 4016 ἑρμηνεύεται
690 3949 1113 4024 εὐλογημένοςῆ
1167 3953 1486 4023 εὐλογητόςο
1539 3969 1637 4005 κατ

1841 3954 2027 4023 'opria,
2057 3962 2173 4007 tum
2202 3954 2364 4007 etiam
2393 3952 2741 4022 appellativa,
2775 3951 2938 4022 idque
2971 3952 3025 4003 in
3051 3950 3199 4004 omni
3227 3965 3352 4018 pro—

131 4032 338 4103 μίμησιν
366 4037 530 4107 τυχὸν
551 4039 644 4091 τοῦ
678 4039 891 4111 ἀληθῶς
922 4041 1285 4113 εὐλογημένου
1319 4042 1559 4115 Χριστοῦ
1582 4060 1642 4096 το

1842 4045 2069 4100 :modum
2104 4046 2306 4114 lingua.
2344 4044 2655 4113 Proprium,
2690 4042 2923 4112 exempli
2946 4057 3133 4104 causa,
3170 4040 3353 4099 Grrce

127 4122 245 4176 Θεοῦ
281 4127 456 4197 ἡμῶν.
486 4130 869 4203 Προσηγορικὰ
906 4133 962 4185 δὲ
982 4176 996 4201 ,
1027 4134 1214 4197 Κακὸς
1235 4133 1449 4206 ὁδηγὸς,
1474 4133 1638 4187 Παλαι

1837 4146 1851 4190 t
1880 4136 2199 4206 Λαμπέτης,
2222 4133 2410 4189 Latine
2429 4134 2764 4202 Benedictus,
2789 4133 3003 4189 Persice
3024 4131 3348 4187 Sarmmeas.

127 4214 394 4284 ϐάσκανος,
430 4220 677 4290 Ἀληθῶς
702 4223 992 4295 βλαϐερὸς,
1037 4224 1230 4295 Ἀμνὸς
1260 4226 1441 4289 ἄδικος
1459 4242 1472 4255 ⁸
1503 4220 1583 4289 οἷς
1609 4228 1636 4279 ὲ

1845 4228 1987 4281 milis
2031 4228 2087 4282 in
2127 4229 2335 4283 caeteris
2379 4227 2577 4298 linguis
2609 4226 2914 4281 eﬂ‘ormatio
2949 4226 3060 4283 fiat.
3105 4224 3351 4294 Appella—

123 4307 219 4360 τῶν
248 4312 664 4383 ἐναντιουμένων
689 4318 752 4386 τῇ
780 4316 954 4388 πλάνῃ
988 4316 1432 4390 ὲπικληθήσεται,
1466 4316 1564 4389 τὴν
1589 4320 1634 4373 οε

1838 4335 1891 4373 ro
1927 4334 2075 4383 vero,
2114 4329 2172 4374 ut
2201 4319 2370 4382 κακὸς
2408 4320 2619 4392 ὁδηγός,
2653 4320 2761 4371 dux
2798 4317 3097 4387 improbus;
3134 4316 3349 4389 ἀληθῶς

124 4397 261 4450 κείαν
282 4399 435 4465 δόξαν
461 4403 519 4454 ὲν
551 4402 779 4477 αἰσχύνῃ
807 4404 1103 4476 τιθέμενος.

1837 4408 2068 4481 .αϐερός,
2103 4425 2221 4463 cere
2269 4411 2492 4474 noxius;
2537 4410 2700 4463 πάλαι
2734 4409 3019 4479 βάσκανος,
3054 4408 3169 4479 jam
3224 4407 3348 4461 olim

121 4490 330 4559 invidus;
355 4496 527 4566 ἀμνὸς
548 4497 749 4564 ἄδικος,
786 4517 950 4570 agnus
974 4503 1218 4573 iniquus;
1255 4504 1455 4573 quibus
1478 4504 1546 4560 ab
1587 4504 1694 4559 illis
1742 4504 2013 4574 praecipue
2052 4504 2412 4574 appellabitur
2440 4505 2809 4559 Antichristus
2834 4543 2850 4568 ,
2889 4504 2984 4574 qui
3016 4517 3229 4558 errores
3282 4501 3347 4555 il-

122 4586 219 4645 lius
241 4602 590 4662 aversantur;
638 4594 906 4666 siquidem
949 4598 997 4654 is
1042 4599 1271 4669 gloriam
1305 4616 1463 4657 suam
1496 4602 1551 4655 in
1576 4599 1794 4672 ﬂagitiis
1832 4599 2033 4669 probro
2064 4599 2246 4671 dignis
2273 4601 2567 4656 constituet
2593 4602 2677 4655 vel
2706 4599 2963 4654 maxime.

1135 4715 1286 4772 Idem
1314 4715 1367 4772 in
1392 4717 1715 4791 Apocalyps.
1758 4734 1891 4786 xvrt,
1918 4718 2004 4785 10,
2027 4736 2149 4788 pag.
2176 4719 2299 4774 101.

176 4826 377 4894 Τοὺςδὲ
402 4832 513 4886 ἀπὸ
549 4832 659 4888 τῶν
710 4835 850 4890 ἑπτὰ
897 4836 1162 4908 βασιλέων
1194 4841 1462 4907 πεσόντας
1500 4843 1663 4896 πέντε

1839 4843 2039 4899 Beatus
2069 4843 2390 4916 Hippolytus
2414 4859 2511 4914 per
2543 4843 2709 4899 hosce
2736 4859 2878 4914 reges
2909 4842 3149 4913 quinque
3177 4840 3270 4911 qui
3305 4856 3336 4896 ο

116 4914 331 4987 βασιλεῖς
352 4963 367 4988 ,
400 4925 430 4976 ὁ
482 4927 755 4998 μακάριος
820 4930 1134 4996 Ἱππόλυτος
1186 4932 1389 4997 αἰῶνας
1444 4934 1627 4988 τούτου

1827 4944 1976 5004 :ptem
2006 4914 2338 4998 ceciderunt,
2368 4935 2567 4990 saecula
2610 4934 2856 5002 accepit:
2890 4948 2921 4987 e
2943 4933 3142 5002 quibus
3177 4947 3338 5000 quin-

115 5006 374 5071 ὲξέλιιϐενο
406 5010 481 5071 ὧν
518 5019 647 5082 τοὺς
680 5018 778 5090 μὲν
826 5020 1008 5085 πέντε,
1053 5026 1463 5096 παρῳχηκέναι,
1493 5026 1626 5080 τὸνέ

1823 5042 1874 5081 te
1919 5026 2031 5095 jam
2077 5027 2487 5096 praeterierunt;
2536 5024 2853 5089 sextum,in
2889 5040 2999 5093 quo
3043 5022 3334 5093 Apostolus

114 5098 284 5169 ἕκτον,
332 5108 582 5161 ἑστάναι·
633 5111 691 5163 ἐν
738 5104 782 5180 ᾧ
833 5113 1005 5168 ταῦτα
1050 5114 1293 5187 ἑώρακεν
1337 5117 1366 5168 ὁ
1411 5117 1625 5172 Ἀπύστι

1821 5133 1888 5172 ec
1916 5116 2073 5182 vidit,
2106 5118 2284 5172 adhuc
2311 5115 2582 5184 decurrit;
2612 5116 2899 5187 septimum
2929 5123 3134 5179 autem,
3161 5126 3219 5169 nt
3245 5114 3332 5168 ille

113 5190 221 5254 λοςο
254 5196 334 5250 τὸν
359 5199 416 5252 δὲ
447 5201 695 5273 ἕϐδομον,
725 5204 817 5259 τὸν
846 5206 983 5276 μετὰ
1024 5206 1094 5260 τὰ
1133 5213 1184 5271 ς’
1219 5207 1335 5280 ἔτη,
1378 5210 1544 5280 μήπω
1565 5211 1624 5279 μὲ

1818 5210 2042 5276 )inatur,
2073 5219 2194 5280 post
2226 5210 2406 5279 elapsa
2447 5226 2542 5267 sex
2584 5225 2854 5264 annorum
2902 5208 3069 5263 millia
3113 5209 3329 5263 tandem

115 5287 436 5357 ἐληλυθέναι,
470 5296 762 5366 ἐρχόμενον
811 5298 888 5363 δὲ,
945 5298 1123 5367 ὀλίγον
1165 5299 1247 5352 δεῖ
1296 5304 1493 5371 μεῖναι.
1550 5305 1626 5358 Κσ

1851 5304 2071 5374 prodet;
2111 5303 2202 5358 ubi
2236 5316 2418 5359 autem
2450 5319 2572 5359 sese
2605 5304 2919 5374 prodiderit,
2948 5320 3139 5374 parum
3165 5304 3332 5357 dura-

113 5378 271 5433 ταῦτα
302 5384 395 5453 μὲν
416 5385 590 5449 οὕτως
625 5388 896 5462 [ἐκεῖνος]’
929 5392 978 5444 εἰ
1009 5392 1089 5459 δὲ,
1121 5393 1196 5456 ὥς
1218 5410 1381 5464 φησιν
1400 5396 1428 5447 ὁ
1458 5393 1624 5466 [μακά

1813 5408 1859 5452 ι.
1900 5396 1965 5450 Ει
1996 5398 2109 5451 haec
2151 5396 2370 5467 quidem
2410 5396 2479 5451 ad
2522 5412 2647 5451 eum
2692 5397 2912 5453 modum
2945 5398 3054 5452 ille.
3097 5395 3324 5460 Forsan.

115 5471 239 5543 ριος]
272 5474 545 5548 Εἰρηναῖος
565 5518 579 5541 ,
614 5478 801 5553 ὥσπερ
832 5483 971 5537 ἑπτὰ
996 5485 1199 5557 ἡμέραι
1235 5486 1626 5560 δεδημιούργην

1815 5507 1820 5542 ι
1859 5489 1919 5543 Β.
1953 5488 2141 5544 lrenzei
2169 5489 2455 5553 sententia,
2490 5499 2693 5560 septem
2724 5489 2925 5545 conditi
2955 5498 3082 5545 sunt
3108 5489 3245 5549 dics,
3271 5496 3326 5543 et

112 5572 193 5649 ται
215 5600 230 5623 ,
255 5562 388 5617 οὕτω
433 5566 525 5620 καὶ
555 5570 695 5623 ἑπτὰ
714 5572 949 5642 οὐρανοὶ,
984 5574 1078 5628 καὶ
1119 5574 1256 5628 ἑπτὰ
1284 5577 1501 5645 ἄγγελοι
1550 5579 1623 5631 τῶ

1814 5589 1965 5648 eptem
2006 5580 2152 5638 coeli.
2186 5589 2240 5634 et
2271 5589 2475 5649 septem
2524 5580 2700 5649 angeli
2737 5581 2947 5634 caeteris
2983 5579 3325 5649 praestantio-

113 5648 298 5705 λοι-τῶν
326 5657 667 5730 προῦχοντες,
704 5664 797 5716 καὶ
820 5665 975 5735 ἡμῶν
1003 5666 1269 5736 λεγόντων
1316 5670 1624 5741 εὐπαράδεκ

1810 5688 1879 5738 es;
1917 5672 1989 5727 ita
2013 5673 2126 5743 jam
2161 5674 2287 5728 inde
2320 5674 2389 5728 ab
2410 5674 2635 5729 exordio
2659 5688 2829 5743 usque
2854 5673 2922 5727 ad
2951 5673 3134 5729 saeculi
3161 5674 3321 5729 linem

112 5758 194 5801 τον
227 5748 336 5811 τοῖς
384 5749 636 5805 ἀκούουσι
689 5753 935 5823 φαίνεται
977 5755 1038 5810 τὸ
1070 5758 1159 5812 καῖ
1205 5759 1344 5814 ἑπτὰ
1376 5761 1623 5832 βασιλεία

1809 5775 1965 5834 Ῥιθιιι
2003 5780 2166 5835 regna
2193 5764 2401 5821 caeteris
2433 5763 2726 5820 celebriora
2770 5764 2903 5819 citra
2932 5764 3320 5821 absurditatcm
