3826 6484
459 346 569 401 575
1686 333 2101 391 resrmoms
2146 334 2480 393 veranum
3595 342 3685 400 576

458 477 705 522 statuere
737 462 955 527 licebit;
990 475 1019 515 e
1057 460 1257 531 quibus
1291 459 1531 529 quinque
1565 458 1678 529 jam
1708 468 1822 514 tum
1854 458 2037 514 conci-

1778 474 1822 513 m
1854 458 2037 514 conci-
2066 473 2107 528 Α
2137 454 2274 512 εἶναι
2306 458 2404 522 τὰς
2442 458 2535 511 ἀπ’
2579 456 2752 529 ἀρχῆς
2795 456 2954 529 μέχρι
2989 455 3134 530 [τοῦ]
3178 456 3273 511 νῦν
3305 457 3686 529 περιϐοήτους·

459 556 647 609 derant
671 572 683 607 :
704 560 939 614 sextum,
963 566 1086 605 cum
1113 549 1467 619 Apocalypsis
1490 550 1834 613 cernebatur,
1858 549 2036 604 adhuc

1778 565 1834 613 ir,
1858 549 2036 604 adhuc
2135 544 2209 605 ὧν
2242 550 2341 614 τὰς
2384 551 2482 622 μὲν
2537 549 2697 603 πέντε
2740 549 2842 620 ήδη
2874 550 3218 603 πεπτωκέναι
3238 567 3251 580 ·
3287 549 3385 620 τὴν
3412 550 3470 603 δὲ
3502 550 3687 622 ἕκτην,

462 646 815 706 consistebat,
843 654 897 698 et
924 643 1138 711 quidem
1172 642 1225 694 in
1257 642 1478 710 antiqua
1501 639 1675 695 Roma
1703 660 1715 695 :
1745 641 2035 711 septimum

1778 641 2035 711 eptimum
2134 641 2220 708 ἐφ’
2251 636 2319 711 ἧς
2362 638 2546 712 ὡράθη
2574 642 2606 710 ὴ
2657 640 3041 705 Ἀποκάλυψις,
3076 641 3293 695 ἑστάναι
3320 642 3527 712 ταύτην
3558 646 3684 714 ὲντῇ

459 752 623 807 porro
678 751 772 805 per
803 733 854 787 id
889 742 1102 802 tempus
1125 730 1355 785 necdum
1391 732 1712 787 advenerat:
1740 746 1897 787 novas
1928 731 2039 789 R02

1780 746 1897 787 ova}
1928 731 2039 789 Rose
2136 731 2343 803 παλαιᾷ
2390 730 2611 803 Ῥώμῃο
2655 732 2753 801 τὴν
2799 732 2856 786 δὲ
2888 732 3121 804 ἑϐδόμην
3160 734 3323 805 μήπω
3354 734 3687 805 ἐληλυθέναι,

460 843 563 884 me
590 827 902 898 imperium.

2132 823 2231 895 τὴν
2266 826 2322 877 ὲν
2350 826 2415 895 τῇ
2443 823 2540 895 νέᾳ
2575 822 2845 896 [Ῥώμῄ.

2044 943 2105 997 V.

810 1058 1043 1128 Cyrillns
1078 1057 1543 1128 Scythopolitanus
1569 1062 1624 1114 in
1658 1060 1778 1116 Vita
1821 1061 2499 1185 ﬁnguthymiiseabbatis;
2528 1064 2599 1116 'in
2637 1062 2913 1116 Analectis
2966 1061 3168 1117 Graecis
3217 1062 3345 1118 edit.
3379 1080 3410 1116 a
3438 1066 3687 1121 monachis

824 1154 827 1159 λ
1976 1172 2014 1185 ..
2039 1149 2162 1185 naa.
2270 1171 2285 1185 .
2928 1156 2931 1159 -

824 1154 827 1159 λ
1876 1149 2014 1195 115.,
2038 1151 2045 1201 λ

1876 1149 2014 1195 υση
2038 1149 2162 1203 pag.
2194 1149 2285 1185 cz.
2928 1156 2931 1159 -

527 1223 721 1278 Obitus
767 1229 949 1276 autem
990 1222 1111 1290 ejus
1157 1219 1475 1293 (Euthymii)
1523 1224 1722 1277 accidit
1768 1224 2027 1294 vigesima

1778 1224 2027 1294 vigesima
2215 1223 2280 1277 Ἦ
2304 1222 2361 1275 δὲ
2394 1223 2670 1288 τελείωσις
2702 1223 2866 1281 αὑτοῦ
2901 1225 3092 1293 γέγονε
3122 1224 3261 1278 κατὰ
3280 1226 3380 1297 τὴν
3402 1226 3589 1278 είκάδα
3607 1226 3689 1279 τοῖ

458 1314 664 1368 mensis
693 1312 959 1376 Januarii,
996 1313 1282 1366 undecima
1318 1313 1634 1377 indictione,
1680 1328 1711 1366 a
1754 1316 2030 1371 creatione

1778 1316 2030 1371 :reatione
2149 1313 2476 1391 Ἰανουαρίου
2504 1339 2509 1347 ι
2540 1315 2708 1387 μηνὸς
2734 1315 2836 1385 τῆς
2867 1316 3157 1386 ἑνδεκάτης
3191 1317 3442 1382 ίνδίκτου,
3478 1316 3583 1370 ἀπὸ
3607 1318 3692 1387 μὲν

458 1404 669 1468 mundi,
695 1419 726 1458 a
766 1418 876 1473 quo
918 1403 1050 1459 solis
1086 1418 1283 1457 cursus
1329 1403 1588 1473 temporis
1624 1418 1879 1459 mensura
1907 1421 2031 1461 esse

1782 1421 1879 1459 ura
1907 1421 2031 1461 esse
2137 1402 2365 1466 κτίσεως
2417 1405 2624 1475 κόσμου
2663 1404 2754 1472 ἀφ’
2799 1397 2969 1476 οὗπερ
3019 1407 3207 1477 χρόνος
3248 1404 3465 1477 ’ἤρξατο
3510 1410 3573 1477 τῇ
3611 1408 3691 1459 τοῦ

460 1496 708 1566 ἰιιεωρῑι,
769 1510 913 1550 anno
955 1496 1247 1565 quinquies
1295 1496 1584 1551 millesimo
1621 1498 2036 1568 nongentesimo

1778 1498 2036 1555 entesimo
2137 1493 2289 1563 ἡλίου
2309 1496 2448 1565 φορᾷ
2479 1493 2816 1566 μετρεῖσθαι,
2849 1494 3002 1559 ἔτους
3034 1497 3283 1567 πέμπτου
3312 1498 3605 1569 ἑξηκοστοῦ
3622 1500 3693 1549 ὲν-

460 1589 804 1658 sexagesimo
831 1588 1054 1657 quinto;
1085 1604 1115 1642 a
1147 1586 1243 1642 Dei
1274 1586 1438 1642 Verbi
1475 1604 1541 1643 ex
1580 1587 1804 1660 Virgine
1843 1591 2037 1645 huma-

1778 1606 1804 1645 e
1843 1591 2037 1645 humu-
2135 1584 2481 1637 νακοσιοστοῦ
2514 1586 3065 1656 πεντακισχιλιοστοῦ·
3097 1588 3203 1640 ἀπὸ
3235 1588 3292 1641 δὲ
3322 1590 3419 1659 τῆς
3448 1588 3584 1641 Θεοῦ
3608 1586 3695 1640 Δό-

459 1694 545 1734 nae
572 1688 780 1733 naturae
808 1679 1184 1748 assumptione
1217 1686 1271 1733 et
1302 1680 1600 1734 secundum
1627 1696 1846 1736 carnem
1873 1697 2037 1751 gene-

1778 1697 1846 1735 :m
1873 1697 2037 1751 gena.
2139 1692 2235 1743 γου
2258 1676 2323 1727 ὲκ
2370 1674 2645 1747 Παρθένου
2696 1677 3159 1749 ἐνανθρωπήσεως
3201 1679 3294 1733 καὶ
3341 1679 3485 1733 κατὰ
3536 1681 3693 1751 σάρκα

460 1770 694 1834 ratione,
747 1785 891 1824 anno
948 1770 1483 1841 quadringentesimo
1516 1772 1854 1841 sexagesimo
1874 1774 2035 1841 quin—

1778 1787 1854 1827 no
1874 1774 2035 1841 quin-
2134 1766 2460 1835 γεννήσεως,
2484 1765 2635 1829 ἔτους
2666 1767 2915 1837 πέμπτου
2934 1767 3223 1838 ἑξηκοστοῦ
3255 1772 3691 1841 τετρακοσιοστσῦ

462 1871 538 1925 to,
576 1862 873 1916 secundum
903 1861 1171 1929 descripta
1201 1869 1443 1930 tempora
1476 1876 1508 1915 a
1533 1862 1738 1917 sanctis
1775 1858 2030 1915 Palribus

1778 1858 2030 1915 Pan-ibus
2138 1855 2281 1909 κατὰ
2305 1857 2429 1919 τοὺς
2483 1859 2894 1928 συγγραφέντας
2951 1860 3176 1929 χρόνους
3219 1861 3323 1914 ὑπὸ
3376 1861 3486 1915 τῶν
3540 1863 3692 1931 ἁγίων

462 1952 754 2024 Hippolyto
792 1954 1019 2022 antiquo
1043 1962 1098 2007 et
1125 1952 1385 2021 apostolis
1423 1959 1573 2015 noto,
1598 1950 1901 2021 Epiphanio
1926 1951 2031 2023 Cy-

1778 1952 1901 2007 anio
1926 1951 2031 2023 Cy-
2136 1946 2398 2017 Πατὲρων
2438 1947 2755 2025 Ἱππολύτου
2778 1949 2871 2002 τοῦ
2894 1950 3120 2004 παλαιοῦ
3162 1952 3256 2005 καὶ
3292 1952 3570 2023 γνωρίμου
3601 1953 3694 2005 τῶν

462 2046 656 2115 priola,
680 2054 733 2100 et
762 2044 974 2099 Heroue
996 2044 1321 2114 philosopho
1344 2053 1398 2098 et
1419 2043 1749 2099 conlessore.

2134 2039 2462 2106 ἀποστόλων,
2522 2042 2617 2095 xal.
2688 2043 3001 2113 Ἐπιφανίου
3045 2044 3139 2097 τοῦ
3204 2045 3554 2115 Κυπριώτου,
3614 2048 3696 2098 καὶ

1778 2116 1785 2123 κ
2138 2131 2386 2203 Ἦρωνος
2413 2132 2508 2186 τοῦ
2543 2134 2831 2204 φιλοσόφου
2863 2137 2955 2190 καὶ
2985 2136 3334 2207 ὁμολογητοῦ.

2054 2224 2138 2279 VI.

1088 2316 1335 2371 Leontius
1363 2315 1695 2386 Byzantinus
1731 2314 1928 2386 πράξει
1960 2315 2066 2369 sive
2094 2318 2420 2387 lectionem,
2463 2320 2539 2374 De
2574 2321 2758 2385 sectis,
2796 2338 2919 2391 pag.
2952 2320 3077 2375 450.

533 2410 891 2480 Temporibus
922 2408 1027 2464 illis
1056 2425 1177 2479 qua:
1212 2424 1242 2462 a
1287 2406 1490 2462 Christi
1531 2406 1817 2460 nativitate
1860 2422 2032 2476 usque

1778 2421 1817 2460 .e
1860 2422 2032 2476 usque
2222 2410 2496 2478 Ἐγένοντο
2516 2410 2571 2463 δὲ
2592 2412 2649 2463 ὲν
2669 2414 2781 2474 τοῖς
2799 2412 3008 2483 χρόνοις
3036 2414 3146 2476 τοῖς
3164 2412 3269 2465 ἀπὸ
3296 2413 3395 2483 τῆς
3414 2416 3699 2486 γεννήσεως

461 2503 527 2557 ad
571 2502 854 2571 imperium
886 2500 1227 2556 Constantini
1261 2508 1638 2561 numerantur,
1679 2497 1734 2551 hi
1778 2498 2031 2553 doctores

1778 2498 2031 2553 doctores
2142 2500 2238 2553 τοῦ
2305 2501 2539 2574 Χριστοῦ
2617 2502 2778 2573 μέχρι
2836 2504 2935 2574 τῆς
2990 2504 3261 2574 βασιλείας
3303 2507 3697 2559 Κωνσταντίνου

461 2605 517 2649 et
540 2593 728 2647 Patres
757 2593 1080 2647 exstiterunt
1105 2612 1118 2645 :
1151 2591 1394 2662 Ignatius
1422 2591 1512 2645 ille
1546 2590 1903 2659 theophorus,
1929 2588 2032 2644 Ire-

1778 2606 1903 2655 ιτυε,
1929 2588 2032 2644 Ire-
2068 2629 2108 2683 Β
2136 2592 2445 2646 διδάσκαλοι
2480 2594 2574 2648 καὶ
2605 2593 2845 2664 Πατέρες
2880 2594 3021 2646 οἶδε’
3069 2594 3324 2662 Ἰγνάτιος
3360 2598 3389 2649 ό
3420 2596 3696 2668 θεοφόρος,

463 2702 636 2749 meus,
671 2684 920 2739 Justinus
957 2685 1311 2754 philosophus
1346 2692 1399 2737 et
1433 2691 1658 2753 martyr,
1687 2680 1936 2735 Clemens
1982 2691 2035 2736 et

1778 2697 1936 2735 mens
1982 2691 2035 2736 et
2071 2680 2099 2683 ᾖ
2141 2686 2446 2757 Εἰρηναῖος,
2492 2687 2771 2749 Ἰουστῖνος
2829 2685 3119 2754 φιλόσοφος
3151 2689 3248 2740 καὶ
3299 2688 3527 2759 μάρτυς,
3568 2689 3698 2760 Κλή-

463 2778 789 2848 llippolytus
814 2776 1053 2846 episcopi
1083 2774 1337 2838 Romani,
1365 2773 1655 2845 Dionysius
1684 2772 2030 2843 Areopagita.

1778 2772 2030 2843 :opagita.
2143 2794 2251 2847 μης
2281 2779 2375 2830 καὶ
2413 2776 2732 2840 Ἱππόλυτος
2763 2777 3050 2830 ἐπίσκοποι
3090 2777 3338 2849 Ῥώμης,
3386 2782 3699 2843 Διονύσιοςὸ

461 2870 771 2925 Methodius
811 2869 1121 2924 Patarensis
1173 2868 1482 2938 episcopus,
1527 2865 1821 2936 Gregorius
1866 2867 2035 2920 mira-

1778 2882 1821 2921 lS
1866 2867 2035 2920 mira-
2154 2868 2579 2939 Ἀρεοπαγίτης,
2624 2868 2886 2930 Μεθόδιος
2932 2870 3230 2934 ἐπίσκοπος
3256 2873 3548 2942 Πατάρων,
3575 2872 3698 2943 Γρη-

460 2964 714 3018 culorum
752 2963 991 3027 ell‘ector,
1015 2961 1207 3017 Petrus
1240 2960 1642 3014 Alexandrinus
1669 2959 1958 3028 episcopus
1980 2965 2035 3012 et

1778 2974 1958 3028 iCOpllS
1980 2965 2035 3012 et
2140 2960 2323 3032 γόριος
2350 2963 2378 3013 ὁ
2403 2961 2819 3035 Θαυματουργὸς
2836 3002 2851 3028 ,
2873 2963 3076 3035 Πέτρος
3105 2966 3133 3016 ὁ
3174 2964 3570 3036 Ἀλεξανδρείας
3588 2967 3696 3017 trti-

462 3067 691 3127 martyr.

2142 3067 2346 3114 σκοπος
2383 3052 2478 3104 καὶ
2520 3052 2751 3123 μάρτυς.

2039 3162 2150 3217 VII.

1193 3259 1253 3315 S.
1282 3257 1520 3313 Isidorus
1546 3258 1880 3329 Hispalensis
1908 3256 2000 3311 lib-
2026 3273 2079 3311 vr
2135 3254 2442 3327 Originum,
2469 3275 2588 3328 cap.
2624 3258 2708 3323 16,
2734 3276 2856 3330 pag.
2888 3259 2976 3312 77.

532 3339 1104 3423 Paschalem'Cyclum
1142 3351 1465 3422 Hippolytus
1506 3352 1797 3421 episcopus
1828 3359 2041 3420 tempo-
2134 3348 2421 3403 ediderunt
2447 3368 2461 3405 :
2514 3350 2671 3421 cujus
2699 3352 2919 3421 quidem
2949 3350 3215 3405 rationem
3240 3351 3586 3407 beatissimus
3607 3352 3697 3423 Cy-

461 3443 617 3498 ribus
674 3443 968 3497 Alexandri
1020 3443 1365 3513 imperatoris
1426 3443 1634 3512 primus
1689 3441 2039 3509 conscripsit.
2136 3440 2292 3495 rillus
2318 3440 2699 3498 Alexandrina:
2720 3443 2870 3499 urbis
2891 3443 3177 3512 episcopus
3206 3443 3260 3497 in
3285 3458 3387 3498 xcv
3412 3460 3583 3499 annos
3615 3460 3697 3514 per

466 3533 595 3589 Post
622 3550 781 3604 quem
821 3535 1193 3603 probatissimi
1238 3544 1489 3590 auctores
1539 3533 1807 3589 Eusebius
1852 3532 2039 3587 Caesa-
2138 3531 2381 3601 quinque
2418 3533 2606 3588 decem
2651 3536 2841 3589 novies
2880 3534 3193 3599 calculans,
3228 3543 3398 3604 quoto
3444 3534 3697 3590 Kalendas

468 3624 685 3689 riensis,
716 3623 1049 3693 Theophilus
1088 3623 1507 3688 Alexandrinus,
1552 3623 1785 3693 Prosper
1825 3636 2044 3691 quoque
2140 3623 2221 3677 vel
2244 3624 2372 3678 luna
2394 3624 2587 3679 debeat
2606 3626 2881 3695 paschalis
2912 3627 3231 3684 solemnitas
3256 3629 3543 3696 celebrari,
3566 3645 3697 3685 sum-

466 3716 687 3769 natione
742 3716 1049 3785 Aquitanus
1105 3724 1270 3786 atque
1325 3715 1637 3771 Victorinus
1699 3714 2043 3784 ampliﬁcatis
2140 3731 2229 3771 ma
2259 3716 2522 3772 brevitate
2555 3717 2781 3772 notavit.

466 3806 713 3876 ejusdem
748 3804 1062 3861 festivitatis
1092 3805 1399 3861 rationibus
1440 3805 1773 3875 multiplices
1808 3804 2045 3859 circulos

2022 3920 2156 3975 VIII.

714 4016 773 4073 S.
811 4016 1098 4072 Germanus
1144 4018 1563 4087 archiepiscopus
1591 4015 1726 4082 CP.,
1754 4015 1805 4069 in
1836 4015 2045 4068 Μυστικ

1778 4032 1805 4069 n
1836 4015 2086 4086 Μυστικῇ
2123 4014 2581 4085 Θεωρίᾳᾼιιειαν.
2631 4015 2887 4071 Ducwani
2912 4027 3041 4070 tom.
3068 4015 3133 4080 II,
3161 4031 3282 4085 pag.
3319 4013 3443 4068 I48.

534 4116 591 4170 Id
614 4125 668 4171 et
713 4113 1035 4187 Hippolytus
1068 4131 1100 4170 e
1125 4114 1299 4169 Roma
1322 4124 1376 4169 et
1404 4113 1464 4168 S.
1489 4112 1725 4185 Cyrillus
1759 4111 2031 4166 aﬂirmant

1778 4111 2031 4166 tﬂirmant
2220 4110 2390 4164 Τοῦτο
2421 4113 2511 4165 καὶ
2547 4113 2864 4177 Ἱππόλυτος
2903 4111 3119 4183 Ῥώμης
3145 4112 3239 4165 ml.
3263 4112 3292 4163 ὁ
3325 4111 3478 4180 ἅγιος
3507 4109 3697 4181 Κύριλ-

464 4207 519 4264 in
556 4208 709 4287 libris
744 4207 859 4262 suis
888 4206 954 4261 de
988 4206 1343 4269 Antichristo,
1365 4220 1508 4258 anno
1539 4205 1714 4259 sexies
1741 4204 2033 4259 millesimo

1778 4204 2033 4259 iiIlesimo
2138 4200 2508 4272 λος-λέγουσιν
2531 4206 2589 4258 ὲν
2610 4209 2721 4270 τοῖς
2751 4204 2993 4277 περὶτοῦ
3017 4204 3385 4275 Ἀντιχρίστου
3413 4202 3583 4271 λόγοις
3610 4202 3695 4253 αὖ·

464 4286 900 4372 quingentesimo
937 4286 1182 4353 futurum
1212 4296 1461 4368 (Christi)
1489 4296 1801 4350 adventum.

1787 4336 1801 4349 .
2136 4292 2261 4357 τῶν,
2298 4296 2355 4347 ὲν
2382 4296 2459 4366 τῷ
2503 4295 2939 4368 ἑξακισχιλιοστῷ
3001 4295 3432 4366 πεντακοσιοστῷ
3469 4294 3571 4348 ἔτει
3606 4293 3694 4363 τὴν

2144 4385 2443 4454 μέλλουσαν
2486 4390 2786 4460 παρουσίαν
2809 4389 3045 4443 ἔσεσθαι.

2047 4498 2137 4554 IX.

992 4621 1052 4675 S.
1080 4620 1311 4675 Joannes
1354 4619 1712 4673 Damascenus
1740 4620 1793 4671 in
1831 4617 1984 4673 Sacr.
2012 4619 2286 4685 Parallel.,
2324 4629 2363 4674 t.
2401 4619 2467 4688 Il,
2493 4638 2613 4692 pag.
2643 4622 2739 4676 781
2770 4624 2898 4677 edit.
2934 4622 3181 4693 Lequien.

534 4736 593 4791 S.
635 4736 905 4809 Hippolyti
950 4739 1193 4809 episcopi
1223 4738 1428 4804 Romae,
1456 4737 1524 4793 de
1564 4737 1783 4793 Christo
1823 4746 1879 4792 et
1920 4737 2029 4791 An-

1778 4760 1783 4787 »
1823 4746 1879 4792 et
1920 4737 2029 4791 An-
2057 4742 2103 4801 ε
2217 4740 2534 4793 Ἱππολύτου
2569 4741 2866 4794 ἐπισκόπου
2907 4741 3144 4813 Ῥώμης,
3190 4742 3319 4812 περὶ
3358 4740 3585 4812 Χριστοῦ
3610 4739 3694 4791 καὶ

459 4825 732 4881 tichristo.

2141 4830 2235 4883 τοῦ
2283 4832 2665 4902 Ἀντιχρίστου.

531 4917 637 4971 Sed
665 4920 749 4973 his
771 4919 837 4973 ad
866 4919 956 4973 Dei
983 4921 1207 4989 gloriam
1233 4920 1288 4973 in
1318 4931 1661 4975 antecessum
1692 4920 1874 4983 dictis,
1900 4930 2031 4985 etc.,

1778 4920 1874 4983 tis,
1900 4930 2031 4985 etc.,
2214 4922 2292 4991 (5)
2340 4923 2498 4975 Ἀλλὰ
2544 4922 2749 4975 τούτων
2780 4922 2836 4976 ἐν
2877 4922 3148 4994 προοιμίῳ
3179 4922 3258 4984 είς
3287 4920 3447 4986 δόξαν
3474 4919 3597 4974 Θεοῦ
3626 4918 3696 4969 εί-

459 5024 621 5079 usque
651 5010 741 5074 ad,
773 5010 969 5065 Libero
1000 5011 1253 5065 circuire.

2141 5013 2412 5086 ρημένων,
2445 5032 2497 5068 κ.
2520 5031 2571 5067 τ.
2604 5012 2989 5084 λ.,πομπεύειν
3017 5011 3094 5082 τῷ
3115 5011 3371 5083 Διονύσῳ.

2040 5110 2122 5166 Χ.’

568 5197 627 5253 S.
678 5200 1005 5273 Nicephorus
1037 5207 1149 5263 ΟΡ.
1176 5210 1230 5263 in
1288 5210 1591 5281 Chronogr.
1624 5226 1744 5280 pag.
1774 5209 1899 5275 401,
1931 5211 2059 5332 fidit.
2100 5210 2304 5333 Paris,
2336 5207 2439 5264 519
2501 5206 2698 5272 Venet,
2731 5206 3012 5277 interprete
3034 5206 3321 5261 Anastasio
3374 5204 3512 5258 Bibl.
3544 5202 3592 5253 in

1984 5292 2070 5333 lsl.
2114 5297 2205 5333 ccc
2234 5320 2247 5333 .

1984 5292 2070 5335 151..
2114 5292 2247 5336 CCCI.

533 5362 646 5419 Sub
673 5366 836 5438 hujus
880 5369 1111 5444 (Severi)
1153 5373 1384 5444 imperio
1418 5372 1683 5428 Leonides
1722 5382 1873 5443 pater
1907 5372 2030 5429 Ori-

1778 5382 1873 5429 iler
1907 5372 2030 5429 Ori-
2216 5376 2341 5429 Ἐπὶ
2361 5374 2548 5427 τούτου
2583 5372 2867 5444 (Σευῆρου)
2897 5372 3171 5443 βασιλείας
3198 5370 3454 5441 Λεονίδης
3477 5371 3505 5421 ὁ
3524 5363 3692 5433 πατὴρ

461 5456 617 5522 genis
657 5462 1041 5531 martyrizatus
1106 5474 1209 5529 est,
1233 5474 1289 5519 et
1367 5464 1688 5535 Hippolytus
1749 5464 2029 5521 Romanus

1778 5466 2029 5521 lomanus
2148 5466 2453 5538 Ὠριγένους
2490 5465 2888 5536 ἐμαρτύρησεν,
2919 5465 3012 5517 καὶ
3051 5463 3365 5526 Ἱππόλυτος
3386 5465 3415 5515 ὁ
3440 5459 3692 5529 Ῥωμαῖος

463 5548 697 5617 scriptor
756 5553 1021 5618 ﬂorebat,
1076 5566 1237 5625 atque
1293 5556 1589 5625 Gregorius
1638 5557 2027 5612 miraculorum

1778 5557 2027 5612 culorum
2136 5556 2483 5627 συγγραφεὺς
2534 5554 2770 5624 ἧκμαζε,
2822 5555 2915 5606 καὶ
2966 5553 3265 5624 Γρηγόριος
3306 5556 3334 5607 ὁ
3376 5553 3693 5621 Θαυματουρ-

462 5635 704 5702 effector,
727 5650 781 5695 et
804 5642 1057 5700 Clemens
1081 5646 1504 5701 Alexandrinus.

2129 5648 2227 5717 γὸς
2256 5649 2349 5701 καὶ
2378 5644 2606 5717 Κλήμης
2636 5647 2664 5697 ὁ
2710 5644 3108 5716 Ἀλεξανδρεύς.

536 5774 915 5855 (Ei)_E_xcerpta
947 5794 1075 5855 sunt
1108 5800 1173 5839 ex
1206 5784 1442 5855 genuino
1473 5784 1743 5855 Hippolyti
1774 5800 1935 5853 opere
1963 5787 2024 5838 de

1778 5800 1935 5853 opere
1963 5787 2024 5838 de
2132 5794 2290 5846 runt,
2332 5782 2630 5855 πομπεύειν
2672 5781 2747 5852 τῷ
2793 5782 3065 5851 Διονύσῳ,
3122 5798 3185 5837 ex
3222 5782 3316 5836 lib.
3360 5779 3402 5834 II
3453 5775 3685 5834 Machab.

536 5801 615 5842 to)
653 5801 915 5851 nxcerpta
947 5801 1075 5838 sunt
1108 5801 1173 5839 ex
1240 5801 1442 5838 onmno
1476 5801 1743 5855 mppOIytl
1774 5801 1935 5853 opere
1963 5801 2024 5838 ac
2132 5801 2290 5846 runt,
2332 5801 2630 5852 πομπευειν

466 5846 808 5919 Amic/arista,
844 5869 998 5923 capp.
1033 5853 1065 5909 5
1092 5864 1146 5911 et
1172 5801 1258 5923 Lg,
1282 5855 1375 5911 ubi
1403 5856 1502 5911 sub
1530 5858 1691 5911 linem
1724 5855 1814 5911 illa
1842 5871 2031 5912 occur-
2144 5872 2191 5909 vi
2212 5894 2225 5919 ,
2263 5854 2314 5919 7,
2345 5853 2643 5923 descripta.
