3826 6484
119 308 197 367 ιη
1391 302 1479 357 DE
1526 303 1585 358 S.
1622 301 2036 359 HlPPOLYTO.

1670 425 1763 482 XI.

3244 309 3352 368 578

1020 520 1080 576 S.
1120 522 1233 575 Ado
1286 520 1589 575 Viennensis
1630 522 1683 573 in
1712 520 2006 589 Chronico,
2048 522 2119 576 ad
2148 539 2272 577 ann.
2305 523 2430 581 220.

179 640 499 712 Hippolytus
552 638 843 708 episcopus
909 640 1207 695 multorum
1267 640 1518 695 conditor
1574 639 1997 710 opusculorum,
2045 650 2351 712 temporum
2410 644 2687 699 Canonem
2732 647 3092 716 conscripsit.
3144 656 3198 699 et
3245 653 3351 700 huc

118 749 269 801 usque
291 732 381 801 (ad
414 728 703 785 Alexandri
729 729 903 785 δεῖεν-ί
934 732 1191 799 tempora)
1230 731 1503 801 perduxit.

1664 825 1779 880 Xll.

1290 920 1507 975 Photius
1540 920 1820 988 Biblioth.,
1856 923 1973 976 cod.
2007 938 2155 976 cui.

179 1038 513 1110 ’Δνεγνὼσθη
564 1036 888 1109 βιϐλιδάριον
932 1037 1267 1093 Ἱππολύτου.
1318 1038 1582 1111 Μαθητὴς
1607 1039 1664 1092 δὲ

1838 1038 2037 1094 Lectus
2064 1047 2148 1093 est
2178 1037 2448 1111 Hippolyti
2492 1041 2730 1108 libellus,
2761 1041 2854 1112 qui
2890 1040 3076 1097 [renati
3110 1042 3350 1112 discipu-

118 1131 381 1202 Εἰρηναίου
414 1130 443 1183 ὁ
484 1128 813 1194 Ἱππόλυτος.
847 1125 953 1181 Ἦν
999 1130 1055 1183 δὲ
1097 1130 1158 1182 τὸ
1199 1130 1484 1202 σύνταγμα
1525 1130 1667 1186 κατὰ

118 1225 355 1295 αἱρέσεων
378 1222 481 1297 λβ⁸,
506 1223 679 1294 ἀρχὴν
711 1222 1029 1293 ποιούμενον
1056 1222 1428 1287 Δοσιθεανοὺς,
1451 1222 1543 1275 καὶ
1569 1222 1666 1293 μέ-

118 1335 188 1388 χρι
217 1317 423 1389 Νοητοῦ
459 1318 551 1370 καὶ
578 1318 891 1389 Νοητιανῶν
913 1318 1427 1390 διαλαμὸανόμενον.
1454 1318 1667 1382 Ταύτας

125 1411 173 1481 δή
204 1428 369 1481 φησιν
426 1410 668 1481 ἐλέγχοις
693 1410 1088 1481 ὑποϐληθῆναι,
1145 1410 1455 1481 ὁμιλοῦντος
1503 1412 1669 1482 Εἰρη-

117 1502 263 1562 ναίου,
290 1493 368 1553 ὧν
396 1499 489 1552 καὶ
528 1498 746 1568 σύνοψιν
779 1502 807 1553 ὁ
839 1500 1149 1564 Ἱππόλυτος
1193 1499 1516 1571 ποιούμενος
1550 1500 1666 1553 τόδε

116 1593 161 1645 τὸ
185 1592 383 1661 βιϐλίον
416 1591 579 1662 φησὶν
604 1592 1003 1662 συντεταχέναι.
1039 1594 1149 1665 Τὴν
1178 1593 1235 1646 δὲ
1262 1592 1461 1665 φράσιν
1495 1593 1669 1663 σαφής

118 1687 211 1737 ἐστι
241 1684 336 1737 καὶ
377 1683 698 1753 ὑπόσεμνος,
735 1686 830 1737 καὶ
864 1685 1173 1756 ἀπέριττος,
1210 1687 1259 1737 εἱ
1286 1684 1378 1737 καὶ
1413 1683 1547 1755 πρὸς
1576 1684 1667 1736 τὸν

126 1776 349 1829 Ἀττικὸν
385 1774 459 1845 (6)
493 1776 593 1828 οὑκ
623 1777 1011 1847 ἐπιστρέφεται
1039 1776 1213 1845 λόγον.
1247 1778 1406 1845 Λέγει
1452 1777 1509 1829 δὲ
1535 1775 1668 1830 ἄλλα

116 1870 166 1940 δή
205 1886 323 1922 τινα
377 1869 475 1939 τῆς
518 1867 805 1940 ἀκριϐείας
857 1867 1171 1939 λειπόμενα,
1221 1870 1315 1921 καὶ
1349 1870 1431 1921 ὅτι
1468 1869 1499 1937 ἡ
1530 1867 1669 1939 πρὸς

126 1962 388 2033 Ἐϐραίους
427 1959 713 2031 Ἐπιστολὴ
735 1960 836 2013 οὐκ
855 1960 970 2015 ἔστι
994 1961 1088 2015 τοῦ
1113 1960 1409 2015 ἀποστόλου
1433 1960 1664 2014 Παύλου.

117 2058 323 2123 Λέγεται
357 2056 414 2110 δὲ
440 2059 533 2110 καὶ
564 2051 720 2124 οὗτος
769 2055 1119 2130 προσομιλεῖν
1145 2054 1223 2125 τῷ
1266 2053 1378 2124 λαῷ
1408 2054 1546 2107 κατὰ
1590 2052 1671 2124 μί·

120 2164 259 2218 μησιν
300 2148 628 2219 Ὠριγένους,
665 2151 741 2220 (7)
777 2145 839 2204 οὗ
893 2148 989 2202 καὶ
1028 2146 1265 2218 συνήθης
1301 2144 1533 2216 μάλιστα
1578 2144 1670 2196 καὶ

115 2239 324 2312 ἐραστὴς
370 2241 480 2294 τῶν
510 2243 683 2311 λόγων
710 2244 975 2315 ὑπῆρχεν,
1001 2241 1078 2304 ὡς
1118 2241 1212 2293 καὶ
1250 2235 1667 2310 προτρέψασθαι

115 2331 251 2384 αὑτὸν
288 2330 388 2401 τὴν
409 2332 559 2386 θείαν
592 2334 1035 2405 ὑπομνηματίσαι
1066 2331 1307 2403 Γραφὴν,
1331 2328 1669 2398 ἐγκαταστή-

1768 1130 1855 1185 lus
1892 1130 2017 1184 fuit.
2054 1129 2149 1184 Est
2190 1130 2294 1184 hoc
2339 1132 2591 1187 volumen
2634 1133 2897 1189 adversus
2936 1134 3170 1191 haereses
3210 1134 3351 1189 duas

1768 1232 1823 1277 ct
1870 1224 2126 1293 triginta,
2178 1222 2382 1279 iaciens
2438 1224 2653 1280 initium
2702 1241 2733 1281 a
2778 1226 3154 1291 Dositheanis,
3202 1236 3255 1281 ct
3292 1227 3346 1280 in

1767 1312 2018 1369 Noctano
2054 1329 2119 1368 ac
2147 1312 2427 1369 Noetianis
2454 1316 2731 1372 desinens.
2764 1315 2967 1371 Harum
2995 1317 3072 1371 ait
3093 1316 3349 1372 confuta-

1769 1406 1973 1459 tioncm
2010 1420 2068 1459 se
2103 1406 2411 1475 suscepisse
2458 1421 2523 1461 ex
2570 1409 2919 1464 sermonibus
2960 1408 3169 1475 lremei,
3206 1425 3350 1479 quo--

1769 1511 1891 1551 rum
1934 1495 2322 1565 compendium
2356 1496 2460 1550 hoc
2490 1512 2549 1551 se
2594 1498 2735 1552 libro
2777 1498 3123 1567 complexum
3162 1497 3346 1552 refert.

1770 1585 1949 1642 Dictio
1979 1586 2269 1657 perspicua
2295 1594 2349 1641 et
2392 1587 2642 1641 nonnihil
2670 1588 2872 1659 gravis,
2908 1603 3009 1641 nec
3042 1588 3349 1652 abundans,

1769 1680 1895 1735 licet
1920 1679 2196 1733 Atticismi
2224 1679 2466 1734 rationes
2498 1695 2606 1734 non
2632 1681 2767 1735 adeo
2790 1690 2965 1735 curat.
2992 1678 3164 1734 Habet
3186 1682 3351 1735 etiam

1769 1779 1885 1825 tum
1920 1771 2026 1825 alia
2058 1771 2241 1825 minus
2270 1780 2548 1835 accurata,
2573 1782 2687 1826 tum
2712 1773 2857 1842 quod
2881 1771 3110 1826 Paulum
3137 1770 3356 1841 Episto-

1770 1863 1835 1917 lze
1864 1863 1930 1917 ad
1962 1861 2225 1916 Hebraeos
2260 1871 2537 1916 auctorem
2572 1878 2695 1916 esse
2718 1871 2899 1933 negat.
2938 1861 3148 1916 Dicitur
3166 1870 3220 1915 et
3255 1862 3355 1916 ho-

1770 1955 1949 2010 milias
1989 1955 2058 2009 ad
2103 1954 2362 2024 populum
2404 1954 2661 2010 habuisse
2705 1953 2958 2026 Origenis
3012 1954 3351 2018 imitatione,

1769 2046 1929 2117 cujus
1974 2054 2029 2101 et
2074 2045 2361 2101 familiaris
2419 2048 2658 2102 maxime
2696 2056 2750 2102 et
2792 2048 3099 2108 studiorum
3142 2059 3354 2102 amator

1769 2138 2014 2205 exstitit;
2058 2137 2132 2193 ita
2167 2144 2228 2192 ut
2259 2146 2315 2193 et
2362 2136 2431 2191 ad
2473 2153 2659 2193 sacras
2694 2138 2905 2193 litteras
2944 2140 3354 2193 commentariis

1771 2230 2126 2287 illustrandas
2150 2246 2275 2285 eum
2312 2231 2709 2301 provocaverit,
2735 2239 2789 2285 et
2812 2240 3016 2301 septem
3039 2232 3142 2301 ipsi
3164 2232 3355 2302 tachy-

1771 2324 2011 2395 graphos
2064 2322 2401 2390 totidemque
2457 2322 2822 2393 calligraphos
2871 2324 3247 2389 constituerit,
3298 2334 3355 2377 et

116 2439 200 2484 σας
238 2422 383 2493 αὑτῷ
430 2423 525 2477 καὶ
559 2424 913 2497 ὑπογραφέας
945 2422 1087 2478 ἑπτὰ
1118 2421 1537 2494 ταχυγράφους,
1576 2418 1670 2470 καὶ¹

1775 2422 2091 2485 sumptuum
2138 2413 2303 2468 etiam
2345 2413 2438 2484 qui
2484 2414 2551 2468 ad
2597 2415 2698 2469 hos
2744 2416 3151 2484 requirerentur
3190 2414 3355 2469 fuerit

115 2513 307 2583 ἑτέρους
324 2515 611 2578 τοσούτους
624 2516 936 2585 γράφοντας
952 2517 1031 2579 εἰς
1046 2514 1261 2577 κάλλος,
1282 2507 1355 2566 ὧν
1370 2508 1439 2583 ἦν
1458 2510 1549 2563 καὶ
1571 2509 1671 2579 τῆς

113 2607 332 2679 δαπάνης
380 2607 543 2671 αὐτὸς
580 2607 815 2679 χορηγός
834 2626 848 2641 ο
883 2610 977 2662 καὶ
1013 2606 1183 2661 ταῦτα
1230 2602 1670 2677 ὑπηρετούμενος

114 2698 257 2769 αὐτῷ,
291 2701 545 2754 ἀπαιτεῖν
588 2700 752 2754 αὑτὸν
797 2702 1187 2771 ἀπαραιτήτως
1222 2697 1282 2751 τὸ
1308 2697 1491 2768 ἔργον,
1518 2693 1577 2757 ἐξ
1606 2686 1667 2746 οὗ

116 2788 197 2841 καὶ
223 2787 613 2859 ἐργοδιώκτην
643 2792 700 2844 ὲν
738 2792 837 2861 μιᾴ⁵
864 2789 972 2843 τῶν
1008 2787 1302 2842 ἐπιστολῶν
1336 2784 1487 2855 παρὰ
1532 2783 1673 2852 Ὦρι-

1773 2508 2052 2577 elargitor.
2094 2504 2328 2574 Haecque
2356 2521 2479 2561 cum
2508 2506 2610 2575 ipsi
2643 2506 2928 2575 praeberet,
2952 2506 3069 2561 sine
3093 2506 3355 2560 dilatione

1774 2612 1915 2668 Opus
1946 2597 2117 2663 ursit;
2151 2598 2295 2651 unde
2332 2606 2387 2652 et
2414 2598 2761 2666 impulsorem
2803 2612 2931 2651 eum
2975 2611 3136 2651 suum
3168 2596 3351 2665 aliqua

1777 2687 1833 2741 in
1862 2686 2092 2756 epistola
2121 2700 2221 2739 sua
2249 2683 2509 2755 Origenes
2542 2685 2793 2755 appellat.
2842 2682 2950 2739 Sed
2993 2691 3047 2738 et
3085 2683 3199 2752 ipse
3229 2682 3354 2752 plu-

1776 2778 1917 2833 rima
1944 2777 2235 2847 scripsisse
2262 2777 2515 2832 traditur.

116 2881 281 2948 γένους
304 2881 592 2953 κληθῆναι.
646 2882 881 2937 Πλεῖστα
926 2882 984 2935 δὲ
1016 2882 1111 2935 καὶ
1152 2874 1307 2943 οὗτος
1341 2877 1417 2949 (8)
1450 2875 1666 2943 λέγεται
1705 2870 2169 2942 συγγεγραφέναι.

1404 2994 1555 3049 Idem
1587 2991 1718 3047 ibid.
1748 2991 1865 3044 cod.
1890 3005 2015 3045 coit.

191 3114 516 3187 ’Δνεγνὼσθη
556 3116 876 3172 Ἱππολύτου
910 3118 1210 3171 ἐπισκόπου
1255 3116 1351 3169 καὶ
1392 3113 1669 3187 μάρτυρος

119 3205 358 3276 ἑρμηνεία
390 3209 471 3271 εἰς
506 3208 598 3262 τὸν
632 3210 848 3282 Δανιήλ.
884 3209 1040 3264 Κατὰ
1060 3208 1203 3276 λέξιν
1221 3208 1318 3280 μὲν
1349 3207 1408 3260 οὑ
1435 3208 1668 3260 ποιεῖται

120 3298 201 3368 τὴν
228 3299 541 3367 ἀνάπτυξιν,
566 3300 703 3371 πλὴν
726 3301 818 3354 τὸν
845 3300 969 3355 νοῦν
996 3317 1082 3370 γε,
1110 3300 1185 3363 ὼς
1218 3299 1348 3362 ἔπος
1379 3299 1572 3361 εἰπεῖν,
1606 3296 1668 3348 οὑ

120 3391 452 3462 παρατρέχει.
488 3392 665 3446 Πολλά
686 3392 869 3463 μέντοι
890 3392 1325 3464 ἀρχαιοτρόπως,
1350 3389 1445 3443 καὶ
1474 3388 1573 3441 οὑκ
1590 3388 1667 3451 εἰς

121 3481 173 3532 τὸ
185 3480 395 3552 ὓστερον
418 3482 827 3555 διηκριϐωμένα
847 3484 1140 3552 καταλέγει
1160 3500 1173 3514 ·
1198 3482 1312 3535 ἀλλ’
1331 3480 1552 3535 ἐκείνων
1568 3480 1667 3531 οὑκ

123 3570 179 3622 ἂν
206 3571 281 3641 εἴη
297 3572 501 3635 δίκαιος
535 3572 689 3641 λόγον
705 3573 946 3643 ὑπέχειν.
967 3574 1104 3637 Τοὺς
1122 3573 1229 3645 γὰρ
1243 3573 1416 3644 ἀρχὴν
1435 3570 1667 3641 θεωρίας

123 3664 622 3735 καταδαλλομένους,
649 3666 710 3723 ού
748 3663 905 3736 [χρὴ]
928 3664 1080 3728 δίκας
1104 3665 1355 3718 ἀπαιτεῖν
1383 3662 1492 3716 τῶν
1525 3678 1666 3733 παρ-

124 3754 344 3822 ειμένων,
379 3727 492 3807 ἀλλ’
527 3727 1026 3826 ἀγαπᾷννμάλιστα
1057 3757 1227 3827 αὑτῆς
1254 3773 1313 3809 τε
1356 3756 1455 3823 τῆς
1487 3727 1670 3807 ὲπιὸο-
1694 3727 1739 3786 c

124 3842 223 3913 λῆς,
250 3845 340 3897 καὶ
372 3844 459 3915 ἐφ’
492 3846 617 3899 ὅσον
654 3845 721 3899 ἂν
752 3845 1106 3916 καταλήψεως
1136 3845 1244 3899 τῶν
1275 3844 1671 3916 διασκοπουμέ-

126 3955 212 3990 νων
238 3939 567 4009 προχωροίη.
609 3938 683 3990 Τὸ
709 3938 766 3990 δὲ
797 3938 896 4008 τὴν
927 3937 1018 3990 τοῦ
1063 3937 1428 4009 Ἀντιχρίστου
1466 3953 1672 4008 παρου-

128 4028 245 4093 σίαν,
280 4028 398 4081 καθ’
430 4029 496 4098 ἢν
524 4027 668 4098 καὶὴ
702 4025 795 4081 τοῦ
830 4026 1089 4097 αἰσθητοῦ
1123 4028 1327 4098 κόσμου
1360 4026 1512 4080 τοῦδε
1550 4045 1671 4082 συν-

124 4121 282 4174 τέλεια
309 4122 543 4183 ἵσταται,
576 4121 710 4191 μηδὲ
732 4123 845 4183 τοῖς
865 4120 1132 4191 μαθηταῖς
1155 4119 1428 4190 δεομένοις
1449 4118 1542 4172 τοῦ
1561 4120 1673 4171 Σω-

128 4213 267 4283 τῆρος
298 4213 744 4283 άποκαλύψαντος
764 4230 778 4244 ⁸
827 4209 947 4266 εἶτα
977 4212 1138 4265 αὑτὸν
1175 4211 1375 4283 ταύτην
1412 4228 1673 4265 πεντακο-

129 4302 240 4365 ciet;
273 4305 445 4357 ἔτεσιν
477 4305 586 4356 ἀπὸ
610 4303 843 4373 Χριστοῦ
872 4303 1178 4374 ὑπαχθέντα
1210 4303 1670 4375 περιγράψασθαι,

127 4391 299 4445 ὡσανεὶ
327 4394 435 4446 τῶν
464 4392 572 4446 ἀπὸ
604 4392 825 4464 πρώτης
852 4392 944 4445 τοῦ
968 4392 1174 4463 κόσμου
1213 4390 1518 4460 καταϐολῆς
1547 4390 1672 4457 ἐξα-

129 4487 378 4556 κιτχιλίων
409 4485 547 4538 ὲτῶν
586 4485 1040 4555 συντελουμένων,
1075 4485 1169 4537 καὶ
1201 4484 1296 4554 τὴν
1321 4484 1561 4537 διάλυσιν
1584 4484 1675 4536 αὑ-

127 4577 203 4628 τοῦ
248 4578 570 4647 ἐφεστάναι·
621 4577 779 4630 τοῦτο
826 4578 920 4631 καὶ
958 4576 1291 4649 θερμοτέρας
1332 4575 1395 4631 ἂν
1444 4576 1529 4647 εἴη
1579 4575 1673 4629 τοῦ

130 4673 471 4742 προσήκοντος
520 4669 779 4742 γνώμης,
830 4670 924 4723 καὶ
957 4671 989 4741 ἡ
1023 4670 1293 4741 ἀπόφασις
1330 4671 1674 4742 ἀνθρωπίνης

129 4762 358 4827 ἀγνοίας,
391 4762 508 4816 ἀλλ’
558 4763 658 4816 οὑκ
688 4763 973 4825 ἐπιπνοίας
1014 4762 1112 4833 τῆς
1150 4763 1356 4817 ἄνωθεν
1388 4763 1669 4835 διελέγχει.

138 4850 192 4903 'H
214 4854 404 4921 φράσις
437 4853 625 4918 αὑτοῦ,
656 4854 717 4907 τὸ
752 4854 918 4923 σαφὲς
938 4854 1019 4905 ὃτι
1055 4852 1287 4924 μάλιστα
1310 4854 1673 4924 οἰκειουμένη,

132 4944 309 5012 πρέποι
338 4947 402 5001 ἂν
438 4946 724 5019 ἑρμηνείᾳ,
772 4948 820 4999 εἰ
864 4947 958 4999 καὶ
987 4949 1114 5010 τοὺς
1154 4947 1432 5010 Ἀττικοὺς
1460 4945 1535 5018 (9)
1560 4944 1676 4999 οῦτι

136 5039 259 5104 μάλα
289 5041 519 5112 θεσμοὺς
551 5042 900 5094 δυσωπεῖται.

1844 3105 2007 3161 Lecta
2059 3116 2143 3162 est
2182 3104 2454 3176 Hippolyti
2497 3101 2736 3173 episcopi
2784 3116 2849 3156 ac
2892 3098 3149 3170 martyris
3187 3098 3357 3153 inter.

1773 3198 2005 3267 pretatio
2032 3196 2298 3261 Danielis,
2325 3210 2487 3267 quem
2520 3195 2622 3249 etsi
2665 3193 2734 3247 ad
2780 3191 3004 3247 verbum
3037 3205 3146 3245 non
3180 3189 3356 3258 expli-

1773 3299 1881 3353 cat,
1900 3288 2227 3344 sententiam
2254 3297 2457 3352 tamen,
2477 3298 2537 3342 ut
2562 3288 2636 3342 ita
2666 3285 2868 3349 dicam,
2901 3298 3009 3363 non
3034 3291 3359 3353 pra'tercur-

1772 3383 1865 3436 rit.
1900 3380 2070 3437 Multa
2107 3397 2272 3453 porro
2314 3381 2480 3437 veteri
2515 3395 2689 3446 more,
2729 3394 2839 3433 non
2869 3387 2930 3432 ut
2968 3386 3153 3449 postea
3202 3376 3361 3435 fuere

1774 3473 2089 3529 accuratius
2121 3488 2378 3537 excussa,
2413 3472 2779 3543 persequitur.
2813 3470 3136 3541 Quanquam
3162 3484 3355 3525 eorum

1772 3564 1924 3633 posci
1950 3565 2242 3629 rationem,
2267 3580 2481 3635 azquum
2515 3580 2622 3619 non
2646 3571 2748 3619 est.
2780 3561 2966 3633 Neque
2995 3563 3139 3617 enim
3170 3560 3254 3619 fas
3286 3562 3357 3615 ab

1774 3659 1841 3714 iis
1882 3660 1975 3730 qui
2006 3660 2359 3717 fundamenta
2400 3662 2477 3715 rei
2534 3660 2769 3731 alicujus
2802 3660 3211 3715 consideranda:
3259 3676 3358 3730 po-

1773 3750 2001 3818 suerint,
2033 3752 2301 3807 rationem
2341 3760 2585 3822 repetere
2622 3766 2809 3806 eorum
2849 3766 2971 3821 quze
3006 3750 3354 3821 praeteriere:

1771 3844 1865 3898 sed
1917 3844 2100 3899 favere
2147 3844 2329 3914 potius
2369 3843 2589 3899 conatui
2633 3843 2771 3913 ipsi,
2806 3844 3356 3913 quantulumcunque

1772 3936 1827 3991 in
1870 3952 2054 3991 rerum
2095 3936 2637 4007 contemplandarum
2683 3934 3167 4004 comprehensione
3217 3949 3347 4003 pro-

1773 4030 2057 4085 cesserint.
2109 4030 2432 4085 Antichristi
2485 4044 2614 4083 vero
2670 4028 2993 4093 adventum,
3041 4026 3131 4082 cui
3180 4028 3346 4081 etiam

1773 4122 2121 4191 aspectabilis
2170 4122 2335 4189 hujus
2391 4121 2581 4175 mundi
2628 4119 3033 4174 consummatio
3074 4119 3346 4190 jungitur,

1774 4229 1899 4268 cum
1926 4229 1996 4268 ne
2022 4213 2307 4283 discipulis
2346 4212 2564 4282 quidem
2610 4210 2929 4283 rogantibus
2970 4209 3357 4264 manifestave-

1774 4310 1848 4364 rit
1880 4307 2149 4371 Salvator,
2184 4307 2252 4361 ab
2301 4306 2587 4379 Hippolyto
2623 4300 2819 4361 deinde
2864 4306 2929 4360 ad
2968 4306 3296 4376 quingentos
3324 4324 3356 4362 a

1776 4400 1995 4455 Christo
2011 4414 2187 4455 annos
2218 4398 2415 4454 adduci
2432 4414 2494 4454 ac
2521 4399 2922 4466 circumscribi,
2945 4401 3101 4470 quasi
3127 4417 3154 4454 a
3180 4402 3356 4469 prima

1776 4492 1965 4545 mundi
2018 4490 2410 4545 constitutione
2466 4506 2563 4545 sex
2618 4491 2858 4546 millibus
2912 4506 3179 4545 annorum
3239 4501 3356 4547 tum

1777 4583 1983 4638 exactis
2013 4583 2133 4652 ejus
2178 4583 2469 4638 dissolutio
2497 4582 2747 4649 instaret,
2793 4582 2898 4639 hoc
2934 4584 3209 4639 calidioris
3235 4585 3357 4652 qui-

1778 4676 1902 4730 dem
1936 4690 2103 4746 quam
2144 4675 2403 4743 decebat,
2439 4675 2609 4731 animi
2655 4687 2773 4741 est;
2821 4687 2985 4745 atque
3026 4676 3358 4730 asseveratio

1780 4766 1895 4821 haec
1921 4766 2217 4821 humanam
2251 4767 2615 4837 ignorantiam
2650 4766 2834 4836 p0tius
2871 4782 3034 4836 quam
3077 4765 3352 4821 caelestem

1782 4858 2202 4929 inspirationem
2236 4860 2437 4928 arguit.
2471 4858 2656 4914 Genus
2676 4858 2797 4927 ejus
2823 4857 3036 4913 dicendi
3065 4858 3271 4913 clarum
3299 4859 3356 4913 in

1779 4951 1971 5021 primis
1987 4967 2051 5006 ac
2073 4951 2444 5021 perspicuum,
2464 4949 3005 5020 interpretationique
3027 4965 3353 5020 congruens,

1781 5043 1909 5098 licet
1935 5059 2036 5098 nec
2066 5043 2275 5098 Atticas
2308 5044 2455 5114 leges
2494 5042 2650 5096 valde
2679 5041 2949 5111 repudiat.

189 5130 594 5204 Συνανεγνώσθη
640 5134 802 5187 αὑτοῦ
837 5132 933 5187 καὶ
962 5131 1150 5204 ἕτερος
1170 5131 1331 5200 λόγος
1364 5130 1492 5201 περὶ
1536 5132 1670 5202 Χρι-

1854 5135 2053 5191 Lectus
2081 5135 2325 5205 ejusdem
2358 5134 2522 5189 simul
2553 5144 2608 5189 et
2634 5133 2775 5189 alius
2804 5133 2941 5188 liber
2973 5133 3039 5189 de
3062 5132 3282 5188 Christo
3301 5140 3358 5188 et

194 5306 263 5377 (6)
296 5308 369 5363 Ex
396 5309 497 5364 hoc
523 5310 645 5363 loco
668 5317 911 5378 apparet,
936 5309 1075 5378 apud
1101 5307 1354 5363 Photium
1378 5324 1503 5362 mox
1535 5308 1677 5365 infra

134 5382 237 5431 cod.
262 5395 381 5442 ccn,
411 5381 461 5432 in
488 5382 612 5443 line,
640 5396 745 5433 non
773 5378 1195 5448 esselegendum
1218 5378 1334 5431 ούτι
1359 5380 1522 5448 μάλα,
1547 5381 1638 5435 sed
1661 5398 1675 5433 :

133 5449 241 5509 τοὺς
265 5451 534 5513 Ἀττικοὺς
564 5449 677 5502 δντι
708 5450 849 5518 μάλα
889 5447 1123 5518 θεσμοὺς
1153 5447 1480 5502 δυσωπεῖται
1516 5470 1529 5482 ·
1574 5451 1680 5505 nisi

135 5519 320 5591 quisiet
353 5521 437 5574 hic
474 5522 623 5589 legat
659 5519 1061 5591 ἀποστρέφεται
1104 5534 1205 5591 pro
1245 5520 1632 5591 ἐπιστρέφεται
1654 5562 1670 5585 ,

134 5590 261 5653 quod
308 5591 619 5660 neutiquam
658 5590 859 5659 probo,
908 5590 1059 5644 nullo
1107 5590 1295 5645 codice
1335 5606 1435 5647 ms.
1482 5592 1678 5645 sutl'ra-

135 5667 295 5724 gente.
322 5659 533 5715 Fseaic.

196 5727 266 5796 (7)
303 5730 426 5797 Quae
464 5738 788 5801 sequuntur,
821 5730 945 5785 licet
986 5729 1185 5787 similia
1221 5746 1285 5787 ex
1330 5731 1470 5786 male
1514 5732 1674 5794 intel:

1782 5312 1938 5366 lectis
1970 5309 2190 5365 Eusebii
2222 5324 2297 5373 v1,
2329 5309 2421 5374 25,
2458 5309 2640 5364 verbis
2668 5308 2832 5363 habet
2858 5309 3021 5363 etiam
3048 5306 3354 5379 Syncellus,

1781 5397 1836 5451 p.
1862 5383 1988 5444 558,
2012 5380 2700 5451 Ambrosiqﬁlexandrino
2738 5380 2987 5451 Origenis
3023 5377 3358 5451 ἐργοδιώκτῃ

1783 5448 2116 5521 competunt,
2148 5466 2255 5505 non
2285 5448 2593 5521 Hippolyto,
2630 5458 2689 5521 ut
2720 5466 2749 5503 a
2790 5448 2974 5505 multis
3010 5448 3140 5503 viris
3178 5448 3357 5503 doctis

1778 5522 1892 5591 jam
1910 5519 2383 5591 animadversum.
2413 5519 2616 5576 confer
2640 5519 2954 5591 Hieronymi
2983 5521 3161 5576 locum
3190 5533 3358 5589 supra

1785 5590 1937 5646 num.
1971 5593 2025 5651 ‘5,
2061 5599 2115 5644 et
2148 5590 2289 5645 infra
2318 5607 2469 5645 num.
2500 5592 2581 5645 Li.
2611 5590 2831 5647 FABRIC.

1858 5662 1935 5733 (8)
1968 5661 2289 5733 Hippolytus
2320 5663 2598 5717 nimirum.

1858 5732 1936 5802 (9)
1974 5732 2182 5787 Scbott.
2220 5732 2321 5788 ὃτι.
