3826 6522
472 332 573 388 579

1671 321 2084 381 TESTIMONIA
2149 318 2482 376 VETERUM

3592 313 3681 370 580

471 444 825 507 Antichristo,
853 443 904 497 in
927 457 1035 512 quo
1062 440 1249 497 eadem
1279 440 1493 495 dicendi
1521 438 1692 497 forma
1718 453 1954 506 servata,
1981 452 2034 496 et

2148 436 2261 489 ι’τοῦ
2286 439 2381 490 καὶ
2420 437 2807 508 Ἀντιχρίστου,
2866 437 2925 489 ιν
2970 428 3015 503 ᾧ
3058 436 3155 506 ἣτε
3184 434 3320 505 αὑτὴ
3364 435 3474 486 τῶν
3524 431 3681 499 λόγων

473 552 729 594 sensuum
762 533 1080 603 simplicitas
1113 546 1179 585 ac
1205 537 1467 585 vetustas.

2141 528 2255 582 ἰδέα
2287 529 2596 601 διαπρέπει,
2618 528 2785 582 καὶτὸ
2807 528 2915 581 τῶν
2941 529 3225 600 νοημάτων
3257 524 3682 596 ἁπλούστερόντε

2136 618 2232 671 καὶ
2276 618 2695 691 ἀρχαιότροπον.

2011 748 2152 805 Χιιι.

1796 862 1992 918 Suidas
2035 866 2092 918 in
2120 866 2337 949 Eexico.

544 990 887 1061 Hippolytus.
920 987 1018 1043 Hic
1063 986 1281 1057 scripsit
1335 986 1389 1039 in
1437 984 1751 1054 prophetias
1799 983 2034 1040 Danielis

472 1082 943 1143 commentarium,
970 1090 1020 1133 et
1051 1079 1103 1131 in
1129 1077 1411 1148 prm'erbia
1449 1075 1775 1129 Salomonis.

2220 984 2588 1056 Ἱππόλυτος.
2621 984 2786 1053 Οὗτος
2830 988 3065 1062 ἔργαψεν
3115 990 3191 1052 είς
3228 988 3327 1051 τὰς
3355 989 3575 1059 ὁράσεις
3602 988 3679 1043 τοῦ

2136 1080 2331 1150 Δανιὴλ
2359 1080 2685 1153 ὑπόμνημα,
2721 1082 2814 1135 καὶ
2851 1083 2931 1145 είς
2969 1080 3067 1143 τὰς
3100 1079 3401 1151 Παροιμίας
3424 1080 3681 1151 Σολομῶν-

2135 1184 2247 1229 τος.

2022 1265 2160 1323 XIV.

1236 1383 1487 1456 Georgius
1521 1384 1793 1456 Syncellus
1821 1386 1877 1439 in
1906 1384 2233 1455 Chronogr.,
2257 1385 2325 1438 σά
2360 1400 2485 1437 ann.
2512 1383 2637 1446 215.
2664 1400 2784 1453 pag.
2817 1380 2941 1437 358.

542 1507 858 1578 Hippolytus
886 1520 1038 1560 sacer
1057 1505 1432 1576 philosophus,
1449 1505 1645 1561 Portus
1664 1505 1893 1560 Romani
1916 1507 2034 1575 epi-

473 1615 691 1668 scopus,
729 1598 1040 1652 Christiana
1074 1598 1417 1667 philosophia
1460 1606 1743 1667 prmstans,
1787 1598 2034 1667 pluribus

469 1690 717 1759 iuvanda:
751 1688 1031 1742 hominum
1063 1688 1226 1743 saluti
1258 1688 1580 1756 conscriptis
1614 1688 1767 1743 libris
1797 1689 2037 1743 celebra-

471 1780 651 1834 batur.
687 1779 855 1834 Editis
898 1779 1096 1847 quippe
1139 1778 1192 1831 in
1228 1793 1322 1831 sex
1364 1777 1572 1831 dierum
1606 1792 1762 1846 opus,
1799 1786 1853 1831 et
1889 1777 1944 1831 in
1969 1791 2035 1830 ea

472 1886 593 1939 quas
634 1870 838 1939 priores
887 1883 981 1923 sex
1012 1869 1129 1922 dies
1171 1867 1293 1921 illos
1342 1876 1630 1921 consecuta
1674 1878 1828 1932 sunt,
1874 1876 1927 1922 et
1977 1867 2035 1921 in

472 1961 869 2029 praecipuorum
915 1959 1331 2028 prOphetarum,
1377 1957 1674 2013 Ezechielis
1713 1958 1948 2012 maxime
1983 1968 2037 2013 et

473 2049 728 2117 Danielis,
746 2050 1020 2113 vaticinia,
1042 2065 1139 2104 nec
1157 2051 1334 2105 nonin
1353 2048 1595 2116 Cantica,
1619 2060 1672 2104 et
1688 2059 1895 2105 veteres
1913 2066 2037 2119 pas-

471 2144 576 2198 sim
611 2156 887 2211 novasque
924 2140 1269 2209 Scripturas,
1299 2140 1727 2204 commentariis,
1757 2139 2041 2209 speciatim

473 2233 529 2287 in
565 2230 791 2287 Joannis
822 2231 1055 2299 theologi
1074 2231 1129 2284 in
1158 2230 1348 2284 Patmo
1378 2229 1804 2294 Revelationem,
1825 2230 1879 2283 in
1900 2229 2043 2283 Mar-

472 2324 685 2378 cionem
711 2331 766 2378 et
794 2322 1037 2391 reliquas
1068 2322 1323 2385 haereses,
1357 2329 1411 2375 et
1457 2336 1725 2375 annorum
1766 2321 2039 2375 sexdecim

474 2415 786 2470 Paschalem
822 2416 1064 2484 regulam
1115 2415 1182 2469 ad
1225 2430 1427 2468 annum
1476 2413 1710 2482 primum
1750 2413 2047 2469 Alexandri

473 2501 768 2557 Mammaea:
800 2503 906 2557 ﬁxo
944 2503 1175 2557 termino
1207 2503 1460 2572 exposuit
1487 2522 1499 2557 :
1522 2510 1596 2566 et,
1626 2511 1687 2557 ut
1710 2503 1877 2557 verbo
1907 2517 2042 2556 con-

472 2594 713 2657 cludam,
749 2594 886 2648 vivis
930 2595 1240 2648 divinorum
1286 2594 1629 2663 eloquiorum
1679 2593 1893 2649 ﬂuentis
1936 2593 2033 2649 Ec-

474 2683 698 2737 clesiam
730 2681 982 2753 irrigans,
1017 2684 1229 2737 tandem
1256 2684 1499 2755 martyrii
1528 2699 1729 2739 corona
1757 2685 2043 2741 redimitus

472 2786 575 2841 est.
613 2773 691 2827 Ex
717 2774 838 2843 ejus
869 2775 1085 2844 scriptis
1120 2776 1410 2829 occasione
1450 2784 1665 2845 sumpta
1698 2775 1887 2831 infelix
1918 2775 2042 2830 Ori-

474 2880 638 2935 genes
691 2866 861 2920 libros
909 2881 1078 2921 sacrae
1118 2865 1410 2936 Scripturae
1447 2867 1794 2937 quamplures
1829 2870 2042 2937 (horta-

472 2967 591 3013 tore
626 2965 682 3014 et
723 2967 972 3028 sumptus
1015 2959 1353 3013 necessarios
1396 2961 1745 3030 notariosque
1813 2967 2040 3030 septem,

476 3048 601 3104 aliis
629 3057 755 3118 post
786 3050 925 3103 alios
957 3063 1134 3118 operae
1160 3049 1598 3115 succedentibus,
1628 3058 1680 3105 et
1708 3051 1854 3106 viros
1880 3066 2044 3108 accu-

475 3140 698 3195 ratioris
724 3140 1061 3195 characteris
1090 3141 1317 3210 peritos,
1341 3157 1450 3196 una
1481 3157 1605 3197 cum
1638 3144 1833 3213 puellis
1854 3145 2041 3199 eadem

472 3228 727 3299 pingendi
759 3239 875 3284 arte
900 3229 1313 3299 praestantibus,
1345 3245 1411 3284 ex
1446 3232 1642 3285 throno
1670 3232 1894 3287 dictanti
1928 3233 2042 3287 lar-

478 3324 615 3394 giter
642 3323 1096 3379 subministrante
1121 3325 1428 3391 Ambrosio,
1463 3334 1518 3380 et
1543 3342 1665 3395 qua:
1694 3326 1761 3381 ad
1801 3327 2042 3381 scriben-

2216 1503 2528 1566 Ἱππόλυτος
2561 1503 2701 1574 ἱερὸς
2727 1502 3030 1572 φιλόσοφος,
3054 1501 3348 1565 ἐπίσκοπος
3369 1501 3579 1572 Πόρτου
3604 1502 3678 1554 τοῦ

2134 1592 2273 1646 κατὰ
2297 1593 2394 1665 τὴν
2429 1590 2666 1664 Ῥώμην,
2703 1592 2907 1663 σφόδρα
2922 1591 3236 1663 διαπρεπῶς
3257 1592 3407 1663 ἤνθει
3437 1594 3574 1662 ὲντῇ
3602 1610 3681 1645 κα-

2133 1684 2202 1736 τὰ
2253 1683 2484 1755 Χριστὸν
2532 1684 2844 1755 φιλοσοφίᾳ,
2881 1684 3108 1736 πλεῖστα
3150 1683 3443 1753 ψυχωφελῆ
3481 1684 3679 1737 συντάτ-

2138 1793 2245 1829 των
2274 1776 2484 1846 ὑποπνή
2495 1794 2655 1847 ματα.
2692 1776 2788 1838 Εἰς
2812 1793 2870 1828 τε
2894 1776 3001 1846 γάρ
3029 1774 3125 1845 τὴν
3147 1774 3475 1844 ὲξαήμερον,
3508 1775 3599 1828 καὶ
3619 1776 3680 1837 είς

2136 1866 2205 1920 τά
2241 1866 2377 1937 μετὰ
2421 1868 2519 1937 τὴν
2575 1867 2899 1938 ἐξαήμερον,
2951 1868 3030 1929 είς
3064 1865 3234 1919 πολλά
3256 1883 3315 1918 τε
3346 1864 3457 1917 τῶν
3494 1882 3681 1935 προφηι

2137 1959 2263 2023 τῶν,
2297 1959 2527 2030 μάλιστα
2561 1958 2819 2029 Ἰεζεκιὴλ
2849 1958 2941 2011 καὶ
2958 1957 3152 2027 Δανιὴλ
3173 1955 3283 2011 τῶν
3313 1956 3596 2027 μεγάλων,
3618 1957 3680 2009 ἔτι

2144 2050 2247 2121 μὴν
2277 2051 2357 2113 εἰς
2392 2050 2460 2103 τὰ
2495 2049 2777 2121 ’ᾼσματα,
2834 2048 2929 2103 καὶ
2959 2051 3038 2112 είς
3086 2048 3249 2112 ἄλλας
3296 2048 3556 2112 παντοίας
3598 2066 3682 2102 πα-

2074 2121 2114 2174 B
2143 2141 2301 2205 λαιὰς
2328 2141 2422 2195 καὶ
2448 2141 2573 2205 νέας
2604 2141 2845 2213 Γραφὰς,
2880 2142 2937 2195 ἐν
2961 2136 3041 2204 οἷς
3081 2141 3176 2194 καὶ
3204 2142 3284 2203 είς
3311 2140 3481 2211 τὴνὲν
3497 2142 3681 2210 Πάτμῳ

2143 2233 2234 2287 τοῦ
2268 2232 2514 2301 θεολόγου
2553 2233 2912 2301 Ἀποκάλυψιν
2931 2272 2947 2297 ,
2982 2231 3118 2302 πρὸς
3147 2232 3450 2302 Μαρκίωνα
3482 2232 3575 2286 καὶ
3602 2232 3682 2294 τὰς

2142 2324 2329 2388 λοιπὰς
2356 2325 2613 2395 αἱρέσεις,
2642 2325 2736 2377 καὶ
2765 2324 2855 2377 τὸν
2878 2323 3252 2390 ὲξκαιδέκατον
3298 2322 3412 2394 (10)
3452 2325 3681 2395 ἑτηρικὸν

2142 2414 2234 2470 τοῦ
2262 2415 2447 2484 Πάσχα
2466 2416 2663 2469 κανόνα
2693 2414 2907 2481 ἐξέθετο
2939 2413 3282 2486 περιγράψας
3301 2415 3384 2477 εἰς
3409 2414 3472 2467 τὸ
3491 2414 3681 2487 πρῶτον

2143 2506 2260 2569 ἔτος
2301 2505 2649 2577 Ἀλεξάνδρου
2699 2506 2819 2585 τοῦ(
2846 2506 3115 2577 Μαμμίας
3146 2506 3365 2573 τούτου,
3392 2508 3489 2561 καὶ
3523 2508 3685 2561 συντό-

2146 2614 2260 2667 μως
2297 2596 2462 2666 φάναι
2513 2596 2811 2668 θεοφράδης
2856 2597 3097 2668 ποταμὸς
3137 2600 3204 2668 τῇ
3245 2596 3539 2669 Ἐκκλησία
3570 2598 3683 2663 ζών-

2141 2703 2247 2739 των
2272 2686 2523 2756 ναμάτων
2555 2684 2804 2755 γέγονεν,
2840 2684 2931 2738 τὸν
2979 2682 3311 2756 μαρτυρικὸν
3351 2683 3683 2755 περιθέμενος

2144 2778 2403 2847 στέφανον
2439 2777 2574 2848 πρὸς
2593 2776 2671 2847 τῷ
2695 2776 2857 2829 τέλει.
2901 2770 2998 2829 Ἐκ
3028 2775 3215 2828 τούτου
3242 2774 3421 2829 λαϐὼν
3453 2776 3682 2844 ἀφορμὰς

2155 2869 2435 2940 Ὠριγένης
2480 2862 2508 2921 ό
2547 2868 2714 2932 τάλας
2768 2867 3277 2939 ὑπερεμνημάτισεν
3327 2866 3539 2920 πολλῶν
3595 2866 3682 2919 τῶν

2141 2963 2396 3036 Γραφῶν,
2437 2960 2758 3033 Ἀμὸροσίου
2794 2958 3187 3031 παρορμῶντος
3223 2958 3389 3012 αὑτὸν
3415 2961 3496 3022 εἰς
3517 2959 3681 3020 τοῦτο.

2144 3055 2239 3108 κοιλ⁵
2292 3052 2651 3125 χορηγοῦντος
2694 3050 2994 3120 ἀναγκαίας
3023 3067 3083 3102 τε
3116 3051 3303 3122 χρείας
3331 3049 3574 3119 ἀφθόνως
3607 3049 3681 3100 καὶ

2140 3144 2525 3214 ταχυγράφους
2571 3141 2709 3194 ἑπτὰ
2766 3139 3133 3211 παριστῶντος
3169 3141 3493 3212 άμείὸοντας
3537 3140 3670 3207 ἀλλή-

2140 3233 2264 3297 λους
2298 3230 2686 3304 ὑπαγορεύοντι
2732 3230 2824 3283 καὶ
2865 3230 3260 3302 καλλιγράφους
3303 3232 3554 3294 τελείους,
3584 3230 3679 3299 ἅμα

2142 3324 2332 3395 κόραις
2363 3322 2703 3393 ὴσκημέναις
2756 3321 3007 3391 γράφειν,
3058 3322 3259 3391 ἄφατόν
3309 3341 3369 3375 τε
3401 3320 3679 3395 προθυμίαν

472 3416 603 3473 dum
633 3415 839 3469 cierent
885 3416 1126 3469 animum
1170 3417 1329 3485 plena
1371 3431 1537 3472 manu
1580 3416 1874 3489 praebente)
1927 3417 2038 3473 suis

2148 3414 2289 3485 αὐτῷ
2318 3415 2642 3485 παρέχοντος
2671 3414 2751 3476 είς
2781 3414 2841 3466 τὸ
2872 3413 3199 3468 συντάττειν.

471 3502 945 3561 lucubrationibus
974 3505 1287 3562 illustravit.

1922 3619 2070 3675 Idem
2107 3620 2235 3674 ibid.

541 3731 667 3789 Haec
694 3749 803 3788 non
833 3734 1051 3805 proprio
1084 3735 1255 3791 Marte
1284 3737 1624 3808 collegimus,
1655 3742 1751 3794 sed
1789 3753 1855 3794 ex
1888 3737 2033 3792 beati

471 3825 702 3895 apostoli
733 3834 787 3879 et
812 3824 1009 3881 Portus
1038 3826 1268 3881 Romani
1302 3830 1717 3899 archiepiscopi,
1750 3831 2033 3899 sanctique

473 3917 725 3987 martyris
760 3915 1066 3988 Hippolyti,
1092 3927 1146 3973 et
1176 3919 1373 3974 Aniani
1409 3921 1803 3991 religiosissimi
1846 3934 2037 3975 mona-

473 4008 585 4074 chi,
615 4009 710 4078 qui
743 4010 956 4079 cyclum
992 4025 1045 4064 ιι
1081 4009 1394 4065 Paschalem
1436 4026 1704 4066 annorum
1734 4012 1840 4067 552
1875 4012 2036 4067 scho-

2206 3734 2389 3788 Ταῦτα
2419 3734 2520 3786 οὐκ
2545 3733 2636 3802 ἀφ’
2670 3730 2876 3785 ἑαυτῶν
2911 3732 3336 3803 συντετάχαμεν,
3363 3733 3476 3785 ἀλλ’
3509 3734 3570 3785 ἐκ
3591 3730 3681 3783 τῶν

2135 3825 2485 3894 παραδόσεων
2540 3824 2635 3877 τοῦ
2705 3823 2971 3896 μακαρίου
3044 3824 3339 3877 ἀποστόλου
3405 3825 3498 3879 καὶ
3545 3828 3681 3895 ἀρχιο

2136 3918 2432 3973 ἐπισκόπου
2463 3915 2718 3989 [Πόρτου]
2753 3916 2968 3987 Ῥώμης
2993 3916 3305 3970 Ἱππολύτου
3337 3919 3431 3971 καὶ
3450 3916 3679 3988 ίερομάρν

2138 4026 2321 4081 τυρος,
2350 4006 2587 4061 Ἀνιανοῦ
2614 4025 2674 4061 τε
2703 4006 2799 4060 τοῦ
2838 4008 3131 4062 όσιωτάτου
3165 4009 3421 4080 μοναχοῦ,
3452 4007 3539 4063 τοῦ
3565 4025 3676 4060 συν-

473 4099 563 4154 liis
601 4100 930 4154 illustratum
966 4100 1364 4157 studiosissime
1406 4101 1663 4172 digessit,
1713 4110 1768 4156 et
1814 4100 2035 4156 Maximi

2148 4101 2397 4166 τάξαντος
2451 4099 2646 4153 κύκλον
2703 4105 2772 4152 ια’
2825 4100 3184 4171 πασχουάλιον
3241 4100 3362 4170 (ρλβ’
3400 4102 3530 4154 ἐτῶν
3578 4102 3679 4169 ἅμα

475 4190 813 4246 sanctissimi
846 4192 1099 4246 monachi
1145 4201 1200 4247 et
1240 4192 1485 4263 prmolari
1526 4192 1864 4264 philosophi,
1907 4207 2038 4247 con-

2148 4192 2375 4264 σχολίοις
2408 4191 2688 4263 ἀκριϐέσι,
2727 4192 2820 4245 καὶ⁵
2858 4191 3109 4262 Μαξίμου
3144 4190 3238 4245 τοῦ
3272 4194 3562 4261 άγιωτάτου
3593 4207 3677 4261 μοι

474 4282 702 4338 l‘essoris
730 4292 784 4339 et
806 4284 988 4354 magni
1017 4284 1271 4341 Ecclesia:
1296 4285 1558 4352 doctoris,
1578 4285 1963 4340 monumentis.

2148 4283 2304 4355 ναχοῦ
2325 4285 2419 4336 καὶ
2441 4282 2730 4352 φιλοσόφου
2757 4283 3010 4353 μεγάλου,
3032 4283 3384 4355 ὁμολογητοῦ,
3420 4284 3506 4337 καὶ
3529 4282 3677 4353 p.376-

2142 4373 2236 4426 λου
2270 4371 2585 4427 διδασκάλου
2619 4372 2717 4442 τῆς
2757 4371 3100 4440 Ἐκκλησίας.

2032 4488 2146 4545 XV.

1037 4581 1267 4640 Joannes
1296 4583 1534 4641 Zonaras
1556 4586 1611 4640 in
1633 4585 1888 4641 Annalib.
1915 4593 2042 4640 tam.
2077 4584 2118 4649 l,
2155 4601 2277 4654 pag.
2302 4582 2406 4637 626
2432 4583 2560 4637 edit.
2588 4582 2790 4650 Paris.,
2810 4582 2915 4637 468
2953 4582 3129 4637 Venet.

545 4698 660 4756 Sub
684 4698 906 4756 Urbano
928 4699 1175 4757 Romano
1200 4704 1476 4773 episcopo,
1504 4703 1668 4758 etiam
1696 4702 2033 4774 Hippolytus,

2212 4701 2345 4754 Τότε
2396 4699 2672 4771 Οὐρϐανοῦ
2703 4700 2803 4770 τῆς
2828 4699 3132 4770 ἐπισκοπῆς
3168 4698 3269 4770 τῆς
3300 4698 3570 4769 Ῥωμαίων
3594 4694 3677 4748 πό-

470 4792 555 4847 vir
600 4794 980 4849 sanctissimus
1030 4803 1086 4850 et
1126 4796 1511 4863 doctissimus,
1554 4794 1785 4850 Romani
1841 4796 2035 4851 Portus

2148 4794 2275 4855 λεως
2304 4791 2661 4863 προεστῶτος,
2691 4792 2785 4844 καὶ
2831 4790 3141 4853 Ἱππόλυτος
3166 4790 3339 4861 ἤνθει,
3376 4790 3508 4860 ἀνὴρ
3530 4784 3673 4857 ίερώ-

470 4884 757 4955 cpiscopus
806 4885 1019 4952 ﬂoruit,
1062 4888 1155 4958 qui
1208 4890 1264 4943 in
1304 4889 1473 4943 multa
1521 4903 1692 4945 sacrae
1740 4887 2035 4959 Scriptura:

2148 4900 2297 4946 τατος
2339 4884 2433 4936 καὶ
2466 4882 2805 4952 σοφώτατος,
2839 4882 3135 4945 ἐπίσκοπος
3179 4880 3273 4934 τοῦ
3316 4881 3454 4935 κατὰ
3483 4878 3675 4946 Ῥώμην

470 4979 893 5033 commentarios
926 4981 1267 5050 conscripsit.

2148 4974 2342 5045 Πὸρτου
2375 4973 2680 5044 γενόμενος,
2706 4972 2762 5037 ὃς
2781 4974 2875 5027 καὶ
2901 4972 3066 5026 πολλὰ
3111 4973 3508 5043 συγγράμματα
3537 4982 3676 5019 συνεο

2138 5065 2413 5136 γράψατο,
2446 5066 2677 5136 διάφορα
2705 5065 2804 5135 τῆς
2836 5064 2988 5127 θείας
3014 5064 3235 5136 Γραφῆς
3274 5061 3671 5134 ἐξηγησάμενος-

2001 5201 2143 5259 XVI.

1371 5342 1697 5414 Nicepliorus
1727 5343 1980 5399 Callistus
2012 5344 2149 5399 Hist.
2178 5342 2311 5397 eccl.
2344 5341 2433 5395 lib.
2460 5357 2534 5409 tv,
2559 5358 2674 5411 cap.
2708 5341 2793 5395 5i.

541 5432 898 5505 Temporibus
931 5434 1113 5491 Severi
1137 5435 1459 5508 Hippolytus
1483 5439 1668 5503 etiam,
1695 5439 1894 5494 Portus
1918 5439 2027 5493 Ro-

2205 5438 2328 5500 Τοῖς
2377 5436 2434 5489 δὲ
2469 5436 2609 5490 κατὰ
2642 5435 2878 5507 Σεύηρον
2906 5435 3146 5506 χρόνοις,
3180 5434 3273 5488 καὶ
3330 5433 3617 5491 Ἱππόλυτος
3646 5424 3672 5475 ὁ

470 5524 619 5576 mani
667 5525 988 5595 episcopus,
1039 5525 1271 5580 ﬂoruit:
1319 5528 1410 5597 qui
1461 5544 1586 5584 cum
1634 5528 1735 5582 alia
1788 5527 2027 5598 plurima

2148 5529 2341 5599 [Ιόρτου
2385 5528 2485 5599 τῆς
2528 5526 2742 5599 Ῥώμης
2786 5526 3079 5591 ἐπίσκοπος
3126 5526 3397 5596 γεγονὼς,
3435 5517 3673 5595 ἀκμάζων

538 5699 582 5765 (ι
596 5699 650 5768 0}
679 5701 1267 5775 Ἐκκαιδεκαετηρικόν.
