3826 6506
113 339 198 395 58!
1374 342 1468 399 DE
1498 342 1556 400 S.
1596 340 2007 399 HiPPOLYTO.

3219 339 3323 398 582

109 451 188 523 ἦν.
214 456 316 510 Καὶ
354 454 420 525 δὴ
447 454 656 511 πολλῶν
686 456 1092 529 ὑπομνημάτων
1121 460 1357 525 συνετῶς
1382 461 1529 532 αὐτῷ
1555 479 1646 531 γε-

1765 463 1949 532 ῖοτίριιι
1979 461 2277 532 prudenter
2312 468 2367 515 et
2398 460 2559 515 docte
2587 459 2775 525 edidit,
2809 466 2924 515 tum
2958 460 3025 516 de
3056 459 3323 516 Paschate

110 549 445 618 γραμμὲνων,
480 550 574 601 καὶ
612 548 675 602 τὸ
718 549 848 620 περὶ
878 550 972 603 τοῦ
1005 551 1199 622 Πάσχα
1231 552 1501 609 ἐκτίθεται
1528 555 1657 625 σύγ-

111 656 327 710 γραμμα
346 657 359 669 -
418 640 477 693 ὲν
530 632 574 707 ᾧ
605 639 713 692 τῶν
752 641 957 711 χρόνων
986 626 1303 713 ἀναγραφὴν
1332 642 1653 715 ἐκθέμενος,

110 732 195 785 καί
218 748 331 785 τινα
361 731 561 784 κανόνα
586 730 1119 802 ὲκκαιδεκαετηρίδος
1157 733 1287 804 περὶ
1334 733 1427 787 τοῦ
1465 734 1657 805 Πάσχα

110 822 344 893 προθεὶς,
371 823 466 876 ἐπὶ
488 823 549 876 τὸ
573 822 786 894 πρῶτον
839 824 958 888 ἔτος
1001 823 1346 896 Ἀλεξάνδρου
1389 825 1655 898 περιγρά-

110 933 190 984 φει
229 916 349 979 τοὺς
398 915 639 987 χρόνους.
675 914 755 969 Τά
803 932 868 984 γε
909 916 1013 987 μὴν
1046 916 1209 970 αὑτοῦ
1259 916 1659 989 συγγράμματα

109 1006 270 1061 ταῦτά
309 1009 445 1059 εἰσι·
490 1005 701 1059 Βιϐλίον
744 1007 825 1069 είς
856 1006 950 1077 τὴν
996 1004 1328 1079 ὲξαήμερον·
1362 1008 1547 1079 ἕτερον
1578 1010 1658 1072 είς

109 1098 168 1151 τά
194 1097 324 1168 μετὰ
348 1097 450 1167 τὴν
478 1096 779 1167 ἐξαὴμερον
800 1110 813 1123 ·
846 1096 1225 1168 άντιρῤητικὸς
1249 1098 1381 1169 πρὸς
1398 1099 1659 1170 Μαρκίω-

107 1206 197 1243 ναο
218 1192 297 1254 είς
332 1189 393 1242 τὸ
413 1186 605 1259 τᾼσμςι
636 1189 741 1242 τῶν
773 1189 1049 1259 ᾀσμάτωνο
1088 1192 1166 1254 είς
1197 1191 1336 1262 μέρη
1364 1190 1458 1243 τοῦ
1504 1190 1660 1255 Ἰεζε-

108 1282 250 1353 κιήλ·
295 1282 424 1352 περὶ
457 1280 549 1333 τοῦ
575 1282 767 1351 Πάσχα
786 1296 801 1311 ο
847 1279 1131 1352 σύνταγμα
1184 1282 1318 1354 πρὸς
1348 1282 1527 1346 πάσας
1558 1282 1656 1347 τὰς

109 1375 327 1446 αἱρέσεις
366 1374 825 1445 βιωφελέστατοψ
874 1374 1004 1446 περὶ
1057 1375 1155 1445 τῆς
1214 1375 1511 1447 παρουσίας
1563 1375 1655 1429 τοῦ

119 1468 502 1538 ’Δντιχρίστοψ
532 1465 663 1537 περὶ
700 1465 1046 1530 ἀναστάσεως
1065 1483 1078 1496 ο
1110 1467 1202 1520 καὶ
1230 1466 1363 1522 ἄλλα
1395 1467 1651 1522 πλεῖσταο

110 1562 175 1622 εἰς
220 1558 520 1629 Ζαχαρίαν
566 1557 693 1627 περὶ
729 1556 975 1629 Ψαλμῶν
1002 1574 1015 1587 ·
1052 1559 1131 1623 είς
1166 1559 1258 1611 τὸν
1295 1550 1547 1613 Ἡσαΐαν·
1578 1561 1657 1624 είς

110 1652 185 1705 τὸν
209 1651 444 1721 Δανιήλί·
485 1650 613 1722 περὶ
656 1650 1071 1721 Ἀποκαλύψεως
1090 1669 1102 1681 ’
1141 1652 1269 1722 περὶ
1301 1650 1619 1723 Παροιμιῶν
1639 1669 1654 1683 ⁸

110 1743 220 1815 περὶ
264 1742 439 1795 Σαοὺλ
486 1740 580 1794 καὶ
623 1739 910 1804 Πύθωνος·
959 1740 1086 1811 περὶ
1133 1742 1366 1796 ἐπαίνων
1407 1743 1500 1797 τοῦ
1542 1746 1657 1797 Κυ-

112 1833 210 1907 ρίου
238 1832 397 1905 ἡμῶν
437 1831 611 1904 Ἰησοῦ
648 1830 883 1903 Χριστοῦ
906 1850 919 1863 ο
976 1834 1034 1885 ὲν
1071 1826 1152 1897 οἷς
1214 1834 1478 1906 παρόντος
1518 1835 1659 1906 Ὠρι-

110 1926 279 1993 γένους
299 1924 563 1995 ὡμίλησε.
599 1923 731 1977 Τινά
758 1922 814 1976 δὲ
845 1922 952 1976 τῶν
990 1925 1432 1995 συγγραμμάτων
1472 1923 1659 1995 ἐπιλή-

109 2019 235 2087 ψιμα
269 2016 442 2087 ἔχων,
492 2014 570 2085 τῷ
604 2014 747 2085 ὑπὲρ
774 2014 1011 2085 Χριστοῦ
1047 2016 1330 2087 μαρτυρίῳ
1359 2014 1497 2087 μετὰ
1528 2015 1659 2069 ταῦ-

110 2123 164 2159 τα
185 2103 521 2168 τελειωθεὶς,
551 2103 641 2157 τὸν
677 2104 775 2174 τῆς
809 2103 1029 2171 ἀγνοίας
1078 2104 1413 2176 ἀπετρίψατο
1447 2103 1655 2175 μῶμον.

1758 555 1955 609 librum
1989 554 2325 623 composuit,
2371 553 2424 606 in
2462 566 2573 623 quo
2610 552 2970 622 descriptione
3019 561 3325 625 temporum.

1756 652 1811 698 et
1832 643 1999 697 veluti
2034 642 2295 698 fastorum
2336 642 2511 709 initio,
2546 652 2601 697 et
2637 657 2846 697 canone
2891 658 3157 697 annorum
3202 660 3325 700 sex-

1757 732 1930 787 decim
1967 733 2034 787 de
2072 731 2337 788 Paschate
2375 733 2683 803 proposito,
2715 733 2981 787 rationem
3018 746 3324 805 temporum

1758 838 1933 893 usque
1961 824 2025 877 ad
2054 825 2290 893 primum
2335 838 2538 877 annum
2574 822 2865 877 Alexandri
2900 824 3136 879 deducit.
3166 824 3327 880 Cata-

1758 912 1914 982 logus
1946 912 2207 966 librorum
2250 911 2367 980 ejus
2403 911 2483 965 sic
2524 910 2723 964 habet:
2767 909 2927 963 Liber
2957 912 3009 964 in
3042 912 3328 967 hexaeme-

1756 1018 1879 1066 ron,
1909 1012 1962 1056 et
1989 1003 2127 1056 alter
2155 1010 2280 1071 post
2307 1004 2667 1056 hexaemeron
2692 1020 2706 1067 ;
2742 1000 3094 1057 refutatorius
3135 1012 3325 1057 contra

1758 1093 2128 1160 Marcionem;
2172 1095 2229 1148 in
2274 1092 2561 1148 Canticum
2612 1093 2986 1161 canticorum;
3033 1095 3089 1149 in
3138 1107 3326 1166 partes

1756 1181 2091 1248 Ezechielis;
2129 1183 2195 1237 de
2228 1181 2525 1245 Paschate;
2557 1196 2696 1251 opus
2741 1191 2929 1236 contra
2958 1184 3189 1240 haereses
3210 1200 3330 1240 om-

1758 1288 1877 1337 nes,
1912 1272 2074 1342 longe
2104 1273 2488 1335 utilissimum;
2512 1272 2578 1327 de
2608 1273 2835 1327 adventu
2865 1274 3184 1331 Antichristi
3210 1319 3225 1343 ,
3257 1278 3326 1333 de

1756 1366 2178 1431 resurrectione,
2220 1375 2274 1419 et
2322 1365 2427 1417 alia
2476 1363 2738 1434 plurima;
2784 1364 2839 1418 in
2876 1364 3218 1433 Zachariam,
3260 1370 3327 1423 de

1757 1455 2022 1520 Psalmis,
2053 1457 2106 1511 in
2144 1455 2393 1521 Esaiam,
2428 1455 2481 1510 in
2523 1454 2828 1523 Danielem,
2859 1457 2925 1511 de
2962 1457 3325 1531 Apocalypsi,

1758 1548 1825 1603 de
1851 1546 2180 1614 Proverbiis,
2207 1548 2273 1602 de
2304 1546 2433 1602 Saul
2460 1555 2513 1602 et.
2537 1546 2779 1618 Pythone
2797 1590 2812 1615 ,
2847 1550 2912 1604 de
2943 1550 3196 1605 laudibus
3220 1552 3329 1606 Do-

1758 1642 1892 1697 mini
1922 1642 2093 1695 nostri
2134 1640 2261 1696 Jesu
2292 1640 2520 1705 Christi,
2563 1644 2617 1693 in
2661 1642 2861 1709 quibus
2902 1652 3169 1713 praesente
3205 1642 3328 1697 Ori~

1758 1746 1892 1802 gene
1918 1746 2225 1787 sermonem
2251 1732 2465 1785 habuit.
2496 1729 2752 1795 Quaedam
2784 1748 2949 1802 porro
2973 1734 3172 1803 scripta
3206 1735 3328 1803 ejus

1758 1838 1882 1878 cum
1939 1822 2360 1892 reprehensione
2400 1837 2508 1875 non
2545 1831 2797 1889 careant,
2841 1826 3102 1895 martyrio
3141 1835 3326 1893 postea

1754 1929 1853 1984 pro
1888 1910 2092 1968 Christi
2130 1913 2347 1968 nomine
2385 1915 2658 1979 absoluto,
2698 1913 3019 1983 ignorantiae
3055 1916 3175 1986 ejus
3212 1934 3328 1971 ma-

1753 2003 1936 2058 culam
1970 2003 2190 2058 detrivit
2216 2013 2380 2073 atque
2408 2003 2651 2059 detersit.
2680 2002 2836 2058 Unde
2864 2002 3147 2075 Origenem
3175 2006 3328 2060 aiunt

1755 2094 1971 2169 initium
2004 2093 2521 2150 commentariorum
2557 2095 2612 2148 in
2645 2110 2831 2149 sacras
2862 2093 3167 2165 Scripturas
3193 2098 3327 2153 scri-

119 2198 195 2263 Ἐξ
242 2190 316 2249 ὧν
350 2213 507 2266 φασι,
540 2194 635 2249 καὶ
677 2194 958 2267 Ὠριγὲνην
1007 2194 1181 2266 ἀρχὴν
1221 2195 1509 2266 ἐσχηκέναι
1536 2197 1656 2260 ταῖς

1765 2186 2057 2243 bendorum
2083 2187 2403 2258 sumpsisse.
2439 2186 2563 2243 Περ
2594 2187 2662 2241 de
2694 2186 3002 2257 Hippolyto.

110 2286 261 2350 θείαις
308 2284 619 2340 ἐπιϐάλλειν
659 2283 921 2354 Γραφαῖς.
946 2283 1195 2339 Τοσαῦτα
1226 2284 1283 2339 δὲ
1317 2285 1411 2338 καὶ
1444 2282 1513 2337 τὰ
1554 2284 1659 2339 Ἰπ-

113 2377 344 2431 πολύτου.

1628 2512 1791 2570 XVII.

113 2629 294 2681 Auctor
317 2644 610 2699 anonymus
634 2628 689 2683 in
719 2624 897 2681 Serm.
926 2625 993 2683 de
1030 2624 1555 2699 pseudopmphetis;
1561 2626 1627 2679 In
1668 2628 1905 2699 Append.
1943 2626 2165 2699 ad‘tom.
2192 2624 2311 2680 VIII
2354 2624 2489 2696 Opp.
2542 2624 2601 2682 S.
2652 2626 2877 2682 Joannis
2922 2626 3326 2698 Chrysostomi.

1243 2694 1364 2765 pag.
1406 2695 1493 2761 79,
1520 2695 1608 2762 B.,
1630 2694 1828 2752 nobisa.
1846 2698 1974 2752 edit.
2000 2694 2180 2751 Paris.

176 2812 273 2867 Ποῦ
317 2811 540 2874 Εὒόδιος
560 2849 577 2873 ,
627 2810 663 2883 ἡ
707 2807 905 2864 εὐωδία
938 2807 1036 2879 τῆς
1070 2804 1393 2877 Ἐκκλησίας
1425 2805 1519 2859 καὶ
1548 2805 1659 2860 τῶν

111 2905 263 2973 ἁγίων
287 2903 601 2958 ἀποστόλων
626 2900 864 2971 διάδοχος
900 2900 996 2953 m1
1026 2897 1295 2969 μιμητής;
1336 2896 1446 2951 Ποῦ
1482 2896 1661 2967 Ἀγνά-

113 3015 237 3063 τιος,
268 2999 328 3052 τὸ
356 2997 450 3051 τοῦ
480 2994 617 3050 Θεοῦ
663 2994 1006 3067 οῑκητήριον;
1044 2991 1152 3045 Ποῦ
1190 2992 1218 3043 ὁ
1249 2990 1551 3055 Διονύσιος,
1599 2991 1660 3045 τὸ

116 3089 337 3143 πετεινδν
380 3086 475 3141 τοῦ
491 3084 756 3159 ιοῦρανοῦ;
786 3082 898 3137 Ποῦ
939 3081 1249 3145 Ἱππόλυτος
1273 3081 1301 3133 ὁ
1325 3080 1659 3151 γλυκύτατος

118 3185 197 3236 καὶ
224 3181 608 3245 εὐνούστατοςς

1836 2807 1940 2863 Ubi
1967 2817 2050 2871 est
2078 2805 2339 2872 Evodius,
2368 2805 2545 2863 bonus
2584 2808 2720 2864 odor
2746 2808 2999 2866 Ecclesia:
3028 2817 3081 2863 et
3113 2820 3329 2868 sancto—

1762 2916 1885 2956 rum
1915 2901 2283 2971 apostolorum
2312 2916 2620 2965 successor,
2648 2910 2703 2956 et
2735 2902 3010 2957 imitator?
3040 2901 3141 2957 Ubi
3166 2904 3328 2974 lgna--

1763 2993 1892 3057 tius,
1918 2993 2011 3048 Dei
2042 2992 2415 3049 domicilium?
2438 2992 2537 3047 Uhi
2565 2993 2876 3064 Dionysius,
2910 2995 3146 3050 volucris
3172 2995 3331 3053 cmii?

1764 3084 1869 3141 Ubi
1898 3085 2220 3158 Hippolytus
2251 3085 2601 3140 dulcissimus
2639 3094 2693 3140 et
2730 3086 3191 3157 benignissimus?

1609 3303 1793 3361 XVIII.

271 3431 473 3484 Auctor
503 3426 721 3483 Catenae
757 3424 979 3481 Patrum
1013 3423 1325 3481 Graecorum
1369 3422 1425 3477 in
1445 3421 1691 3478 Ieremia:
1727 3438 1863 3489 xvu,
1913 3422 2001 3490 ii,
2032 3432 2159 3477 tam.
2188 3420 2232 3476 Π
2269 3423 2397 3477 edit.
2442 3422 2809 3487 Gltislerianae,
2852 3442 2975 3495 pag.
3010 3424 3133 3481 449.

178 3545 279 3616 (li)
312 3545 424 3601 Τοῦ
443 3546 616 3615 ἁγίου
649 3544 1015 3600 Ἱππολύτου.
1040 3544 1114 3597 Οὐ
1141 3544 1314 3615 μάτην
1339 3544 1368 3596 ὁ
1393 3543 1673 3615 προφήτης

119 3638 414 3710 ἀπεφήνατο
439 3636 502 3691 τδ
532 3636 717 3710 ῥητόν,
745 3655 800 3692 κ.
832 3652 883 3690 τ.
910 3638 970 3690 .1.

1850 3541 2036 3598 Sancti
2078 3542 2373 3615 Hippolyti.
2416 3542 2534 3599 Non
2586 3543 2782 3601 frustra
2834 3546 2946 3601 hanc
2993 3546 3205 3603 locutus
3245 3550 3330 3603 est

1760 3631 2053 3705 Propheta,
2082 3644 2180 3689 etc.

196 3797 303 3868 (li)
354 3795 534 3852 Locus
576 3794 896 3865 desumptus
938 3808 1003 3849 ex
1052 3792 1193 3849 libro
1232 3793 1297 3848 de
1341 3791 1688 3861 Antichristo,
1721 3805 1840 3863 cap.
1880 3791 1971 3848 55.
