3826 6528
440 333 548 391 εει
644 311 645 314 γ

1309 329 1365 382 S.
1406 325 1773 382 lllPPOLYTl
1817 322 1966 379 OPP.
2000 321 2186 379 PARS
2217 323 2256 379 Ι.
2294 353 2361 364 ——
2397 321 2808 378 EXEGETICA.
3549 323 3634 377 588

509 454 648 525 Erga
695 452 1113 524 primogenitum
1157 465 1314 506 suum
1361 465 1428 505 ex
1469 451 1697 520 [Egypto
1727 447 2004 518 populum,

2181 445 2516 500 HIPPOLYTUS
2544 463 2556 498 :
2595 444 2720 496 Ἐπὶ
2742 444 2850 515 γὰρ
2878 441 2952 512 τῷ
2977 439 3301 512 πρωτοτόκῳ
3319 440 3376 504 ἐξ
3400 440 3636 508 Αἰγύπτου

440 547 611 600 multa
645 544 862 600 virtutis
891 545 1282 599 demonstratio
1310 543 1452 597 facta
1493 557 1522 595 a
1557 541 1667 596 Deo
1705 539 1827 595 fuit.
1864 538 2003 594 Nam

438 635 687 707 plurimis
725 634 900 690 modis
931 634 1116 704 punita
1150 633 1220 687 ab
1241 648 1307 687 eo
1329 642 1412 687 est
1431 631 1579 702 regio
1607 630 2001 702 Egyptiorum.

437 727 656 782 Primus
716 727 805 782 ille
859 726 1092 796 populus
1155 740 1223 780 ex
1272 724 1690 779 circumcisione
1747 723 2003 793 fortitudo

437 836 554 877 mea
581 831 630 874 et
655 819 972 888 principium
995 816 1231 886 ﬁliorum
1253 833 1520 882 meorum;
1548 817 1690 872 sicut
1707 815 1849 872 Deus
1878 831 2004 886 pro-

437 911 662 965 miserat
685 910 996 964 Abrahamo
1019 916 1074 962 et
1102 907 1293 963 semini
1322 906 1463 977 ejus.
1490 906 1560 961 At
1579 906 1744 960 durus
1773 906 2006 976 populus

436 1001 529 1056 ille
581 1003 649 1055 ad
713 1000 1008 1071 ferendum,
1065 998 1338 1069 siquidem
1389 997 1457 1052 ad
1510 996 1830 1067 obsequium
1894 997 2005 1051 Deo

434 1093 806 1164 praestandum
834 1092 1115 1147 obduruit.
1161 1091 1338 1144 Durus
1368 1099 1416 1144 et
1443 1090 1687 1159 pervicax
1715 1104 1733 1141 :
1758 1089 2005 1158 quando-

437 1187 656 1257 quidem
701 1202 807 1240 non
846 1194 1056 1240 tantum
1096 1185 1267 1240 durus
1289 1183 1356 1238 ad
1381 1184 1702 1252 obsequium
1727 1183 1838 1237 Dco
1868 1197 2006 1252 prte-

437 1279 712 1342 standum,
755 1277 849 1333 sed
884 1278 1048 1331 etiam
1083 1277 1332 1346 pervicax
1369 1289 1427 1330 ut
1451 1292 1644 1330 manus
1678 1274 2008 1329 Domiuoin-

435 1369 621 1425 ferret.
646 1368 847 1423 Fecisti
877 1368 1270 1436 contumeliam,
1305 1368 1564 1438 quoniam
1592 1383 1687 1437 per
1719 1366 2005 1420 Dominum

435 1471 685 1518 nostrum
723 1460 910 1518 Jesum
945 1460 1222 1515 Christum
1269 1459 1596 1515 contumelia
1650 1457 1864 1512 Patrem
1912 1471 2008 1527 po-

435 1555 600 1624 pulus
653 1552 851 1608 aifecit.
893 1552 983 1606 Ait
1022 1561 1206 1607 autem
1262 1551 1520 1622 Spiritus,
1577 1567 1638 1604 ne
1681 1549 2005 1618 effervescas,

437 1644 832 1701 consolationis
855 1660 1042 1711 causa,
1071 1660 1140 1699 ne
1164 1643 1382 1714 penitus
1411 1643 1810 1699 effervesceudo
1835 1641 2009 1696 eﬂ‘un-

438 1739 629 1805 datur;
666 1738 760 1793 sed
791 1752 941 1807 spem
970 1737 1074 1808 ipsi
1105 1737 1284 1794 adhuc
1321 1738 1414 1793 dat
1435 1737 1649 1792 salutis.
1682 1733 1837 1802 Quod
1861 1734 2006 1788 enim

438 1827 692 1896 efferbuit
728 1827 1067 1897 effusumque
1091 1835 1196 1893 est,
1225 1827 1402 1897 periit.

507 1919 642 1976 Gen.
671 1936 798 1974 xm
819 1959 833 1984 ,
863 1919 897 1974 4
933 1938 945 1973 :
980 1921 1278 1976 Ascendisti
1303 1922 1440 1976 enim
1462 1938 1618 1992 super
1645 1921 1814 1976 cubile
1840 1923 2012 1992 patris

441 2014 539 2066 tui.

510 2102 753 2157 Primum
808 2101 1024 2172 quidem
1071 2117 1188 2158 rem
1240 2103 1463 2172 exponit
1501 2121 1515 2157 :
1561 2103 1707 2173 quod
1753 2104 2014 2161 nimirum

439 2193 632 2248 diebus
662 2191 866 2246 ultimis
890 2191 1137 2261 ipopulus
1164 2191 1391 2246 insidias
1435 2199 1609 2247 struet
1648 2192 1789 2247 lecto
1813 2192 2013 2261 Patris,

439 2287 546 2341 hoc
574 2297 657 2341 est
697 2299 913 2354 sponsae
941 2283 1230 2347 Ecclesiae,
1259 2284 1504 2338 eamdem
1542 2284 1728 2339 volens
1767 2299 2015 2339 corrum-

437 2391 586 2446 pere.
634 2373 790 2442 Quod
822 2382 875 2429 et
910 2373 1072 2428 hodie
1111 2373 1411 2428 etiamnum
1440 2372 1594 2440 facit,
1621 2372 1750 2427 dum
1787 2374 2015 2429 insidias

438 2468 538 2538 ipsi
569 2468 792 2523 molitur
814 2482 920 2536 per
953 2466 1344 2536 blasphemias.

511 2647 645 2703 Gen.
684 2663 833 2712 χιιι,
865 2647 898 2700 5
936 2663 949 2699 :
994 2643 1209 2699 Simeon
1233 2655 1283 2699 et
1302 2642 1425 2697 Levi
1445 2643 1660 2712 fratres.

511 2739 783 2806 Quoniam
808 2754 870 2793 ex
902 2737 1158 2794 Simeone
1187 2736 1400 2804 scribae,
1427 2747 1482 2792 et
1511 2751 1576 2792 ex
1610 2735 1736 2791 Levi
1765 2735 2016 2792 sacerdo-

441 2844 544 2889 tes.
587 2832 791 2888 Scribae
824 2833 971 2888 enim
1017 2841 1072 2887 et
1109 2831 1419 2888 sacerdotes
1461 2840 1842 2900 perpetrarunt
1867 2830 2014 2900 inju-

442 2927 669 2993 stitiam,
713 2936 872 2997 atque
917 2925 1196 2980 voluntate
1238 2939 1336 2978 sua
1391 2923 1447 2978 in
1493 2938 1659 2978 unam
1690 2923 2014 2978 sententiam

443 3019 845 3091 conspirantes,
877 3017 1166 3074 Dominum
1201 3018 1539 3072 occiderunt.

2104 537 2218 608 λαῷ
2247 537 2413 608 πολλὴ
2447 535 2630 607 ισχύος
2657 534 2913 601 ἐπίδειξις
2938 533 3128 603 γέγονε
3154 531 3301 604 παρὰ
3327 531 3472 584 Θεοῦ.
3509 533 3638 586 Ἑκο-

2107 631 2298 695 λάζετο
2337 631 2446 701 γὰρ
2473 629 2615 681 κατὰ
2647 626 2930 688 πλείστους
2968 624 3202 694 τρόπους
3233 623 3339 675 τῶν
3370 625 3639 692 Αἰγυπτίων

2107 724 2141 792 ἡ
2175 721 2346 792 χώρα.
2394 721 2452 773 '0
2489 719 2704 792 πρῶτος
2735 719 2865 780 λαὸς
2895 720 2924 770 6
2955 718 3020 770 ἐκ
3039 717 3334 786 περιτομῆς
3368 717 3640 784 ἰσχύςμου

2107 815 2206 868 καὶ
2239 812 2396 882 ἀρχὴ
2432 812 2655 866 τέκνων
2682 827 2800 880 μου
2821 826 2834 839 ·
2878 806 3057 871 καθὼς
3106 807 3336 876 ὑπέσχεν
3380 807 3407 857 6
3436 806 3552 869 Θεὸς
3580 806 3641 876 τῷ

2118 901 2367 973 Ἀϐραὰμ
2409 901 2509 971 τὴν
2545 897 2874 968 ἐπαγγελίαν
2908 897 2998 950 καὶ
3043 895 3122 966 τῷ
3170 895 3437 966 σπέρματι
3483 896 3638 950 αὑτοῦ.

2107 993 2376 1061 Σκληρός
2395 992 2450 1044 δὲ
2483 991 2784 1061 φέρεσθαι,
2818 989 3007 1061 ἐπειδὴ
3031 986 3474 1060 παρεσκληρύνθη
3500 988 3642 1052 ὀλοὰς

2109 1085 2245 1156 πρὸς
2279 1085 2375 1156 τὴν
2410 1082 2654 1155 ὑπακοὴν
2679 1083 2772 1136 τοῦ
2793 1082 2949 1136 Θεοῦ.
2979 1081 3089 1135 Καὶ
3109 1079 3375 1148 σκληρὸς
3396 1079 3640 1147 αὐθάδης,

2108 1179 2188 1231 ὅτι
2223 1178 2283 1230 ού
2329 1179 2487 1248 μόνον
2531 1178 2762 1249 σκληρὸς
2796 1175 2933 1248 πρὸς
2976 1174 3076 1244 τὴν
3109 1172 3352 1241 ὑπακοὴν
3386 1171 3472 1224 τοῦ
3515 1171 3642 1236 Θεοῦ,

2108 1269 2222 1323 ἀλλ’
2255 1270 2336 1322 ὅτι
2374 1270 2468 1323 καὶ
2501 1270 2738 1339 αύθάδης
2782 1267 2996 1336 ἐγένετο
3036 1265 3171 1337 πρὸς
3217 1263 3278 1318 τὸ
3309 1267 3460 1334 χεῖρα
3487 1264 3644 1316 ἐπιϐε-

2108 1363 2220 1418 λεῖν
2254 1362 2331 1434 τῷ
2363 1363 2574 1435 Κυρίῳ.
2617 1361 2985 1428 Ἑξύϐρισας,
3016 1357 3203 1428 ἐπειδὴ
3235 1356 3322 1409 διὰ
3356 1356 3443 1408 τοῦ
3473 1355 3643 1426 Κυρίου

2110 1453 2264 1524 ἡμῶν
2313 1451 2487 1522 Ἰησοῦ
2524 1450 2760 1522 Χριστοῦ
2796 1449 3079 1520 ἐξύϐρισεν
3105 1450 3132 1501 6
3164 1445 3290 1508 λαὸς
3322 1443 3409 1497 τὸν
3442 1445 3642 1515 Πατέρα.

2108 1547 2163 1596 Μ
2173 1542 2204 1611 ἱρ
2235 1541 2481 1610 ἐκζέσ-ῃς
2513 1542 2568 1595 δὲ
2600 1541 2832 1611 λέγει·τὸ
2864 1540 3089 1610 Πνεῦμα
3121 1537 3548 1609 παρακλητικῶς,
3577 1537 3646 1590 ivx

2115 1633 2188 1705 μὴ
2246 1634 2427 1687 τέλεον
2475 1632 2702 1696 ἐκζέσας
2756 1629 3036 1702 ὑπερχυθῇ
3065 1669 3079 1693 ,
3129 1627 3319 1682 ἐλπίδα
3369 1626 3484 1689 δοὺς
3529 1625 3646 1695 αὐτῷ

2115 1726 2409 1797 σωτηρίας.
2451 1725 2524 1778 Τὸ
2553 1725 2661 1796 γὰρ
2694 1722 2919 1787 ὲκξέσαν
2948 1721 3043 1776 καὶ
3068 1721 3295 1792 ἐκχυθὲν
3319 1717 3561 1774 ἀπώλετο.

2197 1923 2440 1993 Ἀνέϐης
2478 1925 2586 1994 γὰρ
2615 1924 2712 1977 ἐπὶ
2747 1921 2854 1992 τῆς
2881 1922 3085 1991 κοίτης
3106 1921 3210 1977 τοῦ
3237 1921 3458 1990 πατρός
3477 1934 3594 1974 σου.

2193 2102 2532 2157 lllrrouws
2570 2120 2582 2155 :
2621 2100 2844 2173 Πρῶτον
2905 2101 3001 2172 μὲν
3042 2099 3103 2154 τὸ
3152 2099 3367 2171 συμϐὰν
3397 2097 3560 2166 λέγει·
3587 2097 3650 2149 ὅτι

2115 2195 2201 2247 ἐπ’
2236 2195 2478 2264 ἐσχάτων
2509 2191 2617 2245 τῶν
2648 2191 2869 2264 ἡμερῶν
2893 2191 3077 2262 μέλλει
3125 2193 3153 2244 6
3176 2191 3305 2254 λαὸς
3327 2189 3651 2242 ἐπιϐουλεύειν

2115 2288 2179 2356 τῇ
2211 2285 2364 2357 κοίτῃ
2383 2285 2474 2338 τοῦ
2495 2284 2724 2355 Πατρδς,
2755 2283 3030 2337 τουτέστιν
3055 2285 3122 2353 τῇ
3149 2281 3338 2354 νύμφῃ
3381 2278 3651 2349 Ἐκκλησία,

2116 2378 2254 2449 πρὸς
2275 2377 2332 2430 τὸ
2359 2375 2640 2446 βούλεσθαι
2661 2375 2830 2446 αὐτὴν
2851 2374 3178 2446 διαφθεῖραι.
3205 2375 3383 2443 Ὅπερ
3408 2372 3498 2425 καὶ
3515 2370 3655 2442 πράτ-

2113 2486 2197 2523 τει
2250 2468 2410 2539 μέχρι
2447 2467 2539 2521 καὶ
2582 2469 2820 2540 τήμερον
2865 2465 3225 2520 ἐπιϐουλεύων
3273 2465 3413 2535 αὐτῇ
3457 2462 3536 2516 διὰ
3569 2461 3652 2514 τῶν

2117 2561 2331 2634 βλασφη
2340 2560 2494 2632 μιῶν.

2187 2650 2430 2720 Συμεὼν
2458 2651 2554 2705 καὶ
2575 2650 2720 2705 Λευῒ
2747 2649 3018 2720 ἀδελφοί.

2187 2741 2574 2797 “IPPOLYTUS:
2623 2741 2950 2814 Ἐπειδήπερ
2997 2741 3062 2795 ὲκ
3104 2741 3198 2794 τοῦ
3242 2737 3467 2812 Συμεὼν
3514 2755 3656 2810 γραμ-

2119 2837 2328 2906 ματεῖς,
2383 2836 2448 2887 ὲκ
2493 2833 2585 2886 τοῦ
2638 2832 2768 2886 Λευῒ
2817 2834 3002 2904 ἱερεῖς.
3040 2834 3399 2903 Γραμματεῖς
3443 2830 3539 2903 γὰρ
3584 2828 3657 2881 καὶ

2117 2929 2281 2999 ἱερεῖς
2332 2925 2680 2980 συνετέλεσαν
2724 2926 2935 2980 ἀδικίαν
2979 2925 3308 2999 ἐξαιρέσεως
3347 2924 3536 2991 αὐτῶν,
3558 2921 3658 2992 μίαν

2117 2997 2339 3090 γνώμην
2379 3017 2592 3089 ἔχοντες
2623 3017 2831 3071 ἀνεῖλον
2861 3017 2951 3070 τὸν
2983 2997 3208 3089 Κύριονε

515 3107 650 3164 Gen.
689 3123 837 3170 κως,
865 3107 899 3162 5
929 3125 942 3162 :
977 3107 1191 3164 Simeon
1227 3117 1278 3163 et
1313 3107 1434 3162 Levi
1466 3109 1657 3178 fratres
1680 3125 2014 3163 consumma-

2195 3109 2440 3180 Συμεὼν
2473 3108 2572 3162 καὶ
2597 3109 2741 3164 Λευϊ
2757 3108 3004 3177 ἀδελφοὶ
3038 3106 3454 3163 συνετέλεσαν
3466 3105 3660 3161 ἀδικίαν

440 3209 624 3255 uerunt
663 3199 996 3271 iniquitatem
1027 3201 1286 3271 propositi
1331 3201 1414 3253 sui
1454 3216 1472 3253 :
1519 3201 1576 3254 in
1615 3201 1896 3255 consilium
1922 3218 2012 3256 co-

443 3308 562 3345 rum
586 3309 689 3346 non
717 3297 889 3348 veniat
913 3293 1092 3347 anima
1114 3309 1250 3360 mea,
1275 3302 1324 3347 et
1346 3294 1400 3346 in
1419 3295 1816 3364 congregatione
1836 3311 2016 3348 eorum

443 3401 548 3438 non
578 3385 894 3440 contendant
934 3386 1133 3440 viscera
1165 3401 1316 3451 mea;
1347 3387 1483 3456 :qnia
1529 3386 1583 3440 in
1616 3387 1794 3456 furore
1820 3405 1914 3441 suo
1937 3389 2018 3442 in-

447 3477 759 3546 terfecerunt
784 3479 1039 3546 homines,
1069 3488 1118 3533 et
1151 3480 1207 3532 in
1239 3479 1529 3548 cupiditate
1549 3497 1648 3534 sua
1676 3481 2037 3537 subnervave-'

446 3578 571 3622 runt
596 3577 830 3624 taurum.

515 3658 630 3714 Hoc
664 3659 740 3713 ait
779 3661 844 3714 de
879 3660 1303 3730 conspiratione,
1345 3678 1452 3732 qua
1484 3673 1670 3719 essent
1691 3667 1888 3721 coituri
1920 3668 2018 3724 ad-

446 3765 640 3806 versus
675 3749 986 3806 Dominum.
1039 3751 1194 3818 Quod
1241 3754 1389 3808 enim
1427 3755 1494 3810 de
1527 3756 1628 3810 bac
1667 3756 1903 3814 coitione
1939 3760 2022 3815 lo-

447 3845 652 3914 quitur,
680 3844 1028 3900 manifestum
1058 3855 1142 3900 est
1169 3845 1352 3911 nobis,
1378 3861 1504 3902 cum
1529 3848 1675 3903 dicat
1699 3848 1891 3904 beatus
1913 3850 2015 3905 Da-

446 3939 538 3994 vid
575 3957 588 3995 :
633 3937 906 4009 Principes
947 3941 1247 4010 congregati
1288 3950 1411 3994 sunt
1445 3952 1630 3997 contra
1661 3943 1949 3998 Dominum
1979 3946 2018 4013 ί,

447 4043 502 4090 et
530 4048 651 4105 quae
679 4042 998 4103 sequuntur.
1033 4031 1190 4088 Hunc
1210 4043 1462 4089 eventum
1491 4035 1740 4105 praedixit
1763 4035 2019 4107 Spiritus,

449 4143 573 4182 cum
608 4127 684 4181 ait
721 4144 735 4180 :
788 4124 870 4180 Ne
889 4126 1202 4180 contendant
1235 4129 1437 4183 viscera
1469 4144 1626 4183 mea:
1655 4130 1881 4200 cupiens
1903 4146 2018 4196 eos,

451 4221 499 4274 si
549 4220 664 4274 ﬁeri
713 4219 904 4288 possit,
954 4221 1182 4288 eripere,
1227 4235 1296 4275 ne
1345 4236 1442 4290 per
1487 4222 1609 4278 illos
1651 4224 1853 4277 malum
1888 4224 2020 4278 illud

451 4312 695 4364 futurum
721 4310 1086 4378 perﬁceretur.
1126 4308 1512 4380 Interfecerunt
1534 4313 1788 4378 homines,
1816 4325 1864 4368 et
1892 4317 2018 4368 sub-

450 4413 790 4457 nervaverunt
824 4411 1055 4456 taurum.
1082 4401 1182 4458 Per
1213 4411 1427 4459 taurum
1451 4406 1711 4472 validum,
1741 4406 2016 4464 Christum

2120 3201 2474 3271 ἐξαιρέσεως
2503 3199 2721 3256 αὑτῶν.
2745 3203 2847 3266 Et;
2868 3199 3111 3270 ,βουλὴν
3140 3200 3343 3255 αὐτῶν
3369 3201 3453 3271 μὴ
3473 3199 3658 3264 ἕλθοιή

2123 3289 2292 3361 ψυχή
2314 3308 2454 3361 μου,
2483 3291 2579 3344 καὶ
2607 3290 2707 3344 ἐπὶ
2730 3289 2803 3359 τῇ
2831 3291 3129 3345 συστάσει
3147 3291 3352 3346 αὐτῶν
3371 3291 3454 3362 μὴ
3503 3291 3662 3359 ἐρίσαι

2117 3384 2189 3438 τὰ
2217 3382 2415 3450 ἧπατά
2439 3401 2557 3453 μου
2581 3400 2593 3412 ·
2627 3382 2716 3445 ὅτι
2738 3383 2806 3436 ὲν
2831 3381 2910 3448 τῷ
2932 3383 3095 3453 θυμῷ
3122 3383 3326 3438 αὐτῶν
3349 3384 3662 3439 ἀπέκτειναν

2118 3474 2487 3544 ἀνθρώπους,
2527 3475 2626 3530 καὶ
2663 3476 2731 3529 ἐν
2755 3474 2828 3544 τῇ
2852 3475 3131 3546 ἐπιθυμίᾳ
3161 3475 3369 3531 αὐτῶν
3401 3473 3664 3544 ἐνευροκό-

2118 3583 2328 3636 micar-
2349 3567 2591 3636 ταῦρον.

2191 3675 2530 3732 ιὶιρνοιγτυε
2563 3694 2576 3730 :
2614 3675 2782 3729 Τοῦτο
2831 3674 2976 3744 λέγει
3020 3674 3112 3727 ἐπὶ
3163 3677 3230 3746 τῇ
3287 3672 3597 3735 συνελεύσει,

2122 3768 2344 3840 ἔμελλον
2383 3767 2738 3839 συνέρχεσθαι
2765 3768 2860 3819 ἐπὶ
2888 3771 2980 3819 τὸν
3013 3765 3238 3838 Κύριον.
3274 3767 3400 3820 ’Ότι
3421 3765 3476 3819 δὲ
3498 3762 3666 3830 ταύτην

2119 3862 2218 3933 τὴν
2255 3860 2563 3915 συνέλευσιν
2595 3859 2770 3928 λέγει,
2804 3860 2960 3931 δῆλόν
2990 3861 3136 3912 ἐστιν
3163 3861 3299 3930 ἡμῖν
3325 3877 3339 3890 ·
3387 3858 3565 3929 ψάλλει
3582 3854 3666 3925 γὰρ

2119 3950 2148 4000 ό
2194 3948 2460 4018 μακάριος
2508 3947 2698 4000 Δαυΐδ·
2749 3951 3072 4018 ’Ἄρχοντες
3125 3948 3529 4019 συνήχθησαν
3551 3943 3667 3999 κατὰ

2120 4042 2225 4095 τοῦ
2257 4041 2498 4108 Κυρίου,
2533 4040 2628 4095 καὶ
2660 4039 2729 4094 τὰ
2764 4040 2909 4110 ἑξῆς.
2965 4041 3086 4093 Ἐπὶ
3113 4041 3322 4112 ταύτην
3360 4042 3420 4095 δὲ
3454 4041 3542 4112 τὴν
3568 4053 3666 4090 συν-

2121 4135 2331 4187 έλευσιν
2371 4133 2748 4204 προηγόρευσε
2776 4133 2838 4185 τὸ
2871 4131 3093 4202 Πνεῦμα
3119 4132 3278 4201 λέγον
3301 4150 3315 4163 ·
3355 4133 3452 4202 Μὴ
3508 4130 3672 4199 ἐρίσαι

2119 4228 2192 4281 τὰ
2223 4226 2420 4294 ἥπατά
2452 4244 2604 4295 μου·
2643 4225 2912 4296 ῥύσασθαι
2957 4227 3277 4298 βουλόμενος
3315 4229 3508 4291 αὐτοὺς
3525 4226 3607 4288 ὡς,
3633 4227 3670 4277 εἰ

2117 4321 2359 4386 δυνατὸν,
2419 4319 2492 4391 μὴ
2525 4320 2777 4388 γενέσθαι
2828 4320 2893 4374 δι’
2937 4322 3116 4375 αὐτῶν
3166 4322 3227 4375 τὸ
3274 4322 3468 4392 μέλλον
3515 4316 3670 4373 κακόν.

2131 4410 2505 4466 Ἀπέκτειναν
2518 4414 2634 4480 μὲν
2661 4410 2802 4476 τοὺς
2825 4411 3191 4479 ἀνθρώπους,
3217 4411 3674 4480 ἐνευροκόπησαν

451 4497 651 4553 innuit.
707 4495 863 4552 I‘lunc
916 4497 1408 4564 subnervavcruut,
1436 4500 1654 4568 quando
1695 4499 1761 4553 ad
1815 4500 2014 4570 lignum

2126 4504 2194 4557 δὲ
2225 4503 2332 4557 τὸν
2363 4504 2604 4571 ταῦρον.
2644 4505 2764 4557 Ὅτι
2791 4502 2988 4574 ταῦρον
3025 4504 3247 4575 ἰσχυρὸν
3279 4505 3517 4576 Χριστὸν
3533 4503 3669 4568 λέγει.

450 4589 596 4644 alIixi
621 4604 818 4644 nervos
855 4587 1218 4658 perforarunt.
1257 4588 1325 4644 In
1351 4591 1434 4643 ira
1457 4607 1553 4644 sua
1583 4591 2026 4645 subnervaverunt

455 4691 686 4735 taurum.
718 4677 853 4736 Vide
873 4681 1003 4736 dicti
1040 4681 1361 4738 sententiam
1397 4700 1410 4735 :
1448 4681 1830 4751 Interfecerunt
1861 4683 2029 4736 homi-

453 4791 565 4840 nes,
587 4785 636 4830 et
661 4773 1105 4830 subnervaverunt
1126 4788 1358 4830 taurum.
1386 4773 1558 4829 Morte
1579 4775 1876 4830 affecerunt
1900 4790 2029 4829 san-

453 4879 593 4932 ctos,
646 4868 741 4938 qui
789 4883 962 4940 usque
1006 4867 1072 4923 ad
1118 4867 1532 4923 resurrectionis
1574 4877 1788 4938 tempus
1820 4867 2025 4923 mortui

452 4972 697 5019 manent.
752 4961 858 5018 Sed
900 4962 1175 5029 Christus,
1226 4963 1370 5018 sicut
1402 4963 1604 5018 vitulus
1637 4964 2020 5029 subnervatus,

453 5053 858 5124 quodammodo
901 5054 1052 5108 humi
1081 5053 1396 5122 procubuit,
1436 5067 1558 5108 cum
1588 5062 1819 5107 mortem
1841 5053 2024 5108 carnis

454 5147 643 5202 volens
680 5145 908 5201 subierit
949 5164 962 5200 :
1008 5155 1064 5200 at
1111 5145 1271 5200 morti
1324 5160 1432 5200 non
1472 5146 1776 5201 succubuit.
1823 5143 2022 5199 Verum

455 5237 583 5294 licet
620 5243 871 5292 mortuus
915 5235 1079 5291 fuerit
1123 5244 1381 5304 tanquam
1437 5235 1622 5300 homo,
1665 5243 1901 5288 attamen
1938 5249 2023 5288 se—

457 5327 693 5384 cundum
722 5328 1020 5384 divinitatis
1055 5337 1301 5381 naturam
1349 5327 1547 5380 mansit
1590 5328 1766 5381 vivus.
1813 5325 2026 5381 Taurus

458 5421 642 5489 itaque
681 5420 954 5481 Christus,
995 5417 1278 5472 robustum
1331 5425 1389 5469 ut
1417 5416 1651 5471 maxime
1681 5417 1880 5471 animal
1925 5432 2026 5485 pu-

458 5527 690 5583 rumque
720 5520 773 5568 et
819 5510 1086 5566 sacrilicio
1117 5520 1322 5579 aptum.
1372 5507 1635 5562 Dominus
1685 5524 1816 5562 vero
1849 5509 2021 5563 virtu-

458 5614 578 5660 tum
601 5646 616 5668 ,
651 5604 852 5670 Filius,
886 5604 981 5674 qui
1009 5613 1288 5673 peccatum
1330 5618 1437 5658 non
1477 5601 1715 5672 admisit,
1744 5618 1802 5659 se
1843 5603 2020 5674 ipsum

539 5773 561 5805 ’
591 5772 736 5830 Ινδοὶ.
770 5789 830 5840 ιι,
865 5774 919 5829 2.

2141 4594 2607 4666 Ἐνευροκόπησαν
2649 4595 2742 4662 δὲ,
2780 4594 2964 4665 ἐπειδὴ
3014 4598 3072 4649 ὲν
3116 4595 3190 4666 τῷ
3227 4595 3371 4666 ξύλῳ
3401 4593 3672 4664 πεπηγότος

2127 4688 2291 4742 αὑτοῦ
2317 4686 2592 4759 διέτρισαν
2615 4687 2682 4741 τὰ
2714 4687 2896 4759 νεῦρα.
2939 4689 3067 4741 Ὅτι
3096 4690 3193 4742 καὶ
3226 4689 3297 4742 ἐν
3323 4689 3406 4755 τῷ
3430 4685 3582 4757 θυμῷ
3598 4687 3677 4736 αὑ-

2128 4781 2245 4834 τῶν
2280 4779 2776 4847 ἑνευροκόπησαν
2795 4779 3035 4847 ταῦρον.
3066 4780 3174 4833 Καὶ
3197 4781 3298 4851 ὅρα
3321 4779 3418 4834 τοῦ
3438 4780 3583 4848 λόγου
3598 4775 3675 4844 τὴν

2127 4872 2448 4942 ὲπιτήρησιν
2466 4886 2480 4900 ’
2530 4867 2909 4923 Ἀπέκτειναν
2917 4869 3034 4936 μὲν
3049 4867 3158 4938 γὰρ
3177 4867 3319 4934 τοὺς
3339 4865 3673 4935 ἀνθρώπους,

2131 4964 2621 5032 ἐνευροκόπησαν
2657 4961 2726 5014 δὲ
2765 4961 2871 5014 τὸν
2912 4961 3152 5029 ταῦρον.
3201 4961 3434 5031 Θανάτῳ
3476 4959 3566 5029 μὲν
3591 4954 3675 5023 γὰρ

2133 5052 2555 5124 περιϐεϐλήκασι
2601 5053 2724 5116 τοὺς
2759 5053 2966 5120 ἁγίους,
3018 5051 3114 5105 καὶ
3155 5053 3496 5122 μεμενήκασι
3527 5044 3678 5119 νεκροὶ

2132 5143 2220 5196 τὸν
2257 5141 2354 5213 τῆς
2385 5141 2730 5205 ἀναστάσεως
2770 5141 2959 5213 καιρὸν
2999 5141 3405 5211 περιμένοντες.
3455 5137 3579 5193 Ἀλλ’
3608 5129 3705 5222 οἷάέ

2131 5250 2213 5295 τις
2259 5233 2454 5302 μόσχος
2485 5232 2979 5303 νευροκοπούμενος
3023 5230 3236 5285 ὤκλασε
3283 5233 3383 5300 μεν
3433 5229 3676 5286 οἱονείπως

2132 5327 2211 5388 εἰς
2241 5326 2342 5395 γῆν
2363 5365 2377 5388 ,
2416 5326 2445 5377 ὁ
2477 5325 2709 5395 Χριστὸς
2742 5323 2881 5377 ἑκὼν
2917 5323 3214 5394 ὑπομείνας
3251 5323 3342 5376 τὸν
3375 5324 3475 5393 τῆς
3508 5316 3679 5390 σαρκὸς

2133 5419 2390 5473 θάνατον·
2445 5417 2580 5488 πλὴν
2603 5419 2662 5470 ού
2699 5419 2889 5486 γέγονε
2925 5417 3000 5488 τῷ
3034 5417 3248 5488 θανάτῳ
3280 5417 3524 5487 κάτοχος.
3564 5408 3678 5465 Ἀλλ’

2127 5511 2176 5562 εἰ
2211 5509 2302 5561 καὶ
2333 5509 2553 5577 γέγονεν
2580 5510 2638 5560 ὲν
2659 5512 2870 5579 νεκροῖς
2900 5509 2973 5573 ὡς
2997 5508 3300 5580 ἄνθρωπος,
3318 5505 3679 5579 ἀπομεμένηκε

2128 5602 2234 5666 ζῶν
2261 5604 2326 5672 τῇ
2361 5601 2459 5672 τῆς
2491 5599 2740 5669 θεότητος
2775 5602 2953 5669 φύσει.
2998 5600 3207 5672 Ταῦρος
3249 5601 3357 5672 γὰρ
3381 5603 3411 5654 ό
3443 5594 3676 5669 Χριστός·
