3826 6512
186 337 265 396 589

1292 332 1713 391 FRAGMENTA
1754 334 1823 391 1N
1860 335 2173 394 GENESIN.

3262 343 3367 399 500

182 458 384 521 εὐσθενὲς
410 454 507 527 γὰρ
529 454 606 507 ὅτι
641 452 873 524 μάλιστα
920 454 1057 519 ζῶον
1094 457 1187 511 καὶ
1230 458 1469 529 καθαρόν
1512 476 1569 511 τε
1599 458 1693 511 καὶ

1811 469 1981 515 tutem
2010 460 2193 530 potius
2219 460 2415 516 obtulit
2440 475 2539 531 pro
2566 460 2724 517 nobis
2748 460 2799 515 in
2815 461 3036 516 odorem
3060 460 3371 533 fragrantia:

186 551 421 625 ίερατικὸν.
453 547 645 619 Κύριος
690 546 747 599 δὲ
792 546 901 599 τῶν
933 548 1214 619 δυνάμεων
1264 552 1292 602 ὁ
1318 548 1463 615 Υἱὸς,
1512 550 1572 614 ὃς
1621 552 1683 603 οὺ

184 643 430 713 πεποίηκεν
474 640 757 713 ἁμαρτίαν,
816 641 1007 694 ἑαυτὸν
1046 641 1104 694 δὲ
1151 641 1350 712 μᾶλλον
1389 642 1511 696 ἔθυε
1545 643 1687 715 ὑπὲρ

184 736 305 808 ήμῶν
330 735 399 798 είς
427 733 591 804 ὀσμὴν
614 732 840 797 εὐωδίας
866 733 943 804 τῷ
965 732 1084 804 Θεῷ
1116 734 1211 787 καὶ
1235 734 1427 806 Πατρί.
1472 733 1688 788 Ἄκουε-

180 844 322 881 τωσαν
360 824 524 879 τοίνυν
554 827 601 879 oi
637 826 730 878 τὸν
758 825 930 890 οὕτως
965 827 1162 880 σεπτὸν
1188 828 1687 899 νευροκοπήσαντες

181 924 362 995 ταῦρον·
408 919 848 989 Ἐπικατάρατος
878 924 913 975 ό
950 921 1136 991 θυμὸς
1163 918 1361 975 αὐτῶν
1386 920 1473 975 ὅτι
1511 919 1691 974 αὐθά-

180 1017 280 1082 δης,
315 1014 398 1068 καὶ
438 1016 475 1081 ἡ
514 1010 693 1081 μῆνις
733 1012 933 1067 αὐτῶν
965 1012 1054 1066 ὅτι
1091 1014 1499 1082 ὲσκληρύνθη.
1549 1014 1690 1067 Ἀλλ’

178 1113 249 1180 ὂγε
273 1108 363 1162 τῶν
400 1101 656 1161 Ἰουδαίων
687 1106 861 1179 δῆμος
886 1106 1218 1178 τετόλμηκεν
1241 1108 1413 1161 εἰπεῖν
1441 1124 1692 1179 νευροκο-

178 1203 267 1257 ιιιῶν
286 1202 363 1255 τὸν
385 1200 571 1273 ταῦρον
589 1217 602 1230 ·
620 1203 687 1255 Al
717 1200 911 1270 χεζοες
931 1199 1101 1270 ήμῶν
1119 1200 1366 1271 ἐξέχεον
1392 1202 1565 1255 τοῦτο
1592 1203 1689 1270 (lt),

178 1296 324 1365 ἕτερον
347 1292 444 1363 γὰρ
479 1288 628 1362 οἶμαι
664 1290 816 1362 παρὰ
842 1288 998 1346 τοῦτό
1028 1294 1175 1347 ἐστιν
1201 1290 1380 1357 οὐδὲν,
1415 1293 1476 1347 τὸ
1502 1295 1692 1348 ἀσυνέ-

175 1402 258 1447 et»;
281 1385 447 1435 είπεῖν·
480 1382 547 1437 Τὸ
562 1377 705 1451 αἷμα
729 1381 938 1448 αὐτοῦ,
974 1383 1069 1436 καλ⁸
1100 1384 1166 1437 τὰ
1196 1382 1345 1456 ἑξῆς.
1381 1385 1691 1439 Ἀνακαλεῖ-

176 1493 243 1529 ται
261 1472 471 1545 Μωῡσῆς
499 1473 594 1546 τὴν
622 1473 762 1527 κατὰ
793 1473 887 1527 τοῦ
917 1474 1047 1528 Λευῒ
1069 1478 1333 1549 κατάραν,
1369 1478 1569 1548 μᾶλλον
1600 1480 1695 1533 καὶ

174 1567 235 1627 είς
258 1564 477 1633 εὐλογίαν
505 1564 675 1637 αὐτὴν
712 1567 1007 1639 ἀνατρέπει
1041 1567 1129 1621 διὰ
1168 1564 1260 1622 τὸν
1294 1568 1518 1640 ὕστερον
1554 1570 1693 1642 ὑπὲρ

174 1656 245 1709 τοῦ
267 1656 381 1710 Θεοῦ
408 1656 558 1729 ζῆλον
595 1655 695 1729 τῆς
723 1658 894 1730 φυλῆς
926 1659 1021 1713 καὶ
1050 1657 1143 1713 τοῦ
1167 1662 1332 1715 Φινεῖ.
1372 1662 1483 1733 Τὴν
1516 1663 1697 1733 μέντοι

173 1747 281 1801 κατὰ
300 1748 381 1801 τοῦ
408 1748 622 1821 Συμεὼν
643 1747 742 1803 οὒκ
764 1751 1147 1819 ἀνεκαλέσατο,
1182 1750 1261 1807 διδ
1286 1753 1349 1825 δὴ
1377 1756 1469 1807 καὶ
1497 1758 1575 1820 εἰς
1607 1756 1696 1829 ἔρ-

1789 550 1901 607 Deo
1925 562 1979 607 et
2016 551 2185 609 Patri.
2229 553 2468 609 Audiant
2511 556 2675 625 igitur
2700 555 2792 624 qui
2829 569 2953 609 vere
2997 555 3365 610 venerabilem

1788 643 2259 699 subnervaverunt
2292 655 2511 699 taurum
2556 661 2570 697 :
2610 644 2927 699 Maledictus
2971 646 3122 715 furor
3162 662 3369 710 eorum,

1788 734 1913 804 quia
1942 735 2222 804 pervicax;
2249 745 2300 789 et
2332 736 2417 790 ira
2436 752 2641 802 eorum,
2675 736 2801 807 quia
2823 738 3078 791 indurata
3093 741 3230 792 est’.
3264 737 3371 792 Sed

1790 823 2100 883 Iudaeorum
2154 828 2389 899 pupulus
2429 844 2596 885 ausus
2647 839 2733 884 εει
2776 829 2983 900 jactare
3035 847 3094 886 se
3150 840 3370 886 taurum

1792 919 2153 976 subnervasse
2202 940 2237 974 :-
2262 920 2453 975 Manus
2502 932 2695 977 nostra:
2732 925 2869 977 hunc
2898 926 3205 995 sanguinem
3238 927 3374 995 effu-

1793 1012 2007 1067 derunt.
2034 1007 2181 1066 Nihil
2213 1013 2358 1068 enim
2382 1013 2530 1067 aliud
2556 1024 2672 1081 εει,
2707 1024 2768 1070 ut
2796 1017 2991 1087 Opinor
3012 1058 3027 1082 ,
3064 1017 3211 1088 quod
3239 1019 3375 1072 insi-

1793 1105 2002 1175 pienter
2035 1106 2288 1161 dixerunt
2322 1122 2338 1160 :
2377 1106 2609 1177 Sanguis
2641 1108 2753 1177 ejus
2784 1125 2939 1177 super
2963 1125 3055 1162 nos
3086 1110 3107 1140 ³
3132 1151 3147 1176 ,
3178 1119 3375 1179 etqua:

1796 1208 2123 1267 sequuntur.
2189 1197 2423 1254 Revocat
2476 1199 2691 1270 Moyses
2725 1198 2747 1231 δ
2791 1200 3133 1255 maledictum
3175 1200 3368 1255 adver-

1797 1303 1894 1342 sus
1941 1286 2105 1355 Levi;
2158 1290 2241 1343 vel
2289 1290 2470 1359 potius
2519 1289 2787 1343 convertit
2838 1289 2891 1343 iu
2942 1289 3375 1344 benedictionem

1796 1387 2018 1451 propter
2056 1381 2231 1435 zelum
2276 1396 2437 1450 quem
2480 1382 2655 1436 tribus
2686 1381 2775 1434 illa
2809 1396 2907 1450 pro
2939 1380 3048 1435 Deo
3080 1391 3267 1450 postea
3304 1393 3381 1432 te-

1798 1481 1939 1528 stata
1965 1481 2070 1537 est,
2106 1482 2163 1527 et
2192 1483 2413 1543 propter
2441 1473 2725 1528 Phineam.
2765 1472 2870 1527 Sed
2897 1473 3243 1528 maledictum
3282 1473 3382 1526 ad-

1796 1580 1991 1621 versus
2054 1565 2367 1621 Simeonem
2423 1581 2533 1620 non
2595 1566 2872 1621 revocavit
2928 1586 2939 1620 :
2987 1582 3157 1635 quare
3212 1566 3377 1620 etiam

1798 1666 2025 1713 eventus
2058 1657 2188 1711 illud
2223 1658 2615 1727 comprobavit.
2651 1656 2835 1727 Neque
2866 1657 3010 1712 enim
3054 1656 3276 1711 Simeon
3320 1666 3383 1711 ut

1801 1759 2011 1805 caetera:
2072 1750 2247 1805 tribus
2295 1751 2629 1805 haereditatis
2680 1759 2881 1805 sortem
2942 1759 3234 1804 consecuta
3273 1758 3378 1816 est,

174 1855 245 1907 γον
286 1840 446 1911 ἐξέϐη.
498 1842 553 1894 '0
591 1840 702 1912 γὰρ
752 1841 975 1912 Συμεὼν
1031 1842 1131 1897 οὐκ
1178 1843 1365 1914 είληφε
1400 1846 1497 1916 μὲν
1534 1846 1609 1910 ὡς
1642 1850 1697 1901 αἱ

1811 1844 1897 1897 sed
1942 1842 1995 1896 in
2053 1843 2232 1897 medio
2285 1842 2425 1897 Juda
2468 1843 2756 1899 habitavit.
2803 1843 3029 1899 Servata
3064 1853 3243 1899 tamen
3273 1854 3378 1908 est,

172 1930 319 1984 λοιπαὶ
346 1932 494 2003 φυλαὶ
532 1932 930 2004 κληρονομίαν,
966 1936 1023 1988 ὲν
1059 1935 1169 2008 γὰρ
1208 1938 1357 2008 μέσῳ
1393 1938 1487 1993 τοῦ
1530 1939 1703 1995 Ἰούδα

173 2024 442 2096 κατοικὴθη.
481 2024 744 2090 Ἐσώζετο
763 2027 839 2091 δὲ,
867 2029 917 2081 εἰ
945 2028 1035 2081 καὶ
1052 2029 1204 2101 ὀλίγη
1230 2030 1322 2082 τὸν
1350 2032 1583 2104 ἀριθμὸν
1611 2031 1699 2107 ἦν.

223 2120 500 2188 Δεσμεύων
521 2119 674 2189 πρὸς
701 2119 972 2190 ἄμπελον
997 2122 1103 2175 τὸν
1132 2120 1337 2177 πῶλον
1360 2125 1568 2190 αὑτοῦ,
1606 2127 1705 2180 καὶ

172 2209 229 2278 τῇ
265 2210 399 2264 ἕλικι
434 2210 544 2265 τὸν
592 2211 799 2267 πῶλον
823 2210 938 2281 τῆς
972 2213 1114 2267 ὄνου
1140 2215 1325 2269 αὑτοῦ
1348 2233 1361 2245 ⁸
1391 2218 1616 2271 πλυνεῖ
1638 2220 1706 2271 ἐν

170 2300 282 2368 circa)
304 2300 406 2369 τὴν
425 2302 657 2371 στολὴν
679 2303 887 2367 αὐτοῦ,
916 2304 1015 2357 καὶ
1049 2304 1118 2358 ἐν
1142 2306 1342 2376 αἵματι
1386 2308 1705 2379 σταφυλῆς

170 2392 259 2459 τὴν
278 2393 587 2464 περιϐολὴν
612 2395 822 2452 αὐτοῦ.

221 2481 771 2541 ΗΙΡΡοιγτυεεῐῘῶλον
820 2486 965 2555 λέγει
1018 2488 1115 2557 τὴν
1166 2488 1226 2554 ἐξ
1292 2489 1489 2545 ἐθνῶν·
1524 2492 1701 2555 ἄλλον,

170 2574 245 2646 τὴν
284 2578 339 2629 ἐκ
386 2579 684 2651 περιτομῆς
734 2579 926 2649 κλῆσιν
950 2598 962 2610 ·
996 2582 1112 2635 δνον
1146 2582 1202 2634 δὲ
1241 2583 1366 2653 μίαν
1386 2600 1398 2613 ⁸
1428 2586 1705 2637 τουτέστιν

168 2668 219 2719 ἐκ
264 2672 378 2741 μιᾶς
427 2671 665 2736 πίστεως
709 2674 759 2726 oi
807 2672 900 2726 δύο
946 2673 1141 2728 πῶλοι-
1174 2677 1311 2747 ὅπερ
1345 2678 1491 2730 ἐστὶν
1523 2680 1579 2732 αἱ
1611 2678 1705 2732 δύο

166 2760 365 2831 κλήσεις.
399 2763 505 2816 Καὶ
532 2763 625 2817 τὸν
660 2763 758 2835 μὲν
781 2764 965 2818 πῶλον
997 2766 1378 2837 προσδεδέσθαι
1407 2768 1466 2822 ὲν
1499 2772 1565 2840 τῇ
1598 2770 1702 2841 ἀμ-

165 2852 304 2925 πέλῳ,
335 2855 418 2908 τὸν
450 2856 505 2909 δὲ
536 2857 726 2926 ἕτερον
771 2858 829 2910 ὲν
871 2859 937 2929 τῇ
985 2858 1312 2915 ἓλικι.Ἤτοι
1359 2862 1458 2933 τὴν
1506 2863 1603 2933 μὲν
1644 2861 1705 2928 ἐξ

164 2945 301 3000 ἐθνῶν
336 2948 650 3020 Ἐκκλησίαν
683 2950 1065 3022 προσδεδὰτθαι
1094 2951 1172 3023 τῷ
1197 2954 1384 3025 Κυρίῳ
1403 2972 1415 2983 ο
1452 2954 1542 3007 τὸν
1570 2955 1614 3008 δ’
1638 2955 1703 3009 ἐκ

170 3040 421 3112 περιτομῆς
445 3045 510 3113 τῇ
543 3041 642 3095 τοῦ
670 3042 836 3113 νόμου
865 3042 1203 3116 παλαιότητι.
1229 3046 1458 3099 Πλυνεῖ
1472 3046 1541 3098 ἐν
1560 3047 1704 3116 οἴνῳ

164 3129 255 3197 τὴν
296 3132 518 3201 στολὴν
563 3133 773 3187 αὐτοῦ.
807 3133 1063 3189 Τουτέστι
1091 3136 1178 3189 διὰ
1210 3136 1302 3190 τοῦ
1347 3138 1501 3206 ἁγίου
1534 3138 1701 3193 Πνεῦ-

166 3237 304 3292 ματος
345 3227 432 3279 καὶ
475 3223 571 3280 τοῦ
620 3228 796 3297 Λόγου
840 3226 942 3299 τῆς
990 3227 1247 3301 ἀληθείας
1290 3229 1578 3300 καθαρίσει
1608 3229 1707 3302 τὴν

166 3315 328 3387 σάρκα,
359 3320 493 3392 ὅπερ
524 3320 783 3394 ἐμφαίνει
826 3321 924 3391 τὴν
975 3322 1187 3393 στολήν.
1239 3323 1346 3375 Καὶ
1396 3323 1466 3375 ἐν
1510 3324 1711 3393 αἵματι

163 3410 438 3479 σταφυλῆς
466 3412 748 3483 Θλιϐείσης
781 3413 875 3467 καλ⁵
898 3413 1141 3486 ἀνιείσης
1161 3409 1321 3485 αἷμα,
1347 3415 1483 3485 ὅπερ
1506 3416 1652 3468 ἐστὶν
1674 3416 1707 3486 ἡ

166 3498 276 3569 σὰρξ
300 3500 387 3554 τοῦ
418 3503 651 3576 Κυρίου,
684 3504 867 3558 πᾶσαν
901 3503 999 3576 τὴν
1029 3504 1088 3569 ἐξ
1116 3502 1286 3559 ἐθνῶν
1314 3504 1503 3577 κλῆσιν
1537 3505 1708 3559 καθα-

168 3589 295 3659 ρίζει.

210 3685 506 3754 Χαροποιοὶ
548 3690 603 3744 οὶ
650 3686 945 3759 ὀφθαλμοὶ
982 3684 1166 3744 αὐτοῦ
1208 3689 1327 3743 ἀπὸ
1376 3689 1568 3755 οἴνου,
1612 3690 1713 3744 καὶ

162 3775 331 3833 λευκοὶ
357 3783 408 3835 οἱ
433 3781 680 3849 ὀδόντες
704 3782 890 3836 αὐτοῦ
918 3781 957 3851 ἢ
988 3779 1158 3851 γάλα.
1189 3780 1509 3836 Ζαϐουλὼν
1532 3779 1713 3852 παρά-

159 3869 265 3936 λιος
278 3875 634 3944 κατοικήσει,
663 3873 759 3928 καὶ
778 3872 960 3940 αὐτὸς
978 3875 1114 3941 παρ’
1142 3872 1326 3943 ὅρμον
1346 3875 1594 3940 πλοίων,
1611 3876 1711 3929 καὶ

162 3968 440 4035 παρατενεῖ
473 3969 587 4036 ἓως
628 3965 906 4033 Σιδῶνος.
925 3966 1213 4037 Ἰσσάχαρ
1245 3967 1311 4021 τὸ
1355 3968 1547 4023 καλὸν
1574 3970 1710 4024 ἑπε-

161 4060 411 4129 θύμησεν,
445 4063 909 4131 ἀναπαυόμενος
934 4060 1050 4115 ἀνὰ
1082 4060 1278 4130 μέσον
1306 4061 1425 4115 τῶν
1448 4062 1705 4131 κλήρων.

163 4151 249 4203 Καὶ
276 4152 405 4207 ιδὼν
435 4154 553 4223 τὴν
581 4151 931 4209 ἀνάπαυσιν
963 4151 1055 4206 ὅτι
1084 4151 1263 4220 καλὴ,
1300 4153 1399 4206 καὶ
1454 4152 1567 4223 τὴν
1596 4153 1712 4224 γῆν

158 4234 229 4295 ὅτι
250 4244 406 4309 πίων,
437 4245 708 4314 ὑπέθηκε
732 4244 840 4299 τὸν
866 4238 1029 4314 ὦμον
1053 4243 1239 4299 αὐτοῦ
1264 4245 1352 4311 εὶς
1376 4244 1441 4298 τὸ
1477 4246 1707 4310 πονεῖν,

159 4334 238 4386 καὶ
261 4335 500 4406 ἐγενήθη
528 4336 688 4406 ἀνὴρ
714 4336 986 4408 γεωργός-

214 4423 531 4487 ΗΙΡΡοιῗτῠῧ
567 4449 581 4485 :
620 4430 903 4494 Τουτέστι,
938 4429 1154 4502 φαιδροὶ
1202 4429 1249 4482 oi
1292 4426 1561 4501 ὀφθαλμοὶ
1609 4431 1707 4483 αὖ·

157 4514 252 4582 τοῦ,
279 4521 347 4585 ὼς
390 4522 500 4577 ἀπὸ
550 4518 647 4576 τοῦ
690 4521 848 4591 λόγου
887 4520 987 4593 τῆς
1028 4521 1316 4595 ἀληθείας·
1354 4521 1707 4576 ὲπιόλέπουσι
1741 4557 1784 4612 D

154 4610 245 4684 γὰρ
261 4613 344 4667 ἐπὶ
370 4616 580 4678 πάντας
609 4615 734 4676 τοὺς
753 4613 1107 4678 πιστεύοντας
1131 4616 1211 4679 εἰς
1231 4612 1410 4668 αὐτόν.
1434 4615 1539 4669 Καὶ
1567 4618 1706 4669 λευ-

156 4703 231 4756 κοὶ
254 4709 300 4759 oi
327 4706 572 4773 ὀδόντες
613 4705 801 4760 αὑτοῦ
839 4707 877 4775 ἣ
919 4704 1091 4776 γάλα.
1121 4704 1194 4757 Τὸ
1224 4705 1513 4774 φωτοειδὲς
1539 4703 1703 4758 αὐτοῦ

154 4794 242 4849 τῶν
266 4799 514 4871 ῥημάτων
545 4799 731 4871 δηλοῖ·
765 4798 854 4852 διὰ
875 4797 1032 4851 τοῦτο
1061 4797 1285 4860 λευκοὺς
1306 4797 1581 4868 ὀνομάζει,
1606 4796 1707 4865 γά-

154 4886 286 4942 λακτι
327 4892 383 4944 δὲ
429 4891 779 4964 παρεικάζει,
810 4889 998 4962 ὥσπερ
1044 4888 1140 4943 καὶ
1192 4889 1369 4960 σάρκα
1408 4889 1502 4942 καὶ
1527 4888 1706 4959 ψυχὴν

153 4979 495 5056 διατρέφοντα.
532 4984 853 5039 Ζαϐουλὼν
898 4982 953 5037 δὲ
999 4981 1355 5055 ἑρμηνεύεται
1387 4982 1582 5035 εὐωδία
1616 4982 1707 5035 καὶ

156 5074 360 5145 εὐλογία.

1808 1935 1934 1991 licet
1976 1937 2174 2007 exiguo
2210 1952 2460 1991 numero.

1877 2136 2074 2193 Cenes.
2106 2154 2252 2202 xm,
2284 2138 2342 2190 Η
2378 2157 2389 2191 ;
2419 2137 2657 2207 Alligans
2684 2138 2754 2190 ad
2788 2139 2940 2192 vitent
2972 2139 3173 2206 pullum
3204 2158 3379 2204 suum,

1806 2240 1854 2280 et
1884 2226 1953 2281 ad
1981 2228 2197 2281 Iteliccm
2220 2227 2426 2296 pullum
2456 2230 2624 2281 asinw
2652 2246 2793 2293 sum;
2820 2228 3017 2283 Iuvabit
3049 2232 3101 2283 in
3130 2234 3245 2285 vino
3274 2245 3385 2285 sto-

1807 2319 1915 2373 lam
1945 2336 2119 2384 suam,
2157 2330 2205 2373 et
2234 2320 2287 2373 in
2319 2322 2572 2390 sanguine
2604 2337 2715 2376 ut'a:
2746 2323 2999 2377 amictum
3026 2341 3201 2379 suum.

1806 2499 1821 2559 Ι
1876 2495 2090 2551 Pullum
2114 2499 2703 2552 vocatvocationcmex
2722 2500 3005 2568 gentibus;
3032 2500 3282 2568 alterum,
3316 2519 3385 2557 ex

1812 2588 2237 2643 circumcisione
2256 2590 2593 2644 vocationem
2618 2608 2631 2657 ;
2656 2591 2863 2644 asinam
2882 2606 3008 2645 vero
3024 2608 3207 2657 unam,
3231 2594 3281 2648 id
3302 2605 3386 2648 est

1809 2694 1972 2733 unam
2010 2680 2193 2747 ﬁdem,
2232 2681 2303 2734 ita
2323 2690 2380 2735 ut
2408 2696 2473 2735 ex
2492 2697 2596 2735 una
2628 2681 2733 2737 fide
2758 2683 2988 2738 sintduo
3016 2686 3287 2754 pulli,hoc
3304 2698 3388 2743 est

1808 2772 1930 2825 dua:
1957 2773 2292 2829 vocationes.
2325 2772 2390 2827 Et
2417 2789 2586 2827 unum
2621 2773 2838 2843 quidem
2873 2776 3079 2844 pullum
3105 2778 3385 2847 alligatum

1803 2876 1928 2917 esse
1950 2862 2063 2927 viti,
2086 2861 2313 2917 alterum
2358 2861 2534 2916 helici.
2569 2860 2682 2917 Hoc
2712 2872 2816 2931 est,
2846 2863 3142 2921 Ecclesium
3163 2883 3191 2921 ε
3214 2871 3389 2939 genti-

1810 2953 1912 3007 bus
1936 2954 2210 3024 alligatam
2228 2970 2349 3009 esse
2379 2953 2608 3008 Domino
2630 2971 2643 3020 ;
2663 2954 2874 3009 illorum
2906 2972 3073 3012 vet-oe
3099 2959 3389 3013 circumci-

1806 3047 1961 3101 sione
2006 3049 2244 3117 antiqua:
2290 3048 2414 3117 legi.
2448 3046 2667 3099 Laoabit
2719 3048 2772 3100 in
2819 3050 2937 3102 vino
2980 3049 3173 3103 stolam
3210 3068 3385 3109 suam.

1808 3134 1923 3190 Hoc
1954 3144 2057 3202 εει,
2089 3153 2183 3206 per
2212 3134 2478 3207 Spiritum
2509 3145 2758 3191 sanctum
2784 3146 2837 3191 et
2866 3152 2963 3207 per
2996 3139 3228 3195 Verbum
3256 3146 3389 3198 veri-

1813 3228 1939 3283 tatis
1967 3229 2253 3285 mundabit
2276 3244 2518 3294 carnem,
2546 3244 2668 3299 quae
2690 3244 2783 3299 per
2808 3231 3001 3285 stolam
3027 3232 3386 3303 signiticatm.

1816 3317 1884 3373 Et
1931 3321 1985 3372 in
2020 3322 2275 3391 sanguine
2313 3336 2424 3374 uva:
2452 3320 2671 3374 calcata!
2704 3329 2757 3375 et
2788 3324 3109 3393 sanguinem
3143 3328 3392 3382 emitten-

1814 3412 1903 3479 tis,
1931 3428 2053 3482 qua:
2093 3423 2176 3467 est
2218 3412 2433 3468 Domini
2466 3428 2613 3477 caro,
2646 3428 2861 3471 omnem
2892 3431 2922 3470 e
2948 3418 3199 3488 gentibus
3228 3436 3392 3475 voca-

1814 3502 2013 3557 tionem
2044 3514 2262 3575 purgat.

1883 3686 2082 3742 Genes.
2121 3700 2268 3752 xm,
2300 3686 2494 3744 1245:
2528 3687 2770 3758 ϐταιίῄεὶ
2803 3689 2943 3742 oculi
2969 3690 3083 3759 ejus
3118 3709 3150 3744 a
3180 3694 3317 3759 vino,
3340 3706 3391 3749 et

1814 3779 2029 3832 candidi
2074 3778 2253 3833 dentes
2301 3780 2414 3848 ejus
2461 3796 2570 3848 pra:
2603 3780 2756 3835 lacte.
2790 3780 3028 3837 Zabulon
3052 3782 3214 3852 juxta
3249 3803 3393 3842 mare

1814 3870 2095 3937 habitabit,
2135 3880 2185 3925 et
2238 3886 2384 3925 secus
2436 3886 2705 3925 accessum
2752 3874 2987 3939 navium,
3020 3884 3072 3928 et
3124 3880 3392 3945 pertendet

1814 3978 1974 4033 usque
2015 3967 2083 4015 ad
2130 3961 2399 4017 Sidonem.
2430 3961 2680 4018 Issacltar
2714 3964 2905 4019 bonum
2933 3966 3271 4033 desideravit,
3311 3988 3392 4024 rc-

1812 4055 2077 4125 quiescens
2103 4055 2242 4109 inter
2267 4056 2463 4109 medios
2492 4056 2679 4111 cleros.
2708 4056 2777 4110 Et
2807 4057 2985 4112 videns
3011 4061 3239 4131 requiem
3266 4066 3392 4133 quia

1813 4148 1949 4201 bona
1980 4156 2078 4211 est,
2107 4156 2157 4201 et
2193 4157 2387 4201 terram
2406 4149 2531 4218 quia
2552 4149 2783 4219 pinguis,
2812 4152 3085 4219 supposuit
3115 4154 3391 4208 humerum

1812 4255 1966 4293 suum
2005 4239 2074 4292 ad
2102 4238 2473 4305 laborandum,
2506 4250 2555 4293 et
2589 4238 2767 4309 [actus
2787 4250 2862 4294 est
2896 4243 2978 4295 vir
3002 4245 3260 4314 agricola.

1884 4427 1999 4485 Hoc
2042 4439 2145 4493 est,
2177 4428 2389 4499 pulchri
2421 4438 2548 4485 sunt
2575 4428 2721 4500 oculi
2750 4430 2870 4499 ejus
2908 4447 2939 4485 a
2967 4446 3219 4487 sermone
3248 4435 3391 4487 veri-

1812 4520 1987 4575 tatis:
2028 4519 2326 4589 respiciunt
2361 4519 2507 4572 enim
2561 4518 2629 4572 ad
2676 4532 2869 4573 omnes
2921 4518 3015 4587 qui
3068 4520 3297 4573 credunt
3338 4520 3391 4571 in

1810 4615 2010 4685 ipsum.
2046 4609 2116 4664 Et
2150 4610 2365 4665 candidi
2412 4611 2590 4664 dentes
2621 4611 2734 4680 ejus
2785 4626 2895 4679 pra:
2924 4610 3081 4663 lacte.
3126 4610 3391 4665 Lucidum

1808 4707 2099 4762 candorem
2140 4704 2429 4760 verborum
2469 4702 2588 4771 ejus
2618 4701 2919 4771 signiﬁcat;
2964 4701 3086 4756 ideo
3130 4700 3393 4757 candidos

1809 4798 2043 4869 appellat
2085 4807 2139 4852 et
2185 4812 2310 4851 cum
2360 4796 2500 4849 lacte
2530 4794 2763 4859 confert,
2790 4809 2900 4863 quo
2926 4808 3054 4848 caro
3102 4803 3156 4846 et
3207 4794 3390 4847 anima

1810 4891 2074 4946 nutritur.
2104 4887 2366 4953 Zabulon,
2399 4888 2446 4942 si
2476 4886 2868 4956 interpreteris,
2900 4894 2983 4940 est
3014 4884 3309 4957 fragrantia
3339 4896 3394 4939 et

1809 4980 2138 5038 benedictio.

1325 5169 1523 5224 Deinde
1555 5179 1667 5238 post
1703 5166 1895 5239 Cyrilli
1929 5163 2208 5218 nonnulla.

210 5262 535 5323 Hirron'ws
557 5287 570 5323 :
596 5267 765 5321 Πάλιν
787 5267 1113 5339 ἁποῤῥὴτως
1129 5265 1228 5335 τῆς
1263 5265 1473 5335 Καινῆς
1507 5264 1702 5335 Διαθῆ-

152 5370 237 5426 κης
270 5358 358 5412 τοῦ
402 5362 655 5433 Σωτῆρος
685 5361 841 5432 ἡμῶν
865 5361 934 5414 τὰ
968 5360 1242 5430 μυστήρια
1263 5356 1501 5429 ἡγοῦμαι
1523 5357 1704 5424 διαγο-

1882 5264 2077 5315 Iterum
2113 5257 2339 5329 mystice
2368 5264 2499 5326 puto
2545 5253 2679 5309 Novi
2712 5253 3043 5310 Testamenti
3090 5254 3389 5310 Salvatoris

1810 5354 1983 5409 nostri
2014 5359 2356 5407 sacramenta
2388 5349 2563 5403 innui.
2596 5346 2730 5402 Nam
2762 5348 2924 5402 verba
2959 5348 3175 5401 candidi
3209 5349 3388 5401 dentes

153 5446 339 5516 ρεύειν,
372 5451 469 5506 καὶ
502 5452 713 5505 λευκοὶ
754 5454 807 5505 οἱ
850 5450 1091 5514 ὀδόντες
1126 5445 1312 5501 αὐτοῦ
1356 5446 1394 5514 ἣ
1436 5445 1611 5517 γάλα,
1645 5445 1701 5498 τὸ

1811 5448 1921 5517 ejus
1954 5461 2064 5515 pra:
2090 5444 2246 5509 lacte,
2280 5442 2599 5511 praeclarum
2628 5456 2935 5510 purumque
2963 5440 3016 5493 in
3049 5451 3392 5495 sacramento

152 5535 374 5615 λαμπρὸν
408 5547 504 5599 καὶ
536 5544 772 5617 καθαρὸν
808 5543 909 5614 τῆς
941 5540 1344 5614 μυστηριώδους
1371 5540 1574 5612 τροφῆς
1606 5538 1703 5609 δη-

149 5630 273 5688 λοῦν.
308 5639 415 5691 Καὶ
466 5640 551 5704 τὸ,
594 5638 798 5693 λευκοὶ
838 5639 892 5690 οὶ
933 5635 1175 5702 ὀδόντες
1215 5634 1400 5688 αὐτοῦ
1446 5633 1485 5701 ἢ
1524 5631 1701 5703 γάλα,

1809 5539 1989 5594 cibum
2022 5535 2347 5607 signiﬁcant.
2384 5533 2585 5588 Eadem
2624 5548 2787 5604 porro
2816 5533 2999 5591 verba.
3030 5532 3244 5586 candidi
3269 5533 3391 5585 den-

1811 5641 1884 5685 tes
1925 5628 2038 5699 ejus
2088 5625 2379 5697 prwlacte,
2418 5626 2473 5679 in
2524 5641 2644 5681 eam
2693 5623 3018 5679 sententiam
3066 5623 3388 5694 accipimus,

209 5732 228 5761 ’
256 5732 385 5789 Gen.
421 5751 579 5801 uix,
610 5736 661 5791 7.
740 5736 759 5767 ³
789 5734 981 5789 Matth.
1014 5749 1185 5800 xxvn,
1208 5733 1299 5787 25.
1378 5730 1399 5762 ⁸
1432 5728 1588 5785 Deut.
1615 5744 1814 5793 χχχιιι,
1850 5726 1905 5781 8.

209 5823 277 5894 (ι)
309 5826 592 5897 Ἑξέχεον
608 5827 800 5884 τοῦτο.
832 5825 961 5883 Post
982 5827 1160 5893 τοῦτο,
1185 5841 1309 5881 cum
1328 5840 1393 5884 cx
1415 5823 1687 5895 versione,

1811 5836 1845 5877 n
1876 5819 2113 5879 maxime
2145 5823 2505 5895 ex_contextu
2532 5814 2746 5873 videtur
2770 5815 3038 5872 excidisse
3062 5807 3308 5885 τὸαῖμα.
