3826 6506
505 336 609 395 595

1389 340 1447 396 S.
1492 340 1862 397 HlPPOLYTl
1899 340 2049 396 OPP.
2092 341 2274 396 PARS
2311 343 2351 397 Ι.
2393 373 2459 381 -
2493 339 2911 397 ΕΧΕΟΕΤΙΕΑ.
3595 352 3680 409 596

505 453 784 509 sidiaberis
832 455 1077 510 calcanco
1123 457 1235 526 ejus
1273 458 1333 510 “.
1380 457 1460 514 Ita
1503 475 1636 516 vero
1682 459 1921 517 insidiati
1955 469 2083 516 sunt

2201 460 2324 532 ιάχα
2351 478 2405 513 τι
2433 459 2501 514 τὰ
2540 459 2647 512 τῶν
2680 459 2848 530 ἔχεων
2893 459 3146 530 δήγματα
3187 458 3551 531 δυσδιάφευκτά
3571 485 3677 535 ,πως

508 547 729 615 quidam
767 548 969 603 sanctis
1016 549 1299 619 apostolis,
1334 558 1396 603 ut
1430 559 1663 607 mortem
1700 552 1865 608 etiam
1895 553 2078 608 carnis

510 635 816 691 intulerint.
846 637 1030 708 Itaque
1058 648 1112 694 et
1139 640 1241 695 tale
1260 640 1462 711 aliquid
1486 642 1814 699 sustinuisse
1834 658 1931 699 eos
1953 643 2080 698 licet

510 728 713 789 dicere.
744 729 905 799 quale
931 730 1041 800 pati
1076 730 1213 787 solet
1242 746 1337 802 pes
1360 733 1486 803 equi
1514 734 1822 789 vacillantis
1845 746 1899 791 et
1929 745 2082 793 retro

510 822 676 876 veluti
725 824 1019 879 suceussi:
1066 839 1234 895 eques
1282 825 1430 881 enim
1480 826 1795 897 dejicietur;
1832 838 1994 899 atque
2023 828 2080 882 in

515 924 710 968 terram
755 914 916 970 datus
947 916 1059 982 hic,
1087 917 1304 987 spirans
1338 918 1518 975 adhuc
1549 930 1849 990 permanet.
1881 920 2083 991 Super-

512 1006 666 1059 stites
696 1020 944 1060 mansere
971 1006 1135 1060 etiam
1171 1006 1339 1062 divini
1371 1008 1649 1079 discipuli,
1680 1019 1734 1064 ct
1756 1010 1948 1066 salutis
1972 1026 2085 1065 suae

509 1104 727 1166 tempus
752 1098 1069 1167 exspectant
1100 1114 1215 1167 quo
1241 1100 1583 1155 vocabuntur
1624 1101 1680 1155 in
1721 1116 1947 1171 regnum
1980 1100 2086 1156 im-

511 1203 679 1242 mune
716 1187 787 1242 ab
828 1188 981 1241 omni
1013 1190 1418 1257 perturbatione
1438 1231 1453 1257 ,
1484 1192 1705 1260 quando
1732 1192 1982 1249 Christus
2008 1192 2088 1248 eis

513 1280 839 1335 acclamabit
869 1299 882 1334 :
925 1278 1129 1346 Venite,
1164 1280 1416 1336 benedicti
1445 1282 1632 1337 Patris
1657 1283 1761 1337 mei
1794 1284 1859 1350 η,
1887 1294 1940 1339 et
1966 1298 2088 1352 qum

514 1382 839 1441 sequuntur.

2184 554 2352 607 ἐστίν.
2386 552 2544 607 Κατά
2572 570 2635 621 γε
2667 552 2843 623 αὐτὴν.
2857 552 3104 620 ἐγένοντο
3144 551 3240 623 τὴν
3272 553 3501 625 πτέρναν·
3529 558 3677 625 Αὐτὸς

2187 646 2295 716 γάρ
2327 659 2442 699 σου
2468 643 2716 713 τηρήσει
2739 643 2855 711 τὴν
2881 641 3176 712 κεφαλὴν,
3204 642 3396 697 καὶσὺ
3425 645 3581 700 αὑτοῦ
3604 664 3680 715 τηε

2180 735 2396 803 ρήσεις
2422 732 2702 802 πτέρναν.
2744 732 3170 787 Ἐπεδούλευσαν
3198 733 3255 786 δὲ
3283 732 3416 786 οὔτω
3446 735 3566 800 τινὲς
3595 740 3679 800 τοῖς

2188 828 2363 896 ἁγίοις
2394 826 2733 892 ἀποστόλοις,
2762 827 2838 890 ὼς
2879 828 2974 880 καὶ
3010 826 3169 881 αὐτὸν
3200 827 3480 895 ἐπαγαγεῖν
3511 828 3587 880 τὸν
3610 829 3681 897 τῆς

2190 916 2390 986 σαρκὸς
2437 915 2681 970 θάνατον.
2711 916 2820 969 Καὶ
2863 916 2926 988 δὴ
2972 915 3209 969 τοιοῦτον
3246 915 3518 985 ύποστῆναί
3545 934 3683 987 φαμεν

2190 1005 2387 1067 αὐτοὺς
2413 1007 2593 1059 ὁποῖον
2626 1005 2784 1060 πάθοι
2818 1005 2850 1076 ἢ
2884 1006 3046 1075 τυχὸν
3076 1005 3210 1069 ποῦς
3238 1005 3539 1069 δκλὰσαντος
3559 1007 3685 1059 ἵππου

2194 1098 2287 1151 καὶ
2329 1097 2519 1151 ἁνόπιν
2561 1097 2748 1169 ὥσπερ
2787 1097 3135 1169 ὑφεξηκότος·
3179 1097 3579 1168 ὑπεραρθήσεται
3605 1100 3693 1171 γὰρ

2196 1189 2461 1259 ἐπιϐάτης
2484 1189 2578 1242 καὶ
2600 1191 2679 1253 εἰς
2710 1190 2811 1260 γῆν
2836 1184 2991 1259 οἶμαί
3011 1206 3110 1242 που
3143 1188 3439 1260 περιπεσὼν
3464 1190 3686 1260 περιμένει

2194 1281 2284 1334 τὸν
2318 1280 2513 1345 ζῶντα.
2545 1282 3024 1354 Περιμεμενήκασι
3047 1280 3104 1334 δὲ
3139 1281 3234 1335 καὶ
3265 1282 3313 1333 οἱ
3348 1280 3587 1333 θεσπέσιοι
3611 1297 3685 1349 μα-

2196 1372 2357 1443 θηταὶ⁴
2385 1372 2479 1426 τὸν
2507 1374 2607 1445 τῆς
2632 1373 2840 1432 ἑαυτῶν
2872 1372 3146 1444 σωτηρίας
3168 1374 3375 1443 καιρὸν,
3402 1371 3509 1426 καθ’
3534 1372 3582 1425 ὃν
3606 1373 3690 1425 εἱσ-

516 1465 872 1535 κεκλήσονται
908 1465 988 1530 είς
1014 1465 1289 1537 βασιλείαν
1329 1466 1642 1541 ἀκλόνητον,
1679 1468 2074 1538 ὲπιςρωνοῦντος
2122 1468 2305 1531 αὐτοῖς
2361 1468 2459 1523 τοῦ
2512 1468 2745 1540 Χριστοῦ
2802 1468 2883 1521 τό·
2918 1468 3120 1530 Δεῦτε,
3138 1470 3191 1521 οἱ
3229 1466 3584 1553 εὐλογημένοι
3614 1466 3697 1519 τοῦ

518 1560 749 1626 Πατρός
769 1577 911 1629 μου,
942 1561 1035 1613 καὶ
1061 1559 1130 1613 τὰ
1169 1559 1314 1632 ἑξῆς.

444 1654 467 1669 ⁵
589 1654 745 1721 Quod
778 1656 823 1711 si
857 1655 982 1725 quis
1014 1655 1151 1711 nolit
1193 1655 1492 1728 intelligere
1523 1657 1736 1729 aliquos
1758 1659 2090 1729 serpentium

519 1746 694 1800 instar
724 1746 829 1815 ipsi
859 1745 975 1801 Dan
1008 1747 1352 1815 insidiantes,
1381 1750 1475 1804 sed
1505 1749 1680 1819 ipsum
1711 1750 1833 1807 aliis
1864 1751 2093 1808 insidias

2265 1654 2376 1708 Kal.
2407 1650 2596 1715 πάλιν,
2614 1649 2662 1703 εί
2694 1648 2750 1702 δὲ
2777 1647 2857 1721 μή
2885 1645 3111 1717 βούλητό
3135 1662 3219 1709 τις
3244 1644 3363 1715 οὐχὶ
3398 1642 3470 1713 τῷ
3494 1640 3581 1695 Δὰν
3603 1641 3691 1693 ἐσε-

2199 1745 2323 1799 σθαί
2348 1761 2498 1806 τινας
2518 1742 2594 1806 ὼς
2619 1741 2740 1809 δφις
2773 1739 3202 1810 ἐγκαθημένους,
3225 1734 3339 1789 ἀλλ’
3366 1733 3513 1787 αὐτὸν
3543 1731 3694 1803 ἑτέροις

520 1846 731 1896 struere
759 1837 1040 1894 :dicemus
1074 1854 1169 1909 per
1194 1838 1310 1894 Dan
1335 1842 1484 1896 illum
1520 1843 1767 1897 denotari
1801 1842 2019 1898 Scribas
2040 1851 2095 1898 et

2201 1835 2568 1909 ἐπιϐουλεύειν
2600 1832 2690 1887 τὸν
2717 1832 2821 1885 Δὰν
2844 1833 3070 1894 ἐκεῖνον,
3105 1826 3340 1901 ἐροῦμεν
3363 1826 3439 1879 ὅτι
3463 1825 3515 1878 τὸ
3544 1823 3696 1929 κρίνειν

519 1928 827 1987 Pharisaeos
872 1930 1206 2000 hypocritas,
1235 1932 1329 2001 qui
1372 1948 1497 1988 eum
1540 1932 1633 2003 jus
1676 1933 1857 1989 dicere
1892 1935 2093 2007 populo

518 2020 681 2089 eique
706 2034 941 2090 praeesse
983 2019 1265 2086 deberent,
1301 2024 1635 2092 serpentium
1678 2022 1848 2079 instar
1874 2024 2094 2083 Christo

522 2111 765 2167 insidiati
814 2120 965 2178 sunt,
1000 2112 1272 2183 impieque
1297 2114 1629 2170 studuerunt
1668 2115 1920 2187 impactis
1948 2133 2095 2172 mor-

522 2202 676 2258 sibus
715 2202 953 2271 eﬂicere,
980 2214 1039 2259 ut
1079 2205 1126 2260 is
1176 2220 1274 2275 per
1305 2205 1469 2260 altam
1513 2206 1840 2277 planamqne
1872 2210 2095 2265 omnino

522 2293 771 2347 semitam
804 2293 1113 2365 ingrediens
1157 2295 1397 2350 caderet.
1422 2294 1750 2368 Quanquam
1791 2314 1919 2354 vero
1954 2299 2097 2354 ceci-

520 2384 601 2439 (lit
646 2400 849 2455 eques,
896 2395 1196 2456 spontanea
1249 2387 1395 2445 obita
1443 2398 1619 2443 morte
1665 2391 1866 2458 carnis,
1916 2400 2098 2447 tamen

521 2478 720 2531 iterum
747 2476 972 2542 revixit,
1009 2477 1314 2546 adiutorem
1348 2487 1401 2534 et
1451 2480 1796 2538 reductorcm
1828 2485 1883 2537 in
1928 2484 2097 2540 vitam

521 2567 731 2623 habens
780 2569 1020 2624 Patrem.
1066 2569 1205 2626 Cum
1244 2571 1387 2626 enim
1424 2573 1661 2642 potentia
1701 2573 1794 2629 Dei
1830 2584 1886 2631 et
1921 2576 2100 2633 Patris

524 2660 597 2715 sit
628 2660 821 2728 Filius,
849 2663 1113 2732 templum
1150 2678 1311 2721 suum
1352 2665 1477 2718 vitae
1506 2665 1764 2721 restituit.
1796 2666 1980 2737 itaque
2003 2669 2097 2739 qui

522 2762 583 2809 ut
615 2753 781 2807 homo
809 2754 1110 2823 periculum
1144 2756 1408 2822 subierat,
1442 2777 1471 2816 a
1503 2761 1663 2819 Patre
1708 2759 1949 2814 salvatus
1978 2776 2100 2816 esse

528 2846 849 2913 aﬂirmatur,
883 2863 1199 2918 quanquam
1244 2860 1438 2910 natura
1490 2868 1590 2909 sua
1634 2853 1901 2908 exsistens
1933 2851 2099 2918 Deus,

526 2945 581 2991 et
631 2938 939 2993 universam
986 2940 1102 3009 ipse
1128 2941 1398 2999 visibilem
1442 2952 1497 3000 et
1537 2945 1860 3003 invisibilem
1891 2953 2102 3000 creatu-

528 3046 645 3085 ram
676 3030 731 3085 in
763 3031 907 3087 bono
932 3042 1075 3089 statu
1104 3049 1458 3093 conservans.
1495 3036 1569 3093 Ita
1605 3038 1910 3108 intelligens
1935 3038 2099 3093 etiam

527 3122 750 3177 divinus
790 3122 993 3182 Paulus
1040 3127 1107 3182 de
1149 3128 1240 3184 illo
1265 3128 1342 3183 ait
1389 3145 1402 3181 :
1439 3128 1557 3183 Etsi
1601 3131 1889 3200 cruciﬁxus
1917 3142 1994 3186 est
2034 3145 2099 3184 ea:

527 3215 864 3284 inﬁrmitate,
893 3219 982 3271 sed
1011 3219 1132 3275 vivit
1163 3236 1227 3278 ea;
1255 3221 1448 3275 virtute
1485 3221 1579 3277 Dei
1615 3223 1677 3276 ¹³.

606 3389 743 3446 Aser
792 3400 939 3448 sorte
990 3395 1199 3465 accepit
1252 3393 1639 3452 Ptolemaidem
1699 3403 1752 3452 et
1814 3396 2100 3461 Sidonem‘.

534 3478 657 3533 ideo
684 3480 802 3534 ait:
837 3481 1058 3553 Pinguis
1086 3485 1199 3553 ejus
1228 3487 1412 3555 panis,
1453 3496 1503 3542 et
1549 3487 1657 3556 ipse
1698 3488 1846 3542 dabit
1884 3488 2103 3544 delicias

534 3572 880 3642 principibus.
928 3573 1045 3630 Hoc
1087 3577 1314 3648 liguram
1344 3578 1648 3635 vocationis
1695 3588 1896 3636 nostra:
1937 3580 2105 3636 inter-

534 3668 837 3728 pretamur.
875 3662 1032 3728 Quod
1072 3665 1219 3719 enim
1250 3665 1469 3737 pingue,
1504 3669 1711 3723 lautum
1736 3679 1837 3725 est.
1870 3668 2105 3735 Quinam

535 3766 666 3804 vero
690 3752 846 3821 panis
877 3754 1076 3809 lautior
1121 3758 1348 3813 nostro?
1376 3757 1570 3815 Noster
1603 3761 1750 3819 enim
1792 3762 1952 3832 panis
1995 3762 2107 3817 Do-

534 3844 719 3898 minus
750 3855 851 3911 est,
892 3854 949 3901 ut
992 3847 1106 3920 ipse
1131 3848 1246 3903 ait:
1278 3848 1391 3920 Ego
1421 3868 1539 3905 sum
1577 3854 1728 3921 panis
1763 3854 1885 3907 vita:
1912 3855 1975 3909 ’⁵.
2006 3851 2109 3910 Ec-

536 3936 661 4006 quis
692 3952 822 3991 vero
850 3937 992 3994 alius
1029 3938 1178 3995 dabit
1206 3941 1388 3996 cibum
1415 3943 1770 4015 principibus,
1803 3962 1968 4017 quam
1996 3947 2108 4002 Do-

534 4028 720 4083 minus
749 4038 936 4085 noster
977 4028 1139 4088 Jesus
1181 4032 1473 4092 Christus?
1508 4033 1627 4092 Non
1671 4046 1885 4095 tantum
1916 4038 1984 4095 iis
2013 4039 2106 4111 qui

535 4121 765 4176 credunt
789 4138 819 4178 e
842 4124 1116 4193 gentibus,
1143 4126 1237 4182 sed
1271 4126 1434 4182 etiam
1462 4144 1526 4184 ex
1551 4130 1989 4199 circumcisione,
2014 4133 2105 4203 qui

534 4213 902 4283 principatum
950 4226 1135 4272 tenent
1186 4218 1241 4272 in
1290 4220 1425 4286 ﬁde,
1477 4221 1581 4277 hoc
1622 4230 1707 4277 est
1742 4223 2019 4293 patribus,
2054 4232 2108 4279 et

535 4306 887 4376 patriarchis,
923 4317 979 4362 et
1006 4312 1314 4381 prophetis,
1348 4314 1714 4389 omnibusque
1760 4316 2107 4375 credentibus

537 4396 593 4450 in
625 4413 820 4454 nomen
857 4401 977 4471 ejus
1003 4417 1070 4458 ae
1094 4404 1428 4473 passionem.

2197 1930 2290 1985 καὶ
2338 1924 2695 1998 καθηγεῖσθαι
2748 1921 2893 1979 λαῶν
2937 1921 3150 1992 ἔχοντες
3194 1922 3243 1973 οἱ
3287 1918 3601 1990 Γραμματεῖς
3630 1913 3702 1971 xa‘.

2194 2020 2510 2092 Φαρσιαῖοι,
2561 2014 2851 2087 ὑποκριταὶ
2903 2012 3071 2083 ἔχεων
3129 2011 3289 2083 δίκην
3351 2009 3611 2079 ἐπεφύοντο

2196 2112 2435 2186 Χριστῷ,
2480 2112 2574 2165 καὶ
2598 2110 2880 2175 οἱονείπως
2910 2107 3002 2160 τοῦ
3037 2107 3101 2159 ἐκ
3133 2105 3227 2159 τοῦ
3273 2105 3481 2158 πίπτειν
3508 2101 3582 2156 διὰ
3602 2100 3701 2171 ὑψη-

2196 2206 2296 2277 λῆς
2322 2203 2573 2259 ὁδεύοντα
2600 2204 2697 2257 καὶ
2716 2201 2865 2264 λείας
2901 2200 3098 2255 ἄττονα
3129 2197 3316 2271 τρίϐον
3354 2197 3595 2266 δήγμασιν
3625 2210 3700 2244 πα-

2200 2295 2559 2370 ρακόπτοντες
2603 2292 2833 2356 ἀνοσίως
2885 2288 3235 2354 ἐσπούδαζον.
3296 2288 3431 2341 Ἀλλ’
3464 2287 3508 2339 εί
3539 2286 3612 2337 καὶ

2199 2405 2414 2444 πτωκεν
2447 2388 2474 2441 ὁ
2509 2387 2729 2449 ἱππεὺς,
2758 2380 3040 2453 ἐθελοντής
3069 2377 3303 2442 ἀνατλὰς
3334 2378 3422 2431 τὸν
3452 2378 3538 2447 τῆς
3558 2374 3707 2444 σαρκὸς

2201 2481 2448 2536 θάνατον·
2479 2477 2592 2532 ἀλλ’
2632 2470 2725 2530 οὖν
2768 2474 2862 2529 καὶ
2903 2470 3264 2526 ἅναϐιώσεται
3313 2468 3620 2539 συλλήπτορα
3639 2462 3704 2515 καὶ

2200 2568 2486 2637 ἐπαγωγὸν
2518 2564 2839 2636 ποιούμενος
2864 2560 2954 2617 τὸν
2986 2560 3224 2631 Πατέρα.
3287 2557 3515 2627 Δύναμις
3547 2552 3631 2624 γὰρ
3653 2549 3707 2603 ὢν

2199 2661 2292 2715 τοῦ
2326 2658 2460 2713 Θεοῦ
2491 2659 2585 2712 καὶ
2614 2655 2827 2727 Πατρὸς
2864 2656 2894 2708 ὁ
2936 2652 3083 2718 Υἱὸς,
3114 2652 3204 2704 τὸν
3235 2650 3367 2703 ἴδιον
3405 2645 3553 2701 αὑτοῦ
3589 2642 3705 2707 ἐζωοο

2201 2751 2347 2822 γόνει
2380 2750 2524 2803 ναόν.
2568 2745 2757 2817 Ταύτῃ
2790 2743 3057 2801 σεσῶσθαι
3100 2742 3322 2814 λέγεται
3354 2738 3497 2811 παρὰ
3529 2735 3709 2790 10611:-

2201 2844 2328 2918 τρὸς
2362 2838 2785 2903 κεκινδυνευκὼς
2807 2838 2882 2900 ὡς
2904 2836 3207 2908 ἄνθρωπος,
3236 2835 3417 2887 καίτοι
3446 2830 3569 2886 κατὰ
3593 2828 3707 2897 φύσιν

2203 2938 2464 3009 ὑπάρχων
2493 2934 2647 2997 Θεὸς,
2682 2932 2776 2986 καὶ
2807 2931 2933 3001 ὅλην
2962 2929 3123 2992 αὐτὸς
3156 2929 3235 2992 εἰς
3264 2928 3329 2982 τὸ
3358 2922 3417 2980 εὖ
3446 2920 3567 2978 εἶναι
3597 2920 3709 2974 συνέ·

2204 3050 2311 3102 χων
2341 3029 2539 3101 ὁρατήν
2565 3044 2624 3079 τε
2654 3026 2747 3079 καὶ
2772 3022 2999 3095 ἀόρατον
3031 3021 3227 3075 κτίσιν.
3273 3019 3430 3074 Οὕτω
3463 3034 3553 3073 που
3581 3012 3710 3075 συνεὶς

2204 3125 2299 3178 καὶ
2346 3124 2374 3175 ὁ
2420 3120 2704 3183 θεσπέσιος
2749 3114 2959 3180 Παῦλος
2999 3114 3128 3186 περὶ¹
3169 3112 3341 3167 αὑτοῦ
3392 3125 3533 3183 φησι·
3562 3108 3615 3162 El
3644 3102 3709 3157 καὶ

2128 3218 2170 3276 C
2201 3210 2548 3281 ἐσταυρώθη
2574 3211 2647 3275 ἐξ
2682 3208 3018 3272 ἀσθενείας,
3060 3205 3219 3261 ἀλλὰ
3250 3202 3324 3273 ζῇ
3364 3202 3457 3257 καὶ
3498 3200 3558 3253 ἐκ
3581 3192 3712 3250 δυνά-

2202 3323 2359 3378 μεως
2385 3303 2551 3358 Θεοῦ.

2292 3394 2458 3468 ’Δσὴρ
2489 3390 2895 3465 ἐκληρονόμησε
2928 3386 2996 3444 τὰ
3039 3388 3164 3459 περὶ
3191 3385 3525 3457 Πτολεμαΐδα
3558 3380 3633 3435 καὶ
3656 3377 3715 3428 Σι-

2209 3487 2369 3553 δῶνα,
2402 3467 2496 3540 καὶ
2522 3486 2607 3540 διὰ
2638 3485 2795 3538 τοῦτό
2817 3500 2969 3555 φησι·
2998 3482 3155 3536 Πιων
3177 3479 3371 3535 αὐτοῦ
3397 3482 3428 3533 ὀ
3450 3476 3628 3545 ἄρτος,
3648 3467 3715 3522 καὶ

2210 3581 2394 3648 αὐτὸς
2435 3578 2611 3634 δώσει
2646 3575 2882 3646 τρυφὴν
2922 3574 3197 3643 ἄρχουσι.
3221 3572 3399 3625 Τοῦτο
3438 3566 3718 3638 λαμϐάνομεν

2212 3676 2292 3738 εἰς
2316 3673 2485 3727 τύπον
2518 3673 2616 3743 τῆς
2646 3670 2890 3741 κλήσεως
2924 3669 3020 3738 τῆς
3059 3664 3356 3757 ἡμετέρας.
3384 3662 3463 3757 To
3616 3652 3717 3757 πίοχζ

2209 3765 2437 3838 λιπαρόν
2488 3765 2625 3816 ἐστι.
2674 3760 2919 3832 Λιπαρὸς
2968 3758 3024 3812 δὲ
3054 3758 3199 3820 τίνος
3243 3753 3470 3845 ἄρτοςᾼῆ

2209 3860 2317 3930 γὰρ
2349 3855 2555 3927 Κύριός
2603 3855 2750 3908 ἐστιν
2797 3851 2953 3923 ἡμῶν
2999 3852 3028 3903 ὁ
3069 3849 3254 3939 ἄρτος,
3280 3843 3477 3939 καθὼς
3509 3840 3720 3939 λέγεικαὶ

2210 3928 2389 4013 αὐτός·
2431 3947 2571 4017 Ἐγώ
2609 3948 2729 4016 εἰμι
2769 3948 2801 4000 ό
2827 3943 3003 4012 ἄρτος
3048 3939 3158 4008 τῆς
3190 3937 3363 4007 ζωῆς.
3389 3936 3482 3999 Τίς
3525 3928 3725 4029 bima;

2209 4044 2370 4098 δώσει
2418 4041 2622 4115 τροφὴν
2669 4040 2947 4111 ἄρχουσιν,
2999 4036 3096 4107 ἢὸ
3132 4033 3340 4107 Κύριος
3386 4030 3535 4126 ἡμῶν
3569 4028 3721 4126 Ἰήσονι

2211 4114 2475 4209 Χριστόςξ
2511 4135 2583 4188 Οὐ
2616 4133 2773 4204 μόνον
2806 4132 2917 4194 τοῖς
2958 4128 3018 4193 ἐξ
3059 4126 3229 4180 ἐθνῶν
3255 4123 3605 4185 πιστεύουσιν,
3626 4114 3725 4168 ὁ).λᾶ

2212 4228 2440 4289 καὶτοῖς
2470 4226 2534 4277 ὲκ
2571 4223 2869 4295 περιτομῆς
2888 4261 2902 4285 ,
2930 4218 3215 4290 ἐξάρχουσι
3249 4216 3349 4288 τῆς
3377 4215 3726 4273 πίστεως-τως·

2217 4320 2334 4376 ἐστι
2414 4317 2653 4388 πατράσι
2697 4313 2792 4368 καὶ
2839 4311 3233 4383 πατριάρχαις,
3286 4306 3385 4360 καὶ

2211 4410 2307 4462 καὶ
2339 4409 2471 4462 πᾶσι
2500 4408 2611 4470 τοῖς
2643 4403 2987 4460 πιστεύουσιν
3019 4403 3097 4464 εἰς
3122 4399 3182 4452 τὸ
3206 4398 3380 4469 ὄνομα
3401 4394 3554 4450 αὑτοῦ
3578 4390 3653 4444 καὶ
3672 4390 3725 4440 εἰς

2212 4503 2274 4557 τὸ
2302 4500 2492 4565 πάθος.

610 4579 808 4637 Cenes.
849 4600 998 4650 nix,
1024 4584 1191 4640 21-96
1221 4605 1234 4641 :
1272 4586 1616 4659 Nepltthalim
1646 4592 1931 4665 virguttum
1963 4611 2099 4651 reso-

2281 4591 2618 4664 Νεεεθαλεὶμ
2667 4589 2956 4661 στέλεχος
3001 4588 3315 4660 ἀνειμένον
3366 4580 3641 4645 ἐπιδιδοὺς
3680 4573 3729 4625 ἐν·

537 4670 728 4735 lutum,
759 4673 892 4727 dans
930 4676 987 4729 in
1032 4681 1260 4748 germine
1289 4681 1754 4751 pulchritudinem.
1796 4684 1975 4740 Filius
2011 4704 2108 4740 au-

537 4774 653 4815 ctus
691 4763 906 4835 Ioseph,
935 4768 1080 4837 ﬁlius
1112 4782 1297 4826 auctus
1337 4790 1480 4829 meus
1514 4776 1744 4839 celatus,
1787 4776 1930 4845 ﬁiius
1965 4793 2108 4833 meus

537 4856 957 4923 adolescentior;
1006 4863 1076 4916 ad
1124 4880 1205 4918 me
1255 4875 1525 4921 revertere.
1573 4866 1639 4922 In
1685 4886 1839 4940 quem
1886 4872 2109 4928 consilia

535 4949 858 5018 conferentes
889 4954 1289 5022 maledicebant,
1319 4967 1369 5012 et
1402 4959 1734 5015 intendebant
1774 4963 1831 5015 in
1868 4978 1986 5015 eum
2014 4963 2110 5016 do-

541 5042 674 5094 mini
714 5046 1135 5115 sagittationum.
1182 5049 1254 5104 Et
1289 5053 1503 5106 contriti
1548 5064 1670 5108 sunt
1717 5070 1833 5107 cum
1876 5056 2110 5125 potentia

542 5148 697 5189 arcus
733 5152 933 5205 eorum,
958 5150 1007 5194 et
1036 5141 1281 5197 dissotuti
1310 5154 1434 5199 sunt
1464 5146 1610 5200 nervi
1638 5145 1970 5201 brachiorum
1997 5165 2110 5202 ma-

542 5240 705 5278 nuum
734 5243 913 5282 eorum
963 5249 1057 5301 per
1100 5252 1316 5290 manum
1354 5239 1581 5307 potentis
1607 5237 1795 5293 Iacob.
1842 5238 1974 5293 Inde
2017 5242 2108 5311 qui

539 5319 860 5386 confortavit
899 5322 1071 5380 Israel
1116 5345 1149 5381 a
1192 5328 1299 5381 Deo
1333 5330 1505 5398 patris
1553 5331 1651 5386 tui.
1694 5330 1765 5387 Et
1813 5332 2015 5403 adjuvit
2061 5346 2109 5388 te

541 5404 681 5463 Deus
705 5428 870 5480 meus,
905 5425 954 5468 et
982 5417 1243 5473 benedixit
1270 5431 1319 5475 te
1348 5421 1701 5477 benedictione
1730 5423 1846 5478 caeli
1870 5423 2109 5494 desuper,

540 5509 589 5552 et
621 5499 971 5563 benedictione
1018 5520 1172 5567 terra:
1204 5511 1445 5566 [tabentis
1485 5515 1683 5581 omnia,
1717 5525 1927 5585 propter
1956 5515 2107 5569 benc-

641 5738 681 5777 ιι
708 5710 842 5795 at...
877 5754 960 5809 ιιι,
990 5742 1073 5799 ts.
1181 5743 1222 5774 η
1250 5739 1438 5797 Matth.
1470 5758 1595 5810 xxv,
1630 5742 1718 5797 st.

1814 5744 1855 5774 ¹³
1883 5742 1923 5797 ll
1957 5741 2084 5797 Cor.
2118 5756 2240 5811 xm,
2264 5742 2318 5798 4.

2212 4691 2292 4756 τῷ
2335 4686 2656 4760 γεννήματι
2688 4684 2934 4751 κάλλος.
2978 4684 3113 4750 Υἱὸς
3152 4681 3495 4752 ηὐξημένος
3535 4671 3729 4737 Ἰωσῖιὲθν

2211 4782 2342 4849 υίὸς
2364 4778 2702 4853 ηὐξημένος
2726 4796 2843 4849 μου
2877 4775 3150 4846 ζηλωτὸς,
3174 4775 3303 4841 υἱός
3331 4791 3453 4845 μου
3476 4768 3727 4826 νεώτατος

2212 4876 2363 4943 πρός
2407 4891 2486 4943 με
2536 4869 2941 4939 ἀνάστρεψον.
2985 4869 3089 4932 Εἰς
3146 4865 3219 4919 ὃν
3264 4857 3733 4925 διαϐουλευὸμενοί

2211 4968 2577 5036 ἐλοιδόρουν,
2600 4965 2697 5021 καὶ
2726 4964 2961 5035 ἐνεῖχον
2983 4959 3143 5027 αὐτῷ
3163 4961 3357 5030 κύριοι
3385 4950 3729 5025 τοξευμάτων·

2213 5060 2326 5115 Καὶ
2348 5060 2667 5129 συνετρίϐη
2690 5058 2840 5129 μετὰ
2867 5056 3124 5127 κράτους
3158 5055 3232 5111 τὰ
3264 5053 3416 5119 τόξα
3443 5047 3639 5109 αὐτῶν,
3662 5038 3735 5095 καὶ

2213 5152 2471 5220 ἐξελύθη
2509 5151 2582 5206 τὰ
2616 5150 2801 5219 νεῦρα
2835 5150 3178 5223 ,ϐραχιόνων
3201 5145 3418 5217 χειρῶν
3452 5139 3633 5199 αὐτῶν
3662 5130 3735 5185 διὰ

2215 5243 2383 5318 χεῖρα
2434 5240 2737 5300 δυνάστου
2780 5240 2993 5295 Ἰακώϐ.
3036 5239 3291 5293 Ἐκεῖθεν
3326 5237 3361 5291 ό
3408 5227 3736 5327 κατισχίξτιξς

2228 5331 2467 5401 Ἰσραὴλ
2504 5331 2662 5400 παρὰ
2705 5331 2853 5385 Θεοῦ
2888 5328 2996 5384 τοῦ
3028 5328 3249 5397 πατρός
3295 5340 3433 5381 σου.
3466 5321 3571 5378 Kal
3604 5317 3735 5373 ἐϐοή-

2216 5423 2366 5492 θησε
2398 5438 2498 5478 σοι
2532 5427 2566 5479 ὁ
2599 5421 2741 5490 Θεὸς
2767 5425 2799 5476 ὀ
2823 5422 2985 5494 ἐμὸς,
3032 5421 3131 5476 καὶ
3172 5416 3474 5489 εὐλόγησέ
3497 5430 3567 5470 σε
3598 5408 3737 5465 εὐλο-

2216 5516 2353 5589 γίαν
2383 5513 2642 5584 οὐραγοῦ
2670 5514 2918 5579 ἄνωθεν,
2946 5512 3044 5569 καὶ
3080 5510 3360 5583 εὐλογίαν
3384 5507 3499 5581 τῆς
3517 5500 3738 5577 ἐχούσης

2414 5740 2458 5776 ⁸⁸
2485 5738 2640 5798 Joan.
2669 5756 2751 5809 v1,
2776 5740 2863 5796 35.
