3826 6508
123 334 221 391 597

1293 313 1714 375 FRAGMENTA
1749 311 1815 366 IN
1854 307 2168 368 GENESIN.

3263 289 3368 353 598

123 456 320 512 πάντα
345 457 575 511 εἵνεκεν
613 452 894 522 εὐλογίας
913 449 1165 520 μαστῶν
1201 446 1302 499 καὶ
1323 442 1572 513 μήτρας,
1605 439 1706 490 εὐ-

1820 434 2087 487 ίὶειίοηινηι
2116 430 2332 484 uberum
2358 437 2405 480 et
2435 423 2629 486 valete,
2656 417 3062 472 benedictionem
3093 413 3260 483 patris
3292 411 3369 463 tui

123 551 330 622 λογίας
358 549 580 617 πατρός
602 563 718 600 σου
745 545 849 599 καὶ-
871 541 1095 612 μητρός
1123 555 1258 593 σουο
1289 535 1704 602 ὑπερίσχυσεν

125 644 212 695 ἐπ’
239 641 550 710 εὐλογίαις
597 637 781 705 ὀρέων
822 633 1108 704 μονίμων,
1144 629 1243 682 καὶ
1285 627 1376 681 ἐπ’
1404 622 1704 692 εὐλογίαις

127 730 306 784 ϐινῶν
332 731 605 784 αἰωνίων·
642 725 704 780 ατ
739 725 981 778 ἔσονται
1012 721 1108 776 ἐπὶ
1154 715 1427 787 κεφαλὴν
1468 710 1699 779 Ἰωσὴφ,

126 820 219 874 καὶ
247 817 353 872 ἐπὶ
375 814 663 886 κορυφῆς,
688 807 776 867 ὦν
805 811 1076 881 ἡγήσατο
1103 803 1400 876 ἀδελφῶν.

191 912 579 966 Περροιγτυεε
613 907 709 971 Τίς
733 907 888 969 ἄλλος
929 900 1269 972 ηὐξημένος
1303 897 1432 963 υἱὸς
1472 893 1567 948 καὶ
1613 890 1705 959 ζη-

125 1004 316 1069 λωτὸς
354 1003 460 1066 ἓως
499 1002 598 1072 τῆς
638 1001 897 1070 σήμερον,
922 998 970 1049 εἰ
1013 993 1086 1066 μὴ
1119 995 1146 1046 ὁ
1175 991 1378 1063 Κύριος
1404 985 1560 1059 ἡμῶν
1603 985 1707 1055 Ἰη-

129 1096 252 1160 σοῦς
283 1093 553 1166 Χριστός;
584 1089 829 1162 Ζηλωτὸς
862 1088 957 1160 μὲν
981 1083 1074 1141 οὖν
1116 1085 1225 1157 ἄρα
1259 1081 1354 1136 καὶ
1380 1082 1494 1144 τοῖς
1527 1078 1704 1150 μισεῖν

127 1186 462 1256 θελὸμενοις,
517 1183 656 1253 πλὴν
695 1181 793 1234 οὐκ
835 1181 914 1244 εἰς
961 1180 1105 1233 ἅπαν
1151 1175 1440 1245 ἁλώσιμος.
1489 1173 1552 1224 El
1596 1168 1704 1238 γὰρ

127 1278 217 1329 καὶ
246 1275 448 1347 ἀνέτλη
482 1273 733 1344 σταυρδν,
764 1273 876 1327 ἀλλ’
910 1272 985 1335 ὤς
1030 1270 1164 1333 Θεὴς
1209 1267 1427 1330 ἀνεϐίω,
1462 1263 1707 1332 πατήσας

125 1367 213 1419 τὸν
248 1366 504 1430 θάνατον,
537 1365 693 1434 μόνον
730 1364 787 1417 δὲ
819 1364 938 1432 οὐχὶ
967 1361 1060 1414 καὶ
1083 1358 1174 1412 τοῦ
1205 1355 1340 1410 Θεοῦ
1372 1356 1466 1408 καὶ
1497 1351 1710 1422 Πατρὸς

125 1455 527 1524 ἐπιφωνοῦντος
558 1455 651 1507 καί
694 1452 958 1522 λέγοντος·
1006 1449 1203 1504 Κάθου
1234 1448 1302 1500 ἐκ
1333 1443 1546 1508 δεξιῶν
1565 1459 1704 1511 μου,

125 1550 217 1602 καὶ
239 1547 310 1600 τὰ
337 1547 487 1617 ἑξῆς.
525 1547 646 1599 Ὅτι
677 1544 784 1616 γὰρ
807 1539 1228 1596 ύποπεπτὼκασι
1259 1539 1352 1592 καὶ
1374 1538 1421 1590 οἱ
1454 1534 1721 1604 πλείστην

127 1641 256 1708 ὅσην
299 1639 402 1707 τὴν
441 1637 562 1690 κατ’
595 1635 757 1688 αὐτὸν
803 1632 995 1704 μανίαν
1035 1631 1332 1692 ὠδίνοντες,
1366 1627 1601 1691 ἐδίδαξεν
1631 1627 1710 1678 εἰ·

127 1727 262 1779 πὼν·
290 1727 398 1790 Εἰς
437 1725 508 1777 ὃν
538 1722 1055 1791 διαϐουλευόμενοι
1083 1718 1182 1772 καὶ
1209 1714 1579 1784 ἐλοιδὼρουντ
1607 1715 1704 1768 καὶ

125 1817 365 1886 ἐνεῖχεν
415 1814 575 1880 αὐτῷ
619 1815 807 1882 κύριοι
852 1811 1248 1880 τοξευμάτων.
1300 1808 1559 1880 Συνέδρια
1595 1807 1704 1879 γὰρ

128 1908 535 1982 συνεγείροντες
583 1905 929 1960 ἐϐουλεύοντο
974 1902 1147 1976 πικρά
1187 1901 1305 1956 τῶν
1332 1899 1707 1970 τοξευμάτων

124 2004 175 2052 οἱ
203 2001 425 2068 κύριοι,
457 1999 734 2052 τουτέστιν
774 1998 824 2050 οἱ
871 1996 979 2050 τῶν
1023 1995 1168 2049 λαῶν
1217 1993 1530 2066 ἡγούμενοι.
1561 1991 1707 2061 Πλὴν

123 2091 449 2158 συνετρίϐη
503 2090 576 2143 τὰ
627 2089 779 2152 τόξα·
816 2086 1034 2147 αὐτῶν,
1088 2085 1185 2139 καὶ
1229 2085 1483 2152 ἐξελύθη
1525 2084 1709 2150 νεῦρα

117 2181 473 2250 βραχιόνων
514 2177 714 2232 αὐτῶν
758 2177 856 2231 διὰ
913 2176 1081 2246 χεῖρα
1128 2174 1432 2229 δυνάστου
1491 2172 1705 2236 Ἰακὼϐ,

123 2275 387 2326 τουτέστι
427 2270 520 2324 τοῦ
555 2270 689 2323 Θεοῦ
738 2271 832 2323 καὶ
883 2268 1113 2338 Πατρὸς,
1143 2269 1202 2331 ὃς
1246 2269 1360 2320 ἐστι
1401 2265 1513 2320 τῶν
1548 2265 1708 2319 swe—

126 2382 272 2435 μεων
312 2364 546 2434 Κύριος,
588 2365 647 2426 ὃς
686 2365 780 2417 καὶ
823 2361 1158 2432 εὐλογεῖσθαι
1212 2359 1593 2431 παρεσκεύασε
1621 2357 1709 2410 τὸν

123 2456 251 2509 Υἱδν
284 2457 345 2509 ὲν
369 2455 450 2526 τῷ
481 2454 696 2525 ούρανῴ
739 2454 834 2508 καὶ
867 2454 959 2506 ἐπὶ
990 2452 1090 2522 τῆς
1133 2451 1254 2522 γῆς.
1301 2450 1410 2504 Καὶ
1439 2449 1599 2512 αύτὺς
1631 2449 1712 2510 εἰς

124 2550 293 2604 τύπον
331 2548 448 2601 τῶν
471 2548 754 2619 ἡμετέρων
799 2544 1304 2617 παραλαμϐᾴνεται,
1348 2541 1531 2605 καθὼς
1565 2541 1724 2613 δηλοῖ

123 2642 182 2696 τὸ
213 2639 578 2708 Εὑαγγέλιονν
609 2636 698 2705 Γῆ
736 2634 1055 2690 Ζαϐουλὼν
1099 2636 1196 2688 καὶ
1239 2633 1313 2703 γῆ
1349 2633 1710 2701 Νεφθαλεὶμ,

125 2733 269 2786 ὀδόν
294 2731 620 2797 θαλάσσης
643 2729 831 2798 πέραν
859 2726 965 2781 τοῦ
999 2725 1313 2795 Ἰορδάνου,
1338 2726 1433 2778 καὶ
1463 2724 1530 2778 τὰ
1557 2724 1708 2796 ἑξῆς.

127 2827 232 2878 Καὶ
263 2824 397 2889 τοῖς
419 2821 776 2890 καθημένοις
798 2821 868 2872 ἐν
890 2803 1092 2872 σκότει
1121 2816 1245 2888 φῶς
1273 2816 1577 2872 ἀνέτειλεν
1603 2819 1706 2870 αὺ-

129 2915 272 2980 τοῖς.
304 2915 467 2966 Ποῖον
508 2912 564 2965 δὲ
609 2911 736 2964 ἄλλο
769 2908 885 2979 φῶς
929 2904 1096 2980 ἧν,ἢ
1141 2907 1330 2978 κλῆσις
1373 2907 1480 2959 τῶν
1525 2905 1711 2971 ἐθνῶν,

126 3008 245 3076 ἥτις
283 3005 405 3058 ἐστὶ
432 3003 494 3055 τὺ
526 3003 803 3072 στέλεχος,
833 2999 1079 3054 τουτέστι
1103 2999 1165 3051 τὸ
1190 2998 1341 3062 ξύλον
1368 2997 1457 3050 τοῦ
1482 2996 1708 3068 Κυρίου,

1737 1787 1784 1841 Β

1806 535 1855 580 ει
1903 525 2090 577 matris
2140 530 2278 584 tute;
2307 516 2584 588 prtevaluit
2615 529 2770 582 super
2802 507 3177 563 benedictiones
3216 519 3370 557 mon-

1808 616 1938 667 tium
1975 610 2269 672 stabilium,
2315 616 2363 661 et
2407 607 2476 677 in.
2505 598 2947 658 benedictionibus
2974 595 3185 650 collium
3217 603 3372 648 atter-

1807 721 1994 758 norum
2026 720 2043 757 :
2074 711 2222 756 erunt
2277 714 2432 767 super
2477 706 2632 765 caput
2682 689 2912 760 Ioseph,
2940 697 2988 742 et
3025 701 3179 754 super
3217 687 3374 751 caput

1807 796 2056 865 fratrum,
2091 807 2311 863 quorum
2335 790 2445 842 dua:
2476 787 2595 857 fuit.

1877 884 2080 955 Ecquis
2110 885 2252 939 alius
2286 881 2428 952 ﬁlius
2473 888 2658 932 auctus
2687 885 2735 930 et
2772 873 2970 928 zelatus
3012 870 3065 923 in
3102 868 3247 922 hunc
3280 881 3375 919 us-

1806 993 1914 1047 que
1947 976 2113 1040 diem,
2145 989 2308 1044 quam
2357 970 2622 1025 Dominus
2663 974 2848 1020 noster
2879 961 3038 1016 Jesus
3079 955 3378 1012 Christus?

1805 1066 2029 1121 Zelatus
2055 1064 2272 1135 quidem
2300 1061 2413 1117 sive
2454 1058 2653 1113 invidia
2687 1055 2889 1125 petitus
2923 1053 2990 1106 ab
3025 1053 3090 1104 iis
3121 1049 3214 1117 qui
3250 1047 3374 1100 odio

1806 1170 1929 1208 eum
1958 1152 2212 1223 prosequi
2242 1151 2499 1221 gaudent,
2539 1157 2596 1202 at
2630 1161 2736 1200 non
2766 1142 2988 1198 omnino
3013 1144 3374 1209 expugnatus.

1807 1249 2130 1318 Quanquam
2165 1246 2309 1300 enim
2361 1257 2578 1297 crucem
2621 1236 2900 1300 sustinuit,
2931 1243 3108 1286 tamen
3146 1239 3205 1281 ut
3233 1226 3378 1280 Deus

1808 1343 1973 1397 rediit
2026 1342 2084 1395 in
2131 1341 2331 1403 vitam,
2378 1344 2716 1403 mortemque
2762 1325 3120 1386 conculcavit,
3171 1321 3280 1374 Deo
3324 1333 3383 1373 et.

1808 1433 1971 1488 Patre
2019 1432 2126 1501 ipsi
2164 1431 2502 1485 acclamante
2555 1441 2622 1480 ac
2650 1425 2865 1479 dicente
2899 1436 2914 1470 :
2945 1417 3076 1471 Sede
3104 1432 3136 1466 a
3175 1413 3375 1466 dextris

1809 1527 1938 1579 meis
1968 1523 2036 1590 ¹⁸,
2067 1531 2122 1578 ει
2149 1535 2270 1591 quae
2321 1526 2642 1589 sequuntur.
2687 1512 2846 1578 Quod
2879 1509 3024 1564 enim
3073 1501 3378 1559 succubue—

1809 1625 1938 1672 runt
1968 1616 2094 1686 ipsi,
2138 1613 2303 1668 etiam
2352 1611 2429 1665 illi
2463 1608 2556 1680 qui
2602 1607 2892 1676 plurimam
2936 1601 3195 1654 adversus
3219 1611 3378 1651 eum-

1808 1711 1930 1764 dem
1985 1705 2252 1762 insaniam
2306 1699 2702 1772 partur-iebant,
2754 1695 2914 1750 docet
2954 1711 3078 1749 cum
3130 1695 3208 1752 ait
3255 1713 3266 1747 :
3311 1691 3378 1745 In

1807 1816 1967 1872 quem
1991 1799 2216 1851 consilia
2243 1794 2566 1864 conferentes
2616 1788 2992 1845 maledicebant
3031 1787 3084 1839 in
3133 1801 3251 1838 eum
3288 1785 3384 1836 do-

1807 1893 1938 1946 mini
1993 1889 2418 1960 sagittationum.
2475 1883 2740 1956 Synedria
2787 1883 2932 1936 enim
2981 1886 3382 1942 convocantes,

1808 1985 2001 2040 acerba
2036 1983 2274 2037 inierunt
2304 1977 2539 2035 consilia
2582 1975 2785 2029 domini
2817 1973 3241 2042 sagittationum,
3280 1969 3386 2022 hoc

1808 2086 1893 2135 est
1931 2075 2254 2147 populorum
2284 2069 2579 2142 principes.
2616 2065 2814 2122 Verum
2841 2065 3054 2117 contriti
3083 2071 3203 2116 sunt
3230 2076 3384 2114 arcus

1808 2185 2010 2234 eorum,
2057 2177 2107 2221 et
2149 2162 2394 2220 dissoluti
2439 2169 2559 2214 sunt
2608 2158 2752 2212 nervi
2794 2157 3124 2210 brachiorum
3170 2153 3386 2206 illorum

1809 2280 1902 2334 per
1945 2274 2160 2316 manum
2190 2255 2418 2326 potentis
2454 2251 2624 2306 Iacob
2661 2266 2680 2304 :
2708 2249 2810 2304 hoc
2845 2258 2930 2303 est
2960 2246 3053 2302 Dei
3091 2256 3145 2301 et
3184 2244 3383 2307 Patris,

1810 2355 1902 2425 qui
1935 2361 2021 2408 est.
2054 2349 2318 2403 Dominus
2363 2353 2765 2416 potentatuum,
2813 2340 2905 2412 qui
2939 2339 3102 2393 etiam
3141 2337 3386 2391 benedici

1813 2446 1938 2501 fecit
1971 2443 2167 2498 Filium
2201 2443 2255 2494 in
2288 2439 2440 2494 caelo.
2465 2445 2518 2491 et
2567 2436 2622 2489 in
2654 2443 2826 2490 terra.
2859 2431 2920 2487 Et
2952 2430 3297 2501 Nephlbalim
3333 2431 3387 2482 in

1813 2547 1999 2610 typum
2027 2549 2207 2590 rerum
2239 2541 2549 2586 nostrarum
2583 2525 2905 2588 assumitur,
2940 2534 3000 2580 ut
3022 2525 3179 2578 docet
3211 2521 3390 2576 Evan-

1814 2630 2012 2702 gelium
2049 2644 2062 2680 :
2096 2625 2260 2680 Terra
2309 2622 2548 2678 Zabulon
2581 2630 2628 2673 et
2665 2630 2807 2673 terra
2852 2615 3217 2687 Nephthalim,
3249 2616 3390 2668 viam

1813 2723 1980 2778 maris
2010 2720 2154 2775 ultra
2187 2717 2480 2772 Iordanem
2506 2714 2572 2778 “,
2603 2721 2658 2766 et
2686 2726 2808 2781 qua:
2829 2719 3149 2779 sequuntur.
3187 2707 3255 2761 Et
3279 2707 3390 2761 illis

1814 2821 1904 2891 qui
1931 2817 2176 2874 sedebant
2205 2816 2260 2868 in
2285 2811 2528 2873 tenebris,
2553 2819 2796 2862 exortum
2818 2815 2894 2861 est
2915 2805 3089 2858 lumen
3119 2806 3184 2858 ".
3209 2802 3393 2868 Quod-

1817 2925 1943 2964 nam
1974 2923 2103 2963 vero
2133 2907 2316 2961 lumen
2348 2901 2497 2958 aliud
2533 2915 2698 2970 quam
2729 2899 2942 2953 vacatio
2973 2896 3237 2967 gentium,
3271 2911 3394 2963 quae

1816 3012 1901 3057 est
1928 2999 2246 3069 virgultum,
2283 2997 2387 3050 hoc
2423 3004 2506 3048 est
2541 2995 2748 3062 tignum
2791 2988 3031 3051 Domini,
3065 2987 3152 3041 cui
3188 2986 3393 3039 inserta

126 3092 165 3164 ᾧ
197 3093 648 3166 ἐγκεντρισθείτα
676 3092 1042 3161 καρποφορεϊς
1096 3089 1168 3142 Τὸ
1187 3089 1263 3151 δὲ,
1297 3088 1601 3154 ἐπιδιδοὺς
1645 3090 1712 3142 ἐν

1821 3094 2032 3149 fructus
2055 3090 2298 3161 profert?
2342 3088 2412 3141 At
2443 3086 2625 3141 verbis
2655 3101 2668 3136 :
2699 3082 2845 3136 Dnns
2893 3084 2945 3135 in
2997 3081 3228 3151 germine
3271 3080 3394 3148 pul-

129 3187 204 3254 τῷ
234 3183 570 3256 γεννήματι
602 3181 855 3246 κάλλος,
892 3180 954 3233 τὸ
985 3177 1319 3250 ὑπερϐάλλον
1347 3178 1446 3248 τῆς
1471 3177 1714 3249 κλήσεως

129 3280 275 3350 ὁηλοί
307 3279 464 3348 ἡμῖν.
494 3275 556 3328 El
578 3274 635 3326 δὲ
665 3273 758 3326 καὶ
783 3272 867 3342 ἐφ’
893 3271 1050 3342 ἡμῶν
1087 3273 1257 3324 νοοῖτο
1285 3269 1445 3338 τυχὸν
1476 3268 1557 3335 τὸ,
1591 3269 1721 3323 ἑπι-

130 3371 336 3436 διδούς
375 3369 447 3421 ἐν
475 3365 552 3432 τῷ
581 3364 903 3435 τεννήματι
927 3362 1174 3427 κάλλος,
1209 3361 1309 3414 οὐκ
1339 3360 1662 3432 ἀσυμφανὴς
1685 3363 1715 3414 ὁ

129 3460 304 3530 λόγος.
350 3459 764 3530 Προκόπτοντες
814 3453 923 3526 γὰρ
965 3453 1052 3507 ἀεὶ
1093 3452 1212 3506 κατ’
1241 3451 1441 3523 ἀρετὴν
1481 3452 1574 3504 καὶ
1606 3452 1714 3505 τῶν

130 3553 432 3619 ἀμεινόνων
454 3548 856 3619 ἀφικνούμενοι,
883 3548 1000 3611 ἦτοι
1028 3544 1152 3611 τοῖς
1176 3545 1514 3613 ἔμπροσθεν
1538 3544 1714 3598 ἐπεκ-

130 3647 470 3715 τεινόμενοιη
503 3642 646 3698 κατὰ
689 3643 789 3712 τὴν
827 3640 918 3693 τοῦ
951 3637 1221 3710 μακαρίου
1256 3636 1468 3690 Παύλου
1509 3639 1711 3707 φωνὴν,

132 3739 212 3802 εἰς
267 3736 470 3798 κάλλος
512 3735 601 3790 ἀεὶ
650 3733 712 3786 τὸ
761 3731 1220 3803 περιφανέστερον
1272 3728 1713 3801 ἀναθρώσκομεν·

132 3829 331 3892 κάλλος
351 3827 412 3880 δέ
436 3844 579 3897 φημι
604 3825 664 3878 τὸ
695 3821 1081 3894 πνευματικὸν,
1123 3820 1209 3872 ἵνα
1238 3820 1331 3872 καὶ
1357 3822 1487 3890 ἡμῖν
1509 3819 1720 3887 λέγοιτο

133 3921 338 3974 λοιπόν·
405 3916 812 3986 Ἐπεθύμησεν
863 3917 894 3967 ό
944 3911 1243 3978 ,βασιλεὺς
1289 3911 1395 3964 τοῦ
1451 3910 1724 3977 κάλλους,

133 4029 272 4068 σου.

1820 3183 2172 3237 chritudinem
2191 3221 2206 3246 ,
2241 3175 2632 3233 abundantiam
2674 3171 2977 3226 vocationis
3001 3169 3160 3224 nobis
3185 3169 3395 3236 signiti-

1819 3285 1928 3331 cat.
1971 3274 2028 3328 Si
2062 3287 2193 3328 vero
2221 3279 2276 3325 et
2315 3269 2382 3324 de
2409 3267 2567 3322 nobis
2613 3263 2985 3334 intelligantur
3013 3261 3177 3316 verba
3215 3277 3229 3312 :
3258 3260 3393 3312 dans

1819 3369 1874 3422 in
1925 3365 2153 3437 germine
2201 3358 2685 3432 pulchritudinem,
2735 3371 2844 3410 non
2892 3354 3258 3423 incongruens
3291 3352 3398 3405 erit

1820 3460 2015 3514 oratio.
2046 3455 2399 3510 Proﬁcientes
2432 3451 2576 3506 enim
2625 3463 2839 3518 semper
2879 3448 2932 3501 in
2978 3448 3205 3507 virtute,
3237 3454 3291 3499 et
3328 3444 3396 3498 ad

1823 3551 2049 3604 meliora
2101 3553 2465 3617 penetrantes,
2523 3541 2638 3596 sive
2693 3538 2994 3596 secundum
3045 3538 3186 3592 beati
3242 3536 3398 3590 Pauli

1823 3641 2108 3710 vocem,ad
2138 3640 2319 3708 priora
2354 3653 2446 3690 nos
2475 3635 2806 3690 extendentes
2837 3633 2901 3700 ¹¹⁵,
2936 3632 3002 3687 ad
3034 3631 3396 3701 pulchritudi-

1826 3751 1948 3790 nem
1983 3747 2197 3801 semper
2249 3727 2670 3799 splendidiorem
2714 3726 3006 3790 enitimur;
3037 3722 3399 3793 pulchritudi-

1825 3841 1971 3889 nem,
1996 3824 2240 3893 inquam,
2270 3818 2568 3890 spiritalem
2589 3856 2605 3880 ,
2639 3825 2700 3870 ut
2736 3826 2790 3870 et
2820 3815 2979 3872 nobis
3008 3815 3219 3871 dicatur
3247 3814 3398 3868 dein-

1826 3932 1953 3986 ceps
1977 3932 1994 3968 z
2021 3913 2327 3983 Concupivit
2359 3927 2450 3965 rex
2481 3908 2722 3963 decorem
2750 3917 2899 3963 tuum
2924 3907 3002 3964 ¹⁹..

1365 4120 1492 4173 Post
1527 4121 1780 4174 nonnulla
1812 4117 2180 4190 Apollinarii:

205 4224 554 4280 “IPPOLYTUS
595 4237 610 4274 :
662 4221 777 4274 Ἐπ’
825 4217 984 4271 αὐτὸν
1033 4217 1089 4269 δὲ
1141 4216 1302 4270 πάλιν
1364 4215 1454 4268 τὸν
1512 4217 1723 4286 Ἐμμα-

135 4319 300 4389 νουὴλ
343 4319 374 4370 ὁ
421 4317 519 4386 τῆς
572 4313 906 4384 προφητείας
966 4309 1175 4382 διέρπει
1232 4308 1407 4376 λόγος.
1471 4308 1718 4380 Ἐπειδὴ,

1903 4211 1986 4268 Ad
2041 4214 2216 4283 ipsum
2270 4211 2465 4266 iterum
2520 4209 2850 4265 Emmanuel
2895 4208 3190 4279 prophetiae
3237 4208 3417 4275 serpit.

1830 4307 2028 4363 oratio.
2076 4304 2553 4374 Quandoquidem,
2590 4311 2650 4358 ut
2697 4303 2971 4365 existimo,
3008 4301 3152 4355 aliud
3206 4317 3270 4355 ex
3313 4301 3403 4354 illa

133 4405 315 4479 οἶμαι,
339 4423 444 4458 που
467 4404 530 4457 τὸ
554 4403 808 4474 ἐξοαύτῆς
821 4400 1148 4472 δηλούμενον
1172 4399 1358 4468 ἕτερον
1379 4398 1529 4452 ούδέν
1556 4401 1712 4461 ἐστιν.

1832 4396 2198 4466 signiﬁcatum
2234 4393 2371 4447 nihil
2399 4402 2522 4455 est,.
2543 4408 2707 4463 quam
2731 4393 2874 4461 quod
2899 4392 3012 4462 jam
3054 4391 3218 4445 modo
3244 4391 3401 4454 dixit,

135 4499 169 4570 ἢ
209 4501 352 4569 ὅπερ
409 4496 514 4566 ἔφη
563 4495 796 4566 ἀρτίως,
845 4491 1148 4557 ἐπιδιδοὺς
1187 4491 1256 4543 ἐν
1293 4490 1372 4554 τῷ
1405 4489 1726 4560 γεννήματι

136 4590 396 4654 κάλλος*
425 4587 487 4639 τὸ
526 4585 634 4656 γὰρ
668 4583 938 4655 ηὐξῆσθαι
965 4582 1109 4650 λέγει
1133 4581 1294 4634 αὐτὸν
1321 4581 1416 4652 τὴν
1449 4584 1526 4646 εἰς
1549 4583 1609 4634 τὸ
1631 4583 1725 4637 ἀπ’

138 4681 320 4751 ἀρχῆς
350 4678 592 4732 ἐπίδοσιν
626 4676 722 4729 xal.
750 4674 1061 4746 ἀναδρομὴν
1092 4672 1195 4742 τῆς
1221 4672 1447 4743 ἐνούσης
1473 4673 1725 4736 εὐκλείας

137 4770 294 4840 αύτῷ
346 4768 592 4838 φυσικῶς
637 4767 912 4838 σημαίνει.
963 4764 1133 4817 Τοῦτο
1182 4765 1398 4828 πάντως
1425 4766 1728 4834 κατάγεται

138 4861 325 4932 ὀρθῶς
358 4860 501 4930 ἔχειν
535 4856 957 4927 ὑπειλημμένον.
998 4853 1210 4926 Ἐπειδὴ
1244 4853 1353 4924 γὰρ
1397 4854 1472 4925 (5)
1508 4856 1536 4906 ὁ
1568 4872 1726 4924 μονο-

137 4953 314 5027 γενὴς
344 4951 440 5007 τοῦ
485 4951 620 5004 Θεοῦ
658 4951 850 5017 Λόγος,
882 4947 1013 5012 Θεὸς
1057 4947 1316 5019 ὑπάρχων
1363 4948 1427 4999 ὲκ
1458 4945 1591 4999 Θεοῦ
1623 4947 1726 5018 (6),

1833 4488 1966 4542 dans
1996 4489 2050 4540 in
2081 4487 2309 4556 germine
2342 4484 2826 4556 pulchritudinem;
2849 4485 2926 4539 ait
2967 4484 3111 4538 enim
3144 4499 3268 4538 eum
3300 4499 3401 4536 au-

1833 4595 2050 4650 gescere
2090 4579 2440 4634 incrementis
2485 4579 2538 4633 in
2568 4580 2617 4635 id
2652 4580 2797 4649 quod
2839 4579 2909 4633 ab
2937 4578 3093 4632 initio
3118 4575 3316 4639 fuerat,
3350 4585 3416 4628 et.

1832 4672 2004 4726 reditu
2055 4671 2121 4724 ad
2170 4671 2490 4735 naturalem,
2525 4687 2648 4741 qua:
2692 4671 2746 4724 in
2791 4671 3035 4734 illoest,
3065 4667 3416 4722 nobilitatem

1835 4761 1966 4815 ferri
1997 4760 2284 4832 signiﬁcat.
2312 4759 2426 4816 Hoc
2468 4761 2695 4816 omnino
2733 4770 2880 4816 recte
2913 4758 3229 4828 intelligitur
3256 4757 3404 4826 quod

1835 4860 2221 4922 assumpserat.
2271 4850 2717 4921 Quandoquidem
2765 4852 3100 4921 unigenitum
3145 4849 3238 4902 Dei
3272 4846 3406 4900 Ver-

1834 4946 1984 5010 bum,
2021 4943 2163 5000 Deus
2195 4959 2258 5000 ex
2295 4943 2405 5000 Deo
2437 4944 2726 5010 exsistcns,
2751 4943 3082 5012 semetipsum
3105 4941 3402 4997 secundum

210 5166 257 5198 “
291 5162 439 5219 Psal.
463 5161 652 5226 c1x,.1.
730 5158 981 5213 “Matth.
1013 5173 1086 5224 tv,
1120 5156 1209 5211 15.
1285 5157 1326 5189 ’⁷
1363 5156 1497 5211 Ibid.
1527 5155 1612 5212 16.
1693 5157 1706 5187 ¹

1825 5154 1995 5224 ιὶιιρρ.
2023 5169 2104 5221 In,
2131 5155 2216 5209 15.
2294 5151 2504 5207 "'Psal.
2531 5169 2675 5219 κων,
2704 5151 2802 5206 12..

213 5338 300 5409 (5)
342 5333 575 5409 Ἐπειδὴ
617 5334 828 5409 raptu.
856 5351 907 5409 τ.
931 5333 982 5386 λ.
1008 5331 1134 5409 Haec
1159 5342 1216 5409 et
1246 5332 1535 5409 sequentia
1559 5347 1730 5409 usque

143 5401 338 5469 adea.
369 5401 819 5475 ὑπάρχονάὖτῷ,
856 5404 1040 5475 Romae
1067 5404 1136 5475 ab
1159 5401 1347 5475 Isaaco
1378 5402 1574 5475 vossio
1594 5403 1728 5475 _de-_

145 5470 822 5548 scripta,edidit_primuiii
858 5473 1092 5548 Grabius
1121 5473 1172 5526 in
1195 5473 1474 5548 adnotatis
1499 5471 1566 5548 ad
1590 5470 1729 5525 Bulli

149 5542 378 5615 Deféns.
398 5545 494 5615 βά.
527 5542 676 5609 Nic.,
710 5560 834 5615 pag.
863 5542 986 5610 105,
1023 5551 1085 5615 ει
1115 5543 1332 5612 quidem
1361 5543 1610 5615 pleniora
1645 5551 1730 5595 at-

144 5612 257 5682 que
283 5612 657 5670 emendation
679 5612 806 5679 {ad
824 5628 946 5684 quae
971 5613 1196 5684 proinde
1221 5614 1500 5683 exegimus
1525 5612 1730 5667 editum

145 5686 566 5742 Fabricianum.

221 5755 308 5829 αἱ)
351 5754 495 5824 Θεὸς
536 5756 818 5825 ὑπάρχων
859 5755 925 5809 ἐκ
969 5754 1137 5812 Θεοῦ.
1195 5753 1560 5815 Observamus
1613 5761 1734 5825 post

1833 5329 2116 5393 Grabium,
2146 5337 2395 5384 sanctum
2427 5337 2718 5399 martyrem
2748 5325 3028 5399 ipsiusmet
3063 5321 3279 5399 concilii
3309 5319 3406 5374 Ni-

1803 5391 2226 5470 _ca2niiphriasin
2257 5415 2535 5470 usurpare,
2557 5391 3056 5470 {quemadmodum
3093 5391 3232 5470 infra
3279 5408 3405 5470 con-

1837 5483 1920 5524 tra
1949 5463 2198 5540 Nectum,
2235 5484 2357 5540 cap.
2391 5463 2482 5534 '10,
2508 5463 2646 5540 dixit
2681 5465 2795 5537 φῶς
2810 5469 2885 5540 Δἐκ
2912 5463 3112 5540 φωτός,
3134 5463 3312 5540 (aliter:
3338 5463 3404 5516 de

1834 5541 2050 5595 lumine.
2096 5539 2274 5594 Minus
2304 5533 2474 5594 recte
2504 5539 2665 5594 vertit
2693 5533 2872 5591 'verba
2925 5533 3027 5588 ista
3074 5533 3356 5586 Fabricius
3388 5551 3400 5584 :

1835 5611 1967 5665 Cum
1997 5612 2136 5665 Deus
2164 5619 2297 5664 esset
2323 5626 2350 5664 e
2379 5609 2520 5674 Deo;
2554 5610 2630 5664 uti
2681 5617 2734 5662 et
2777 5606 3056 5674 sequentia
3082 5645 3095 5665 ,
3127 5613 3405 5672 sponteque

1836 5697 1890 5734 se
1919 5683 1972 5735 in
2005 5681 2058 5734 id
2087 5681 2225 5750 quod
2269 5697 2373 5734 non
2403 5694 2516 5736 erat
2551 5679 2746 5747 induit,
2779 5688 2933 5748 atque
2967 5675 3244 5746 inglorium
3285 5687 3412 5726 car—~

1836 5767 1949 5806 nem
1977 5751 2077 5806 sibi
2110 5750 2341 5808 induxit.
