3826 6490
484 255 587 316 599
1365 267 1422 323 S.
1469 267 1836 326 HlPPOLYTl
1876 272 2016 327 OPP.

2123 275 2251 330 ΑΚΒ
2287 275 2328 333 1.
2366 308 2434 320 -
2471 277 2886 336 ΕΧΕΟΕΤΙΟΑ.
3591 287 3672 341 600

484 379 794 450 Scripturas
841 386 1128 440 exinanivit
1169 389 1236 450 ν’,
1263 387 1556 446 demittens
1588 393 1731 448 ultro
1778 409 1836 448 se
1884 395 2016 463 ipqu

2123 397 2497 456 ικεκένωκεν
2529 398 2746 453 ἑαυτὸν
2788 398 2930 454 κατὰ
2966 398 3066 463 τὰς
3109 400 3345 471 Γραφὰς,
3383 403 3551 468 καθεὶς
3578 405 3673 460 ἐθε-

480 471 538 526 in
571 473 620 528 id
651 476 796 543 quod
827 491 934 531 non
980 487 1117 542 erat,
1145 488 1200 532 et
1237 480 1398 535 vilem
1449 481 1653 537 hancce
1704 499 1923 539 carnem
1974 486 2016 538 in

2160 487 2346 561 λοντὴς
2373 491 2561 543 ἑαυτὸν
2593 493 2673 554 είς
2708 490 2845 562 ὅπερ
2874 491 2974 544 οὐκ
3005 487 3094 563 ἦν,
3123 493 3217 546 καὶ
3261 493 3352 563 τὴν
3383 495 3549 562 ἄδοξον
3571 499 3672 549 ταύ-

478 563 620 628 duit,
653 576 816 636 atque
857 569 911 621 in
964 571 1098 623 servi
1128 569 1300 638 forma
1346 575 1623 641 apparuit,
1661 574 1772 629 Deo
1817 586 1881 630 et.
1909 575 2016 630 Patl

2157 597 2257 650 την
2292 581 2470 651 σάρκα
2501 580 2836 652 ἠμπέσχετο,
2865 581 2958 634 καὶ
2989 582 3046 633 ἐν
3078 585 3143 652 τῇ
3162 581 3268 636 τοῦ
3290 581 3495 637 δούλου
3509 586 3673 656 μορφῇ

479 654 656 729 factus
703 658 943 714 obediens
983 678 1147 733 usque
1195 664 1264 715 ad
1299 674 1554 728 mortem;
1600 677 1872 737 eapropter
1899 669 2016 723 dein

2159 673 2364 743 πέφηνε
2399 673 2472 743 (7)
2493 714 2508 738 ,
2542 672 2801 743 γεγονὼς
2832 671 3102 739 ὑπήκοος
3139 672 3217 743 τῷ
3265 673 3378 744 Θεῴ
3422 676 3507 728 καὶ
3533 654 3673 750 Πατρῖ

479 764 607 818 ceps
636 758 684 802 et
713 752 1135 820 superexaltatus
1164 753 1397 824 legitur;
1436 765 1490 811 et
1523 765 1782 828 tanquam
1813 760 1863 814 id
1890 775 2016 830 prop

2149 762 2327 831 μέχρι
2369 763 2647 827 θανάτου,
2691 764 2878 832 ταύτῃ
2927 781 3008 823 τοι
3047 763 3228 817 λοιπὸν
3268 765 3363 818 καὶ
3388 768 3675 835 ὺπερυψοῦ-

479 855 589 895 non
625 843 830 899 habens
862 858 1083 916 propter
1124 848 1416 902 humanam
1445 860 1717 913 naturam,
1743 867 1807 906 ac
1833 854 2016 923 gratui.

2155 859 2297 910 σθαι
2339 856 2577 925 λέγεταιο
2615 857 2708 910 καὶ
2742 857 2817 921 ὼς
2863 858 2964 910 ούκ
2996 857 3132 928 ἔχων
3165 857 3253 911 διὰ
3291 859 3350 912 τὸ
3390 859 3673 930 ἀνθρώπινον

474 933 654 989 instar
679 937 828 1002 doni,
857 939 1064 1008 accepit
1104 956 1291 993 nomen
1341 957 1497 1010 super
1537 958 1687 995 omne
1725 960 1930 1010 nomen,
1961 961 2016 1000 se

2157 948 2456 1017 μονονουχὶ,
2485 947 2579 1000 καὶ
2606 948 2663 999 ὲν
2690 949 2909 1019 χάριτος
2939 948 3124 1019 μοίρᾳ,
3151 949 3410 1019 λαμϐάνει
3440 950 3501 1002 τὸ
3526 950 3673 1019 ὄνομα

475 1028 716 1082 cundum
750 1030 889 1084 beati
926 1029 1077 1085 Pauli
1106 1032 1290 1086 verba.
1324 1032 1428 1088 Sed
1473 1049 1536 1089 ex
1581 1036 1657 1089 rei
1691 1037 1934 1097 veritate,
1965 1055 2016 1092 re

2152 1043 2219 1094 τὸ
2255 1040 2406 1109 ὑπὲρ
2447 1041 2568 1096 πᾶν
2597 1041 2803 1112 ὄνομα,
2838 1041 2980 1095 κατὰ
3011 1043 3109 1114 τὴν
3150 1043 3243 1096 τοῦ
3285 1044 3533 1114 μακαρίου
3562 1042 3675 1096 Παύ-

472 1129 653 1174 tamen
707 1122 822 1190 ipsa
876 1140 981 1177 non
1020 1131 1134 1178 erat
1166 1141 1355 1178 eorum
1392 1127 1595 1181 donum
1627 1144 1749 1198 quae
1783 1131 1851 1184 ab
1895 1132 2013 1186 initi

2151 1132 2243 1184 λου
2290 1134 2493 1204 φωνήν.
2543 1133 2678 1186 Ἀλλ’
2709 1129 2776 1204 ἦν
2807 1133 2866 1186 τὺ
2917 1135 3106 1205 χρῆμα
3151 1134 3294 1188 κατὰ
3323 1135 3381 1187 τὸ
3419 1135 3589 1205 ἀληθὲς
3615 1134 3675 1206 (8)

471 1214 800 1268 naturaliter
849 1216 902 1269 in
949 1231 1014 1270 eo
1052 1217 1196 1271 haud
1253 1229 1438 1273 essent
1466 1219 1649 1289 (longe
1691 1222 1848 1276 aliter
1873 1239 1932 1277 se
1963 1241 2016 1278 re

2151 1226 2211 1280 οὐ
2246 1225 2388 1288 δόσις
2421 1224 2496 1288 ὡς
2528 1225 2583 1277 ὲν
2617 1217 2756 1297 ἀρχῇ
2790 1225 2896 1278 τῶν
2918 1227 3018 1279 ούκ
3047 1227 3271 1280 ἐνόντων
3291 1227 3434 1297 αύτῷ
3458 1229 3674 1296 φυσικῶς,

471 1307 688 1378 habet);
730 1310 823 1363 sed
867 1310 1048 1380 potius
1097 1311 1305 1365 reditus
1347 1312 1745 1369 existimandus
1775 1326 1857 1370 est
1887 1325 1940 1370 et
1967 1333 2016 1372 re

2151 1315 2346 1370 πολλοῦ
2391 1333 2456 1385 γε
2488 1319 2582 1370 καὶ
2627 1317 2722 1369 δεῖ·
2775 1321 2943 1371 νοοῖτο
2967 1318 3010 1370 δ’
3043 1318 3109 1372 ἂν
3150 1319 3347 1388 μᾶλλον
3380 1320 3674 1391 ἀναφοίτητις

415 1437 418 1439 -
470 1415 668 1455 cursus
703 1401 769 1454 ad
811 1401 884 1464 id,
917 1403 1064 1472 quod
1104 1403 1172 1456 ab
1217 1403 1372 1457 initio
1405 1406 1771 1462 essentialiter
1804 1416 1858 1462 et
1899 1408 2016 1463 inse

2151 1404 2245 1456 καὶ
2295 1403 2571 1475 άναδρομὴ
2603 1405 2738 1475 πρὸς
2771 1406 2830 1458 τὸ
2882 1407 2939 1459 ὲν
2989 1407 3130 1479 ἀρχῇ
3175 1409 3271 1461 καὶ
3319 1409 3569 1472 ούσιωδῶς
3604 1411 3676 1462 καὶ

404 1506 406 1508 '
468 1492 787 1561 parabiliter
815 1493 864 1548 ei
897 1494 1092 1548 inerat.
1128 1493 1494 1560 Quamobrem
1528 1506 1584 1551 et
1613 1513 1737 1555 cum
1776 1515 1870 1569 per
1901 1515 2016 1555 ceco

2149 1495 2543 1568 ἀναποὸλήτως
2576 1498 2819 1569 ὑπάρχον
2851 1499 3020 1570 αύτῷ.
3050 1502 3338 1574 Τοιγάρτοι
3370 1503 3458 1556 καὶ
3483 1503 3674 1572 ἔφασκεν

468 1585 709 1640 nomiam
739 1586 1042 1642 humilitate
1066 1589 1248 1643 carnis
1269 1599 1414 1644 esset
1442 1591 1683 1658 indutus,
1710 1593 1785 1646 ait
1811 1611 1824 1647 :
1861 1592 2016 1648 Pater

2148 1587 2176 1637 6
2209 1585 2308 1655 τῆς
2333 1587 2753 1660 ἀνθρωπότητος
2787 1590 2846 1643 τὺ
2882 1595 3294 1664 σμικροπρεπὲς
3329 1594 3539 1658 ύποδοὺς
3565 1598 3675 1650 οἰκο-

463 1678 706 1748 gloriﬁea
740 1696 820 1732 me
849 1679 1018 1750 gloria
1045 1697 1202 1751 quam
1231 1682 1391 1740 habui
1417 1685 1484 1750 “,
1506 1695 1559 1739 et
1577 1701 1698 1754 quae
1721 1696 2016 1755 sequuntur

2149 1677 2406 1746 νομικῶς·
2458 1679 2672 1748 Πάτερ,
2718 1680 2986 1745 δόξασόν
3031 1701 3108 1752 με
3158 1683 3232 1753 τῇ
3274 1685 3421 1754 δόξῃ
3527 1684 3673 1756 εἶχεν,

467 1771 696 1840 Semper
718 1771 872 1844 enim
904 1783 1020 1827 erat
1062 1774 1118 1827 in
1159 1774 1326 1844 gloria
1370 1775 1573 1840 divina,
1610 1776 1701 1846 qui
1726 1787 1852 1832 ante
1882 1793 2016 1832 omni

2151 1772 2242 1823 καὶ
2274 1770 2343 1824 τά
2376 1771 2518 1843 ἑξῆς.
2563 1773 2673 1825 ’Λεὶ
2699 1772 2809 1844 γὰρ
2840 1769 2907 1844 ἦν
2933 1776 2992 1827 ὲν
3019 1775 3144 1847 δόξῃ
3171 1775 3478 1850 θεοπρεπεῖ,
3501 1778 3568 1849 τῷ
3590 1779 3675 1848 ἰδίῳ

463 1879 637 1917 :evum
666 1872 720 1918 et
751 1873 964 1934 tempus
987 1876 1150 1935 atque
1195 1876 1321 1923 ante
1368 1869 1557 1925 mundi
1592 1871 2016 1927 constitutionen

2151 1865 2508 1936 συνυπάρχων
2551 1867 2835 1939 γεννήτορι
2884 1868 2989 1938 πρὸ
3017 1871 3220 1934 παντὸς
3255 1871 3448 1935 αἰῶνος
3477 1873 3558 1925 καὶ
3578 1873 3675 1943 χρό-

459 1957 683 2025 proprio
710 1954 860 2011 Patri
888 1959 1186 2014 coexsistit.
1945 1991 1964 2014 ρ

2147 1975 2237 2012 νου
2270 1958 2364 2011 καὶ
2395 1957 2495 2028 τῆς
2525 1957 2616 2012 τοῦ
2642 1961 2846 2032 κόσμου
2875 1963 3198 2034 καταϐολῆς,

532 2047 859 2120 lntelligitur
909 2051 1072 2105 etiam
1105 2053 1493 2108 convenienter
1536 2070 1633 2125 per
1659 2055 2016 2112 adolescentia

2216 2049 2406 2100 Νοοῖτο
2426 2047 2469 2100 δ’
2500 2047 2566 2103 ἂν
2594 2051 2818 2115 εἰκότως
2846 2053 2938 2105 καὶ
2965 2053 3273 2120 νεώτατος.
3294 2055 3500 2126 Πὲφηνε
3527 2055 3616 2124 γὰρ
3633 2054 3678 2107 ἐν

458 2157 569 2202 rem
603 2141 1026 2210 sivejum'orem.
1081 2145 1350 2213 Apparuit
1401 2146 1548 2200 enim
1611 2146 1664 2199 in
1708 2147 1915 2203 ultimis
1941 2165 2016 2202 ων

2143 2139 2468 2204 τελευταίοις
2509 2141 2602 2194 τοῦ
2655 2142 2850 2208 αίῶνος
2899 2148 3132 2217 καιροῖς,
3171 2147 3265 2200 καὶ
3325 2148 3459 2218 μετά
3495 2145 3678 2200 τὸντῶν

455 2235 820 2304 temporibus,
851 2242 904 2288 et
933 2246 1054 2305 post
1076 2244 1392 2291 sanctorum
1423 2239 1811 2308 prophetarum
1841 2241 2016 2308 glorio

2144 2231 2314 2300 ἁγίων
2333 2232 2627 2303 προφητῶν
2645 2235 2842 2288 εύκλεᾶ
2871 2253 2930 2289 τε
2959 2237 3056 2290 καὶ
3077 2237 3408 2306 ἀξιάγαστον
3434 2237 3678 2309 χορὸν,κα¹ι

455 2343 577 2382 sum
613 2336 667 2381 et
721 2325 947 2398 dignum
1003 2343 1188 2382 amore
1228 2329 1456 2384 chorum
1484 2370 1498 2393 ,
1548 2337 1603 2384 et
1631 2331 1951 2400 simpliciter
1977 2347 2016 2386 at

2145 2325 2292 2391 ἅπαξ
2324 2325 2510 2389 ἁπλῶς
2559 2327 2698 2396 μετὰ
2742 2328 2949 2393 πάντας
2978 2329 3104 2392 τοὺς
3156 2331 3263 2400 πρὸ
3297 2331 3396 2399 τῆς
3434 2331 3678 2400 ἐπιδημίας

455 2419 625 2475 semel
649 2428 709 2474 ut
734 2420 940 2482 dicam,
971 2429 1093 2489 post
1128 2436 1321 2476 omnes
1368 2431 1638 2492 quotquot
1670 2434 1797 2477 ante
1826 2433 2016 2492 tempu:

2142 2416 2216 2480 ὡς
2246 2419 2305 2470 ὲν
2334 2416 2465 2470 υἱῶν
2488 2418 2638 2484 τάξει
2665 2418 3080 2491 λελογισμένους
3103 2421 3170 2474 δι’
3201 2424 3424 2494 ἀρετήν.
3451 2421 3677 2489 Ζηλωτὸς

452 2511 881 2576 incarnationis,
915 2511 967 2564 in
1002 2511 1195 2564 ordine
1229 2512 1468 2568 ﬁliorum
1503 2514 1574 2567 ob
1613 2513 1867 2572 virtutem
1892 2529 2016 2568 com

2141 2507 2199 2561 δὲ
2228 2509 2308 2561 ὅτι
2334 2508 2555 2578 γέγονεν
2586 2512 2614 2564 6
2681 2512 3025 2584 Ἐμμανουὴλ
3081 2513 3200 2576 πῶς
3243 2516 3394 2569 ἐστιν
3450 2514 3676 2586 ἀμφιϐάλ-

452 2603 630 2672 putati
679 2612 828 2659 sunt.
890 2602 1106 2668 Zelatus
1141 2613 1322 2658 autem
1376 2605 1525 2674 quod
1559 2605 1760 2660 dicitur
1815 2605 2016 2661 Emmar

2141 2599 2274 2656 λειν.
2320 2602 2479 2656 Ἀλλὰ
2511 2600 2750 2674 ζηλωτὸς
2790 2604 2888 2674 μὲν
2923 2605 3100 2674 ἁγίοις
3143 2607 3194 2659 οῖ
3227 2611 3344 2671 τοῖς
3377 2607 3562 2679 ἴχνεσιν
3603 2608 3678 2660 αύ-

451 2693 604 2758 nuel,
629 2701 712 2746 est
736 2693 1144 2766 quodammodo
1171 2695 1506 2764 ambiguum.
1535 2694 1650 2748 lino
1680 2711 1807 2750 vero
1829 2697 2016 2752 zelatu:

2140 2691 2234 2745 τοῦ
2265 2694 2683 2749 κατακολουθεῖν
2711 2697 3122 2762 σπουδάζοντες,
3155 2699 3248 2752 καὶ
3280 2701 3420 2771 πρὸς
3463 2700 3518 2752 τὸ
3567 2699 3676 2752 θεῖον

455 2787 572 2840 sive
602 2787 946 2842 aemulandas
976 2797 1060 2842 est
1114 2788 1340 2856 sanctis,
1385 2789 1481 2858 qui
1532 2789 1763 2861 vestigia
1804 2791 1924 2861 ejus
1951 2807 2016 2847 se

2140 2784 2306 2838 αὑτοῦ
2348 2785 2712 2858 μορφούμενοι
2743 2787 2956 2851 κάλλος,
2994 2790 3155 2842 αὐτόν
3194 2807 3251 2842 τε
3285 2791 3583 2862 ποιούμενοι
3607 2791 3676 2844 τὸν

452 2879 589 2933 clari
621 2879 900 2935 studentes
931 2881 997 2935 ad
1042 2881 1284 2936 divinam
1336 2882 1456 2950 ejus
1482 2883 1940 2952 pulchritudinem
1979 2902 2016 2940 Si

2140 2880 2433 2948 πρακτέων
2473 2881 2859 2952 ὑπογραμμὸν,
2912 2881 3009 2952 τὴν
3047 2884 3274 2939 ἁπασῶν
3321 2884 3541 2956 ἀρίστην
3568 2884 3673 2936 ἀπο-

451 2973 822 3038 conformant,
856 2984 910 3031 et
931 2977 1110 3046 ipsum
1145 2975 1252 3031 sibi
1301 2984 1622 3046 pr0ponunt
1655 2978 2016 3046 praiscriptun

2139 2968 2395 3038 φέρονται
2425 2967 2600 3034 δόξαν.
2631 2971 2878 3041 Ζηλωτός
2920 2988 2984 3039 γε
3039 2972 3144 3043 μὴν
3177 2974 3272 3026 καὶ
3301 2975 3424 3027 καθ’
3447 2975 3610 3046 ἕτερον
3625 2973 3675 3024 ἂν

451 3083 642 3124 eorum
675 3084 796 3138 quae
818 3084 979 3139 agere
1009 3069 1265 3132 debeant,
1325 3083 1710 3138 summamque
1766 3066 1893 3122 inde
1924 3068 2016 3137 glo

2137 3063 2308 3115 νοοῖτο
2337 3061 2535 3131 τρόπον
2576 3067 2688 3126 τοῖς
2713 3064 2812 3116 οὐκ
2863 3065 3082 3134 ἀγαπᾷν
3115 3064 3446 3135 εἰρημένοις”
3483 3065 3604 3135 φημὶ
3625 3062 3675 3133 δὴ

449 3161 591 3216 riam
621 3161 888 3215 referunt.
922 3159 1140 3221 Zelatus
1169 3175 1298 3215 vero
1324 3161 1489 3216 etiam
1519 3161 1574 3214 in
1607 3161 1775 3214 alium
1803 3158 2016 3230 intelligi

2136 3154 2248 3214 τοῖς
2276 3152 2385 3205 τῶν
2430 3153 2701 3208 Ἰουδαίων
2750 3154 3111 3226 καθηγηταῖς,
3145 3157 3261 3226 ἤτοι
3311 3160 3423 3220 τοῖς
3456 3157 3675 3228 Γραμμα-

449 3253 674 3308 modum
702 3262 898 3323 potest,
957 3253 1061 3310 hoc
1114 3263 1199 3309 est
1243 3253 1450 3308 invidia
1502 3253 1705 3323 petitus
1733 3253 1800 3306 ah
1830 3253 1897 3308 iis
1934 3254 2016 3321 qui

2132 3247 2283 3309 τεῦσι
2318 3249 2412 3302 καὶ
2439 3250 2772 3320 Φαρισαίοις
2804 3250 2852 3302 οἳ
2885 3251 3080 3322 πικρὸν
3117 3253 3174 3303 ἐν
3198 3238 3412 3315 ἑαυτοῖς
3441 3251 3674 3312 ὠδίνοντες

449 3360 576 3398 eum
610 3361 718 3398 non
771 3345 1036 3414 diligunt;
1093 3345 1350 3409 ducibus,
1385 3345 1634 3415 inquam,
1689 3343 2016 3409 Judaiorum,

2132 3338 2294 3410 ζῆλον
2319 3342 2414 3393 καὶ
2447 3340 2747 3410 βασκανίας
2793 3341 3050 3396 ὑπόθεσιν
3077 3342 3174 3413 τὴν
3205 3344 3581 3416 ἀπαράὸλητον
3604 3341 3677 3394 αύ-

448 3437 564 3492 sive
596 3435 804 3492 Scribis
859 3446 1025 3507 atque
1077 3437 1402 3502 Phariszeis;
1437 3437 1532 3507 qui
1592 3437 1850 3492 acerbum
1882 3436 1936 3489 in
1967 3449 2016 3490 se

2129 3434 2224 3487 τοῦ
2260 3434 2574 3505 ποιούμενοι
2601 3435 2760 3502 δόξαν
2783 3435 2924 3490 κατὰ
2955 3437 3184 3502 πολλοὺς
3213 3439 3439 3510 ἧλισκον
3460 3438 3672 3508 τρόπους.

445 3524 812 3592 parturientes
844 3527 1042 3592 zelum,
1093 3535 1147 3581 et
1195 3527 1411 3581 invidiae
1444 3527 1732 3582 materiam
1761 3525 2016 3580 facientes

2130 3528 2385 3599 Διανίστη
2419 3529 2518 3599 μὲν
2549 3529 2656 3601 γὰρ
2683 3531 2808 3594 τοὺς
2845 3532 3072 3601 νεκροὺς
3121 3533 3149 3584 6
3187 3532 3426 3604 Χριστὸς
3455 3529 3676 3588 ὀδωδότες

448 3617 555 3671 sibi
586 3633 648 3670 ex
677 3616 797 3686 ejus
827 3634 949 3687 quae
975 3619 1110 3688 eripi
1148 3619 1223 3673 illi
1255 3635 1364 3672 non
1393 3626 1571 3688 potest
1611 3617 1802 3687 gloria.
1838 3617 2016 3672 multis

2132 3619 2232 3690 ἤδη
2287 3622 2380 3674 καὶ
2410 3620 2859 3692 διεφθαρμένους,
2910 3621 3006 3674 καὶ
3055 3620 3153 3684 τὰς
3183 3621 3352 3685 ἄλλας
3395 3616 3676 3688 θεοσημείας

446 3709 628 3762 modis
678 3724 800 3762 eum
853 3710 1164 3778 captabant.
1198 3709 1453 3765 Christus
1515 3710 1734 3780 quidem
1767 3709 1822 3762 in
1853 3711 2016 3765 vitam

2129 3713 2395 3765 ἐπετέλει·
2426 3715 2552 3776 τοὺς
2606 3714 2660 3767 δὲ
2710 3715 3146 3786 κατατεθηπὲναι
3197 3713 3315 3768 δέον
3360 3715 3454 3768 καὶ
3493 3707 3677 3782 πρὸςτδ

446 3809 797 3854 revocaverat
826 3810 1072 3855 mortuos
1095 3801 1206 3869 jam
1250 3800 1502 3856 foetentes
1543 3811 1597 3856 et
1625 3811 1930 3870 corruptos,
1969 3811 2016 3856 el

2131 3804 2327 3873 χρῆναι
2359 3802 2635 3856 πιστεύειν
2668 3803 2865 3868 ἵεσθαι,
2911 3803 3095 3856 λοιπὸν
3123 3802 3273 3856 οὐδὲν
3321 3801 3671 3864 ἐνδοιάζοντας.

447 3896 553 3952 alia
586 3895 767 3950 divina
793 3897 944 3963 signa
967 3896 1214 3951 ediderat
1241 3913 1256 3962 ;
1287 3897 1431 3951 unde
1482 3895 1566 3951 fas
1607 3907 1726 3951 erat
1755 3897 1881 3951 illos
1906 3906 2016 3952 stu-

2130 3896 2191 3947 Οί
2223 3895 2279 3947 δὲ
2308 3896 2465 3948 τοῦτο
2497 3896 2593 3966 μὲν
2617 3897 2717 3949 οὑκ
2754 3896 2942 3970 ἔδρων,
2997 3895 3282 3950 ἐδάκνοντο
3314 3895 3372 3950 δὲ
3406 3895 3481 3967 τῷ
3512 3892 3674 3964 φθόνῳ.

445 3996 636 4057 pentcs
688 3987 756 4046 ad
809 3989 950 4052 ista,
1018 3989 1240 4044 credere
1314 4004 1492 4058 neque
1575 3989 1811 4059 amplius
1863 3989 2016 4043 dubi-

2131 3990 2226 4041 καὶ
2252 3988 2454 4060 πικράς
2485 3990 2564 4052 εἰς
2593 3987 2718 4043 νοῦν
2745 3988 2989 4060 ἐδέχοντο
3017 3989 3212 4052 λύπας.

445 4090 582 4137 tare.
615 4083 682 4137 At
721 4084 797 4138 illi
825 4085 930 4143 hoc
963 4085 1278 4156 neutiquam
1352 4085 1654 4152 faciebant;
1711 4101 1901 4141 verum
1951 4085 2154 4142 invidia
2219 4087 2552 4142 vexabantur
2580 4085 2658 4156 et]
2680 4086 2936 4140 acerbum
2983 4087 3166 4140 animo
3221 4100 3512 4140 moerorem
3572 4095 3676 4138 con-

445 4179 736 4248 cipiehant.
2042 4219 2047 4224 -

1749 4275 1877 4332 Post
1913 4276 2104 4348 Cyrilli
2137 4274 2431 4329 nonnulla:

520 4363 718 4436 Ecquis
743 4367 882 4425 alius
910 4371 1033 4434 iste,
1065 4387 1228 4440 quam
1284 4373 1427 4428 sicut
1456 4374 1885 4429 demonstratum
1927 4389 2016 4428 no«

2203 4369 2541 4424 "IPPOIJ‘TUS
2576 4385 2588 4420 :
2641 4367 2736 4430 Τίς
2759 4368 2914 4432 ἄλλος
2937 4363 3111 4430 οὗτος,
3144 4367 3176 4437 ἢ
3223 4366 3409 4430 καθὼς
3438 4366 3671 4418 δείκνυται

443 4459 531 4513 bis
564 4469 651 4513 est
703 4461 772 4514 ab
822 4459 1107 4531 Apostolo,
1143 4467 1402 4519 secundus
1456 4467 1608 4521 homo
1637 4465 1902 4520 Dominus
1959 4464 2016 4520 de

2129 4467 2259 4533 ἡμῖν
2282 4460 2370 4515 διὰ
2405 4458 2500 4514 τοῦ
2540 4457 2882 4522 Ἀποστόλου,
2915 4462 2996 4513 ὅτι
3020 4463 3048 4512 6
3075 4459 3357 4526 δεύτερος
3401 4460 3676 4527 ἄνθρωπος

444 4553 574 4607 caelo
613 4553 678 4605 “.
709 4553 885 4623 Atque
909 4555 962 4608 in
997 4555 1307 4626 Evangelio,
1344 4569 1681 4628 postremum
1724 4560 1800 4614 ait
1824 4558 2016 4614 iecisse

2125 4561 2153 4611 6
2189 4556 2390 4627 Κύριος
2439 4552 2509 4616 ἐξ
2538 4553 2816 4620 οὐρανοῦ.
2849 4552 2960 4605 Καὶ
3013 4555 3070 4606 ἐν
3114 4551 3191 4621 τῷ
3222 4551 3557 4622 Εύαγγελίῳ,
3603 4548 3675 4600 tiu

443 4645 776 4698 voluntatem
806 4644 981 4701 Patris
1002 4647 1067 4700 ³³.
1093 4645 1285 4704 Verbis
1311 4649 1616 4713 autem,Ad
1643 4666 1722 4704 me
1744 4660 2014 4716 revertere,

2127 4649 2428 4718 ποιήσαντα
2454 4643 2515 4696 τὸ
2539 4643 2750 4715 θέλημα
2776 4643 2868 4697 τοῦ
2891 4644 3102 4714 Πατρὸς
3123 4639 3275 4698 εἶπεν
3307 4646 3336 4696 6
3364 4643 3578 4713 ἔσχατος
3598 4639 3672 4711 (9).

513 4764 560 4797 ³⁸
585 4763 818 4836 Philipp.
847 4783 908 4833 ιι,
943 4765 1053 4821 7-9.
1131 4769 1174 4798 ’ί
1215 4766 1376 4835 Joan,
1417 4783 1550 4831 xvu,
1584 4767 1636 4822 5.
1714 4769 1758 4800 "
1794 4766 1966 4823 lCor.
1997 4767 2206 4831 xv,'47.
2281 4763 2326 4796 ’³
2373 4762 2563 4820 Matth.
2601 4778 2715 4826 xxx,
2757 4761 2843 4815 3i.

2130 4896 2237 4939 tur.
2267 4882 2322 4938 Si
2353 4893 2532 4937 autem
2563 4881 2902 4934 novissimum
2930 4882 3260 4936 voluerimus
3286 4882 3486 4950 legere.
3522 4879 3672 4933 mani-

2128 4957 2265 5010 festa
2295 4963 2379 5008 est
2409 4953 2820 5022 interpretatio:
2856 4961 2913 5005 ut
2941 4951 3190 5022 dicamus
3236 4953 3543 5022 intelligere
3571 4951 3674 5022 qui—

2127 5028 2250 5079 dem
2286 5025 2569 5079 verilatem
2623 5021 2888 5092 Juda'ost
2919 5021 3013 5076 sed
3049 5020 3502 5092 tergiversarifet
3545 5020 3669 5092 nolle

2125 5098 2308 5150 dicere
2335 5094 2478 5164 quod
2502 5093 2799 5164 sentiunt.i_
2824 5090 3154 5164 Wetstenins'
3183 5097 3237 5147 in
3271 5109 3370 5147 sua
3388 5092 3524 5146 Nov.
3545 5090 3668 5164 'Ijest.

2125 5166 2296 5221 Graéci
2325 5159 2582 5228 editione,
2619 5173 2752 5217 tom.
2787 5161 2826 5228 Ι,
2855 5179 2975 5232 pag.
2997 5162 3137 5234 Δ46⁸7,
3183 5165 3328 5218 hunc
3355 5165 3532 5234 ipsum
3561 5159 3670 5226 Hip-

2125 5238 2290 5308 polyti
2321 5235 2500 5308 locum
2532 5235 2586 5288 in
2622 5234 2859 5308 medium
2886 5232 3113 5308 profert,
3149 5234 3276 5308 licet
3301 5232 3672 5308 minusemen-

2121 5302 2266 5373 date,
2320 5305 2614 5374 subdilque
2643 5302 2900 5360 doctoris
2937 5305 3162 5358 maximi
3194 5305 3379 5360 verbis
3406 5302 3667 5359 recitatis:

515 4883 589 4948 (7)
620 4883 832 4955 Kal}?
874 4884 948 4954 τῇ
987 4887 1094 4940 τοῦ
1137 4886 1364 4941 δούλου
1398 4885 1601 4955 μορφῇ
1722 4888 1906 4955 ταύτῃ
1936 4904 2024 4940 τοι

439 4955 680 5012 λοιπόν.
729 4949 853 5026 Haec
904 4949 1064 5010 habet
1109 4949 1422 5025 excerptum
1473 4949 1841 5022 Urahianum;
1875 4949 2021 5026 "quae

440 5033 626 5078 tamen
655 5026 710 5079 in
735 5025 892 5096 edito
911 5026 1144 5082 Fabricii
1172 5028 1582 5094 desiderantur;
1613 5029 1740 5082 licet
1759 5043 1822 5080 ea
1845 5025 2022 5096 requi-

441 5102 529 5147 rat
554 5105 848 5187 contest_us
883 5095 1166 5187 Paulinus,
1195 5098 1261 5152 ad
1293 5114 1455 5187 (Luem
1487 5097 1545 5152 S.
1583 5095 2020 5170 Hippolytushic

441 5166 635 5236 procul
664 5167 830 5236 dubio
859 5169 1115 5236 respexit.

475 5235 791 5359 “aggeri
813 5235 1159 5306 toadnﬂéc.
1193 5237 1330 5294 Male
1373 5239 1514 5309 apud
1546 5238 1853 5294 Fabricium
1875 5277 1891 5303 ,
1921 5238 2018 5291 καὶ

439 5322 503 5359 το
526 5322 752 5377 atque;

439 5383 472 5449 ί,
512 5375 588 5445 (9)
625 5375 702 5428 ’⁸0
741 5379 1018 5448 ἔσχατος.
1077 5376 1344 5433 Observat
1388 5379 1673 5435 Fabricius
1721 5389 1846 5449 post
1891 5379 2013 5432 Mil-

441 5447 851 5520 liuui_._icodices
912 5450 1255 5520 nonnullos,
1289 5459 1350 5504 ut
1403 5450 1686 5507 Cantabr..
1722 5447 1924 5520 legere,
1956 5459 2015 5502 ut

442 5517 534 5591 hic
575 5516 915 5591 Hippolytus.
950 5519 1185 5573 Sanctus
1219 5519 1582 5591 Hieronymus
1635 5516 1926 5591 Comment.
1961 5522 2014 5573 in

444 5587 666 5650 ΜαιιΙιη
699 5587 793 5642 lib.
838 5607 920 5652 ιιι,
974 5591 1038 5643 ad
1083 5605 1203 5657 cap.
1242 5607 1357 5651 χχι.
1396 5587 1454 5644 5⁷1
1495 5609 1507 5644 :
1551 5611 1570 5642 ‹
1600 5590 1890 5645 Sciendum
1908 5602 2011 5658 est,

441 5658 640 5726 inquit,
676 5659 726 5710 in
759 5661 903 5714 veris
949 5661 1354 5728 exemplaribus
1382 5677 1490 5715 non
1540 5662 1726 5715 haberi
1783 5662 2010 5714 novissi-

440 5744 608 5802 mum,
646 5730 737 5785 sed
769 5735 1019 5805 primum,
1072 5741 1127 5786 ut
1161 5733 1382 5803 proprio
1409 5731 1616 5803 judicio
1645 5732 2010 5789 condemnen-

2128 5397 2146 5428 ι
2181 5377 2446 5430 Nimirum
2477 5376 2795 5431 recordatus
2818 5375 3038 5442 aliquis,
3072 5375 3294 5431 ultimos
3323 5374 3442 5429 fore
3464 5374 3667 5443 primos.

2121 5448 2268 5528 quod
2307 5447 2508 5528 dicitur
2538 5445 2727 5528 Matth.
2756 5461 2846 5511 xx,
2887 5445 2976 5511 16,
3017 5446 3669 5528 putavitpuhlicanosref

2120 5513 2264 5573 etius
2291 5518 2516 5571 ultimos
2540 5519 2722 5590 vocari
2753 5535 2765 5570 :
2801 5532 2964 5587 quam
2997 5513 3434 5590 emendationem
3466 5513 3665 5590 quidam

2119 5605 2184 5643 eo
2221 5604 2392 5656 usque
2420 5588 2800 5661 extenderunt,
2855 5596 2913 5641 ut
2945 5588 3108 5641 etiam
3157 5587 3542 5661 responsiones
3575 5587 3666 5661 rui-

2118 5654 2390 5727 grarent.»
2441 5656 2614 5722 Quam
2645 5657 2862 5726 quidem
2894 5674 2946 5710 v.
2977 5674 3024 5712 c.
3083 5654 3454 5725 conjecturam
3505 5654 3669 5709 erudi-

2116 5739 2293 5787 torum
2321 5727 2528 5804 judicio
2581 5728 2966 5800 permittimus.
3025 5727 3295 5786 Caeterum
3360 5727 3507 5784 haud
3542 5738 3666 5798 pra?
