  <div class='ocr_page' id='page_1' title='image "/cluster/home/n/w/nwhite01/storage/ocr_20150623/10/hvd.32044019207620/309.png"; bbox 0 0 3836 6510; ppageno 0'>
   <div class='ocr_carea' id='block_1_1' title="bbox 456 350 564 408">
    <p class='ocr_par' dir='ltr' id='par_1_1' title="bbox 456 350 564 408">
     <span class='ocr_line' id='line_1_1' title="bbox 456 350 564 408; baseline 0.046 -5"><span class='ocrx_word' id='word_1_1' title='bbox 456 350 564 408; x_wconf 75' lang='grc'><strong>605</strong></span> 
     </span>
    </p>
   </div>
   <div class='ocr_carea' id='block_1_2' title="bbox 1328 330 3653 397">
    <p class='ocr_par' dir='ltr' id='par_1_2' title="bbox 1328 330 3653 397">
     <span class='ocr_line' id='line_1_2' title="bbox 1328 330 3653 397; baseline -0.006 0"><span class='ocrx_word' id='word_1_2' title='bbox 1328 343 1385 397; x_wconf 91' lang='lat' dir='ltr'><strong>S.</strong></span> <span class='ocrx_word' id='word_1_3' title='bbox 1423 336 1793 396; x_wconf 74' lang='lat' dir='ltr'><strong>HI‘PPOLYTI</strong></span> <span class='ocrx_word' id='word_1_4' title='bbox 1828 335 1978 393; x_wconf 86' lang='lat' dir='ltr'><strong>OPP.</strong></span> <span class='ocrx_word' id='word_1_5' title='bbox 2017 334 2195 392; x_wconf 81' lang='lat' dir='ltr'><strong>PARS</strong></span> <span class='ocrx_word' id='word_1_6' title='bbox 2231 335 2271 390; x_wconf 85' lang='lat' dir='ltr'><strong>i‘.</strong></span> <span class='ocrx_word' id='word_1_7' title='bbox 2316 365 2385 375; x_wconf 93' lang='lat'><strong><em>—</em></strong></span> <span class='ocrx_word' id='word_1_8' title='bbox 2419 330 2846 389; x_wconf 75' lang='lat' dir='ltr'><strong>EXEGETICA.</strong></span> <span class='ocrx_word' id='word_1_9' title='bbox 3570 338 3653 382; x_wconf 62' lang='lat' dir='ltr'><strong>but</strong></span> 
     </span>
    </p>
   </div>
   <div class='ocr_carea' id='block_1_3' title="bbox 526 447 2034 536">
    <p class='ocr_par' dir='ltr' id='par_1_3' title="bbox 526 463 2032 536">
     <span class='ocr_line' id='line_1_3' title="bbox 526 463 2032 536; baseline -0.009 -8"><span class='ocrx_word' id='word_1_10' title='bbox 526 472 728 528; x_wconf 86' lang='lat' dir='ltr'><strong>Cenes.</strong></span> <span class='ocrx_word' id='word_1_11' title='bbox 763 485 909 536; x_wconf 83' lang='lat' dir='ltr'><strong>xle,</strong></span> <span class='ocrx_word' id='word_1_12' title='bbox 961 467 1031 520; x_wconf 74' lang='lat'><strong>27</strong></span> <span class='ocrx_word' id='word_1_13' title='bbox 1059 486 1073 521; x_wconf 87' lang='lat'><strong>:</strong></span> <span class='ocrx_word' id='word_1_14' title='bbox 1101 464 1381 535; x_wconf 83' lang='lat' dir='ltr'><strong>Benjamin</strong></span> <span class='ocrx_word' id='word_1_15' title='bbox 1431 463 1586 534; x_wconf 87' lang='lat' dir='ltr'><strong>lupus</strong></span> <span class='ocrx_word' id='word_1_16' title='bbox 1638 477 1849 532; x_wconf 77' lang='lat' dir='ltr'><strong>rapax;</strong></span> <span class='ocrx_word' id='word_1_17' title='bbox 1878 477 2032 515; x_wconf 89' lang='lat' dir='ltr'><strong>mane</strong></span> 
     </span>
    </p>
   </div>
   <div class='ocr_carea' id='block_1_4' title="bbox 2148 447 3653 536">
    <p class='ocr_par' dir='ltr' id='par_1_4' title="bbox 2206 447 3653 529">
     <span class='ocr_line' id='line_1_4' title="bbox 2206 447 3653 529; baseline -0.009 -14"><span class='ocrx_word' id='word_1_18' title='bbox 2206 458 2490 529; x_wconf 76' lang='grc' dir='ltr'><strong>Βενιαμὶν·</strong></span> <span class='ocrx_word' id='word_1_19' title='bbox 2516 458 2705 522; x_wconf 76' lang='grc' dir='ltr'>λύκος</span> <span class='ocrx_word' id='word_1_20' title='bbox 2732 452 2931 524; x_wconf 79' lang='grc' dir='ltr'>ἅρπαξ</span> <span class='ocrx_word' id='word_1_21' title='bbox 2938 449 3053 515; x_wconf 56' lang='grc' dir='ltr'><strong>[τὸ</strong></span> <span class='ocrx_word' id='word_1_22' title='bbox 3077 448 3333 519; x_wconf 57' lang='lat' dir='ltr'><strong>aptati-dir</strong></span> <span class='ocrx_word' id='word_1_23' title='bbox 3366 447 3537 502; x_wconf 78' lang='grc' dir='ltr'><strong>ἔδεται</strong></span> <span class='ocrx_word' id='word_1_24' title='bbox 3570 450 3653 517; x_wconf 75' lang='grc' dir='ltr'><strong>ἔτι,</strong></span> 
     </span>
    </p>
   </div>
   <div class='ocr_carea' id='block_1_5' title="bbox 456 556 1755 628">
    <p class='ocr_par' dir='ltr' id='par_1_5' title="bbox 456 556 1755 628">
     <span class='ocr_line' id='line_1_5' title="bbox 456 556 1755 628; baseline -0.008 -8"><span class='ocrx_word' id='word_1_25' title='bbox 456 562 689 620; x_wconf 76' lang='lat' dir='ltr'><strong>comedet</strong></span> <span class='ocrx_word' id='word_1_26' title='bbox 718 562 910 622; x_wconf 83' lang='lat' dir='ltr'><strong>adhuc,</strong></span> <span class='ocrx_word' id='word_1_27' title='bbox 941 569 990 613; x_wconf 89' lang='lat' dir='ltr'><strong>et</strong></span> <span class='ocrx_word' id='word_1_28' title='bbox 1016 558 1087 613; x_wconf 88' lang='lat' dir='ltr'><strong>ad</strong></span> <span class='ocrx_word' id='word_1_29' title='bbox 1118 573 1382 628; x_wconf 79' lang='lat' dir='ltr'><strong>vesperam</strong></span> <span class='ocrx_word' id='word_1_30' title='bbox 1426 556 1521 610; x_wconf 89' lang='lat' dir='ltr'><strong>dat</strong></span> <span class='ocrx_word' id='word_1_31' title='bbox 1557 572 1755 614; x_wconf 85' lang='lat' dir='ltr'><strong>escam.</strong></span> 
     </span>
    </p>
   </div>
   <div class='ocr_carea' id='block_1_6' title="bbox 528 644 2037 722">
    <p class='ocr_par' dir='ltr' id='par_1_6' title="bbox 528 644 2037 722">
     <span class='ocr_line' id='line_1_6' title="bbox 528 644 2037 722; baseline -0.006 -14"><span class='ocrx_word' id='word_1_32' title='bbox 528 654 765 710; x_wconf 90' lang='lat' dir='ltr'><strong>Omnino</strong></span> <span class='ocrx_word' id='word_1_33' title='bbox 810 652 1041 722; x_wconf 91' lang='lat' dir='ltr'><strong>quadrat</strong></span> <span class='ocrx_word' id='word_1_34' title='bbox 1097 651 1151 705; x_wconf 90' lang='lat' dir='ltr'><strong>in</strong></span> <span class='ocrx_word' id='word_1_35' title='bbox 1212 649 1443 704; x_wconf 88' lang='lat' dir='ltr'><strong>Paulum</strong></span> <span class='ocrx_word' id='word_1_36' title='bbox 1506 647 1818 718; x_wconf 79' lang='lat' dir='ltr'><strong>apostolum</strong></span> <span class='ocrx_word' id='word_1_37' title='bbox 1858 644 1953 717; x_wconf 86' lang='lat' dir='ltr'><strong>qui</strong></span> <span class='ocrx_word' id='word_1_38' title='bbox 2004 659 2037 699; x_wconf 91' lang='lat' dir='ltr'><strong>e</strong></span> 
     </span>
    </p>
   </div>
   <div class='ocr_carea' id='block_1_7' title="bbox 457 736 2036 810">
    <p class='ocr_par' dir='ltr' id='par_1_7' title="bbox 457 736 2036 810">
     <span class='ocr_line' id='line_1_7' title="bbox 457 736 2036 810; baseline -0.004 -15"><span class='ocrx_word' id='word_1_39' title='bbox 457 742 602 796; x_wconf 91' lang='lat' dir='ltr'><strong>tribu</strong></span> <span class='ocrx_word' id='word_1_40' title='bbox 624 739 905 810; x_wconf 87' lang='lat' dir='ltr'><strong>Beniamin</strong></span> <span class='ocrx_word' id='word_1_41' title='bbox 936 739 1059 794; x_wconf 84' lang='lat' dir='ltr'><strong>fuit.</strong></span> <span class='ocrx_word' id='word_1_42' title='bbox 1096 737 1232 794; x_wconf 88' lang='lat' dir='ltr'><strong>Cum</strong></span> <span class='ocrx_word' id='word_1_43' title='bbox 1263 739 1407 793; x_wconf 89' lang='lat' dir='ltr'><strong>enim</strong></span> <span class='ocrx_word' id='word_1_44' title='bbox 1426 737 1647 807; x_wconf 75' lang='lat' dir='ltr'><strong>juvenis</strong></span> <span class='ocrx_word' id='word_1_45' title='bbox 1672 748 1838 804; x_wconf 89' lang='lat' dir='ltr'><strong>esset,</strong></span> <span class='ocrx_word' id='word_1_46' title='bbox 1871 736 2036 805; x_wconf 90' lang='lat' dir='ltr'><strong>lupus</strong></span> 
     </span>
    </p>
   </div>
   <div class='ocr_carea' id='block_1_8' title="bbox 458 826 2032 901">
    <p class='ocr_par' dir='ltr' id='par_1_8' title="bbox 458 826 2032 901">
     <span class='ocr_line' id='line_1_8' title="bbox 458 826 2032 901; baseline -0.004 -15"><span class='ocrx_word' id='word_1_47' title='bbox 458 833 562 887; x_wconf 88' lang='lat' dir='ltr'><strong>fuit</strong></span> <span class='ocrx_word' id='word_1_48' title='bbox 587 846 791 901; x_wconf 80' lang='lat' dir='ltr'><strong>rapax;</strong></span> <span class='ocrx_word' id='word_1_49' title='bbox 823 838 1110 899; x_wconf 77' lang='lat' dir='ltr'><strong>postquam</strong></span> <span class='ocrx_word' id='word_1_50' title='bbox 1134 843 1267 883; x_wconf 88' lang='lat' dir='ltr'><strong>vero</strong></span> <span class='ocrx_word' id='word_1_51' title='bbox 1290 826 1541 890; x_wconf 75' lang='lat' dir='ltr'><strong>credidit,</strong></span> <span class='ocrx_word' id='word_1_52' title='bbox 1565 827 1798 898; x_wconf 79' lang='lat' dir='ltr'><strong>praebuit</strong></span> <span class='ocrx_word' id='word_1_53' title='bbox 1829 826 2032 881; x_wconf 89' lang='lat' dir='ltr'><strong>cibum.</strong></span> 
     </span>
    </p>
   </div>
   <div class='ocr_carea' id='block_1_9' title="bbox 456 916 2036 990">
    <p class='ocr_par' dir='ltr' id='par_1_9' title="bbox 456 916 2036 990">
     <span class='ocr_line' id='line_1_9' title="bbox 456 916 2036 990; baseline -0.005 -12"><span class='ocrx_word' id='word_1_54' title='bbox 456 922 960 981; x_wconf 87' lang='lat' dir='ltr'><strong>Declaraturnobis</strong></span> <span class='ocrx_word' id='word_1_55' title='bbox 994 921 1175 976; x_wconf 85' lang='lat' dir='ltr'><strong>ethoc</strong></span> <span class='ocrx_word' id='word_1_56' title='bbox 1206 936 1302 989; x_wconf 87' lang='lat' dir='ltr'><strong>per</strong></span> <span class='ocrx_word' id='word_1_57' title='bbox 1335 920 1569 990; x_wconf 78' lang='lat' dir='ltr'><strong>gratiam</strong></span> <span class='ocrx_word' id='word_1_58' title='bbox 1595 918 1813 974; x_wconf 90' lang='lat' dir='ltr'><strong>Domini</strong></span> <span class='ocrx_word' id='word_1_59' title='bbox 1858 916 2036 972; x_wconf 89' lang='lat' dir='ltr'><strong>nostri</strong></span> 
     </span>
    </p>
   </div>
   <div class='ocr_carea' id='block_1_10' title="bbox 453 1010 2039 1084">
    <p class='ocr_par' dir='ltr' id='par_1_10' title="bbox 453 1010 2039 1084">
     <span class='ocr_line' id='line_1_10' title="bbox 453 1010 2039 1084; baseline -0.004 -14"><span class='ocrx_word' id='word_1_60' title='bbox 453 1016 580 1070; x_wconf 77' lang='lat' dir='ltr'><strong>Jesu</strong></span> <span class='ocrx_word' id='word_1_61' title='bbox 618 1014 846 1078; x_wconf 84' lang='lat' dir='ltr'><strong>Christi,</strong></span> <span class='ocrx_word' id='word_1_62' title='bbox 895 1013 1043 1084; x_wconf 90' lang='lat' dir='ltr'><strong>quod</strong></span> <span class='ocrx_word' id='word_1_63' title='bbox 1076 1013 1251 1067; x_wconf 90' lang='lat' dir='ltr'><strong>tribus</strong></span> <span class='ocrx_word' id='word_1_64' title='bbox 1298 1013 1581 1084; x_wconf 88' lang='lat' dir='ltr'><strong>Beniamin</strong></span> <span class='ocrx_word' id='word_1_65' title='bbox 1634 1014 1690 1069; x_wconf 90' lang='lat' dir='ltr'><strong>in</strong></span> <span class='ocrx_word' id='word_1_66' title='bbox 1718 1010 2039 1084; x_wconf 82' lang='lat' dir='ltr'><strong>principati-</strong></span> 
     </span>
    </p>
   </div>
   <div class='ocr_carea' id='block_1_11' title="bbox 452 1104 2037 1174">
    <p class='ocr_par' dir='ltr' id='par_1_11' title="bbox 452 1104 2037 1174">
     <span class='ocr_line' id='line_1_11' title="bbox 452 1104 2037 1174; baseline 0.001 -14"><span class='ocrx_word' id='word_1_67' title='bbox 452 1108 578 1173; x_wconf 82' lang='lat' dir='ltr'><strong>bus,</strong></span> <span class='ocrx_word' id='word_1_68' title='bbox 614 1106 722 1160; x_wconf 89' lang='lat' dir='ltr'><strong>hoc</strong></span> <span class='ocrx_word' id='word_1_69' title='bbox 766 1104 913 1159; x_wconf 89' lang='lat' dir='ltr'><strong>enim</strong></span> <span class='ocrx_word' id='word_1_70' title='bbox 969 1112 1054 1159; x_wconf 91' lang='lat' dir='ltr'><strong>est</strong></span> <span class='ocrx_word' id='word_1_71' title='bbox 1086 1120 1261 1169; x_wconf 88' lang='lat' dir='ltr'><strong>mane,</strong></span> <span class='ocrx_word' id='word_1_72' title='bbox 1318 1104 1683 1174; x_wconf 86' lang='lat' dir='ltr'><strong>persequitur.</strong></span> <span class='ocrx_word' id='word_1_73' title='bbox 1739 1105 1871 1160; x_wconf 91' lang='lat' dir='ltr'><strong>Saul</strong></span> <span class='ocrx_word' id='word_1_74' title='bbox 1893 1107 2037 1162; x_wconf 90' lang='lat' dir='ltr'><strong>enim</strong></span> 
     </span>
    </p>
   </div>
   <div class='ocr_carea' id='block_1_12' title="bbox 453 1196 2038 1269">
    <p class='ocr_par' dir='ltr' id='par_1_12' title="bbox 453 1196 2038 1269">
     <span class='ocr_line' id='line_1_12' title="bbox 453 1196 2038 1269; baseline 0 -16"><span class='ocrx_word' id='word_1_75' title='bbox 453 1200 547 1269; x_wconf 87' lang='lat' dir='ltr'><strong>qui</strong></span> <span class='ocrx_word' id='word_1_76' title='bbox 575 1213 606 1253; x_wconf 91' lang='lat' dir='ltr'><strong>e</strong></span> <span class='ocrx_word' id='word_1_77' title='bbox 640 1198 783 1252; x_wconf 91' lang='lat' dir='ltr'><strong>tribu</strong></span> <span class='ocrx_word' id='word_1_78' title='bbox 818 1196 1101 1265; x_wconf 85' lang='lat' dir='ltr'><strong>Beniamin</strong></span> <span class='ocrx_word' id='word_1_79' title='bbox 1137 1196 1259 1264; x_wconf 88' lang='lat' dir='ltr'><strong>fuit,</strong></span> <span class='ocrx_word' id='word_1_80' title='bbox 1286 1197 1544 1251; x_wconf 84' lang='lat' dir='ltr'><strong>Davidem</strong></span> <span class='ocrx_word' id='word_1_81' title='bbox 1573 1198 1803 1269; x_wconf 85' lang='lat' dir='ltr'><strong>ﬁguram</strong></span> <span class='ocrx_word' id='word_1_82' title='bbox 1834 1196 2038 1254; x_wconf 78' lang='lat' dir='ltr'><strong>Christi</strong></span> 
     </span>
    </p>
   </div>
   <div class='ocr_carea' id='block_1_13' title="bbox 452 1295 1221 1359">
    <p class='ocr_par' dir='ltr' id='par_1_13' title="bbox 452 1295 1221 1359">
     <span class='ocr_line' id='line_1_13' title="bbox 452 1295 1221 1359; baseline 0.004 -20"><span class='ocrx_word' id='word_1_83' title='bbox 452 1297 730 1359; x_wconf 78' lang='lat' dir='ltr'><strong>gerentem</strong></span> <span class='ocrx_word' id='word_1_84' title='bbox 757 1296 842 1342; x_wconf 89' lang='lat' dir='ltr'><strong>est</strong></span> <span class='ocrx_word' id='word_1_85' title='bbox 878 1295 1221 1356; x_wconf 85' lang='lat' dir='ltr'><strong>persecutus.</strong></span> 
     </span>
    </p>
   </div>
   <div class='ocr_carea' id='block_1_14' title="bbox 2139 539 3318 615">
    <p class='ocr_par' dir='ltr' id='par_1_14' title="bbox 2139 539 3318 615">
     <span class='ocr_line' id='line_1_14' title="bbox 2139 539 3318 615; baseline -0.01 -12"><span class='ocrx_word' id='word_1_86' title='bbox 2139 550 2237 603; x_wconf 79' lang='grc' dir='ltr'>καὶ</span> <span class='ocrx_word' id='word_1_87' title='bbox 2267 550 2355 615; x_wconf 77' lang='grc' dir='ltr'><strong>εἰς</strong></span> <span class='ocrx_word' id='word_1_88' title='bbox 2393 547 2460 601; x_wconf 81' lang='grc' dir='ltr'>τὸ</span> <span class='ocrx_word' id='word_1_89' title='bbox 2492 547 2753 614; x_wconf 79' lang='grc' dir='ltr'><strong>ἑσπέρας</strong></span> <span class='ocrx_word' id='word_1_90' title='bbox 2798 542 3047 596; x_wconf 70' lang='grc' dir='ltr'><strong>δίδωσιν</strong></span> <span class='ocrx_word' id='word_1_91' title='bbox 3074 539 3318 608; x_wconf 65' lang='grc' dir='ltr'>τροφήν.</span> 
     </span>
    </p>
   </div>
   <div class='ocr_carea' id='block_1_15' title="bbox 2213 630 3658 709">
    <p class='ocr_par' dir='ltr' id='par_1_15' title="bbox 2213 630 3658 709">
     <span class='ocr_line' id='line_1_15' title="bbox 2213 630 3658 709; baseline -0.01 -14"><span class='ocrx_word' id='word_1_92' title='bbox 2213 640 2552 697; x_wconf 77' lang='lat' dir='ltr'><strong>iitrroLv&#39;ws</strong></span> <span class='ocrx_word' id='word_1_93' title='bbox 2598 657 2611 692; x_wconf 88' lang='lat'>:</span> <span class='ocrx_word' id='word_1_94' title='bbox 2642 636 2979 709; x_wconf 78' lang='grc' dir='ltr'>Συναρμόζει</span> <span class='ocrx_word' id='word_1_95' title='bbox 3020 633 3162 687; x_wconf 83' lang='grc' dir='ltr'>πάνυ</span> <span class='ocrx_word' id='word_1_96' title='bbox 3189 630 3266 701; x_wconf 83' lang='grc' dir='ltr'>τῷ</span> <span class='ocrx_word' id='word_1_97' title='bbox 3296 633 3356 683; x_wconf 80' lang='grc' dir='ltr'>ὲκ</span> <span class='ocrx_word' id='word_1_98' title='bbox 3377 631 3529 701; x_wconf 76' lang='grc' dir='ltr'><strong>φυλῆς</strong></span> <span class='ocrx_word' id='word_1_99' title='bbox 3558 631 3658 686; x_wconf 69' lang='lat' dir='ltr'><strong>Bav-</strong></span> 
     </span>
    </p>
   </div>
   <div class='ocr_carea' id='block_1_16' title="bbox 2143 718 3653 805">
    <p class='ocr_par' dir='ltr' id='par_1_16' title="bbox 2143 718 3653 805">
     <span class='ocr_line' id='line_1_16' title="bbox 2143 718 3653 805; baseline -0.007 -18"><span class='ocrx_word' id='word_1_100' title='bbox 2143 736 2293 805; x_wconf 70' lang='grc' dir='ltr'>ιαμὶν</span> <span class='ocrx_word' id='word_1_101' title='bbox 2358 731 2571 802; x_wconf 83' lang='grc' dir='ltr'>Παύλῳ.</span> <span class='ocrx_word' id='word_1_102' title='bbox 2603 732 2731 782; x_wconf 80' lang='grc' dir='ltr'>Ὅτε</span> <span class='ocrx_word' id='word_1_103' title='bbox 2786 729 2894 801; x_wconf 80' lang='grc' dir='ltr'>γὰρ</span> <span class='ocrx_word' id='word_1_104' title='bbox 2932 724 3000 799; x_wconf 77' lang='grc' dir='ltr'>ἦν</span> <span class='ocrx_word' id='word_1_105' title='bbox 3044 726 3187 789; x_wconf 81' lang='grc' dir='ltr'>νέος,</span> <span class='ocrx_word' id='word_1_106' title='bbox 3228 723 3381 786; x_wconf 82' lang='grc' dir='ltr'>λύκος</span> <span class='ocrx_word' id='word_1_107' title='bbox 3402 718 3463 794; x_wconf 79' lang='grc' dir='ltr'>ἦν</span> <span class='ocrx_word' id='word_1_108' title='bbox 3492 723 3653 794; x_wconf 67' lang='grc' dir='ltr'>ἅρπαξο</span> 
     </span>
    </p>
   </div>
   <div class='ocr_carea' id='block_1_17' title="bbox 2139 813 3659 894">
    <p class='ocr_par' dir='ltr' id='par_1_17' title="bbox 2139 813 3659 894">
     <span class='ocr_line' id='line_1_17' title="bbox 2139 813 3659 894; baseline -0.009 -15"><span class='ocrx_word' id='word_1_109' title='bbox 2139 826 2337 879; x_wconf 78' lang='grc' dir='ltr'>δέδωκε</span> <span class='ocrx_word' id='word_1_110' title='bbox 2365 824 2421 877; x_wconf 84' lang='grc' dir='ltr'>δὲ</span> <span class='ocrx_word' id='word_1_111' title='bbox 2445 822 2648 894; x_wconf 70' lang='grc' dir='ltr'>τροφὴν</span> <span class='ocrx_word' id='word_1_112' title='bbox 2675 820 2990 884; x_wconf 79' lang='grc' dir='ltr'><strong>πιστεύσας.</strong></span> <span class='ocrx_word' id='word_1_113' title='bbox 3009 816 3269 888; x_wconf 84' lang='grc' dir='ltr'><strong>Δηλοῦται</strong></span> <span class='ocrx_word' id='word_1_114' title='bbox 3292 814 3416 886; x_wconf 75' lang='grc' dir='ltr'>ἡμῖν</span> <span class='ocrx_word' id='word_1_115' title='bbox 3435 814 3517 868; x_wconf 74' lang='grc' dir='ltr'>καὶ</span> <span class='ocrx_word' id='word_1_116' title='bbox 3537 813 3659 867; x_wconf 84' lang='grc' dir='ltr'>τοῦτο</span> 
     </span>
    </p>
   </div>
   <div class='ocr_carea' id='block_1_18' title="bbox 2142 904 3654 987">
    <p class='ocr_par' dir='ltr' id='par_1_18' title="bbox 2142 904 3654 987">
     <span class='ocr_line' id='line_1_18' title="bbox 2142 904 3654 987; baseline -0.009 -17"><span class='ocrx_word' id='word_1_117' title='bbox 2142 917 2233 970; x_wconf 77' lang='grc' dir='ltr'><strong>διὰ</strong></span> <span class='ocrx_word' id='word_1_118' title='bbox 2263 918 2363 987; x_wconf 81' lang='grc' dir='ltr'><strong>τῆς</strong></span> <span class='ocrx_word' id='word_1_119' title='bbox 2392 915 2611 986; x_wconf 82' lang='grc' dir='ltr'>χάριτος</span> <span class='ocrx_word' id='word_1_120' title='bbox 2642 913 2732 967; x_wconf 78' lang='grc' dir='ltr'>τοῦ</span> <span class='ocrx_word' id='word_1_121' title='bbox 2767 912 2975 985; x_wconf 80' lang='grc' dir='ltr'>Κυρίου</span> <span class='ocrx_word' id='word_1_122' title='bbox 3030 904 3189 982; x_wconf 66' lang='grc' dir='ltr'><strong>ἡμῶν</strong></span> <span class='ocrx_word' id='word_1_123' title='bbox 3241 907 3408 979; x_wconf 75' lang='grc' dir='ltr'><strong>Ἰησοῦ</strong></span> <span class='ocrx_word' id='word_1_124' title='bbox 3442 906 3654 979; x_wconf 76' lang='grc' dir='ltr'><strong>Χριστοῦ,</strong></span> 
     </span>
    </p>
   </div>
   <div class='ocr_carea' id='block_1_19' title="bbox 2143 997 3659 1078">
    <p class='ocr_par' dir='ltr' id='par_1_19' title="bbox 2143 997 3659 1078">
     <span class='ocr_line' id='line_1_19' title="bbox 2143 997 3659 1078; baseline -0.007 -18"><span class='ocrx_word' id='word_1_125' title='bbox 2143 1009 2225 1061; x_wconf 83' lang='grc' dir='ltr'>ὅτι</span> <span class='ocrx_word' id='word_1_126' title='bbox 2254 1009 2287 1078; x_wconf 91' lang='grc' dir='ltr'><strong>ή</strong></span> <span class='ocrx_word' id='word_1_127' title='bbox 2324 1005 2583 1077; x_wconf 71' lang='grc' dir='ltr'>Βενιαμὶν</span> <span class='ocrx_word' id='word_1_128' title='bbox 2631 1004 2771 1076; x_wconf 79' lang='grc' dir='ltr'>φυλὴ</span> <span class='ocrx_word' id='word_1_129' title='bbox 2808 1007 2864 1058; x_wconf 83' lang='grc' dir='ltr'>ὲν</span> <span class='ocrx_word' id='word_1_130' title='bbox 2892 1004 3012 1065; x_wconf 86' lang='grc' dir='ltr'>ταῖς</span> <span class='ocrx_word' id='word_1_131' title='bbox 3068 1003 3292 1071; x_wconf 83' lang='grc' dir='ltr'><strong>ἀρχαῖς,</strong></span> <span class='ocrx_word' id='word_1_132' title='bbox 3326 1000 3454 1070; x_wconf 81' lang='grc' dir='ltr'>ὅπερ</span> <span class='ocrx_word' id='word_1_133' title='bbox 3479 997 3576 1051; x_wconf 67' lang='grc' dir='ltr'>ἐστὶ</span> <span class='ocrx_word' id='word_1_134' title='bbox 3609 998 3659 1050; x_wconf 80' lang='grc' dir='ltr'>τὸ</span> 
     </span>
    </p>
   </div>
   <div class='ocr_carea' id='block_1_20' title="bbox 2144 1086 3661 1168">
    <p class='ocr_par' dir='ltr' id='par_1_20' title="bbox 2144 1086 3661 1168">
     <span class='ocr_line' id='line_1_20' title="bbox 2144 1086 3661 1168; baseline -0.007 -16"><span class='ocrx_word' id='word_1_135' title='bbox 2144 1098 2426 1168; x_wconf 79' lang='grc' dir='ltr'><strong>πρωῖνὸν,</strong></span> <span class='ocrx_word' id='word_1_136' title='bbox 2452 1096 2657 1151; x_wconf 74' lang='grc' dir='ltr'><strong>διώκει.</strong></span> <span class='ocrx_word' id='word_1_137' title='bbox 2707 1097 2763 1149; x_wconf 85' lang='lat' dir='ltr'><strong>&#39;O</strong></span> <span class='ocrx_word' id='word_1_138' title='bbox 2813 1094 2953 1166; x_wconf 54' lang='grc' dir='ltr'>γὰρ,</span> <span class='ocrx_word' id='word_1_139' title='bbox 2974 1093 3149 1148; x_wconf 75' lang='grc' dir='ltr'>Σαοὺλ</span> <span class='ocrx_word' id='word_1_140' title='bbox 3190 1090 3248 1155; x_wconf 79' lang='grc' dir='ltr'><em>ὃς</em></span> <span class='ocrx_word' id='word_1_141' title='bbox 3279 1086 3345 1162; x_wconf 79' lang='grc' dir='ltr'>ἦν</span> <span class='ocrx_word' id='word_1_142' title='bbox 3371 1093 3430 1143; x_wconf 80' lang='grc' dir='ltr'>ἐκ</span> <span class='ocrx_word' id='word_1_143' title='bbox 3455 1090 3541 1159; x_wconf 73' lang='grc' dir='ltr'><strong>τῆς</strong></span> <span class='ocrx_word' id='word_1_144' title='bbox 3563 1090 3661 1142; x_wconf 75' lang='lat' dir='ltr'><strong>Bav-</strong></span> 
     </span>
    </p>
   </div>
   <div class='ocr_carea' id='block_1_21' title="bbox 2147 1182 3662 1263">
    <p class='ocr_par' dir='ltr' id='par_1_21' title="bbox 2147 1182 3662 1263">
     <span class='ocr_line' id='line_1_21' title="bbox 2147 1182 3662 1263; baseline -0.007 -18"><span class='ocrx_word' id='word_1_145' title='bbox 2147 1192 2298 1263; x_wconf 69' lang='grc' dir='ltr'>ιαμὶν</span> <span class='ocrx_word' id='word_1_146' title='bbox 2332 1190 2534 1261; x_wconf 82' lang='grc' dir='ltr'><strong>φυλῆς,</strong></span> <span class='ocrx_word' id='word_1_147' title='bbox 2573 1189 2666 1242; x_wconf 82' lang='grc' dir='ltr'><strong>τὸν</strong></span> <span class='ocrx_word' id='word_1_148' title='bbox 2721 1190 2803 1255; x_wconf 78' lang='grc' dir='ltr'><strong>εἰς</strong></span> <span class='ocrx_word' id='word_1_149' title='bbox 2862 1187 3033 1241; x_wconf 80' lang='grc' dir='ltr'><strong>τύπον</strong></span> <span class='ocrx_word' id='word_1_150' title='bbox 3077 1182 3171 1239; x_wconf 79' lang='grc' dir='ltr'><strong>τοῦ</strong></span> <span class='ocrx_word' id='word_1_151' title='bbox 3218 1182 3417 1253; x_wconf 80' lang='grc' dir='ltr'>Κυρίου</span> <span class='ocrx_word' id='word_1_152' title='bbox 3460 1182 3662 1253; x_wconf 60' lang='grc' dir='ltr'>κείμεννθ</span> 
     </span>
    </p>
   </div>
   <div class='ocr_carea' id='block_1_22' title="bbox 2143 1282 2575 1337">
    <p class='ocr_par' dir='ltr' id='par_1_22' title="bbox 2143 1282 2575 1337">
     <span class='ocr_line' id='line_1_22' title="bbox 2143 1282 2575 1337; baseline -0.007 0"><span class='ocrx_word' id='word_1_153' title='bbox 2143 1282 2304 1337; x_wconf 77' lang='grc' dir='ltr'><strong>Δαυῖδ</strong></span> <span class='ocrx_word' id='word_1_154' title='bbox 2336 1283 2575 1337; x_wconf 76' lang='grc' dir='ltr'><strong>ἐδίωκεν.</strong></span> 
     </span>
    </p>
   </div>
   <div class='ocr_carea' id='block_1_23' title="bbox 2062 1381 2141 1436">
    <p class='ocr_par' dir='ltr' id='par_1_23' title="bbox 2062 1381 2141 1436">
     <span class='ocr_line' id='line_1_23' title="bbox 2062 1381 2141 1436; baseline -0.013 0"><span class='ocrx_word' id='word_1_155' title='bbox 2062 1381 2141 1436; x_wconf 85' lang='lat' dir='ltr'><strong>il.‘</strong></span> 
     </span>
    </p>
   </div>
   <div class='ocr_carea' id='block_1_24' title="bbox 769 1471 3371 1546">
    <p class='ocr_par' dir='ltr' id='par_1_24' title="bbox 769 1471 3371 1546">
     <span class='ocr_line' id='line_1_24' title="bbox 769 1471 3371 1546; baseline -0.001 -16"><span class='ocrx_word' id='word_1_156' title='bbox 769 1477 855 1531; x_wconf 74' lang='lat' dir='ltr'><strong>Ea:</strong></span> <span class='ocrx_word' id='word_1_157' title='bbox 884 1476 1091 1531; x_wconf 84' lang='lat' dir='ltr'><strong>Leontii</strong></span> <span class='ocrx_word' id='word_1_158' title='bbox 1126 1489 1176 1532; x_wconf 89' lang='lat' dir='ltr'><strong>et</strong></span> <span class='ocrx_word' id='word_1_159' title='bbox 1205 1477 1430 1532; x_wconf 78' lang='lat' dir='ltr'><strong>Joannis</strong></span> <span class='ocrx_word' id='word_1_160' title='bbox 1474 1478 1676 1534; x_wconf 78' lang='lat' dir='ltr'><strong>Rerum</strong></span> <span class='ocrx_word' id='word_1_161' title='bbox 1734 1494 2016 1535; x_wconf 88' lang='lat' dir='ltr'><strong>sacrarum</strong></span> <span class='ocrx_word' id='word_1_162' title='bbox 2061 1478 2205 1533; x_wconf 90' lang='lat' dir='ltr'><strong>libro</strong></span> <span class='ocrx_word' id='word_1_163' title='bbox 2231 1492 2291 1544; x_wconf 82' lang='grc' dir='ltr'><strong>ιι,</strong></span> <span class='ocrx_word' id='word_1_164' title='bbox 2337 1492 2425 1546; x_wconf 92' lang='lat' dir='ltr'><strong>ap.</strong></span> <span class='ocrx_word' id='word_1_165' title='bbox 2454 1474 2586 1541; x_wconf 76' lang='lat' dir='ltr'><strong>MM,</strong></span> <span class='ocrx_word' id='word_1_166' title='bbox 2618 1473 2819 1544; x_wconf 80' lang='lat' dir='ltr'><strong>Script.</strong></span> <span class='ocrx_word' id='word_1_167' title='bbox 2854 1481 2986 1538; x_wconf 84' lang='lat' dir='ltr'><strong>vet.,</strong></span> <span class='ocrx_word' id='word_1_168' title='bbox 3016 1472 3187 1542; x_wconf 64' lang='lat' dir='ltr'><strong>LVII,</strong></span> <span class='ocrx_word' id='word_1_169' title='bbox 3208 1489 3259 1542; x_wconf 89' lang='lat' dir='ltr'><strong>p.</strong></span> <span class='ocrx_word' id='word_1_170' title='bbox 3285 1471 3371 1528; x_wconf 65' lang='lat'><strong>81.</strong></span> 
     </span>
    </p>
   </div>
   <div class='ocr_carea' id='block_1_25' title="bbox 454 1570 2045 1645">
    <p class='ocr_par' dir='ltr' id='par_1_25' title="bbox 454 1570 2045 1645">
     <span class='ocr_line' id='line_1_25' title="bbox 454 1570 2045 1645; baseline 0.004 -20"><span class='ocrx_word' id='word_1_171' title='bbox 454 1570 533 1626; x_wconf 86' lang='lat' dir='ltr'><strong>Ex</strong></span> <span class='ocrx_word' id='word_1_172' title='bbox 580 1573 757 1627; x_wconf 89' lang='lat' dir='ltr'><strong>sancti</strong></span> <span class='ocrx_word' id='word_1_173' title='bbox 817 1571 1091 1645; x_wconf 78' lang='lat' dir='ltr'><strong>Hippolyti</strong></span> <span class='ocrx_word' id='word_1_174' title='bbox 1141 1572 1328 1629; x_wconf 78' lang='lat' dir='ltr'><strong>Romae</strong></span> <span class='ocrx_word' id='word_1_175' title='bbox 1383 1573 1792 1631; x_wconf 84' lang='lat' dir='ltr'><strong>Commentario</strong></span> <span class='ocrx_word' id='word_1_176' title='bbox 1830 1576 1883 1630; x_wconf 91' lang='lat' dir='ltr'><strong>in</strong></span> <span class='ocrx_word' id='word_1_177' title='bbox 1926 1575 2045 1631; x_wconf 73' lang='lat' dir='ltr'><strong>‘Ge-</strong></span> 
     </span>
    </p>
   </div>
   <div class='ocr_carea' id='block_1_26' title="bbox 527 1665 725 1721">
    <p class='ocr_par' dir='ltr' id='par_1_26' title="bbox 527 1665 725 1721">
     <span class='ocr_line' id='line_1_26' title="bbox 527 1665 725 1721; baseline 0.005 -1"><span class='ocrx_word' id='word_1_178' title='bbox 527 1665 725 1721; x_wconf 90' lang='lat' dir='ltr'><strong>nesim.</strong></span> 
     </span>
    </p>
   </div>
   <div class='ocr_carea' id='block_1_27' title="bbox 2150 1566 3665 1641">
    <p class='ocr_par' dir='ltr' id='par_1_27' title="bbox 2150 1566 3665 1641">
     <span class='ocr_line' id='line_1_27' title="bbox 2150 1566 3665 1641; baseline -0.007 -14"><span class='ocrx_word' id='word_1_179' title='bbox 2150 1573 2259 1627; x_wconf 84' lang='grc' dir='ltr'>Τοῢ</span> <span class='ocrx_word' id='word_1_180' title='bbox 2302 1573 2460 1641; x_wconf 85' lang='grc' dir='ltr'>ἁγίου</span> <span class='ocrx_word' id='word_1_181' title='bbox 2501 1571 2816 1627; x_wconf 78' lang='grc' dir='ltr'>Ἱππολύτου</span> <span class='ocrx_word' id='word_1_182' title='bbox 2866 1569 3083 1641; x_wconf 83' lang='grc' dir='ltr'><strong>Ῥώμης</strong></span> <span class='ocrx_word' id='word_1_183' title='bbox 3115 1569 3227 1641; x_wconf 80' lang='grc' dir='ltr'><strong>(Η)</strong></span> <span class='ocrx_word' id='word_1_184' title='bbox 3271 1570 3336 1623; x_wconf 80' lang='grc' dir='ltr'>ὲκ</span> <span class='ocrx_word' id='word_1_185' title='bbox 3375 1568 3466 1639; x_wconf 79' lang='grc' dir='ltr'><strong>τῆς</strong></span> <span class='ocrx_word' id='word_1_186' title='bbox 3506 1568 3571 1631; x_wconf 84' lang='grc' dir='ltr'><strong>εἰς</strong></span> <span class='ocrx_word' id='word_1_187' title='bbox 3596 1566 3665 1637; x_wconf 69' lang='grc' dir='ltr'><strong>τὴν</strong></span> 
     </span>
    </p>
   </div>
   <div class='ocr_carea' id='block_1_28' title="bbox 2223 1666 2877 1737">
    <p class='ocr_par' dir='ltr' id='par_1_28' title="bbox 2223 1666 2877 1737">
     <span class='ocr_line' id='line_1_28' title="bbox 2223 1666 2877 1737; baseline 0.002 -18"><span class='ocrx_word' id='word_1_188' title='bbox 2223 1668 2355 1735; x_wconf 84' lang='grc' dir='ltr'><strong>Γένη</strong></span> <span class='ocrx_word' id='word_1_189' title='bbox 2365 1683 2445 1719; x_wconf 84' lang='grc' dir='ltr'>σιν</span> <span class='ocrx_word' id='word_1_190' title='bbox 2476 1666 2877 1737; x_wconf 79' lang='grc' dir='ltr'><strong>πραγματείας.</strong></span> 
     </span>
    </p>
   </div>
   <div class='ocr_carea' id='block_1_29' title="bbox 524 1755 2034 1830">
    <p class='ocr_par' dir='ltr' id='par_1_29' title="bbox 524 1757 2034 1830">
     <span class='ocr_line' id='line_1_29' title="bbox 524 1757 2034 1830; baseline 0 -17"><span class='ocrx_word' id='word_1_191' title='bbox 524 1758 661 1813; x_wconf 88' lang='lat' dir='ltr'><strong>Gen.</strong></span> <span class='ocrx_word' id='word_1_192' title='bbox 696 1775 758 1824; x_wconf 85' lang='grc' dir='ltr'><strong>ιι,</strong></span> <span class='ocrx_word' id='word_1_193' title='bbox 784 1758 816 1812; x_wconf 87' lang='lat'><strong>7</strong></span> <span class='ocrx_word' id='word_1_194' title='bbox 857 1777 870 1813; x_wconf 90' lang='lat'><strong>:</strong></span> <span class='ocrx_word' id='word_1_195' title='bbox 901 1757 1177 1813; x_wconf 80' lang='lat' dir='ltr'><strong>Formauit</strong></span> <span class='ocrx_word' id='word_1_196' title='bbox 1212 1760 1376 1830; x_wconf 78' lang='lat' dir='ltr'><strong>igitur</strong></span> <span class='ocrx_word' id='word_1_197' title='bbox 1400 1759 1660 1814; x_wconf 76' lang='lat' dir='ltr'><strong>Dominus</strong></span> <span class='ocrx_word' id='word_1_198' title='bbox 1691 1760 1831 1816; x_wconf 91' lang='lat' dir='ltr'><strong>Deus</strong></span> <span class='ocrx_word' id='word_1_199' title='bbox 1866 1761 2034 1815; x_wconf 83' lang='lat' dir='ltr'><strong>homi-</strong></span> 
     </span>
    </p>
   </div>
   <div class='ocr_carea' id='block_1_30' title="bbox 2148 1755 3667 1830">
    <p class='ocr_par' dir='ltr' id='par_1_30' title="bbox 2210 1755 3667 1827">
     <span class='ocr_line' id='line_1_30' title="bbox 2210 1755 3667 1827; baseline -0.005 -11"><span class='ocrx_word' id='word_1_200' title='bbox 2210 1763 2316 1816; x_wconf 81' lang='grc' dir='ltr'><strong>Καὶ</strong></span> <span class='ocrx_word' id='word_1_201' title='bbox 2348 1761 2621 1814; x_wconf 75' lang='grc' dir='ltr'><strong>ἔπλασεν</strong></span> <span class='ocrx_word' id='word_1_202' title='bbox 2655 1763 2687 1813; x_wconf 84' lang='grc' dir='ltr'><em>ὁ</em></span> <span class='ocrx_word' id='word_1_203' title='bbox 2727 1759 2871 1825; x_wconf 79' lang='grc' dir='ltr'><em>Θεὸς</em></span> <span class='ocrx_word' id='word_1_204' title='bbox 2907 1757 3014 1813; x_wconf 77' lang='grc' dir='ltr'><strong>τὸν</strong></span> <span class='ocrx_word' id='word_1_205' title='bbox 3045 1757 3361 1826; x_wconf 73' lang='grc' dir='ltr'><strong>ἄνθρωπον</strong></span> <span class='ocrx_word' id='word_1_206' title='bbox 3407 1755 3542 1827; x_wconf 72' lang='grc' dir='ltr'>χοῦν</span> <span class='ocrx_word' id='word_1_207' title='bbox 3580 1756 3667 1811; x_wconf 69' lang='grc' dir='ltr'><strong>ἀπὸ</strong></span> 
     </span>
    </p>
   </div>
   <div class='ocr_carea' id='block_1_31' title="bbox 455 1850 2039 1922">
    <p class='ocr_par' dir='ltr' id='par_1_31' title="bbox 455 1850 2039 1922">
     <span class='ocr_line' id='line_1_31' title="bbox 455 1850 2039 1922; baseline 0.001 -18"><span class='ocrx_word' id='word_1_208' title='bbox 455 1867 573 1905; x_wconf 83' lang='lat' dir='ltr'><strong>nem</strong></span> <span class='ocrx_word' id='word_1_209' title='bbox 600 1851 666 1905; x_wconf 89' lang='lat' dir='ltr'><strong>de</strong></span> <span class='ocrx_word' id='word_1_210' title='bbox 695 1851 822 1904; x_wconf 86' lang='lat' dir='ltr'><strong>limo</strong></span> <span class='ocrx_word' id='word_1_211' title='bbox 852 1862 1026 1906; x_wconf 71' lang='lat' dir='ltr'><strong>terraz.</strong></span> <span class='ocrx_word' id='word_1_212' title='bbox 1077 1850 1191 1906; x_wconf 88' lang='lat' dir='ltr'><strong>Cur</strong></span> <span class='ocrx_word' id='word_1_213' title='bbox 1217 1852 1290 1905; x_wconf 84' lang='lat' dir='ltr'><strong>ita</strong></span> <span class='ocrx_word' id='word_1_214' title='bbox 1311 1853 1343 1906; x_wconf 63' lang='grc' dir='ltr'><em>ἲ</em></span> <span class='ocrx_word' id='word_1_215' title='bbox 1379 1850 1571 1908; x_wconf 86' lang='lat' dir='ltr'><strong>Nonne</strong></span> <span class='ocrx_word' id='word_1_216' title='bbox 1593 1854 1755 1922; x_wconf 80' lang='lat' dir='ltr'><strong>iuxta</strong></span> <span class='ocrx_word' id='word_1_217' title='bbox 1775 1868 2039 1922; x_wconf 81' lang='lat' dir='ltr'><strong>quorum-</strong></span> 
     </span>
    </p>
   </div>
   <div class='ocr_carea' id='block_1_32' title="bbox 454 1942 2033 2012">
    <p class='ocr_par' dir='ltr' id='par_1_32' title="bbox 454 1942 2033 2012">
     <span class='ocr_line' id='line_1_32' title="bbox 454 1942 2033 2012; baseline 0.002 -17"><span class='ocrx_word' id='word_1_218' title='bbox 454 1942 579 1995; x_wconf 93' lang='lat' dir='ltr'><strong>dam</strong></span> <span class='ocrx_word' id='word_1_219' title='bbox 629 1942 942 2012; x_wconf 88' lang='lat' dir='ltr'><strong>opinionem</strong></span> <span class='ocrx_word' id='word_1_220' title='bbox 1018 1950 1131 1997; x_wconf 90' lang='lat' dir='ltr'><strong>tres</strong></span> <span class='ocrx_word' id='word_1_221' title='bbox 1208 1942 1458 1998; x_wconf 88' lang='lat' dir='ltr'><strong>homines</strong></span> <span class='ocrx_word' id='word_1_222' title='bbox 1528 1943 1762 2012; x_wconf 80' lang='lat' dir='ltr'><strong>legimus</strong></span> <span class='ocrx_word' id='word_1_223' title='bbox 1824 1942 2033 2011; x_wconf 89' lang='lat' dir='ltr'><strong>factos,</strong></span> 
     </span>
    </p>
   </div>
   <div class='ocr_carea' id='block_1_33' title="bbox 455 2031 2037 2100">
    <p class='ocr_par' dir='ltr' id='par_1_33' title="bbox 455 2031 2037 2100">
     <span class='ocr_line' id='line_1_33' title="bbox 455 2031 2037 2100; baseline 0.003 -16"><span class='ocrx_word' id='word_1_224' title='bbox 455 2045 626 2084; x_wconf 87' lang='lat' dir='ltr'><strong>unum</strong></span> <span class='ocrx_word' id='word_1_225' title='bbox 659 2031 1014 2100; x_wconf 77' lang='lat' dir='ltr'><strong>-spiritalem,</strong></span> <span class='ocrx_word' id='word_1_226' title='bbox 1072 2032 1238 2085; x_wconf 89' lang='lat' dir='ltr'><strong>alium</strong></span> <span class='ocrx_word' id='word_1_227' title='bbox 1292 2034 1615 2100; x_wconf 89' lang='lat' dir='ltr'><strong>animalem,</strong></span> <span class='ocrx_word' id='word_1_228' title='bbox 1669 2034 1836 2089; x_wconf 89' lang='lat' dir='ltr'><strong>alium</strong></span> <span class='ocrx_word' id='word_1_229' title='bbox 1868 2044 2037 2090; x_wconf 88' lang='lat' dir='ltr'><strong>terre-</strong></span> 
     </span>
    </p>
   </div>
   <div class='ocr_carea' id='block_1_34' title="bbox 454 2120 2035 2189">
    <p class='ocr_par' dir='ltr' id='par_1_34' title="bbox 454 2120 2035 2189">
     <span class='ocr_line' id='line_1_34' title="bbox 454 2120 2035 2189; baseline 0.003 -13"><span class='ocrx_word' id='word_1_230' title='bbox 454 2122 660 2176; x_wconf 89' lang='lat' dir='ltr'><strong>strem?</strong></span> <span class='ocrx_word' id='word_1_231' title='bbox 705 2120 824 2176; x_wconf 89' lang='lat' dir='ltr'><strong>Non</strong></span> <span class='ocrx_word' id='word_1_232' title='bbox 874 2137 963 2178; x_wconf 91' lang='lat' dir='ltr'><strong>res</strong></span> <span class='ocrx_word' id='word_1_233' title='bbox 990 2122 1064 2176; x_wconf 82' lang='lat' dir='ltr'><strong>ita</strong></span> <span class='ocrx_word' id='word_1_234' title='bbox 1115 2137 1174 2177; x_wconf 91' lang='lat' dir='ltr'><strong>se</strong></span> <span class='ocrx_word' id='word_1_235' title='bbox 1204 2123 1404 2189; x_wconf 88' lang='lat' dir='ltr'><strong>habet;</strong></span> <span class='ocrx_word' id='word_1_236' title='bbox 1435 2123 1528 2180; x_wconf 89' lang='lat' dir='ltr'><strong>sed</strong></span> <span class='ocrx_word' id='word_1_237' title='bbox 1566 2124 1633 2179; x_wconf 92' lang='lat' dir='ltr'><strong>de</strong></span> <span class='ocrx_word' id='word_1_238' title='bbox 1672 2141 1784 2182; x_wconf 87' lang='lat' dir='ltr'><strong>uno</strong></span> <span class='ocrx_word' id='word_1_239' title='bbox 1821 2133 2035 2180; x_wconf 89' lang='lat' dir='ltr'><strong>tantum</strong></span> 
     </span>
    </p>
   </div>
   <div class='ocr_carea' id='block_1_35' title="bbox 455 2214 2038 2286">
    <p class='ocr_par' dir='ltr' id='par_1_35' title="bbox 455 2214 2038 2286">
     <span class='ocr_line' id='line_1_35' title="bbox 455 2214 2038 2286; baseline 0.003 -19"><span class='ocrx_word' id='word_1_240' title='bbox 455 2214 676 2268; x_wconf 91' lang='lat' dir='ltr'><strong>homine</strong></span> <span class='ocrx_word' id='word_1_241' title='bbox 702 2214 944 2283; x_wconf 90' lang='lat' dir='ltr'><strong>loquitur</strong></span> <span class='ocrx_word' id='word_1_242' title='bbox 972 2221 1083 2269; x_wconf 89' lang='lat' dir='ltr'><strong>tota</strong></span> <span class='ocrx_word' id='word_1_243' title='bbox 1130 2215 1391 2285; x_wconf 85' lang='lat' dir='ltr'><strong>narratio.</strong></span> <span class='ocrx_word' id='word_1_244' title='bbox 1418 2214 1532 2271; x_wconf 85' lang='lat' dir='ltr'><strong>Hoc</strong></span> <span class='ocrx_word' id='word_1_245' title='bbox 1549 2217 1767 2286; x_wconf 89' lang='lat' dir='ltr'><strong>quidem</strong></span> <span class='ocrx_word' id='word_1_246' title='bbox 1796 2236 1808 2271; x_wconf 91' lang='lat'><strong>:</strong></span> <span class='ocrx_word' id='word_1_247' title='bbox 1840 2216 2038 2272; x_wconf 77' lang='lat' dir='ltr'><strong>Facia-</strong></span> 
     </span>
    </p>
   </div>
   <div class='ocr_carea' id='block_1_36' title="bbox 454 2305 2041 2371">
    <p class='ocr_par' dir='ltr' id='par_1_36' title="bbox 454 2305 2041 2371">
     <span class='ocr_line' id='line_1_36' title="bbox 454 2305 2041 2371; baseline 0.004 -15"><span class='ocrx_word' id='word_1_248' title='bbox 454 2321 592 2369; x_wconf 86' lang='lat' dir='ltr'><strong>mus,</strong></span> <span class='ocrx_word' id='word_1_249' title='bbox 619 2305 686 2360; x_wconf 89' lang='lat' dir='ltr'><strong>de</strong></span> <span class='ocrx_word' id='word_1_250' title='bbox 716 2305 937 2360; x_wconf 85' lang='lat' dir='ltr'><strong>homine</strong></span> <span class='ocrx_word' id='word_1_251' title='bbox 966 2305 1152 2360; x_wconf 87' lang='lat' dir='ltr'><strong>futuro</strong></span> <span class='ocrx_word' id='word_1_252' title='bbox 1199 2315 1310 2371; x_wconf 85' lang='lat' dir='ltr'><strong>est;</strong></span> <span class='ocrx_word' id='word_1_253' title='bbox 1367 2306 1497 2362; x_wconf 88' lang='lat' dir='ltr'><strong>illud</strong></span> <span class='ocrx_word' id='word_1_254' title='bbox 1551 2317 1732 2362; x_wconf 91' lang='lat' dir='ltr'><strong>autem</strong></span> <span class='ocrx_word' id='word_1_255' title='bbox 1760 2327 1771 2363; x_wconf 91' lang='lat'><strong>:</strong></span> <span class='ocrx_word' id='word_1_256' title='bbox 1810 2306 2041 2363; x_wconf 88' lang='lat' dir='ltr'><strong>Forma-</strong></span> 
     </span>
    </p>
   </div>
   <div class='ocr_carea' id='block_1_37' title="bbox 454 2392 2042 2464">
    <p class='ocr_par' dir='ltr' id='par_1_37' title="bbox 454 2392 2042 2464">
     <span class='ocr_line' id='line_1_37' title="bbox 454 2392 2042 2464; baseline 0.006 -19"><span class='ocrx_word' id='word_1_257' title='bbox 454 2392 531 2445; x_wconf 80' lang='lat' dir='ltr'><strong>vit</strong></span> <span class='ocrx_word' id='word_1_258' title='bbox 558 2432 572 2446; x_wconf 96' lang='lat'><strong>.</strong></span> <span class='ocrx_word' id='word_1_259' title='bbox 605 2432 619 2445; x_wconf 98' lang='lat'><strong>.</strong></span> <span class='ocrx_word' id='word_1_260' title='bbox 655 2431 671 2447; x_wconf 93' lang='lat'><strong>.</strong></span> <span class='ocrx_word' id='word_1_261' title='bbox 709 2392 970 2448; x_wconf 77' lang='lat' dir='ltr'><strong>Dominus</strong></span> <span class='ocrx_word' id='word_1_262' title='bbox 1007 2394 1143 2450; x_wconf 88' lang='lat' dir='ltr'><strong>Deus</strong></span> <span class='ocrx_word' id='word_1_263' title='bbox 1188 2395 1451 2449; x_wconf 76' lang='lat' dir='ltr'><strong>hominem</strong></span> <span class='ocrx_word' id='word_1_264' title='bbox 1504 2396 1569 2451; x_wconf 88' lang='lat' dir='ltr'><strong>de</strong></span> <span class='ocrx_word' id='word_1_265' title='bbox 1602 2398 1729 2452; x_wconf 86' lang='lat' dir='ltr'><strong>limo</strong></span> <span class='ocrx_word' id='word_1_266' title='bbox 1763 2410 1936 2464; x_wconf 72' lang='lat' dir='ltr'><strong>terraz,</strong></span> <span class='ocrx_word' id='word_1_267' title='bbox 1973 2400 2042 2455; x_wconf 89' lang='lat' dir='ltr'><strong>de</strong></span> 
     </span>
    </p>
   </div>
   <div class='ocr_carea' id='block_1_38' title="bbox 453 2486 2039 2547">
    <p class='ocr_par' dir='ltr' id='par_1_38' title="bbox 453 2486 2039 2547">
     <span class='ocr_line' id='line_1_38' title="bbox 453 2486 2039 2547; baseline 0.008 -12"><span class='ocrx_word' id='word_1_268' title='bbox 453 2499 564 2539; x_wconf 91' lang='lat' dir='ltr'><strong>uno</strong></span> <span class='ocrx_word' id='word_1_269' title='bbox 604 2498 669 2541; x_wconf 92' lang='lat' dir='ltr'><strong>ac</strong></span> <span class='ocrx_word' id='word_1_270' title='bbox 710 2486 901 2541; x_wconf 90' lang='lat' dir='ltr'><strong>eodem</strong></span> <span class='ocrx_word' id='word_1_271' title='bbox 960 2487 1184 2542; x_wconf 89' lang='lat' dir='ltr'><strong>homine</strong></span> <span class='ocrx_word' id='word_1_272' title='bbox 1238 2488 1300 2541; x_wconf 91' lang='lat' dir='ltr'><strong>ﬁt</strong></span> <span class='ocrx_word' id='word_1_273' title='bbox 1348 2490 1610 2545; x_wconf 88' lang='lat' dir='ltr'><strong>narratio.</strong></span> <span class='ocrx_word' id='word_1_274' title='bbox 1663 2490 1823 2547; x_wconf 82' lang='lat' dir='ltr'><strong>Modo</strong></span> <span class='ocrx_word' id='word_1_275' title='bbox 1859 2493 2039 2547; x_wconf 86' lang='lat' dir='ltr'><strong>dicit:</strong></span> 
     </span>
    </p>
   </div>
   <div class='ocr_carea' id='block_1_39' title="bbox 453 2573 2043 2653">
    <p class='ocr_par' dir='ltr' id='par_1_39' title="bbox 453 2573 2043 2653">
     <span class='ocr_line' id='line_1_39' title="bbox 453 2573 2043 2653; baseline 0.008 -25"><span class='ocrx_word' id='word_1_276' title='bbox 453 2573 623 2639; x_wconf 85' lang='lat' dir='ltr'><strong>Fiat;</strong></span> <span class='ocrx_word' id='word_1_277' title='bbox 651 2578 822 2634; x_wconf 88' lang='lat' dir='ltr'><strong>modo</strong></span> <span class='ocrx_word' id='word_1_278' title='bbox 855 2588 1040 2635; x_wconf 85' lang='lat' dir='ltr'><strong>autem</strong></span> <span class='ocrx_word' id='word_1_279' title='bbox 1090 2579 1245 2648; x_wconf 84' lang='lat' dir='ltr'><strong>facit,</strong></span> <span class='ocrx_word' id='word_1_280' title='bbox 1282 2590 1338 2638; x_wconf 89' lang='lat' dir='ltr'><strong>et</strong></span> <span class='ocrx_word' id='word_1_281' title='bbox 1389 2583 1673 2653; x_wconf 89' lang='lat' dir='ltr'><strong>quomodo</strong></span> <span class='ocrx_word' id='word_1_282' title='bbox 1722 2583 1877 2652; x_wconf 84' lang='lat' dir='ltr'><strong>facit,</strong></span> <span class='ocrx_word' id='word_1_283' title='bbox 1915 2601 2043 2640; x_wconf 87' lang='lat' dir='ltr'><strong>nar-</strong></span> 
     </span>
    </p>
   </div>
   <div class='ocr_carea' id='block_1_40' title="bbox 453 2676 629 2724">
    <p class='ocr_par' dir='ltr' id='par_1_40' title="bbox 453 2676 629 2724">
     <span class='ocr_line' id='line_1_40' title="bbox 453 2676 629 2724; baseline 0.011 -3"><span class='ocrx_word' id='word_1_284' title='bbox 453 2676 629 2724; x_wconf 88' lang='lat' dir='ltr'><strong>ratur.</strong></span> 
     </span>
    </p>
   </div>
   <div class='ocr_carea' id='block_1_41' title="bbox 2143 1833 3705 1922">
    <p class='ocr_par' dir='ltr' id='par_1_41' title="bbox 2143 1833 3705 1922">
     <span class='ocr_line' id='line_1_41' title="bbox 2143 1833 3705 1922; baseline -0.004 -16"><span class='ocrx_word' id='word_1_285' title='bbox 2143 1852 2252 1921; x_wconf 76' lang='grc' dir='ltr'><strong>τῆς</strong></span> <span class='ocrx_word' id='word_1_286' title='bbox 2296 1852 2429 1922; x_wconf 70' lang='grc' dir='ltr'><strong>γῆς.</strong></span> <span class='ocrx_word' id='word_1_287' title='bbox 2489 1852 2555 1904; x_wconf 88' lang='grc' dir='ltr'>Τί</span> <span class='ocrx_word' id='word_1_288' title='bbox 2593 1851 2649 1907; x_wconf 79' lang='grc' dir='ltr'>δέ</span> <span class='ocrx_word' id='word_1_289' title='bbox 2701 1853 2817 1905; x_wconf 74' lang='grc' dir='ltr'>ἐστι</span> <span class='ocrx_word' id='word_1_290' title='bbox 2865 1849 3055 1915; x_wconf 76' lang='grc' dir='ltr'>τοῦτο;</span> <span class='ocrx_word' id='word_1_291' title='bbox 3087 1845 3197 1920; x_wconf 86' lang='grc' dir='ltr'>ἆρα</span> <span class='ocrx_word' id='word_1_292' title='bbox 3244 1848 3321 1919; x_wconf 82' lang='grc' dir='ltr'>μὴ</span> <span class='ocrx_word' id='word_1_293' title='bbox 3353 1850 3486 1905; x_wconf 81' lang='grc' dir='ltr'>κατὰ</span> <span class='ocrx_word' id='word_1_294' title='bbox 3505 1833 3705 1918; x_wconf 69' lang='grc' dir='ltr'>τὴντι-’</span> 
     </span>
    </p>
   </div>
   <div class='ocr_carea' id='block_1_42' title="bbox 2143 1941 3669 2015">
    <p class='ocr_par' dir='ltr' id='par_1_42' title="bbox 2143 1941 3669 2015">
     <span class='ocr_line' id='line_1_42' title="bbox 2143 1941 3669 2015; baseline -0.005 -15"><span class='ocrx_word' id='word_1_295' title='bbox 2143 1946 2249 2000; x_wconf 77' lang='grc' dir='ltr'><strong>νῶν</strong></span> <span class='ocrx_word' id='word_1_296' title='bbox 2283 1946 2557 2009; x_wconf 82' lang='grc' dir='ltr'>ὑπόνοιαν,</span> <span class='ocrx_word' id='word_1_297' title='bbox 2600 1946 2751 2015; x_wconf 81' lang='grc' dir='ltr'>τρεῖς</span> <span class='ocrx_word' id='word_1_298' title='bbox 2787 1942 3105 2015; x_wconf 83' lang='grc' dir='ltr'>ἀνθρώπους</span> <span class='ocrx_word' id='word_1_299' title='bbox 3155 1941 3386 2013; x_wconf 77' lang='grc' dir='ltr'>λέγομεν</span> <span class='ocrx_word' id='word_1_300' title='bbox 3421 1941 3669 2011; x_wconf 74' lang='grc' dir='ltr'>γεγονέναι,</span> 
     </span>
    </p>
   </div>
   <div class='ocr_carea' id='block_1_43' title="bbox 2142 2033 3669 2111">
    <p class='ocr_par' dir='ltr' id='par_1_43' title="bbox 2142 2033 3669 2111">
     <span class='ocr_line' id='line_1_43' title="bbox 2142 2033 3669 2111; baseline -0.007 -18"><span class='ocrx_word' id='word_1_301' title='bbox 2142 2040 2239 2096; x_wconf 77' lang='grc' dir='ltr'>ἕνα</span> <span class='ocrx_word' id='word_1_302' title='bbox 2264 2038 2652 2111; x_wconf 85' lang='grc' dir='ltr'>πνευματικὸν,</span> <span class='ocrx_word' id='word_1_303' title='bbox 2700 2037 2796 2091; x_wconf 74' lang='grc' dir='ltr'><strong>καὶ</strong></span> <span class='ocrx_word' id='word_1_304' title='bbox 2853 2036 2948 2089; x_wconf 73' lang='grc' dir='ltr'><strong>ἕνα</strong></span> <span class='ocrx_word' id='word_1_305' title='bbox 2974 2035 3223 2107; x_wconf 74' lang='grc' dir='ltr'>ψυχικὸν,</span> <span class='ocrx_word' id='word_1_306' title='bbox 3252 2035 3351 2089; x_wconf 68' lang='grc' dir='ltr'><strong>καὶ</strong></span> <span class='ocrx_word' id='word_1_307' title='bbox 3382 2035 3471 2087; x_wconf 75' lang='grc' dir='ltr'><strong>ἕνα</strong></span> <span class='ocrx_word' id='word_1_308' title='bbox 3496 2033 3669 2104; x_wconf 75' lang='grc' dir='ltr'>χοῖκόν;</span> 
     </span>
    </p>
   </div>
   <div class='ocr_carea' id='block_1_44' title="bbox 2142 2126 3673 2204">
    <p class='ocr_par' dir='ltr' id='par_1_44' title="bbox 2142 2126 3673 2204">
     <span class='ocr_line' id='line_1_44' title="bbox 2142 2126 3673 2204; baseline -0.007 -17"><span class='ocrx_word' id='word_1_309' title='bbox 2142 2133 2241 2204; x_wconf 78' lang='grc' dir='ltr'><strong>οὐχ</strong></span> <span class='ocrx_word' id='word_1_310' title='bbox 2267 2131 2438 2195; x_wconf 77' lang='grc' dir='ltr'>οὕτως</span> <span class='ocrx_word' id='word_1_311' title='bbox 2470 2130 2605 2202; x_wconf 77' lang='grc' dir='ltr'><strong>ἔχει,</strong></span> <span class='ocrx_word' id='word_1_312' title='bbox 2663 2128 2799 2186; x_wconf 78' lang='grc' dir='ltr'>ἀλλὰ</span> <span class='ocrx_word' id='word_1_313' title='bbox 2853 2129 2980 2200; x_wconf 77' lang='grc' dir='ltr'>περὶ</span> <span class='ocrx_word' id='word_1_314' title='bbox 3029 2128 3147 2191; x_wconf 81' lang='grc' dir='ltr'>ἐνὸς</span> <span class='ocrx_word' id='word_1_315' title='bbox 3185 2126 3469 2200; x_wconf 78' lang='grc' dir='ltr'>ἀνθρώπου</span> <span class='ocrx_word' id='word_1_316' title='bbox 3503 2127 3673 2196; x_wconf 57' lang='lat' dir='ltr'><strong>iii-.551</strong></span> 
     </span>
    </p>
   </div>
   <div class='ocr_carea' id='block_1_45' title="bbox 2142 2218 3671 2295">
    <p class='ocr_par' dir='ltr' id='par_1_45' title="bbox 2142 2218 3671 2295">
     <span class='ocr_line' id='line_1_45' title="bbox 2142 2218 3671 2295; baseline -0.006 -18"><span class='ocrx_word' id='word_1_317' title='bbox 2142 2224 2410 2295; x_wconf 81' lang='grc' dir='ltr'><strong>διήγησις·</strong></span> <span class='ocrx_word' id='word_1_318' title='bbox 2452 2222 2510 2275; x_wconf 85' lang='grc' dir='ltr'>τὸ</span> <span class='ocrx_word' id='word_1_319' title='bbox 2553 2219 2680 2293; x_wconf 81' lang='grc' dir='ltr'><strong>γάρ·</strong></span> <span class='ocrx_word' id='word_1_320' title='bbox 2707 2219 3076 2289; x_wconf 75' lang='grc' dir='ltr'><strong>Ποιήσωμεν,</strong></span> <span class='ocrx_word' id='word_1_321' title='bbox 3108 2220 3236 2291; x_wconf 69' lang='grc' dir='ltr'>περὶ</span> <span class='ocrx_word' id='word_1_322' title='bbox 3279 2218 3548 2290; x_wconf 72' lang='grc' dir='ltr'>μέλλοντός</span> <span class='ocrx_word' id='word_1_323' title='bbox 3567 2219 3671 2269; x_wconf 69' lang='grc' dir='ltr'><strong>ἐστι·</strong></span> 
     </span>
    </p>
   </div>
   <div class='ocr_carea' id='block_1_46' title="bbox 2140 2306 3671 2381">
    <p class='ocr_par' dir='ltr' id='par_1_46' title="bbox 2140 2306 3671 2381">
     <span class='ocr_line' id='line_1_46' title="bbox 2140 2306 3671 2381; baseline -0.005 -14"><span class='ocrx_word' id='word_1_324' title='bbox 2140 2314 2200 2367; x_wconf 86' lang='grc' dir='ltr'><strong>τὸ</strong></span> <span class='ocrx_word' id='word_1_325' title='bbox 2226 2313 2304 2367; x_wconf 78' lang='grc' dir='ltr'><strong>δέ·</strong></span> <span class='ocrx_word' id='word_1_326' title='bbox 2344 2313 2662 2380; x_wconf 79' lang='grc' dir='ltr'><strong>Ἐποίησεν</strong></span> <span class='ocrx_word' id='word_1_327' title='bbox 2685 2315 2717 2365; x_wconf 85' lang='grc' dir='ltr'><strong><em>ό</em></strong></span> <span class='ocrx_word' id='word_1_328' title='bbox 2749 2310 2892 2377; x_wconf 78' lang='grc' dir='ltr'><strong>Θεὸς</strong></span> <span class='ocrx_word' id='word_1_329' title='bbox 2922 2311 3031 2365; x_wconf 73' lang='grc' dir='ltr'><strong>τὸν</strong></span> <span class='ocrx_word' id='word_1_330' title='bbox 3057 2310 3377 2379; x_wconf 70' lang='grc' dir='ltr'><strong>ἄνθρωπον</strong></span> <span class='ocrx_word' id='word_1_331' title='bbox 3423 2310 3558 2381; x_wconf 75' lang='grc' dir='ltr'>χοῦν</span> <span class='ocrx_word' id='word_1_332' title='bbox 3580 2306 3671 2361; x_wconf 71' lang='grc' dir='ltr'><strong>ἀπὸ</strong></span> 
     </span>
    </p>
   </div>
   <div class='ocr_carea' id='block_1_47' title="bbox 2141 2400 3674 2476">
    <p class='ocr_par' dir='ltr' id='par_1_47' title="bbox 2141 2400 3674 2476">
     <span class='ocr_line' id='line_1_47' title="bbox 2141 2400 3674 2476; baseline -0.006 -15"><span class='ocrx_word' id='word_1_333' title='bbox 2141 2405 2252 2474; x_wconf 79' lang='grc' dir='ltr'><strong>τῆς</strong></span> <span class='ocrx_word' id='word_1_334' title='bbox 2281 2404 2415 2474; x_wconf 73' lang='grc' dir='ltr'><strong>γῆς,</strong></span> <span class='ocrx_word' id='word_1_335' title='bbox 2448 2403 2589 2457; x_wconf 81' lang='grc' dir='ltr'>ὥστε</span> <span class='ocrx_word' id='word_1_336' title='bbox 2623 2404 2750 2476; x_wconf 77' lang='grc' dir='ltr'>περὶ</span> <span class='ocrx_word' id='word_1_337' title='bbox 2771 2404 2886 2467; x_wconf 83' lang='grc' dir='ltr'>ἐνὸς</span> <span class='ocrx_word' id='word_1_338' title='bbox 2909 2402 3197 2475; x_wconf 82' lang='grc' dir='ltr'>ἀνθρώπου</span> <span class='ocrx_word' id='word_1_339' title='bbox 3228 2402 3323 2456; x_wconf 76' lang='grc' dir='ltr'><strong>τοῦ</strong></span> <span class='ocrx_word' id='word_1_340' title='bbox 3358 2402 3512 2456; x_wconf 76' lang='grc' dir='ltr'>αὐτοῦ</span> <span class='ocrx_word' id='word_1_341' title='bbox 3536 2403 3563 2471; x_wconf 78' lang='grc' dir='ltr'>ἠ</span> <span class='ocrx_word' id='word_1_342' title='bbox 3586 2400 3674 2469; x_wconf 79' lang='grc' dir='ltr'><strong>διή-</strong></span> 
     </span>
    </p>
   </div>
   <div class='ocr_carea' id='block_1_48' title="bbox 2141 2487 3674 2567">
    <p class='ocr_par' dir='ltr' id='par_1_48' title="bbox 2141 2487 3674 2567">
     <span class='ocr_line' id='line_1_48' title="bbox 2141 2487 3674 2567; baseline -0.004 -18"><span class='ocrx_word' id='word_1_343' title='bbox 2141 2513 2304 2567; x_wconf 84' lang='grc' dir='ltr'><strong>γησις</strong></span> <span class='ocrx_word' id='word_1_344' title='bbox 2355 2497 2583 2565; x_wconf 85' lang='grc' dir='ltr'>γίνεται·</span> <span class='ocrx_word' id='word_1_345' title='bbox 2615 2496 2735 2549; x_wconf 82' lang='grc' dir='ltr'>τότε</span> <span class='ocrx_word' id='word_1_346' title='bbox 2769 2495 2876 2567; x_wconf 84' lang='grc' dir='ltr'><strong>γὰρ</strong></span> <span class='ocrx_word' id='word_1_347' title='bbox 2908 2495 3055 2564; x_wconf 81' lang='grc' dir='ltr'>λέγει</span> <span class='ocrx_word' id='word_1_348' title='bbox 3075 2514 3088 2526; x_wconf 72' lang='grc' dir='ltr'><strong>ο</strong></span> <span class='ocrx_word' id='word_1_349' title='bbox 3121 2487 3515 2563; x_wconf 70' lang='grc' dir='ltr'><strong>Γενήσεσθαι,</strong></span> <span class='ocrx_word' id='word_1_350' title='bbox 3540 2493 3614 2546; x_wconf 74' lang='grc' dir='ltr'><strong>νῦν</strong></span> <span class='ocrx_word' id='word_1_351' title='bbox 3633 2493 3674 2544; x_wconf 75' lang='grc' dir='ltr'><strong>δὲ</strong></span> 
     </span>
    </p>
   </div>
   <div class='ocr_carea' id='block_1_49' title="bbox 2146 2588 3163 2663">
    <p class='ocr_par' dir='ltr' id='par_1_49' title="bbox 2146 2588 3163 2663">
     <span class='ocr_line' id='line_1_49' title="bbox 2146 2588 3163 2663; baseline 0 -20"><span class='ocrx_word' id='word_1_352' title='bbox 2146 2590 2312 2651; x_wconf 83' lang='grc' dir='ltr'>ποιεῖ,</span> <span class='ocrx_word' id='word_1_353' title='bbox 2343 2588 2445 2645; x_wconf 73' lang='grc' dir='ltr'>καὶ,</span> <span class='ocrx_word' id='word_1_354' title='bbox 2459 2589 2518 2642; x_wconf 83' lang='grc' dir='ltr'>τὸ</span> <span class='ocrx_word' id='word_1_355' title='bbox 2551 2588 2669 2654; x_wconf 36' lang='grc' dir='ltr'><strong>πῶς,</strong></span> <span class='ocrx_word' id='word_1_356' title='bbox 2700 2592 2845 2645; x_wconf 89' lang='grc' dir='ltr'>ποιεῖ</span> <span class='ocrx_word' id='word_1_357' title='bbox 2869 2589 3163 2663; x_wconf 68' lang='grc' dir='ltr'><strong>διηγεῖται.,</strong></span> 
     </span>
    </p>
   </div>
   <div class='ocr_carea' id='block_1_50' title="bbox 2049 2792 2140 2849">
    <p class='ocr_par' dir='ltr' id='par_1_50' title="bbox 2049 2792 2140 2849">
     <span class='ocr_line' id='line_1_50' title="bbox 2049 2792 2140 2849; baseline 0.044 -4"><span class='ocrx_word' id='word_1_358' title='bbox 2049 2792 2140 2849; x_wconf 78' lang='lat' dir='ltr'><strong>iii.</strong></span> 
     </span>
    </p>
   </div>
   <div class='ocr_carea' id='block_1_51' title="bbox 984 2879 3189 2961">
    <p class='ocr_par' dir='ltr' id='par_1_51' title="bbox 984 2879 3189 2961">
     <span class='ocr_line' id='line_1_51' title="bbox 984 2879 3189 2961; baseline 0.005 -27"><span class='ocrx_word' id='word_1_359' title='bbox 984 2879 1141 2951; x_wconf 78' lang='lat' dir='ltr'><strong>Apud</strong></span> <span class='ocrx_word' id='word_1_360' title='bbox 1171 2882 1230 2939; x_wconf 77' lang='lat'><strong>3.</strong></span> <span class='ocrx_word' id='word_1_361' title='bbox 1268 2882 1651 2955; x_wconf 80' lang='lat' dir='ltr'><strong>Hieronymum</strong></span> <span class='ocrx_word' id='word_1_362' title='bbox 1676 2925 1701 2951; x_wconf 88' lang='lat'><strong>,.</strong></span> <span class='ocrx_word' id='word_1_363' title='bbox 1725 2885 1884 2957; x_wconf 78' lang='lat' dir='ltr'><strong>epist.</strong></span> <span class='ocrx_word' id='word_1_364' title='bbox 1922 2886 1997 2941; x_wconf 27' lang='lat'><strong>56.</strong></span> <span class='ocrx_word' id='word_1_365' title='bbox 2022 2887 2090 2942; x_wconf 86' lang='lat' dir='ltr'><strong>ad</strong></span> <span class='ocrx_word' id='word_1_366' title='bbox 2122 2888 2436 2953; x_wconf 87' lang='lat' dir='ltr'><strong>Damasum,</strong></span> <span class='ocrx_word' id='word_1_367' title='bbox 2470 2905 2614 2944; x_wconf 88' lang='lat' dir='ltr'><strong>num.</strong></span> <span class='ocrx_word' id='word_1_368' title='bbox 2647 2888 2735 2946; x_wconf 68' lang='grc'><strong>18.</strong></span> <span class='ocrx_word' id='word_1_369' title='bbox 2770 2887 2879 2961; x_wconf 78' lang='lat' dir='ltr'><strong>(Ex</strong></span> <span class='ocrx_word' id='word_1_370' title='bbox 2913 2886 3189 2957; x_wconf 84' lang='lat' dir='ltr'><strong>Galland.)</strong></span> 
     </span>
    </p>
   </div>
   <div class='ocr_carea' id='block_1_52' title="bbox 528 2973 3677 3055">
    <p class='ocr_par' dir='ltr' id='par_1_52' title="bbox 528 2973 3677 3055">
     <span class='ocr_line' id='line_1_52' title="bbox 528 2973 3677 3055; baseline 0 -27"><span class='ocrx_word' id='word_1_371' title='bbox 528 2974 641 3046; x_wconf 67' lang='lat'><strong>(1‘2)</strong></span> <span class='ocrx_word' id='word_1_372' title='bbox 673 2973 826 3031; x_wconf 84' lang='lat' dir='ltr'><strong>Isaac</strong></span> <span class='ocrx_word' id='word_1_373' title='bbox 867 2986 1051 3046; x_wconf 87' lang='lat' dir='ltr'><strong>portat</strong></span> <span class='ocrx_word' id='word_1_374' title='bbox 1106 2979 1398 3050; x_wconf 80' lang='lat' dir='ltr'><strong>imaginem</strong></span> <span class='ocrx_word' id='word_1_375' title='bbox 1426 2980 1522 3035; x_wconf 87' lang='lat' dir='ltr'><strong>Dei</strong></span> <span class='ocrx_word' id='word_1_376' title='bbox 1554 2980 1753 3038; x_wconf 83' lang='lat' dir='ltr'><strong>Patris.</strong></span> <span class='ocrx_word' id='word_1_377' title='bbox 1787 2981 2034 3038; x_wconf 83' lang='lat' dir='ltr'><strong>Rebecca</strong></span> <span class='ocrx_word' id='word_1_378' title='bbox 2063 2990 2104 3046; x_wconf 87' lang='lat' dir='ltr'><strong>C</strong></span> <span class='ocrx_word' id='word_1_379' title='bbox 2140 2984 2291 3040; x_wconf 91' lang='lat' dir='ltr'><strong>ribus</strong></span> <span class='ocrx_word' id='word_1_380' title='bbox 2320 2985 2683 3055; x_wconf 88' lang='lat' dir='ltr'><strong>accipiuntur.</strong></span> <span class='ocrx_word' id='word_1_381' title='bbox 2735 2983 2891 3050; x_wconf 88' lang='lat' dir='ltr'><strong>Quod</strong></span> <span class='ocrx_word' id='word_1_382' title='bbox 2950 2992 3129 3038; x_wconf 91' lang='lat' dir='ltr'><strong>autem</strong></span> <span class='ocrx_word' id='word_1_383' title='bbox 3197 2984 3334 3038; x_wconf 86' lang='lat' dir='ltr'><strong>duos</strong></span> <span class='ocrx_word' id='word_1_384' title='bbox 3380 2982 3587 3052; x_wconf 86' lang='lat' dir='ltr'><strong>iubetur</strong></span> <span class='ocrx_word' id='word_1_385' title='bbox 3615 2975 3677 3030; x_wconf 86' lang='lat' dir='ltr'><strong>al-</strong></span> 
     </span>
    </p>
   </div>
   <div class='ocr_carea' id='block_1_53' title="bbox 457 3065 2035 3141">
    <p class='ocr_par' dir='ltr' id='par_1_53' title="bbox 457 3065 2035 3141">
     <span class='ocr_line' id='line_1_53' title="bbox 457 3065 2035 3141; baseline 0.004 -21"><span class='ocrx_word' id='word_1_386' title='bbox 457 3065 693 3137; x_wconf 86' lang='lat' dir='ltr'><strong>Spiritus</strong></span> <span class='ocrx_word' id='word_1_387' title='bbox 728 3067 927 3122; x_wconf 85' lang='lat' dir='ltr'><strong>sancti.</strong></span> <span class='ocrx_word' id='word_1_388' title='bbox 954 3068 1096 3123; x_wconf 86' lang='lat' dir='ltr'><strong>Esau</strong></span> <span class='ocrx_word' id='word_1_389' title='bbox 1122 3071 1309 3140; x_wconf 80' lang='lat' dir='ltr'><strong>populi</strong></span> <span class='ocrx_word' id='word_1_390' title='bbox 1341 3072 1566 3141; x_wconf 87' lang='lat' dir='ltr'><strong>prioris,</strong></span> <span class='ocrx_word' id='word_1_391' title='bbox 1596 3082 1651 3128; x_wconf 88' lang='lat' dir='ltr'><strong>et</strong></span> <span class='ocrx_word' id='word_1_392' title='bbox 1685 3073 1911 3129; x_wconf 83' lang='lat' dir='ltr'><strong>diaboli.</strong></span> <span class='ocrx_word' id='word_1_393' title='bbox 1942 3071 2035 3127; x_wconf 90' lang='lat' dir='ltr'><strong>Ja-</strong></span> 
     </span>
    </p>
   </div>
   <div class='ocr_carea' id='block_1_54' title="bbox 454 3160 2038 3231">
    <p class='ocr_par' dir='ltr' id='par_1_54' title="bbox 454 3160 2038 3231">
     <span class='ocr_line' id='line_1_54' title="bbox 454 3160 2038 3231; baseline 0.003 -17"><span class='ocrx_word' id='word_1_394' title='bbox 454 3160 557 3214; x_wconf 90' lang='lat' dir='ltr'><strong>cob</strong></span> <span class='ocrx_word' id='word_1_395' title='bbox 582 3160 856 3226; x_wconf 84' lang='lat' dir='ltr'><strong>Ecclesiae,</strong></span> <span class='ocrx_word' id='word_1_396' title='bbox 879 3161 995 3215; x_wconf 88' lang='lat' dir='ltr'><strong>sive</strong></span> <span class='ocrx_word' id='word_1_397' title='bbox 1023 3161 1251 3217; x_wconf 88' lang='lat' dir='ltr'><strong>Christi.</strong></span> <span class='ocrx_word' id='word_1_398' title='bbox 1279 3164 1541 3220; x_wconf 91' lang='lat' dir='ltr'><strong>Senuisse</strong></span> <span class='ocrx_word' id='word_1_399' title='bbox 1576 3163 1750 3231; x_wconf 89' lang='lat' dir='ltr'><strong>Isaac,</strong></span> <span class='ocrx_word' id='word_1_400' title='bbox 1779 3181 2038 3221; x_wconf 90' lang='lat' dir='ltr'><strong>consum-</strong></span> 
     </span>
    </p>
   </div>
   <div class='ocr_carea' id='block_1_55' title="bbox 454 3253 2036 3331">
    <p class='ocr_par' dir='ltr' id='par_1_55' title="bbox 454 3253 2036 3331">
     <span class='ocr_line' id='line_1_55' title="bbox 454 3253 2036 3331; baseline 0.007 -24"><span class='ocrx_word' id='word_1_401' title='bbox 454 3253 755 3308; x_wconf 86' lang='lat' dir='ltr'><strong>mationem</strong></span> <span class='ocrx_word' id='word_1_402' title='bbox 804 3253 956 3310; x_wconf 86' lang='lat' dir='ltr'><strong>orbis</strong></span> <span class='ocrx_word' id='word_1_403' title='bbox 1005 3256 1282 3310; x_wconf 87' lang='lat' dir='ltr'><strong>ostendit:</strong></span> <span class='ocrx_word' id='word_1_404' title='bbox 1341 3257 1514 3313; x_wconf 89' lang='lat' dir='ltr'><strong>oculis</strong></span> <span class='ocrx_word' id='word_1_405' title='bbox 1555 3259 1841 3331; x_wconf 87' lang='lat' dir='ltr'><strong>caligasse,</strong></span> <span class='ocrx_word' id='word_1_406' title='bbox 1876 3263 2036 3317; x_wconf 87' lang='lat' dir='ltr'><strong>ﬁdem</strong></span> 
     </span>
    </p>
   </div>
   <div class='ocr_carea' id='block_1_56' title="bbox 453 3343 2038 3418">
    <p class='ocr_par' dir='ltr' id='par_1_56' title="bbox 453 3343 2038 3418">
     <span class='ocr_line' id='line_1_56' title="bbox 453 3343 2038 3418; baseline 0.006 -21"><span class='ocrx_word' id='word_1_407' title='bbox 453 3343 664 3413; x_wconf 88' lang='lat' dir='ltr'><strong>perisse</strong></span> <span class='ocrx_word' id='word_1_408' title='bbox 691 3344 758 3398; x_wconf 78' lang='lat' dir='ltr'><strong>tle</strong></span> <span class='ocrx_word' id='word_1_409' title='bbox 787 3345 1017 3412; x_wconf 89' lang='lat' dir='ltr'><strong>mundo,</strong></span> <span class='ocrx_word' id='word_1_410' title='bbox 1072 3355 1127 3402; x_wconf 88' lang='lat' dir='ltr'><strong>et</strong></span> <span class='ocrx_word' id='word_1_411' title='bbox 1185 3348 1467 3418; x_wconf 82' lang='lat' dir='ltr'><strong>religionis</strong></span> <span class='ocrx_word' id='word_1_412' title='bbox 1516 3350 1700 3407; x_wconf 91' lang='lat' dir='ltr'><strong>lumen</strong></span> <span class='ocrx_word' id='word_1_413' title='bbox 1755 3362 1882 3407; x_wconf 89' lang='lat' dir='ltr'><strong>ante</strong></span> <span class='ocrx_word' id='word_1_414' title='bbox 1910 3369 2038 3409; x_wconf 92' lang='lat' dir='ltr'><strong>eum</strong></span> 
     </span>
    </p>
   </div>
   <div class='ocr_carea' id='block_1_57' title="bbox 454 3433 2041 3512">
    <p class='ocr_par' dir='ltr' id='par_1_57' title="bbox 454 3433 2041 3512">
     <span class='ocr_line' id='line_1_57' title="bbox 454 3433 2041 3512; baseline 0.008 -26"><span class='ocrx_word' id='word_1_415' title='bbox 454 3433 763 3503; x_wconf 82' lang='lat' dir='ltr'><strong>neglectum</strong></span> <span class='ocrx_word' id='word_1_416' title='bbox 792 3450 914 3490; x_wconf 93' lang='lat' dir='ltr'><strong>esse</strong></span> <span class='ocrx_word' id='word_1_417' title='bbox 945 3435 1234 3507; x_wconf 88' lang='lat' dir='ltr'><strong>signiﬁcat.</strong></span> <span class='ocrx_word' id='word_1_418' title='bbox 1265 3437 1420 3503; x_wconf 84' lang='lat' dir='ltr'><strong>Quod</strong></span> <span class='ocrx_word' id='word_1_419' title='bbox 1469 3439 1616 3495; x_wconf 92' lang='lat' dir='ltr'><strong>ﬁlius</strong></span> <span class='ocrx_word' id='word_1_420' title='bbox 1671 3442 1848 3512; x_wconf 87' lang='lat' dir='ltr'><strong>maior</strong></span> <span class='ocrx_word' id='word_1_421' title='bbox 1878 3459 2041 3497; x_wconf 87' lang='lat' dir='ltr'><strong>voea-</strong></span> 
     </span>
    </p>
   </div>
   <div class='ocr_carea' id='block_1_58' title="bbox 455 3525 2037 3603">
    <p class='ocr_par' dir='ltr' id='par_1_58' title="bbox 455 3525 2037 3603">
     <span class='ocr_line' id='line_1_58' title="bbox 455 3525 2037 3603; baseline 0.005 -23"><span class='ocrx_word' id='word_1_422' title='bbox 455 3535 567 3592; x_wconf 92' lang='lat' dir='ltr'><strong>tur,</strong></span> <span class='ocrx_word' id='word_1_423' title='bbox 605 3526 851 3595; x_wconf 77' lang='lat' dir='ltr'><strong>acceptio</strong></span> <span class='ocrx_word' id='word_1_424' title='bbox 880 3526 1016 3597; x_wconf 80' lang='lat' dir='ltr'><strong>legis</strong></span> <span class='ocrx_word' id='word_1_425' title='bbox 1053 3536 1135 3582; x_wconf 89' lang='lat' dir='ltr'><strong>est</strong></span> <span class='ocrx_word' id='word_1_426' title='bbox 1163 3525 1499 3582; x_wconf 74' lang='lat' dir='ltr'><strong>Jndzeorum.</strong></span> <span class='ocrx_word' id='word_1_427' title='bbox 1533 3529 1690 3595; x_wconf 83' lang='lat' dir='ltr'><strong>Quod</strong></span> <span class='ocrx_word' id='word_1_428' title='bbox 1715 3548 1872 3588; x_wconf 88' lang='lat' dir='ltr'><strong>escas</strong></span> <span class='ocrx_word' id='word_1_429' title='bbox 1918 3533 2037 3603; x_wconf 90' lang='lat' dir='ltr'><strong>eius</strong></span> 
     </span>
    </p>
   </div>
   <div class='ocr_carea' id='block_1_59' title="bbox 453 3617 2039 3689">
    <p class='ocr_par' dir='ltr' id='par_1_59' title="bbox 453 3617 2039 3689">
     <span class='ocr_line' id='line_1_59' title="bbox 453 3617 2039 3689; baseline 0.004 -16"><span class='ocrx_word' id='word_1_430' title='bbox 453 3626 619 3686; x_wconf 80' lang='lat' dir='ltr'><strong>atque</strong></span> <span class='ocrx_word' id='word_1_431' title='bbox 652 3626 936 3685; x_wconf 81' lang='lat' dir='ltr'><strong>capturam</strong></span> <span class='ocrx_word' id='word_1_432' title='bbox 972 3617 1148 3689; x_wconf 83' lang='lat' dir='ltr'><strong>diligit</strong></span> <span class='ocrx_word' id='word_1_433' title='bbox 1189 3628 1366 3687; x_wconf 88' lang='lat' dir='ltr'><strong>pater,</strong></span> <span class='ocrx_word' id='word_1_434' title='bbox 1411 3621 1663 3677; x_wconf 91' lang='lat' dir='ltr'><strong>homines</strong></span> <span class='ocrx_word' id='word_1_435' title='bbox 1694 3633 1824 3679; x_wconf 89' lang='lat' dir='ltr'><strong>sunt</strong></span> <span class='ocrx_word' id='word_1_436' title='bbox 1855 3625 1925 3680; x_wconf 88' lang='lat' dir='ltr'><strong>ab</strong></span> <span class='ocrx_word' id='word_1_437' title='bbox 1950 3642 2039 3680; x_wconf 89' lang='lat' dir='ltr'><strong>er-</strong></span> 
     </span>
    </p>
   </div>
   <div class='ocr_carea' id='block_1_60' title="bbox 452 3708 2039 3788">
    <p class='ocr_par' dir='ltr' id='par_1_60' title="bbox 452 3708 2039 3788">
     <span class='ocr_line' id='line_1_60' title="bbox 452 3708 2039 3788; baseline 0.006 -25"><span class='ocrx_word' id='word_1_438' title='bbox 452 3724 581 3764; x_wconf 89' lang='lat' dir='ltr'><strong>rore</strong></span> <span class='ocrx_word' id='word_1_439' title='bbox 612 3708 829 3774; x_wconf 88' lang='lat' dir='ltr'><strong>salvati,</strong></span> <span class='ocrx_word' id='word_1_440' title='bbox 877 3724 1019 3778; x_wconf 90' lang='lat' dir='ltr'><strong>quos</strong></span> <span class='ocrx_word' id='word_1_441' title='bbox 1073 3726 1171 3779; x_wconf 86' lang='lat' dir='ltr'><strong>per</strong></span> <span class='ocrx_word' id='word_1_442' title='bbox 1224 3712 1531 3767; x_wconf 90' lang='lat' dir='ltr'><strong>doctrinam</strong></span> <span class='ocrx_word' id='word_1_443' title='bbox 1584 3715 1769 3783; x_wconf 90' lang='lat' dir='ltr'><strong>iustus</strong></span> <span class='ocrx_word' id='word_1_444' title='bbox 1805 3718 2039 3788; x_wconf 90' lang='lat' dir='ltr'><strong>quisque</strong></span> 
     </span>
    </p>
   </div>
   <div class='ocr_carea' id='block_1_61' title="bbox 452 3798 2036 3878">
    <p class='ocr_par' dir='ltr' id='par_1_61' title="bbox 452 3798 2036 3878">
     <span class='ocr_line' id='line_1_61' title="bbox 452 3798 2036 3878; baseline 0.008 -25"><span class='ocrx_word' id='word_1_445' title='bbox 452 3812 706 3854; x_wconf 79' lang='lat' dir='ltr'><strong>venatur.</strong></span> <span class='ocrx_word' id='word_1_446' title='bbox 736 3798 929 3856; x_wconf 90' lang='lat' dir='ltr'><strong>Sermo</strong></span> <span class='ocrx_word' id='word_1_447' title='bbox 959 3801 1076 3869; x_wconf 88' lang='lat' dir='ltr'><strong>Dei,</strong></span> <span class='ocrx_word' id='word_1_448' title='bbox 1119 3804 1515 3861; x_wconf 88' lang='lat' dir='ltr'><strong>benedictionis</strong></span> <span class='ocrx_word' id='word_1_449' title='bbox 1550 3816 1633 3862; x_wconf 88' lang='lat' dir='ltr'><strong>est</strong></span> <span class='ocrx_word' id='word_1_450' title='bbox 1662 3811 2036 3878; x_wconf 86' lang='lat' dir='ltr'><strong>repromissio,</strong></span> 
     </span>
    </p>
   </div>
   <div class='ocr_carea' id='block_1_62' title="bbox 453 3894 2036 3968">
    <p class='ocr_par' dir='ltr' id='par_1_62' title="bbox 453 3894 2036 3968">
     <span class='ocr_line' id='line_1_62' title="bbox 453 3894 2036 3968; baseline 0.006 -20"><span class='ocrx_word' id='word_1_451' title='bbox 453 3903 509 3949; x_wconf 86' lang='lat' dir='ltr'><strong>et</strong></span> <span class='ocrx_word' id='word_1_452' title='bbox 534 3910 659 3964; x_wconf 88' lang='lat' dir='ltr'><strong>spes</strong></span> <span class='ocrx_word' id='word_1_453' title='bbox 705 3894 857 3965; x_wconf 81' lang='lat' dir='ltr'><strong>regni</strong></span> <span class='ocrx_word' id='word_1_454' title='bbox 910 3895 1126 3961; x_wconf 88' lang='lat' dir='ltr'><strong>futuri;</strong></span> <span class='ocrx_word' id='word_1_455' title='bbox 1186 3896 1242 3950; x_wconf 91' lang='lat' dir='ltr'><strong>in</strong></span> <span class='ocrx_word' id='word_1_456' title='bbox 1281 3914 1391 3968; x_wconf 89' lang='lat' dir='ltr'><strong>quo</strong></span> <span class='ocrx_word' id='word_1_457' title='bbox 1442 3915 1567 3953; x_wconf 92' lang='lat' dir='ltr'><strong>cum</strong></span> <span class='ocrx_word' id='word_1_458' title='bbox 1604 3900 1824 3956; x_wconf 82' lang='lat' dir='ltr'><strong>Christo</strong></span> <span class='ocrx_word' id='word_1_459' title='bbox 1863 3904 2036 3958; x_wconf 88' lang='lat' dir='ltr'><strong>sancti</strong></span> 
     </span>
    </p>
   </div>
   <div class='ocr_carea' id='block_1_63' title="bbox 454 3988 2035 4058">
    <p class='ocr_par' dir='ltr' id='par_1_63' title="bbox 454 3988 2035 4058">
     <span class='ocr_line' id='line_1_63' title="bbox 454 3988 2035 4058; baseline 0.006 -17"><span class='ocrx_word' id='word_1_460' title='bbox 454 3994 585 4041; x_wconf 88' lang='lat' dir='ltr'><strong>sunt</strong></span> <span class='ocrx_word' id='word_1_461' title='bbox 632 3988 934 4058; x_wconf 85' lang='lat' dir='ltr'><strong>regnaturi,</strong></span> <span class='ocrx_word' id='word_1_462' title='bbox 985 3999 1039 4044; x_wconf 91' lang='lat' dir='ltr'><strong>et</strong></span> <span class='ocrx_word' id='word_1_463' title='bbox 1085 4004 1275 4045; x_wconf 87' lang='lat' dir='ltr'><strong>verum</strong></span> <span class='ocrx_word' id='word_1_464' title='bbox 1322 3990 1627 4046; x_wconf 85' lang='lat' dir='ltr'><strong>Sabbatum</strong></span> <span class='ocrx_word' id='word_1_465' title='bbox 1687 3994 2035 4051; x_wconf 88' lang='lat' dir='ltr'><strong>celebraturi.</strong></span> 
     </span>
    </p>
   </div>
   <div class='ocr_carea' id='block_1_64' title="bbox 455 4077 2040 4153">
    <p class='ocr_par' dir='ltr' id='par_1_64' title="bbox 455 4077 2040 4153">
     <span class='ocr_line' id='line_1_64' title="bbox 455 4077 2040 4153; baseline 0.008 -22"><span class='ocrx_word' id='word_1_466' title='bbox 455 4077 703 4135; x_wconf 78' lang='lat' dir='ltr'><strong>Rebecca</strong></span> <span class='ocrx_word' id='word_1_467' title='bbox 733 4080 893 4150; x_wconf 89' lang='lat' dir='ltr'><strong>plena</strong></span> <span class='ocrx_word' id='word_1_468' title='bbox 924 4079 1132 4151; x_wconf 87' lang='lat' dir='ltr'><strong>Spiritu</strong></span> <span class='ocrx_word' id='word_1_469' title='bbox 1165 4091 1381 4148; x_wconf 89' lang='lat' dir='ltr'><strong>sancto,</strong></span> <span class='ocrx_word' id='word_1_470' title='bbox 1415 4082 1596 4138; x_wconf 89' lang='lat' dir='ltr'><strong>sciens</strong></span> <span class='ocrx_word' id='word_1_471' title='bbox 1616 4084 1749 4153; x_wconf 91' lang='lat' dir='ltr'><strong>quid</strong></span> <span class='ocrx_word' id='word_1_472' title='bbox 1796 4086 2040 4143; x_wconf 84' lang='lat' dir='ltr'><strong>audisset</strong></span> 
     </span>
    </p>
   </div>
   <div class='ocr_carea' id='block_1_65' title="bbox 455 4175 2034 4247">
    <p class='ocr_par' dir='ltr' id='par_1_65' title="bbox 455 4175 2034 4247">
     <span class='ocr_line' id='line_1_65' title="bbox 455 4175 2034 4247; baseline 0.004 -21"><span class='ocrx_word' id='word_1_473' title='bbox 455 4180 749 4243; x_wconf 82' lang='lat' dir='ltr'><strong>antequam</strong></span> <span class='ocrx_word' id='word_1_474' title='bbox 785 4184 1022 4244; x_wconf 88' lang='lat' dir='ltr'><strong>pareret,</strong></span> <span class='ocrx_word' id='word_1_475' title='bbox 1078 4176 1207 4245; x_wconf 82' lang='lat' dir='ltr'><strong>quia</strong></span> <span class='ocrx_word' id='word_1_476' title='bbox 1260 4175 1433 4241; x_wconf 84' lang='lat' dir='ltr'><strong>maior</strong></span> <span class='ocrx_word' id='word_1_477' title='bbox 1475 4178 1661 4231; x_wconf 80' lang='lat' dir='ltr'><strong>serviet</strong></span> <span class='ocrx_word' id='word_1_478' title='bbox 1716 4179 1909 4232; x_wconf 86' lang='lat' dir='ltr'><strong>minori</strong></span> <span class='ocrx_word' id='word_1_479' title='bbox 1956 4182 2034 4247; x_wconf 82' lang='grc'><strong>²⁶;</strong></span> 
     </span>
    </p>
   </div>
   <div class='ocr_carea' id='block_1_66' title="bbox 455 4264 2038 4335">
    <p class='ocr_par' dir='ltr' id='par_1_66' title="bbox 455 4264 2038 4335">
     <span class='ocr_line' id='line_1_66' title="bbox 455 4264 2038 4335; baseline 0.006 -19"><span class='ocrx_word' id='word_1_480' title='bbox 455 4264 632 4334; x_wconf 83' lang='lat' dir='ltr'><strong>magis</strong></span> <span class='ocrx_word' id='word_1_481' title='bbox 666 4274 849 4322; x_wconf 83' lang='lat' dir='ltr'><strong>autem</strong></span> <span class='ocrx_word' id='word_1_482' title='bbox 884 4265 1060 4320; x_wconf 88' lang='lat' dir='ltr'><strong>forma</strong></span> <span class='ocrx_word' id='word_1_483' title='bbox 1108 4266 1348 4335; x_wconf 79' lang='lat' dir='ltr'><strong>Spiritus</strong></span> <span class='ocrx_word' id='word_1_484' title='bbox 1392 4269 1590 4335; x_wconf 84' lang='lat' dir='ltr'><strong>sancti,</strong></span> <span class='ocrx_word' id='word_1_485' title='bbox 1628 4268 1682 4322; x_wconf 91' lang='lat' dir='ltr'><strong>in</strong></span> <span class='ocrx_word' id='word_1_486' title='bbox 1712 4268 1885 4324; x_wconf 87' lang='lat' dir='ltr'><strong>Jacob</strong></span> <span class='ocrx_word' id='word_1_487' title='bbox 1911 4281 2038 4326; x_wconf 86' lang='lat' dir='ltr'><strong>ante</strong></span> 
     </span>
    </p>
   </div>
   <div class='ocr_carea' id='block_1_67' title="bbox 2140 3069 3674 3147">
    <p class='ocr_par' dir='ltr' id='par_1_67' title="bbox 2140 3069 3674 3147">
     <span class='ocr_line' id='line_1_67' title="bbox 2140 3069 3674 3147; baseline -0.005 -16"><span class='ocrx_word' id='word_1_488' title='bbox 2140 3076 2301 3141; x_wconf 90' lang='lat' dir='ltr'><strong>ferre,</strong></span> <span class='ocrx_word' id='word_1_489' title='bbox 2334 3078 2565 3133; x_wconf 90' lang='lat' dir='ltr'><strong>duorum</strong></span> <span class='ocrx_word' id='word_1_490' title='bbox 2584 3076 2908 3147; x_wconf 90' lang='lat' dir='ltr'><strong>populorum</strong></span> <span class='ocrx_word' id='word_1_491' title='bbox 2941 3075 3355 3147; x_wconf 88' lang='lat' dir='ltr'><strong>signiﬁcabatur</strong></span> <span class='ocrx_word' id='word_1_492' title='bbox 3379 3069 3674 3142; x_wconf 85' lang='lat' dir='ltr'><strong>assumptio;</strong></span> 
     </span>
    </p>
   </div>
   <div class='ocr_carea' id='block_1_68' title="bbox 2141 3166 3679 3239">
    <p class='ocr_par' dir='ltr' id='par_1_68' title="bbox 2141 3166 3679 3239">
     <span class='ocr_line' id='line_1_68' title="bbox 2141 3166 3679 3239; baseline -0.006 -15"><span class='ocrx_word' id='word_1_493' title='bbox 2141 3169 2287 3239; x_wconf 89' lang='lat' dir='ltr'><strong>quod</strong></span> <span class='ocrx_word' id='word_1_494' title='bbox 2312 3178 2514 3223; x_wconf 88' lang='lat' dir='ltr'><strong>teneros</strong></span> <span class='ocrx_word' id='word_1_495' title='bbox 2566 3176 2621 3223; x_wconf 88' lang='lat' dir='ltr'><strong>et</strong></span> <span class='ocrx_word' id='word_1_496' title='bbox 2654 3172 2838 3236; x_wconf 84' lang='lat' dir='ltr'><strong>bonos,</strong></span> <span class='ocrx_word' id='word_1_497' title='bbox 2873 3167 3079 3223; x_wconf 89' lang='lat' dir='ltr'><strong>dociles</strong></span> <span class='ocrx_word' id='word_1_498' title='bbox 3104 3176 3160 3223; x_wconf 88' lang='lat' dir='ltr'><strong>et</strong></span> <span class='ocrx_word' id='word_1_499' title='bbox 3183 3168 3499 3224; x_wconf 85' lang='lat' dir='ltr'><strong>innocentes</strong></span> <span class='ocrx_word' id='word_1_500' title='bbox 3523 3166 3679 3221; x_wconf 73' lang='lat' dir='ltr'><strong>anima:</strong></span> 
     </span>
    </p>
   </div>
   <div class='ocr_carea' id='block_1_69' title="bbox 2141 3254 3678 3332">
    <p class='ocr_par' dir='ltr' id='par_1_69' title="bbox 2141 3254 3678 3332">
     <span class='ocr_line' id='line_1_69' title="bbox 2141 3254 3678 3332; baseline -0.006 -16"><span class='ocrx_word' id='word_1_501' title='bbox 2141 3261 2274 3332; x_wconf 70' lang='grc'><strong>(14).</strong></span> <span class='ocrx_word' id='word_1_502' title='bbox 2307 3262 2454 3316; x_wconf 90' lang='lat' dir='ltr'><strong>Stola</strong></span> <span class='ocrx_word' id='word_1_503' title='bbox 2502 3260 2586 3314; x_wconf 90' lang='lat' dir='ltr'><strong>vel</strong></span> <span class='ocrx_word' id='word_1_504' title='bbox 2638 3262 3027 3315; x_wconf 85' lang='lat' dir='ltr'><strong>vestimentum</strong></span> <span class='ocrx_word' id='word_1_505' title='bbox 3079 3258 3247 3326; x_wconf 87' lang='lat' dir='ltr'><strong>Esau,</strong></span> <span class='ocrx_word' id='word_1_506' title='bbox 3283 3261 3425 3315; x_wconf 90' lang='lat' dir='ltr'><strong>ﬁdes</strong></span> <span class='ocrx_word' id='word_1_507' title='bbox 3473 3269 3523 3314; x_wconf 89' lang='lat' dir='ltr'><strong>et</strong></span> <span class='ocrx_word' id='word_1_508' title='bbox 3564 3254 3678 3310; x_wconf 85' lang='lat' dir='ltr'><strong>Scri-</strong></span> 
     </span>
    </p>
   </div>
   <div class='ocr_carea' id='block_1_70' title="bbox 2139 3349 3679 3422">
    <p class='ocr_par' dir='ltr' id='par_1_70' title="bbox 2139 3349 3679 3422">
     <span class='ocr_line' id='line_1_70' title="bbox 2139 3349 3679 3422; baseline -0.005 -15"><span class='ocrx_word' id='word_1_509' title='bbox 2139 3362 2314 3422; x_wconf 71' lang='lat' dir='ltr'><strong>ptura:</strong></span> <span class='ocrx_word' id='word_1_510' title='bbox 2347 3365 2476 3409; x_wconf 92' lang='lat' dir='ltr'><strong>sunt</strong></span> <span class='ocrx_word' id='word_1_511' title='bbox 2510 3353 2884 3419; x_wconf 81' lang='lat' dir='ltr'><strong>Hebraeorum,</strong></span> <span class='ocrx_word' id='word_1_512' title='bbox 2930 3352 3133 3422; x_wconf 88' lang='lat' dir='ltr'><strong>quibus</strong></span> <span class='ocrx_word' id='word_1_513' title='bbox 3178 3351 3465 3422; x_wconf 79' lang='lat' dir='ltr'><strong>gentilium</strong></span> <span class='ocrx_word' id='word_1_514' title='bbox 3499 3349 3679 3404; x_wconf 85' lang='lat' dir='ltr'><strong>indutus</strong></span> 
     </span>
    </p>
   </div>
   <div class='ocr_carea' id='block_1_71' title="bbox 2140 3442 3674 3515">
    <p class='ocr_par' dir='ltr' id='par_1_71' title="bbox 2140 3442 3674 3515">
     <span class='ocr_line' id='line_1_71' title="bbox 2140 3442 3674 3515; baseline -0.003 -18"><span class='ocrx_word' id='word_1_515' title='bbox 2140 3452 2223 3497; x_wconf 88' lang='lat' dir='ltr'><strong>est</strong></span> <span class='ocrx_word' id='word_1_516' title='bbox 2244 3445 2492 3513; x_wconf 86' lang='lat' dir='ltr'><strong>populus.</strong></span> <span class='ocrx_word' id='word_1_517' title='bbox 2526 3444 2701 3500; x_wconf 89' lang='lat' dir='ltr'><strong>Pelles</strong></span> <span class='ocrx_word' id='word_1_518' title='bbox 2744 3460 2867 3515; x_wconf 87' lang='lat' dir='ltr'><strong>quae</strong></span> <span class='ocrx_word' id='word_1_519' title='bbox 2899 3444 3018 3515; x_wconf 91' lang='lat' dir='ltr'><strong>eius</strong></span> <span class='ocrx_word' id='word_1_520' title='bbox 3069 3444 3320 3500; x_wconf 88' lang='lat' dir='ltr'><strong>brachiis</strong></span> <span class='ocrx_word' id='word_1_521' title='bbox 3366 3442 3674 3499; x_wconf 74' lang='lat' dir='ltr'><strong>circumdata:</strong></span> 
     </span>
    </p>
   </div>
   <div class='ocr_carea' id='block_1_72' title="bbox 2143 3536 3683 3609">
    <p class='ocr_par' dir='ltr' id='par_1_72' title="bbox 2143 3536 3683 3609">
     <span class='ocr_line' id='line_1_72' title="bbox 2143 3536 3683 3609; baseline -0.003 -18"><span class='ocrx_word' id='word_1_522' title='bbox 2143 3545 2292 3601; x_wconf 89' lang='lat' dir='ltr'><strong>sunt,</strong></span> <span class='ocrx_word' id='word_1_523' title='bbox 2321 3546 2548 3607; x_wconf 87' lang='lat' dir='ltr'><strong>peccata</strong></span> <span class='ocrx_word' id='word_1_524' title='bbox 2576 3537 2865 3607; x_wconf 83' lang='lat' dir='ltr'><strong>utriusque</strong></span> <span class='ocrx_word' id='word_1_525' title='bbox 2905 3545 3035 3592; x_wconf 90' lang='lat' dir='ltr'><strong>sunt</strong></span> <span class='ocrx_word' id='word_1_526' title='bbox 3081 3537 3278 3609; x_wconf 87' lang='lat' dir='ltr'><strong>plebis,</strong></span> <span class='ocrx_word' id='word_1_527' title='bbox 3324 3554 3448 3609; x_wconf 75' lang='lat' dir='ltr'><strong>qua:</strong></span> <span class='ocrx_word' id='word_1_528' title='bbox 3470 3536 3683 3592; x_wconf 85' lang='lat' dir='ltr'><strong>Christus</strong></span> 
     </span>
    </p>
   </div>
   <div class='ocr_carea' id='block_1_73' title="bbox 2142 3628 3679 3704">
    <p class='ocr_par' dir='ltr' id='par_1_73' title="bbox 2142 3628 3679 3704">
     <span class='ocr_line' id='line_1_73' title="bbox 2142 3628 3679 3704; baseline -0.001 -22"><span class='ocrx_word' id='word_1_529' title='bbox 2142 3628 2196 3682; x_wconf 90' lang='lat' dir='ltr'><strong>in</strong></span> <span class='ocrx_word' id='word_1_530' title='bbox 2224 3630 2540 3684; x_wconf 83' lang='lat' dir='ltr'><strong>extensione</strong></span> <span class='ocrx_word' id='word_1_531' title='bbox 2562 3645 2826 3685; x_wconf 90' lang='lat' dir='ltr'><strong>manuum</strong></span> <span class='ocrx_word' id='word_1_532' title='bbox 2854 3632 3005 3687; x_wconf 88' lang='lat' dir='ltr'><strong>cruci</strong></span> <span class='ocrx_word' id='word_1_533' title='bbox 3056 3648 3244 3688; x_wconf 91' lang='lat' dir='ltr'><strong>secum</strong></span> <span class='ocrx_word' id='word_1_534' title='bbox 3300 3633 3505 3704; x_wconf 89' lang='lat' dir='ltr'><strong>pariter</strong></span> <span class='ocrx_word' id='word_1_535' title='bbox 3525 3629 3679 3685; x_wconf 82' lang='lat' dir='ltr'><strong>aﬁixit.</strong></span> 
     </span>
    </p>
   </div>
   <div class='ocr_carea' id='block_1_74' title="bbox 2142 3718 3681 3791">
    <p class='ocr_par' dir='ltr' id='par_1_74' title="bbox 2142 3718 3681 3791">
     <span class='ocr_line' id='line_1_74' title="bbox 2142 3718 3681 3791; baseline 0 -18"><span class='ocrx_word' id='word_1_536' title='bbox 2142 3718 2299 3786; x_wconf 90' lang='lat' dir='ltr'><strong>Quod</strong></span> <span class='ocrx_word' id='word_1_537' title='bbox 2333 3720 2486 3776; x_wconf 88' lang='lat' dir='ltr'><strong>Isaae</strong></span> <span class='ocrx_word' id='word_1_538' title='bbox 2507 3722 2702 3791; x_wconf 77' lang='lat' dir='ltr'><strong>quaerit</strong></span> <span class='ocrx_word' id='word_1_539' title='bbox 2734 3722 2803 3777; x_wconf 90' lang='lat' dir='ltr'><strong>ab</strong></span> <span class='ocrx_word' id='word_1_540' title='bbox 2828 3721 3019 3789; x_wconf 81' lang='lat' dir='ltr'><strong>Jacob,</strong></span> <span class='ocrx_word' id='word_1_541' title='bbox 3043 3740 3143 3779; x_wconf 91' lang='lat' dir='ltr'><strong>cur</strong></span> <span class='ocrx_word' id='word_1_542' title='bbox 3195 3733 3306 3780; x_wconf 88' lang='lat' dir='ltr'><strong>tam</strong></span> <span class='ocrx_word' id='word_1_543' title='bbox 3353 3725 3464 3781; x_wconf 88' lang='lat' dir='ltr'><strong>eito</strong></span> <span class='ocrx_word' id='word_1_544' title='bbox 3507 3722 3681 3779; x_wconf 82' lang='lat' dir='ltr'><strong>venerit</strong></span> 
     </span>
    </p>
   </div>
   <div class='ocr_carea' id='block_1_75' title="bbox 2143 3813 3680 3883">
    <p class='ocr_par' dir='ltr' id='par_1_75' title="bbox 2143 3813 3680 3883">
     <span class='ocr_line' id='line_1_75' title="bbox 2143 3813 3680 3883; baseline 0.001 -16"><span class='ocrx_word' id='word_1_545' title='bbox 2143 3814 2189 3845; x_wconf 68' lang='grc'><strong>⁸⁸</strong></span> <span class='ocrx_word' id='word_1_546' title='bbox 2216 3813 2328 3882; x_wconf 75' lang='grc'>(15)</span> <span class='ocrx_word' id='word_1_547' title='bbox 2351 3854 2365 3879; x_wconf 92' lang='grc'><em>,</em></span> <span class='ocrx_word' id='word_1_548' title='bbox 2388 3813 2693 3868; x_wconf 88' lang='lat' dir='ltr'><strong>admiratur</strong></span> <span class='ocrx_word' id='word_1_549' title='bbox 2718 3815 2949 3870; x_wconf 90' lang='lat' dir='ltr'><strong>celerem</strong></span> <span class='ocrx_word' id='word_1_550' title='bbox 2974 3817 3314 3872; x_wconf 89' lang='lat' dir='ltr'><strong>credentium</strong></span> <span class='ocrx_word' id='word_1_551' title='bbox 3350 3817 3528 3875; x_wconf 91' lang='lat' dir='ltr'><strong>ﬁdem.</strong></span> <span class='ocrx_word' id='word_1_552' title='bbox 3557 3814 3680 3883; x_wconf 84' lang='lat' dir='ltr'><strong>Quod</strong></span> 
     </span>
    </p>
   </div>
   <div class='ocr_carea' id='block_1_76' title="bbox 2142 3905 3685 3978">
    <p class='ocr_par' dir='ltr' id='par_1_76' title="bbox 2142 3905 3685 3978">
     <span class='ocr_line' id='line_1_76' title="bbox 2142 3905 3685 3978; baseline 0.002 -20"><span class='ocrx_word' id='word_1_553' title='bbox 2142 3906 2248 3959; x_wconf 85' lang='lat' dir='ltr'><strong>cibi</strong></span> <span class='ocrx_word' id='word_1_554' title='bbox 2275 3905 2623 3961; x_wconf 89' lang='lat' dir='ltr'><strong>delectabiles</strong></span> <span class='ocrx_word' id='word_1_555' title='bbox 2655 3906 2983 3973; x_wconf 70' lang='lat' dir='ltr'><strong>offeruntur,</strong></span> <span class='ocrx_word' id='word_1_556' title='bbox 3009 3907 3185 3962; x_wconf 86' lang='lat' dir='ltr'><strong>hostia</strong></span> <span class='ocrx_word' id='word_1_557' title='bbox 3216 3908 3442 3978; x_wconf 90' lang='lat' dir='ltr'><strong>placens</strong></span> <span class='ocrx_word' id='word_1_558' title='bbox 3466 3909 3587 3973; x_wconf 87' lang='lat' dir='ltr'><strong>Deo,</strong></span> <span class='ocrx_word' id='word_1_559' title='bbox 3618 3922 3685 3961; x_wconf 82' lang='lat' dir='ltr'><strong>sa-</strong></span> 
     </span>
    </p>
   </div>
   <div class='ocr_carea' id='block_1_77' title="bbox 2141 3997 3681 4069">
    <p class='ocr_par' dir='ltr' id='par_1_77' title="bbox 2141 3997 3681 4069">
     <span class='ocr_line' id='line_1_77' title="bbox 2141 3997 3681 4069; baseline -0.001 -18"><span class='ocrx_word' id='word_1_560' title='bbox 2141 3997 2229 4052; x_wconf 84' lang='lat' dir='ltr'><strong>lus</strong></span> <span class='ocrx_word' id='word_1_561' title='bbox 2259 4009 2344 4052; x_wconf 90' lang='lat' dir='ltr'><strong>est</strong></span> <span class='ocrx_word' id='word_1_562' title='bbox 2372 4007 2743 4067; x_wconf 89' lang='lat' dir='ltr'><strong>peccatorum.</strong></span> <span class='ocrx_word' id='word_1_563' title='bbox 2777 3997 2911 4053; x_wconf 83' lang='lat' dir='ltr'><strong>Post</strong></span> <span class='ocrx_word' id='word_1_564' title='bbox 2935 4013 3089 4053; x_wconf 87' lang='lat' dir='ltr'><strong>esum</strong></span> <span class='ocrx_word' id='word_1_565' title='bbox 3117 3999 3371 4069; x_wconf 88' lang='lat' dir='ltr'><strong>sequitur</strong></span> <span class='ocrx_word' id='word_1_566' title='bbox 3396 3998 3681 4060; x_wconf 87' lang='lat' dir='ltr'><strong>benedictio,</strong></span> 
     </span>
    </p>
   </div>
   <div class='ocr_carea' id='block_1_78' title="bbox 2138 4089 3686 4162">
    <p class='ocr_par' dir='ltr' id='par_1_78' title="bbox 2138 4089 3686 4162">
     <span class='ocr_line' id='line_1_78' title="bbox 2138 4089 3686 4162; baseline -0.001 -19"><span class='ocrx_word' id='word_1_567' title='bbox 2138 4098 2192 4143; x_wconf 90' lang='lat' dir='ltr'><strong>et</strong></span> <span class='ocrx_word' id='word_1_568' title='bbox 2223 4089 2343 4158; x_wconf 92' lang='lat' dir='ltr'><strong>eius</strong></span> <span class='ocrx_word' id='word_1_569' title='bbox 2369 4090 2536 4147; x_wconf 84' lang='lat' dir='ltr'><strong>odore</strong></span> <span class='ocrx_word' id='word_1_570' title='bbox 2567 4090 2900 4162; x_wconf 79' lang='lat' dir='ltr'><strong>perfruitur;</strong></span> <span class='ocrx_word' id='word_1_571' title='bbox 2932 4091 3185 4145; x_wconf 85' lang='lat' dir='ltr'><strong>virtutem</strong></span> <span class='ocrx_word' id='word_1_572' title='bbox 3222 4092 3624 4148; x_wconf 89' lang='lat' dir='ltr'><strong>resurrectionis</strong></span> <span class='ocrx_word' id='word_1_573' title='bbox 3644 4097 3686 4143; x_wconf 84' lang='lat' dir='ltr'><strong>et</strong></span> 
     </span>
    </p>
   </div>
   <div class='ocr_carea' id='block_1_79' title="bbox 2139 4182 3679 4255">
    <p class='ocr_par' dir='ltr' id='par_1_79' title="bbox 2139 4182 3679 4255">
     <span class='ocr_line' id='line_1_79' title="bbox 2139 4182 3679 4255; baseline 0 -20"><span class='ocrx_word' id='word_1_574' title='bbox 2139 4182 2312 4252; x_wconf 85' lang='lat' dir='ltr'><strong>regni,</strong></span> <span class='ocrx_word' id='word_1_575' title='bbox 2340 4193 2526 4252; x_wconf 89' lang='lat' dir='ltr'><strong>aperta</strong></span> <span class='ocrx_word' id='word_1_576' title='bbox 2574 4198 2712 4239; x_wconf 86' lang='lat' dir='ltr'><strong>voce</strong></span> <span class='ocrx_word' id='word_1_577' title='bbox 2759 4184 3169 4253; x_wconf 86' lang='lat' dir='ltr'><strong>pronuntians:</strong></span> <span class='ocrx_word' id='word_1_578' title='bbox 3222 4187 3500 4255; x_wconf 89' lang='lat' dir='ltr'><strong>quomodo</strong></span> <span class='ocrx_word' id='word_1_579' title='bbox 3526 4184 3679 4244; x_wconf 86' lang='lat' dir='ltr'><strong>etiam,</strong></span> 
     </span>
    </p>
   </div>
   <div class='ocr_carea' id='block_1_80' title="bbox 2140 4273 3683 4343">
    <p class='ocr_par' dir='ltr' id='par_1_80' title="bbox 2140 4273 3683 4343">
     <span class='ocr_line' id='line_1_80' title="bbox 2140 4273 3683 4343; baseline 0.002 -18"><span class='ocrx_word' id='word_1_580' title='bbox 2140 4273 2367 4327; x_wconf 85' lang='lat' dir='ltr'><strong>adorent</strong></span> <span class='ocrx_word' id='word_1_581' title='bbox 2389 4289 2515 4328; x_wconf 89' lang='lat' dir='ltr'><strong>eum</strong></span> <span class='ocrx_word' id='word_1_582' title='bbox 2548 4273 2747 4331; x_wconf 80' lang='lat' dir='ltr'><strong>fratres</strong></span> <span class='ocrx_word' id='word_1_583' title='bbox 2777 4276 2862 4331; x_wconf 89' lang='lat' dir='ltr'><strong>sui</strong></span> <span class='ocrx_word' id='word_1_584' title='bbox 2890 4284 2942 4331; x_wconf 90' lang='lat' dir='ltr'><strong>et</strong></span> <span class='ocrx_word' id='word_1_585' title='bbox 2974 4276 3217 4332; x_wconf 89' lang='lat' dir='ltr'><strong>serviant</strong></span> <span class='ocrx_word' id='word_1_586' title='bbox 3241 4277 3313 4343; x_wconf 89' lang='lat' dir='ltr'><strong>ei,</strong></span> <span class='ocrx_word' id='word_1_587' title='bbox 3341 4279 3613 4335; x_wconf 88' lang='lat' dir='ltr'><strong>credentes</strong></span> <span class='ocrx_word' id='word_1_588' title='bbox 3633 4290 3683 4330; x_wconf 74' lang='lat' dir='ltr'><strong>ex</strong></span> 
     </span>
    </p>
   </div>
   <div class='ocr_carea' id='block_1_81' title="bbox 454 4346 3681 4443">
    <p class='ocr_par' dir='ltr' id='par_1_81' title="bbox 454 4346 3681 4443">
     <span class='ocr_line' id='line_1_81' title="bbox 454 4346 3681 4443; baseline 0.004 -35"><span class='ocrx_word' id='word_1_589' title='bbox 454 4357 751 4412; x_wconf 90' lang='lat' dir='ltr'><strong>meditatur</strong></span> <span class='ocrx_word' id='word_1_590' title='bbox 780 4375 793 4411; x_wconf 90' lang='lat'>:</span> <span class='ocrx_word' id='word_1_591' title='bbox 828 4359 1069 4428; x_wconf 88' lang='lat' dir='ltr'><strong>loquitur</strong></span> <span class='ocrx_word' id='word_1_592' title='bbox 1109 4360 1222 4431; x_wconf 77' lang='lat' dir='ltr'><strong>(l5)</strong></span> <span class='ocrx_word' id='word_1_593' title='bbox 1254 4360 1321 4414; x_wconf 87' lang='lat' dir='ltr'><strong>ad</strong></span> <span class='ocrx_word' id='word_1_594' title='bbox 1352 4361 1523 4416; x_wconf 87' lang='lat' dir='ltr'><strong>ﬁlium</strong></span> <span class='ocrx_word' id='word_1_595' title='bbox 1548 4362 1815 4418; x_wconf 88' lang='lat' dir='ltr'><strong>minorem</strong></span> <span class='ocrx_word' id='word_1_596' title='bbox 1845 4384 1857 4417; x_wconf 89' lang='lat'>:</span> <span class='ocrx_word' id='word_1_597' title='bbox 1890 4363 2032 4418; x_wconf 86' lang='lat' dir='ltr'><strong>Vade</strong></span> <span class='ocrx_word' id='word_1_598' title='bbox 2068 4346 2107 4399; x_wconf 80' lang='grc' dir='ltr'>ί)</span> <span class='ocrx_word' id='word_1_599' title='bbox 2138 4363 2326 4420; x_wconf 87' lang='lat' dir='ltr'><strong>Israel.</strong></span> <span class='ocrx_word' id='word_1_600' title='bbox 2364 4366 2503 4432; x_wconf 89' lang='lat' dir='ltr'><strong>Quia</strong></span> <span class='ocrx_word' id='word_1_601' title='bbox 2561 4367 2730 4437; x_wconf 85' lang='lat' dir='ltr'><strong>igitur</strong></span> <span class='ocrx_word' id='word_1_602' title='bbox 2758 4369 3018 4440; x_wconf 89' lang='lat' dir='ltr'><strong>iniquitas</strong></span> <span class='ocrx_word' id='word_1_603' title='bbox 3070 4382 3153 4428; x_wconf 91' lang='lat' dir='ltr'><strong>est</strong></span> <span class='ocrx_word' id='word_1_604' title='bbox 3204 4373 3431 4429; x_wconf 83' lang='lat' dir='ltr'><strong>inimica</strong></span> <span class='ocrx_word' id='word_1_605' title='bbox 3454 4370 3681 4443; x_wconf 57' lang='lat' dir='ltr'><strong>‘iustitiaa,</strong></span> 
     </span>
    </p>
   </div>
   <div class='ocr_carea' id='block_1_82' title="bbox 454 4447 2032 4525">
    <p class='ocr_par' dir='ltr' id='par_1_82' title="bbox 454 4447 2032 4525">
     <span class='ocr_line' id='line_1_82' title="bbox 454 4447 2032 4525; baseline 0.006 -25"><span class='ocrx_word' id='word_1_606' title='bbox 454 4447 524 4500; x_wconf 82' lang='lat' dir='ltr'><strong>ad</strong></span> <span class='ocrx_word' id='word_1_607' title='bbox 542 4466 769 4520; x_wconf 84' lang='lat' dir='ltr'><strong>gregem,</strong></span> <span class='ocrx_word' id='word_1_608' title='bbox 796 4452 1047 4521; x_wconf 38' lang='lat' dir='ltr'><strong>et‘accipe</strong></span> <span class='ocrx_word' id='word_1_609' title='bbox 1076 4451 1349 4507; x_wconf 81' lang='lat' dir='ltr'><strong>miltiduos</strong></span> <span class='ocrx_word' id='word_1_610' title='bbox 1374 4453 1643 4519; x_wconf 71' lang='lat' dir='ltr'><strong>laedas&quot;;</strong></span> <span class='ocrx_word' id='word_1_611' title='bbox 1673 4455 2032 4525; x_wconf 68' lang='lat' dir='ltr'><strong>praaﬁgnrans</strong></span> 
     </span>
    </p>
   </div>
   <div class='ocr_carea' id='block_1_83' title="bbox 453 4541 2034 4616">
    <p class='ocr_par' dir='ltr' id='par_1_83' title="bbox 453 4541 2034 4616">
     <span class='ocr_line' id='line_1_83' title="bbox 453 4541 2034 4616; baseline 0.005 -22"><span class='ocrx_word' id='word_1_612' title='bbox 453 4556 714 4596; x_wconf 77' lang='lat' dir='ltr'><strong>earneum</strong></span> <span class='ocrx_word' id='word_1_613' title='bbox 743 4541 1044 4601; x_wconf 88' lang='lat' dir='ltr'><strong>Salvatoris</strong></span> <span class='ocrx_word' id='word_1_614' title='bbox 1093 4544 1410 4615; x_wconf 84' lang='lat' dir='ltr'><strong>adventum,</strong></span> <span class='ocrx_word' id='word_1_615' title='bbox 1443 4546 1496 4600; x_wconf 92' lang='lat' dir='ltr'><strong>in</strong></span> <span class='ocrx_word' id='word_1_616' title='bbox 1538 4562 1647 4616; x_wconf 93' lang='lat' dir='ltr'><strong>quo</strong></span> <span class='ocrx_word' id='word_1_617' title='bbox 1674 4562 1770 4601; x_wconf 92' lang='lat' dir='ltr'><strong>eos</strong></span> <span class='ocrx_word' id='word_1_618' title='bbox 1798 4548 1883 4601; x_wconf 86' lang='lat' dir='ltr'><strong>vel</strong></span> <span class='ocrx_word' id='word_1_619' title='bbox 1915 4563 2034 4602; x_wconf 90' lang='lat' dir='ltr'><strong>ma-</strong></span> 
     </span>
    </p>
   </div>
   <div class='ocr_carea' id='block_1_84' title="bbox 453 4635 2026 4710">
    <p class='ocr_par' dir='ltr' id='par_1_84' title="bbox 453 4635 2026 4710">
     <span class='ocr_line' id='line_1_84' title="bbox 453 4635 2026 4710; baseline 0.003 -21"><span class='ocrx_word' id='word_1_620' title='bbox 453 4638 602 4691; x_wconf 83' lang='lat' dir='ltr'><strong>xime</strong></span> <span class='ocrx_word' id='word_1_621' title='bbox 645 4635 923 4701; x_wconf 89' lang='lat' dir='ltr'><strong>liberaret,</strong></span> <span class='ocrx_word' id='word_1_622' title='bbox 963 4639 1057 4707; x_wconf 83' lang='lat' dir='ltr'><strong>qui</strong></span> <span class='ocrx_word' id='word_1_623' title='bbox 1107 4639 1346 4710; x_wconf 90' lang='lat' dir='ltr'><strong>peccatis</strong></span> <span class='ocrx_word' id='word_1_624' title='bbox 1403 4639 1733 4694; x_wconf 90' lang='lat' dir='ltr'><strong>tenebantur</strong></span> <span class='ocrx_word' id='word_1_625' title='bbox 1767 4640 2026 4708; x_wconf 85' lang='lat' dir='ltr'><strong>obnoxii;</strong></span> 
     </span>
    </p>
   </div>
   <div class='ocr_carea' id='block_1_85' title="bbox 453 4727 2032 4803">
    <p class='ocr_par' dir='ltr' id='par_1_85' title="bbox 453 4727 2032 4803">
     <span class='ocr_line' id='line_1_85' title="bbox 453 4727 2032 4803; baseline 0.004 -22"><span class='ocrx_word' id='word_1_626' title='bbox 453 4727 726 4796; x_wconf 73' lang='lat' dir='ltr'><strong>siquidem</strong></span> <span class='ocrx_word' id='word_1_627' title='bbox 764 4729 820 4782; x_wconf 90' lang='lat' dir='ltr'><strong>in</strong></span> <span class='ocrx_word' id='word_1_628' title='bbox 863 4730 1119 4785; x_wconf 88' lang='lat' dir='ltr'><strong>omnibus</strong></span> <span class='ocrx_word' id='word_1_629' title='bbox 1148 4730 1447 4801; x_wconf 87' lang='lat' dir='ltr'><strong>Scripturis</strong></span> <span class='ocrx_word' id='word_1_630' title='bbox 1473 4731 1611 4787; x_wconf 62' lang='lat' dir='ltr'><strong>haedi</strong></span> <span class='ocrx_word' id='word_1_631' title='bbox 1640 4747 1740 4803; x_wconf 92' lang='lat' dir='ltr'><strong>pro</strong></span> <span class='ocrx_word' id='word_1_632' title='bbox 1780 4741 2032 4803; x_wconf 81' lang='lat' dir='ltr'><strong>peccato-</strong></span> 
     </span>
    </p>
   </div>
   <div class='ocr_carea' id='block_1_86' title="bbox 2143 4457 3685 4530">
    <p class='ocr_par' dir='ltr' id='par_1_86' title="bbox 2143 4457 3685 4530">
     <span class='ocr_line' id='line_1_86' title="bbox 2143 4457 3685 4530; baseline 0.003 -20"><span class='ocrx_word' id='word_1_633' title='bbox 2143 4457 2288 4512; x_wconf 88' lang='lat' dir='ltr'><strong>Esau</strong></span> <span class='ocrx_word' id='word_1_634' title='bbox 2320 4459 2374 4512; x_wconf 90' lang='lat' dir='ltr'><strong>in</strong></span> <span class='ocrx_word' id='word_1_635' title='bbox 2409 4458 2742 4515; x_wconf 82' lang='lat' dir='ltr'><strong>discordiam</strong></span> <span class='ocrx_word' id='word_1_636' title='bbox 2790 4463 3121 4530; x_wconf 90' lang='lat' dir='ltr'><strong>concitatur,</strong></span> <span class='ocrx_word' id='word_1_637' title='bbox 3180 4473 3233 4519; x_wconf 88' lang='lat' dir='ltr'><strong>et</strong></span> <span class='ocrx_word' id='word_1_638' title='bbox 3270 4481 3460 4521; x_wconf 85' lang='lat' dir='ltr'><strong>necem</strong></span> <span class='ocrx_word' id='word_1_639' title='bbox 3495 4462 3685 4519; x_wconf 54' lang='lat' dir='ltr'><strong>frando.</strong></span> 
     </span>
    </p>
   </div>
   <div class='ocr_carea' id='block_1_87' title="bbox 2140 4550 3685 4626">
    <p class='ocr_par' dir='ltr' id='par_1_87' title="bbox 2140 4550 3685 4626">
     <span class='ocr_line' id='line_1_87' title="bbox 2140 4550 3685 4626; baseline 0.003 -24"><span class='ocrx_word' id='word_1_640' title='bbox 2140 4550 2319 4605; x_wconf 81' lang='lat' dir='ltr'><strong>lentus</strong></span> <span class='ocrx_word' id='word_1_641' title='bbox 2351 4552 2624 4621; x_wconf 82' lang='lat' dir='ltr'><strong>excogitat</strong></span> <span class='ocrx_word' id='word_1_642' title='bbox 2673 4554 2860 4609; x_wconf 90' lang='lat' dir='ltr'><strong>dicens</strong></span> <span class='ocrx_word' id='word_1_643' title='bbox 2916 4554 2971 4608; x_wconf 95' lang='lat' dir='ltr'><strong>in</strong></span> <span class='ocrx_word' id='word_1_644' title='bbox 3015 4557 3179 4611; x_wconf 91' lang='lat' dir='ltr'><strong>corde</strong></span> <span class='ocrx_word' id='word_1_645' title='bbox 3219 4572 3367 4612; x_wconf 83' lang='lat' dir='ltr'><strong>suo:</strong></span> <span class='ocrx_word' id='word_1_646' title='bbox 3422 4555 3685 4626; x_wconf 76' lang='lat' dir='ltr'><strong>Appropin-</strong></span> 
     </span>
    </p>
   </div>
   <div class='ocr_carea' id='block_1_88' title="bbox 2137 4641 3686 4715">
    <p class='ocr_par' dir='ltr' id='par_1_88' title="bbox 2137 4641 3686 4715">
     <span class='ocr_line' id='line_1_88' title="bbox 2137 4641 3686 4715; baseline 0.001 -20"><span class='ocrx_word' id='word_1_647' title='bbox 2137 4652 2297 4713; x_wconf 85' lang='lat' dir='ltr'><strong>quent</strong></span> <span class='ocrx_word' id='word_1_648' title='bbox 2323 4641 2436 4713; x_wconf 79' lang='grc'>(16)</span> <span class='ocrx_word' id='word_1_649' title='bbox 2462 4644 2574 4698; x_wconf 90' lang='lat' dir='ltr'><strong>dies</strong></span> <span class='ocrx_word' id='word_1_650' title='bbox 2603 4646 2865 4715; x_wconf 78' lang='lat' dir='ltr'><strong>passionis</strong></span> <span class='ocrx_word' id='word_1_651' title='bbox 2914 4648 3084 4714; x_wconf 85' lang='lat' dir='ltr'><strong>patris</strong></span> <span class='ocrx_word' id='word_1_652' title='bbox 3122 4650 3243 4715; x_wconf 89' lang='lat' dir='ltr'><strong>mei,</strong></span> <span class='ocrx_word' id='word_1_653' title='bbox 3281 4659 3333 4703; x_wconf 88' lang='lat' dir='ltr'><strong>et</strong></span> <span class='ocrx_word' id='word_1_654' title='bbox 3358 4649 3588 4704; x_wconf 85' lang='lat' dir='ltr'><strong>occidam</strong></span> <span class='ocrx_word' id='word_1_655' title='bbox 3609 4644 3686 4699; x_wconf 80' lang='lat' dir='ltr'><strong>Ja-</strong></span> 
     </span>
    </p>
   </div>
   <div class='ocr_carea' id='block_1_89' title="bbox 2141 4735 3685 4805">
    <p class='ocr_par' dir='ltr' id='par_1_89' title="bbox 2141 4735 3685 4805">
     <span class='ocr_line' id='line_1_89' title="bbox 2141 4735 3685 4805; baseline 0.001 -17"><span class='ocrx_word' id='word_1_656' title='bbox 2141 4737 2233 4790; x_wconf 86' lang='lat' dir='ltr'><strong>cob</strong></span> <span class='ocrx_word' id='word_1_657' title='bbox 2276 4735 2497 4805; x_wconf 80' lang='lat' dir='ltr'><strong>fratrem</strong></span> <span class='ocrx_word' id='word_1_658' title='bbox 2523 4754 2696 4792; x_wconf 83' lang='lat' dir='ltr'><strong>meum</strong></span> <span class='ocrx_word' id='word_1_659' title='bbox 2727 4739 2793 4794; x_wconf 78' lang='lat'><strong>“.</strong></span> <span class='ocrx_word' id='word_1_660' title='bbox 2841 4738 3102 4797; x_wconf 90' lang='lat' dir='ltr'><strong>Diabolus</strong></span> <span class='ocrx_word' id='word_1_661' title='bbox 3162 4740 3475 4799; x_wconf 86' lang='lat' dir='ltr'><strong>fratricidas</strong></span> <span class='ocrx_word' id='word_1_662' title='bbox 3500 4740 3685 4796; x_wconf 75' lang='lat' dir='ltr'><strong>Jttdzeos</strong></span> 
     </span>
    </p>
   </div>
   <div class='ocr_carea' id='block_1_90' title="bbox 525 4887 2034 4957">
    <p class='ocr_par' dir='ltr' id='par_1_90' title="bbox 525 4887 2034 4957">
     <span class='ocr_line' id='line_1_90' title="bbox 525 4887 2034 4957; baseline 0.006 -16"><span class='ocrx_word' id='word_1_663' title='bbox 525 4890 571 4921; x_wconf 80' lang='grc'><strong>²⁶</strong></span> <span class='ocrx_word' id='word_1_664' title='bbox 618 4887 755 4942; x_wconf 90' lang='lat' dir='ltr'><strong>Gen.</strong></span> <span class='ocrx_word' id='word_1_665' title='bbox 793 4905 923 4955; x_wconf 78' lang='lat' dir='ltr'><strong>xxv,</strong></span> <span class='ocrx_word' id='word_1_666' title='bbox 956 4889 1047 4945; x_wconf 71' lang='lat'><strong>25.</strong></span> <span class='ocrx_word' id='word_1_667' title='bbox 1125 4892 1169 4923; x_wconf 74' lang='grc'><strong>³⁷</strong></span> <span class='ocrx_word' id='word_1_668' title='bbox 1212 4891 1349 4947; x_wconf 76' lang='lat' dir='ltr'><strong>Gen.</strong></span> <span class='ocrx_word' id='word_1_669' title='bbox 1385 4908 1559 4957; x_wconf 81' lang='lat' dir='ltr'><strong>xxvn,</strong></span> <span class='ocrx_word' id='word_1_670' title='bbox 1585 4893 1639 4949; x_wconf 92' lang='lat'><strong>9.</strong></span> <span class='ocrx_word' id='word_1_671' title='bbox 1718 4894 1764 4927; x_wconf 77' lang='grc'><strong>⁸⁸</strong></span> <span class='ocrx_word' id='word_1_672' title='bbox 1792 4893 1926 4951; x_wconf 86' lang='lat' dir='ltr'><strong>Ibid.</strong></span> <span class='ocrx_word' id='word_1_673' title='bbox 1952 4897 2034 4950; x_wconf 72' lang='grc' dir='ltr'><strong>2οπ</strong></span> 
     </span>
    </p>
   </div>
   <div class='ocr_carea' id='block_1_91' title="bbox 2148 4887 2454 4957">
    <p class='ocr_par' dir='ltr' id='par_1_91' title="bbox 2148 4899 2454 4957">
     <span class='ocr_line' id='line_1_91' title="bbox 2148 4899 2454 4957; baseline 0.01 -4"><span class='ocrx_word' id='word_1_674' title='bbox 2148 4901 2166 4931; x_wconf 79' lang='grc'><strong><em>⁸</em></strong></span> <span class='ocrx_word' id='word_1_675' title='bbox 2203 4899 2338 4956; x_wconf 83' lang='lat' dir='ltr'><strong>ibid.</strong></span> <span class='ocrx_word' id='word_1_676' title='bbox 2364 4902 2454 4957; x_wconf 74' lang='grc' dir='ltr'><strong>Η.</strong></span> 
     </span>
    </p>
   </div>
   <div class='ocr_carea' id='block_1_92' title="bbox 524 5026 2025 5109">
    <p class='ocr_par' dir='ltr' id='par_1_92' title="bbox 524 5026 2025 5109">
     <span class='ocr_line' id='line_1_92' title="bbox 524 5026 2025 5109; baseline 0.009 -29"><span class='ocrx_word' id='word_1_677' title='bbox 524 5026 918 5109; x_wconf 69' lang='lat' dir='ltr'><strong>(ll)_Graeeus</strong></span> <span class='ocrx_word' id='word_1_678' title='bbox 970 5042 1175 5109; x_wconf 73' lang='lat' dir='ltr'><strong>auctor</strong></span> <span class='ocrx_word' id='word_1_679' title='bbox 1227 5035 1477 5109; x_wconf 81' lang='lat' dir='ltr'><strong>intelligit</strong></span> <span class='ocrx_word' id='word_1_680' title='bbox 1538 5038 2025 5109; x_wconf 32' lang='lat' dir='ltr'><strong>&#39;Ptbfl&#39;quéﬂld’Xd-</strong></span> 
     </span>
    </p>
   </div>
   <div class='ocr_carea' id='block_1_93' title="bbox 454 5098 2024 5179">
    <p class='ocr_par' dir='ltr' id='par_1_93' title="bbox 454 5098 2024 5179">
     <span class='ocr_line' id='line_1_93' title="bbox 454 5098 2024 5179; baseline 0.009 -29"><span class='ocrx_word' id='word_1_681' title='bbox 454 5098 589 5164; x_wconf 78' lang='grc' dir='ltr'>που,</span> <span class='ocrx_word' id='word_1_682' title='bbox 621 5098 869 5155; x_wconf 76' lang='lat' dir='ltr'><strong>Romani</strong></span> <span class='ocrx_word' id='word_1_683' title='bbox 899 5103 1171 5179; x_wconf 71' lang='lat' dir='ltr'><strong>episcopi;</strong></span> <span class='ocrx_word' id='word_1_684' title='bbox 1208 5121 1371 5176; x_wconf 89' lang='lat' dir='ltr'><strong>quem</strong></span> <span class='ocrx_word' id='word_1_685' title='bbox 1400 5098 2024 5179; x_wconf 42' lang='lat' dir='ltr'><strong>&quot;Grzecorurn&#39;frequen-</strong></span> 
     </span>
    </p>
   </div>
   <div class='ocr_carea' id='block_1_94' title="bbox 454 5172 1641 5235">
    <p class='ocr_par' dir='ltr' id='par_1_94' title="bbox 454 5172 1641 5235">
     <span class='ocr_line' id='line_1_94' title="bbox 454 5172 1641 5235; baseline 0.011 -13"><span class='ocrx_word' id='word_1_686' title='bbox 454 5179 561 5223; x_wconf 87' lang='lat' dir='ltr'><strong>tem</strong></span> <span class='ocrx_word' id='word_1_687' title='bbox 593 5184 832 5226; x_wconf 88' lang='lat' dir='ltr'><strong>errorem</strong></span> <span class='ocrx_word' id='word_1_688' title='bbox 866 5172 995 5227; x_wconf 89' lang='lat' dir='ltr'><strong>alibi</strong></span> <span class='ocrx_word' id='word_1_689' title='bbox 1020 5172 1107 5229; x_wconf 89' lang='lat' dir='ltr'><strong>me</strong></span> <span class='ocrx_word' id='word_1_690' title='bbox 1137 5172 1367 5234; x_wconf 71' lang='lat' dir='ltr'><strong>narrare</strong></span> <span class='ocrx_word' id='word_1_691' title='bbox 1394 5180 1641 5235; x_wconf 90' lang='lat' dir='ltr'><strong>memini.</strong></span> 
     </span>
    </p>
   </div>
   <div class='ocr_carea' id='block_1_95' title="bbox 525 5240 2024 5323">
    <p class='ocr_par' dir='ltr' id='par_1_95' title="bbox 525 5240 2024 5323">
     <span class='ocr_line' id='line_1_95' title="bbox 525 5240 2024 5323; baseline 0.01 -31"><span class='ocrx_word' id='word_1_692' title='bbox 525 5240 638 5310; x_wconf 72' lang='grc'><strong>(12)</strong></span> <span class='ocrx_word' id='word_1_693' title='bbox 674 5240 745 5296; x_wconf 91' lang='lat' dir='ltr'><strong>lis</strong></span> <span class='ocrx_word' id='word_1_694' title='bbox 768 5258 889 5323; x_wconf 66' lang='lat' dir='ltr'><strong>quae</strong></span> <span class='ocrx_word' id='word_1_695' title='bbox 912 5242 1078 5323; x_wconf 67' lang='lat' dir='ltr'><strong>refert</strong></span> <span class='ocrx_word' id='word_1_696' title='bbox 1120 5257 1344 5323; x_wconf 79' lang='lat' dir='ltr'><strong>sanctus</strong></span> <span class='ocrx_word' id='word_1_697' title='bbox 1380 5250 1591 5323; x_wconf 85' lang='lat' dir='ltr'><strong>doctor,</strong></span> <span class='ocrx_word' id='word_1_698' title='bbox 1642 5265 1708 5304; x_wconf 84' lang='lat' dir='ltr'><strong>ex</strong></span> <span class='ocrx_word' id='word_1_699' title='bbox 1754 5249 2024 5323; x_wconf 84' lang='lat' dir='ltr'><strong>Hippolyti</strong></span> 
     </span>
    </p>
   </div>
   <div class='ocr_carea' id='block_1_96' title="bbox 456 5309 2021 5389">
    <p class='ocr_par' dir='ltr' id='par_1_96' title="bbox 456 5309 2021 5389">
     <span class='ocr_line' id='line_1_96' title="bbox 456 5309 2021 5389; baseline 0.01 -28"><span class='ocrx_word' id='word_1_700' title='bbox 456 5309 849 5389; x_wconf 60' lang='lat' dir='ltr'><strong>Commentario</strong></span> <span class='ocrx_word' id='word_1_701' title='bbox 872 5314 925 5366; x_wconf 89' lang='lat' dir='ltr'><strong>in</strong></span> <span class='ocrx_word' id='word_1_702' title='bbox 957 5314 1181 5389; x_wconf 72' lang='lat' dir='ltr'><strong>Genestn</strong></span> <span class='ocrx_word' id='word_1_703' title='bbox 1240 5319 1531 5389; x_wconf 84' lang='lat' dir='ltr'><strong>descripta,</strong></span> <span class='ocrx_word' id='word_1_704' title='bbox 1570 5309 1681 5376; x_wconf 84' lang='lat' dir='ltr'><strong>ista</strong></span> <span class='ocrx_word' id='word_1_705' title='bbox 1705 5309 2021 5389; x_wconf 48' lang='lat' dir='ltr'><strong>praem-iuit:</strong></span> 
     </span>
    </p>
   </div>
   <div class='ocr_carea' id='block_1_97' title="bbox 456 5381 2027 5461">
    <p class='ocr_par' dir='ltr' id='par_1_97' title="bbox 456 5381 2027 5461">
     <span class='ocr_line' id='line_1_97' title="bbox 456 5381 2027 5461; baseline 0.01 -29"><span class='ocrx_word' id='word_1_706' title='bbox 456 5381 724 5461; x_wconf 71' lang='lat' dir='ltr'><strong>Quoniam</strong></span> <span class='ocrx_word' id='word_1_707' title='bbox 752 5396 928 5461; x_wconf 64' lang='lat' dir='ltr'><strong>autem</strong></span> <span class='ocrx_word' id='word_1_708' title='bbox 952 5386 1179 5461; x_wconf 77' lang='lat' dir='ltr'><strong>polliciti</strong></span> <span class='ocrx_word' id='word_1_709' title='bbox 1231 5381 1491 5461; x_wconf 62' lang='lat' dir='ltr'><strong>sumus&#39;et</strong></span> <span class='ocrx_word' id='word_1_710' title='bbox 1519 5381 1609 5445; x_wconf 53' lang='lat' dir='ltr'><strong>&#39;de</strong></span> <span class='ocrx_word' id='word_1_711' title='bbox 1653 5381 1720 5445; x_wconf 62' lang='lat' dir='ltr'><strong>eo&#39;</strong></span> <span class='ocrx_word' id='word_1_712' title='bbox 1742 5390 1952 5461; x_wconf 90' lang='lat' dir='ltr'><strong>(Isaaco</strong></span> <span class='ocrx_word' id='word_1_713' title='bbox 1973 5404 2027 5448; x_wconf 92' lang='lat' dir='ltr'><strong>et</strong></span> 
     </span>
    </p>
   </div>
   <div class='ocr_carea' id='block_1_98' title="bbox 456 5448 2026 5533">
    <p class='ocr_par' dir='ltr' id='par_1_98' title="bbox 456 5448 2026 5533">
     <span class='ocr_line' id='line_1_98' title="bbox 456 5448 2026 5533; baseline 0.01 -31"><span class='ocrx_word' id='word_1_714' title='bbox 456 5448 724 5533; x_wconf 75' lang='lat' dir='ltr'><strong>Rebecca,</strong></span> <span class='ocrx_word' id='word_1_715' title='bbox 773 5456 910 5533; x_wconf 62' lang='lat' dir='ltr'><strong>Gen.</strong></span> <span class='ocrx_word' id='word_1_716' title='bbox 952 5448 1131 5533; x_wconf 66' lang='lat' dir='ltr'><strong>xxv&quot;)</strong></span> <span class='ocrx_word' id='word_1_717' title='bbox 1184 5459 1311 5527; x_wconf 86' lang='lat' dir='ltr'><strong>quid</strong></span> <span class='ocrx_word' id='word_1_718' title='bbox 1351 5462 1677 5533; x_wconf 79' lang='lat' dir='ltr'><strong>signiﬁcaret</strong></span> <span class='ocrx_word' id='word_1_719' title='bbox 1735 5448 1791 5515; x_wconf 76' lang='lat' dir='ltr'><strong>in</strong></span> <span class='ocrx_word' id='word_1_720' title='bbox 1829 5465 2026 5533; x_wconf 83' lang='lat' dir='ltr'><strong>ﬁgura,</strong></span> 
     </span>
    </p>
   </div>
   <div class='ocr_carea' id='block_1_99' title="bbox 456 5521 2030 5602">
    <p class='ocr_par' dir='ltr' id='par_1_99' title="bbox 456 5521 2030 5602">
     <span class='ocr_line' id='line_1_99' title="bbox 456 5521 2030 5602; baseline 0.011 -31"><span class='ocrx_word' id='word_1_721' title='bbox 456 5521 776 5602; x_wconf 68' lang='lat' dir='ltr'><strong>adiungere;</strong></span> <span class='ocrx_word' id='word_1_722' title='bbox 832 5525 1110 5602; x_wconf 66' lang='lat' dir='ltr'><strong>Hippolyti</strong></span> <span class='ocrx_word' id='word_1_723' title='bbox 1156 5521 1423 5598; x_wconf 58' lang='lat' dir='ltr'><strong>martyrii</strong></span> <span class='ocrx_word' id='word_1_724' title='bbox 1454 5521 1629 5602; x_wconf 61' lang='lat' dir='ltr'><strong>uerba</strong></span> <span class='ocrx_word' id='word_1_725' title='bbox 1675 5521 1952 5602; x_wconf 68' lang='lat' dir='ltr'><strong>ponamus,</strong></span> <span class='ocrx_word' id='word_1_726' title='bbox 1995 5521 2030 5588; x_wconf 77' lang='grc' dir='ltr'>ἁ</span> 
     </span>
    </p>
   </div>
   <div class='ocr_carea' id='block_1_100' title="bbox 454 5591 2028 5673">
    <p class='ocr_par' dir='ltr' id='par_1_100' title="bbox 454 5591 2028 5673">
     <span class='ocr_line' id='line_1_100' title="bbox 454 5591 2028 5673; baseline 0.009 -30"><span class='ocrx_word' id='word_1_727' title='bbox 454 5606 557 5658; x_wconf 77' lang='lat' dir='ltr'><strong>quo</strong></span> <span class='ocrx_word' id='word_1_728' title='bbox 589 5602 639 5645; x_wconf 89' lang='lat' dir='ltr'><strong>et</strong></span> <span class='ocrx_word' id='word_1_729' title='bbox 675 5591 977 5673; x_wconf 74' lang='lat' dir='ltr'><strong>Victorinus</strong></span> <span class='ocrx_word' id='word_1_730' title='bbox 1029 5591 1207 5673; x_wconf 72' lang='lat' dir='ltr'><strong>noster</strong></span> <span class='ocrx_word' id='word_1_731' title='bbox 1253 5591 1357 5653; x_wconf 72' lang='lat' dir='ltr'><strong>non</strong></span> <span class='ocrx_word' id='word_1_732' title='bbox 1407 5591 1697 5669; x_wconf 79' lang='lat' dir='ltr'><strong>plurimum</strong></span> <span class='ocrx_word' id='word_1_733' title='bbox 1719 5591 1983 5673; x_wconf 85' lang='lat' dir='ltr'><strong>discrepat</strong></span> <span class='ocrx_word' id='word_1_734' title='bbox 2009 5619 2028 5656; x_wconf 86' lang='lat'><strong>.&#39;</strong></span> 
     </span>
    </p>
   </div>
   <div class='ocr_carea' id='block_1_101' title="bbox 2203 5042 3674 5128">
    <p class='ocr_par' dir='ltr' id='par_1_101' title="bbox 2203 5042 3674 5128">
     <span class='ocr_line' id='line_1_101' title="bbox 2203 5042 3674 5128; baseline 0.002 -30"><span class='ocrx_word' id='word_1_735' title='bbox 2352 5042 2591 5128; x_wconf 67' lang='lat' dir='ltr'><strong>Quidam</strong></span> <span class='ocrx_word' id='word_1_736' title='bbox 2644 5063 2803 5128; x_wconf 45' lang='lat' dir='ltr'><strong>mss.)</strong></span> <span class='ocrx_word' id='word_1_737' title='bbox 2836 5049 3018 5104; x_wconf 85' lang='lat' dir='ltr'><strong>medit.</strong></span> <span class='ocrx_word' id='word_1_738' title='bbox 3052 5059 3100 5104; x_wconf 88' lang='lat' dir='ltr'><strong>et</strong></span> <span class='ocrx_word' id='word_1_739' title='bbox 3141 5050 3404 5128; x_wconf 82' lang='lat' dir='ltr'><strong>loquitur._</strong></span> <span class='ocrx_word' id='word_1_740' title='bbox 3430 5049 3674 5128; x_wconf 51' lang='grc' dir='ltr'><strong>ἷντρςιωιιςτ</strong></span> 
     </span>
    </p>
   </div>
   <div class='ocr_carea' id='block_1_102' title="bbox 2204 5114 3682 5192">
    <p class='ocr_par' dir='ltr' id='par_1_102' title="bbox 2204 5114 3682 5192">
     <span class='ocr_line' id='line_1_102' title="bbox 2204 5114 3682 5192; baseline 0.003 -24"><span class='ocrx_word' id='word_1_741' title='bbox 2204 5114 2318 5192; x_wconf 67' lang='grc'><strong>(14)</strong></span> <span class='ocrx_word' id='word_1_742' title='bbox 2352 5114 2593 5170; x_wconf 83' lang='lat' dir='ltr'><strong>Subaudi</strong></span> <span class='ocrx_word' id='word_1_743' title='bbox 2619 5118 3024 5192; x_wconf 79' lang='lat' dir='ltr'><strong>signiﬁcantur:</strong></span> <span class='ocrx_word' id='word_1_744' title='bbox 3049 5136 3148 5175; x_wconf 88' lang='lat' dir='ltr'><strong>nec</strong></span> <span class='ocrx_word' id='word_1_745' title='bbox 3176 5114 3321 5176; x_wconf 82' lang='lat' dir='ltr'><strong>enim</strong></span> <span class='ocrx_word' id='word_1_746' title='bbox 3353 5122 3531 5192; x_wconf 89' lang='lat' dir='ltr'><strong>placet</strong></span> <span class='ocrx_word' id='word_1_747' title='bbox 3557 5116 3682 5192; x_wconf 83' lang='lat' dir='ltr'><strong>quod</strong></span> 
     </span>
    </p>
   </div>
   <div class='ocr_carea' id='block_1_103' title="bbox 2134 5184 3683 5253">
    <p class='ocr_par' dir='ltr' id='par_1_103' title="bbox 2134 5184 3683 5253">
     <span class='ocr_line' id='line_1_103' title="bbox 2134 5184 3683 5253; baseline 0.005 -15"><span class='ocrx_word' id='word_1_748' title='bbox 2134 5184 2336 5239; x_wconf 81' lang='lat' dir='ltr'><strong>habent</strong></span> <span class='ocrx_word' id='word_1_749' title='bbox 2360 5194 2574 5241; x_wconf 90' lang='lat' dir='ltr'><strong>veteres</strong></span> <span class='ocrx_word' id='word_1_750' title='bbox 2606 5184 2767 5253; x_wconf 68' lang='lat' dir='ltr'><strong>editi,</strong></span> <span class='ocrx_word' id='word_1_751' title='bbox 2785 5190 2981 5244; x_wconf 83' lang='lat' dir='ltr'><strong>dociles</strong></span> <span class='ocrx_word' id='word_1_752' title='bbox 3010 5202 3060 5244; x_wconf 87' lang='lat' dir='ltr'><strong>et</strong></span> <span class='ocrx_word' id='word_1_753' title='bbox 3090 5184 3387 5247; x_wconf 67' lang='lat' dir='ltr'><strong>innocentes</strong></span> <span class='ocrx_word' id='word_1_754' title='bbox 3412 5184 3601 5246; x_wconf 59' lang='lat' dir='ltr'><strong>animle</strong></span> <span class='ocrx_word' id='word_1_755' title='bbox 3623 5189 3683 5239; x_wconf 81' lang='lat' dir='ltr'><strong>si-</strong></span> 
     </span>
    </p>
   </div>
   <div class='ocr_carea' id='block_1_104' title="bbox 2133 5254 3679 5329">
    <p class='ocr_par' dir='ltr' id='par_1_104' title="bbox 2133 5254 3679 5329">
     <span class='ocr_line' id='line_1_104' title="bbox 2133 5254 3679 5329; baseline 0.001 -22"><span class='ocrx_word' id='word_1_756' title='bbox 2133 5254 2665 5329; x_wconf 72' lang='lat' dir='ltr'><strong>gniﬁcat_._Proxime</strong></span> <span class='ocrx_word' id='word_1_757' title='bbox 2698 5276 2825 5315; x_wconf 88' lang='lat' dir='ltr'><strong>vero</strong></span> <span class='ocrx_word' id='word_1_758' title='bbox 2868 5260 2947 5315; x_wconf 77' lang='lat' dir='ltr'><strong>vel</strong></span> <span class='ocrx_word' id='word_1_759' title='bbox 2988 5263 3378 5329; x_wconf 87' lang='lat' dir='ltr'><strong>vestimentum,</strong></span> <span class='ocrx_word' id='word_1_760' title='bbox 3416 5280 3483 5318; x_wconf 84' lang='lat' dir='ltr'><strong>ex</strong></span> <span class='ocrx_word' id='word_1_761' title='bbox 3512 5262 3679 5317; x_wconf 86' lang='lat' dir='ltr'><strong>iisdem</strong></span> 
     </span>
    </p>
   </div>
   <div class='ocr_carea' id='block_1_105' title="bbox 2132 5325 3682 5451">
    <p class='ocr_par' dir='ltr' id='par_1_105' title="bbox 2132 5325 3682 5451">
     <span class='ocr_line' id='line_1_105' title="bbox 2132 5325 3682 5451; baseline 0.003 -73"><span class='ocrx_word' id='word_1_762' title='bbox 2132 5326 2326 5451; x_wconf 86' lang='lat' dir='ltr'><strong>editis,l</strong></span> <span class='ocrx_word' id='word_1_763' title='bbox 2351 5325 2614 5383; x_wconf 84' lang='lat' dir='ltr'><strong>Vaticano</strong></span> <span class='ocrx_word' id='word_1_764' title='bbox 2668 5329 2901 5401; x_wconf 90' lang='lat' dir='ltr'><strong>aliisque</strong></span> <span class='ocrx_word' id='word_1_765' title='bbox 2948 5333 3229 5388; x_wconf 89' lang='lat' dir='ltr'><strong>nonnullis</strong></span> <span class='ocrx_word' id='word_1_766' title='bbox 3266 5325 3402 5390; x_wconf 81' lang='lat' dir='ltr'><strong>mss.</strong></span> <span class='ocrx_word' id='word_1_767' title='bbox 3455 5329 3682 5403; x_wconf 83' lang='lat' dir='ltr'><strong>reposui-</strong></span> 
     </span>
     <span class='ocr_line' id='line_1_106' title="bbox 2132 5411 2384 5451; baseline 0.016 -4"><span class='ocrx_word' id='word_1_768' title='bbox 2132 5411 2284 5449; x_wconf 68' lang='lat' dir='ltr'><strong>mus.‘</strong></span> <span class='ocrx_word' id='word_1_769' title='bbox 2333 5414 2384 5451; x_wconf 71' lang='lat' dir='ltr'><strong>D-</strong></span> 
     </span>
    </p>
   </div>
   <div class='ocr_carea' id='block_1_106' title="bbox 2132 5411 2384 5451">
    <p class='ocr_par' dir='ltr' id='par_1_106' title="bbox 2132 5411 2384 5451">
     <span class='ocr_line' id='line_1_107' title="bbox 2132 5411 2384 5451; baseline 0.016 -4"><span class='ocrx_word' id='word_1_770' title='bbox 2132 5411 2284 5449; x_wconf 66' lang='lat' dir='ltr'><strong>mns.‘</strong></span> <span class='ocrx_word' id='word_1_771' title='bbox 2308 5411 2384 5451; x_wconf 82' lang='lat' dir='ltr'><strong>ID.</strong></span> 
     </span>
    </p>
   </div>
   <div class='ocr_carea' id='block_1_107' title="bbox 2202 5467 3685 5545">
    <p class='ocr_par' dir='ltr' id='par_1_107' title="bbox 2202 5467 3685 5545">
     <span class='ocr_line' id='line_1_108' title="bbox 2202 5467 3685 5545; baseline 0.003 -25"><span class='ocrx_word' id='word_1_772' title='bbox 2202 5467 2317 5535; x_wconf 55' lang='grc'><strong>«15)</strong></span> <span class='ocrx_word' id='word_1_773' title='bbox 2349 5467 2467 5545; x_wconf 80' lang='lat' dir='ltr'><strong>Duo</strong></span> <span class='ocrx_word' id='word_1_774' title='bbox 2508 5482 2666 5545; x_wconf 78' lang='lat' dir='ltr'><strong>mss_.,</strong></span> <span class='ocrx_word' id='word_1_775' title='bbox 2723 5471 3049 5545; x_wconf 82' lang='lat' dir='ltr'><strong>admiratur,</strong></span> <span class='ocrx_word' id='word_1_776' title='bbox 3075 5482 3131 5525; x_wconf 88' lang='lat' dir='ltr'><strong>ut</strong></span> <span class='ocrx_word' id='word_1_777' title='bbox 3168 5474 3548 5545; x_wconf 56' lang='grc' dir='ltr'><strong>[θηναίων-,θιὼ</strong></span> <span class='ocrx_word' id='word_1_778' title='bbox 3588 5470 3685 5525; x_wconf 54' lang='lat' dir='ltr'><strong>At»</strong></span> 
     </span>
    </p>
   </div>
   <div class='ocr_carea' id='block_1_108' title="bbox 2131 5539 2908 5604">
    <p class='ocr_par' dir='ltr' id='par_1_108' title="bbox 2131 5539 2908 5604">
     <span class='ocr_line' id='line_1_109' title="bbox 2131 5539 2908 5604; baseline 0.009 -14"><span class='ocrx_word' id='word_1_779' title='bbox 2131 5544 2212 5590; x_wconf 86' lang='lat' dir='ltr'><strong>tea</strong></span> <span class='ocrx_word' id='word_1_780' title='bbox 2237 5547 2372 5604; x_wconf 87' lang='lat' dir='ltr'><strong>erat,</strong></span> <span class='ocrx_word' id='word_1_781' title='bbox 2400 5539 2791 5595; x_wconf 82' lang='lat' dir='ltr'><strong>admirabatur.</strong></span> <span class='ocrx_word' id='word_1_782' title='bbox 2829 5544 2908 5597; x_wconf 84' lang='lat' dir='ltr'><strong>lo.</strong></span> 
     </span>
    </p>
   </div>
   <div class='ocr_carea' id='block_1_109' title="bbox 2200 5606 3681 5685">
    <p class='ocr_par' dir='ltr' id='par_1_109' title="bbox 2200 5606 3681 5685">
     <span class='ocr_line' id='line_1_110' title="bbox 2200 5606 3681 5685; baseline 0.001 -24"><span class='ocrx_word' id='word_1_783' title='bbox 2200 5606 2641 5685; x_wconf 28' lang='lat' dir='ltr'><strong>(l6)_‘}’ietori.us_</strong></span> <span class='ocrx_word' id='word_1_784' title='bbox 2686 5615 3107 5685; x_wconf 82' lang='lat' dir='ltr'><strong>appropinquant</strong></span> <span class='ocrx_word' id='word_1_785' title='bbox 3162 5614 3475 5670; x_wconf 82' lang='lat' dir='ltr'><strong>immutavit</strong></span> <span class='ocrx_word' id='word_1_786' title='bbox 3509 5619 3681 5685; x_wconf 70' lang='lat' dir='ltr'><strong>contra</strong></span> 
     </span>
    </p>
   </div>
   <div class='ocr_carea' id='block_1_110' title="bbox 453 5663 3683 5757">
    <p class='ocr_par' dir='ltr' id='par_1_110' title="bbox 453 5663 3683 5757">
     <span class='ocr_line' id='line_1_111' title="bbox 453 5663 3683 5757; baseline 0.006 -43"><span class='ocrx_word' id='word_1_787' title='bbox 453 5663 735 5757; x_wconf 37' lang='lat' dir='ltr'><strong>.auod</strong></span> <span class='ocrx_word' id='word_1_788' title='bbox 790 5669 969 5749; x_wconf 79' lang='lat' dir='ltr'><strong>omnia</strong></span> <span class='ocrx_word' id='word_1_789' title='bbox 1019 5668 1227 5757; x_wconf 69' lang='lat' dir='ltr'><strong>plenius</strong></span> <span class='ocrx_word' id='word_1_790' title='bbox 1276 5663 1549 5757; x_wconf 55' lang='lat' dir='ltr'><strong>easeeutus</strong></span> <span class='ocrx_word' id='word_1_791' title='bbox 1579 5674 1694 5757; x_wconf 54' lang='lat' dir='ltr'><strong>sit,</strong></span> <span class='ocrx_word' id='word_1_792' title='bbox 1741 5675 1832 5757; x_wconf 63' lang='lat' dir='ltr'><strong>sed</strong></span> <span class='ocrx_word' id='word_1_793' title='bbox 1888 5663 2026 5757; x_wconf 59' lang='lat' dir='ltr'><strong>quod</strong></span> <span class='ocrx_word' id='word_1_794' title='bbox 2128 5663 2499 5757; x_wconf 52' lang='lat' dir='ltr'><strong>ms‘s._&#39;tidem.</strong></span> <span class='ocrx_word' id='word_1_795' title='bbox 2548 5663 2777 5737; x_wconf 71' lang='lat' dir='ltr'><strong>Deinder</strong></span> <span class='ocrx_word' id='word_1_796' title='bbox 2800 5663 3683 5757; x_wconf 32' lang='lat' dir='ltr'><strong>sistatis&quot;Eiéiﬁﬁiéiigfaa.</strong></span> 
     </span>
    </p>
   </div>
   <div class='ocr_carea' id='block_1_111' title="bbox 452 5739 2029 5855">
    <p class='ocr_par' dir='ltr' id='par_1_111' title="bbox 452 5739 2029 5855">
     <span class='ocr_line' id='line_1_112' title="bbox 452 5739 2029 5855; baseline 0.011 -73"><span class='ocrx_word' id='word_1_797' title='bbox 452 5739 618 5855; x_wconf 55' lang='lat' dir='ltr'><strong>polssit</strong></span> <span class='ocrx_word' id='word_1_798' title='bbox 641 5739 968 5793; x_wconf 85' lang='lat' dir='ltr'><strong>occasionem</strong></span> <span class='ocrx_word' id='word_1_799' title='bbox 1011 5740 1239 5809; x_wconf 79' lang='lat' dir='ltr'><strong>prwbere</strong></span> <span class='ocrx_word' id='word_1_800' title='bbox 1299 5742 1480 5797; x_wconf 79' lang='lat' dir='ltr'><strong>lectori</strong></span> <span class='ocrx_word' id='word_1_801' title='bbox 1522 5744 1591 5797; x_wconf 89' lang='lat' dir='ltr'><strong>ad</strong></span> <span class='ocrx_word' id='word_1_802' title='bbox 1623 5739 2029 5816; x_wconf 79' lang='lat' dir='ltr'><strong>intelligentiam</strong></span> 
     </span>
     <span class='ocr_line' id='line_1_113' title="bbox 476 5819 715 5855; baseline 0 0"><span class='ocrx_word' id='word_1_803' title='bbox 476 5819 505 5855; x_wconf 79' lang='grc' dir='ltr'><strong>α</strong></span> <span class='ocrx_word' id='word_1_804' title='bbox 534 5819 715 5855; x_wconf 79' lang='lat' dir='ltr'><strong>iorem.</strong></span> 
     </span>
    </p>
   </div>
   <div class='ocr_carea' id='block_1_112' title="bbox 476 5819 715 5861">
    <p class='ocr_par' dir='ltr' id='par_1_112' title="bbox 476 5819 715 5861">
     <span class='ocr_line' id='line_1_114' title="bbox 476 5819 715 5861; baseline 0.025 -6"><span class='ocrx_word' id='word_1_805' title='bbox 476 5819 715 5861; x_wconf 75' lang='lat' dir='ltr'><strong>altorem.</strong></span> 
     </span>
    </p>
   </div>
   <div class='ocr_carea' id='block_1_113' title="bbox 2132 5750 3675 5874">
    <p class='ocr_par' dir='ltr' id='par_1_113' title="bbox 2132 5750 3675 5874">
     <span class='ocr_line' id='line_1_115' title="bbox 2132 5750 3675 5874; baseline 0.006 -75"><span class='ocrx_word' id='word_1_806' title='bbox 2132 5750 2359 5874; x_wconf 49' lang='lat' dir='ltr'><strong>nwr&#39;tis]:</strong></span> <span class='ocrx_word' id='word_1_807' title='bbox 2414 5764 2576 5820; x_wconf 90' lang='lat' dir='ltr'><strong>quam</strong></span> <span class='ocrx_word' id='word_1_808' title='bbox 2635 5758 2815 5809; x_wconf 88' lang='lat' dir='ltr'><strong>tamen</strong></span> <span class='ocrx_word' id='word_1_809' title='bbox 2855 5754 2993 5810; x_wconf 82' lang='lat' dir='ltr'><strong>infra</strong></span> <span class='ocrx_word' id='word_1_810' title='bbox 3047 5756 3330 5813; x_wconf 85' lang='lat' dir='ltr'><strong>lectionem</strong></span> <span class='ocrx_word' id='word_1_811' title='bbox 3366 5750 3525 5811; x_wconf 56' lang='lat' dir='ltr'><strong>&quot;haud</strong></span> <span class='ocrx_word' id='word_1_812' title='bbox 3579 5768 3675 5807; x_wconf 45' lang='lat' dir='ltr'><strong>sero</strong></span> 
     </span>
     <span class='ocr_line' id='line_1_116' title="bbox 2132 5835 2381 5874; baseline -0.004 -1"><span class='ocrx_word' id='word_1_813' title='bbox 2132 5835 2232 5873; x_wconf 65' lang='lat' dir='ltr'><strong>van</strong></span> <span class='ocrx_word' id='word_1_814' title='bbox 2267 5861 2275 5871; x_wconf 94' lang='lat'><strong>.</strong></span> <span class='ocrx_word' id='word_1_815' title='bbox 2330 5836 2381 5874; x_wconf 75' lang='grc' dir='ltr'><strong>ι).</strong></span> 
     </span>
    </p>
   </div>
   <div class='ocr_carea' id='block_1_114' title="bbox 2132 5835 2381 5875">
    <p class='ocr_par' dir='ltr' id='par_1_114' title="bbox 2132 5835 2381 5875">
     <span class='ocr_line' id='line_1_117' title="bbox 2132 5835 2381 5875; baseline -0.004 -2"><span class='ocrx_word' id='word_1_816' title='bbox 2132 5835 2275 5874; x_wconf 58' lang='grc' dir='ltr'><strong>κειηι.</strong></span> <span class='ocrx_word' id='word_1_817' title='bbox 2308 5835 2381 5875; x_wconf 78' lang='grc' dir='ltr'><strong>ιι).</strong></span> 
     </span>
    </p>
   </div>
  </div>
