3836 6506
411 329 515 388 607

1283 333 1340 390 5.
1378 335 1742 394 HIPPOLYTI
1779 341 1927 398 OPP.
1971 343 2148 400 PARS
2189 345 2229 399 1.
2271 374 2337 388 —-
2375 343 2774 402 EXEGETICA.

3539 351 3623 410 608

409 449 721 516 agnovisset
753 449 902 514 Sanl,
931 452 1215 508 adoravit?
1259 456 1422 525 Atqui
1481 457 1608 514 Saui
1665 477 1774 516 non
1827 463 1980 528 vidit,

2085 465 2182 536 τῆς
2233 464 2510 533 γυναικὸς,
2543 465 2678 535 ὅπερ
2720 462 2987 528 ἐϐούλετο,
3022 461 3208 534 σχῆμα
3253 462 3357 518 τῶν
3403 465 3627 524 ἀνιόντων

410 539 506 594 sed
539 540 767 606 audiens
789 557 818 593 a
852 543 1075 598 muliere
1105 546 1251 614 quod
1285 549 1528 614 volebat,
1566 551 1792 619 ﬁguram
1823 553 1984 609 unius

406 639 602 684 eorum
618 631 710 698 qui
737 633 1112 700 ascenderant,
1139 634 1442 704 agnoscens
1467 647 1725 708 tanquam
1761 640 1986 698 Samue-

339 777 344 784 _
410 719 713 786 lem,istam
737 725 1224 794 consuluitpositis
1247 729 1494 798 genibus.
1519 729 1664 786 Nihil
1689 743 1865 788 autem
1879 733 1987 788 dae-

409 810 558 866 tnonj
587 809 822 876 facilius,
862 829 1025 882 quam
1059 815 1330 872 Samuelis
1371 819 1664 890 imaginem
1706 823 1982 887 exhibere,

409 898 514 952 sibi
547 909 753 955 notam.
779 901 1062 967 Quomodo
1095 905 1278 976 igitur,
1315 908 1541 974 instant,
1584 912 1835 980 prmdixit
1865 928 1986 982 quae

409 997 564 1042 erant
598 1001 854 1046 eventura
889 995 1051 1060 mala,
1082 1007 1134 1049 et
1191 995 1322 1052 Saul
1373 999 1498 1068 ipsi,
1536 1009 1588 1056 et
1613 999 1860 1058 Jonatha:
1907 1003 1984 1057 si—

408 1080 767 1137 mul?Finem
805 1085 1024 1154 quidem
1067 1088 1192 1142 belli
1235 1090 1505 1158 praedixit.
1549 1093 1806 1163 quodque
1857 1093 1986 1149 Saul

405 1171 753 1240 vinceretur;
794 1177 848 1230 id
891 1178 1209 1248 conjectans
1251 1183 1320 1236 ab
1369 1183 1448 1239 ira
1483 1185 1577 1240 Dei
1611 1202 1740 1256 erga
1781 1187 1983 1257 ipsum.

406 1255 874 1320 Quemadmodum
921 1265 968 1320 si
1021 1267 1303 1335 medicus,
1366 1272 1521 1342 isque
1563 1255 1984 1332 necisummum

406 1348 542 1402 artis
577 1352 784 1419 apicem
817 1368 1126 1426 assecutus,
1161 1372 1422 1430 {egrotmn
1465 1366 1683 1422 intuens
1731 1369 1986 1440 despera-

405 1447 542 1500 tum,
575 1439 738 1510 hujus
779 1447 1037 1513 przedicat
1087 1461 1338 1516 mortem,
1387 1453 1441 1509 in
1500 1470 1744 1526 tempore
1803 1439 1982 1515 tamen

406 1529 748 1602 designando
777 1537 1059 1595 aberrans.
1091 1541 1168 1598 lta
1211 1555 1264 1599 et
1302 1547 1514 1602 daemon
1553 1551 1621 1602 ab
1647 1549 1772 1606 Saul
1807 1555 1987 1622 operi-

405 1621 530 1688 bus,
587 1625 814 1698 ipsoque
873 1631 1114 1688 facinore
1173 1637 1540 1708 interrogandi
1577 1621 1980 1713 Pythonissam,

405 1716 595 1772 videns
630 1719 765 1774 iram
801 1721 916 1790 Dei,
957 1731 1286 1794 prmnuntiat
1314 1731 1520 1787 cladem
1563 1735 1726 1790 simul
1755 1746 1808 1792 ct
1843 1753 1986 1794 mor-

403 1813 536 1874 tem,
577 1811 722 1868 circa
753 1815 895 1869 diem
917 1833 1046 1872 vero
1071 1822 1260 1876 mortis
1280 1823 1559 1881 oberrans.

2089 557 2205 622 ἐνὸς
2237 559 2326 610 καὶ
2355 558 2609 624 ἐπιγνοὺς
2625 558 2700 620 ὡς
2729 555 2999 628 Σαμουὴλ,
3021 555 3246 627 τοιούτῳ
3257 557 3464 628 ἐχρᾶτο,
3487 578 3628 631 προσ-

2087 648 2348 720 εκύνησεν
2379 649 2534 721 (19').
2565 649 2728 702 Οὐδὲν
2754 650 2810 703 δὲ
2836 648 2912 720 τῷ
2945 649 3158 720 δαίμονι
3191 651 3486 722 μορφῶσαι,
3515 655 3630 727 ὅπερ

2087 741 2224 811 ᾔδει,
2246 739 2432 809 σχῆμα
2459 739 2550 792 τοῦ
2589 739 2860 810 Σαμουὴλ.
2881 738 3002 802 Πῶς
3015 734 3108 793 οὖν
3129 743 3376 810 προεῖπε,
3399 743 3631 813 φησὶν,τὰ

2091 831 2351 902 μέλλοντα
2393 831 2710 901 συμϐαίνειν
2739 831 2818 902 τῷ
2855 831 3044 892 Σαοὺλ,
3081 833 3174 890 καὶ
3207 831 3285 903 τῷ
3325 833 3560 888 Ἰωνάθαν
3579 836 3630 890 ὲν

2085 925 2266 995 ταύτῷ
2299 924 2473 986 κακά;
2505 926 2576 978 Τὸ
2611 925 2710 996 μὲν
2743 926 2894 988 τέλος
2923 929 3148 997 προεῖπε
3169 926 3264 979 τοῦ
3299 927 3541 998 πολέμου,
3569 929 3632 994 ὡς

2086 1015 2257 1068 Σαοὺλ
2292 1016 2673 1087 ἡττηθήσεται,
2716 1017 3086 1090 στοχασαμένη
3122 1018 3227 1071 ἀπὸ
3254 1019 3354 1088 τῆς
3402 1021 3526 1091 περὶ
3555 1023 3633 1074 αύ-

2085 1107 2176 1159 τὺν
2207 1106 2378 1177 όργῆς
2426 1107 2520 1160 τοῦ
2579 1107 2732 1162 Θεοῦ.
2791 1107 3002 1161 Ὠσανεὶ
3049 1109 3228 1179 ἰατρὸς
3269 1111 3296 1162 ὁ
3337 1111 3410 1182 μὴ
3456 1111 3630 1182 ἀκριΰῆ

2084 1199 2181 1269 τῆς
2211 1200 2518 1270 ἐπιστήμης
2547 1199 2684 1269 ἔχων
2715 1199 2812 1270 τὴν
2843 1199 3062 1268 γνῶσιν,
3098 1201 3508 1272 ἀπεγνωσμένον
3551 1205 3632 1274 ἆῤ-

2089 1291 2291 1361 ρωστον
2326 1289 2680 1361 θεασάμενος,
2717 1292 2846 1363 εἴπῃ
2881 1291 3070 1346 τούτου
3115 1294 3206 1346 τὸν
3241 1294 3486 1359 θάνατον,
3525 1295 3634 1368 περὶ

2084 1381 2184 1454 τὴν
2209 1381 2355 1454 ὥραν
2391 1382 2774 1453 σφαλλόμενος.
2803 1383 2958 1437 Οὕτω
2999 1385 3094 1440 καὶ
3135 1387 3163 1438 ὁ
3195 1385 3402 1456 δαίμων
3425 1387 3525 1440 ἀπὸ
3544 1387 3636 1443 τῶν

2086 1459 2263 1545 ἔργὼν
2305 1473 2398 1528 τοῦ
2442 1475 2634 1540 Σαοὺλ,
2685 1476 2778 1528 καὶ
2812 1476 2974 1530 αὐτοῦ
3003 1477 3096 1530 τοῦ
3129 1479 3521 1549 ἐγχειρήματος
3553 1480 3636 1550 τῆς

2098 1565 2584 1638 Ἐγγαστριμύθου,
2621 1566 2778 1630 εἰδὼς
2811 1567 2905 1620 τοῦ
2939 1568 3072 1622 Θεοῦ
3101 1569 3201 1640 τὴν
3226 1570 3418 1641 ὀργὴν,
3465 1571 3634 1642 προλέ-

2084 1673 2169 1726 γει
2207 1657 2303 1728 τὴν
2325 1655 2496 1730 ἧτταν
2530 1659 2663 1728 ὁμοῦ
2699 1659 2792 1712 καὶ
2823 1659 2914 1712 τὸν
2945 1660 3191 1728 θάνατον,
3223 1663 3350 1734 περὶ
3382 1663 3478 1733 τὴν
3524 1663 3638 1734 ἠμέ-

2091 1767 2187 1820 ραν
2215 1750 2307 1804 τοῦ
2337 1750 2568 1808 θανάτου
2597 1752 2837 1821 σφαλείς.

408 2023 3613 2080 ._____.__w-——-——-—————_—_______.._______________

1652 2207 1776 2296 IN
1898 2207 2474 2304 PSALMOS.

1709 2369 1722 2378 .
1811 2396 1900 2458 (Ex
1945 2399 2245 2465 Gallandlo.)

400 2703 676 2778 Hippolyti
707 2710 934 2777 episcopi
959 2710 1137 2765 Romte
1163 2726 1532 2780 argumentum
1558 2722 1887 2775 enarrationi
1917 2723 1970 2776 in

888 2781 1124 2820 Pxnlmae
1153 2787 1483 2820 nrt-micans“

2085 2725 2448 2782 Ἱππολύτου
2487 2729 2825 2820 ἐπισκόπου
2863 2732 3097 2820 ’Ῥοξέεης
3127 2737 3421 2820 ὑπόθεσις
3463 2733 3648 2809 διηγή-

881 2781 1124 2836 Psalmes
1151 2787 1508 2853 praemissum.

467 2887 629 2943 Liber
650 2889 990 2946 Psalmorum
1017 2909 1213 2948 novam
1243 2894 1548 2951 doctrinam
1576 2901 1820 2956 continet
1849 2893 1987 2972 post-3

397 2979 568 3050 legem
603 2981 822 3052 Moysis.
858 2983 1008 3038 Alter
1039 2987 1183 3039 enim
1232 2988 1319 3042 hic
1361 2999 1483 3058 post
1509 2990 1710 3062 Moysis
1741 2995 1974 3065 scriptu-

397 3085 512 3124 ram
566 3071 886 3128 doctrinalis
943 3075 1079 3130 liber
1127 3088 1228 3132 est.
1293 3079 1423 3134 Post
1467 3081 1668 3152 Moysis
1717 3086 1880 3156 igitur
1919 3097 1974 3142 et

393 3158 577 3215 Josua:
615 3163 846 3228 obitum,
882 3175 935 3219 et
965 3175 1086 3236 post
1121 3167 1371 3236 judices,
1413 3169 1582 3226 David
1615 3176 1842 3242 exstitit,
1877 3179 1970 3247 qui

394 3251 593 3321 dignus
639 3255 856 3310 habitus
900 3266 958 3310 ut
988 3256 1288 3316 Salvatoris
1323 3263 1488 3318 etiam
1537 3265 1658 3334 ipse
1684 3275 1837 3336 pater
1871 3283 1970 3338 ap-

395 3343 710 3412 pellaretur,
755 3363 952 3402 novam
991 3351 1258 3405 rationem
1305 3353 1631 3424 hymnorum
1676 3361 1975 3414 concinen-

394 3438 589 3492 dorum
643 3439 852 3508 primus
902 3443 1143 3510 tradidit,
1175 3459 1272 3514 per
1305 3461 1468 3516 quam
1519 3451 1743 3504 sustulit
1775 3467 1898 3520 quae
1941 3469 1969 3505 a

399 3527 584 3598 Moyse
630 3529 840 3584 sancita
883 3530 1000 3601 lege
1045 3541 1202 3586 erant
1242 3533 1310 3588 de
1341 3535 1646 3600 sacriﬁciis,
1685 3545 1740 3592 et
1769 3553 1972 3592 novum

393 3619 656 3692 hymnum
689 3631 851 3691 atque
880 3624 1100 3678 modum
1141 3625 1317 3695 jubilo
1347 3629 1558 3684 colendi
1587 3630 1758 3686 Deum
1797 3633 1971 3688 intro-

393 3711 569 3778 duxit,
600 3713 815 3783 aliaque
847 3716 1078 3784 plurima
1117 3719 1289 3789 legem
1317 3719 1518 3792 Moysis
1549 3723 1969 3792 supergrediem

396 3804 492 3870 tia,
523 3805 720 3860 intota
752 3823 848 3863 sua
881 3811 1210 3866 tractatione
1236 3812 1420 3868 docuit
1446 3813 1582 3884 (‘20).

2463 2815 2618 2867 σεως
2660 2805 2748 2868 είς
2783 2803 2924 2870 τοὺς
2965 2807 3270 2874 Ψαλμούς.

2160 2907 2226 2960 Ἥ
2258 2907 2436 2978 βίϐλος
2465 2911 2571 2964 τῶν
2609 2913 2854 2984 Ψαλμῶν
2882 2916 3070 2986 καινὴν
3099 2917 3454 2973 διδασκαλίαν
3487 2919 3646 2991 περιέ·

2077 3017 2161 3069 χει
2191 3000 2332 3054 κατὰ
2364 3003 2463 3072 τὴν
2493 3005 2770 3070 Μωῡσέως
2805 2999 3145 3078 νομοθεσίαν.
3176 3011 3284 3063 Καὶ
3309 3013 3400 3066 ὃτι
3435 3013 3646 3082 δευτέρα

2083 3089 2220 3159 μετὰ
2273 3090 2372 3162 τὴν
2423 3093 2703 3160 Μωῡσέως
2774 3098 2992 3169 γραφὴν
3058 3099 3442 3174 διδασκαλική,
3489 3103 3646 3174 βίϐλος

2079 3183 2352 3252 τυγχάνει.
2412 3186 2568 3240 Μετὰ
2634 3187 2765 3256 γοῦν
2823 3189 2920 3261 τὴν
2991 3193 3269 3257 Μωῦσέως
3323 3197 3426 3248 καὶ
3494 3194 3647 3266 Ἰησοῦ

2077 3271 2355 3344 τελευτὴν,
2409 3277 2503 3330 καὶ
2567 3279 2706 3348 μετὰ
2755 3281 2880 3344 τοὺς
2931 3283 3124 3354 κριτὰς
3147 3285 3314 3338 Δαόὶδ
3349 3287 3648 3358 γενόμενος,

2078 3363 2276 3417 ὡσανεὶ
2303 3367 2394 3419 τοῦ
2422 3369 2672 3441 Σωτῆρος
2711 3373 2874 3437 αὐτὸς
2899 3377 3237 3447 χρηματίσαι
3274 3379 3466 3450 πατὴρ
3499 3395 3651 3431 κατα-

2080 3452 2313 3522 ξιωοεὶς,
2363 3461 2547 3513 καινὸν
2588 3462 2786 3532 τρόπον
2818 3465 2907 3518 τὸν
2947 3467 3050 3537 τῆς
3084 3467 3410 3539 ψαλμῳδίας
3457 3468 3650 3540 πρῶτος

2093 3545 2363 3618 Ἑϐραίοις
2395 3553 2700 3624 παρέδωκε,
2733 3556 2800 3608 δι’
2830 3552 2900 3628 ἧς
2927 3559 3142 3629 ἀναιρεῖ
3174 3559 3274 3629 μὲν
3305 3559 3378 3612 τὰ
3411 3561 3560 3631 παρὰ
3585 3559 3652 3630 “mf.

2079 3637 2286 3712 Μωῦσῇ
2331 3644 2458 3714 περὶ
2497 3643 2698 3698 θυσιῶν
2739 3647 3228 3721 νενομοθετημένα,
3261 3653 3456 3706 καινὸν
3487 3651 3544 3704 δὲ
3571 3649 3652 3704 τον

2081 3727 2246 3800 ὕμνον
2275 3736 2368 3786 καὶ
2400 3735 2716 3808 ἀλαλαγμοῦ
2749 3741 2946 3810 τρόπον
2974 3742 3072 3812 τῆς
3105 3743 3199 3796 τοῦ
3233 3743 3373 3797 Θεοῦ
3413 3743 3654 3816 inp-sia;

2075 3821 2314 3892 εἰσάγει,
2367 3828 2460 3881 καὶ
2491 3829 2626 3883 ἄλλα
2663 3831 2722 3883 δὲ
2766 3831 2992 3886 πλεῖστα
3041 3833 3128 3886 τὸν
3163 3837 3459 3901 'Mwﬁaétog
3503 3835 3652 3906 νόμον

393 3896 837 3970 ὑπερϐεϐηκότα,
890 3899 956 3952 δι’
1016 3900 1143 3973 ὅλης
1200 3901 1366 3956 αὑτοῦ
1423 3903 1522 3974 τῆς
1582 3904 1968 3976 πραγματείας
1998 3906 2258 3971 διδάσκει,

1755 4117 1826 4176 ln
1859 4118 2180 4182 Psalmum
2221 4123 2298 4186 ll.

1036 4217 1382 4271 Theodoritus
1415 4219 1629 4289 dialogo
1661 4222 1908 4289 secundo,
1931 4240 1992 4294 qu

2081 4227 2363 4280 nscribitur
2401 4229 2780 4300 Ἇσύγχυτος,
2817 4249 2870 4301 p.
2903 4233 3019 4288 167.

467 4306 652 4363 Sancti
683 4309 956 4383 Hippolyti
996 4314 1334 4405 episcopiex
1366 4319 1712 4372 enarratione
1738 4319 1964 4373 secundi

2139 4324 2244 4378 Τοῦ
2280 4325 2437 4394 ἁγίου
2484 4326 2798 4405 Ἱππολύτου
2834 4329 3132 4405 ἐπισκόπου
3160 4332 3223 4384 ἐκ
3239 4329 3652 4405 τῆςὲρμηνείας

1063 4386 1280 4453 psalmi.

467 4475 562 4531 llic
592 4476 816 4531 veniens
839 4475 898 4531 in
930 4477 1193 4532 mundum
1217 4477 1362 4533 Deus
1389 4487 1444 4532 et
1473 4479 1638 4533 homo
1663 4480 1967 4549 patefactus

391 4578 495 4634 est,
537 4576 592 4623 et
627 4569 922 4622 humanam
955 4568 1173 4639 quidem
1222 4569 1393 4639 ipsius
1427 4581 1676 4624 naturam
1706 4572 1862 4628 facile
1885 4585 1968 4629 est

391 4675 704 4730 agnoscere,
754 4662 974 4731 quando
1021 4661 1196 4716 esurit
1249 4671 1303 4716 et
1343 4661 1688 4733 del’atigatur,
1735 4677 1790 4719 et
1831 4666 1966 4733 sitit,

387 4764 442 4808 et
475 4763 722 4808 metuens
757 4755 894 4822 fugit
925 4765 978 4808 et
1009 4769 1176 4810 orans
1220 4755 1474 4810 maestitia
1521 4757 1880 4822 conﬂictatur,
1911 4767 1966 4813 et

389 4844 446 4900 in
490 4846 744 4901 cervicali
792 4846 1014 4911 dormit,
1061 4853 1118 4900 et
1163 4846 1384 4901 calicem
1439 4848 1712 4917 passionis
1761 4851 1962 4906 auferri

387 4937 542 5007 petit,
581 4947 634 4992 et
672 4938 726 4991 in
761 4937 904 4992 lucta
949 4938 1130 5003 sudat,
1163 4948 1218 4994 et
1256 4941 1326 4994 ab
1357 4941 1547 5010 angelo
1584 4941 1959 5007 continuatur,

386 5038 442 5083 et
467 5028 651 5084 aJuda
681 5032 950 5100 proditur,
971 5041 1026 5086 et
1058 5033 1385 5086 contumelia
1417 5033 1649 5088 allicitur
1673 5049 1704 5088 a
1733 5034 1959 5104 Caipha,

387 5122 536 5176 etab
563 5121 778 5177 Herode
822 5124 1141 5194 despicitur,
1176 5131 1231 5178 et
1277 5141 1306 5178 a
1340 5123 1516 5179 Pilato
1547 5125 1870 5196 ﬂagellatur,
1906 5139 1962 5183 et

386 5231 418 5272 a
457 5215 723 5270 militibus
767 5215 1063 5283 deridetur,
1104 5225 1158 5272 et
1200 5233 1227 5269 a
1267 5215 1467 5272 Judmis
1514 5217 1664 5289 ligno
1704 5217 1957 5288 adigitur,

457 5345 593 5420 (19")
620 5347 828 5418 Lege...
861 5349 1169 5412 τέϐούλετο,
1197 5351 1289 5404 καὶ
1335 5350 1520 5420 σχῆμα
1553 5350 1662 5404 τῶν
1707 5351 1812 5404 ἀνι.
1847 5351 1964 5416 ἑνὸς

387 5413 537 5493 ὲπιγ.
557 5419 644 5493 ⁸ὡς
661 5413 942 5493 Σαμουὴλ,
969 5419 1200 5490 τοιούτῳ
1221 5413 1802 5493 ὲχρ.,”προσκυνήσας.

461 5486 576 5562 (20)
609 5486 763 5544 Hunc
795 5486 995 5558 locum,
1027 5493 1120 5562 sed
1151 5486 1331 5546 minus
1367 5486 1636 5559 integrum
1667 5486 1960 5562 'minusque

384 5559 754 5633 emendatum,
783 5563 1038 5633 produxit
1068 5559 1378 5633 Stephanus
1411 5563 1458 5614 le
1487 5563 1680 5633 Moyne
1715 5559 1954 5618 notis'ad

397 5626 560 5702 varia
605 5645 758 5702 socru
786 5626 855 5700 'p.
881 5632 1005 5695 977,
1047 5626 1274 5686 laud—aus
1313 5626 1592 5702 Hippolyti
1628 5632 1824 5688 librum
1873 5633 1956 5686 in-

389 5700 596 5772 editunl
637 5700 688 5752 in
723 5699 965 5757 Psalmos
1006 5705 1098 5772 qui
1127 5711 1302 5756 exstet
1327 5699 1614 5772 Flor-entire
1659 5705 1710 5756 in
1759 5705 1952 5757 biblio-

392 5771 546 5828 theca
573 5768 954 5826 Laurcntiana.
983 5768 1100 5828 Non
1135 5783 1312 5828 tamen
1343 5771 1610 5844 Hippolyti
1645 5775 1780 5830 liber
1813 5777 1944 5831 intc-

2621 4398 2714 4450 τοῦ
2761 4399 2806 4467 β’
2847 4399 3084 4470 ψαλμοῦ.

2141 4479 2350 4549 Οὗτοςὸ
2367 4485 2648 4558 προελθὼν
2677 4491 2756 4552 εἰς
2786 4488 2875 4542 τὸν
2905 4491 3129 4561 κόσμον,
3160 4492 3292 4556 θεὸς
3317 4495 3418 4547 καὶ
3445 4495 3652 4566 ἄνθρω-

2069 4593 2170 4639 πος
2202 4576 2542 4648 ἐφανερώθη,
2586 4580 2681 4632 καὶ
2729 4581 2819 4634 τὸν
2853 4581 2951 4652 μὲν
2983 4581 3270 4654 ἄνθρωπον
3297 4586 3470 4639 αὐτοῦ
3506 4587 3652 4639 εὐκό-

2071 4668 2178 4731 λως
2215 4669 2331 4722 ἔστι
2375 4673 2536 4736 νοεῖν,
2581 4672 2670 4724 ὅτε
2719 4675 2882 4745 πεινᾷ
2916 4675 3010 4727 καὶ
3071 4679 3264 4748 κοπιᾷ,
3301 4679 3400 4732 καὶ
3435 4680 3652 4750 κάμνων

2069 4759 2217 4832 διψᾷ,
2252 4761 2346 4813 καὶ
2373 4761 2584 4816 δειλιῶν
2618 4763 2827 4834 φεύγει,
2869 4767 2962 4818 καὶ
3000 4769 3440 4840 προσευχόμενος
3471 4773 3648 4824 λυπεί-

2070 4871 2181 4916 ται,
2217 4855 2312 4908 καὶ
2341 4857 2434 4908 ἐπὶ
2469 4858 2910 4928 προσκεφαλαίου
2945 4859 3228 4914 καθεύδεν
3263 4864 3358 4916 καὶ
3391 4865 3652 4936 ποτήριον

2071 4945 2275 5009 πάθους
2313 4951 2676 5018 παραιτεῖται,
2707 4950 2803 5002 καὶ
2827 4951 3076 5019 ἀγωνιῶν
3111 4953 3266 5022 ἱδροῖ,
3301 4953 3400 5006 καὶ
3437 4955 3532 5008 ὑπ’
3559 4956 3652 5020 αγ-

2069 5037 2226 5105 γέλου
2259 5038 2608 5110 δυναμοῦται,
2645 5043 2736 5094 καὶ
2769 5042 2872 5094 ὑπὸ
2913 5043 3081 5096 Ἰούδα
3111 5044 3471 5115 παραδίδοται
3495 5087 3510 5105 ,
3561 5043 3652 5096 καὶ

2065 5129 2392 5200 ἁτιμάζεται
2439 5131 2542 5184 ὑπὸ
2580 5131 2824 5201 Καῖάφα,
2861 5133 2952 5185 καὶ
2990 5133 3096 5185 ἀπὸ
3149 5133 3392 5204 Ἡρώδου
3439 5133 3650 5199 ἐξουθε-

2068 5226 2272 5288 νεῖται,
2311 5223 2632 5295 μαστίζεταί
2665 5243 2723 5278 τε
2765 5225 2869 5279 ὑπὸ
2905 5226 3159 5293 Πιλάτου,
3201 5227 3296 5280 καὶ
3342 5227 3456 5281 ὑπὸ
3491 5243 3650 5299 στρα-

2067 5374 2160 5440 ger
2191 5361 2242 5415 in
2266 5359 2542 5444 jam.dicta
2569 5361 2894 5416 bibliotheca
2923 5371 3189 5444 superest,
3218 5361 3648 5444 sedfr-agmenta

2065 5431 2182 5500 ejus
2243 5432 2492 5500 qruedam
2557 5442 2852 5488 occurrunt
2921 5431 3242 5489 in’Culcna
3319 5431 3532 5488 inedita
3597 5434 3648 5487 in

2065 5499 2311 5555 l’salmos
2337 5518 2500 5572 quam
2545 5504 2834 5558 thesaurus
2886 5503 2972 5557 ille
3005 5504 3260 5559 librarius
3307 5521 3478 5558 manu
3518 5519 3650 5558 exa-

2064 5582 2237 5625 ratam
2289 5581 2552 5634 asset-vat,
2583 5589 2612 5626 e
2641 5591 2749 5643 qua
2795 5575 3042 5626 eumdem
3085 5575 3284 5638 lomnn,
3317 5575 3411 5627 sed
3461 5577 3646 5628 itidrm

2063 5645 2246 5712 minus
2291 5645 2574 5696 emendate
2625 5644 2880 5712 produxit
2926 5645 3232 5700 Alexander
3275 5645 3466 5704 Morus
3505 5647 3648 5701 notis

2065 5715 2130 5766 ad
2161 5711 2368 5767 Nor-um
2397 5711 2710 5780 Fazdus,iad
2741 5713 2902 5770 Hebr.
2935 5733 2990 5782 Χ,
3021 5715 3072 5770 ὅ.
