3836 6514
185 360 269 415 609
1308 348 1732 414 FRAGMENTA
1772 357 1836 412 IN
1876 356 2209 416 PSALSIOS.
3267 369 3372 427 6I0

179 475 353 534 ςιωτῶν
380 472 638 539 παίζεται,
673 475 767 530 καὶ
799 478 902 532 ὑπὸ
949 479 1212 534 Ἰουδαίων
1238 480 1379 552 ξύλῳ
1445 483 1690 554 προσπή-

1881 485 1945 537 atl
1977 485 2188 540 Patrem
2236 485 2479 542 clamans
2527 488 2779 558 spiritum
2828 489 2877 544 ei
2915 491 3282 557 commendat,
3315 503 3369 548 et

179 593 354 648 γνυται,
376 573 460 627 καὶ
477 573 608 644 πρὸς
628 575 845 647 Πατέρα
860 576 995 645 βοῶν
1012 578 1367 648 παρατίθεται
1389 578 1448 631 τὸ
1465 579 1596 631 τ·ηεῦ
1604 596 1694 649 μα,

1855 577 2066 632 ιοιὶιιαιο
2096 581 2272 648 capite
2300 581 2560 650 exspirat,
2604 591 2659 635 et
2687 583 2873 637 lancea
2909 581 3050 637 latus
3086 583 3206 651 ejus
3235 600 3370 639 eon-

178 668 254 721 καὶ
294 665 466 718 κλίνων
509 664 750 737 κεφαλὴν
801 668 1024 730 ὲκπνεῖ,
1096 669 1190 722 καὶ
1247 668 1486 740 πλευρὰν
1531 669 1693 739 λόγχῃ

1858 669 2027 734 ditur,
2061 676 2116 723 et
2144 671 2372 727 sindone
2404 673 2679 728 involutus
2711 675 2766 727 in
2803 684 3155 729 monumento
3205 677 3373 731 collo-

177 760 406 823 νύσσεται,
439 758 527 811 καὶ
560 758 755 813 σίνδονι
789 758 1132 827 ἑλισσόμενος
1182 760 1240 812 ὲν
1271 760 1519 831 μνημείῳ
1552 759 1692 812 τίθε-

1858 768 1977 821 ιιιιτ,
2002 769 2056 814 et
2084 763 2242 816 tertio
2267 763 2355 817 die
2385 778 2414 817 a
2441 763 2598 817 Patre
2626 765 2999 820 resuscitator.
3029 766 3220 821 Divina
3244 783 3373 824 vero

174 869 274 916 ται,
314 849 397 903 καὶ
434 849 724 921 τριήμερος
770 849 874 902 ὑπὸ
915 849 1128 921 Πατρός
1171 851 1484 905 ἀνίσταται·
1533 852 1594 904 τὸ
1637 851 1689 905 δὲ

1859 853 1976 908 sius
2005 863 2200 910 natura
2235 871 2341 909 non
2375 857 2604 912 obscure
2631 858 2891 923 cernitur,
2920 861 3140 928 quando
3166 860 3235 913 ab
3272 875 3371 914 an-

175 944 319 996 θεῖκὺν
343 941 493 995 αὐτοῦ
526 940 689 996 πάλιν
722 942 970 1014 φανερῶς
1001 943 1148 995 ἔστιν
1185 943 1331 1004 ἰδεῖν,
1366 945 1452 996 ὅτε
1485 944 1576 995 ὑπ’
1600 943 1690 1011 ἀγ-

1853 941 1933 996 rlis
1965 943 2247 1010 adorator,
2283 955 2335 999 et
2363 962 2391 999 a
2426 947 2737 1015 pastoribus
2767 959 3061 1018 spectatur,
3090 962 3143 1006 et
3171 969 3368 1022 exspe-

171 1035 312 1102 γέλων
348 1036 751 1104 προσκυνεῖται,
801 1035 894 1087 καὶ
937 1033 1219 1106 θεωρεῖται
1263 1034 1366 1087 ὑπὸ
1401 1034 1686 1104 ποιμένων,

1855 1042 1974 1087 atur
2011 1051 2040 1088 a
2070 1035 2342 1103 Simeone,
2380 1048 2434 1092 et
2474 1038 2644 1093 Anna:
2691 1043 3000 1096 testimonio
3037 1058 3281 1107 ornatur,
3315 1053 3370 1100 et

138 1110 143 1116 I
171 1129 245 1181 καὶ
269 1127 610 1199 προσδοκᾶται
651 1126 755 1180 ὑπὸ
784 1125 1027 1198 Συμεὼν,
1060 1130 1152 1183 καὶ
1181 1129 1284 1183 ὑπὸ
1314 1127 1510 1197 Ἀννης
1555 1145 1653 1200 μαε

1852 1123 2056 1178 tteritur
2101 1141 2130 1179 a
2163 1128 2355 1197 magis,
2389 1137 2443 1181 et
2476 1128 2747 1183 indicatur
2781 1146 2811 1184 a
2841 1132 3013 1198 stella,
3048 1148 3101 1188 et
3131 1150 3195 1190 ex
3225 1151 3367 1205 aqua

168 1221 388 1290 τνρεῖται,
407 1217 494 1270 καὶ
528 1219 768 1287 ζητεῖται
785 1217 888 1272 ὑπὸ
907 1219 1114 1290 μάγων,
1145 1221 1239 1274 καὶ
1273 1221 1590 1291 σημαίνεται
1617 1220 1683 1273 δι’

1880 1217 2082 1284 nuptiis
2115 1220 2298 1272 vinum
2338 1219 2487 1283 facit,
2523 1230 2576 1274 et
2606 1238 2753 1275 mare
2779 1223 2831 1276 vi
2865 1234 3150 1281 ventorum
3195 1230 3369 1298 agita-

168 1309 373 1379 ἀστέρος,
402 1307 652 1378 καὶῦδωρ
671 1309 728 1361 ὲν
750 1309 946 1379 γάμοις
977 1309 1118 1363 οἴνου
1140 1311 1259 1380 (sic)
1293 1309 1683 1381 ἀπεργάζεται,

1861 1321 1910 1359 m
1940 1307 2212 1378 objurgat,
2251 1320 2306 1363 et
2340 1311 2391 1364 in
2426 1315 2563 1366 mari
2598 1315 2870 1379 ambulat,
2901 1325 2955 1370 et
2991 1332 3134 1372 cteco
3168 1334 3198 1372 a
3224 1321 3369 1372 nati-

167 1399 240 1453 καὶ
273 1398 493 1470 θαλάσσῃ
536 1399 642 1452 ὑπὸ
686 1399 805 1470 βίας
837 1399 1058 1470 ἀνέμων
1134 1401 1391 1472 κινομένῃ
1438 1400 1682 1470 ἐπιτιμᾷ,

1851 1405 1958 1451 tate
1996 1399 2173 1454 visum
2216 1402 2454 1456 restituit
2479 1441 2495 1467 ,
2535 1413 2591 1457 et
2625 1403 2892 1460 Lazarum
2939 1410 3366 1477 quatriduanum

165 1491 238 1544 καὶ
260 1491 340 1544 ἐπὶ
362 1491 631 1564 θαλάσσης
659 1494 968 1564 περιπατεῖ,
999 1493 1091 1546 καὶ
1115 1492 1308 1560 τυφλὸν
1331 1495 1396 1546 ὲκ
1421 1491 1680 1561 γεννητῆς

1850 1491 2114 1557 suscitat,
2158 1507 2212 1546 et
2260 1495 2442 1550 varias
2493 1495 2724 1552 virtutes
2773 1499 3006 1566 perlicit,
3052 1508 3106 1556 et
3145 1512 3365 1571 peccata

161 1585 268 1654 όρᾷν
297 1586 442 1650 ποιεῖ,
465 1585 560 1638 καὶ
586 1584 778 1656 νεκρὸν
799 1585 1051 1656 Λάζαρον
1075 1585 1447 1656 τετραήμερον
1475 1581 1676 1650 ἀνιστᾷ⁴

1796 1583 2041 1648 remittit,
2077 1593 2131 1638 et
2165 1595 2485 1654 potestatem
2526 1589 2833 1645 remittendi
2864 1591 2956 1646 dat
2985 1593 3289 1663 discipulis.

164 1681 237 1733 καὶ
267 1679 496 1744 ποικίλας
525 1679 786 1752 δυνάμεις
816 1679 980 1749 τελεῖ,
1028 1680 1122 1734 καὶ
1157 1679 1430 1750 ἁμαρτίας
1471 1676 1685 1746 ἀφίησι,
1715 1675 1811 1728 καὶ
1839 1676 2087 1740 ἐξουσίαν
2115 1679 2298 1734 δίδωσι
2327 1681 2618 1751 μαθηταῖς.

1386 1917 1456 1977 In
1517 1914 1837 1976 Psalmum
1885 1912 2098 1973 XXII.

1253 2064 1402 2122 Idem
1429 2064 1772 2119 Tlteodoritus
1799 2062 2010 2132 dialogo
2037 2061 2226 2131 primo.

155 2185 237 2236 Τοῦ
278 2185 421 2257 ἁγίου
465 2183 782 2257 Ἱππολύτου
821 2183 1119 2257 ἐπισκόπου
1171 2185 1264 2236 xa‘t
1288 2184 1582 2257 Δμάρτυρος
1616 2183 1670 2234 ἐκ

1851 2179 2085 2257 Sanctus
2115 2179 2436 2257 Hippolytus
2467 2183 2757 2257 cpiscopus
2789 2196 2841 2239 et
2871 2197 3078 2257 martyr
3105 2186 3158 2240 in
3191 2195 3354 2242 enar—

245 2257 325 2309 τού
356 2256 508 2324 λόγου
544 2255 634 2308 τοῦ
663 2257 771 2318 εἰς·
815 2273 833 2305 ι
874 2254 1074 2325 Κύριος
1105 2252 1502 2324 ποιμαίνειμεζ
1545 2274 1563 2304 ι

1925 2252 2132 2305 ratione
2166 2253 2381 2320 psalmi,
2425 2271 2443 2303 ‹
2470 2252 2730 2309 Dominus
2760 2267 2944 2324 pastor
2976 2252 3149 2311 meus.
3192 2275 3209 2308 ι

207 2348 298 2401 Καὶ
329 2347 551 2411 κιϐωτὸς
580 2347 636 2400 δὲ
664 2349 726 2399 ἐκ
757 2345 924 2411 ξύλων
953 2347 1210 2417 ἁσήπτων
1235 2345 1396 2409 αὐτὸς
1430 2341 1540 2416 ἧνὸ
1565 2346 1676 2397 Σω-

1851 2341 1992 2397 Area
2030 2344 2354 2397 concinnata
2381 2359 2447 2398 ex
2478 2345 2639 2416 lignis
2687 2360 2796 2400 non
2830 2347 3084 2402 obnoxiis
3116 2348 3355 2417 putrefa-

150 2441 257 2512 τήρ⁹
289 2442 343 2493 τὸ
367 2441 466 2513 γὰρ
493 2442 735 2512 ἄσηπτον
773 2436 932 2492 αὐτοῦ
979 2439 1073 2492 καὶ
1106 2437 1428 2510 ἀδιάφθορον
1479 2438 1665 2507 σκῆνος

1840 2433 1946 2487 ioni
1975 2443 2092 2488 erat
2130 2433 2244 2503 ipse
2275 2434 2542 2490 Salvator.
2580 2436 2792 2491 Etenim
2823 2438 2925 2492 bac
2951 2439 3355 2507 signiﬁcabatur

150 2531 290 2603 ταύτῃ
321 2531 714 2603 κατηγγέλλετο
742 2531 801 2584 τὸ
835 2531 1101 2605 μηδεμίαν
1151 2531 1541 2602 ἁμαρτήματος
1584 2545 1665 2598 ση-

1841 2525 2191 2579 bernaculum
2265 2527 2436 2596 ipsius
2495 2543 2601 2580 non
2659 2529 2898 2584 sentiens
2951 2531 3190 2594 cariem,
3256 2542 3354 2586 aut

151 2623 310 2675 πεδόνα
325 2622 515 2692 φύσαν·
539 2624 594 2676 '0
610 2622 716 2694 γὰρ
742 2624 1062 2696 ἁμαρτήσας
1083 2622 1175 2675 καὶ
1194 2620 1513 2690 ἐξομολογού
1523 2619 1666 2691 μενός

1836 2618 2206 2686 irruptionem,
2241 2618 2345 2673 hoc
2385 2627 2488 2684 est,
2527 2620 2729 2673 nullam
2766 2622 2971 2689 peccati
3010 2625 3351 2691 putredinem

150 2729 278 2783 φησιο
296 2714 678 2781 Προσὼζεσιιν
702 2715 799 2768 καὶ
831 2716 1155 2782 ἐσάπησαν
1174 2717 1226 2767 οἱ
1244 2713 1665 2783 μώλωπέςμου.

1837 2723 2026 2777 gneus.
2075 2706 2210 2761 Nam
2260 2719 2512 2778 peccator
2559 2712 2700 2765 hanc
2749 2711 2859 2766 edit
2909 2715 3347 2768 confessionem:

147 2803 241 2856 ἀπὸ
267 2804 580 2872 προσώπου
609 2804 721 2872 τῆς
745 2806 1098 2874 ἀφροσύνης
1121 2822 1260 2873 μου.
1301 2804 1356 2856 '0
1385 2803 1440 2854 δὲ
1476 2803 1662 2873 Κύριος

1838 2809 2105 2852 utruerunt
2159 2809 2210 2852 et
2254 2811 2502 2869 corrupta
2545 2811 2669 2855 sunt
2718 2803 2932 2857 vulnera
2979 2821 3093 2858 mea
3141 2816 3353 2875 propter

150 2895 488 2968 ἀναμάρτητος
529 2893 618 2967 ἦν,
665 2900 728 2950 ἐκ
765 2896 872 2949 τῶν
916 2897 1175 2966 ἀσήπτων
1224 2892 1395 2959 ξύλων
1440 2894 1499 2946 τὸ
1537 2893 1665 2946 κατᾶ

1835 2891 2134 2960 εἱρὶεηιὶαηι
2162 2909 2329 2946 meam
2353 2894 2416 2945 ³².
2446 2893 2711 2948 Dominus
2739 2911 2868 2949 vero
2899 2897 3103 2965 peccati
3133 2913 3347 2966 expers,

65 2983 68 2986 ⁴
145 2987 403 3059 ἄνθρωπον,
436 2990 717 3044 τουτέστιν
749 2990 813 3042 ἐκ
841 2989 938 3059 τῆς
972 2988 1240 3060 Παρθένου
1273 2987 1365 3041 καὶ
1392 2985 1484 3038 τοῦ
1518 2987 1580 3052 άγ

1861 2997 1927 3037 ex
1958 2983 2118 3054 lignis
2175 2985 2510 3039 immunibus
2548 3001 2577 3038 a
2609 2985 3002 3055 putrefactione
3051 2989 3351 3044 secundum

147 3079 412 3151 Πνεύματος
459 3083 683 3149 ἔσωθεν,
714 3082 806 3136 καὶ
837 3081 1034 3148 ἔξωθεν
1065 3081 1158 3134 τοῦ
1188 3081 1345 3149 λόγου
1383 3079 1476 3132 τοῦ
1514 3078 1662 3142 Θεοιῖο1

1836 3076 2077 3142 ιηιίηοιη,
2111 3075 2214 3129 hoc
2245 3087 2346 3141 est,
2376 3092 2440 3130 cx
2478 3075 2696 3146 Virgine
2729 3087 2781 3131 et
2809 3077 3010 3146 Spiritu
3047 3088 3237 3134 sancto
3267 3080 3351 3134 in-

143 3159 209 3218 οἷα
236 3169 595 3244 καθαρωτάτῳ
622 3171 830 3244 χρυσίῳ
865 3169 1425 3244 περικεκαλυμμένος.

1835 3181 1888 3229 ιε,
1925 3175 1978 3219 et
2018 3165 2149 3219 foris
2195 3166 2357 3218 verbo
2390 3166 2517 3229 Dci,
2553 3167 2710 3236 quasi
2757 3167 2996 3237 quodam
3055 3168 3350 3237 purissima

1779 3270 1914 3309 auro
1951 3267 2172 3324 opertus
2208 3255 2328 3310 fuit.

1400 3461 1470 3520 In
1519 3461 1832 3538 psalmum
1888 3464 2127 3526 XXIII.

1561 3589 1710 3645 Idem
1754 3593 1884 3647 ibid.

189 3698 278 3756 Τοῦ
301 3703 460 3758 αὑτοῦ
485 3705 555 3759 ἐκ
580 3703 672 3758 τοῦ
703 3701 860 3774 λόγου
887 3704 978 3759 τοῦ
1009 3707 1090 3770 εἷς
1113 3701 1205 3760 τὸν
1234 3712 1326 3776 κγ’
1365 3706 1596 3778 ψαλμὸν.
1698 3727 1704 3766 t

1370 3706 1596 3778 ψαλμὸν.
1698 3715 1742 3776 C
1859 3712 2004 3766 Idem
2041 3712 2095 3766 in
2129 3713 2473 3768 enarratione
2506 3712 2701 3783 psalmi
2729 3729 2885 3770 χχιιι.

192 3793 421 3865 Ἔρχεται
453 3798 552 3850 ἐπὶ
587 3796 684 3859 τὰς
721 3796 977 3868 οὐρανίας
1022 3796 1228 3863 πύλας,
1262 3797 1480 3867 ἄγγελοι
1521 3799 1669 3871 αύτῷ

1842 3802 2001 3860 Venit
2034 3807 2100 3860 ad
2132 3806 2382 3860 cmlcstes
2409 3817 2597 3874 portas
2624 3809 2828 3878 angelis
2861 3809 3036 3877 ipsum
3073 3809 3341 3863 comitan-

138 3885 462 3953 ωνοδεύουσι,
503 3888 604 3942 καὶ
639 3888 1017 3958 κεκλεισμέναι
1067 3890 1201 3941 εἰσὶν
1248 3892 1302 3942 αἱ
1348 3889 1512 3943 πύλαι
1557 3891 1653 3945 τῶη

1820 3895 1932 3962 bus,
1977 3906 2031 3951 et
2077 3899 2277 3953 clausm
2324 3909 2480 3951 erant
2524 3909 2692 3966 porta:
2745 3900 3030 3955 caelorum.
3084 3899 3335 3956 Nondum

134 3978 354 4046 οὐρανῶν.
417 3981 648 4034 υῦδὲπω
697 3980 804 4053 γὰρ
863 3981 1198 4051 ἀναϐέϐηκεν
1251 3984 1330 4045 εἰς
1383 3982 1643 4054 οὐρανούς

1823 3988 1909 4041 εἰη)
1960 3989 2013 4042 in
2068 3990 2264 4044 C(elum
2297 3993 2634 4054 ascenderat,
2672 3993 2763 4046 sed
2807 4003 2934 4047 tunc
2971 3995 3206 4062 primum
3243 4010 3338 4063 ap-

135 4069 316 4141 nfaﬂm;
353 4073 446 4127 νῦν
488 4073 741 4143 φαίνεται
781 4075 900 4136 ταῖς
940 4073 1201 4144 δυνάμεσι
1240 4076 1360 4137 ταῖς
1390 4073 1650 4145 οὐρανίαις

1816 4081 1949 4134 πιιίι
2017 4083 2377 4150 potestatibus
2447 4085 2762 4139 coelestibus
2824 4099 2952 4138 caro
3011 4087 3331 4138 ascrndens.

135 4160 240 4235 σᾶρξ
271 4165 651 4219 ἀναϐαίνουσα.
687 4165 918 4232 Λέγεται
948 4160 1040 4218 οἷν
1074 4169 1194 4228 ταῖς
1231 4165 1522 4236 δυνάμεσιν
1557 4165 1650 4219 ὑπί

1818 4171 1970 4224 icitur
1997 4187 2126 4241 ergo
2151 4174 2507 4240 potestatibus
2539 4175 2608 4229 ab
2631 4175 2858 4245 angelis,
2889 4176 2980 4245 qui
3013 4184 3169 4230 erant
3197 4192 3333 4246 pras-

132 4255 214 4307 τῶν
249 4257 482 4327 ἀγγέλων
519 4258 633 4311 τῶν
674 4258 1081 4330 προτρεχόντων
1123 4258 1213 4311 τὸν
1259 4259 1481 4330 Σωτῆρα
1504 4299 1518 4321 ,
1566 4259 1647 4312 καῖ

1817 4276 2014 4315 Irsores
2045 4260 2341 4318 Salvatoris
2374 4274 2427 4318 et
2454 4264 2665 4319 Domini
2695 4285 2709 4320 :
2736 4265 2927 4320 Tollite
2954 4279 3158 4336 portas,
3181 4271 3332 4334 prin-

129 4346 318 4418 Κύριονο
370 4352 584 4420 Ἄρατε
620 4352 838 4416 πύλας,
891 4353 944 4403 ol
977 4350 1282 4417 ἄρχοντες,
1322 4350 1509 4419 ὑμῶν,
1557 4352 1644 4405 καὶ

1819 4371 1921 4420 pes,
1959 4365 2176 4420 vestras,
2217 4366 2265 4409 et
2295 4359 2590 4423 elevamim’,
2631 4370 2797 4428 porto:
2836 4361 3132 4427 wlernales,
3171 4375 3219 4416 et
3251 4365 3334 4416 iu-

128 4434 393 4508 ἐπὰρθητε,
418 4443 609 4496 πύλαι
629 4440 869 4504 αὶὼνιοι,
901 4441 998 4494 καὶ
1023 4442 1429 4495 εἰσελεύσεται
1479 4445 1512 4495 ό
1545 4445 1643 4494 Βα-

856 4481 869 4504 ,
901 4441 998 4494 καὶ
1023 4442 1429 4495 εἰσελεύσεται
1479 4445 1512 4495 ό
1545 4445 1658 4494 Βα-
1761 4449 1939 4502 traibit
1961 4447 2071 4502 Rea:
2093 4449 2275 4520 gloria:
2301 4449 2364 4503 ³³.

125 4531 296 4599 anteiit;
331 4533 439 4603 τῆς
486 4533 699 4601 δόξης.

1691 4696 1757 4711 ﬂ

1417 4768 1488 4828 In
1527 4765 1841 4846 psalmum
1895 4765 2055 4826 CIX.

1206 4893 1352 4950 Idem
1381 4894 1726 4952 Tlteodoritus
1749 4896 1961 4966 dialogo
1994 4893 2241 4948 secundo.

179 4985 263 5040 Τοῦ
291 4992 450 5046 αὑτοῦ
482 4995 550 5046 ἐκ
577 4991 668 5046 τοῦ
697 4991 856 5062 λόγου
873 4991 959 5057 εἰς
990 4991 1089 5061 τὴν
1117 4991 1258 5063 ᾠδὴν
1285 4992 1548 5064 μεγάλην.
1686 5004 1694 5062 ]

1686 5004 1736 5064 ι)
1975 4990 2118 5046 Idem
2155 4991 2207 5044 in
2239 4991 2500 5045 concione
2536 4989 2604 5045 de
2639 5003 2837 5062 magno
2866 4990 3100 5047 cantico.

183 5080 228 5133 ’0
249 5083 332 5138 τὸν
352 5085 672 5139 ἀπολωλότα
698 5085 760 5137 ἐκ
781 5084 884 5153 γῆς
905 5083 1325 5154 πρωτόπλαστον
1348 5084 1650 5156 ἄνθρωπον,

1823 5082 1924 5148 Qui
1987 5083 2256 5152 perditum
2308 5082 2584 5135 hominem
2643 5097 2711 5134 ex
2746 5091 2889 5136 terra
2937 5081 3228 5136 formatum
3271 5093 3325 5138 et

123 5172 191 5222 καὶ
215 5175 264 5225 ἐν
290 5177 509 5247 δεσμοῖς
543 5178 773 5230 θανάτου
807 5175 1197 5249 κρατούμενον,
1229 5176 1286 5242 ἐξ
1321 5175 1444 5246 ᾅδου
1479 5195 1638 5230 κατω-

1811 5175 1987 5229 oculis
2024 5174 2214 5228 mortis
2258 5173 2591 5242 implicatum
2633 5188 2700 5226 ex
2741 5174 2928 5228 intimo
2968 5174 3178 5228 inferno
3212 5176 3321 5228 eri-

116 5263 245 5317 τάτου
285 5268 544 5333 έλκύσας’
585 5270 613 5321 6
651 5267 855 5321 ἀνωθεν
898 5267 1200 5331 κατελθὼν,
1247 5269 1341 5320 καὶ
1375 5266 1465 5321 τὸν
1502 5270 1631 5322 κάτει

1804 5268 1888 5332 III,
1924 5276 1978 5320 et
2008 5267 2239 5335 desuper
2285 5266 2509 5318 veniens
2561 5265 2615 5317 in
2651 5264 2882 5319 sublime
2934 5265 3129 5318 extulit
3169 5265 3319 5318 humi

117 5355 177 5416 εξ
200 5358 261 5411 τά
285 5362 391 5414 ἀνω
431 5360 766 5428 ἀνενέγκαςσ
804 5361 831 5413 6
853 5358 960 5411 τῶν
996 5357 1206 5430 νεκρῶν
1238 5358 1626 5429 εὐαγγελιστὴς

1810 5371 2041 5424 centem,
2093 5359 2270 5414 factus
2315 5366 2654 5412 mortuorum
2706 5357 3058 5428 evangelista,
3101 5365 3156 5410 et
3204 5357 3320 5410 ani-

115 5447 301 5504 καὶτῶν
324 5451 514 5524 ψυχῶν
542 5451 842 5523 λυτρωτὴς,
872 5452 964 5504 καὶ
995 5451 1289 5513 ἀνάστασις
1308 5450 1416 5502 τῶν
1444 5449 1630 5520 τεθαμ-

1809 5468 1962 5507 arum
1996 5451 2325 5520 redemptor,
2354 5459 2407 5504 et
2436 5448 2767 5504 resurrectio
2811 5448 3182 5517 sepultorum;
3229 5447 3319 5504 hic

117 5539 256 5604 μένων
283 5546 567 5616 γινόμενος
587 5539 758 5607 οὗτος·
789 5540 856 5615 ἦν
887 5543 915 5596 6
937 5543 1030 5596 τοῦ
1055 5541 1406 5613 νενικημένου
1441 5540 1537 5595 ἀνθ
1548 5540 1632 5612 ρώ-

1812 5551 1900 5596 cto
1933 5541 2138 5595 homini
2181 5555 2336 5609 opem
2371 5539 2514 5606 tulit,
2536 5538 2711 5593 factus
2741 5539 2790 5591 ei
2822 5537 3017 5594 similis
3049 5539 3319 5609 primoge-

113 5645 192 5683 τιον
229 5637 587 5709 γεγενημένος
641 5635 833 5706 βοηθὸς
881 5637 1000 5688 κατ’
1054 5635 1216 5688 αὐτὸν
1276 5636 1459 5706 ὅμοιος
1497 5633 1628 5704 αὐτᾷ

1800 5635 1898 5691 itus
1925 5633 2128 5701 Λόγος,
2185 5631 2420 5701 primum
2467 5640 2743 5701 parentem
2789 5631 2963 5687 Adam
3011 5631 3067 5689 in
3107 5631 3315 5701 virgine

167 5795 353 5860 “Psal.
387 5817 620 5868 xxxvm,
652 5801 705 5856 5.
781 5801 823 5832 ³³
849 5799 991 5857 Psal.
1026 5815 1172 5868 xxiv,
1207 5799 1256 5856 7.
