3836 6516
474 367 574 423 6H

1314 368 1376 422 ’S.
1416 359 1777 424 lllPPOLYTl
1815 359 1966 424 OPP.
2007 367 2188 424 PARS
2222 359 2266 424 il.
2306 398 2372 407 —
2407 359 2822 428 ‘EXEGETICA.
3558 378 3636 437 id!

473 487 726 551 visitaus,
762 487 1059 558 spiritualis
1100 497 1374 542 terrenum
1413 490 1468 543 iu
1509 490 1732 544 matrice
1759 504 2031 560 quaerens,

2160 462 2477 559 πρωτότοκος
2504 486 2707 555 Λόγος,
2751 482 2842 540 τὸν
2882 486 3303 560 πρωτόπλαστον
3338 488 3488 561 Ἀδὰμ
3520 496 3564 547 ὲν
3592 494 3641 567 τῇ

475 592 692 648 semper
718 577 902 632 vivens
961 593 1057 646 per
1093 575 1515 632 inobedicntiam
1548 588 1847 642 mortuum,
1882 577 2045 633 etule-

2143 578 2400 652 παρθένῳ
2430 578 2922 651 ἐπισκεπτόμενος,
2960 581 2989 632 ὁ
3016 582 3381 652 πνευματικὸς
3406 584 3485 637 τὸν
3510 589 3644 656 χοῖκδν

476 670 577 724 stis
606 678 913 723 terrestrem
940 668 1007 722 ad
1036 668 1315 737 superiora
1343 682 1567 733 vocans,
1597 668 1795 723 nobiiis
1826 683 2041 723 servum

2160 687 2201 723 av
2234 673 2299 741 τῇ
2334 670 2517 742 μήτρᾳ
2564 668 2860 739 ἐπιζητῶν,
2882 671 2916 723 ό
2943 671 3032 724 ἀεὶ
3060 669 3166 735 ζῶν
3194 671 3287 726 τὸν
3313 671 3400 727 διὰ
3425 678 3646 748 παρακοῆς

475 776 573 833 per
595 762 869 832 propriam
899 760 1264 815 obedientiam
1316 760 1567 815 libertate
1597 760 1801 816 donare
1831 760 2040 828 volens,

474 852 569 922 qui
608 852 662 905 in
691 860 889 907 terram
922 851 1216 906 resolutum
1244 850 1517 906 hominem
1555 860 1608 906 et
1630 852 1888 921 pabulum
1924 867 2043 908 "ser-

474 945 653 1013 pentis
683 943 885 999 factum
905 983 921 1009 ,
964 944 1020 998 in
1052 943 1399 997 adamantem
1438 955 1764 999 convertens
1792 944 1953 1014 idque
1984 944 2040 997 in

474 1034 621 1103 ligno
651 1034 992 1104 pendentem,
1027 1034 1316 1088 Dominum
1342 1034 1612 1089 adversus
1649 1034 1909 1090 victorem
1942 1034 2040 1090 de-

474 1124 700 1178 claravit
737 1134 900 1193 atque
930 1124 1004 1177 ita
1035 1138 1135 1193 per
1167 1123 1373 1194 lignum
1398 1125 1575 1179 victor
1601 1125 1899 1179 invenitur.

2141 761 2479 816 ἀποθανόντα
2507 779 2521 792 ·
2581 762 2610 815 ό
2636 761 2887 831 οὐράνιος
2933 761 3024 815 τὸν
3076 761 3315 831 ἐπίγειον
3355 765 3432 827 είς
3470 766 3529 820 τὰ
3565 767 3646 820 ἂνω

2144 853 2363 907 λκαλῶνι
2393 854 2429 905 ὁ
2471 852 2696 925 εὐγενὴς
2730 852 2819 906 τὸν
2848 852 3033 906 δοῦλον
3065 853 3154 907 διὰ
3183 855 3280 925 τῆς
3313 854 3439 919 ἰδίας
3459 857 3649 928 ὑπακοῆς

2147 946 2430 1017 ἐλεύθερον
2457 946 2734 1011 ἀποδεῖξαι
2771 942 2961 999 θέλωνσ
2996 947 3026 1000 ό
3069 945 3163 999 τὸν
3191 948 3270 1010 εἰς
3315 948 3417 1018 γῆν
3449 948 3649 1019 λυόμενον

2141 1037 2424 1109 ἄνθρωπον
2465 1037 2560 1090 καὶ
2589 1037 2786 1109 βρῶμα
2827 1037 3003 1107 ὄφεως
3032 1039 3418 1111 γεγενημένον,
3452 1042 3520 1105 είς
3555 1043 3652 1096 ἀδάο

2140 1143 2323 1197 μαντα
2366 1126 2603 1197 τρέψας,
2646 1126 2741 1180 καὶ
2780 1125 2935 1180 τοῦτο
2985 1129 3078 1180 ἐπὶ
3128 1127 3284 1194 ξύλου
3315 1130 3650 1200 κρεμασθέντα,

473 1214 676 1287 Κύριον
720 1216 861 1270 κατά
910 1214 1002 1268 τοῦ
1052 1215 1395 1285 νενικηκότος
1445 1216 1753 1285 ἀποδείξας,
1789 1216 1883 1270 καὶ
1936 1215 2024 1270 διὰ
2044 1215 2200 1270 τοῦτο
2228 1218 2315 1272 διὰ
2338 1213 2518 1285 ξύλου,
2551 1220 2844 1290 νικηφόρος
2879 1220 3213 1290 εὑρίσκεται·

861 1308 1005 1365 ldem
1034 1310 1088 1365 in
1116 1310 1305 1366 eadem
1334 1313 1632 1367 concione:

544 1399 653 1468 Qui
700 1399 895 1456 Filium
944 1400 1037 1457 Dei
1086 1402 1142 1456 in
1186 1418 1356 1457 carne
1396 1420 1541 1458 nunc
1578 1419 1687 1459 non
1718 1415 2042 1474 agnoscunt,

473 1499 769 1560 agnoscent
819 1490 996 1560 ipsum
1055 1491 1293 1562 judicem
1344 1493 1399 1547 in
1450 1494 1621 1564 gloria
1665 1496 2040 1561 constitutum,

470 1597 637 1653 quem
666 1590 823 1636 antea
846 1581 899 1635 in
921 1596 1148 1651 corpore
1179 1583 1367 1637 humili
1390 1584 1692 1653 petulanter
1722 1592 2037 1640 tractarant.

890 1674 1035 1729 Idem
1068 1675 1122 1729 in
1154 1676 1341 1730 eadem
1368 1676 1629 1732 concione
1648 1697 1667 1735 ι

544 1762 756 1819 Etenim
789 1768 1021 1837 apostoli
1051 1784 1175 1824 cum
1206 1769 1487 1825 venissent
1518 1768 1587 1822 ad
1620 1779 2036 1827 monumentum

473 1853 563 1909 die
591 1856 772 1921 tertio,
794 1874 902 1913 non
920 1858 1244 1916 invenerunt
1272 1878 1472 1934 corpus
1497 1864 1647 1932 Jesu,
1681 1863 2037 1934 quemadmo-

2473 1312 2576 1366 Τοῦ
2602 1313 2770 1367 αὑτοῦ
2805 1315 2869 1366 ἐκ
2900 1313 2992 1366 τοῦ
3016 1313 3180 1367 αὑτοῦ
3209 1313 3394 1382 λόγον’

2216 1404 2281 1457 Οἱ
2310 1403 2418 1477 γὰρ
2444 1404 2535 1458 τὸν
2558 1404 2685 1457 Υἱὸν
2724 1403 2817 1457 τοῦ
2841 1403 2974 1457 Θεοῦ
3013 1403 3275 1477 ενσαρκον
3306 1405 3402 1457 νῦν
3428 1404 3493 1476 μὴ
3522 1406 3657 1473 ἐπιγιε

2146 1494 2445 1559 νώσκοντες
2465 1535 2479 1559 ,
2520 1495 2909 1565 ἐπιγνώσονται
2951 1496 3113 1549 αὐτὸν
3153 1495 3342 1567 κριτὴν
3370 1498 3425 1548 ἐν
3449 1495 3556 1568 δόξῃ
3578 1513 3658 1549 παι-

2144 1586 2498 1657 ραγινόμενον
2539 1587 2629 1639 τὸν
2670 1585 2764 1639 νῦν
2806 1585 2864 1637 ἐν
2893 1585 3062 1654 ἀδόξῳ
3095 1583 3304 1654 σώματι
3341 1582 3655 1657 ὑϐριζόμενον.

2477 1675 2584 1730 Τοῦ
2610 1676 2774 1730 αὐτοῦ
2800 1679 2864 1730 ἐκ
2888 1675 2979 1729 τοῦ
3007 1674 3167 1729 αὑτοῦ
3202 1674 3384 1744 λόγου⁹

2213 1768 2323 1821 Καὶ¹
2364 1768 2473 1840 γὰρ
2502 1770 2551 1822 οἱ
2570 1769 2853 1822 ἀπόστολοι
2886 1767 3129 1831 ἐλθόντες
3156 1767 3236 1830 είς
3264 1767 3323 1820 τὸ
3354 1769 3584 1839 μνημεῖον
3610 1768 3659 1836 τῇ

2143 1860 2324 1932 ἡμέρᾳ
2365 1864 2431 1933 τῇ
2464 1862 2653 1933 τρίτῃ,
2690 1862 2787 1933 οὐχ
2821 1861 3071 1933 εὕρισκον
3099 1862 3163 1915 τὸ
3202 1862 3359 1933 σῶμα
3386 1861 3471 1914 τοῦ
3500 1858 3657 1930 Ἰησοῦ·

475 1946 606 2001 dum
655 1948 753 2004 ﬁlii
800 1948 966 2005 lsrael
1019 1953 1325 2022 sepulcrum
1361 1954 1529 2027 Moysi
1585 1954 1942 2010 ascendentes
1983 1955 2035 2007 in

2160 1953 2203 2005 iv
2230 1954 2426 2025 τρόπον
2444 1956 2493 2007 οἱ
2511 1954 2618 2007 υἱοὶ
2636 1954 2730 2007 τοῦ
2745 1951 2962 2026 Ἰσραὴλ
2989 1953 3086 2025 τὴν
3117 1954 3294 2025 ταφὴν
3322 1953 3418 2007 τοῦ
3440 1951 3661 2015 Μωῦσέως

474 2047 716 2093 montem
748 2042 1201 2119 qumsiverunt,et
1235 2061 1340 2100 non
1370 2046 1713 2102 invenerunt.

2067 2273 2139 2289 .—

2073 2027 2117 2082 Β
2146 2042 2443 2108 ἀναϐάντες
2468 2045 2526 2098 ἐν
2550 2044 2626 2116 τῷ
2652 2044 2767 2114 ὄρει
2801 2042 3045 2117 ἐζήτουν,
3079 2044 3172 2098 καὶ
3207 2044 3307 2115 οὐχ
3334 2042 3583 2114 εὖρισκον.

1720 2342 1791 2403 In
1854 2340 2170 2420 psalmum
2200 2336 2515 2404 LXXVII.

1030 2456 1273 2524 (ΒΑΝοικι,
1311 2458 1524 2527 Catalog.
1551 2459 1694 2512 codd.
1725 2466 1880 2514 (ιι-ωε.
1920 2458 2135 2515 biblioth.
2174 2460 2772 2525 Mediceo-Laurentim,
2792 2467 2910 2515 tom.
2932 2464 2972 2526 Ι,
2994 2475 3044 2528 p.
3077 2464 3181 2529 91.)

547 2567 616 2622 45
650 2584 661 2620 :
689 2562 837 2620 Misit
860 2567 913 2620 in
936 2583 1021 2622 eos
1052 2568 1456 2640 cynomyiam,et
1483 2571 1704 2626 comedit
1725 2587 1843 2638 eos;
1871 2580 1918 2626 et
1948 2588 2042 2625 ra-

477 2668 672 2730 uam,et
704 2658 1017 2728 disperdidit
1041 2676 1149 2715 eos.

549 2836 639 2892 46.
688 2835 757 2889 Ει
806 2836 947 2891 dedit
989 2836 1212 2908 aerugini
1260 2837 1465 2906 fructus
1507 2853 1687 2891 eorum
1737 2847 1786 2891 et
1842 2836 2045 2892 labores

477 2940 658 2983 eorum
681 2926 921 2983 locusta.

548 3023 640 3078 47.
676 3018 745 3076 Et
776 3023 969 3077 occidit
1010 3022 1063 3075 in
1103 3020 1360 3092 grandine
1390 3021 1564 3077 vineas
1591 3039 1773 3077 eorum
1798 3032 1848 3078 et
1874 3038 2045 3079 moros

478 3132 660 3170 eorum
685 3117 745 3169 in
773 3116 987 3186 pruina.
1780 3172 1788 3181 _
1881 3159 1904 3171 ..

550 3208 1022 3278 Quemadmodum
1042 3223 1171 3264 vero
1196 3220 1294 3279 per
1315 3208 1731 3264 immoderatam
1757 3209 1937 3264 victus
1961 3223 2047 3262 ra-

479 3304 685 3358 tionem
734 3300 974 3357 exitialis
1019 3301 1242 3372 quidam
1289 3310 1343 3356 et
1389 3301 1619 3357 biliosus
1655 3301 1708 3355 in
1744 3300 2049 3356 visceribus

480 3393 788 3448 concrescit
817 3392 1039 3459 humor,
1079 3406 1242 3462 quem
1286 3401 1405 3447 arte
1438 3408 1539 3447 sua
1576 3390 1822 3447 medicus
1854 3391 1923 3445 ad
1955 3407 2049 3444 vo-

482 3484 680 3537 mitum
724 3483 1014 3546 eliciendo,
1069 3498 1180 3537 non
1217 3484 1263 3539 is
1294 3481 1534 3553 profecto
1581 3484 1637 3537 in
1669 3497 1835 3538 causa
1866 3481 2047 3546 fuerit,

480 3582 544 3628 ut
574 3574 665 3629 ille
692 3575 983 3630 morbosus
1006 3575 1061 3628 in
1090 3590 1316 3644 corpore
1342 3575 1710 3644 producatur;
1734 3590 1898 3645 quem
1927 3574 2050 3645 qui-

481 3667 608 3723 dem
650 3666 1067 3737 intemperantia
1098 3668 1207 3723 eibi
1246 3667 1444 3734 eil‘ecit,
1490 3668 1546 3722 in
1589 3678 1835 3737 apertum
1868 3676 2048 3722 autem

482 3761 674 3817 eduxit
698 3776 788 3817 ars
814 3762 1022 3818 medica
1050 3780 1064 3817 :
1089 3763 1170 3819 sic
1202 3764 1367 3818 etiam
1403 3764 1655 3834 quamvis
1683 3763 1897 3819 dicatur
1928 3777 2050 3817 mo-

2216 2567 2319 2639 με’.
2373 2568 2829 2633 Ἐξαπέστειλεν
2855 2571 2939 2635 είς
2974 2571 3195 2638 αὐτοὺς
3224 2574 3561 2643 κυνόμυιαν,
3596 2566 3673 2626 καὶ

2146 2656 2479 2730 κατέφαγεν
2510 2660 2749 2729 αὐτοὺς,
2776 2663 2873 2715 καὶ
2900 2662 3230 2735 βάτραχον,
3264 2664 3368 2718 καὶ
3395 2661 3674 2735 διέφθειρεν

2146 2754 2390 2820 αὐτούς.

2218 2846 2337 2918 pg’.
2375 2845 2484 2902 Καὶ
2511 2842 2695 2901 ἔδωκε
2740 2846 2815 2916 τῇ
2862 2848 3111 2918 ἐρυσίϐῃ
3143 2847 3284 2917 τοὺς
3314 2847 3571 2919 καρποὺς
3597 2849 3678 2900 αὐ·

2146 2938 2282 3005 τῶν,
2311 2939 2410 2992 καὶ
2436 2938 2577 3004 τοὺς
2600 2940 2825 3006 πόνους
2849 2932 3047 2994 αὐτῶν
3073 2936 3147 3011 τῇ
3177 2939 3400 3011 ἀκρίδα

2221 3029 2329 3103 μζ.
2384 3028 2747 3084 Ἀπέκτεινεν
2782 3030 2852 3085 ἐν
2892 3029 3117 3101 χαλάζῃ
3151 3031 3266 3100 τὴν
3299 3034 3565 3103 ἄμπελον
3597 3032 3680 3085 σὺ.

2147 3121 2285 3185 τῶν,
2318 3120 2414 3175 καὶ
2442 3120 2547 3186 τὰς
2583 3117 2957 3190 συκαμίνους
2982 3122 3181 3175 αὐτῶν
3201 3122 3271 3175 ἐν
3293 3122 3373 3193 τῇ
3396 3123 3599 3195 πάχνη.

2215 3202 2430 3283 ⁶Ωσπερ
2456 3210 2513 3264 δὲ
2541 3210 2627 3264 διὰ
2651 3208 2748 3282 τῆς
2777 3210 3145 3284 ἀτακτοτέρας
3168 3212 3383 3286 διαίτης
3410 3210 3684 3284 φθοροποιός

2148 3322 2230 3368 τις
2256 3303 2428 3375 χυμὸς
2446 3304 2542 3356 καὶ
2562 3302 2798 3375 χολώδης
2824 3306 2881 3357 ἐν
2905 3306 3017 3368 τοῖς
3039 3304 3369 3376 σπλάγχνοις
3392 3307 3681 3364 συνίσταται,

2148 3398 2207 3449 ὃν
2243 3396 2272 3448 ὁ
2308 3394 2489 3467 ἰατρὸς
2526 3395 2613 3449 διὰ
2654 3398 2753 3467 τῆς
2787 3396 2981 3468 τέχνης
3016 3398 3096 3460 είς
3128 3396 3319 3468 ἔμετον
3346 3399 3688 3469 ἐφελκόμενος»

2149 3483 2251 3541 οὒκ
2283 3486 2349 3540 ἂν
2372 3487 2428 3540 ἐν
2453 3486 2602 3556 αἰτίᾳ
2627 3486 2836 3555 γένοιτο
2873 3487 2968 3541 τοῦ
3002 3487 3168 3543 αὐτοῦ
3193 3491 3495 3563 ἐμποιῆσαι
3522 3490 3591 3560 τῷ
3612 3487 3691 3540 σώ-

2154 3598 2283 3653 ματι
2303 3580 2394 3635 τὸν
2428 3579 2633 3651 νοσώδη
2663 3580 2856 3651 χυμὸν,
2884 3581 2999 3635 ἀλλ’
3019 3582 3241 3653 ἐποίησε
3269 3582 3375 3654 μὲν
3408 3586 3507 3655 τῆς
3525 3582 3693 3653 τροφῆς

2150 3674 2366 3741 ἀταξία,
2385 3676 2465 3739 είς
2481 3674 2537 3728 δὲ
2557 3673 2618 3728 τὸ
2637 3674 2876 3745 ἐμφανὲς
2894 3674 3099 3746 ἤγαγεν
3121 3675 3155 3745 η
3180 3674 3405 3747 ἰατρικὴ
3431 3674 3693 3744 ἐπιστήμη.

2151 3767 2337 3832 Οὕτως
2364 3767 2468 3821 κᾶν
2497 3766 2653 3839 παρά
2678 3765 2812 3820 Θεοῦ
2843 3765 3087 3835 γίνεσθαι
3115 3765 3338 3837 λέγηται
3382 3769 3498 3830 τοῖς
3529 3763 3698 3836 μοχθη·

482 3857 677 3913 lestam
707 3855 1157 3924 vindicationem,
1188 3872 1294 3928 qua
1316 3858 1625 3928 plectuntur
1652 3857 1746 3927 qui
1772 3857 2047 3914 voluntate

2160 3862 2265 3931 ροϊς
2286 3860 2383 3933 τὴν
2410 3860 2727 3932 προαίρεσιν
2782 3860 2816 3931 ἡ
2846 3858 3066 3931 ἀλγεινὴ
3097 3858 3482 3924 ἁνταπόδοσις,
3514 3856 3699 3922 εύλογον

483 3959 613 4006 sunt
640 3950 903 4020 perversi,
927 3965 959 4006 a
990 3948 1101 4005 Deo
1128 3964 1282 4017 esse;
1318 3949 1518 4005 rationi
1547 3949 1735 4019 utique
1759 3960 2053 4006 consenta-

486 4058 647 4097 neum
684 4041 845 4107 foret,
875 4058 944 4097 ex
975 4042 1133 4097 nobis
1158 4042 1460 4113 ipsisinitia
1479 4052 1721 4113 repetere
1752 4052 1807 4098 et
1831 4057 2048 4107 causas,

483 4136 799 4205 huiusmodi
845 4136 987 4191 mala
1033 4135 1347 4206 recipiendi.
1395 4133 1499 4201 Qui
1544 4136 1689 4190 enim
1731 4135 1850 4191 sine
1894 4135 2052 4206 culpa

484 4229 703 4293 vixerit,
748 4242 859 4284 non
904 4228 983 4282 illi
1032 4227 1267 4283 tenebrae
1313 4235 1463 4291 sunt,
1518 4242 1626 4282 non
1668 4225 1890 4291 vermis,
1942 4240 2051 4280 non

486 4321 757 4392 gebenna,
793 4337 902 4377 non
939 4321 1103 4393 ignis,
1155 4335 1262 4376 non
1305 4320 1455 4376 aliud
1505 4320 1801 4390 quidquam
1836 4318 2056 4375 terribi-

486 4415 619 4469 lium
673 4430 857 4469 rerum
904 4425 959 4470 et
999 4428 1332 4484 poenarum:
1386 4412 1822 4484 quemadmodun
1879 4427 2055 4483 neque

486 4506 730 4564 Hebraeis
776 4507 1103 4562 detrimento
1149 4504 1371 4559 fuerunt
1405 4503 1670 4575 Egyptiae
1710 4504 1901 4573 plagae,
1944 4518 2053 4557 non

489 4597 685 4654 minuti
737 4598 812 4652 illi
866 4596 1139 4667 sciniphes
1190 4594 1366 4649 inviso
1419 4609 1604 4648 morsu
1636 4593 1881 4648 dolorem
1913 4591 2054 4647 infe-

488 4700 690 4757 rentes,
727 4705 834 4744 non
869 4687 1152 4760 cynomyia
1205 4686 1479 4740 mordicus
1517 4684 1706 4739 aculeo
1732 4684 1928 4740 acerbo
1956 4684 2053 4739 ad-

490 4785 820 4847 haarescens,
853 4796 959 4834 non
997 4792 1230 4847 superne
1256 4777 1572 4846 ingruentes
1605 4774 1885 4846 grandinis
1914 4775 2057 4844 lapi-

489 4877 652 4931 dibus
680 4873 952 4946 procellae,
1008 4888 1118 4927 non
1155 4885 1283 4925 arva
1324 4868 1551 4925 locustis
1594 4870 1906 4940 absumpta,
1944 4885 2052 4924 non

490 4968 701 5024 obsitus
760 4966 998 5021 tenebris
1054 4978 1178 5029 aer,
1231 4972 1535 5031 cmteraque
1599 4960 1932 5031 huiusmodi.
1996 4958 2057 5014 ln

492 5068 746 5133 promptu
796 5066 977 5114 autem
1027 5056 1140 5111 Deo
1197 5066 1280 5110 est
1334 5054 1583 5110 excolere
1633 5069 1817 5107 veram
1868 5053 2056 5117 vitem,

493 5153 803 5225 Egyptiam
853 5167 983 5206 vero
1018 5148 1264 5219 perdere,
1309 5162 1433 5203 cum
1484 5147 1591 5202 illis
1634 5147 1800 5201 etiam
1844 5153 2054 5216 parcat,

491 5247 583 5316 qui
619 5245 901 5298 comesturi
946 5252 1066 5297 sunt
1090 5257 1245 5295 uvam
1274 5240 1437 5309 fellis,
1475 5248 1526 5294 et
1561 5238 1779 5293 bibituri
1810 5254 2057 5293 uenenum

494 5339 737 5408 aspidum
814 5335 1109 5392 insanabile
1172 5335 1236 5388 “.
1321 5332 1617 5389 Subruitur
1692 5332 1852 5402 plane
1925 5332 2060 5387 licus

494 5428 773 5501 Egyptia,
804 5444 912 5483 non
944 5436 1123 5483 autem
1164 5427 1255 5481 illa
1284 5441 1447 5495 quam
1476 5424 1771 5480 Zacchaaus
1794 5438 2057 5479 conscen-

495 5523 595 5586 dit,
626 5533 687 5577 ut
710 5522 1001 5577 Dominum
1040 5536 1221 5576 meum
1256 5518 1454 5574 intueri
1487 5518 1662 5589 possit
1691 5537 1703 5572 :
1735 5516 2061 5587 fructusque

495 5614 714 5687 Egypti
755 5624 1197 5683 corrumpuntur,
1238 5629 1399 5683 opera
1426 5613 1686 5667 nimirum
1711 5610 1922 5677 carnis;
1949 5625 2062 5666 non

494 5719 674 5764 autem
713 5707 912 5776 fructus
939 5706 1192 5777 Spiritus,
1221 5706 1472 5771 charitas,
1506 5706 1780 5776 gaudium,
1797 5719 1903 5775 pax
1920 5704 1983 5756 ³⁸.

568 5828 613 5861 “
647 5827 860 5883 Dcuter.
890 5844 1061 5897 xxxii,
1089 5828 1176 5883 53.
1218 5827 1299 5906 _”
1324 5826 1440 5883 Gal.
1466 5841 1521 5896 ν,
1551 5826 1640 5881 22.

2151 3950 2217 4005 ἂν
2240 3950 2324 4024 εἴη
2349 3948 2456 4023 ἐξή
2466 3950 2580 4023 μῶν
2606 3949 2786 4005 αὐτῶν
2814 3953 2954 4005 νοεῖν
2980 3950 3079 4015 τὰς
3103 3951 3279 4023 ἀρχὰς
3305 3952 3408 4005 καὶ
3428 3949 3527 4014 τὰς
3554 3946 3702 4007 αἰτίας

2152 4039 2222 4094 τὰ
2258 4039 2484 4095 τοιαῦτα
2524 4039 2826 4112 λαμϐάνειν
2866 4040 3035 4113 πάθη.
3079 4040 3168 4112 Τῷ
3195 4040 3303 4113 γὰρ
3329 4039 3701 4113 ἀναμαρτήτως

2156 4130 2438 4202 βεϐιωκότι
2460 4132 2522 4185 ού
2556 4132 2745 4196 σκότος
2774 4134 2940 4197 ἐστὶν,
2972 4133 3032 4185 ού
3062 4130 3294 4202 σκώληξ,
3329 4133 3397 4185 οὐ
3432 4133 3632 4203 γέεννα,
3656 4132 3705 4181 οὔ

2154 4223 2285 4297 πῦρ,
2331 4224 2431 4277 οὐκ
2468 4224 2595 4278 ἄλλο
2628 4230 2693 4278 τι
2740 4223 2848 4279 τῶν
2894 4223 3141 4297 φοϐερῶν
3191 4225 3479 4295 ὀνομάτων
3534 4241 3589 4276 τε
3630 4218 3706 4272 καὶ

2155 4319 2513 4391 πραγμάτων,
2557 4318 2633 4382 ὡς
2678 4318 2799 4372 οὐδὲ
2839 4319 2949 4382 τοῖς
3017 4317 3286 4388 Ἑϐραίοις
3327 4320 3391 4372 αἱ
3442 4316 3709 4387 Αἰγύπτιαι

2156 4411 2379 4480 πληγαὶ,
2409 4411 2458 4464 οἱ
2490 4411 2679 4464 λεπτοὶ
2713 4409 2961 4474 σκίνιπες
2992 4411 3206 4477 ἐκεῖνοι,
3234 4412 3284 4464 οἱ
3322 4414 3446 4474 τοῖς
3480 4407 3710 4479 ἀφανέσιν

2156 4503 2477 4573 ἀλγύνοντες
2515 4502 2807 4573 δήγμασιν,
2840 4504 2873 4574 ἡ
2916 4502 3190 4573 ὀδυνηρῶς
3220 4502 3307 4557 διὰ
3339 4503 3441 4557 τοῦ
3468 4503 3711 4575 emtam:

2157 4595 2473 4668 ἐμφυομένη
2502 4594 2579 4665 τῷ
2604 4593 2817 4664 σώματι
2872 4594 3159 4665 κυνόμυια,
3190 4595 3239 4647 oi
3260 4594 3479 4649 ἄνωθεν
3503 4590 3715 4665 πρηστῆε

2161 4704 2250 4758 ρες
2278 4690 2393 4749 τοῖς
2414 4687 2512 4757 τῆς
2538 4684 2780 4757 χαλάζης
2797 4684 2965 4749 λίθοις
2986 4685 3552 4753 συγκαταπίπτοντες,
3578 4677 3716 4755 ηύπὺ

2158 4779 2264 4832 τῶν
2292 4779 2525 4851 ἀκρίδων
2567 4776 3042 4849 καταφθειρομένη
3084 4774 3393 4845 γεωπονία,
3433 4781 3465 4832 ὁ
3498 4772 3717 4848 μελαινό-

2165 4887 2324 4941 μενος
2356 4870 2484 4942 ἀὴρ,
2523 4869 2593 4923 τὰ
2630 4868 2783 4923 ἄλλα.
2819 4868 3113 4940 Πρόκειται
3136 4868 3194 4921 δὲ
3224 4869 3304 4941 τῷ
3323 4870 3453 4941 Θεῷ
3482 4865 3719 4939 γεωργεῖν

2165 4965 2262 5035 μὲν
2287 4963 2385 5035 τὴν
2415 4962 2675 5034 ἀληθινὴν
2721 4960 2982 5033 ἄμπελον,
3024 4962 3343 5016 ἀποκτεῖναι
3365 4961 3433 5016 δὲ
3454 4960 3556 5032 τὴν
3576 4960 3719 5022 Αἰγλ-

2162 5056 2322 5111 πτίαν
2339 5055 2639 5126 φειδομένῳ
2655 5053 2772 5108 τῶν
2784 5056 3137 5123 μελλόντων
3161 5054 3395 5109 ἐσθίειν
3419 5046 3722 5122 σταφυλὴν

2163 5148 2353 5218 χολῆς
2373 5147 2470 5202 καὶ
2506 5147 2700 5200 πίνειν
2721 5145 2911 5215 θυμὸν
2940 5145 3213 5201 ἀσπίδων
3253 5146 3534 5200 ἀνίατον.
3578 5143 3726 5196 Ἀναι-

2169 5249 2343 5319 ρεῖται
2372 5245 2428 5298 δέ
2459 5243 2554 5297 καὶ
2591 5242 2888 5313 συκάμινος
2933 5240 3224 5310 Αἰγυπτία,
3281 5241 3339 5293 ού
3405 5240 3519 5312 μὴν
3562 5236 3723 5301 ἐκείνη

2169 5338 2253 5408 ἐφ’
2272 5339 2337 5410 ἢν
2363 5335 2640 5391 ἀναϐαίνει
2674 5336 2960 5404 Ζακχαῖος,
2992 5333 3078 5386 ἵνα
3115 5331 3314 5404 δυνηθῇ
3354 5332 3494 5386 ἰδεῖν
3526 5349 3625 5404 μου
3655 5329 3731 5381 τὸν

2167 5430 2390 5503 Κύριον.
2432 5429 2540 5482 Καὶ
2571 5427 2967 5500 διαφθείρονται
3008 5426 3211 5496 καρποὶ
3255 5425 3578 5493 Αἰγύπτιοι,
3614 5421 3731 5493 ἔργα

2170 5521 2391 5592 σαρκὸς,
2417 5520 2475 5573 οὐ
2512 5520 2618 5592 μὴν
2660 5522 2693 5573 ό
2724 5517 2829 5573 τοῦ
2850 5516 3197 5587 Πνεύματος
3230 5517 3497 5585 καρπὸς,
3525 5513 3731 5585 ἀγάπην

2167 5615 2339 5706 χαρά,
2367 5611 2591 5706 εἰρήνη.
