3836 6502
468 360 575 419 615

1314 359 1371 415 S.
1411 357 1775 414 HIPPOLYTI
1827 353 1975 415 OPP.
2013 352 2194 416 PARS
2241 355 2283 417 1.
2341 392 2407 400 -
2440 360 2852 417 ΕΧΕΟΕΤΚΖᾹ.
3613 361 3702 420 διδ

469 487 617 557 quod
645 486 1012 542 calamitatum
1050 485 1410 555 laborumque
1439 488 1703 540 adversus
1738 497 2045 556 peceatores

2157 489 2372 554 Κύριος
2401 485 2588 540 ποιῶν
2628 484 2877 554 εἰρήνην
2905 487 2999 540 καὶ
3040 483 3246 544 κτίζων
3282 482 3454 548 κακὰ,
3489 485 3569 538 ἴνα
3593 489 3701 561 εἴπῃ

472 580 630 650 plena
659 581 749 632 sit.
786 577 976 632 Simile
1007 587 1092 631 est
1129 579 1261 631 illud
1298 575 1454 632 Isaia:
1486 597 1498 630 :
1533 577 1642 648 Ego
1678 579 1933 632 Dominus
1966 580 2050 648 [a-

2159 581 2254 633 καὶ
2288 578 2588 651 είρηνέυειν
2617 580 2740 643 ἐῶν,
2771 580 2864 633 καὶ
2894 578 3243 649 πολεμεῖσθαι
3277 577 3582 647 συγχωρῶν.

471 675 613 730 ciens
643 690 824 744 pacem
855 685 903 728 et
948 691 1130 728 creans
1157 674 1393 738 mala";
1429 675 1652 744 perinde
1688 691 1751 730 ac
1784 677 1830 730 si
1867 675 2031 744 dicat,
2063 684 2116 730 ct
2148 691 2335 745 pacem
2368 674 2577 738 fovens,
2608 684 2661 730 et
2692 676 2826 730 bella
2857 674 3195 746 permittens.

499 905 834 922 ψ

1642 1062 1765 1149 ΙΝ
1845 1058 2580 1154 PROVERBIA.

903 1254 1044 1319 (MAI,
1073 1251 1369 1304 Bibliotheca
1392 1265 1514 1303 nova
1535 1252 1758 1312 Patrum,
1784 1250 1892 1313 VII,
1915 1265 1966 1314 ιι,
1990 1251 2070 1314 τι,
2106 1253 2274 1303 Romae
2297 1253 2387 1303 185
2399 1254 2438 1314 ι,
2461 1255 2512 1302 in
2537 1254 2607 1315 4°,
2633 1261 2697 1304 ex
2724 1261 2898 1305 catena
2930 1255 3159 1305 Vaticana
3184 1255 3301 1318 ms.)

1228 1574 1322 1627 ΕΚ
1371 1574 1508 1628 ΤΩΝ
1558 1574 1765 1628 ΛΠοΥ
1812 1575 2218 1629 ΙΠΠΟΛΥΤΟΥ
2249 1574 2360 1628 ΕΙΣ
2391 1574 2524 1626 ΤΑΣ
2548 1573 2944 1627 ΠΑΡΟῘΜῙΛΣ.

540 1749 929 1808 ιιιρροιγτι.
959 1749 1253 1805 Proverbia
1303 1750 1469 1820 igitur
1509 1765 1792 1807 sermones
1839 1751 2042 1807 exhor-

2221 1751 2637 1804 lﬂIIOAYTOY.
2670 1751 2716 1782 ³⁸
2741 1750 3037 1822 Παροιμίαι
3060 1750 3239 1806 τοίνυν
3274 1751 3384 1806 είσὶ
3423 1752 3565 1822 λόγοι
3593 1769 3705 1827 προ-

469 1848 650 1904 tatorii
682 1854 831 1909 sunt,
863 1844 955 1914 qui
988 1843 1259 1897 universae
1303 1843 1429 1896 vitae
1473 1843 1824 1899 moderanda:
1867 1845 2051 1899 confe-

467 1949 620 1993 runt:
662 1952 788 1992 nam
820 1936 887 1990 iis
926 1935 1020 2004 qui
1070 1935 1172 1988 iter
1215 1933 1281 1988 ad
1317 1933 1486 1988 Deum
1525 1935 1838 2000 instituunt,
1878 1935 2051 1990 duces

468 2029 693 2100 quidam
723 2028 860 2082 ﬁunt
891 2043 955 2080 ac
984 2025 1150 2080 veluti
1178 2025 1404 2087 indices,
1430 2026 1524 2094 qui
1559 2026 1871 2080 laborantes
1891 2041 1921 2079 a
1951 2026 2052 2080 viae

467 2121 806 2190 longitudine
861 2127 1133 2174 recreant.
1167 2116 1339 2171 Porro
1387 2118 1502 2172 lucc
1551 2118 1838 2188 proverbia
1898 2118 2053 2172 Salo—

466 2213 650 2267 monis
684 2220 832 2278 sunt,
880 2211 1091 2281 pacilici
1129 2211 1412 2274 nimirum,
1457 2211 1573 2266 sive
1615 2211 1819 2265 Christi
1853 2209 2044 2264 Serva-

466 2305 624 2360 toris.
661 2303 802 2370 Quia
829 2319 959 2358 vero
992 2301 1209 2357 Domini
1239 2317 1543 2367 sermones,
1580 2313 1864 2372 propterea
1903 2301 2050 2372 quod

464 2396 682 2452 Domini
728 2406 890 2464 sunt,
938 2396 1146 2450 idcirco
1180 2411 1278 2450 eos
1327 2395 1446 2450 sine
1479 2394 1810 2449 offendicula
1849 2409 2052 2466 cogno-

430 2475 434 2478 ’
465 2490 710 2554 scimus;
736 2503 803 2542 ne
828 2487 953 2558 quis
986 2487 1124 2543 forte
1156 2505 1257 2543 nos
1288 2487 1529 2543 nominis
1558 2489 1790 2557 paritate
1815 2487 2046 2552 falleret,

464 2580 617 2635 addit
643 2580 769 2649 quis
796 2579 912 2634 haec
936 2580 1240 2650 scripserit,
1268 2589 1322 2634 et
1348 2581 1508 2650 cujus
1537 2581 1712 2650 gentis
1745 2596 1840 2634 rex
1864 2579 2046 2633 fuerit.

467 2669 559 2726 Sic
589 2672 736 2725 enim
771 2671 1008 2726 dicentis
1041 2672 1344 2726 auctoritas
1379 2671 1900 2727 commendatiorem
1934 2685 2048 2724 ser-

465 2778 686 2817 monem
714 2764 1147 2833 attentioresqnc
1179 2764 1457 2818 auditores
1497 2763 1676 2819 faciet.
1696 2763 1871 2818 Verba
1901 2764 2047 2818 enim

466 2855 784 2911 Salomonis
832 2857 980 2911 illius
1024 2866 1191 2922 sunt,
1225 2858 1313 2912 cui
1355 2858 1493 2912 dixit
1540 2857 1848 2912 Dominus:
1896 2857 2048 2910 Dabo

465 2949 563 3003 tibi
594 2965 685 3003 cor
713 2949 940 3019 prudens
971 2959 1127 3019 atque
1157 2951 1405 3018 sapiens;
1428 2965 1576 3003 nemo
1606 2950 1685 3002 tui
1722 2965 1819 3018 par
1843 2951 1900 3002 in
1925 2952 2047 3005 orbe

463 3041 585 3111 fuit,
617 3055 778 3109 neque
809 3050 1017 3108 postero
1055 3049 1284 3110 tempore
1335 3042 1590 3102 exsistet;
1629 3050 1685 3095 et
1732 3041 1938 3111 reliqua
1980 3043 2048 3098 de

462 3149 529 3189 eo
560 3135 787 3204 scripta.
809 3131 930 3188 Jam
967 3134 1013 3188 is
1053 3135 1272 3204 sapiens
1303 3149 1333 3188 a
1363 3135 1609 3204 sapiente
1651 3135 1866 3204 genitus
1901 3135 2002 3190 fuit
2029 3155 2042 3190 :
2072 3117 2114 3172 (ἶ

462 3243 632 3297 quare
665 3227 928 3282 attexitur
951 3226 1172 3284 Davidis
1205 3244 1424 3294 nomen,
1456 3227 1601 3282 unde
1625 3227 1885 3282 Salomon
1921 3245 2045 3298 pro-

463 3330 681 3374 creatus
715 3318 856 3374 fuit:
895 3321 1035 3374 idem
1067 3338 1094 3374 a
1126 3335 1297 3390 puero
1321 3321 1495 3376 sacris
1522 3320 1718 3376 litteris
1756 3321 2042 3387 eruditus;

464 3427 644 3480 neque
675 3421 825 3466 sorte
859 3413 942 3467 vel
981 3414 1033 3466 vi
1065 3414 1242 3481 aliqua
1278 3427 1504 3483 regnum
1537 3413 1794 3479 obtinuit,
1835 3413 1929 3468 sed
1951 3414 2046 3483 ju-

368 3489 378 3500 ’
463 3503 611 3558 dicio
654 3501 891 3573 Spiritus
923 3513 977 3559 et
1010 3507 1226 3560 decreto
1258 3504 1371 3560 Dei.

539 3683 622 3736 Ad
660 3684 928 3738 sciendum
970 3684 1289 3753 sapientiam
1327 3694 1375 3738 et
1419 3686 1779 3755 disciplinam.
1811 3687 1915 3755 Qui
1950 3687 2043 3742 Dei

464 3775 788 3844 sapientiam
818 3777 990 3843 novit,
1021 3777 1070 3831 is
1099 3777 1168 3830 ab
1201 3778 1393 3834 eodem
1419 3795 1640 3848 quoque
1670 3781 1940 3847 eruditur,
1972 3782 2043 3835 ita

467 3877 526 3922 ut
560 3867 824 3939 intelligat
872 3883 1191 3923 sermonum
1232 3873 1513 3942 mysteria.
1557 3871 1677 3926 Jam
1723 3873 1814 3943 qui
1861 3890 2043 3929 veram

464 3961 852 4032 cmlcstemque
901 3961 1224 4031 sapientiam
1286 3971 1518 4029 tenent,
1565 3963 1602 4018 ii
1661 3964 2043 4036 mysteriorum

465 4055 792 4109 sententiam
839 4054 998 4110 facile
1047 4056 1365 4126 percipient.
1413 4055 1620 4112 ldcirco
1665 4058 1741 4112 ait
1777 4076 1790 4111 :
1835 4057 1919 4111 Ad
1951 4075 2045 4112 ca-

465 4145 682 4213 piendas
712 4161 1012 4200 sermonum
1044 4148 1307 4215 strophas.
1359 4145 1496 4202 Nam
1539 4163 1660 4218 qum
1701 4149 2045 4217 praeposteris

465 4235 631 4289 veluti
664 4237 845 4292 verbis
873 4253 902 4291 a
933 4248 1125 4292 sancto
1158 4238 1364 4309 Spiritu
1389 4239 1530 4292 dicta
1560 4238 1884 4298 fucrunt.ea
1914 4240 2044 4306 illis,

467 4328 562 4397 qui
595 4328 737 4382 ﬁdeli
781 4345 909 4399 erga
942 4329 1114 4384 Deum
1165 4329 1331 4384 corde
1366 4337 1494 4383 sunt
1530 4330 1759 4398 prwditi,
1799 4331 2044 4399 expedite

468 4417 838 4473 innotescunt.

542 4507 669 4564 Hmc
708 4510 774 4563 de
808 4508 1118 4564 Judmorum
1165 4511 1384 4580 populo,
1425 4521 1480 4566 et
1523 4511 1590 4567 de
1634 4512 1837 4568 Christi
1880 4514 2046 4577 ccede,

468 4602 739 4673 intelligit.
760 4600 1032 4657 Putabant
1053 4603 1198 4657 enim
1229 4604 1382 4657 illum
1414 4605 1469 4658 in
1502 4615 1642 4660 terra
1670 4607 2050 4661 tantummodo

467 4695 669 4748 habere
702 4695 1194 4750 conversationem.

537 4782 655 4838 Non
690 4783 959 4853 accipient
999 4794 1230 4850 tantum,
1277 4785 1376 4840 sed
1426 4786 1590 4840 etiam
1630 4787 2046 4843 hmreditabunt.

477 4875 631 4947 lmpii
663 4893 792 4931 vero
825 4877 1041 4931 etiamsi
1064 4879 1421 4941 extolluntur,
1448 4879 1499 4933 id
1525 4879 1590 4932 ad
1614 4881 1870 4948 majorem
1902 4882 2050 4950 ipso-

465 4981 588 5022 rum
625 4967 979 5037 ignominiam
1018 4967 1306 5023 redundat.
1342 4969 1520 5024 Veluti
1544 4969 1588 5023 si
1617 4971 1742 5038 quis
1769 4970 2041 5024 hominem

465 5057 767 5113 deformem
801 5069 963 5130 atque
1015 5060 1311 5116 distortum
1363 5064 1417 5115 in
1465 5061 1575 5116 alto
1617 5061 1886 5129 coliocet,
1932 5078 2040 5117 non

468 5151 700 5206 honorat
743 5153 837 5206 sed
871 5154 1042 5223 magis
1081 5154 1426 5219 dehonestat,
1459 5152 1806 5208 manifestam
1836 5155 2042 5208 consti-

468 5256 627 5298 tuens
677 5246 925 5314 pluribus
969 5248 1359 5317 turpitudinem
1409 5248 1552 5316 ejus.
1593 5246 1685 5302 Sic
1730 5248 1856 5302 item
1897 5246 2040 5303 Deus

466 5335 684 5390 extollit
707 5337 923 5406 impios,
949 5347 1009 5392 ut
1032 5339 1307 5407 publicum
1339 5339 1502 5393 faciat
1531 5339 1770 5395 dedecus
1798 5340 2038 5395 illorum.

468 5425 750 5484 Exaltatus
778 5429 879 5484 fuit
907 5433 1071 5485 etiam
1096 5431 1331 5499 Pharao,
1366 5434 1460 5488 sed
1497 5443 1554 5487 ut
1589 5435 1853 5489 mundum
1880 5451 2043 5490 accu-

468 5527 705 5574 salorem
743 5523 985 5578 haberet.

539 5611 1093 5672 Animadvertendum
1125 5628 1228 5682 est,
1261 5621 1465 5676 donum
1497 5621 1700 5677 bonum
1732 5622 1839 5677 dici
1871 5621 1940 5676 ab
1965 5625 2042 5677 eo

542 5748 584 5782 ³⁷
619 5752 721 5806 lsa.
759 5757 954 5817 va,7.
1035 5758 1079 5791 ³⁸
1105 5774 1164 5814 ca

468 5819 514 5882 ."
541 5839 658 5896 cap.
685 5841 768 5892 ιιι,
803 5828 977 5884 55.-
999 5830 1064 5885 Α.
1098 5830 1135 5887 f.
1166 5819 1256 5898 ἕω,
1290 5819 1346 5889 b.

2152 1844 2432 1915 τρεπτικοὶ
2455 1842 2605 1915 παρά
2633 1844 2814 1897 πᾶσαν
2841 1843 2960 1897 ὁδὸν
2985 1842 3078 1896 τοῦ
3116 1843 3231 1913 βίου
3269 1846 3699 1918 χρησιμεύοντες·

2150 1937 2262 1996 τοῖς
2294 1932 2402 2004 γὰρ
2443 1934 2534 1987 ἐπὶ
2569 1935 2659 1986 τὸν
2682 1933 2814 1987 Θεὸν
2853 1933 2971 1988 ὁδὸν
3022 1935 3394 2006 ποιουμένοις,
3433 1936 3613 2008 ὁδηγός
3634 1953 3702 2002 τις

2149 2025 2356 2094 γίνεται
2373 2025 2788 2097 ’παραπλησίως
2814 2026 2893 2097 τῷ
2919 2026 3303 2098 ὑποδείγματι,
3333 2029 3466 2091 τοὺς
3500 2028 3702 2098 κάμνον·

2149 2132 2248 2179 τας
2285 2114 2374 2168 διὰ
2408 2115 2469 2168 τὸ
2517 2115 2614 2185 τῆς
2645 2115 2764 2168 ὀδοῦ
2801 2117 2973 2187 μῆκος
3022 2117 3422 2190 ἀνακτωμένη·
3470 2120 3599 2172 εἰσὶν
3626 2115 3703 2172 οὖν

2151 2199 2310 2259 αὗται
2342 2210 2397 2260 αἱ
2432 2208 2719 2280 παροιμίαι
2765 2208 3143 2278 Σολομῶντος,
3177 2210 3206 2263 ὃ
3239 2213 3386 2264 ἐστιν
3423 2211 3701 2284 εἰρηνικοῦ,

2151 2298 2270 2368 ἤτοι
2297 2297 2389 2351 τοῦ
2415 2299 2563 2369 Σωτῆ
2573 2315 2664 2369 ρος
2685 2298 2940 2372 Χριστοῦ·
2967 2300 3154 2372 ἐπειδὴ
3178 2301 3236 2353 δὲ
3264 2302 3390 2366 τοὺς
3410 2302 3508 2356 τοῦ
3527 2303 3701 2375 Κυρίου

2152 2387 2362 2459 λόγους,
2393 2389 2486 2442 ἆτε
2517 2390 2580 2462 δὴ
2614 2391 2820 2462 Κυρίου
2849 2393 3235 2462 τυγχάνοντας,
3266 2394 3579 2459 ἀπταίστως
3605 2398 3702 2449 ἑπι-

2151 2481 2416 2550 στάμεοα,
2454 2481 2541 2535 ἵνα
2577 2483 2649 2554 μή
2681 2499 2764 2546 τις
2792 2483 2858 2536 ἐκ
2891 2484 2991 2554 τῆς
3026 2486 3342 2557 ὁμωνυμίας
3370 2489 3522 2558 ἡμᾶς
3554 2490 3702 2560 ἀφαρ-

2152 2576 2322 2650 πάσῃ,
2359 2577 2493 2648 φησὶ
2525 2577 2608 2641 τίς
2641 2580 2670 2630 ὁ
2701 2579 2915 2650 γράψας
2938 2579 3130 2646 ταῦτα,
3162 2580 3255 2634 καὶ
3287 2581 3450 2634 τίνων
3483 2577 3548 2651 ἦν
3577 2581 3703 2650 βασι-

2150 2668 2301 2733 λεύςο
2345 2670 2433 2723 ἵνα
2476 2671 2509 2740 ή
2549 2668 2642 2722 τοῦ
2687 2670 2937 2738 λέγοντος
2981 2671 3292 2738 ἀξιοπιστία
3326 2671 3702 2744 εὐπαράδεκτον

2147 2762 2238 2816 τὸν
2265 2762 2419 2830 λόγον
2450 2763 2770 2836 καταστήσῃ
2801 2764 2896 2816 καὶ
2929 2768 3213 2836 προσεχεῖς
3244 2766 3371 2828 τοὺς
3410 2765 3702 2827 ἀκούοντας.

2149 2855 2493 2926 Σολομῶντος
2525 2861 2632 2928 γάρ
2665 2858 2805 2912 εἰσιν
2833 2857 3063 2920 ἐκείνου,
3098 2857 3233 2928 πρὸς
3265 2857 3325 2910 ὃν
3369 2853 3526 2911 εἶπεν
3549 2858 3575 2908 6
3607 2855 3702 2908 Κύ-

2151 2962 2263 3015 ριος
2283 2963 2295 2975 ·
2334 2945 2509 3000 Δώσω
2535 2964 2632 3001 σοι
2663 2949 2916 3017 καρδίαν
2947 2950 3246 3018 φρονίμην
3270 2948 3369 3002 καὶ
3391 2947 3620 3018 σοφήν
3640 2947 3705 3012 ὡς

2148 3043 2230 3095 σὺ
2255 3043 2328 3095 οὐ
2352 3039 2598 3111 γέγονεν
2622 3041 2722 3095 ἐπὶ
2742 3039 2850 3110 τῆς
2874 3039 3006 3110 γῆς,
3035 3042 3131 3094 καὶ
3158 3039 3309 3110 μετὰ
3347 3040 3422 3094 σὲ
3459 3043 3566 3096 οὐκ
3586 3041 3706 3094 dra-

2148 3131 2438 3198 στήσεται
2471 3132 2673 3203 ὄμοιός
2714 3149 2813 3188 σοι
2836 3134 2882 3165 ”
2901 3149 2915 3164 ο
2957 3135 3051 3187 καὶ
3095 3133 3162 3187 τὰ
3193 3133 3354 3189 λοιπά
3402 3134 3536 3207 περὶ
3566 3129 3705 3188 αὑτοῦ

2147 3225 2522 3298 γεγραμμένα·
2557 3221 2624 3297 ἦν
2655 3224 2711 3279 δὲ
2745 3226 2906 3296 σοφὸς
2952 3229 3017 3280 ὲκ
3063 3227 3250 3296 σοφοῦ·
3289 3226 3368 3281 διὸ
3408 3229 3704 3300 πρόσκειται

2147 3318 2208 3371 τὸ
2254 3319 2449 3383 Δαϐὶδ,
2481 3317 2542 3383 ὲξ
2587 3310 2648 3371 οὗ
2707 3318 2956 3386 Σολομὼν
2990 3320 3221 3388 γέγονε,
3270 3323 3333 3374 ὲκ
3385 3321 3618 3393 βρέφους
3650 3317 3706 3372 τὶ

2150 3409 2270 3484 ίερά
2316 3411 2618 3483 γράμματα
2672 3411 3090 3482 παιδευόμενος,
3137 3412 3231 3464 καὶ
3275 3413 3336 3465 οὐ
3396 3414 3586 3485 κλήρῳ
3626 3410 3709 3480 τὴν

2148 3501 2320 3572 ἀρχὴν
2353 3502 2648 3573 λαϐόμενος
2674 3501 2795 3556 οὐδὲ
2823 3502 2936 3573 βίᾳ,
2966 3503 3102 3556 ἀλλά
3138 3505 3318 3576 κρίσει
3351 3503 3451 3557 τοῦ
3479 3503 3708 3575 Πνεὺμια·

2130 3591 2240 3659 τος
2273 3597 2367 3648 καὶ
2393 3595 2558 3667 ψήφῳ
2580 3596 2733 3650 Θεοῦ.

2220 3687 2265 3718 ⁸ο
2300 3687 2534 3742 Γνῶναι
2579 3689 2804 3757 σοφίαν
2852 3688 2948 3742 καὶ
2989 3687 3283 3741 παιδείαν.
3323 3686 3383 3740 Ὀ
3419 3691 3586 3757 γνοὺς
3625 3688 3708 3758 τὴν

2150 3780 2341 3850 σοφίαν
2373 3782 2467 3834 τοῦ
2503 3781 2639 3834 Θεοῦ
2673 3781 2938 3852 λαμϐάνει
2979 3781 3108 3852 παρ’
3137 3782 3300 3836 αὐτοῦ
3334 3784 3429 3836 καὶ
3461 3782 3707 3842 παιδείαν,

2149 3871 2504 3944 ἐκμανθάνων
2535 3874 2602 3927 δι’
2638 3874 2810 3944 αὐτῆς
2853 3873 2920 3927 τὰ
2956 3873 3051 3929 τοῦ
3083 3873 3244 3944 λόγου
3292 3877 3601 3948 μυστήρια·
3631 3876 3709 3928 καὶ

2148 3961 2198 4012 oi
2218 3962 2435 4030 γνόντες
2463 3963 2560 4035 τὴν
2588 3963 2763 4035 ἁληΘῆ
2788 3963 2880 4016 καὶ
2901 3963 3228 4031 ’ἐπουράνιον
3250 3966 3464 4035 σοφίαν,
3496 3965 3709 4026 εὐκόλως

2148 4054 2400 4125 νοήσουσι
2446 4054 2574 4117 τοὺς
2619 4055 2710 4106 ὑπ’
2749 4055 2929 4108 αὐτῶν
2975 4055 3338 4128 λαλουμένους
3379 4058 3603 4128 λόγουςο
3641 4056 3708 4110 διό

2150 4158 2300 4217 φησί’
2332 4145 2625 4212 Δέξασθαι
2656 4146 2924 4216 στροφὰς
2954 4149 3180 4220 λόγων·
3211 4149 3279 4203 τά
3305 4149 3413 4221 γὰρ
3442 4150 3707 4217 ἀντιστρό-

2150 4256 2266 4308 φως
2312 4237 2416 4291 ὑπὸ
2456 4238 2548 4292 τοῦ
2594 4238 2749 4306 ἁγίου
2786 4239 3099 4312 Πνεῦματος
3145 4241 3521 4316 λελαλημὲνα,
3558 4245 3707 4299 ταῦτα

2148 4331 2260 4393 τοῖς
2315 4329 2513 4400 πιστὴν
2570 4330 2797 4403 καρδίαν
2853 4331 3034 4402 ἔχουσι
3079 4332 3216 4405 πρὸς
3261 4333 3395 4388 Θεὸν
3443 4336 3708 4405 εὔγνωστα

2150 4422 2379 4492 γίνεται.
2547 4423 2559 4434 ”

2225 4519 2267 4550 δί
2309 4518 2494 4572 Ταῦτα
2539 4521 2616 4582 εἰς
2659 4521 2748 4573 τὸν
2794 4521 2902 4574 τῶν
2969 4523 3238 4578 Ἰουδαίων
3269 4526 3442 4598 δῆμον
3489 4529 3583 4582 καὶ
3623 4528 3709 4597 τὴν

2154 4609 2294 4663 κατά
2347 4611 2584 4682 Χριστοῦ
2647 4613 2954 4683 μιαιφονίαν
3025 4614 3332 4689 ἐξείληφεν·
3391 4616 3563 4689 ᾤοντο
3615 4619 3709 4690 γὰρ

2152 4704 2315 4758 αὑτὸν
2339 4707 2432 4758 ἐπὶ
2465 4706 2567 4777 γῆς
2605 4706 2763 4777 μόνον
2793 4705 2937 4777 ἔχειν
2969 4703 3031 4760 τὸ
3063 4707 3387 4782 πολίτευμα.

2222 4798 2266 4830 ⁸⁸
2292 4799 2404 4868 Οὐχ
2441 4798 2626 4862 ἁπλῶς
2663 4800 2943 4870 λήψονται,
2973 4800 3109 4854 ἀλλά
3139 4802 3605 4876 κληρονομήσουσι
3623 4819 3637 4833 ο
3666 4801 3708 4854 οι

2150 4890 2208 4942 δὲ
2231 4890 2468 4956 ἀσεϐεῖς,
2493 4892 2541 4944 εἰ
2577 4890 2668 4944 καὶ
2704 4892 2980 4962 ὑψοῦνται,
3006 4893 3120 4947 ἀλλ’
3153 4893 3294 4947 ὥστε
3325 4895 3548 4965 μείζονα
3577 4894 3713 4964 γενέ-ι

2154 4980 2276 5033 σθαι
2308 4981 2407 5052 τὴν
2431 4982 2656 5052 ἀτιμίαν
2687 4982 2866 5036 αὐτῶν
2884 5001 2898 5014 ·
2923 4983 2998 5048 ὼς
3027 4982 3133 5056 γάρ
3165 5002 3248 5050 τις
3274 4985 3365 5039 τὸν
3390 4986 3604 5055 δυσειδῆ
3628 4987 3708 5037 καὶ

2148 5072 2605 5144 διεστραμμένον,
2636 5076 2684 5128 εί
2718 5074 3016 5146 ὑψώσειεν,
3047 5079 3144 5130 οὐκ
3184 5077 3424 5145 ὲδόξασε,
3459 5080 3574 5134 ἀλλ’
3603 5079 3708 5149 ἠτί-

2152 5182 2291 5235 μασε
2332 5166 2515 5231 πλέον,
2543 5168 2843 5238 κατάδηλον
2877 5169 3040 5223 αὑτοῦ
3063 5169 3122 5223 τὸ
3160 5166 3349 5242 αἶσχος
3389 5173 3597 5226 πλείοσι
3622 5190 3710 5224 κα·

2147 5259 2451 5329 ταστήσας’
2491 5258 2633 5313 οὕτω
2677 5263 2772 5315 καὶ
2801 5262 2830 5314 ὁ
2861 5261 2990 5326 Θεὸς
3023 5263 3150 5331 bal/oi
3191 5266 3316 5330 τοὺς
3354 5265 3592 5328 ἀσεϐεῖς,
3633 5265 3711 5315 iv:

2151 5351 2364 5422 ἐμφανῆ
2388 5353 2704 5426 καταστήσῃ
2727 5353 2826 5425 τὴν
2851 5354 3071 5408 ἐκείνων
3092 5356 3474 5429 ἀσχημοσύνην
3493 5374 3508 5388 ο
3533 5356 3707 5425 ὑψώθη

2151 5441 2245 5494 καὶ
2295 5440 2527 5512 Φαραὼ,
2577 5442 2689 5495 ἀλλ’
2732 5443 2872 5498 ὥστε
2915 5446 3012 5517 τὴν
3049 5449 3370 5520 οἰκουμένην
3420 5450 3712 5520 κατήγορον

2151 5533 2238 5602 ἔχε
2249 5551 2314 5586 ιν.

2222 5623 2267 5655 ⁵³
2321 5626 2658 5697 Σημειωτέον
2713 5630 2794 5683 ὅτι
2839 5629 3011 5702 δῶρον
3069 5631 3271 5700 ἀγαθὸν
3329 5631 3581 5703 ὀνομάζει
3633 5625 3713 5682 τὸν

1173 5776 1232 5841 [3.
1265 5763 1385 5841 1,1.
1450 5765 1506 5841 _’_’
1535 5763 1601 5816 Ill
1633 5760 1767 5831 Reg.
1796 5783 1874 5841 ill,
1900 5761 2008 5841 12.Δ

2157 5765 2269 5841 '_.A‘2._
2334 5766 2377 5799 ⁸⁸
2399 5768 2520 5824 cod.
2543 5765 2662 5824 Vat.
2687 5768 2843 5839 l802,
2871 5769 2984 5827 sive
3006 5770 3072 5826 A.
3100 5770 3139 5827 ί.
3171 5771 3223 5841 7,
3249 5772 3304 5828 b.
3324 5806 3394 5818 —
3419 5787 3534 5841 cap.
3565 5783 3607 5836 ι,
3629 5768 3710 5824 Η.

1448 5834 1490 5866 ⁸³
1524 5847 1642 5903 cap.
1674 5848 1724 5888 ιν
1752 5874 1767 5902 ,
1797 5833 1851 5886 2.
1889 5865 1958 5875 --
1982 5837 2045 5890 Δ.
2071 5832 2112 5889 f.
2141 5833 2233 5906 20,
2257 5836 2310 5890 ι».
