3836 6520
195 347 272 399 617

1247 335 1666 392 FRAGMENTA
1695 335 1761 388 IN
1801 335 2212 394 PROV’ERBIA.

3241 345 3344 400 658

193 470 331 534 νόμον,
354 455 430 512 διὰ
451 454 532 507 τὸν
555 452 895 524 λαμϐάνοντα
923 453 1070 524 δῶρα
1103 455 1160 506 ἐν
1194 454 1411 517 κόλποις
1441 454 1642 518 ἀδίκως
1661 472 1673 484 ·

1786 472 1881 526 pro
1920 457 2054 526 lege,
2093 464 2312 524 propter
2340 455 2491 508 illum
2517 455 2611 524 qui
2655 456 2796 510 dona
2843 456 2895 510 in
2936 455 3115 512 sinum
3143 459 3342 530 injuste

190 558 305 620 οὗτος
319 553 366 606 δὲ
384 546 824 617 ἐγκαταλιμπάνει
845 547 1025 616 νόμον,
1047 549 1075 599 ὁ
1103 546 1452 616 παραϐαίνων
1477 545 1639 598 αὐτόν
1659 562 1672 574 ·

186 649 309 720 νόμον
331 643 378 697 δὲ
398 643 499 712 ἢτοι
529 637 584 690 ὃν
614 636 781 706 λέγει,
815 638 848 710 ἢ
885 637 944 689 ὃν
970 637 1064 690 καὶ
1094 637 1254 700 αὐτὸς
1283 636 1566 706 ἐφύλαξεν.

238 819 275 852 ιδ
299 816 388 872 Καὶ
409 813 512 874 πῶς
537 812 672 875 ἐστι,
702 811 1184 882 περιχαράκωσον;
1219 813 1522 882 Λογισμοὺς
1538 814 1675 883 αὐτῇ

188 908 328 977 κύκλῳ
357 902 548 973 περίθες
575 901 750 971 ἱερούς
767 918 779 930 ·
811 900 1010 972 πολλῆς
1031 901 1138 973 γάρ
1174 919 1253 955 σοι
1275 903 1356 955 δεῖ
1377 903 1476 972 τῆς
1503 904 1679 972 ἀσφα-

185 1001 313 1061 λείας,
344 995 449 1048 ἐπεὶ
486 992 576 1045 καὶ
612 990 780 1044 πολλὰ
813 991 881 1044 τὰ
913 992 1324 1045 ἐπιϐουλεύοντα
1358 996 1423 1063 τῇ
1453 993 1674 1064 τοιαύτη

185 1092 358 1161 κτήσεν
382 1088 426 1138 εί
462 1084 513 1136 δὲ
540 1084 621 1150 ἐφ’
654 1085 783 1153 ἡμῖν
816 1085 930 1135 ἐστι
959 1083 1018 1135 τὸ
1052 1083 1451 1155 περιχαρακοῦν
1484 1085 1676 1155 αὐτὴν,

182 1186 222 1238 σί
241 1182 286 1234 δὲ
313 1178 480 1250 ἀρεταὶ
502 1176 584 1244 ἐφ’
617 1179 766 1246 ἡμῖν,
800 1176 1037 1246 χάρακες
1067 1175 1173 1248 ἄρα
1199 1173 1326 1239 εἷεν,
1356 1178 1412 1230 αἱ
1449 1175 1677 1246 ύψοῦσαι

182 1275 253 1344 τὴν
283 1271 452 1340 γνῶσιν
486 1268 576 1320 τοῦ
610 1268 744 1320 Θεοῦ
765 1286 776 1297 ·
809 1263 940 1330 οἷον,
981 1268 1232 1338 ἄσκησις,
1272 1269 1495 1338 μελέτη,
1527 1272 1621 1322 καὶ
1648 1271 1677 1321 ὁ

179 1367 299 1428 ἄλλος
323 1363 415 1416 τῶν
448 1359 648 1432 ἀρετῶν
675 1359 911 1430 ὁρμαθός
930 1377 941 1388 ·
974 1359 1040 1422 ἃς
1061 1362 1088 1412 ό
1117 1360 1320 1430 τηρῶν,
1353 1360 1450 1431 τὴν
1487 1361 1677 1428 σοφίαν

181 1460 303 1527 τιμᾷ·
334 1454 498 1525 μισθὸς
525 1453 600 1514 δὲ,
647 1451 706 1504 τὸ
743 1453 877 1521 πρδς
911 1452 1078 1522 αὐτὴν
1117 1455 1543 1524 μετεωρισθῆναι
1588 1455 1680 1507 καὶ

179 1547 509 1619 πριληφθῆναι
538 1546 627 1597 ὑπ’
660 1543 829 1612 αὐτῆς
868 1545 924 1594 ἐν
950 1543 1028 1613 τῷ
1053 1545 1640 1616 ύπερκοσμίῳπαστῷ.

229 1641 264 1670 ⁸⁸
296 1637 505 1698 Ἀσεϐεἰς
549 1636 646 1705 μὲν
689 1635 736 1686 οἱ
795 1633 1127 1705 ἑτερόδοξοι,
1180 1637 1485 1707 παράνομοι
1530 1637 1585 1690 δὲ
1633 1640 1680 1690 oi

178 1726 428 1798 παραϐάται
451 1723 538 1776 τοῦ
557 1724 719 1793 νόμου
738 1738 752 1752 ⁸
776 1715 849 1774 ὧν
870 1722 966 1786 τὰς
987 1724 1156 1788 ὀδοὺς,
1175 1726 1293 1796 ἦτοι
1314 1726 1411 1788 τὰς
1435 1726 1678 1798 πράξεις,

178 1819 233 1889 μὴ
253 1817 463 1870 ἐπελθεῖν
491 1816 642 1885 φησί.

227 1912 262 1942 ⁸⁸
308 1909 452 1982 Ὀρθὰ
504 1911 634 1980 ὁρᾷ,
671 1911 700 1962 ὁ
740 1907 1032 1977 λογισμοὺς
1085 1906 1222 1977 έχων
1273 1906 1535 1971 ἀπαθεῖς-ο
1586 1909 1680 1961 καὶ

172 2004 368 2074 δόγματα
393 2001 576 2073 ἀληθῆ,
601 2005 629 2054 ὁ
656 2001 728 2072 μὴ
753 2002 880 2072 περὶ
909 2001 1008 2063 τὰς
1039 1999 1141 2063 ἔξω
1167 2000 1462 2069 φαντασίας
1483 2003 1679 2070 ἐπτοη-

175 2095 319 2163 μένοςο
358 2095 472 2148 ὅταν
511 2093 647 2165 λέγῃ
684 2094 765 2146 δτι
813 2095 861 2145 oi
903 2078 1170 2161 ὀφθαλμοί
1212 2108 1304 2143 σου
1335 2091 1470 2162 ὀρθὰ
1492 2091 1681 2162 βλεπέ-

169 2201 326 2248 madv,
353 2186 441 2257 τὴν
479 2187 667 2256 ὅρασιν
708 2183 855 2254 δηλοῖ
892 2182 992 2252 τῆς
1037 2182 1243 2252 ψυχῆςο
1275 2183 1368 2235 καὶ
1390 2184 1517 2236 ὅταν
1542 2200 1680 2255 παρ-

171 2281 296 2349 αινῇ,
331 2279 456 2346 φάγε
503 2277 645 2348 μέλι,
681 2277 786 2338 υἱὲ,
820 2276 905 2328 ἵνα
943 2275 1218 2345 γλυκανθῇ
1247 2276 1276 2327 ὁ
1312 2274 1524 2346 φάρυγξ
1565 2293 1678 2337 σου,

169 2369 263 2438 μέλι
285 2368 532 2440 τροπικῶς
555 2369 653 2440 τὴν
677 2367 825 2420 Θείαν
863 2367 1012 2434 λέγει
1047 2365 1410 2430 διδασκαλίαν,
1435 2367 1556 2437 ἥτις
1585 2367 1680 2437 τὴν

169 2460 484 2532 πνευματικὴν
512 2457 829 2531 καταρτίζει
852 2459 950 2530 τῆς
984 2457 1161 2528 ψυχῆς
1186 2457 1403 2525 γνῶσιν·
1429 2457 1563 2512 ἀλλὰ
1589 2460 1680 2512 καὶ

167 2552 350 2606 ἅπτεται
376 2553 542 2624 ψυχῆς
569 2556 603 2624 ἡ
633 2552 792 2622 σοφία
811 2571 824 2583 ο
860 2550 1119 2622 ὲράσθητι
1143 2551 1270 2621 γὰρ,
1288 2550 1468 2620 φησίν,
1490 2551 1677 2622 αὐτῆς,

167 2643 233 2695 ἵνα
263 2661 314 2696 σε
361 2644 652 2716 περιλάϐῃ·
700 2640 846 2714 ψυχὴ
888 2643 946 2694 δὲ
1006 2641 1092 2695 διὰ
1140 2640 1476 2718 περιπλοκῆς
1520 2643 1680 2713 σοφία

167 2733 397 2798 ἐνωθείσα,
423 2734 692 2806 ἁγιασμοῦ
720 2733 1022 2805 πληροῦται
1053 2734 1145 2786 καὶ
1174 2732 1568 2804 καθαρότητος·
1599 2733 1679 2786 ἔτι

165 2841 214 2891 γε
235 2826 322 2897 μὴν
355 2827 457 2879 τῶν
505 2825 742 2899 Χριστοῦ
785 2826 970 2898 μύρων
1004 2827 1038 2896 ἡ
1075 2825 1172 2896 τῆς
1201 2825 1376 2896 ψυχῆς
1421 2825 1678 2896 ἀντιλαμ-

164 2917 342 2972 ϐάνεται
363 2920 642 2992 ὖσφρησις.

217 3012 252 3042 ⁸⁷
289 3013 344 3064 Ἠ
369 3013 529 3084 ἁρετὴ
557 3011 789 3084 μεσότης
807 3027 821 3040 ·
855 3010 936 3064 διὸ
959 3011 1054 3064 καὶ
1072 3010 1170 3082 τὴν
1201 3009 1450 3082 ἀνδρείαν
1479 3009 1676 3081 μεταξὺ

161 3103 238 3174 τῆς
265 3103 576 3178 θρασύτητος
615 3105 711 3159 καὶ
745 3104 844 3174 τῆς
881 3103 1080 3167 δειλίας
1109 3101 1246 3158 εἷναί
1286 3102 1583 3176 φησί’-νῦν
1621 3101 1677 3154 δὲ

162 3195 368 3266 ὀνομάζει
393 3197 569 3264 δεξιά·
607 3197 667 3250 ού
701 3195 769 3248 τὰ
809 3194 967 3265 φύσει
1001 3194 1150 3260 δεξιὰ
1185 3194 1331 3248 ἐστὶν
1371 3196 1424 3247 αἱ
1463 3191 1680 3266 ἀρεταὶ,

160 3286 263 3340 ἀλλὰ
280 3288 338 3342 τά
371 3290 669 3360 φαινόμενα
697 3288 779 3341 σοὶ
812 3286 961 3352 δεξιὰ
1001 3286 1088 3339 διὰ
1118 3286 1216 3348 τὰς
1239 3285 1457 3357 ἡδονάς·
1493 3283 1676 3356 ἡδοναὶ

160 3378 202 3430 δέ
226 3382 370 3445 είσιν,
395 3383 453 3434 ού
490 3382 652 3452 μόνον
690 3378 1019 3450 Ἀφροδίσια,
1042 3378 1178 3431 ἀλλὰ
1201 3378 1295 3431 καὶ
1327 3377 1550 3439 πλοῦτος
1581 3375 1676 3428 καὶ

159 3472 297 3542 τρυφή
314 3489 326 3501 ·
348 3473 607 3545 ἀριστερὰ
630 3473 708 3535 δὲ,
737 3471 946 3541 φθόνος,
973 3470 1239 3543 ἁρπαγαὶ,
1262 3470 1355 3524 καὶ
1375 3469 1444 3522 τὰ
1467 3468 1676 3531 τούτοις

158 3563 306 3630 ὅμοιαο
350 3564 536 3635 βορέας
565 3564 698 3634 γὰρ,
740 3563 895 3635 φησὶ,
938 3562 1168 3634 σκληρὸς
1198 3562 1415 3632 ἄνεμος,
1453 3562 1674 3633 ὀνόματι

156 3651 197 3704 δὲ
225 3655 459 3720 ἐπιδέξιος
506 3655 782 3710 καλεῖται’
833 3653 1024 3724 βορέαν
1052 3654 1162 3725 γὰρ
1207 3652 1546 3724 συμϐολικῶς
1584 3654 1676 3706 τὸν

157 3747 347 3817 πονηρὸν
373 3749 522 3802 καλεί
559 3750 680 3821 ἦτοι
727 3749 818 3802 τὸν
866 3747 1108 3803 διάϐολον
1134 3785 1148 3807 ,
1198 3747 1290 3814 ἀφ’
1320 3738 1381 3797 οὗ
1409 3742 1674 3816 ἐξεκαύθη

156 3835 295 3889 πάντα
320 3839 382 3891 τὰ
419 3840 565 3893 κακά
597 3841 692 3892 ἐπὶ
721 3840 819 3910 τῆς
860 3839 990 3910 γῆς·
1023 3837 1246 3908 ὀνόματι
1280 3835 1336 3888 δὲ
1373 3831 1526 3898 οὗτος
1553 3837 1674 3888 ἐπι-

153 3926 316 3992 δέξιος,
349 3932 428 3984 ὅτι
473 3931 708 4001 ἄγγελος
752 3930 994 3984 καλεῖται
1035 3928 1190 3998 δεξιῷ
1224 3928 1554 3998 ὀνόματι.-
1576 3927 1671 3989 Σὺ,

155 4019 300 4086 φησὶν,
323 4023 563 4077 ἐκκλινον
593 4023 703 4076 ἀπὸ
731 4021 922 4084 κακοῦ,
957 4022 1050 4075 καὶ
1076 4021 1153 4091 τῷ
1182 4021 1298 4090 Θεῷ
1334 4020 1556 4092 μελήσει
1579 4020 1673 4072 τοῦ

150 4109 298 4174 τέλους
314 4129 326 4141 ·
354 4115 747 4187 προπορεύεται
769 4114 878 4187 γάρ
903 4131 996 4167 σου
1016 4131 1030 4145 ο
1057 4113 1336 4167 καταλύων
1362 4115 1486 4176 τοὺς
1516 4113 1673 4166 πολε-

154 4199 294 4268 μίους,
317 4205 386 4268 ὡς
408 4207 464 4260 ἐν
498 4209 692 4280 εἰρήνῃ
719 4223 778 4260 σε
807 4206 1038 4276 βαδίσαι.

203 4293 240 4326 ⁸⁸
267 4299 503 4351 Δείκνυσι
545 4298 656 4370 γὰρ
687 4300 780 4352 καὶ
810 4299 895 4352 διὰ
925 4296 1018 4350 τοῦ
1050 4295 1208 4368 ζῴου,
1247 4295 1308 4348 τὸ
1342 4295 1442 4366 τῆς
1483 4294 1673 4366 ἡδονῆς

149 4382 372 4456 καθαρόν·
401 4391 493 4442 καὶ
520 4390 610 4443 διὰ
634 4389 725 4443 τοῦ
761 4389 962 4452 πώλου,
998 4388 1059 4440 τὸ
1096 4388 1194 4457 τῆς
1214 4386 1468 4455 γυναικὸς
1510 4387 1672 4457 παρί-

148 4492 274 4548 στησι
301 4481 496 4553 γαῦρον
525 4483 619 4536 καὶ
648 4480 920 4535 ποθεινόνο
950 4481 1046 4533 καὶ
1071 4478 1256 4549 ἐπειδὴ
1279 4476 1451 4530 πολλά
1471 4472 1578 4530 οἶδε
1605 4477 1671 4530 τὰ
1704 4475 1748 4528 ι)

147 4571 510 4640 παροξύνοντα,
563 4575 890 4644 ἀσφαλίζει,
927 4572 1142 4644 ἀρραγῆ
1193 4570 1285 4623 τὸν
1336 4571 1435 4641 τῆς
1491 4569 1672 4638 φιλίας

143 4657 292 4724 αὐτοῖς
314 4662 506 4735 δεσμὸν
542 4663 836 4734 ἐπιτίθησι,
872 4661 932 4715 τὸ
959 4662 1318 4732 ἀδιάρρηκτον
1350 4659 1531 4722 αὐτοῖς
1564 4676 1670 4729 μη-

146 4750 414 4822 χανώμενος
434 4773 448 4784 ⁸
482 4757 658 4820 ἄλλως
685 4756 740 4809 δὲ
766 4758 799 4826 ἡ
836 4756 996 4824 σοφία
1015 4793 1029 4817 ,
1057 4751 1268 4823 ἡτοιοῦν
1303 4752 1515 4819 ἔλαφος,
1547 4753 1672 4814 τοὺς

141 4841 228 4895 τῶν
257 4847 575 4920 ἑτεροδόξων
619 4848 868 4918 ὀφιώδεις
908 4847 1096 4915 λόγους
1144 4845 1384 4914 πέφυκεν
1427 4843 1668 4896 ἐλαύνειν

143 4937 216 4987 καί
253 4938 514 5012 ἀναιρεῖν·
552 4941 692 5011 αὕτη
737 4936 850 5003 οὖν,
886 4939 1048 5010 φησὶ,
1091 4937 1326 5016 συνέστω
1365 4952 1446 4988 σοι
1495 4933 1669 4998 πῶλος

140 5022 247 5081 οὖσα
277 5031 348 5102 τῷ
369 5031 585 5096 νεάζειν
612 5033 826 5086 ἃπασαν
849 5033 1046 5102 ἀρετήν
1065 5045 1077 5058 ·
1113 5028 1206 5080 καὶ
1235 5027 1357 5078 ἐπεὶ
1385 5025 1456 5096 μὴ
1489 5025 1670 5095 ὅμοιον

141 5122 251 5192 γυνὴ
275 5128 361 5178 καί
397 5129 582 5196 σοφία,
613 5127 749 5197 αὕτη
781 5125 1086 5180 τούναντίον
1118 5121 1356 5193 ἡγείσθω
1391 5138 1500 5174 σοι’
1527 5120 1668 5173 οὕτω

138 5208 226 5280 γάρ
252 5213 580 5286 ἀποκυήσεις
606 5216 894 5286 λογισμοὺς
927 5212 1181 5283 ἀγαθούς.

191 5303 229 5331 ⁸⁸
255 5305 364 5360 Ἵνα
404 5309 478 5378 μὴ
508 5308 706 5382 λέγῃςδ·
741 5308 804 5360 Τί
838 5307 945 5377 γὰρ
982 5305 1173 5375 βλάϐος
1203 5307 1313 5368 τοῖς
1351 5304 1661 5374 ὀφθαλμοῖς,

136 5390 197 5462 μὴ
226 5396 430 5463 πάντως
457 5399 627 5470 οὔσης
655 5399 897 5469 ἀνάγκης
929 5398 1019 5450 τὸν
1059 5397 1326 5468 ἐνορῶντα
1356 5397 1662 5468 τραπῆναι;

135 5479 339 5542 δείκνυσί
379 5507 484 5554 σοι,
531 5491 662 5562 ὼςὴ
695 5492 792 5561 μὲν
834 5489 1128 5560 ἐπιθυμία,
1172 5488 1282 5559 πῦρ
1307 5489 1487 5540 ἐστιν·
1537 5489 1572 5557 ἡ
1610 5487 1665 5538 δὲ

1711 1808 1750 1861 Β

1703 3140 1746 3198 C

1780 549 1996 618 accipit.
2028 549 2118 601 Ille
2154 548 2323 618 legem
2361 548 2582 613 deserit,
2620 548 2713 617 qui
2757 565 2877 602 eam
2923 554 3340 619 transgreditur.
3384 591 3396 602 .

1781 639 1973 710 Legem
2015 657 2175 709 porro
2213 640 2296 695 vel
2319 655 2482 711 quam
2517 639 2718 694 diserte
2752 641 3018 705 nominat,
3055 643 3136 697 vel
3178 661 3341 714 quam

1781 731 1921 784 idem
1949 731 2274 785 observavit.

1847 822 1985 886 Quid
2015 832 2118 887 est,
2148 822 2458 876 circumda?
2479 820 2706 877 Sanctas
2729 823 2776 876 ei
2803 823 3113 893 circumjice
3139 827 3344 895 COgita-

1779 913 1974 966 tiones.
2008 913 2175 968 Multo
2205 915 2347 967 enim
2393 915 2487 967 tibi
2525 929 2662 984 opus
2702 923 2786 967 est
2834 916 3154 983 munimine,
3199 935 3341 988 quo-

1779 1005 1923 1058 niam
1953 1007 2121 1060 mulla
2147 1020 2274 1060 sunt
2312 1007 2401 1060 tali
2442 1006 2772 1075 possessioni
2811 1008 3148 1064 insidiantia.
3185 1009 3338 1077 Quod

1780 1097 1826 1148 si
1859 1097 1912 1149 in
1944 1107 2130 1151 nostra
2171 1108 2436 1166 potestate
2471 1107 2552 1151 est
2599 1115 2716 1151 eam
2753 1099 3184 1164 circumvallare,
3217 1119 3340 1156 tnu-

1780 1188 1986 1241 nimina
2010 1189 2228 1257 quidem
2262 1190 2419 1243 nobis
2441 1199 2602 1244 erunt
2627 1190 2854 1244 virtutes
2896 1207 3016 1260 quae
3040 1191 3131 1246 Dei
3167 1195 3339 1248 scien-

1779 1279 1911 1331 tiam
1961 1280 2261 1346 extollunt,
2304 1281 2467 1333 veluti
2511 1282 2780 1349 ascetica,
2829 1290 2882 1334 et
2931 1285 3241 1350 meditatio,
3289 1296 3344 1340 ct

1780 1370 2022 1439 reliquus
2051 1372 2309 1424 virtutum
2346 1372 2583 1436 chorus;
2631 1389 2770 1442 quas
2803 1377 2895 1444 qui
2929 1387 3092 1440 tenet,
3126 1380 3344 1448 sapien-

1780 1461 1908 1514 tiam
1943 1463 2216 1516 honorat:
2267 1479 2475 1518 merces
2503 1480 2632 1518 vero
2663 1475 2764 1530 est,
2798 1469 2863 1521 ad
2914 1469 3086 1536 ipsam
3131 1472 3342 1540 extolli,

1779 1562 1979 1604 etcum
2011 1568 2072 1606 ea
2103 1552 2344 1606 deiiciari
2380 1554 2431 1606 in
2457 1555 2661 1609 caelesti
2701 1556 2960 1610 thalamo.

1852 1643 2004 1713 Impii
2052 1655 2180 1700 sunt
2226 1646 2584 1700 hctcrodoxi:
2637 1658 2948 1717 peccatores
2998 1659 3176 1704 autem
3209 1652 3346 1723 legis

1782 1743 2219 1804 transgressores
2243 1755 2258 1793 ;
2282 1754 2514 1806 quorum
2545 1740 2659 1794 vias
2685 1749 2738 1794 et
2771 1750 2925 1796 actus
2954 1745 3146 1796 sectari
3176 1754 3341 1801 vetat.

1853 1921 2020 1977 Recta
2055 1922 2198 1976 videt
2222 1925 2313 1992 qui
2341 1923 2696 1991 cogitationes
2738 1925 2897 1980 habet
2935 1929 3342 1997 perturbatione

1781 2015 2018 2070 liberas:
2050 2024 2103 2068 et
2129 2030 2253 2068 vera
2283 2016 2559 2084 dogmata,
2591 2017 2635 2070 is
2661 2019 2753 2086 qui
2783 2021 3146 2075 exterioribus
3171 2025 3345 2092 phan-

1782 2107 1934 2162 tasiis
1966 2121 2074 2160 non
2106 2107 2436 2176 percellitur.
2469 2106 2604 2161 Cum
2631 2109 2796 2163 dicit:
2828 2109 2982 2164 Oculi
3020 2113 3097 2165 tui
3127 2115 3343 2168 videant

1779 2200 2110 2268 :equitatem,
2136 2200 2203 2253 de
2228 2200 2435 2254 visione
2459 2201 2653 2256 animae
2683 2202 2941 2271 loquitur.
2967 2202 3034 2256 Et
3062 2221 3184 2258 cum
3218 2207 3346 2260 hor-

1782 2301 1963 2346 tatur:
1993 2291 2232 2346 Coniede
2261 2293 2387 2356 mel,
2425 2292 2522 2355 ﬁli,
2553 2303 2611 2346 ut
2637 2294 2708 2347 sit
2735 2295 2962 2348 dulcedo
2988 2298 3190 2366 gutturi
3227 2308 3341 2366 tuo,

1780 2386 1887 2440 mel
1923 2385 2128 2454 tr0pice
2171 2384 2302 2438 dicit
2340 2385 2578 2438 divinam
2613 2385 2942 2449 doctrinam,
2974 2403 3093 2456 qua:
3123 2389 3343 2458 spirita-

1781 2477 1883 2531 lem
1915 2477 2133 2532 coniicit
2162 2477 2358 2531 animae
2387 2477 2691 2532 scientiam.
2729 2476 2834 2532 Sed
2876 2489 2928 2531 et
2956 2480 3194 2534 animam
3223 2488 3342 2534 tan-

1780 2569 1857 2636 git
1893 2569 2180 2638 sapientia.
2229 2569 2365 2622 Ama
2403 2567 2547 2622 enim
2585 2584 2726 2634 eam,
2774 2577 2832 2622 ut
2883 2571 3220 2639 amplexetur
3267 2582 3339 2627 te.

1777 2659 1898 2714 Jam
1945 2662 2129 2715 anima
2171 2676 2265 2731 per
2291 2661 2634 2729 complexum
2665 2663 2848 2715 virtuti
2896 2663 3177 2732 copulata,
3215 2679 3340 2718 san-

1780 2757 1964 2810 ctitate
1993 2755 2230 2825 repletur
2257 2766 2310 2808 et
2339 2755 2592 2823 puritate.
2619 2754 2842 2824 Insuper
2864 2753 3065 2810 Christi
3103 2773 3340 2826 unguen-

1780 2857 1958 2902 torum
1991 2847 2172 2901 anima
2200 2846 2418 2899 allectat
2442 2846 2748 2899 odoratum.

1851 3013 2038 3068 Virtus
2073 3013 2305 3067 medium
2355 3023 2518 3068 tenet.
2566 3013 2747 3079 Quare
2775 3017 2937 3068 etiam
2971 3017 3340 3071 fortitudinem

1779 3109 1911 3162 dicit
1937 3123 2058 3162 esse
2087 3108 2317 3161 mediam
2350 3107 2488 3159 inter
2516 3107 2798 3161 audaciam
2826 3119 2875 3161 et
2899 3109 3170 3162 timorem.
3189 3108 3343 3164 Nunc

1779 3215 1904 3254 vero
1935 3199 2065 3253 dicit
2093 3198 2333 3262 dextera,
2359 3213 2465 3250 non
2500 3213 2622 3266 quae
2654 3207 2781 3250 sunt
2804 3199 3122 3252 naturaliter
3156 3201 3341 3254 dexte-

1777 3309 1858 3357 ra,
1890 3290 2195 3361 cujusmodi
2236 3299 2363 3344 sunt
2390 3289 2636 3352 virtutes,
2669 3287 2760 3343 sed
2811 3304 2932 3357 quae
2969 3291 3188 3344 dextera
3217 3307 3344 3360 pro-

1776 3395 1894 3454 pter
1922 3382 2224 3450 voluptates
2251 3379 2344 3432 tibi
2378 3379 2644 3432 videntur.
2671 3377 2984 3448 Voluptates
3006 3391 3182 3434 autem
3214 3391 3344 3437 sunt

1775 3492 1883 3530 non
1915 3475 2090 3529 solum
2123 3470 2411 3538 Venerem,
2442 3486 2630 3523 verum
2662 3470 2823 3524 etiam
2867 3472 3067 3526 divitia:
3099 3490 3161 3527 ac
3209 3476 3343 3530 deli-

1775 3569 1892 3622 ciae.
1920 3566 2153 3620 Sinistra
2186 3579 2337 3629 vere,
2385 3563 2580 3627 caedes,
2617 3562 2851 3630 rapinaz,
2895 3574 2944 3618 et
2987 3565 3070 3618 his
3117 3567 3336 3624 similia.

1774 3657 1908 3712 Nam
1933 3659 2123 3712 boreas
2140 3655 2347 3726 rigidus
2364 3663 2574 3718 ventus,
2592 3655 2780 3710 dexter
2797 3656 3114 3725 appellatur.
3133 3658 3342 3730 Quippe

1776 3750 1996 3804 boream
2041 3747 2370 3818 symbolice.
2417 3746 2713 3816 malignum
2767 3746 3040 3801 diabolum
3095 3751 3338 3819 vocitat,

1775 3858 1804 3896 a
1848 3857 1956 3912 quo
2005 3841 2146 3894 mala
2196 3839 2378 3894 omnia
2425 3839 2790 3892 incenduntur
2846 3839 2899 3892 in
2955 3841 3105 3894 orbe.
3152 3841 3336 3898 Eidem

1776 3949 1975 3987 nomen
2005 3940 2088 3986 est
2113 3931 2320 3994 dexter,
2346 3929 2472 3998 quia
2503 3928 2727 3998 angelus
2768 3938 2993 3983 vocatur
3035 3930 3247 3999 dextro,
3283 3932 3337 3986 id

1775 4035 1858 4080 est
1889 4025 2070 4079 fausto
2109 4023 2348 4077 nomine.
2373 4019 2574 4086 -—Tu,
2608 4019 2817 4088 inquit,
2859 4019 3069 4073 declina
3108 4038 3136 4075 a
3173 4024 3335 4086 malo,

1773 4129 1828 4174 et
1863 4117 1973 4172 Deo
2000 4133 2132 4171 cura
2163 4116 2262 4169 erit
2304 4115 2426 4168 linis
2459 4114 2553 4169 tui.
2592 4113 2831 4167 Anteibit
2865 4114 3009 4168 enim
3047 4123 3118 4180 te,
3155 4115 3338 4171 hostes

1775 4208 2092 4280 proﬂigans,
2125 4217 2184 4260 ut
2210 4207 2430 4276 pacilice
2459 4205 2746 4274 gradiaris.

1845 4300 2049 4368 Nempe
2080 4313 2176 4366 per
2200 4313 2412 4352 cervam
2438 4296 2659 4349 denotat
2681 4295 2969 4364 voluptatis
2997 4295 3048 4349 in
3080 4296 3339 4368 conjugin

1775 4392 2179 4454 innocentiam;
2219 4398 2271 4443 et
2310 4403 2405 4458 per
2442 4387 2670 4458 pullum,
2714 4387 3044 4441 alacritatem
3093 4389 3338 4443 mulieris

1775 4485 2027 4554 exprimit
2055 4492 2109 4536 et
2154 4481 2563 4534 amabilitatem.
2596 4477 2660 4532 Et
2695 4478 2821 4547 quia
2857 4479 3024 4532 multa
3073 4481 3245 4534 cernit
3270 4481 3336 4534 ad

1775 4579 1966 4632 vitium
2000 4574 2280 4630 incilantia
2306 4615 2320 4638 ,
2373 4581 2530 4627 caute
2559 4571 2829 4634 consulit,
2863 4580 2917 4625 et
2960 4573 3340 4627 indissolubile

1776 4667 2102 4738 conjugibus
2134 4664 2409 4718 vinculum
2438 4663 2640 4732 injicit,
2672 4663 3034 4717 constantiam
3072 4664 3177 4719 illis
3207 4681 3338 4720 cono

1776 4761 1987 4816 ciliaus.
2021 4757 2232 4826 Alioqui
2267 4754 2551 4824 sapientia,
2583 4755 2726 4807 cervi
2761 4754 2948 4814 instar.
2976 4754 3335 4808 heterodoxo-

1776 4865 1896 4903 rum
1930 4848 2272 4916 serpentinas
2298 4845 2572 4898 doctrinas
2593 4842 2853 4912 repellere
2875 4843 3015 4897 valet
3043 4854 3097 4897 et
3125 4846 3337 4898 exstinv

1775 4957 1958 5012 gnere.
1986 4938 2111 4993 Hmc
2147 4939 2340 5006 igitur,
2370 4936 2566 5004 inquit,
2604 4944 2782 4988 tecum
2827 4935 2898 4988 sit
2928 4935 3083 5004 quasi
3131 4935 3334 5005 pullus,

1775 5037 1831 5081 nt
1858 5043 2071 5081 omnem
2112 5027 2364 5078 virtutem
2401 5025 2639 5078 innovet.
2666 5022 2732 5076 Et
2777 5024 2904 5092 quia
2944 5039 3050 5076 non
3087 5033 3171 5078 est
3210 5042 3333 5078 mu—

1773 5119 1890 5172 lieri
1923 5117 2135 5174 similis
2156 5116 2442 5186 sapientia,
2481 5117 2595 5168 haec
2624 5115 2808 5183 potius
2845 5116 2914 5168 sit
2944 5115 3038 5169 tibi
3069 5116 3202 5170 dux.
3244 5117 3297 5172 Si
3314 5135 3344 5166 ρ

1773 5212 1918 5266 enim
1956 5211 2124 5264 bonas
2152 5208 2462 5279 procreabis
2495 5207 2874 5275 cogitationes.

1844 5301 1921 5356 Ne
1961 5300 2102 5355 forte
2143 5301 2332 5354 dicas:
2371 5298 2482 5353 Cur
2531 5306 2768 5353 noceant
2805 5297 2972 5373 oculi,
3016 5313 3139 5352 cum
3173 5298 3336 5367 plane

1774 5408 1881 5446 non
1909 5392 1980 5447 sit
2013 5405 2235 5445 necesse
2264 5405 2386 5442 eum
2438 5388 2668 5458 perverti
2701 5389 2794 5458 qui
2845 5388 3055 5442 cernit?
3098 5389 3336 5442 ostendit.

1773 5485 1869 5539 tibi
1915 5481 2410 5552 concupiscentiam
2463 5495 2586 5535 esse
2628 5482 2842 5550 ignem;
2877 5495 3130 5546 carnem,
3169 5479 3334 5534 vesti-

191 5672 230 5703 ⁸⁵
258 5691 306 5731 v.
329 5679 463 5733 8.—
493 5680 560 5731 A.
589 5677 626 5730 f.
653 5679 742 5743 ‘21,
766 5694 817 5732 ιι.
893 5679 936 5709 ⁸⁵
967 5695 1015 5731 v.
1057 5680 1139 5732 Η.
1170 5712 1232 5720 --
1261 5681 1322 5732 Α.
1361 5678 1395 5730 ἷ.
1425 5678 1514 5732 22.
1550 5678 1602 5729 b.

1786 5715 1792 5721 -
1821 5676 1911 5730 9.5.
1939 5677 2050 5728 —A.
2083 5673 2121 5729 f.
2151 5673 2242 5738 23,
2267 5674 2320 5726 b.
2395 5674 2437 5704 "
2471 5688 2522 5728 v.
2555 5672 2642 5726 27.
2663 5672 2797 5724 —A.
2825 5670 2860 5724 l'.
2887 5673 2976 5731 9.4.
3010 5686 3039 5724 a
3136 5670 3181 5701 δε
3210 5684 3331 5739 cap.

136 5753 178 5805 ν.
211 5743 372 5800 19.-
397 5748 463 5800 Δ.
499 5749 540 5800 l'.
567 5749 654 5812 Ξῖ,
679 5749 733 5803 b.
809 5749 852 5779 ⁸³
889 5766 1006 5817 cap.
1037 5766 1110 5812 vr,
1144 5749 1321 5802 9.7.—
1346 5751 1410 5804 Α.
1446 5752 1481 5802 ι’.
1517 5749 1604 5811 δι,
1630 5763 1680 5800 a.

419 5841 691 5900 Ριιτιιοι.
728 5841 842 5900 Gn.
872 5844 946 5900 Χ.

2879 5838 2959 5899 €20
