3836 6540
467 351 569 408 619

1323 355 1379 410 S.
1407 355 1770 411 lIlPPOLYTl
1809 357 1956 411 ΟΡΡ.
2001 359 2181 417 PARS
2219 360 2261 417 1-.
2303 393 2372 404 --
2413 365 2820 426 EXEGETICA.
3562 391 3636 446 σεο

467 487 743 542 mentum;
785 477 927 530 hanc
949 475 1167 545 quidem
1200 473 1359 530 facile
1383 476 1537 546 capi;
1567 476 1715 532 illam
1762 492 1890 532 vero
1914 493 1999 533 ess

2137 477 2308 572 σὰρξ,
2367 485 2618 553 ἱμάτιον·
2653 487 2714 538 τὸ
2755 489 2854 558 μὲν
2887 489 3182 547 εὐάλωτον·
3218 496 3250 566 ἡ
3279 495 3332 548 δέ
3375 505 3636 572 τυραννική·

466 572 828 644 tyrannicam.
863 567 1015 635 Quod
1041 583 1172 622 vero
1225 582 1332 621 non
1389 568 1552 622 modo
1607 578 1686 624 est
1737 569 2028 632 inclusum,

465 681 651 721 verum
708 664 870 718 etiam
925 661 1271 732 colligatum,
1335 661 1476 714 haud
1532 670 1658 716 ante
1723 662 2030 732 egredietur

463 775 626 830 quam
668 757 772 811 sibi
807 755 1010 810 exitum
1053 753 1260 808 fecerit.
1305 753 1424 808 Jan:
1466 754 1558 822 qui
1594 763 1802 822 spectat
1835 756 2030 810 mulie-

463 865 611 914 rem,
649 846 862 902 etiamsi
903 844 1184 915 ditfugiat,
1231 859 1338 898 non
1381 855 1560 898 tamen
1609 861 1780 914 purus
1829 861 2030 901 concu-

459 941 724 1013 piscentia
771 939 1029 995 discedet.
1087 937 1196 992 Cur
1235 947 1414 992 autem
1479 954 1617 1006 opus
1667 948 1750 992 est
1807 941 2021 1010 negotia

459 1032 691 1096 habere,
739 1031 786 1086 si
847 1031 1054 1101 absque
1103 1029 1236 1099 ipsis
1285 1044 1577 1098 possumus
1631 1045 1751 1084 esse
1803 1029 2028 1099 pudici?

456 1123 696 1180 Observa
726 1123 852 1193 quid
877 1123 1020 1177 dicat
1045 1120 1247 1175 Jobus:
1279 1118 1476 1173 Fazdus
1503 1121 1674 1189 pepigi
1710 1138 1826 1174 cum
1853 1121 2018 1174 oculis

453 1221 604 1283 meis,
628 1229 690 1271 ne
727 1219 792 1270 de
823 1217 1038 1269 muliere
1077 1213 1250 1267 aliena
1289 1213 1590 1282 cogitarent.
1627 1212 1725 1267 Hic
1763 1213 2024 1268 nimirum

453 1311 726 1367 illusionis
769 1311 879 1362 vim
928 1307 1274 1378 agnoscebat.
1321 1306 1520 1360 Paulus
1561 1307 1723 1360 etiam
1765 1306 1906 1360 hanc
1951 1305 2022 1358 ob

451 1417 672 1458 causam
709 1400 1006 1470 castigabat
1037 1413 1238 1468 corpus
1269 1407 1321 1450 et
1361 1399 1413 1450 in
1448 1397 1762 1452 servitutem
1807 1397 2020 1465 redige—

451 1496 560 1549 bat.
622 1491 864 1562 Spirita‘li
917 1500 1096 1545 autem
1158 1505 1356 1555 sensu,
1411 1489 1500 1543 ille
1551 1489 1735 1558 alligat
1787 1489 1842 1542 in
1893 1489 2014 1543 sinu

451 1590 662 1659 ignem,
725 1587 816 1656 qui
873 1585 1140 1654 impuram
1197 1583 1582 1652 cogitationem
1633 1582 1912 1636 immorari
1963 1585 2017 1635 in

448 1680 611 1734 corde
649 1679 779 1732 sinit
813 1697 826 1733 :
871 1675 1074 1730 incedit
1110 1685 1289 1730 autem
1323 1689 1486 1742 super
1531 1673 1798 1728 carbones
1831 1675 1878 1727 is
1920 1674 2010 1741 qui

446 1779 727 1842 peccatum
755 1770 1031 1839 operando
1057 1767 1332 1838 propriam
1364 1767 1602 1820 animam
1638 1765 1833 1834 perdit.

513 1863 792 1933 Cemphus
837 1871 920 1916 est
950 1862 1052 1916 lari
1103 1860 1353 1929 species:
1393 1859 1486 1928 qui
1539 1869 1650 1912 tam
1687 1857 1906 1912 effrenis
1945 1858 2012 1912 ad

443 1956 773 2025 voluptatem
819 1965 936 2020 est,
991 1963 1050 2008 ut
1103 1953 1292 2007 oculos
1352 1951 1618 2020 sanguine
1675 1950 1900 2020 implere
1956 1952 2009 2004 in

445 2047 690 2103 coeundo
718 2047 996 2110 videatur;
1026 2054 1078 2099 et
1116 2045 1372 2100 incautus
1397 2059 1540 2113 saepe
1571 2043 1626 2096 in
1655 2043 1885 2112 laqueos
1916 2053 2011 2098 aut

445 2141 726 2194 hominum
771 2154 968 2194 manus
1010 2138 1218 2192 incidit.
1257 2137 1394 2191 Huic
1444 2151 1572 2206 ergo
1611 2135 1788 2190 virum
1827 2151 2008 2190 mere-

440 2233 559 2289 trici
601 2233 840 2287 deditum
892 2234 1172 2300 comparat
1209 2229 1617 2284 ob'libidinem.
1645 2227 1742 2284 Vel
1778 2230 1848 2283 oh
1891 2231 2009 2298 ejus

439 2329 554 2380 avis
610 2325 929 2387 swltitiam,
962 2322 1162 2377 etenim
1214 2332 1268 2377 et
1321 2323 1435 2376 haec
1495 2335 1754 2391 tanquam
1811 2321 2004 2376 stolida

437 2430 711 2485 quemque
741 2422 999 2468 sectatur.
1029 2413 1195 2468 Aiunt
1218 2413 1380 2468 etiam
1411 2413 1698 2482 ccmphum
1726 2421 2008 2483 tantopere

437 2519 629 2574 spuma
655 2503 932 2569 delectari,
953 2512 1013 2556 ut
1039 2503 1084 2556 si
1109 2503 1234 2572 quis
1267 2503 1532 2572 navigans
1560 2517 1808 2572 spumam
1839 2519 2004 2558 manu

438 2602 638 2660 teneat,
667 2594 754 2647 ille
775 2593 961 2646 manui
991 2591 1244 2647 insideat.
1279 2591 1426 2648 Parit
1452 2595 1616 2649 etiam
1645 2579 1768 2650 cum
1793 2595 2002 2650 dolore.

503 2771 712 2828 NoviSti
761 2775 882 2844 ejus
931 2775 1222 2839 damnum;
1257 2787 1387 2827 cave
1413 2773 1598 2842 itaque
1631 2789 1700 2828 ne
1739 2773 2000 2842 concupi-

433 2864 698 2944 scentiam
727 2864 1012 2932 admittas;
1039 2879 1190 2920 mors
1218 2865 1361 2918 enim
1391 2865 1511 2934 ejus
1539 2865 1866 2922 immortalis
1893 2875 1997 2920 est.

430 2956 736 3027 Caeteroqui
789 2958 1039 3013 vulnerat
1079 2956 1298 3026 quidem
1357 2956 1741 3020 sermonibus,
1801 2957 2002 3012 occidit

430 3066 559 3106 vero
606 3051 843 3120 peccatis
884 3066 978 3106 eos
1007 3052 1100 3121 qui
1151 3052 1252 3108 sibi
1301 3053 1601 3124 indulgent.
1643 3051 1778 3106 Nam
1829 3053 1998 3108 multa

2133 569 2259 623 ὅταν
2289 572 2346 625 δὲ
2375 574 2472 644 οὐχ
2503 575 2685 639 ἁπλῶς
2725 578 3131 654 ἐγκείμενονῇ,
3159 585 3294 638 ἀλλά
3329 588 3416 640 καὶ
3443 569 3640 645 ἀποδεδε-

2137 663 2320 734 μένον,
2359 666 2419 718 οὐ
2453 668 2714 740 πρότερον
2741 669 3113 736 ἐξελεύσεται,
3153 676 3258 739 ἓως
3291 679 3450 748 ἐαυτῷ
3473 683 3640 752 ποιήσει

2131 755 2389 820 διέξοδον·
2423 761 2452 812 6
2472 759 2579 832 γὰρ
2622 761 2744 815 ἰδὼν
2783 767 3036 831 γυναῖκα,
3070 769 3120 820 εί
3150 769 3246 822 καὶ
3283 769 3526 839 διέφυγεν,
3551 774 3638 826 ἀλλ’

2131 846 2228 898 οὐκ
2261 846 2554 918 ἐπιθυμίας
2603 850 2840 922 καθαρὸς
2889 854 3230 927 ἀνεχώρησε·
3267 859 3318 911 τί
3356 855 3406 912 δὲ
3429 861 3509 914 δεῖ
3537 880 3642 930 πρα-

2130 939 2388 1008 γμάτων,
2443 941 2614 1012 παρὸν
2666 944 3036 1015 ἀπραγμόνως
3083 953 3404 1020 σωφρονεῖνς
3447 953 3563 1024 Ὅρα
3599 955 3639 1006 τί

2130 1033 2291 1102 φησὶν
2322 1034 2349 1084 6
2396 1033 2542 1086 Ἰὼϐ·
2579 1037 2880 1104 Διαθήκην
2909 1039 3187 1109 διεθέμην
3225 1042 3348 1108 τοῖς
3375 1044 3640 1115 ὀφθαλμοῖς

2123 1140 2263 1191 μου,
2293 1124 2399 1176 τοῦ
2434 1125 2519 1193 μὴ
2567 1127 2932 1196 κατανοῆσαι
2966 1131 3220 1201 γυναῖκα
3259 1134 3553 1202 ἀλλοτρίαν
3565 1137 3616 1169 ⁸³·

2126 1211 2297 1277 οὕτως
2343 1210 2450 1267 οἶδε
2491 1217 2587 1286 τὴν
2634 1218 2734 1288 τῆς
2779 1221 3041 1292 ἐπηρείας
3083 1223 3267 1293 ἰσχύν·
3302 1225 3391 1277 καὶ
3415 1227 3441 1278 ὁ
3477 1226 3642 1292 Παῦλος

2125 1305 2181 1356 δὲ
2221 1305 2410 1359 τούτου
2457 1307 2641 1362 ἕνεκεν
2675 1311 2935 1376 ὑπεπίεξε
2981 1314 3041 1366 τὸ
3073 1315 3234 1386 σῶμα
3270 1317 3364 1370 καὶ
3393 1318 3642 1390 ἐδουλαγὼ-

2125 1415 2243 1466 γει·
2277 1398 2417 1452 κατὰ
2445 1400 2502 1452 δέ
2533 1399 2784 1474 θεωρίαν,
2821 1405 3186 1476 ἀποδεσμεύει
3214 1408 3325 1480 πῦρ
3359 1410 3412 1461 ἐν
3447 1411 3644 1482 κόλπῳὸ

2126 1488 2424 1560 συγχωρῶν
2447 1491 2758 1563 ἀκάθαρτον
2801 1493 3058 1566 λογισμὸν
3100 1497 3431 1568 ἐγχρονίζειν
3459 1503 3514 1570 τῇ
3541 1519 3643 1572 acap-

2122 1579 2207 1651 δίᾳ
2227 1597 2238 1609 ·
2275 1586 2564 1652 περιπατεί
2595 1584 2652 1636 δὲ
2689 1586 2873 1639 ἐπάνω
2907 1585 3212 1659 ἀνθράκων,
3245 1593 3274 1642 6
3315 1590 3404 1644 διὰ
3437 1592 3526 1662 τῆς
3551 1595 3642 1646 κατ’

2123 1672 2403 1743 ἐνέργειαν
2439 1676 2711 1747 ἁμαρτίας
2740 1677 2838 1748 τὴν
2867 1679 3312 1734 ίδίανάπολλύων
3339 1682 3520 1754 ψυχήν.

2185 1856 2229 1886 ⁵ο
2256 1839 2504 1926 Κέμφοξ
2525 1859 2672 1911 ἐστὶν
2723 1855 2862 1923 εἶδος
2893 1859 3079 1933 λάρου,
3128 1863 3188 1926 ὃς
3217 1863 3392 1928 οὕτως
3437 1864 3648 1936 ἀκρατῶς

2114 1943 2225 2016 ἔχει
2283 1947 2416 2016 πρὸς
2463 1947 2672 2018 ἡδονὴν,
2727 1950 2802 2013 ὡς
2853 1953 3083 2023 αἵματος
3135 1955 3471 2028 πληροῦσθαι
3509 1956 3646 2008 δοκεῖν

2113 2038 2235 2100 τοὺς
2281 2039 2597 2110 ἀφθαλμοὺς
2631 2044 2690 2094 ἐν
2731 2043 2808 2113 τῷ
2849 2043 3088 2114 ὀχεύειν·
3125 2048 3219 2100 καὶ
3251 2049 3496 2102 λανθάνει
3526 2049 3648 2102 ἀναι-

2115 2129 2324 2202 σθητῶν
2374 2131 2587 2203 βρόχοις
2637 2133 2954 2207 πολλάκιςγῆ
2993 2137 3150 2210 χερσὶ
3210 2141 3542 2212 περιπίπτων
3574 2141 3648 2192 ἀν-

2113 2215 2377 2286 θρώπων·
2427 2219 2600 2289 τούτῳ
2636 2216 2728 2274 οὖν
2775 2222 2866 2274 τὸν
2913 2225 3338 2297 προστιθέμενον
3388 2232 3452 2300 τῇ
3481 2229 3650 2300 πόρνῃ,

2109 2308 2176 2359 δι’
2208 2308 2504 2363 ἀκολασίαν
2561 2312 2894 2366 ἀπείκασεν·
2933 2315 2965 2386 ἢ
3011 2316 3100 2372 διὰ
3131 2318 3226 2372 τοῦ
3277 2320 3418 2391 ζῴου
3461 2319 3647 2391 εὔηθες·

2111 2399 2204 2454 καὶ
2231 2400 2342 2472 γὰρ
2374 2403 2467 2454 καὶ
2493 2394 2650 2466 οὗτος
2675 2403 2752 2468 ὡς
2779 2404 2968 2478 ἄφρων
2997 2409 3408 2482 ἐπηκολούθησε
3425 2429 3437 2442 ·
3473 2411 3590 2480 φασὶ
3609 2409 3652 2462 δέ

2108 2491 2268 2544 αὐτὸν
2310 2493 2564 2548 τοσοῦτον
2614 2495 2824 2566 χαίρειν
2864 2499 3049 2570 ἀφρῷ,
3104 2500 3244 2554 ὥστε
3289 2504 3348 2555 εἷ’
3369 2522 3458 2568 ’τις
3505 2503 3652 2556 πλέων

2109 2585 2280 2656 ἀφρὸν
2313 2585 2404 2638 ἐπὶ
2443 2587 2622 2657 χειρὸς
2663 2586 2772 2653 ἕξει
2794 2629 2808 2654 ,
2845 2591 3171 2664 ἐπικάθηται
3201 2599 3268 2667 τῇ
3299 2599 3480 2668 χειρί·
3507 2597 3653 2650 τίκτει

2105 2677 2162 2730 δὲ
2195 2678 2288 2730 καὶ
2325 2679 2382 2731 ἐν
2409 2678 2594 2751 ὀδύνῃ.

2178 2770 2222 2802 ⁶¹
2249 2766 2403 2834 Εἶδες
2430 2771 2600 2844 αὐτῆς
2621 2772 2720 2844 τὴν
2749 2773 2950 2846 βλάϐην
2970 2791 2982 2804 ·
3012 2777 3086 2848 μὴ
3108 2777 3413 2854 ἀναμείνῃς
3436 2779 3654 2846 δέξαώαι

2103 2862 2201 2933 τὴν
2255 2864 2579 2935 ἐπιθυμίαν·
2629 2866 2896 2932 ἀθάνατος
2949 2869 3060 2941 γὰρ
3111 2872 3284 2942 αὐτῆς
3345 2877 3379 2946 ἠ
3429 2875 3652 2942 τελευτή·

2104 2956 2277 3020 ἄλλως
2332 2959 2387 3010 δέ
2437 2957 2728 3030 τιτρώσκει
2781 2961 2876 3031 μὲν
2929 2961 3139 3031 λόγοις,
3208 2966 3329 3034 ἤτοι
3373 2967 3654 3036 λογισμοῖς,

2105 3046 2317 3115 φονεύει
2351 3047 2407 3099 δέ
2440 3049 2558 3111 ταῖς
2600 3049 2895 3122 ἁμαρτίαις
2927 3053 3053 3115 τοὺς
3081 3053 3474 3123 πειθομένους·
3515 3053 3655 3106 πολλὰ

425 3143 681 3213 nequitia:
710 3158 906 3214 genera
935 3145 1130 3200 stultos
1164 3145 1232 3200 ad
1263 3144 1476 3200 inferna
1520 3145 1814 3201 deducunt.
1848 3145 1994 3202 Con-

2115 3137 2211 3209 γάρ
2237 3138 2350 3209 εἴδη
2381 3139 2577 3203 κακίας
2613 3141 2738 3204 τοὺς
2769 3141 3026 3213 ἀνοήτους
3057 3146 3136 3208 είς
3173 3144 3300 3215 ᾅδου
3343 3148 3650 3214 κατάγοντα·

422 3237 596 3291 clavia
648 3237 872 3301 mortis,
922 3236 1006 3291 vel
1051 3235 1430 3307 profunditas,
1461 3238 1544 3292 vel
1589 3237 1811 3293 divitiae.
1859 3237 1993 3306 Quis

423 3343 552 3399 ergo
579 3327 832 3399 effugiet?

495 3421 702 3476 Novam
737 3421 1105 3486 Hierusalem,
1155 3431 1400 3478 sanctam
1435 3437 1656 3478 carnem
1704 3423 1855 3480 dicit.
1887 3424 1996 3480 Co-

421 3495 638 3568 lumnas
665 3523 894 3582 septem,
929 3514 1296 3583 septenarium
1345 3515 1519 3570 sancti
1553 3513 1792 3585 Spiritus
1831 3515 1886 3569 in
1931 3531 1996 3570 ea

421 3607 778 3675 quiescentis.
821 3605 995 3660 Veluti
1045 3613 1277 3661 testatur
1320 3604 1490 3660 Isaias
1526 3607 1748 3662 dicens:
1791 3606 1994 3662 Immo-

417 3693 548 3746 lavit
585 3693 826 3746 victimas
859 3711 1005 3748 suas.

487 3785 905 3850 Animadverte,
955 3795 1205 3855 oportere
1261 3787 1561 3855 sapientem
1625 3789 1812 3844 multis
1873 3807 1993 3846 esse

419 3877 643 3942 utilem;
689 3877 824 3932 adeo
861 3885 920 3930 ut
957 3878 1051 3946 qui
1103 3877 1252 3932 utilis
1302 3878 1406 3931 sibi
1452 3879 1554 3933 soli
1598 3887 1715 3944 est,
1763 3893 1872 3934 non
1921 3881 1991 3934 sit

420 3969 657 4040 sapiens.
697 3967 864 4024 Valde
890 3969 1034 4024 enim
1087 3969 1425 4038 improbatur
1457 3972 1743 4040 sapientia,
1790 3972 1834 4026 si
1879 3973 1988 4027 vim

417 4079 572 4117 suam
599 4062 666 4116 ad
691 4078 860 4116 unum
893 4063 978 4118 sui
1023 4060 1392 4132 possidentem
1441 4063 1668 4134 redigat.
1699 4061 1852 4120 Sient
1898 4083 1990 4120 νου

415 4171 617 4211 aenum
661 4171 770 4210 non
813 4164 898 4212 est
941 4156 1166 4210 noxium
1221 4157 1376 4212 alteri
1419 4159 1665 4227 corpori,
1721 4161 1816 4214 sed
1849 4163 1989 4216 reci-

415 4249 588 4317 pienti
611 4248 1027 4312 tantummodo;
1058 4249 1133 4302 ita
1160 4251 1252 4319 qui
1291 4249 1354 4303 ﬁt
1381 4250 1682 4318 improbus,
1715 4267 1775 4306 se
1805 4252 1985 4322 ipsum

413 4341 578 4408 laedit,
611 4355 722 4394 non
749 4341 941 4395 alium.
967 4338 1137 4395 Nemo
1157 4341 1356 4411 quippe
1385 4341 1586 4396 virtute
1609 4344 1887 4411 praeditus,
1918 4347 1985 4400 ab

413 4432 664 4502 improbo
697 4432 932 4486 laeditur.

2099 3233 2300 3302 ταμεΐα
2331 3232 2387 3285 δέ
2423 3231 2673 3292 θανάτου,
2707 3233 2738 3304 ἢ
2783 3234 2843 3287 τὸ
2871 3234 3034 3304 βάθος
3075 3237 3106 3306 ἢ
3147 3239 3176 3288 ὁ
3221 3238 3454 3302 πλοῦτος
3482 3237 3654 3292 αὐτοῦ·

2099 3323 2216 3386 πῶς
2248 3320 2339 3378 οὖν
2374 3323 2490 3378 ἔστι
2523 3325 2838 3394 διαφυγεῖν;

2169 3415 2214 3446 ⁸²
2249 3416 2360 3486 Τὴν
2390 3415 2514 3469 νέαν
2529 3415 2878 3489 Ἰερουσαλὴμ
2911 3421 3006 3473 καὶ
3029 3421 3188 3488 ἁγίαν
3211 3423 3396 3493 σάρκα
3415 3443 3430 3456 ·
3463 3423 3658 3484 στύλους

2097 3505 2256 3568 ἑπτὰ,
2300 3506 2398 3578 τὴν
2433 3505 2698 3578 ἐϐδομάδα
2733 3508 2826 3561 τοῦ
2870 3511 3025 3578 ἁγίου
3061 3513 3386 3584 Πνεύματος
3427 3519 3512 3570 ἐπ’
3541 3516 3656 3584 αὐτῇ

2096 3597 2532 3667 ἀναπαυομένου,
2568 3601 2839 3670 ἐσήμανε·
2879 3601 3062 3666 καθὼς
3099 3605 3328 3670 Ἡσαΐας
3373 3609 3656 3680 μαρτυρεῖ,

2095 3688 2268 3756 λέγων
2287 3706 2298 3718 ·
2337 3689 2602 3758 Ἔσςραξε
2629 3692 2698 3746 τὰ
2723 3692 2944 3761 ἑαυτῆς
2967 3695 3214 3763 θύματα.

2166 3781 2211 3811 ⁵³
2243 3779 2555 3851 Σημείωσαι
2584 3783 2665 3835 ὅτι
2697 3783 2787 3836 τὸν
2820 3785 2979 3853 σοφὸν
3005 3785 3218 3850 πολλοῖς
3241 3785 3385 3844 εἶναι
3417 3792 3660 3864 χρήσιμον

2094 3872 2384 3938 ἀναγκαῖον
2405 3889 2418 3900 ·
2459 3871 2534 3935 ὡς
2557 3874 2584 3925 ὃ
2618 3891 2679 3940 γε
2713 3873 2891 3944 ἑαυτῷ
2923 3877 3191 3948 χρήσιμος
3234 3879 3422 3948 μόνον,
3459 3883 3558 3934 οὐκ
3585 3879 3658 3947 εἴη

2095 3963 2291 4030 σοφός·
2327 3962 2495 4034 πολλὴ
2525 3963 2632 4035 γὰρ
2679 3964 2776 4035 τῆς
2817 3966 3010 4035 σοφίας
3057 3973 3400 4043 κατηγορία,
3439 3976 3488 4026 εξ
3520 3971 3662 4044 μέχρι

2090 4049 2185 4104 τοῦ
2215 4053 2553 4122 κεκτημένου
2595 4051 2692 4121 τὴν
2719 4053 2948 4124 δύναμιν
2978 4055 3086 4122 ἕξει
3107 4075 3120 4088 ·
3155 4059 3346 4132 ὥσπερ
3381 4063 3444 4116 δὲ
3481 4063 3554 4124 ἰὸς
3576 4063 3660 4113 οὐκ

2091 4140 2155 4194 ἂν
2183 4141 2266 4212 εἴη
2304 4141 2564 4213 βλαϐερὸς
2615 4145 2788 4215 ἑτέρῳ
2821 4144 3052 4216 σώματι,
3098 4148 3233 4204 ἀλλὰ
3277 4151 3360 4221 τῷ
3401 4152 3664 4224 δεχομένῳ

2093 4231 2266 4302 μόνῳ·
2305 4231 2475 4296 οὕτως
2509 4235 2601 4286 καὶ
2648 4236 2676 4286 6
2717 4235 2926 4300 ἀποϐὰς
2969 4238 3170 4306 κακὸς,
3219 4243 3414 4296 ἑαυτὸν
3463 4243 3660 4314 βλάψει,

2088 4321 2186 4374 οὐκ
2219 4323 2408 4378 ἄλλον·
2454 4325 2628 4389 οὐδεὶς
2675 4328 2784 4398 γὰρ
2829 4329 3082 4402 ἐνάρετος
3129 4334 3281 4406 ποιρά
3331 4337 3512 4390 κακοῦ
3551 4336 3666 4408 βλά-

2090 4431 2300 4468 πτεται.

479 4498 713 4577 Fructus
737 4522 962 4591 justitiae
991 4529 1044 4576 et
1079 4522 1242 4577 arbor
1268 4523 1408 4588 vitae,
1438 4523 1688 4580 Christus
1713 4535 1798 4581 est
1824 4545 1837 4593 ;
1886 4527 1978 4596 qui

2160 4507 2206 4538 “
2235 4508 2461 4578 Καρπδς
2484 4509 2830 4583 δικαιοσύνης
2848 4514 2943 4566 καὶ
2966 4514 3178 4585 δένδρον
3202 4515 3367 4588 ζωῆς,
3387 4522 3418 4572 ό
3439 4518 3664 4592 Χριστός

410 4624 681 4684 quatenus
717 4615 880 4670 homo
910 4617 1310 4680 tantummodo,
1333 4633 1550 4672 omnem
1571 4618 1840 4686 justitiam
1879 4619 1982 4672 im-

408 4707 607 4776 plevit;
642 4715 696 4762 et
728 4714 986 4774 tanquam
1015 4716 1204 4774 suapte
1238 4708 1369 4773 vita,
1399 4708 1645 4764 scientiae
1679 4720 1735 4764 et
1762 4711 1980 4765 virtutis

408 4797 621 4851 fructus
681 4797 838 4865 quasi
902 4795 1063 4849 arbor
1115 4796 1378 4864 protulit,
1431 4798 1575 4852 unde
1635 4799 1980 4856 comedentes

351 4918 356 4924 ·
407 4889 571 4944 vitam
607 4897 868 4943 aeternam
898 4888 1210 4958 acquirent,
1251 4897 1304 4942 et
1347 4889 1566 4944 vitalem
1596 4892 1836 4960 paradisi
1887 4909 1978 4946 ar-

406 4982 592 5036 borem
621 4981 936 5050 gustabunt,
993 4995 1118 5036 cum
1154 4979 1364 5034 Adamo
1407 4989 1462 5035 et
1493 4984 1747 5038 omnibus
1790 4985 1975 5054 justis.

406 5071 473 5122 At
489 5069 684 5123 anima:
706 5077 1048 5138 peccatorum
1073 5068 1420 5137 abripiuntur
1446 5071 1754 5128 immaturae
1777 5091 1809 5128 a
1833 5075 1972 5132 facie

407 5159 500 5217 Dei
549 5161 642 5230 qui
672 5175 766 5215 eas
792 5160 1151 5216 derelicturus
1179 5172 1262 5217 est
1284 5163 1338 5217 in
1379 5165 1634 5218 tormenti
1666 5167 1816 5236 igne.

475 5317 589 5374 Non
621 5319 904 5374 hominum
933 5320 1026 5374 sed
1057 5319 1150 5374 Dei
1185 5320 1364 5388 potius
1396 5323 1629 5390 gratiam
1667 5324 1929 5382 inveniat.

475 5499 570 5558 Hic
617 5503 913 5572 interrogat
959 5503 1314 5570 sapientiam,
1361 5505 1453 5573 qui
1503 5505 1837 5563 voluntatem
1871 5509 1966 5564 Dei

475 5715 538 5746 ιε·
572 5711 674 5768 Job
695 5729 848 5790 x1515],
877 5714 942 5790 IL
1033 5715 1078 5746 ⁵ο
1108 5730 1348 5790 cavan,
1381 5719 1470 5773 22.
1495 5723 1648 5774 —A.
1683 5723 1719 5776 f.
1747 5723 1834 5790 57,
1869 5725 1922 5779 b.

405 5782 449 5816 ³³
486 5796 596 5854 cap.
647 5785 832 5848 tx,12.
906 5785 952 5818 ⁵⁸
973 5801 1092 5856 cap.
1121 5782 1197 5855 xu,
1225 5788 1477 5845 50,—A.
1504 5791 1540 5847 f.
1568 5793 1656 5860 55,
1682 5793 1733 5849 b.

2042 5728 2084 5758 δι
2119 5743 2170 5782 v.
2197 5729 2451 5784 96.——A.
2475 5730 2513 5783 f.
2539 5731 2627 5797 58,
2659 5747 2710 5787 a.
2813 5734 2856 5765 ⁵³
2879 5750 2998 5797 cap.
3027 5753 3105 5797 ιιι.
3135 5737 3349 5794 l.—A.
3399 5737 3446 5792 f.

1838 5797 1883 5827 "
1915 5811 2034 5866 cap.
2063 5815 2160 5867 xu,
2187 5799 2240 5852 ‘2.
2263 5829 2330 5839 ——
2353 5801 2416 5854 A.
2445 5799 2482 5854 f.
2511 5801 2596 5867 56,
2627 5817 2679 5860 a.
2757 5806 2802 5836 “
2835 5797 2963 5875 cap.-
2983 5797 3112 5874 xvu,
3141 5809 3231 5863 26.
3255 5808 3456 5863 -A.f.
3495 5809 3530 5860 7

2090 4598 2238 4650 ἐστιν
2258 4614 2269 4626 ·
2298 4599 2326 4650 6
2359 4598 2516 4668 μόνος
2547 4600 2903 4673 ἀνθρωπίνως
2940 4607 3119 4658 πᾶσαν
3149 4606 3510 4681 δικαιοσύνην
3543 4609 3666 4679 πληο

2093 4685 2302 4756 ρὼσας·
2356 4690 2451 4741 καὶ
2496 4691 2572 4755 ὡς
2623 4689 2872 4765 αὐτοζωὴ
2925 4697 3052 4759 τοὺς
3103 4699 3202 4768 τῆς
3261 4700 3526 4768 γνώσεως
3581 4701 3666 4755 καὶ.

2088 4779 2290 4850 ἀρετῆς
2333 4779 2581 4853 καρποὺς
2626 4783 2700 4846 ὡς
2747 4784 2961 4857 δένδρον
3006 4787 3374 4862 ἐϐλάστησεν,
3429 4795 3494 4860 ἐξ
3523 4789 3583 4847 οὗ
3621 4794 3664 4844 οξ

2087 4869 2358 4934 ἐσθίοντες
2377 4872 2636 4937 ἀειζωῖαν
2653 4874 2933 4946 λήψονται,
2955 4881 3046 4932 καὶ
3075 4879 3169 4932 τοῦ
3209 4885 3546 4953 παραδείσου
3581 4883 3662 4936 τοῦ

2083 4963 2299 5035 δένδρου
2325 4965 2424 5034 τῆς
2445 4965 2592 5046 Coti};
2615 4969 3033 5034 ἀπολαύσονται,
3067 4973 3165 5026 σὺν
3205 4973 3374 5046 Ἀδὰμ
3399 4978 3504 5030 καὶ
3543 4978 3666 5028 πᾶσι

2082 5059 2194 5118 τοῖς
2219 5055 2448 5121 δικαίοις
2465 5075 2476 5087 ·
2514 5062 2568 5111 αἱ
2595 5059 2651 5112 δὲ
2675 5060 2780 5113 τῶν
2809 5064 3138 5133 παρανόμων
3175 5064 3343 5136 ψυχαὶ
3367 5067 3665 5140 ἀφαιροῦν-

2083 5165 2173 5199 ται
2202 5149 2300 5218 μὲν
2325 5150 2489 5221 ἄωροι
2521 5151 2586 5204 ἐκ
2617 5152 2908 5222 προσώπου
2937 5153 3030 5207 τοῦ
3063 5155 3219 5220 Θεοῦ,
3249 5158 3398 5231 παρά
3441 5161 3509 5213 τὸ
3535 5177 3670 5230 παρ-

2085 5241 2215 5310 ορᾷν
2244 5241 2407 5304 αὐτὸς
2438 5243 2635 5305 αὐτοὺς
2655 5244 2712 5296 ἐν
2746 5247 2810 5315 τῇ
2838 5245 2994 5315 φλογὶ
3017 5249 3116 5319 τῆς
3141 5249 3394 5318 βασάνου.

2155 5334 2200 5364 ⁵⁵
2237 5334 2310 5386 Οὐ
2338 5333 2488 5404 παρά
2516 5335 2837 5407 ἀνθρώπων,
2859 5339 2992 5393 ἀλλά
3017 5341 3167 5412 παρά
3185 5342 3266 5414 τῷ
3291 5343 3414 5414 Θεῷ
3435 5343 3672 5413 δύναμιν

2083 5423 2238 5495 εὕρῃ.

2156 5518 2202 5548 ⁵⁸
2235 5509 2400 5582 Οὗτος
2449 5521 2628 5590 ἐρωτᾷ
2677 5522 2903 5588 σοφίαν,
2946 5525 2974 5576 6
3016 5524 3218 5594 γνῶναι
3263 5526 3446 5596 ζητῶν
3507 5527 3566 5580 τί
3615 5523 3673 5576 τὸ

3483 5739 3560 5792 43

3539 5757 3584 5802 πυ.

3537 5809 3590 5874 7.

3617 5753 3668 5790 3.

2813 5734 2856 5765 ⁵³
2879 5750 2998 5805 cap.
3027 5753 3105 5802 ιιι,
3135 5737 3349 5794 l.—A.
