3836 6496
442 346 546 399 ὁὶὖ

1310 337 1366 393 S.
1401 336 1767 392 IIlPPOLYTl
1805 335 1953 388 OPP.
2009 331 2186 385 PARS
2218 332 2258 386 l.
2291 362 2359 372 —
2402 331 2810 387 EXEGETICA.
3046 280 3053 283 μ
3542 338 3626 395 (:34

440 477 567 516 eum
617 456 767 514 corvi
822 458 888 512 de
940 454 1204 518 vallibus;
1265 452 1461 521 impuri
1517 450 1723 506 scilicet
1774 447 2012 514 malique

2136 443 2444 512 ,κκόψαισαν
2475 444 2633 497 αὑτὸν
2687 444 2919 512 κόρακες
2965 443 3029 497 ἐκ
3080 445 3188 498 τῶν
3240 446 3543 517 φαράγγων,
3573 454 3627 505 τὰ

440 553 669 624 spiritus
694 550 952 606 visualem
976 548 1173 602 laetitia:
1202 544 1443 606 oculum,
1462 557 1697 613 eumque
1723 540 2011 596 comedant

441 646 575 718 pulli
618 645 963 714 aquilarum:
997 656 1188 710 nempe
1221 639 1314 709 qui
1356 646 1483 694 sunt
1528 635 1831 707 ejusmodi,
1875 648 2009 689 con-

438 740 725 796 calcentur
755 737 987 807 pedibus
1017 744 1352 790 sanctorum.

517 918 645 972 Tria
681 932 774 987 ego
824 914 1112 983 intelligere
1161 927 1386 981 nequeo,
1426 921 1474 963 et
1514 919 1759 977 quartum
1808 906 2011 975 penitus

440 1017 668 1086 ignoro:
720 1010 1000 1078 vestigium
1044 1005 1236 1076 aquila:
1275 1004 1537 1065 volantis;
1573 1016 1765 1070 nempe
1807 998 2012 1053 Christi

441 1120 754 1163 ascensum.
787 1101 942 1155 Viam
971 1099 1221 1166 serpentis
1254 1097 1307 1149 in
1334 1105 1518 1165 petra;
1548 1109 1737 1161 nempe
1764 1090 2013 1145 diabolus

445 1215 554 1253 non
587 1196 793 1251 invenit
828 1194 1034 1264 peccati
1060 1190 1346 1261 vestigium
1376 1190 1429 1241 in
1457 1202 1681 1256 corpore
1702 1185 1923 1240 Christi.
1950 1181 2015 1236 Et

444 1291 687 1343 semitam
717 1287 862 1340 navis
894 1300 1037 1337 mare
1062 1284 1428 1345 decurrentis;
1457 1296 1649 1347 nempe
1681 1277 1935 1332 Ecclesiae
1958 1277 2013 1328 in

445 1383 610 1453 hujus
639 1380 827 1434 mundi
866 1378 1055 1446 pelago
1099 1374 1430 1437 fluctuantis,
1483 1383 1536 1426 et
1566 1372 1637 1425 ob
1680 1385 1828 1439 spem
1858 1383 2011 1421 suam

447 1474 499 1526 in
533 1471 812 1526 Christum
849 1484 880 1521 a
919 1482 1081 1521 cruce
1109 1466 1265 1535 quasi
1300 1461 1670 1534 gubernaculo
1702 1470 1880 1512 rectze.
1915 1456 2017 1510 Dc-

446 1566 610 1634 nique
643 1564 754 1615 vias
795 1561 894 1615 viri
943 1561 997 1612 in
1047 1557 1421 1621 adolescentia,
1456 1555 1602 1608 illius
1632 1552 1889 1605 nimirum
1924 1548 2014 1617 qui

446 1672 512 1711 ex
544 1653 752 1725 Spiritu
785 1659 975 1706 sancto
1004 1660 1056 1703 et
1085 1648 1304 1718 Virgine
1334 1656 1495 1701 natus
1521 1654 1621 1699 est.
1673 1643 1810 1696 Ecce
1837 1643 2013 1706 enim,

448 1748 621 1817 inquit
652 1745 955 1813 Scriptura,
982 1743 1062 1795 vir
1095 1742 1183 1795 cui
1215 1755 1409 1794 nomen
1432 1738 1648 1796 Oriens.

518 1840 667 1895 Talis
691 1848 774 1893 est
796 1837 880 1891 via
912 1833 1155 1889 mulieris
1178 1832 1457 1892 adultcrzr,
1491 1845 1613 1900 qua:
1644 1830 1736 1883 ubi
1773 1844 1885 1882 rem
1920 1843 2014 1896 pa-

447 1936 627 1995 travit,
663 1933 978 2000 abstergens
1007 1943 1084 1990 se,
1114 1925 1249 1979 nihil
1278 1924 1353 1978 ait
1384 1938 1442 1978 se
1473 1922 1599 1976 mali
1635 1922 1832 1991 egisse.
1860 1919 2019 1974 Vide-

446 2026 573 2078 licet
605 2024 675 2076 ita
702 2037 763 2076 se
787 2019 953 2088 gessit
981 2016 1243 2079 Ecclesia,
1269 2029 1391 2084 quae
1421 2022 1708 2083 postquam
1741 2027 1864 2066 cum
1900 2010 2018 2063 ido—

448 2118 516 2172 lis
539 2115 804 2170 fornicata
835 2112 1030 2174 fuerat,
1053 2108 1138 2161 his
1167 2106 1559 2160 abrenuntians
1587 2113 1749 2172 atque
1775 2103 2012 2166 diabolo,

447 2219 501 2264 et
545 2216 769 2277 peccato
816 2204 995 2267 eluto,
1039 2201 1306 2268 veniaque
1348 2199 1675 2267 impetrata,
1732 2195 1864 2249 nulli
1902 2195 2015 2264 jam

449 2301 627 2372 inquit
655 2296 910 2370 pravitati
938 2310 996 2349 se
1026 2293 1317 2347 obnoxiam
1352 2289 1601 2344 allirmat.

520 2479 621 2537 Per
651 2478 755 2532 tria
784 2483 1034 2529 movetur
1075 2480 1218 2526 terra
1245 2487 1260 2523 :
1294 2483 1488 2535 nempe
1516 2483 1613 2537 per
1641 2466 1853 2520 Patrem
1874 2505 1888 2529 ,
1931 2463 2023 2518 Fi-

451 2572 583 2624 lium
625 2576 679 2622 et
724 2566 988 2635 Spiritum
1016 2571 1289 2618 sanctum.
1319 2559 1383 2613 Et
1417 2568 1675 2629 quartum
1704 2573 1813 2611 non
1846 2564 2023 2626 potest

452 2666 758 2729 sustinere,
807 2662 861 2716 id
895 2668 980 2715 est
1011 2668 1344 2728 postremum
1376 2655 1581 2709 Christi
1614 2654 1928 2707 adventum.
1954 2681 2023 2690 —

454 2761 511 2817 Si
545 2774 737 2815 servus
766 2754 1097 2825 regnaverit.
1136 2751 1301 2806 Israel
1331 2749 1386 2803 in
1422 2748 1655 2819 Egypto
1693 2763 1884 2803 servus
1910 2786 1924 2809 ,
1967 2747 2020 2800 in

453 2852 676 2924 regione
727 2846 997 2919 promissa
1059 2851 1335 2914 regnator.
1402 2871 1473 2881 —
1524 2840 1736 2895 Stultus
1794 2838 2023 2909 dapibus

452 2946 667 3016 plenus.
715 2940 817 2995 Hic
870 2938 1078 2994 scilicet
1120 2934 1278 2990 facile
1325 2935 1603 3004 regionem
1654 2933 1916 3001 adeptus,
1970 2939 2024 2984 e:

454 3035 743 3093 comedens
763 3072 778 3097 ,
825 3042 987 3100 atque
1017 3027 1252 3097 repletus
1272 3065 1286 3088 ,
1317 3024 1697 3079 recaleitravit.
1735 3052 1794 3063 -—
1819 3022 1885 3076 Et
1919 3038 2020 3077 an-

2114 535 2399 607 ἁκάθαρτα
2436 537 2529 589 καὶ
2550 538 2762 609 πονηρὰ
2787 536 3072 607 πνεύματα
3096 578 3110 600 ,
3149 536 3212 590 τὸ
3236 537 3513 610 διορατικὸν
3551 544 3626 615 τῆς

2114 626 2448 698 εὐφροσύνης
2498 626 2683 705 ὅμμας
2728 628 2821 681 καὶ
2854 629 3221 696 καταφάγοιεν
3269 630 3419 683 αὑτὸν
3462 638 3630 688 νεοσσοὶ

2113 716 2285 769 ἀετῶν
2303 733 2316 746 ο
2346 718 2441 771 καὶ
2473 720 2977 789 καταπεπατημένα
3021 721 3232 775 ἔσονται
3282 724 3387 785 τοῖς
3412 725 3521 777 ποσὶ
3547 727 3631 778 τῶν

2116 810 2309 879 ἁγίων.

2186 901 2227 931 ⁶¹
2290 901 2426 968 Τρία
2470 902 2641 954 ἐστὶν
2689 902 2955 955 ἀδύνατά
2999 921 3097 971 μοι
3146 892 3394 971 νοῆσαι,
3449 908 3533 960 καὶ
3581 908 3632 960 τὸ

2115 992 2394 1061 τέταρτον
2417 996 2526 1047 οὐκ
2550 994 2919 1063 ἐπιγινώσκει)
2938 1012 2950 1024 ·
2976 997 3114 1065 ἴχνη
3140 997 3316 1050 ἀετοῦ
3338 1002 3633 1067 πετομένου.

2115 1087 2206 1140 τοῦ
2250 1085 2484 1157 Χριστοῦ
2518 1086 2613 1157 τὴν
2668 1087 2951 1157 ἀνάληψιν.
3001 1090 3111 1141 Καὶ
3140 1088 3317 1154 ὀδοὺς
3354 1089 3522 1157 ὄφεως
3558 1092 3633 1143 ἐπὶ

2116 1179 2352 1246 πέτραςο
2382 1180 2408 1229 ὁ
2445 1176 2685 1240 διάϐολος
2714 1178 2811 1247 ούχ
2854 1172 3010 1249 εὗρεν
3051 1178 3194 1248 ἴχνος
3223 1181 3479 1251 ἁμαρτίας
3511 1182 3558 1233 ἐν
3576 1182 3639 1251 τῲ

2117 1268 2327 1340 σώματι
2364 1269 2455 1322 τοῦ
2495 1270 2752 1339 Χριστοῦ.
2794 1271 2903 1323 Καὶ
2930 1272 3166 1338 τρίϐους
3207 1271 3354 1338 νηὸς
3392 1289 3638 1327 ποντοπο-

2108 1363 2476 1432 ροι¹νσης,τῆς
2506 1363 2824 1433 Ἐκκλησίας
2855 1364 2926 1426 ὡς
2947 1365 3002 1416 ἐν
3032 1364 3252 1431 πελάγει
3274 1363 3350 1434 τῷ
3374 1364 3463 1435 βίῳ
3482 1367 3639 1437 τούτῳ,

2118 1458 2181 1526 τῇ
2214 1457 2292 1519 εἰς
2317 1457 2548 1525 Χριστὸν
2570 1456 2746 1507 ἐλπίδι
2764 1455 2852 1508 διὰ
2871 1454 2964 1507 τοῦ
2998 1455 3229 1526 σταυροῦ
3252 1455 3639 1529 κυϐερνωμέῃς.

2119 1549 2228 1602 Καὶ
2271 1549 2449 1614 ὁδοὺς
2493 1548 2713 1617 ἀνδρὸς
2745 1549 2815 1602 ἐν
2852 1551 3105 1615 νεότητι,
3132 1547 3226 1601 τοῦ
3270 1549 3336 1602 ἐκ
3373 1549 3641 1619 Πνεύματος

2118 1640 2272 1708 ἁγίου
2296 1642 2387 1693 καὶ
2406 1641 2503 1711 τῆς
2527 1639 2801 1711 Παρθένου
2819 1640 3217 1710 γεγεννημένου
3236 1658 3247 1670 ·
3284 1641 3391 1694 ἰδοὺ
3428 1640 3541 1712 γὰρ,
3560 1657 3640 1711 φη·

2122 1732 2226 1795 σὶν,
2255 1730 2679 1802 ἀνὴρ,Ἀνατολὴ
2706 1730 2876 1801 ὄνομα
2913 1730 3080 1800 αύτῷ.

2190 1822 2420 1893 Τοιαύτη
2453 1822 2568 1885 ὁδὸς
2602 1820 2931 1893 μοιχαλίδος,
2986 1821 3019 1891 ἢ
3054 1821 3181 1873 ὅταν
3217 1818 3395 1891 πράξῃ
3424 1818 3643 1886 ἀπονιψα-

2120 1917 2288 1987 μένη,
2339 1914 2492 1967 οὐδὲν
2542 1916 2703 1985 φήσει
2753 1913 3135 1985 πεπραχθῆναι
3179 1914 3412 1967 ἄτοπον·
3463 1909 3644 1978 τοιαύτη

2118 2010 2263 2061 ἐστὶν
2288 2009 2320 2078 ἡ
2343 2007 2655 2078 ἀναστροφὴ
2687 2007 2784 2075 τῆς
2825 2004 3147 2076 Ἐκκλησίας
3178 2001 3521 2071 πιστευούσης
3542 2002 3646 2070 Χρι-

2120 2098 2227 2168 στῷ
2247 2137 2262 2161 ,
2297 2099 2330 2168 ἢ
2374 2097 2511 2167 μετὰ
2549 2096 2611 2149 τὸ
2652 2096 2945 2165 πορνεῦσαι
2974 2098 3086 2158 τοῖς
3113 2093 3352 2156 εἰδώλοις
3375 2132 3388 2157 ,
3416 2091 3647 2155 ἀποταξα-

2121 2190 2257 2259 μένη
2282 2189 2492 2251 τούτοις
2523 2188 2616 2241 καὶ
2640 2187 2717 2258 τῷ
2742 2186 2991 2258 διαϐόλῳ,
3023 2188 3118 2240 καὶ
3157 2184 3556 2255 ἀπολουσαμένη
3575 2183 3649 2244 τὰς

2118 2280 2423 2355 ἁμαρτίας,
2464 2279 2558 2332 καὶ
2588 2278 2827 2331 λαϐοῦσα
2862 2278 3083 2347 ἄφεσιν,
3118 2278 3271 2332 οὐδέν
3309 2295 3438 2348 φησι
3480 2290 3651 2344 πεπρα-

2118 2374 2274 2446 χέναι
2300 2372 2537 2435 ἄτοπον.

2190 2462 2288 2514 Διὰ
2330 2460 2497 2531 τριῶν
2528 2458 2730 2512 σείεται
2760 2462 2792 2531 ἡ
2826 2458 2897 2529 γῆ
2918 2474 2931 2487 ·
2971 2458 3058 2512 διὰ
3090 2456 3304 2529 Πατρός
3327 2497 3342 2521 ,
3386 2454 3505 2509 Υἰοῦ
3525 2494 3538 2519 ,
3579 2452 3651 2505 καὶ

2121 2556 2276 2623 ἁγίου
2312 2552 2657 2623 Πνεύματος·
2706 2554 2801 2605 καὶ
2844 2554 2905 2604 τὸ
2949 2552 3207 2620 τέταρτον
3239 2550 3301 2601 ού
3346 2548 3552 2602 δύναται
3578 2544 3652 2613 ςέ-

2127 2667 2259 2721 ρειν,
2288 2647 2383 2718 τὴν
2417 2646 2649 2717 ἐσχάτην
2696 2642 3013 2712 ἐπιφάνειαν
3046 2643 3137 2696 τοῦ
3171 2639 3432 2713 Χριστοῦ.
3464 2669 3525 2678 ——
3557 2636 3653 2688 Ἐὰν

2123 2741 2337 2811 οἰκέτης
2381 2736 2691 2809 βασιλεύσῃ.
2732 2737 2790 2787 'U
2836 2734 3052 2806 Ἰσραὴλ
3103 2736 3160 2788 ἐν
3205 2732 3465 2801 Αἰγύπτῳ
3508 2726 3654 2788 δοῦλος

2122 2833 2409 2903 γενόμενος
2428 2872 2442 2895 ,
2474 2831 2567 2885 καὶ
2596 2832 2652 2881 ἐν
2684 2832 2747 2899 τῇ
2771 2831 2840 2899 γῇ
2872 2828 2970 2899 τῆς
2995 2825 3327 2895 ἐπαγγελίας
3351 2820 3651 2894 βασιλεύσας.

2122 2925 2322 2977 -Καὶ
2368 2923 2555 2993 ἄφρων
2590 2920 2849 2991 πλησθεὶς
2884 2919 3087 2971 σιτίων.
3120 2916 3227 2988 Τὴν
3254 2916 3362 2985 γῆν
3396 2914 3452 2979 ἐξ
3480 2910 3655 2981 ἑτοίμου

2125 3015 2337 3078 λαϐὼν,
2381 3014 2474 3067 καὶ
2516 3011 2702 3083 φαγὼν
2737 3012 2830 3065 καὶ
2875 3008 3211 3081 ἐμπλησθεὶς
3244 3006 3583 3060 ἀπελάκτισε.
3606 3030 3659 3041 -

454 3129 578 3184 cilla
608 3125 655 3181 si
692 3122 959 3194 expulerit
988 3120 1173 3174 heram
1220 3131 1395 3171 suam.
1434 3113 1649 3168 Domini
1685 3113 2019 3168 interfecti-ix

2136 3110 2235 3163 Kal
2273 3107 2531 3176 παιδίσκη
2576 3104 2669 3157 ἐὰν
2717 3102 2953 3175 ἐκϐάλλῃ
2994 3101 3091 3171 τὴν
3124 3099 3327 3169 ἐαυτῆς
3371 3096 3573 3170 κυρίαν.
3609 3091 3659 3145 Ἥ

456 3232 750 3292 synagoga,
781 3212 983 3268 Christi
1011 3224 1227 3265 carnem
1254 3206 1400 3262 cruci
1427 3204 1647 3259 suﬂixit.

528 3396 655 3451 Tria
703 3401 830 3448 sunt
859 3388 1083 3444 minima
1118 3388 1171 3439 in
1220 3394 1394 3446 terra,
1423 3393 1477 3436 et
1508 3382 1624 3436 haec
1651 3390 1781 3436 sunt
1813 3381 2027 3450 sapien-

460 3495 605 3546 tiora
637 3483 975 3554 sapientibus
1008 3499 1020 3533 :
1058 3477 1320 3538 formicze,
1357 3490 1488 3544 gens
1511 3472 1745 3536 infirma,
1778 3488 1900 3540 qua:
1932 3486 2028 3540 pa-

459 3592 582 3638 rant
634 3579 736 3635 sibi
786 3577 843 3630 in
895 3559 1077 3637 messe
1117 3570 1322 3626 cibum.
1380 3566 1578 3622 Gentes
1630 3564 1878 3620 similiter
1935 3579 2030 3633 per

462 3674 622 3728 ﬁdem
648 3672 703 3723 in
734 3666 1015 3723 Christum
1050 3668 1244 3732 parant
1273 3658 1377 3713 sibi
1410 3657 1577 3710 vitam
1605 3663 1862 3708 aeternam
1896 3666 2027 3721 ope-

462 3767 616 3822 ribus
650 3760 830 3816 bonis.
855 3750 1268 3823 Chmrogryllii,
1302 3747 1535 3817 populus
1557 3759 1711 3814 atque
1735 3743 2027 3807 invalidus,

462 3862 656 3913 curant
682 3850 785 3919 sibi
818 3850 874 3903 in
901 3856 1050 3917 petra
1093 3842 1315 3896 cubilia.
1365 3839 1564 3894 Gentes
1600 3851 1765 3920 super
1800 3834 2030 3904 spiritali

461 3949 641 4020 lapide
661 3944 879 4001 Christo
905 3938 1182 3994 aedificata:
1210 3941 1369 3996 sunt,
1401 3931 1492 4000 qui
1544 3928 1718 3983 factus
1751 3936 1834 3983 est
1861 3928 1914 3981 in
1943 3942 2033 3981 ca-

464 4052 563 4115 put
598 4037 804 4110 anguli.
838 4032 1027 4089 Stellio
1056 4028 1149 4098 qui
1192 4024 1446 4081 manibus
1479 4022 1762 4087 innititur,
1794 4030 1849 4075 et
1877 4020 2033 4075 facile

465 4113 710 4204 capitur,
737 4129 827 4183 hic
866 4132 1111 4181 moratur
1142 4120 1195 4173 in
1234 4131 1418 4187 regum
1449 4114 1708 4170 castellis.
1748 4113 1912 4167 Latro
1941 4128 2033 4166 ex-

467 4228 640 4284 tensis
666 4226 722 4278 in
749 4235 926 4276 cruce
949 4213 1203 4271 manibus
1230 4210 1555 4278 Christoque
1577 4208 1813 4272 innixus,
1844 4208 1898 4260 in
1938 4222 2034 4275 pa-

465 4319 652 4397 radiso
681 4313 920 4373 habitat,
976 4322 1096 4377 qua:
1134 4315 1221 4359 cst
1260 4319 1357 4357 arx
1390 4302 1555 4356 trium
1599 4315 1786 4370 regum
1821 4300 1998 4356 Patris
2020 4341 2033 4364 ,

467 4392 591 4459 Filii
624 4411 680 4455 et
712 4398 947 4469 Spiritus
980 4392 1176 4449 sancti.

2127 3198 2472 3272 κυριοκτόνος
2516 3195 2804 3265 συναγωγὴ
2851 3192 3209 3265 σταυρώσασα
3253 3192 3357 3262 τὴν
3390 3192 3556 3260 σάρκα
3588 3182 3661 3239 τοῦ

2127 3290 2384 3365 Χριστοῦ.

2202 3384 2457 3453 Τέσσαρα
2496 3381 2635 3432 εἰσιν
2679 3377 2935 3447 ἐλάχιστα
2970 3375 3063 3427 ἐπὶ
3105 3373 3205 3442 τῆς
3249 3374 3391 3444 γῆς,
3431 3370 3587 3425 ταῦτα
3621 3366 3663 3418 δὲ

2128 3478 2237 3530 τῶν
2283 3474 2460 3544 σοφῶν
2509 3470 2818 3540 σοφώτερον
2853 3470 2899 3520 οί
2960 3466 3246 3539 μύρμηκες
3289 3460 3373 3528 οἷς
3412 3465 3508 3517 οὐκ
3552 3460 3666 3513 ἔστιν

2134 3569 2285 3639 ἰσχὺς
2303 3609 2317 3631 ,
2340 3563 2713 3637 ἐτοιμάζονται
2743 3561 2933 3632 θέρους
2958 3558 3056 3629 τὴν
3084 3557 3311 3629 τροφήν.
3350 3556 3462 3609 Καὶ
3485 3554 3547 3607 τὰ
3569 3550 3667 3617 ἔθνη

2130 3662 2219 3715 διὰ
2249 3662 2347 3731 τῆς
2390 3660 2468 3722 εἰς
2507 3655 2739 3728 Χριστὸν
2793 3652 3026 3714 πίστεως
3073 3649 3457 3719 ἑτοιμάζουσιν
3498 3643 3669 3700 ἑαυτοῖς

2132 3755 2228 3826 τὴν
2268 3751 2481 3807 αἰώνιον
2524 3747 2667 3818 ζωὴν
2706 3747 2771 3798 δι’
2818 3743 2992 3816 ἔργων
3024 3741 3262 3809 ἀγαθῶν.
3314 3741 3426 3794 Kal.
3457 3741 3501 3791 οἱ
3530 3750 3673 3806 χοιροο

2133 3824 2399 3916 γρύλλιοι,
2415 3840 2564 3902 ἔθνος
2584 3838 2683 3891 οὐκ
2713 3835 2949 3906 ἰσχυρὸν,
2968 3831 3226 3903 ἐποίησαν
3243 3834 3303 3884 ἐν
3337 3829 3557 3900 πέτραις
3575 3824 3675 3884 70");

2136 3934 2342 3991 ἑαυτῶν
2380 3932 2581 3993 οἴκους.
2618 3928 2699 3981 Τά
2729 3927 2856 3996 ἔθνη
2904 3924 2996 3977 ἐπὶ⁵
3039 3925 3104 3993 τῇ
3152 3922 3500 3993 πνευματικῇ
3537 3917 3677 3985 πέτρᾳ

2136 4026 2357 4100 Χριστῷ
2389 4024 2783 4096 ᾠκοδόμηνται,
2805 4019 2926 4089 ἥτις
2958 4014 3188 4087 ἐγενήθη
3219 4015 3301 4078 είς
3333 4012 3566 4082 κεφαλὴν
3594 4023 3678 4073 rer

2138 4098 2276 4184 νίας.
2329 4111 2746 4181 Ἀσκαλαϐώτης
2779 4108 2965 4179 χερσὶν
3000 4106 3342 4177 ἐρειδόμενος
3378 4103 3472 4158 καλ⁵
3513 4098 3681 4154 εὐάλω-

2138 4232 2227 4277 τος
2255 4212 2329 4264 ὢν
2350 4228 2362 4240 ·
2395 4201 2551 4270 οὗτος
2579 4206 2717 4258 οἰκεῖ
2750 4204 2807 4254 ἐν
2841 4198 3157 4272 ὀχυρώμασι
3190 4196 3478 4267 βασιλέων.
3522 4194 3573 4245 '0
3605 4190 3680 4257 λη-

2141 4305 2272 4374 στὴς
2319 4303 2377 4354 ἐν
2429 4300 2495 4369 τῇ
2547 4294 2765 4350 ἐκτάσει
2816 4291 2924 4344 τῶν
2972 4288 3171 4361 χειρῶν
3221 4288 3302 4359 τῷ
3355 4284 3568 4358 σταυρῷ
3610 4277 3683 4333 τοῦ

2143 4369 2374 4467 Χριστοῦ
2410 4387 2817 4460 ἐπερειδόμενος
2837 4425 2852 4449 ,
2882 4385 3020 4437 οἰκεῖ
3050 4385 3108 4434 ἐν
3138 4380 3214 4452 τῷ
3250 4380 3592 4452 παραδείσῳ,
3626 4369 3685 4438 τῷ

469 4497 785 4573 ὀχυρώματι
821 4492 929 4546 τῶν
976 4488 1142 4562 τριῶν
1188 4484 1480 4556 βασιλέων,
1519 4484 1729 4556 Πατρὸς
1778 4486 1871 4538 καὶ
1906 4488 2035 4542 Υἱοῦ
2075 4493 2167 4547 καὶ
2195 4490 2350 4557 ἁγίου
2377 4484 2713 4554 Πνεύματος.

544 4558 747 4665 ιίεεειῐι
776 4590 986 4647 locusta
1015 4558 1125 4640 non
1160 4582 1324 4638 habet
1343 4624 1357 4648 ,
1384 4592 1438 4635 et
1466 4590 1647 4636 tamen
1677 4589 1937 4651 tanquam
1970 4585 2026 4639 ad

2213 4586 2256 4618 ea
2303 4579 2675 4635 Ἀϐασίλευτον
2702 4579 2735 4647 ἡ
2764 4573 2942 4644 ἁκρὶς,
2965 4572 3058 4625 καὶ⁵
3086 4566 3450 4640 ἐκστρατεύει
3481 4565 3567 4632 ἀφ’
3593 4558 3687 4627 ἐνὸς

472 4690 636 4744 unius
662 4686 880 4756 iussum
913 4681 968 4735 in
1012 4677 1184 4733 aciem
1226 4674 1489 4745 procedit.
1533 4673 1663 4729 Sine
1711 4690 1837 4746 rege
1880 4688 2037 4731 erant

472 4786 660 4851 gentes
680 4820 695 4845 ,
722 4774 853 4847 quia
886 4779 1107 4843 peccato
1138 4774 1295 4823 erant
1341 4765 1598 4833 subjecta:
1630 4784 1644 4818 :
1678 4781 1825 4820 nunc
1857 4775 2038 4822 autem

474 4873 584 4927 Deo
624 4868 907 4925 credentes
935 4863 1213 4917 caelestem
1240 4856 1488 4912 militiam
1519 4865 1789 4911 exercent.
1826 4856 2040 4912 —Tria

475 4974 604 5021 sunt
645 4976 768 5033 quae
812 4960 949 5013 bene
993 4954 1349 5026 gradiuntur,
1391 4960 1445 5005 et
1477 4959 1730 5019 quartum
1777 4950 1922 5019 quod
1959 4950 2043 5003 in-

477 5058 621 5112 cedit
664 5052 915 5109 feliciter.
949 5047 1139 5119 Angeli
1178 5046 1437 5099 nimirum
1472 5043 1527 5095 in
1559 5042 1745 5108 caelis,
1785 5043 1957 5095 sancti
1988 5043 2043 5095 in

477 5159 642 5212 terra,
676 5145 869 5199 anima:
890 5143 1163 5211 justorum
1194 5137 1297 5192 sub
1326 5146 1489 5190 terra.
1527 5132 1816 5200 Quartum,
1850 5149 2046 5203 nempe

478 5244 573 5297 Dei
604 5239 843 5294 Verbum
891 5236 1272 5295 incarnatum,
1313 5228 1630 5298 pertransiit
1678 5225 1905 5281 feliciter
1950 5241 2047 5295 per

480 5332 720 5403 Virginis
762 5329 1009 5390 vulvam;
1046 5324 1452 5390 reformatoque
1480 5318 1721 5382 Adamo,
1758 5318 2049 5385 pertransit

480 5426 742 5481 caelorum
786 5425 1009 5491 januam
1032 5458 1047 5483 ,
1079 5415 1333 5484 primitiae
1366 5411 1781 5469 resurrectionis
1811 5410 2047 5479 itemque

482 5512 816 5570 ascensionis
843 5507 1037 5561 factus.
1559 5548 1565 5555 .

552 5601 752 5658 Leonis
796 5598 1011 5654 catulus
1056 5594 1352 5648 bestiarum
1402 5590 1753 5647 fortissimus.
1797 5585 2048 5643 Christus

560 5788 597 5817 ⁶¹
622 5802 672 5841 v.
702 5783 790 5840 l9.
865 5784 908 5814 "
940 5782 998 5836 Β.
1025 5780 1064 5835 ῐ.
1092 5779 1155 5835 91

2144 4674 2511 4745 κελεύσματος
2545 4670 2841 4730 εὐτάκτως.
2892 4663 3247 4718 Ἀϐασίλευτα
3276 4656 3426 4731 ἦσαν
3451 4656 3519 4711 τὰ
3556 4653 3688 4718 ἔθνη,

2148 4768 2254 4822 ὑπὸ
2406 4763 2675 4834 ἁμαρτίας
2706 4759 2813 4832 γάρ
2846 4755 3247 4810 ἐϐασιλεύοντο·
3279 4752 3381 4805 νῦν
3411 4750 3471 4802 δέ
3502 4740 3689 4799 πιστεύ-

2152 4875 2343 4921 σαντες
2370 4855 2446 4926 τῷ
2486 4854 2603 4924 Θεῴ
2622 4893 2636 4915 ,
2668 4849 3048 4923 στρατεύονται
3073 4846 3169 4917 τὴν
3204 4841 3525 4915 ἐπουράνιον
3554 4851 3690 4907 στραο

2149 4948 2316 5002 τείαν.
2345 4976 2414 4986 -
2445 4945 2486 4996 Τ
2494 4942 2761 5014 ρίαςέστὶν
2785 4939 2821 4993 δι
2847 4937 3040 5001 εύόδως
3068 4933 3399 5007 πορεύεται,
3435 4930 3527 4984 καὶ
3557 4927 3610 4980 τὸ
3628 4922 3693 4975 τέ-

2152 5056 2348 5112 ταρτον
2398 5037 2427 5090 ὃ
2476 5034 2654 5097 καλῶς
2705 5031 2987 5085 διαϐαίνει.
3027 5027 3278 5095 Ἀγγελοι
3336 5027 3396 5078 ἐν
3445 5019 3693 5112 οὐρανοῖς)

2154 5102 2297 5197 ἅγιοι
2342 5126 2436 5179 ἐπὶ
2467 5126 2564 5194 τῆς
2608 5123 2709 5193 γῆς
2729 5163 2744 5185 ,
2777 5120 2945 5190 ψυχαὶ
2976 5116 3195 5169 δικαίων
3229 5115 3335 5167 ὑπὸ
3371 5114 3507 5182 γῆν·
3541 5102 3697 5162 καὶτὸ

2149 5195 2439 5293 τέταρτον,
2495 5217 2523 5269 ὁ
2567 5215 2697 5277 Θεὸς
2740 5213 2912 5280 Λόγος
2962 5207 3296 5279 σαρκωθεὶς,
3346 5204 3503 5273 διέϐη
3546 5195 3697 5255 καλῶς

2154 5318 2364 5387 μήτραν
2395 5309 2669 5383 Παρθένου
2689 5324 2700 5335 ο
2727 5303 3026 5359 ἀνάπλασιν
3050 5300 3141 5354 τοῦ
3180 5299 3351 5369 Ἀδὰμ
3386 5294 3697 5363 ποιούμενος,

2151 5382 2303 5473 διέϐη
2338 5382 2509 5463 πύλας
2540 5399 2599 5451 ού
2611 5396 2803 5469 ρανῶν,
2838 5392 3060 5465 ἀπαρχὴ
3091 5390 3445 5453 ἀναστάσεως
3478 5387 3565 5439 καὶ
3594 5382 3697 5434 ἁνα-

2153 5494 2364 5568 λήψεως
2394 5494 2525 5545 πᾶσι
2558 5490 2864 5560 γενόμενος.

2226 5562 2470 5657 Σκύμνος
2502 5583 2714 5645 λέοντος
2750 5579 3093 5652 ἰσχυρότερος
3126 5573 3363 5647 κτηνῶν.
3398 5568 3624 5647 Χριστὸς
3654 5562 3697 5614 ἓν
