3836 6478
443 333 546 388 6‘27

1327 337 1383 392 S.
1427 333 1790 390 IIIPPOLYTI
1843 333 1993 389 OPP.
2039 331 2216 387 PARS
2243 331 2280 386 I.
2317 363 2384 375 -—
2419 333 2824 390 EXEGETICA.
3571 341 3652 397 628

439 435 658 520 spiritus
689 451 786 507 Dei
803 456 863 507 αθ.
896 453 998 508 Alii
1025 464 1228 524 septem
1261 455 1546 508 columnas
1567 453 1754 508 dicunt
1783 468 1904 508 esse
1931 467 2015 506 se-

2124 449 2270 504 ἑπτὰ
2297 453 2603 521 πνεύματα
2629 452 2736 505 τοῦ
2765 452 2932 510 Θεοῦ.
2961 452 3142 505 Ἀλλοι
3183 453 3238 506 δὲ
3272 454 3508 523 λέγουσιν
3545 454 3654 512 εἶναι

447 553 591 613 ptem
647 545 860 601 divinos
907 547 1126 601 ordines
1169 548 1369 617 quibus
1420 563 1514 617 per
1565 555 1809 602 sanctam
1858 554 2019 615 atque

448 637 767 706 inspiratam
803 639 1062 694 divinitus
1107 641 1226 708 ejus
1258 639 1563 694 doctrinam
1616 647 1865 694 creatura
1897 653 2020 693 sus-

445 735 722 794 tentatur,
758 729 860 782 hoc
892 735 977 784 est
1013 730 1342 798 prOpbetas,
1385 729 1696 799 apostolos,
1727 738 2016 800 martyres,

443 818 760 874 hicrarcbas
795 819 910 874 sive
934 821 1268 884 sacerdotes,
1293 831 1531 884 ascetas,
1551 829 1792 886 sanctos,
1813 820 2020 889 iustos-

438 926 564 978 que.
603 909 735 965 Illud
767 927 925 978 vero,
959 912 1256 968 immolavit
1285 913 1526 968 victimas
1552 930 1699 976 suas,
1729 913 2019 983 prophetas

437 1003 661 1058 denotat
711 1012 768 1058 et
808 1012 1076 1075 martyres
1123 1005 1218 1074 qui
1263 1005 1314 1059 in
1359 1005 1508 1060 nulla
1552 1020 1662 1058 non
1706 1003 1923 1059 civitate
1966 1011 2020 1056 et

439 1094 662 1165 regione
716 1097 786 1150 ab
845 1097 1156 1153 inﬁdelibus
1215 1099 1400 1153 ovium
1469 1099 1644 1152 instar
1713 1104 2021 1150 mactantur

437 1185 681 1254 quotidie
711 1202 811 1256 pro
839 1188 1066 1242 veritate
1107 1198 1158 1243 et
1200 1189 1436 1242 clamant
1464 1205 1479 1241 :
1513 1187 1742 1256 Propter
1779 1196 1826 1240 te
1856 1196 2020 1238 morte

437 1276 696 1346 efﬁcimur
722 1287 830 1332 tota
855 1279 959 1342 die,
981 1280 1236 1333 aestimati
1269 1295 1453 1333 sumus
1485 1281 1622 1332 sicut
1653 1295 1769 1332 oves
1806 1277 2022 1330 occisio-

437 1367 522 1419 nis
545 1368 612 1420 το.
647 1365 714 1421 Et
743 1369 956 1422 miscuit
1005 1369 1056 1422 in
1088 1369 1284 1437 poculo
1319 1385 1419 1423 suo
1465 1370 1674 1430 vinum,
1721 1369 1774 1422 in
1811 1367 2020 1436 virgine

439 1459 776 1514 divinitatem
807 1477 964 1516 suam
989 1463 1185 1517 uniens
1202 1478 1326 1517 eum
1354 1477 1516 1516 carne
1549 1472 1808 1529 tanquam
1833 1459 2018 1511 vinum

439 1568 650 1607 merum
697 1568 760 1608 ac
797 1555 1152 1624 purissimum
1183 1597 1198 1622 ,
1235 1555 1482 1610 Salvator
1517 1569 1580 1608 ex
1611 1568 1674 1607 ea
1721 1560 1881 1606 natus
1913 1563 2016 1614 est,

439 1645 559 1700 sine
586 1643 910 1700 confusione
944 1645 1084 1702 Deus
1118 1657 1170 1701 et
1207 1647 1390 1702 homo.
1436 1645 1496 1698 Et
1521 1646 1729 1714 paravit
1785 1659 2018 1698 mensam

439 1751 594 1790 suam
617 1777 632 1802 ,
683 1739 1015 1807 promissam
1064 1752 1268 1795 sanctae
1297 1739 1582 1794 Trinitatis
1615 1739 2016 1809 cognitionem,

443 1843 652 1884 necnon
697 1832 1062 1886 venerandum
1121 1841 1485 1900 sanctumque
1537 1831 1656 1900 ejus
1705 1845 1904 1900 corpus
1955 1845 2018 1884 ac

443 1921 766 1989 sanguinem
801 1937 922 1992 quae
957 1923 1010 1976 in
1038 1938 1237 1978 arcana
1265 1933 1317 1977 et
1340 1923 1526 1976 divina
1563 1935 1750 1977 mensa
1773 1923 2018 1992 quotidie

441 2010 800 2078 perficiuntur
819 2023 873 2066 et
895 2013 1273 2068 sacriﬁcantur
1300 2013 1352 2066 in
1381 2013 1702 2066 memoriam
1739 2027 2018 2080 nunquam

439 2116 547 2154 non
583 2103 882 2157 recolendae
919 2104 1180 2157 memoria
1213 2111 1266 2157 et
1295 2103 1485 2172 prima:
1547 2102 1692 2156 illius
1726 2101 1924 2156 divina:
1968 2111 2022 2154 et

441 2207 656 2247 arcana:
687 2193 886 2248 divinae
925 2210 1115 2250 οωιιθε.
1149 2192 1284 2248 Illud
1312 2210 1495 2263 porro,
1533 2195 1674 2247 misit
1702 2209 1873 2246 servos
1897 2209 2020 2246 suos

440 2285 750 2354 Sapientia,
780 2285 1034 2339 Christus
1071 2285 1329 2338 nimirum
1353 2327 1366 2350 ,
1397 2299 1706 2338 convocans
1739 2284 1846 2337 alta
1883 2299 2022 2351 pra:-

438 2375 586 2430 conii
613 2392 747 2431 voce
778 2395 790 2430 :
823 2377 878 2430 Si
915 2379 1040 2448 quis
1070 2387 1174 2443 est,
1209 2377 1406 2444 inquit,
1446 2376 1718 2444 insipiens,
1749 2375 1922 2428 veniat
1953 2372 2020 2425 ad

441 2488 542 2534 me,
569 2480 790 2526 sanctos
821 2471 1010 2539 utique
1043 2470 1192 2524 misit
1224 2469 1501 2540 apostolos
1539 2467 1852 2522 universum
1891 2483 2017 2536 per-

441 2572 686 2620 meantcs
719 2565 1004 2626 mundum,
1037 2563 1132 2632 qui
1165 2569 1352 2633 gentes
1385 2563 1450 2615 ad
1489 2561 1659 2631 ipsius
1690 2560 2021 2630 agnitionem

439 2673 568 2712 vere
593 2668 859 2710 vocarent
896 2655 1117 2712 sublimi
1163 2672 1226 2710 ac
1268 2655 1447 2710 divina
1485 2669 1582 2709 sua
1617 2653 2018 2722 praedicatione.

443 2749 766 2818 Insipientes
817 2763 944 2802 vero
996 2747 1232 2817 appellat
1283 2761 1378 2800 eos
1428 2746 1522 2816 qui
1571 2745 1746 2799 sancti
1786 2741 2024 2812 Spiritus

441 2842 698 2896 virtutem
733 2843 974 2896 nondum
1011 2847 1140 2894 sunt
1187 2839 1464 2895 assecuti:
1507 2837 1685 2891 Venite
1709 2878 1725 2901 ,
1771 2835 2026 2888 comedite

442 2953 628 3004 panem
665 2952 868 3001 meum,
911 2943 960 2988 et
999 2933 1156 2987 bibite
1203 2935 1382 2986 vinum
1423 2931 1562 3003 quod
1611 2931 1800 2984 miscui
1833 2931 1974 2982 vobis
2003 2945 2022 2982 :

441 3032 679 3086 divinam
714 3029 888 3099 ipsius
923 3043 1177 3092 carnem,
1221 3043 1286 3081 ac
1317 3025 1684 3080 venerabilem
1731 3025 1852 3094 ejus
1895 3039 2024 3078 san-

2127 543 2350 606 στύλους
2384 543 2524 596 ἑπτὰ
2542 585 2554 606 ,
2586 544 2650 596 τὰ
2679 543 2815 598 ἑπτὰ
2845 544 2965 598 θεῖα
3000 543 3256 615 τάγματα
3285 547 3350 600 τὰ
3373 547 3456 600 διὰ
3485 549 3570 620 τῆς
3601 553 3656 604 is-

2129 639 2226 706 ρᾶς
2273 637 2438 691 αὑτοῦ
2485 638 2578 691 καὶ
2613 635 2970 690 θεοπνεύστου
3012 635 3356 702 διδασκαλίας
3395 639 3484 710 τὴν
3511 641 3656 692 κτίσιν

2127 731 2493 800 βαστάζοντα,
2542 731 2709 800 ἤγουν
2765 731 2890 793 τοὺς
2939 731 3255 802 προφήτας,
3305 733 3424 796 τοὺς
3465 735 3658 786 ἀποστό-

2125 821 2246 886 λους
2269 863 2282 884 ,
2303 823 2429 887 τοὺς
2461 823 2746 893 μάρτυρας
2769 863 2782 884 ,
2808 824 2934 884 τοὺς
2969 821 3255 894 ἱεράρχας,
3283 825 3406 886 τοὺς
3433 825 3656 894 ἀσκητὴς,

2123 915 2248 977 τοὺς
2280 913 2460 978 ὁσίους
2502 914 2596 968 καὶ
2644 913 2774 976 τοὺς
2818 913 3078 977 δικαίους.
3125 914 3196 966 Τὸ
3239 913 3312 976 δὲ,
3357 915 3566 983 ἔσφαξε
3603 917 3658 968 τὰ

2124 1006 2344 1076 ἑαυτῆς
2369 1009 2596 1074 θύματα
2615 1047 2628 1070 ,
2659 1006 2784 1068 τοὺς
2809 1007 3094 1077 προφήτας
3115 1006 3248 1076 φησι
3276 1007 3370 1060 καὶ
3399 1008 3656 1078 μάρτυρας,

2123 1101 2248 1164 τοὺς
2278 1103 2418 1156 κατὰ
2447 1104 2627 1154 πᾶσαν
2661 1101 2814 1154 πόλιν
2851 1101 2944 1154 καὶ
2973 1099 3158 1171 χώραν
3183 1100 3303 1154 καθ’
3337 1101 3556 1172 ἑκάστην
3579 1104 3660 1154 ὑπὸ

2123 1191 2230 1246 τῶν
2272 1191 2516 1246 ἀπίστων
2547 1191 2736 1262 ὥσπερ
2784 1193 2954 1262 ἄρνας
2982 1191 3408 1263 ἀναιρουμένους
3439 1193 3560 1264 ὑπὲρ
3583 1194 3660 1262 τῆς

2123 1284 2380 1354 ἀληθείας
2401 1331 2414 1348 ,
2448 1285 2543 1338 καὶ
2579 1283 2845 1354 βοῶντας·
2881 1281 3098 1336 Ἕνεκά
3146 1299 3263 1337 σου
3302 1287 3660 1350 θανατούμεθα

2123 1377 2276 1444 ὅλην
2336 1377 2450 1442 τὴν
2503 1377 2747 1445 ἡμέραν.
2810 1375 3246 1446 Ἐλογίσθημεν
3299 1377 3378 1441 ὠς
3443 1377 3664 1444 πρόϐατα

2123 1468 2386 1539 σφαγῆς.
2442 1471 2552 1522 Καὶ
2593 1469 2880 1537 ἐκέρασεν
2939 1471 3020 1532 είς
3079 1470 3331 1540 κρατῆρα
3375 1469 3462 1521 τὸν
3503 1471 3662 1538 ἑαυτῆς

2123 1558 2308 1622 οἶνον,
2339 1563 2418 1623 είς
2451 1560 2546 1630 τὴν
2579 1561 2840 1632 παρθένον
2875 1561 2973 1630 τὴν
3000 1560 3190 1612 ἑαυτοῦ
3227 1561 3456 1632 οεότητα
3497 1559 3664 1623 eum;

2123 1649 2188 1716 τῇ
2229 1649 2392 1718 σαρκὶ
2431 1648 2506 1710 ὡς
2537 1643 2678 1700 οἶνον
2727 1648 2998 1719 ἄκρατον,
3047 1651 3075 1700 ὁ
3124 1649 3316 1720 Σωτὴρ
3358 1649 3594 1720 ἐγεννήθη
3620 1651 3664 1715 ἐξ

2124 1741 2292 1810 αὐτῆς
2331 1740 2652 1810 ἀσυγχύτως
2687 1740 2818 1802 Θεὸς
2859 1741 2950 1793 καὶ
2983 1739 3287 1812 ἄνθρωπος.
3325 1743 3436 1796 Καὶ
3465 1744 3666 1811 ἡτοιμὰ-

2127 1847 2276 1886 cato
2315 1831 2428 1900 τὴν
2476 1832 2698 1901 ἑαυτῆς
2744 1833 3063 1902 τράπεζαν,
3123 1835 3220 1906 τὴν
3267 1837 3550 1905 ἐπίγνωσιν
3591 1837 3666 1906 τῆς

2121 1925 2280 1992 ἁγίας
2305 1925 2532 1994 Τριάδος
2558 1927 3140 1998 κατεπαγγελλομένην
3157 1945 3168 1956 ·
3205 1928 3298 1981 καὶ
3333 1929 3394 1981 τὸ
3417 1931 3578 2000 τίμιον
3595 1917 3668 1982 xii

2124 2015 2392 2086 ἄχραντον
2423 2017 2588 2070 αὐτοῦ
2625 2017 2782 2088 σῶμα
2819 2019 2912 2072 καὶ
2935 2013 3095 2088 αἷμα,
3123 2019 3266 2090 ἇπερ
3299 2022 3362 2073 ὲν
3383 2023 3446 2092 τῇ
3475 2025 3666 2091 μυστικῇ

2123 2109 2216 2162 καὶ
2264 2107 2384 2180 θείᾳ
2431 2109 2676 2181 τραπέζῃ
2711 2109 2832 2163 καθ’
2882 2111 3118 2182 ἑκάστην
3166 2112 3538 2166 ἐπιτελοῦνται
3575 2111 3671 2164 θυό-

2127 2217 2260 2270 μενα
2311 2203 2390 2264 είς
2443 2201 2746 2272 ἀνάμνησιν
2797 2203 2894 2272 τῆς
2955 2203 3287 2274 ἀειμνήστου
3341 2204 3438 2257 καὶ
3487 2203 3670 2274 πρώτης

2123 2293 2336 2362 ἐκείνης
2357 2291 2636 2361 τραπέζης
2659 2291 2749 2344 τοῦ
2783 2293 3044 2362 μυστικοῦ
3077 2292 3221 2345 θείου
3255 2292 3495 2346 δείπνου.
3523 2293 3585 2344 Τὸ
3611 2291 3670 2356 δὲ,

2123 2384 2440 2438 ἀπέστειλε
2471 2384 2610 2450 τοὺς
2639 2383 2858 2450 ἑαυτῆς
2886 2385 3399 2456 δούλουςὴΣοφία,
3426 2389 3454 2440 ὀ
3480 2385 3673 2456 Χριστὸς

2122 2475 2380 2546 δηλονότι,
2419 2477 2814 2545 Germanica
2847 2477 2996 2546 μετὰ
3033 2477 3279 2546 ὑψηλοῦ
3309 2481 3671 2546 κηρύγματος.

2128 2569 2224 2632 Ὅς
2259 2570 2406 2621 ἐστιν
2438 2568 2640 2638 ἄφρων
2661 2609 2674 2632 ,
2707 2568 3038 2622 ἐκκλινάτω
3070 2570 3218 2638 πρὸς
3241 2570 3319 2639 μὲ
3339 2612 3354 2636 ,
3395 2573 3673 2640 φάσκουσα,

2124 2665 2248 2724 τοὺς
2319 2663 2498 2733 ἱεροὺς
2551 2663 2882 2726 ἀποστόλους
2944 2662 3240 2734 πρόδηλον,
3291 2666 3422 2726 τοὺς
3485 2665 3557 2726 εἰς
3605 2661 3676 2712 τον

2127 2751 2418 2822 σύμπαντα
2453 2752 2656 2823 κόσμον
2687 2753 3078 2826 διαδραμόντας
3105 2756 3200 2808 καὶ
3230 2755 3678 2832 προσκαλέσανττε

2124 2843 2192 2896 τὰ
2224 2843 2349 2914 ἔθνη
2379 2846 2460 2906 εἰς
2489 2844 2587 2914 τὴν
2610 2843 2818 2897 ἐκείνου
2849 2844 3141 2913 ἐπίγνωσιν
3169 2844 3392 2916 ἀληθῶς
3425 2845 3498 2915 τῷ
3521 2841 3676 2914 ὑψηλῷ

2127 2937 2220 2988 καὶ
2255 2935 2382 3006 θείῳ
2415 2937 2619 2988 τούτων
2653 2937 2986 3008 κηρύγματι.
3009 2938 3082 2990 Τὸ
3109 2937 3169 2992 δὲ
3193 2940 3292 2991 καί
3321 2937 3452 3004 τοῖς
3479 2935 3678 2990 ἑνὸεέιτι

2127 3026 2362 3096 φρενῶν
2391 3023 2540 3092 εἶπε,
2571 3031 2681 3093 τοῖς
2719 3031 2884 3100 μήπω
2909 3029 3268 3100 κεκτημένοις
3297 3030 3402 3102 τὴν
3435 3029 3522 3084 τοῦ
3551 3029 3702 3096 ἁγίουι

441 3124 683 3195 guinem,
715 3121 912 3190 inquit,
946 3118 1095 3174 dedit
1127 3119 1288 3173 nobis
1317 3117 1588 3174 edendum
1621 3115 2015 3187 bibendumque

2131 3119 2443 3191 Πνεύματος
2473 3119 2699 3192 δύναμιν
2726 3121 2964 3192 δηλονότι
2987 3137 3000 3149 ·
3041 3123 3289 3178 "Exacta
3308 3162 3322 3185 ,
3357 3127 3570 3192 gurges
3595 3121 3666 3174 τὼ

443 3216 498 3270 in
535 3213 912 3270 remissionem
947 3221 1313 3284 peccatorum.

2125 3209 2273 3280 ἐμὸν
2307 3210 2522 3280 ἄρτον,
2567 3213 2664 3266 καὶ
2715 3214 2878 3266 πίετε
2917 3207 3084 3266 οἶνον
3117 3213 3188 3268 ὃν
3227 3213 3498 3283 κέκρακα
3534 3215 3680 3282 ὑμῖν,

443 3308 540 3382 τὴν
592 3307 742 3363 θείαν
784 3305 948 3364 αὐτοῦ
981 3305 1157 3377 σάρκα
1191 3305 1283 3358 καὶ
1316 3303 1375 3357 τὸ
1406 3302 1586 3374 τίμιον
1618 3300 1780 3354 αὑτοῦ
1814 3296 1951 3369 αἷμα
1969 3299 2199 3356 δέδωκεν
2224 3305 2357 3378 ἡμῖν
2381 3345 2394 3368 ,
2429 3305 2612 3374 φησὶν,
2647 3305 2843 3358 ἐσθίειν
2869 3305 2962 3358 καὶ
2992 3305 3165 3358 πίνειν
3192 3307 3274 3369 εἰς
3301 3307 3500 3376 ἄφεσιν
3527 3307 3680 3376 ἅμερα

443 3403 596 3456 τιῶν.

453 3547 3676 3576 W

1199 3728 1324 3816 IN
1431 3724 2044 3816 CANTICUM
2123 3721 2950 3814 CANTICORUM.

517 4169 652 4224 Sim.
681 4169 748 4224 de
774 4165 1068 4233 Magistris,
1101 4167 1236 4218 Acta
1259 4173 1416 4218 mart.
1451 4163 1706 4230 Ostiens.,
1739 4180 1791 4233 p.
1820 4163 1946 4230 274,
1977 4179 2044 4218 ex
2067 4165 2188 4220 cod.
2219 4164 2446 4219 membr.
2481 4161 2654 4218 Vatic.
2687 4163 2799 4218 CIII
2825 4163 3188 4234 fragmentum
3217 4179 3460 4234 sequens
3493 4165 3690 4238 Syriaca

447 4271 502 4317 et
525 4261 714 4317 Latine
736 4260 912 4324 aﬂ‘ert,
945 4259 1032 4312 his
1059 4257 1382 4328 praemissis:
1413 4275 1432 4308 ι
1463 4256 1518 4310 In
1543 4255 1856 4312 Salomonis
1873 4257 2156 4311 Canticum
2177 4257 2396 4326 scripsit
2415 4255 2752 4326 Hippolytus,
2787 4271 2850 4310 ac
2875 4255 3042 4310 Deum
3071 4253 3310 4310 Verbum
3329 4265 3488 4312 tanto
3511 4265 3626 4312 ante
3645 4255 3690 4307 in

445 4353 682 4411 Ecclesia
718 4369 786 4408 ex
815 4352 1066 4424 gentibus
1105 4351 1356 4416 collecta,
1391 4351 1691 4420 przesertim
1717 4367 1846 4406 vero
1888 4353 1941 4405 in
1985 4359 2208 4422 parente
2239 4367 2338 4406 sua
2369 4349 2588 4421 Virgine
2615 4351 2959 4406 sanctissima
2987 4366 3116 4406 suas
3140 4350 3364 4406 delicias
3395 4351 3694 4422 quaesivisse

444 4448 715 4516 ostendit;
743 4449 986 4520 adeoque
1017 4446 1161 4520 Syri,
1197 4447 1264 4502 de
1295 4445 1515 4518 Virgine
1543 4447 1684 4516 apud
1717 4463 1774 4501 se
1803 4456 1928 4501 nata
1958 4447 2272 4517 gloriantes,
2307 4444 2576 4516 Hippolyti
2607 4445 3058 4500 commentarium
3088 4461 3118 4498 a
3149 4445 3344 4514 priscis
3377 4443 3694 4514 temporibus

443 4543 844 4598 transtulerunt
863 4559 892 4598 e
913 4541 1102 4598 Graeco
1131 4543 1184 4596 in
1211 4542 1449 4612 patrium
1471 4557 1802 4608 sermonem,
1835 4544 1980 4597 unde
2003 4543 2250 4614 quaedam
2275 4541 2452 4596 adhuc
2477 4551 2793 4610 supersunt,
2819 4542 2982 4596 veluti
3007 4541 3058 4594 in
3087 4541 3250 4594 illud:
3283 4540 3472 4612 Surge,
3497 4537 3692 4610 Aquiio,

441 4644 491 4689 et
521 4636 654 4698 veni,
686 4635 898 4702 Auster,
926 4635 1088 4704 per/Ia
1117 4634 1325 4687 hortum
1353 4649 1545 4698 meum,
1576 4645 1624 4687 et
1650 4635 1822 4702 [luant
1853 4643 2099 4688 aromata
2124 4635 2256 4704 ejus.
2293 4653 2312 4686 ς
2345 4633 2439 4688 His
2471 4633 2808 4688 aromatibus
2841 4649 2962 4690 cum
2987 4634 3294 4688 oblectatus
3315 4643 3464 4688 esset
3491 4629 3692 4700 Josepho

449 4748 470 4782 ι
515 4731 658 4787 lilius
695 4730 859 4803 Regis
891 4748 924 4787 α
973 4733 1084 4788 Deo
1117 4732 1457 4802 designatur.
1495 4729 1590 4786 llis
1624 4729 1791 4800 Virgo
1825 4729 1990 4785 Maria
2017 4747 2142 4786 cum
2175 4739 2333 4786 uncta
2367 4739 2534 4790 esset.
2561 4730 2616 4784 in
2648 4741 2832 4785 ventre
2863 4745 2965 4785 suo
2997 4731 3246 4800 concepit
3281 4729 3556 4784 Verbum:
3595 4737 3696 4780 tum

451 4845 470 4878 ι
517 4843 659 4882 nova
685 4843 884 4882 arcana
913 4842 1221 4897 novamque
1247 4828 1553 4906 veritatem,
1589 4842 1652 4880 ac
1680 4841 1880 4880 novum
1911 4843 2160 4897 regnum,
2197 4835 2308 4883 tum
2339 4842 2561 4897 quoque
2598 4841 2794 4897 magna
2819 4835 2872 4882 et
2893 4826 3295 4898 inexplicabilia
3325 4825 3588 4898 mysteria
3617 4821 3696 4878 de-

448 4941 468 4973 ι
515 4931 804 4978 monstrat.
838 4941 855 4972 ι
1457 4907 1464 4912 ’

1181 5111 1335 5180 Apud
1361 5109 1636 5171 GaUand.,
1669 5125 1730 5163 ea:
1755 5111 2036 5164 Anastasio
2069 5109 2299 5176 Sinaita,
2341 5121 2524 5188 quiest.
2561 5113 2652 5174 41,
2677 5129 2796 5182 pag.
2827 5109 2958 5164 5‘20.

693 5203 960 5274 Hippolyti
1001 5205 1060 5257 in
1087 5201 1375 5258 Canticum
1409 5205 1772 5258 canticorum.

2140 5205 2477 5269 Ἱππολύτου,
2516 5207 2580 5258 ἐκ
2612 5205 2703 5258 τοῦ
2737 5207 2816 5267 είς
2849 5205 2906 5256 τὸ
2929 5198 3122 5274 τ’ᾼσμα
3151 5201 3259 5256 τῶν
3288 5203 3549 5274 ᾀσμάτων
3585 5199 3698 5269 (26!.

514 5294 578 5348 Et
613 5295 838 5350 ubinam
862 5305 946 5350 est
980 5296 1358 5364 copiosissima
1403 5298 1492 5351 illa
1522 5297 1787 5362 scientia?
1817 5295 1910 5351 ubi
1939 5299 2015 5351 illa

2207 5299 2317 5350 Καὶ
2353 5298 2451 5350 ποῦ
2489 5299 2637 5351 πᾶσα
2671 5299 2703 5368 ἡ
2737 5297 2965 5350 πλουσία
2999 5295 3138 5366 αὕτη
3163 5295 3402 5364 γνῶσις;
3433 5295 3535 5348 ποῦ
3574 5293 3628 5346 δὲ
3653 5291 3706 5342 τὲ

442 5388 738 5457 mysteria?
771 5397 828 5442 et
863 5389 953 5442 ubi
982 5387 1144 5442 libri?
1169 5398 1386 5443 exstant
1412 5390 1558 5444 enim
1590 5391 1708 5444 sola
1737 5389 2015 5446 Proverbia

2143 5393 2416 5464 μυστήρια
2465 5391 2670 5456 causa;
2718 5391 2811 5445 καὶ
2863 5387 2964 5443 ποῦ
3007 5390 3064 5444 ai
3103 5387 3314 5458 ptem;
3353 5387 3704 5458 ἀναφέρονται

513 5547 558 5578 ⁶⁹
587 5563 705 5616 cap.
741 5565 827 5616 χι,
856 5549 910 5603 2.
989 5550 1036 5582 "°
1063 5549 1208 5606 Psal.
1249 5567 1392 5614 thv,
1419 5551 1484 5616 2;
1519 5551 1676 5608 Rom.
1709 5569 1828 5618 vm,
1860 5553 1948 5608 56.

515 5683 627 5762 (9.6)
668 5684 1080 5762 Eusebius,_§i;
1125 5689 1184 5741 τὸ
1231 5685 1442 5762 τᾼσμα.
1494 5691 1548 5762 S.
1583 5689 1976 5762 Hieronymus,
2019 5693 2070 5744 in
2119 5691 2394 5747 Canticum
2447 5693 2790 5746 ratiticorum.
2839 5690 3139 5762 Synccilus,
3191 5693 3266 5754 εἰς

3321 5689 3388 5742 τὰ
3441 5691 3700 5760 Hispana.

443 5753 800 5824 I‘iiccphorus,
829 5761 906 5820 εἰς
935 5756 1194 5828 τὺτᾼσμα
1225 5753 1330 5811 τιῗιν
1349 5753 1634 5830 ᾀσμάτων.
1671 5753 1884 5816 Fannio.
