3836 6516
203 387 289 441 629
1355 377 1779 434 FRAGMENTA
1819 379 1884 432 IN
1939 379 2194 434 lSAiAM.

3291 377 3393 429 630

194 505 282 572 γάρ
311 499 448 570 μόναι
477 499 529 551 αἱ
562 497 876 568 Παροιμίαι,
913 498 1006 550 καὶ
1039 499 1275 568 ὴΣοφία,
1301 502 1394 554 καὶ
1420 505 1448 554 ὁ
1494 504 1716 574 Ἐκκλη-

1830 512 1871 558 2t
1909 503 2217 571 Sapientia,
2246 510 2300 555 et
2331 499 2687 554 Ecclesiastes
2709 540 2721 560 ,
2756 508 2808 552 et
2833 497 3117 552 Canticum
3153 499 3395 552 cantico-

195 591 401 660 σιαστὴς,
436 590 523 642 καὶ
552 591 612 642 τὸ
642 585 825 662 τᾼσμα
849 593 953 645 τῶν
991 592 1266 662 ᾀσμάτων.
1309 593 1372 646 Τί
1417 591 1548 657 οὖν;
1587 595 1717 663 ψεύ-

192 684 312 737 δεται
339 685 366 752 ἡ
392 681 425 732 Γ
431 681 566 752 ραφή
593 698 607 745 ;
642 684 716 754 μὴ
741 684 964 751 γένοιτο.
1004 685 1164 739 Ἀλλὰ
1189 684 1356 755 πολλὴ
1387 686 1482 755 μέν
1514 703 1597 750 τις
1617 686 1713 756 ὖλη

191 775 351 844 γέγονε
378 773 477 826 τῶν
509 777 868 846 γραμμάτων,
901 776 975 840 ὼς
1019 776 1168 847 δηλοῖ
1206 778 1265 829 τὸ
1302 777 1478 845 λέγειν
1519 774 1718 847 ᾋσμα

191 867 285 919 τῶν
317 864 611 933 ᾀσμάτων·
659 869 912 938 σημαίνει
973 869 1081 939 γὰρ
1130 870 1232 930 ὅτι,
1283 870 1425 940 ἆπερ
1472 866 1615 939 εἶχον
1662 873 1717 924 αἱ

191 958 572 1026 πεντακισχίλιαι
597 958 729 1029 ᾠδαὶ
754 963 810 1012 ἐν
834 961 910 1031 τῷ
943 961 1022 1013 ἐνὶ
1042 961 1352 1032 διηγήσατο·
1398 964 1455 1013 ἐν
1495 961 1549 1014 δὲ
1601 965 1718 1026 ταῖς

187 1053 386 1123 ἡμέραις
412 1051 645 1115 Ἐζεκίου
673 1051 741 1104 τὰ
771 1053 866 1123 μὲν
892 1052 997 1106 τῶν
1016 1052 1232 1122 βιϐλίων
1259 1053 1634 1124 ἐξελέχθησαν,
1652 1055 1718 1107 τά

188 1145 232 1196 δὲ
269 1143 645 1216 περιώφθησαν.
678 1144 838 1197 Ὅθεν
886 1147 1047 1215 φησὶν
1093 1147 1124 1214 ἡ
1159 1145 1378 1216 Γραφή·
1417 1145 1616 1198 Ἀῦται
1661 1150 1719 1199 αὶ

185 1237 454 1304 Παροιμίαι
498 1234 880 1305 Σολομῶντος
939 1241 998 1290 αἱ
1038 1236 1381 1304 ἀδιάκριτοι,
1432 1236 1504 1302 ἂς
1553 1238 1721 1306 ἐγρα-

187 1330 348 1395 ψαντο
382 1331 430 1381 οἱ
457 1328 620 1396 φίλοι
661 1326 1041 1388 Ἐζεκίουτοῦ
1074 1329 1412 1394 βασιλέως·
1462 1329 1624 1382 πόθεν
1663 1330 1719 1382 δὲ

185 1414 473 1481 ἐξελέξαντο,
505 1417 679 1486 ἀλλ’ἢ
731 1420 794 1470 ἐκ
827 1417 934 1470 τῶν
977 1417 1194 1488 βιϐλίων
1236 1417 1344 1470 τῶν
1388 1419 1720 1489 ἐγκειμένων

184 1509 231 1559 ἐν
257 1503 332 1572 αἶς
353 1509 493 1577 λέγει
524 1512 644 1571 ταῖς
675 1510 1000 1581 τρισχιλίαις
1036 1509 1372 1580 παραϐολαῖς
1404 1512 1495 1564 καὶ
1521 1528 1719 1563 πεντα-

185 1601 434 1670 κισχιλίαις
484 1601 685 1671 ᾠδαῖς;
749 1600 836 1664 Ἐξ
874 1601 1050 1655 αὐτῶν
1100 1597 1192 1655 οὖν
1238 1601 1440 1656 τούτων
1480 1605 1529 1654 oi
1583 1602 1721 1671 φίλοι

193 1690 398 1754 Ἐζεκίου
427 1693 582 1762 σοφοὶ
615 1692 946 1763 ὑπάρχοντες
982 1692 1289 1759 ἐξελέξαντο
1311 1694 1378 1746 τά
1403 1695 1539 1765 πρὸς
1576 1697 1721 1748 οἰκο-

180 1786 320 1857 δομὴν
347 1785 439 1854 τῆς
467 1785 809 1854 Ἐκκλησίας.
840 1786 949 1848 Τάς
981 1803 1040 1837 τε
1077 1785 1288 1856 βίϐλους
1331 1787 1443 1854 (27)
1485 1786 1577 1839 τοῦ
1627 1788 1722 1838 Σο-

182 1879 416 1948 λομῶντος
447 1877 546 1940 τὰς
575 1878 703 1948 περὶ
728 1878 834 1931 τῶν
863 1878 1190 1948 Παραϐολῶν
1214 1880 1307 1932 καὶ
1345 1879 1527 1959 ’ῼδῶν,
1556 1881 1612 1932 ἐν
1633 1875 1720 1944 αἷς

181 1969 478 2041 περὶφυτῶν
506 1972 597 2022 καὶ
639 1969 904 2023 παντοίων
956 1969 1108 2034 ζώων
1152 1971 1498 2040 φυσιολογίας
1529 2012 1542 2033 ,
1591 1989 1720 2042 χερ-

181 2062 334 2125 σαίων,
361 2061 619 2114 πετεινῶν
648 2079 706 2114 τε
732 2063 824 2115 καὶ
842 2062 1074 2132 νηκτῶν,
1108 2065 1200 2116 καὶ
1232 2064 1472 2134 ἰαμάτων
1498 2063 1719 2126 πάθους,

179 2151 364 2216 πάντως
394 2153 695 2224 γραφείσας
721 2153 866 2224 αὐτῷ
897 2156 1120 2222 ἀφανεῖς
1165 2156 1420 2226 ἐποίησεν
1472 2155 1717 2220 Ἐζεκίας

175 2239 246 2293 διὰ
273 2241 326 2293 το
353 2242 457 2313 (28)
483 2243 586 2306 τὰς
613 2243 906 2316 θεραπείας
933 2245 1043 2298 τῶν
1077 2246 1397 2317 νοσημάτων
1432 2245 1582 2300 ἔνθεν
1629 2263 1719 2300 κο-

1822 611 1962 648 rum.
2001 593 2142 658 Quid
2177 592 2341 662 ergo?
2385 591 2655 646 falsumne
2705 592 2835 645 dicit
2874 589 3190 659 Scriptura?
3232 591 3392 645 absit.

1821 686 1925 739 Sed
1963 685 2062 738 fuit
2088 685 2306 754 quidem
2336 693 2529 753 magna
2565 699 2753 737 eorum
2783 699 2903 752 quze
2933 683 3182 751 scripsit,
3229 691 3398 738 rnate-

1819 779 1897 831 ria
1925 788 1979 831 et
2007 777 2328 842 diversitas;
2377 776 2540 844 idque
2585 775 2821 830 ostendit
2848 774 3076 829 dit-endo
3115 773 3395 828 Canticum

1820 869 2177 921 canticorum:
2212 866 2482 935 significat
2516 865 2658 919 enim
2704 881 2761 920 se
2803 866 2852 919 id
2890 867 3034 934 quod
3079 866 3396 919 contineba-

1821 971 1910 1015 tur
1943 971 2022 1014 ter
2054 959 2200 1012 mille
2231 957 2348 1012 odis
2375 973 2467 1011 seu
2502 958 2730 1011 canticis
2767 958 2841 1016 “,
2878 958 2978 1012 hoc
3018 972 3128 1010 uno
3156 971 3396 1024 compre-

1821 1051 2094 1106 hendisse.
2129 1047 2183 1100 In
2216 1048 2406 1101 diebus
2435 1057 2614 1102 autem
2646 1046 2890 1102 Ezechiae
2911 1047 3003 1102 alii
3031 1046 3246 1116 quidem
3272 1043 3395 1098 libri

1821 1140 2040 1195 fuerunt
2079 1139 2268 1200 electi,
2314 1138 2403 1191 alii
2440 1154 2566 1190 vero
2596 1137 2841 1207 neglecti.
2881 1136 3032 1192 Unde
3077 1137 3210 1190 dicit
3247 1135 3395 1189 Scri-

1822 1246 2008 1305 ptura:
2041 1233 2166 1287 Haec
2187 1243 2308 1286 sunt
2342 1231 2621 1285 Proverbia
2653 1230 2948 1285 Salomonis
2984 1231 3213 1284 discreta
3234 1229 3392 1298 (ὅθ’),

1822 1346 1936 1398 qua:
1960 1329 2273 1396 scripserunt
2307 1326 2463 1378 amici
2495 1323 2735 1378 Ezechia:
2761 1326 2895 1394 regis
2927 1325 2993 1378 ".
3025 1324 3178 1380 Unde
3214 1332 3393 1378 autem

1821 1421 2123 1488 selegerunt
2155 1418 2258 1471 nisi
2283 1432 2347 1471 ex
2382 1417 2534 1470 libris
2564 1416 2656 1485 qui
2684 1417 2898 1470 inerant
2924 1415 2978 1468 in
2997 1426 3076 1469 ter
3104 1415 3250 1469 mille
3267 1431 3392 1485 pro-

1823 1513 2023 1566 verbiis
2048 1519 2102 1566 et
2133 1511 2425 1581 quinquies
2465 1510 2610 1563 mille
2642 1509 2761 1563 odis
2790 1524 2884 1563 seu
2916 1509 3177 1564 canticis?
3208 1507 3284 1561 Ex
3318 1509 3397 1578 ip—

1824 1607 1900 1663 sis
1924 1607 2089 1676 igitur
2117 1606 2390 1675 sapientes
2419 1604 2577 1658 amici
2612 1603 2856 1658 Ezechia!
2883 1604 3160 1674 elegerunt
3187 1619 3250 1657 ea
3275 1619 3395 1670 qua:

1825 1697 2169 1766 pertinebant
2206 1697 2272 1749 ad
2302 1695 2712 1750 aediﬁcationem
2749 1693 3021 1749 Ecclesia}.
3053 1694 3245 1750 Libros
3269 1709 3395 1748 vero

1829 1785 2137 1841 Salomonis
2178 1785 2564 1841 Parabolarum
2597 1796 2649 1840 et
2682 1787 3068 1852 Canticorum,
3113 1787 3168 1839 in
3198 1786 3396 1853 quibus

1752 1862 1792 1914 Β
1827 1879 2122 1948 scripserat
2169 1879 2236 1932 de
2288 1878 2592 1948 plantarum
2637 1887 2690 1931 et
2725 1879 2903 1933 munis
2946 1877 3158 1947 generis
3186 1877 3396 1931 anima-

1828 1973 1958 2026 lium
1992 1982 2219 2035 natura,
2264 1971 2634 2032 terrestrium,
2675 1970 3002 2034 volatilium,
3059 1969 3393 2035 natatilium,

1828 2075 1881 2119 et
1906 2066 1972 2119 de
1998 2065 2204 2119 morbis
2233 2063 2513 2129 sanandis,
2542 2063 2799 2118 Ezechias
2826 2064 3089 2129 abolevit,
3120 2063 3264 2133 quod
3299 2077 3394 2132 po-

1828 2156 1983 2225 pulus
2017 2155 2210 2210 exinde
2239 2164 2449 2224 peteret
2476 2155 2713 2209 medelas
2740 2155 3076 2220 morborum,
3098 2169 3397 2224 eorumque

1827 2247 2164 2301 sanationem
2196 2263 2224 2299 a
2258 2245 2366 2300 Deo
2399 2258 2576 2314 petere
2602 2247 2914 2316 negligeret.

177 2331 394 2402 μίξεσθαι
419 2335 509 2388 τὸν
535 2335 682 2398 λαὸν,
711 2337 804 2390 καὶ
831 2339 1088 2408 περιορᾷν
1112 2337 1289 2390 αὐτῶν
1314 2338 1463 2408 παρὰ
1484 2337 1600 2408 Θεῴ
1622 2338 1718 2401 τὰς
1735 2339 1920 2400 ἰάσεις.

177 2467 2152 2492 —____________________________

1039 2601 1163 2688 IN
1245 2599 1645 2703 ISAIAM
1721 2595 2498 2690 PROPHETAM.

695 2774 846 2843 Apud
878 2773 1220 2829 Gallandium
1252 2791 1316 2829 ea:
1345 2775 1519 2830 codice
1552 2775 1878 2830 bibliothecae
1905 2775 2266 2840 Coislinianw,
2297 2791 2442 2829 num.
2474 2774 2594 2841 195,
2623 2776 2717 2844 fol.
2747 2777 2835 2830 56.

240 3107 545 3162 Ἱππολύτου
591 3111 891 3164 ἐπισκόπου
936 3113 1171 3186 Ῥώμης,
1204 3118 1330 3188 περὶ
1384 3119 1642 3182 Ἐζεκίου.

231 3199 338 3251 Ἔτι
362 3200 789 3270 μαλακισθέντος
820 3203 931 3274 (9.9)
954 3205 1045 3258 τοῦ
1084 3207 1436 3270 Ἐζεκίουτοῦ
1463 3212 1721 3282 βασιλέως

172 3288 252 3357 τῆς
292 3290 570 3354 Ἰουδαίας,
607 3294 700 3345 καὶ
743 3293 1103 3360 κλαύσαντος,
1153 3293 1314 3368 ἦλθεν
1356 3299 1584 3369 ἄγγελος
1631 3308 1723 3357 καὶ

170 3375 298 3432 εἶπεν
322 3382 466 3454 αὐτῷ
481 3401 496 3413 ο
529 3380 709 3437 Εἶδον
736 3387 806 3438 τὰ
828 3385 1058 3455 δάκρυά
1077 3403 1214 3453 σου,
1243 3391 1338 3444 καὶ
1359 3392 1596 3459 ἤκουσα
1616 3394 1724 3463 τῆς

168 3471 348 3540 φωνῆς
402 3489 566 3544 σου..
609 3475 751 3529 Ἰδοὺ
805 3481 1159 3549 προσ-τίθημι
1211 3485 1298 3548 εἰς
1340 3483 1446 3536 τὸν
1502 3488 1724 3554 χρόνον

167 3580 264 3618 σου
291 3567 388 3635 ἔτη
416 3574 504 3632 ιε’,
526 3568 701 3622 τοῦτο
737 3568 803 3622 δέ
823 3584 922 3624 σοι
938 3571 1000 3624 τὸ
1025 3573 1274 3641 σημεῖον
1294 3577 1450 3643 παρὰ
1470 3578 1688 3645 Κυρίου
1705 3594 1719 3609 ·

170 3655 278 3709 ἰδοὺ
300 3659 537 3728 στρέφει)
557 3659 671 3728 τὴν
702 3664 885 3716 σκιὰν
902 3662 1017 3716 τῶν
1046 3665 1397 3734 ἀναϐαθμῶν
1423 3669 1530 3722 τοῦ
1553 3669 1723 3724 οἴκου

165 3749 254 3802 τοῦ
272 3755 490 3819 πατρός
526 3769 666 3815 σου,
706 3755 812 3818 οὓς
836 3755 1049 3822 κατέϐη
1078 3759 1110 3809 ὀ
1143 3757 1349 3824 ἥλιος,
1395 3759 1534 3826 τοὺς
1578 3761 1724 3816 δέκα

168 3839 522 3910 ἀναϐαθμοὺς
561 3842 694 3914 (50),
723 3845 830 3910 οὓς
875 3849 1086 3914 κατέϐη
1116 3850 1153 3915 η
1195 3850 1357 3913 σκιὰ,
1394 3851 1535 3905 ὥστε
1566 3855 1720 3920 γενέ-

170 3931 219 3982 co
323 3933 334 3950 ε
413 3938 424 3950 ο
491 3936 514 3966 λ
672 3938 693 3968 ι
770 3937 784 3972 ι
937 3938 948 3954 '
1012 3938 1036 3950 ’⁸
1197 3947 1208 3967 ν
1345 3942 1368 3951 ’
1584 3947 1594 3957 ·
1649 3946 1659 3962 υ

223 3949 270 3984 αι
287 3952 380 4004 την
403 3951 625 4007 ημεραν
672 3954 884 4009 εκε.νην
921 3956 1078 4010 ωρων
1127 3941 1226 4012 λβ.
1265 3942 1370 3994 Του
1424 3943 1530 4014 γὰρ
1574 3945 1720 4014 ηλιου

166 4021 434 4093 ὂραμόντος
474 4029 569 4080 ἐπὶ
617 4028 714 4099 τὴν
742 4028 970 4100 δεκάτην
1004 4030 1171 4102 ὥραν,
1216 4031 1378 4085 πάλιν
1419 4035 1719 4090 ἀνεπόδισε.

167 4115 257 4166 Καὶ
282 4118 439 4172 πάλιν
467 4120 636 4191 ἡνίκα
678 4121 881 4192 Ἰησοῦς
906 4125 933 4174 ὁ
966 4123 1059 4176 τοῦ
1108 4124 1259 4194 Ναυὴ
1310 4126 1563 4197 ἐπολέμει
1601 4129 1724 4192 τοὺς

177 4205 517 4280 Ἀμωραίους,
559 4214 650 4267 τοῦ
675 4214 823 4284 ἡλίου
852 4215 950 4286 ήδη
978 4218 1056 4280 είς
1084 4217 1292 4287 δυσμὰς
1325 4218 1613 4283 κλίνοντος,
1631 4222 1724 4273 καὶ

163 4295 243 4348 τοῦ
275 4301 513 4373 πολέμου
535 4303 745 4375 ἀθρόως
761 4307 1129 4375 ἐπικειμένου,
1154 4307 1470 4379 εὐλαϐηθεὶς
1498 4311 1721 4380 Ἰησοῦς,

170 4389 357 4459 μήποτε
387 4395 586 4459 νυκτὸς
613 4396 1001 4468 ἐπιγενομένης
1041 4398 1374 4466 διαφύγωσιν
1404 4402 1453 4452 οί
1495 4401 1726 4472 ἀλλόφυ-

1775 2917 1816 2927 -ς

2031 3122 2296 3195 Hippolyti
2329 3125 2566 3194 episcOpi
2597 3124 2800 3191 Romae,
2833 3126 2900 3182 de
2927 3125 3178 3182 Ezechia.

1896 3214 2086 3269 Adhuc
2123 3224 2414 3285 aegrotante
2445 3214 2674 3271 Ezechia
2717 3232 2838 3288 rege
2870 3216 3067 3274 Judaiae
3108 3232 3157 3274 et
3200 3219 3394 3288 ﬂente,

1825 3305 2054 3360 accessit
2097 3305 2318 3374 angelus
2359 3316 2412 3360 et
2449 3307 2584 3361 dixit
2633 3308 2699 3361 ad
2741 3323 2899 3362 eum:
2963 3307 3082 3362 Vidi
3133 3310 3395 3381 tacrymas

1826 3406 1942 3450 tuas
1989 3406 2037 3450 et
2090 3397 2270 3449 audivi
2304 3413 2473 3451 vocem
2522 3407 2686 3452 (nam.
2740 3398 2872 3454 Ecce
2918 3401 3054 3453 addo
3101 3404 3245 3455 aztati
3294 3413 3397 3456 tua:

1825 3507 1990 3543 annos
2018 3489 2332 3559 quindecim.
2379 3489 2491 3543 Hoc
2539 3507 2654 3544 vero
2699 3491 2791 3544 tibi
2823 3493 3030 3563 signant
3070 3504 3178 3547 esto
3225 3513 3256 3547 a
3297 3494 3398 3549 Do—

1827 3583 1986 3634 mino.
2023 3580 2156 3634 Ecce
2178 3591 2414 3636 converto
2451 3583 2689 3636 umbram
2725 3584 2984 3654 graduum
3014 3586 3199 3639 domus
3226 3588 3391 3654 patris

1825 3675 1902 3726 tui
1925 3690 2051 3743 quos
2078 3674 2340 3727 descendit
2375 3675 2452 3728 sol
2473 3717 2486 3741 ,
2533 3677 2708 3728 decem
2743 3677 2936 3746 gradus
2965 3693 3092 3748 quos
3127 3677 3389 3732 descendit

1825 3765 2011 3819 umbra
2032 3766 2097 3831 ⁷³,
2128 3775 2188 3820 ut
2221 3766 2336 3820 dies
2367 3767 2465 3821 ista
2499 3769 2591 3821 fiat
2614 3768 2871 3822 horarum
2899 3769 3115 3838 triginta
3137 3770 3389 3824 duarum.

1826 3857 1919 3911 Sol
1949 3857 2092 3911 enim
2127 3873 2248 3912 cum
2280 3859 2393 3926 jam
2425 3859 2491 3912 ad
2525 3859 2788 3913 decimam
2823 3861 3010 3914 horam
3054 3861 3400 3917 deencurris~

1825 3958 1925 4013 set,
1960 3949 2154 4004 iterum
2188 3965 2440 4004 reversus
2469 3961 2571 4004 est.
2606 3949 2790 4005 Itidem
2826 3962 2883 4006 ut
2913 3967 3033 4006 cum
3058 3951 3216 4006 Jesus
3256 3952 3401 4006 Nave

1826 4038 2165 4107 belligeraret
2203 4041 2463 4095 adversus
2497 4041 2874 4104 Amorrhzeos,
2917 4042 3027 4096 sole
3061 4042 3171 4111 jam
3207 4043 3271 4095 ad
3314 4058 3400 4098 oc-

1826 4145 2010 4184 casum
2044 4144 2313 4202 vergente,
2343 4143 2395 4187 et
2422 4133 2562 4187 bello
2594 4133 2878 4206 confertim
2907 4135 3269 4200 incumbente,
3304 4151 3396 4188 ve»

1827 4222 1964 4276 ritus
2000 4222 2166 4277 Josue
2203 4239 2268 4278 ne
2309 4240 2402 4293 per
2454 4235 2664 4279 noctem
2707 4226 3040 4294 ingruentem
3089 4227 3400 4297 alienigena:

1826 4311 2142 4383 effugerent,
2179 4315 2529 4369 exclamavit:
2569 4314 2682 4370 Stet
2710 4316 2789 4369 sol
2827 4317 2880 4368 in
2909 4315 3158 4381 Gabaon,
3194 4328 3242 4372 et
3275 4318 3400 4371 luna

1825 4407 1879 4458 in
1917 4405 2049 4458 valle
2081 4404 2218 4459 Elon
2252 4407 2332 4469 ⁷⁵,
2365 4407 2536 4462 donec
2565 4408 2823 4477 populum
2863 4409 3008 4463 hunc
3040 4409 3400 4464 debellavero.

161 4479 250 4547 λοι,
275 4487 467 4560 ἐϐόησε
504 4490 711 4559 λέγων·
748 4491 948 4557 Στήτω
974 4495 1006 4545 o'
1047 4491 1219 4559 ἥλιος
1257 4494 1405 4547 κατὰ
1442 4495 1712 4560 Γαϐαὼν,

1830 4495 1894 4549 Et
1927 4498 2070 4550 stetit
2115 4498 2193 4551 sol
2218 4515 2278 4551 ac
2323 4499 2448 4552 luna
2486 4500 2540 4552 in
2582 4502 2805 4554 statione
2841 4518 2973 4568 sua,
3023 4511 3081 4555 ut
3110 4510 3253 4556 esset
3284 4502 3400 4556 dies

161 4577 245 4628 καὶ
271 4581 307 4646 ἠ
338 4581 576 4650 σελήνη
606 4583 753 4637 κατὰ
784 4582 1051 4654 φάραγγα
1089 4584 1299 4638 Ἐλώνο
1329 4587 1433 4651 ἕως
1461 4588 1526 4641 ἂν
1553 4589 1718 4641 ἐκπο-

161 4665 362 4740 λεμήσω
391 4673 486 4726 τὸν
511 4674 640 4726 λαὸν
670 4674 876 4728 τοῦτον.
912 4678 1020 4730 Καὶ
1050 4677 1178 4748 ἔστη
1203 4678 1230 4728 ὁ
1252 4678 1419 4749 ἦλιος,
1455 4680 1547 4733 καὶ
1575 4683 1607 4751 ἡ
1634 4697 1719 4733 σε-

159 4758 276 4831 λήνη
308 4765 364 4816 ἐν
402 4768 470 4835 τῇ
503 4765 688 4818 στάσει
721 4766 919 4831 αὐτῶν,
943 4767 1081 4820 ὣστε
1109 4768 1359 4835 γενέσθαι
1381 4769 1478 4840 τὴν
1507 4771 1718 4842 ἡμέραν

162 4850 360 4925 ἐκείνην
392 4856 557 4928 ὡρῶν
590 4857 688 4912 κδ’.
723 4859 831 4910 Καὶ
857 4858 1183 4930 ἀνέστρεψεν
1217 4861 1306 4912 ἐπὶ
1342 4858 1580 4923 Ἐζεκίου
1621 4862 1717 4914 σὺν

162 4943 227 5011 τῷ
251 4946 399 5017 ἡλίῳ,
432 4949 531 5002 καὶ
557 4949 752 5021 σελήνη
775 4953 853 5014 είς
875 4952 1115 5005 τούπίσω
1134 4970 1146 4983 ο
1178 4953 1262 5006 ἵνα
1295 4954 1367 5024 μὴ
1401 4955 1433 5024 ἡ
1466 4955 1723 5025 σύγκρου-

161 5052 234 5099 σις
251 5039 354 5090 τῶν
387 5040 485 5093 δύο
520 5042 795 5111 στοιχείων
823 5042 1045 5112 γένηται
1073 5043 1322 5108 ἀτάκτως
1348 5043 1587 5114 ἀλλήλων
1605 5047 1721 5098 ἐπι-

220 5182 258 5211 ⁷¹
294 5181 359 5237 ΠΙ
394 5183 531 5256 Reg.
571 5202 646 5249 tv,
683 5186 771 5242 52.
848 5189 892 5220 ⁷¹
922 5187 1080 5244 Prov.
1108 5205 1232 5252 xxv,
1263 5190 1312 5255 1,
1364 5205 1472 5243 sec.
1504 5188 1663 5243 LXX.

191 5317 348 5396 ..(ἓἸ)-
377 5321 497 5386 Τάς
525 5339 589 5396 ξε
607 5323 773 5386 ﬁla.
805 5323 936 5396 Qua:
958 5334 1364 5396 _sequ_untﬁur,ﬂe
1402 5326 1584 5381 codice
1621 5344 1721 5383 ms.

157 5382 491 5444 bibliothecae
521 5382 723 5448 Caesar.
759 5382 928 5448 edidit
958 5382 1396 5449 Lambecius'lih.
1436 5411 1550 5462 vni,
1602 5382 1723 5468 pag.

156 5454 266 5510 390.
301 5459 528 5514 FABRIC.

220 5500 599 5598 (gamma,
644 5550 696 5585 κ.
726 5550 776 5586 τ.
811 5534 859 5586 λ.
894 5533 1091 5589 Eadem
1144 5535 1384 5590 referunt
1437 5536 1634 5590 Suidas
1670 5538 1722 5591 in

168 5589 430 5678 Ἐζεκίας,
463 5589 746 5678 _Syncglus
768 5615 821 5658 et
851 5605 965 5678 alii,
990 5605 1204 5678 ntidixi
1235 5605 1286 5678 in
1313 5606 1500 5660 Codice
1530 5589 1722 5674 pacari-—

155 5672 430 5745 epigrapho
468 5672 580 5726 νει.
618 5672 757 5745 Test.
791 5690 910 5745 pag.
949 5675 1084 5728 1045
1114 5691 1228 5744 seq.
1265 5675 1338 5729 In.

219 5741 329 5805 (29)
368 5741 884 5809 Μαλακισθέντοςῖ
931 5745 986 5798 1η
1033 5741 1356 5799 Bibliatheca
1392 5745 1721 5800 Coisliniana

157 5809 288 5865 edita
341 5829 371 5866 a
435 5814 510 5868 cl.
606 5813 1041 5879 Montfaneonio,
1114 5817 1311 5871 citatur
1362 5816 1720 5888 fragmentum

1740 5192 1784 5222 ⁷³
1815 5191 1919 5246 lsa.
1955 5208 2182 5256 xxxvtn,
2229 5191 2282 5252 5,
2317 5191 2378 5255 7,

1826 4590 1916 4642 ilia
1965 4587 2222 4643 horarum
2265 4591 2453 4660 viginti
2497 4600 2748 4659 quatuor.
2799 4593 2972 4662 Atque
3024 4595 3126 4648 sub
3171 4593 3400 4648 Ezechia

1825 4681 1988 4735 etiam
2016 4696 2138 4734 cum
2165 4681 2278 4734 sole
2308 4683 2529 4736 recessit
2559 4682 2708 4748 luna,
2745 4681 2812 4736 ne
2843 4683 2950 4737 duo
2979 4684 3243 4736 elementa
3276 4686 3396 4739 cwli

1826 4771 2131 4826 inordinate
2174 4773 2404 4825 invicem
2444 4774 2854 4842 congredientes
2893 4773 3294 4826 colliderentur.
3335 4772 3398 4826 Et

1819 4864 2102 4931 perculsus
2128 4874 2256 4917 tunc
2283 4862 2641 4916 Marodachon
2661 4862 2945 4916 Chaldaeus
2969 4876 3058 4915 rex
3084 4861 3392 4932 Babylonis,

1828 4955 1971 5024 quod
2000 4955 2380 5023 astrologicam
2417 4963 2587 5006 artem
2626 4954 2835 5007 colebat
2863 4963 3240 5022 astrorumque
3274 4969 3394 5008 cui"

1828 5062 1948 5100 sum
1988 5054 2238 5100 accurate
2272 5045 2624 5110 metiebatur,
2665 5060 2830 5099 causa
2865 5046 3076 5116 cognita
3115 5046 3394 5113 epistolam

2547 5192 2592 5221 7‘
2626 5189 2738 5245 Jos.
2779 5207 2830 5254 x,
2867 5191 2956 5245 12.

1833 5329 1974 5384 istud
2010 5345 2130 5397 pag.
2158 5326 2283 5388 245,
2319 5326 2618 5397 ubitamen
2645 5326 2901 5397 mendose
2935 5341 3196 5382 excnsum
3232 5346 3400 5397 μακα-

1835 5396 2134 5470 ρισθένίτοςο
2181 5407 2341 5466 atque
2384 5396 2524 5470 idem
2556 5411 2708 5450 error
2732 5396 3178 5470 inllippolytum
3209 5396 3399 5452 Fabri~

1831 5467 2045 5523 ciannm
2079 5469 2295 5536 irrepsit
2331 5476 2456 5519 tom.
2494 5467 2534 5530 Ι,
2575 5482 2696 5536 pag.
2721 5467 2851 5536 271.

1902 5540 2012 5609 (50)
2059 5535 2202 5602 Τοὺς
2227 5535 2369 5609 δέκα
2405 5535 2799 5609 ἀναϐαθμοὺς,
2840 5554 2892 5589 κ.
2943 5554 2993 5589 τ.
3039 5536 3086 5590 λ.
3135 5535 3258 5609 Haec
3311 5556 3397 5590 rc-

1829 5606 1960 5664 citat
1987 5609 2211 5663 Michael
2232 5606 2426 5678 Glycas
2451 5607 2502 5659 in
2535 5606 2727 5660 Annal.
2757 5617 2894 5673 part.
2930 5623 2986 5672 ιι,
3015 5623 3133 5678 pag.
3170 5608 3287 5663 194.

1904 5681 2038 5748 (50‘)
2092 5675 2310 5733 Contra
2350 5675 2590 5734 Graecam
2647 5677 2992 5737 versionem.
3061 5675 3180 5749 quae
3236 5680 3398 5734 habet

1832 5751 2149 5823 ἀδιάκριτοι.
