3836 6534
211 356 308 412 637
1365 361 1783 417 FRAGMENTA

1933 362 2298 417 DANIEIEM.
3339 363 3442 416 638

213 479 286 531 les
319 488 480 547 atque.
517 478 752 540 Iudaeos,
780 478 857 533 'ut
903 480 1068 536 faisos
1118 489 1280 536 testes
1309 483 1567 536 adversus
1597 482 1934 536 Christianos
1985 500 2042 533 se
2073 485 2362 550 pradicant.
2414 481 2676 535 Similiter
2705 482 2958 534 admonet
2991 488 3180 533 auctor
3213 478 3332 550 libri
3370 478 3445 532 De

216 550 549 621 {tittichristo
573 552 713 618 (cap.
745 551 798 618 1)
827 551 1208 621 Theophilum,
1239 563 1296 606 ut
1325 563 1512 606 caveat
1533 569 1600 605 ne
1633 554 1718 605 hic
1747 553 1881 605 liber
1906 555 1957 604 in
1982 548 2329 620 conspectum
2359 554 2536 605 veniat
2563 551 2911 621 profanorum
2947 551 3250 621 hominum.
3286 548 3454 602 Vers-

309 621 616 691 invenimus
646 622 888 691 eamdem
923 619 990 675 de
1013 620 1192 675 Verbo
1223 624 1566 684 sententiam,
1599 639 1720 690 quae
1767 625 1924 675 latius
1957 619 2245 691 exponitur
2273 624 2337 675 de
2369 619 2702 676 Antichristo
2734 625 2874 690 (cap.
2904 623 2938 674 ξ).
2967 630 3019 691 et
3048 623 3100 681 4,
3133 621 3205 674 cf.
3245 620 3443 691 librum

215 687 366 762 Hipp.
407 690 657 762 adversus
679 690 944 762 iludwos).
974 691 1174 762 Eodem
1210 694 1497 762 allegorico
1533 687 1692 745 modo
1740 687 2121 762 interpretatus
2155 702 2238 746 est
2285 703 2465 746 noster
2501 687 2924 745 benedictionem
2956 689 3140 743 Jacobi
3174 700 3227 743 et
3255 690 3442 762 Isaaci.

279 759 416 811 Cum
445 760 639 832 deinde
675 761 959 832 Hippolyto
987 777 1015 814 a
1045 761 1293 832 Syncello
1319 759 1779 832 't:i8)iascribatur
1815 759 1950 814 liber
1984 762 2055 813 De
2088 761 2331 832 Susutma
2365 774 2412 814 et
2447 762 2682 823 Daniele,
2741 777 2844 814 non
2879 762 3139 813 habemus
3166 761 3449 832 curhune

212 829 431 892 librum,
468 831 562 898 qui
597 831 771 885 locum
801 829 963 885 habet
996 834 1046 884 in
1076 829 1265 885 eodem
1295 829 1629 888 cod.'Rom..
1685 849 1748 884 ex
1780 849 1888 900 quo
1911 833 2148 900 Angelus
2198 831 2369 885 Maius
2410 833 2576 885 edidit
2610 833 3040 884 commentarium
3068 833 3122 882 in
3157 830 3446 900 Danielem.

213 909 399 952 nostro
447 900 845 970 ahjudicemus.
897 902 1260 957 Combetisius
1285 904 1394 970 (49)
1429 912 1580 971 putat
1608 899 2016 972 Hieronymum
2041 912 2093 956 et
2127 901 2377 956 Photium
2410 904 2477 956 de
2508 904 2608 955 hoc
2640 910 2846 955 tantum
2878 902 3014 954 libro
3058 901 3302 972 dixisse.
3345 899 3450 952 Eos

210 983 334 1021 vero
392 986 504 1023 non
561 973 734 1025 solum
787 975 930 1025 hunc
983 973 1202 1036 librum,
1252 975 1343 1026 sed
1375 973 1534 1025 etiam
1565 983 1734 1025 totum
1762 971 2078 1025 inDauielis
2123 973 2316 1024 librum
2348 973 2818 1034 commentarium,
2853 972 2942 1039 qui
2991 971 3450 1038 eontplectebatur

209 1040 352 1093 hunc
389 1041 552 1094 etiam
590 1043 785 1094 librum
822 1053 985 1111 atque
1011 1059 1071 1096 ea
1109 1059 1229 1112 quia
1262 1045 1312 1096 in
1345 1044 1614 1096 canticum
1645 1045 1804 1095 trium
1840 1058 2126 1110 puerorum
2159 1043 2392 1110 scripsit,
2421 1043 2630 1110 legisse,
2663 1042 2772 1110 jam
2801 1041 3168 1110 probavimus.

1421 1277 1490 1330 De
1521 1278 1727 1330 cantico
1756 1276 1912 1328 trium
1943 1292 2243 1346 puerorum.

277 1391 629 1465 Hippolytum
661 1393 806 1446 hunc
838 1393 1104 1465 canticum
1145 1393 1336 1460 legisse
1365 1393 1420 1445 in
1458 1393 1634 1447 medio
1659 1392 1849 1465 capitis
1880 1409 1938 1446 ιιι
1970 1392 2202 1446 Danielis
2233 1393 2354 1446 libri
2385 1395 2651 1456 canonici,
2690 1395 2813 1450 inde
2853 1407 3073 1465 apparet
3102 1397 3244 1465 quod
3275 1395 3451 1448 citan-

210 1472 293 1517 tur
329 1462 700 1533 versusiillius
733 1464 926 1531 capitis
953 1464 1064 1530 ('50)
1099 1465 1286 1516 eodem
1325 1479 1550 1517 numero
1577 1480 1686 1532 quo
1719 1464 2028 1517 referuntur
2058 1480 2084 1515 a
2119 1465 2319 1518 Graecis
2345 1465 2748 1532 interpretibus.
2815 1462 2949 1520 Cum
2981 1462 3144 1533 igitur
3170 1481 3452 1520 commen-

211 1534 414 1605 tarium
444 1532 495 1585 in
531 1532 766 1605 Dauielis
795 1535 987 1605 librum
1019 1535 1342 1586 canonicum
1380 1535 1523 1587 hunc
1555 1535 1606 1586 in
1643 1533 1913 1586 canticum
1957 1535 2117 1605 trium
2158 1550 2448 1601 puerorum
2478 1537 2757 1604 complecti
2802 1538 2853 1590 in
2885 1532 3068 1605 aprico
3096 1538 3184 1597 sit,
3217 1553 3300 1596 ea,
3336 1552 3456 1603 quae

211 1604 569 1675 inveniuntur
601 1605 653 1656 in
688 1603 889 1675 Catena
919 1603 1136 1656 Patrum
1173 1605 1223 1656 in
1251 1605 1489 1675 psalmos
1512 1613 1566 1658 et
1587 1605 1794 1675 cantica
1823 1603 2310 1675 sacra-Scriptura:
2359 1605 2510 1670 (edit.
2539 1603 2856 1660 Carderiau.
2889 1603 3020 1661 tom.
3050 1607 3138 1669 Ill,
3171 1623 3222 1675 p.
3257 1607 3350 1660 95l
3387 1606 3455 1658 ad

210 1675 261 1734 5,
307 1674 381 1726 57
425 1673 560 1739 (51),
597 1674 813 1741 legenda
850 1680 977 1725 sunt
1021 1682 1073 1725 tn
1121 1674 1561 1745 adnotationibus
1589 1674 1652 1726 ad
1684 1690 1802 1745 cap.
1833 1675 1866 1727 5
1894 1674 2013 1745 libri
2047 1676 2316 1726 canonici.
2371 1677 2506 1729 (lum
2561 1676 2722 1745 igitur
2751 1673 3257 1730 counuentarius‘in
3283 1676 3457 1728 cauti-

211 1760 333 1817 cum
371 1745 537 1796 triqu
577 1745 1128 1817 pueroruminuexus
1161 1744 1232 1798 sit
1263 1746 1653 1799 commentario
1702 1745 1754 1797 in
1781 1743 2012 1798 Dauielis
2050 1747 2376 1798 canonicum
2417 1743 2638 1812 librum,
2673 1747 3038 1816 quin-optimo
3063 1749 3185 1817 jure
3209 1747 3258 1800 ei
3288 1746 3458 1800 ascri-

210 1815 392 1877 batur,
429 1829 538 1867 non
570 1823 652 1868 est
687 1815 831 1884 quod
858 1815 1193 1868 dubitemus.
1794 1881 1864 1935 Iv

1005 1978 1080 2032 De
1117 1979 1389 2049 Hippolyti
1415 1981 1661 2048 prommio
1701 1980 1754 2030 in
1787 1981 2217 2032 commentarium
2255 1979 2323 2032 ad
2361 1981 2648 2036 Dauielem.

275 2067 666 2136 Fragmentum
698 2069 838 2137 apud
870 2067 1176 2122 Fabricium
1216 2072 1290 2139 (ν.
1333 2070 1372 2131 I,
1401 2087 1454 2138 p.
1483 2070 1605 2133 9.78)
1637 2070 1958 2139 prooemium
1985 2086 2105 2124 esse
2137 2074 2512 2126 commentarii
2546 2075 2598 2126 in
2630 2074 2899 2129 Danielem
2927 2075 3158 2128 videtur.
3192 2073 3455 2139 Primum,

209 2140 904 2212 curconscripserithunc
933 2139 1192 2212 libellum,
1223 2138 1436 2212 deinde,
1473 2142 1698 2212 quando_
1721 2141 1914 2212 vixerit
1941 2138 2126 2194 Daniel
2151 2150 2204 2195 et
2233 2152 2478 2196 versatus
2507 2145 2575 2197 sit
2602 2147 2846 2212 captivus
2880 2146 3171 2212 Babylone,
3205 2138 3454 2212 exponit:

211 2209 454 2284 denique
485 2210 936 2284 paucisillustrat
965 2209 1277 2284 imitatorum
1312 2205 1648 2284 historiama
1674 2208 1876 2284 Joacha
1913 2226 2037 2284 rege
2070 2228 2241 2284 usque
2265 2213 2330 2284 ad
2361 2222 2591 2279 tempus,
2626 2205 2733 2282 quo
2763 2216 2812 2267 in
2840 2205 3087 2268 exsili-um
3130 2205 3455 2284 Babylonem

208 2281 358 2332 ducti
395 2290 546 2333 sunt.
587 2279 796 2344 Quibus
828 2280 1090 2348 absolutis
1119 2282 1220 2334 hoc
1254 2283 1413 2333 modo
1445 2281 1676 2334 transire
1703 2280 1915 2333 videtur
1950 2282 2015 2332 ad
2043 2283 2418 2348 explicandam
2453 2279 2732 2346 historiam
2765 2286 2830 2337 de
2857 2286 3104 2337 Susanna
3145 2303 3156 2336 :
3191 2279 3296 2336 Τοῦ
3329 2283 3456 2338 λαοῦ

210 2349 416 2412 παντὸς
465 2350 895 2425 μετοικισθέντος
931 2347 1035 2425 (fi;
1071 2349 1396 2425 Βαϐυλῶνα)
1437 2392 1450 2405 .
1498 2391 1509 2401 .
1556 2390 1568 2400 .
1593 2389 1634 2425 _._
1673 2390 1686 2402 .
1729 2350 2053 2425 ευρίσκομεν
2099 2347 2189 2404 τὸν
2233 2353 2504 2425 μακάριον
2527 2355 2723 2425 Δανιὴλ
2757 2359 2814 2408 ἐν
2850 2354 3126 2408 Βαϐυλῶνι
3152 2355 3460 2425 προφητεύ-

211 2436 403 2492 σαντα,
565 2420 774 2472 ἔκδικον
798 2420 898 2492 τῆς
931 2420 1219 2492 Σωσαννης
1247 2421 1554 2492 γενόμενον.
1593 2417 1708 2492 Non
1735 2420 1782 2492 vi

1898 2437 1914 2473 ε
1948 2417 2252 2492 possemus,
2290 2417 2416 2492 quid
2447 2424 2548 2477 sibi
2583 2417 2736 2478 vellet
2763 2417 3210 2487 additamentum,
3263 2417 3459 2478 Danie-

211 2488 312 2560 lem
355 2489 632 2560 Babylone
671 2491 943 2543 exstitisse
979 2488 1244 2543 vindicem
1277 2488 1560 2552 Sus'aunze,
1608 2490 1710 2542 nisi
1759 2490 1905 2543 hisce
1935 2491 2114 2544 verbis
2148 2509 2270 2545 eum
2308 2488 2537 2546 transire
2565 2495 2798 2548 voluisse
2826 2497 2888 2550 ad
2921 2495 3370 2549 commentarium
3406 2496 3458 2548 in

213 2559 505 2613 historiam
541 2562 607 2613 de
634 2560 885 2613 Susanna
913 2560 1185 2625 conjicere
1214 2561 1416 2614 liceret.
1449 2561 1623 2627 Atque
1659 2560 1914 2613 traditum
1955 2561 2114 2616 nobis
2148 2571 2260 2624 est,
2302 2564 2584 2617 historiam
2620 2566 2685 2618 de
2720 2566 2966 2618 Susanna
3013 2566 3188 2618 locum
3219 2564 3460 2618 tenuisse

211 2630 264 2682 in
299 2631 496 2704 codice
518 2671 531 2690 .
559 2646 673 2704 quo
696 2631 952 2704 utebatur
980 2628 1320 2704 llippolytus,
1350 2641 1472 2704 ante
1502 2631 1698 2704 librum
1729 2631 2052 2704 canonicum
2088 2631 2325 2687 Danielis
2357 2633 2491 2704 (5‘2).
2554 2633 2700 2688 Talis
2733 2652 2854 2689 cum
2893 2636 3055 2688 fuerit
3088 2636 3254 2688 codex
3285 2636 3456 2688 nostri

213 2701 526 2774 scriptoris,
567 2701 874 2774 verisimile
909 2698 1482 2774 videtur__[_irooznt_iuni
1513 2699 1666 2774 illud
1710 2700 1778 2774 ab
1824 2698 2109 2774 Hippolyto
2141 2719 2263 2756 vere
2291 2698 2410 2758 esse
2445 2698 2802 2774 compositum
2833 2707 2964 2773 (δῦ).
3021 2705 3152 2770 Qua:
3193 2706 3459 2774 sententia

209 2768 574 2841 conﬁrmatur
602 2787 640 2841 a7
665 2770 914 2840 Syncello
944 2771 1074 2841 (ξι).
1126 2769 1268 2823 Dicit
1300 2771 1441 2824 enim
1476 2772 1543 2822 ab
1571 2768 1854 2839 Hippolyto
1898 2768 2121 2824 relatum
2149 2788 2268 2826 esse
2304 2774 2355 2826 iu
2383 2768 2586 2841 scripto
2611 2776 2672 2828 de
2705 2768 2949 2830 Susanna
2975 2787 3022 2828 et
3047 2768 3291 2837 'Daniele,
3333 2773 3460 2828 .loa-

210 2840 419 2893 ciuium
456 2841 569 2915 siye
599 2839 717 2915 alio
735 2841 952 2915 nomine
979 2839 1318 2915 Jechoniam,
1355 2857 1479 2894 cum
1511 2851 1620 2894 tres
1659 2855 1831 2892 annos
1865 2851 2162 2915 regnasset,
2201 2858 2323 2915 cum
2365 2839 2563 2912 populo
2597 2845 2921 2915 Babylonem
2950 2848 3169 2899 ductum
3205 2861 3347 2909 essc,
3381 2847 3464 2897 in-

211 2919 292 2983 ter
327 2925 474 2983 quos
509 2909 780 2983 Danielem
809 2911 1036 2983 ejusque
1067 2919 1178 2983 tres
1205 2911 1452 2983 amicos,
1491 2926 1719 2983 uxorem
1743 2923 1869 2983 vero
1909 2911 2052 2979 regis
2087 2910 2254 2983 fuisse
2283 2909 2609 2967 Sttsauuam.
2665 2909 2799 2969 Com
2835 2917 2886 2968 in
2923 2915 3191 2983 Hippolyti
3224 2915 3362 2968 libro
3398 2921 3461 2966 de

212 2977 443 3055 _D_mn'ele_
474 2992 520 3055 et
551 2978 794 3055 Susanna
828 2976 958 3055 nihil
991 2981 1295 3055 inveniatur
1326 2982 1393 3034 de
1425 2980 1642 3055 Bauicle
1673 2976 2106 3055 abiluetoureque
2133 2981 2199 3055 de
2230 2990 2470 3055 tempore
2517 3001 2607 3052 per
2643 2987 2784 3054 quod
2822 2976 3132 3055 regnaret-ii
3156 2983 3457 3043 Joacimus,

211 3049 262 3100 id
289 3051 444 3122 quod
479 3050 530 3102 in
557 3053 820 3122 prommio
851 3051 1063 3119 legitur,
1100 3051 1394 3122 genuinum
1428 3050 1559 3104 illud
1583 3049 1930 3122 ascribimus
1963 3048 2269 3122 Hippolyto.
2323 3048 2583 3106 Praeterea
2621 3048 2800 3109 autem
2833 3048 2941 3108 non
2973 3055 3239 3117 invenias,
3277 3070 3396 3122 qua:
3429 3072 3459 3104 a

212 3121 394 3193 nostri
418 3120 637 3189 ingenio
665 3121 1013 3186 abhorreant,
1039 3120 1140 3193 sed
1174 3121 1358 3175 insunt
1387 3137 1518 3176 sane
1545 3119 1748 3193 aliqua,
1776 3134 1897 3186 qua:
1923 3119 2239 3193 pulchre'in
2270 3139 2395 3178 eum
2428 3125 2718 3191 qu—adrant,
2745 3142 2792 3179 e.
2820 3142 2869 3178 c.
2901 3125 3044 3193 quod
3071 3135 3180 3176 tam
3211 3119 3463 3185 accurate

210 3187 500 3244 indicatur
520 3201 730 3263 tempus
785 3206 880 3260 per
907 3191 1050 3263 quod
1083 3191 1280 3263 singuli
1318 3187 1862 3263 regnaverint_reges.
1926 3187 2100 3263 Porro
2131 3192 2232 3246 hoc
2276 3187 2598 3262 prommium
2627 3205 2748 3263 post
2779 3187 3194 3249 Constantinuu'i
3232 3195 3462 3261 impera-

207 3268 386 3334 torem
423 3275 533 3334 non
569 3258 829 3334 scriptum
863 3258 1003 3334 esse,
1035 3261 1162 3334 inde
1180 3258 1550 3334 elucetfquod
1580 3270 1633 3314 et
1663 3258 1847 3334 Daniel
1877 3261 2190 3315 nominatur
2227 3258 2486 3332 propheta
2513 3258 2674 3331 atque
2703 3265 2907 3321 Christi
2935 3273 3158 3334 martyr,
3204 3273 3258 3318 et
3286 3258 3461 3318 tribus

206 3328 327 3397 ejus
356 3331 554 3384 amicis
581 3330 891 3385 attribuitur
919 3330 1194 3401 epitheton
1230 3328 1503 3402 μάρτυρες
1536 3329 1736 3383 πιστοί.

516 3490 532 3520 l

245 3653 364 3709 Τοῦ
389 3655 715 3725 ἀγιωτάτου
753 3656 1097 3710 Ἱππολύτου
1127 3657 1463 3710 ἐπισκόπου
1499 3656 1736 3725 Ῥώμης.

277 3749 393 3819 Τὴν
407 3748 694 3820 ἀκρίϐειαν
723 3747 831 3800 τῶν
852 3749 1056 3819 χρόνων
1079 3749 1176 3819 τῆς
1199 3749 1571 3819 γεγενημένης
1595 3750 1791 3820 αἰχμα-

205 3839 413 3904 λωσίας
437 3843 551 3905 τοῖς
585 3843 719 3903 υἱοῖς
767 3840 980 3911 Ἰσραὴλ
1009 3843 1066 3893 ἐν
1096 3840 1374 3893 Βαϐυλῶνι
1421 3841 1789 3906 ἐπιδείξασθαι

208 3934 558 4004 βουλόμενος,
595 3933 809 3996 καὶτὰς
842 3933 935 3986 τοῦ
968 3933 1237 4004 μακαρίου
1275 3934 1471 4005 Δανιὴλ
1514 3934 1621 3988 τῶν
1657 3937 1788 4007 ὁρα-

211 4029 402 4097 μάτων
430 4026 788 4097 προφητείας,
821 4027 920 4096 τὴν
957 4025 1147 4078 τούτου
1178 4026 1234 4076 ὲν
1256 4024 1532 4079 Βαϐυλῶνι
1565 4029 1628 4079 ὲκ
1659 4044 1788 4080 παι-

207 4119 297 4183 δὸς
348 4120 732 4190 ἀναστροφήνο
783 4119 1040 4190 πρόσειμι
1082 4119 1174 4172 καὶ
1223 4119 1382 4182 αὐτὸς
1432 4120 1792 4190 μαρτυρήσων

206 4215 342 4284 ὁσίῳ
372 4214 471 4266 καὶ
504 4211 694 4282 δικαίῳ
711 4211 864 4283 ἀνδρὶ
891 4211 1144 4282 προφήτῃ
1176 4210 1266 4263 καὶ
1299 4210 1533 4282 μάρτυρι
1557 4211 1792 4282 Χριστοῦ

207 4304 588 4375 γεγενημένῳ·
626 4303 685 4366 ὃς
713 4304 774 4355 οὐ
819 4303 976 4374 μόνον
998 4301 1065 4355 τὰ
1092 4301 1186 4354 τοῦ
1217 4301 1482 4372 βασιλέως
1524 4303 1796 4372 Ναϐουχο-

202 4397 429 4469 δονόσορ
455 4397 710 4468 ὁράματα
737 4398 850 4458 τοῖς
880 4395 1000 4448 τότε
1023 4397 1234 4466 καιροῖς
1262 4394 1625 4464 ἀπεκάλυψεν,
1657 4394 1792 4448 ἀλλὰ

206 4491 302 4543 καὶ
333 4490 555 4559 ὁμοίους
587 4487 736 4558 αὐτῷ
767 4487 964 4549 παῖδας
1018 4485 1318 4551 ἐκδιδάξας,
1371 4485 1652 4559 μάρτυρας
1706 4503 1794 4538 πι-

207 4583 370 4646 στοὺς
426 4582 486 4634 ὲν
535 4580 724 4650 κόσμῳ
774 4580 1106 4650 προήγαγενο
1154 4570 1308 4640 οὗτος
1351 4578 1529 4630 τοίνυν
1585 4577 1790 4645 γίνεται

206 4672 352 4729 κατὰ
402 4671 532 4733 τοὺς
583 4669 805 4741 χρόνους
853 4669 952 4739 τῆς
993 4668 1327 4740 προφητείας
1373 4667 1466 4720 τοῦ
1521 4669 1790 4740 μακαρίου

216 4760 511 4832 Ἱερεμίου,
547 4761 646 4830 τῆς
671 4760 728 4812 δὲ
751 4759 1030 4828 βασιλείας
1072 4759 1327 4829 Ἰωακεὶμ
1351 4759 1447 4811 τοῦ
1487 4760 1784 4831 Ἐλιακείμ·

205 4853 266 4916 ὃς
294 4853 412 4922 ἅμα
435 4853 548 4914 τοῖς
568 4851 772 4914 λοιποῖς
794 4849 1157 4921 αἰχμαλώτοις
1175 4850 1421 4920 ληφθεὶς,
1449 4850 1640 4918 ἄγεται
1672 4855 1788 4922 μετ’

205 4942 391 4998 αὐτῶν
412 4945 495 5007 εἰς
517 4942 827 4997 Βαϐυλῶνα.
860 4943 1028 4995 Πέντε
1069 4941 1175 5012 γὰρ
1217 4935 1360 4993 οὗτοι
1399 4942 1501 4994 υἱοὶ
1553 4943 1788 5010 γίνονται

282 5062 329 5092 ⁷⁸
355 5059 422 5113 IV
460 5058 594 5130 Reg.
632 5074 787 5122 xxtu,
819 5059 908 5112 50.

309 5178 397 5248 48)
436 5175 523 5231 Cl‘.
549 5175 628 5248 7G.
657 5173 964 5248 Syncellum
992 5173 1044 5226 in
1074 5172 1385 5242 Chronogr.,
1416 5171 1607 5242 p.218,
1644 5173 1784 5242 apud

204 5244 386 5304 Ὲοὶιτέ
405 5248 514 5300 vol.
546 5247 587 5310 l,
619 5262 672 5314 p.
704 5244 830 5298 272.

280 5320 394 5387 (49)
435 5315 500 5387 L.
538 5319 600 5379 1.,
630 5332 682 5384 p.
711 5314 802 5387 ea.

283 5382 396 5459 (50)
433 5386 519 5442 Cf.
568 5382 830 5456 Angelum
881 5382 1080 5438 Maium
1123 5384 1161 5437 l.
1195 5383 1231 5437 1.
1265 5392 1393 5438 tom.
1442 5385 1498 5448 l,
1546 5399 1689 5454 pars.
1747 5401 1784 5450 ι,

207 5460 522 5596 μὲῗξέι.
551 5527 765 5581 Fabric.
790 5569 804 5583 .
852 5528 957 5580 vol.
997 5524 1052 5588 l,
1101 5541 1153 5593 p.
1188 5523 1312 5596 280.
1368 5524 1499 5590 Qua:
1527 5541 1591 5596 et;
1625 5523 1781 5593 Hipp.

206 5602 269 5652 in
297 5593 512 5652 Daniel.
557 5598 930 5652 commentario
977 5596 1159 5649 laudat
1192 5593 1496 5648 Eustratius
1522 5594 1626 5649 CP.
1662 5596 1782 5648 adv.

209 5667 788 5806 Efﬁcaop‘angychitas
817 5682 934 5736 cap.
969 5667 1052 5729 lt),
1091 5665 1413 5719 exhibentur
1451 5667 1590 5734 apud
1621 5664 1779 5718 Fabr.

294 5775 326 5792 ..
356 5775 391 5791 ..
491 5781 503 5792 .
535 5775 626 5794 υ...

294 5782 414 5880 (5‘2),
438 5775 519 5864 ιῗι.
553 5808 718 5862 Fabr.
739 5809 841 5864 vol.
866 5807 901 5871 1,
934 5824 966 5876 p
1009 5807 1111 5859 Q75
1137 5826 1146 5858 :
1185 5805 1327 5875 Αὕτη
1358 5807 1449 5876 μὲν
1477 5801 1565 5858 οὖν
1591 5809 1620 5876 ἡ
1651 5807 1782 5857 ἱστο-

1489 3527 2214 3652 PROOEMIUM.

1817 3665 1865 3721 Δ

2115 3660 2449 3716 Sanctissimi
2476 3661 2750 3732 Hippolyti
2776 3661 2951 3715 Romae
2982 3660 3229 3729 episcopi.

1960 3753 2062 3807 Cui
2087 3753 2446 3807 constitutum
2482 3753 2572 3821 sit,
2611 3762 2669 3808 ut
2701 3753 2985 3822 diligenter
3007 3750 3289 3806 ostendam
3324 3762 3460 3803 tem-

1888 3859 2020 3916 pora
2077 3845 2407 3913 captivitatis
2452 3845 2795 3916 Babyloniae
2837 3845 3073 3897 ﬁliorum
3138 3842 3342 3906 Israel,
3401 3857 3464 3894 ac

1889 3938 2030 3992 beati
2082 3937 2318 3993 Danielis
2377 3937 2648 3992 visionum
2694 3937 2918 3991 oracula
2977 3934 3131 4004 (ejus
3181 3933 3390 3986 scilicet
3429 3948 3458 3984 a

1889 4043 2060 4098 puero
2095 4028 2366 4100 Babylone
2398 4029 2561 4082 vitam
2591 4044 2656 4083 ac
2680 4026 3191 4093 conversationem),
3224 4025 3383 4078 venio
3411 4033 3464 4076 et

1891 4120 2006 4190 ipse
2038 4129 2099 4174 ut
2143 4121 2261 4175 viro
2317 4131 2508 4176 sancto
2548 4129 2602 4174 et
2641 4121 2792 4189 justo
2824 4119 3104 4188 propheta:
3146 4116 3464 4184 Christique

1891 4213 2113 4284 martyri
2144 4213 2514 4268 testimonium
2543 4213 2878 4282 perhibeam.
2897 4213 2946 4266 Is
2972 4225 3206 4278 namque
3234 4224 3340 4262 non
3374 4225 3463 4262 so-

1891 4303 2002 4357 lum
2036 4304 2177 4372 regis
2221 4302 2769 4358 Nabuchodonosoris
2804 4304 2918 4358 visa
2947 4319 3043 4373 per
3073 4302 3186 4356 haec
3219 4310 3464 4369 tempora

1890 4394 2202 4460 declaravit,
2225 4410 2412 4448 verum
2439 4395 2603 4449 etiam
2634 4394 2686 4448 ei
2716 4394 2924 4449 similes
2955 4408 3155 4462 pueros
3204 4391 3462 4451 edocens,

1893 4487 2078 4541 ﬁdeles
2113 4488 2165 4540 in
2200 4487 2404 4541 mundo
2427 4495 2592 4542 testes
2623 4487 2898 4556 produxit.
2942 4484 3114 4539 Natus
3151 4485 3334 4552 itaque
3360 4481 3466 4534 Da-

1893 4579 2001 4634 niel
2023 4592 2124 4645 est,
2157 4594 2267 4649 quo
2291 4588 2534 4650 tempore
2560 4581 2751 4634 beatus
2775 4577 3039 4633 Jeremias
3065 4577 3323 4646 propheta
3355 4575 3466 4627 cla-
3541 4623 3544 4626 ,

1891 4672 2022 4736 ruit,
2077 4682 2131 4746 et
2172 4687 2282 4740 quo
2310 4671 2516 4726 Joaeim
2547 4673 2690 4726 tilius
2711 4671 2937 4725 Eliacim
2976 4686 3067 4724 rex
3103 4669 3224 4721 fuit.
3255 4666 3304 4720 Is
3327 4681 3463 4719 una-

1892 4779 2016 4817 cum
2044 4764 2269 4832 reliquis
2293 4764 2524 4834 captivis
2547 4779 2611 4818 ac
2642 4762 2916 4817 manubiis
2945 4770 3156 4830 captus,
3177 4758 3292 4828 pari
3321 4765 3465 4810 sorte

1894 4852 2219 4923 Babylonem
2277 4855 2513 4908 ducitur.
2563 4853 2702 4907 Sunt
2731 4852 2874 4906 enim
2927 4852 2980 4904 hi
3026 4850 3266 4920 quinque
3320 4847 3463 4900 beati

1891 4944 2050 4998 Josiae
2085 4945 2202 5008 lilii,
2243 4944 2497 5011 Joachas,
2543 4948 2588 4978 ⁷⁵
2622 4945 2848 5000 Eliaeim
2880 4954 2932 4998 et
2970 4941 3256 5006 Joaunan;
3298 4938 3463 4994 Sede-

1895 5175 1999 5259 pt’a’
2026 5177 2312 5246 γεγένηται
2362 5175 2616 5259 ὕστερον,
2666 5177 2983 5259 προεγραφη
3030 5173 3459 5259 ξὲ.τῆς.βί6λου

1891 5244 2114 5316 πρώτης
2156 5287 2168 5299 .
2202 5244 2218 5298 .“
2247 5288 2259 5299 .
2297 5288 2310 5302 .
2349 5289 2359 5300 .
2397 5287 2409 5299 .
2453 5244 2776 5316 εὑρίσκομεν
2824 5244 2932 5316 γάρ
2975 5247 3065 5298 καὶ
3106 5245 3298 5316 ἐντοῖς
3327 5261 3460 5316 crpo-

1891 5314 2089 5385 φήταις
2135 5319 2350 5388 ὁράσεις
2413 5314 2564 5379 τινὰς
2605 5314 2836 5388 πρώτας
2885 5314 3312 5387 γεγραμμένας,
3367 5314 3462 5367 καὶ

1891 5388 1987 5438 ἐπ’
2014 5388 2255 5457 ὲσχᾴτων
2282 5387 2732 5457 πεπληρωμένας.

1961 5457 2070 5539 (55)
2112 5455 2264 5539 Quod
2299 5455 2521 5539 quidem
2553 5455 2662 5539 non
2687 5457 2988 5539 .maguinest.
3011 5455 3266 5539 momenti
3289 5494 3304 5518 ,
3337 5470 3459 5508 cum

1895 5525 2333 5596 prmstantissimi
2359 5527 2572 5582 codices
2600 5529 2652 5580 in
2687 5525 2840 5580 initio
2873 5527 2992 5579 libri
3033 5525 3264 5579 Danielis
3298 5540 3462 5579 cano-

1897 5599 2000 5650 nici
2038 5598 2317 5651 historiam
2349 5599 2415 5652 de
2447 5596 2696 5652 Susanna
2723 5599 3029 5652 exhibeant.
3066 5596 3149 5651 Cl‘.
3181 5596 3458 5650 Simonem

1892 5667 1908 5720 l
1959 5669 1993 5721 Ι.
2035 5669 2086 5720 iu
2121 5668 2328 5734 praelat.
2359 5684 2412 5737 p.
2448 5685 2576 5721 xvii.

1961 5739 2072 5811 (54)
2115 5740 2171 5793 lu
2200 5739 2512 5810 Chronogn,
2542 5756 2594 5807 ν.
2633 5739 2753 5792 9J8.
