3836 6546
434 357 536 411 639

1317 346 1374 402 S.
1417 343 1774 401 lllPPOLYTl
1814 342 1964 407 ΟΙΞΡ.
2004 339 2182 393 PARS
2215 338 2256 393 Ι.
2297 369 2365 379 ——
2401 335 2809 417 EXEG'ETICA.

3558 336 3642 386 6-ίο

437 465 550 519 eias
576 463 690 533 (qui
714 471 766 516 et
793 460 1103 531 Jechonias)
1128 470 1182 515 et
1207 459 1429 514 Seduni.
1449 459 1514 514 Et
1535 459 1753 529 quidem
1779 457 2012 512 Joachas

2115 452 2208 505 τοῦ
2272 451 2539 523 μακαρίου
2610 451 2844 511 Ἰωσίου,
2919 448 3177 518 Ἰωάχας,
3255 447 3520 518 Ἐλιακείμ
3571 467 3645 503 και

433 563 559 624 post
588 564 815 607 mortem
841 553 1010 623 patris
1035 569 1063 605 a
1090 552 1287 621 populo
1311 552 1363 604 in
1401 566 1577 619 regem
1607 550 1844 619 ungitur,
1879 563 2002 602 eum

434 655 577 699 esset
616 660 884 698 annorum
919 645 1084 696 trium
1115 658 1278 712 supra
1313 641 1525 711 viginti.
1553 640 1826 694 Adversus
1861 639 2005 692 hunc

434 736 679 790 ascendit
707 737 924 788 Pharao
958 733 1175 788 Nechao
1206 749 1392 788 mense
1440 733 1597 786 tertio
1644 733 1793 802 regni
1843 731 2001 799 ejus;

433 829 790 897 vinctumque
817 837 1033 896 captum
1069 826 1220 880 ducit
1246 827 1299 878 in
1343 824 1658 895 IEgyptum,
1690 840 1753 878 ac
1778 824 2003 876 multam

435 933 594 974 terrae
644 920 924 988 imposuit,
963 927 1180 972 centum
1227 918 1424 970 talenta
1465 917 1692 987 argenti,
1732 925 1784 969 et
1819 916 2002 969 decem

435 1009 575 1062 auri.
627 1009 1032 1077 Constituitqne
1093 1022 1191 1075 pro
1244 1023 1311 1060 eo
1370 1023 1548 1075 regem
1594 1021 1756 1075 super
1806 1014 2002 1058 terram

434 1098 658 1153 fratrem
692 1099 810 1168 ejus
845 1098 1093 1158 Eliacim,
1131 1098 1217 1151 cui
1245 1114 1445 1151 nomen
1470 1098 1625 1150 vertit
1649 1096 1878 1159 Joaeim,
1907 1110 2006 1148 an-

435 1191 522 1245 nis
549 1191 826 1245 undecim.
859 1191 1137 1244 Adtersus
1179 1191 1323 1243 hunc
1364 1190 1608 1243 ascendit
1647 1186 2005 1242 Nabuchodo-

436 1297 604 1336 nosor
635 1283 680 1314 ⁷⁷
713 1299 806 1336 rex
849 1281 1161 1352 Babylonis,
1193 1281 1544 1349 vinctumque
1575 1289 1792 1349 captum
1830 1276 2004 1347 Baby-

436 1372 616 1428 lonem
645 1374 813 1437 ducit,
849 1385 1165 1443 partemque
1189 1388 1442 1428 vasorum
1473 1373 1687 1435 domus,
1717 1386 1838 1440 quae
1854 1376 2010 1424 erant

433 1463 809 1537 Jerosolymis.
837 1465 958 1532 llic,
991 1482 1114 1520 cum
1153 1467 1209 1519 in
1239 1480 1516 1520 carcerem
1555 1463 1836 1531 conjectus
1864 1469 2010 1516 esset

433 1571 609 1634 coque
629 1565 920 1620 teneretur,
947 1555 1110 1623 utqui
1129 1553 1433 1607 Pharaonis
1459 1553 1668 1606 amicus
1685 1549 2008 1611 exstitisset,

433 1654 489 1700 et
517 1647 585 1699 ab
612 1661 676 1700 eo
705 1662 797 1700 rex
823 1645 1153 1703 constitutus
1179 1644 1389 1706 fuisset,
1417 1658 1561 1696 anno
1587 1641 1813 1711 septimo
1845 1655 2008 1709 supra

435 1737 775 1793 tricesimum
821 1739 1075 1793 educitur
1125 1737 1194 1792 ab
1243 1735 1290 1769 ⁷⁸
1336 1735 1511 1790 Evilat
1547 1732 1836 1787 Marodach
1884 1745 2008 1800 rege

2121 542 2392 607 Ἰωάνναν,
2421 540 2696 602 Σεδεκίας,
2720 542 2748 592 ὀ
2778 540 2872 591 xui.
2905 539 3177 609 Ἰεχονίας,
3204 539 3295 591 καὶ
3319 538 3537 607 Σαδούμ.
3561 541 3648 592 Καὶ

2106 637 2134 686 ὁ
2159 637 2255 706 μὲν
2296 635 2539 705 Ἰωὰχας,
2574 633 2711 703 μετὰ
2747 632 2844 703 τὴν
2879 629 3135 704 τελευτὴν
3166 632 3260 684 τοῦ
3298 633 3494 705 πατρὸς
3511 634 3647 686 αὑτοῦ

2108 727 2318 798 χρίεται
2352 726 2455 778 ὑπὸ
2481 724 2571 778 τοῦ
2602 725 2731 778 λαοῦ
2769 726 2849 787 εἰς
2885 723 3127 795 βασιλέα,
3151 722 3226 776 ῶν
3252 723 3384 776 ἐτῶν
3420 729 3516 790 κγ’.
3552 725 3649 774 Ἐπὶ

2107 819 2292 872 τοῦτον
2348 819 2626 873 ἀναϐαίνει
2688 815 2888 888 Φαραὼ
2934 815 3151 886 Νεχαὼ,
3193 817 3252 869 ἐν
3303 815 3380 886 τῷ
3431 816 3548 885 μηνὶ
3588 816 3650 886 τῷ

2105 910 2274 980 τρίτῳ
2299 910 2399 978 τῆς
2431 907 2707 978 βασιλείας
2727 908 2911 961 αὑτοῦ·
2937 908 3030 961 καὶ
3055 907 3235 961 λαϐὼν
3267 908 3425 960 αὑτὸν
3446 907 3647 977 δέσμιον,

2105 999 2226 1068 ἄγει
2253 1001 2332 1064 είς
2367 1001 2663 1069 Αἴγυπτον·
2695 999 2790 1053 καὶ
2817 1001 3090 1070 ἐπιτίθησι
3132 1001 3296 1071 φόρον
3326 1001 3390 1069 τῇ
3431 1001 3516 1068 γῇ,
3545 1000 3649 1051 ἑκα-

2081 1093 2197 1158 ,τὸν
2219 1093 2458 1146 τάλαντα
2492 1092 2777 1164 ἀργυρίου,
2827 1093 2920 1144 καὶ
2976 1091 3108 1145 δέκα
3153 1091 3392 1144 τάλαντα
3438 1091 3648 1160 χρυσίον.

2107 1185 2216 1236 Kui.
2246 1183 2476 1255 καθιστᾷ
2517 1187 2630 1237 ἀντ’
2663 1182 2824 1238 αὑτοῦ
2876 1183 3155 1254 Ἐλιακείμ
3189 1183 3280 1235 τὸν
3331 1180 3544 1250 ἀδελφὸν
3574 1181 3653 1233 αύ-

2105 1277 2202 1329 τοῦ
2238 1276 2458 1346 βασιλέα
2486 1278 2578 1330 ἐπὶ
2599 1277 2698 1347 τῆς
2726 1278 2848 1348 γῆς,
2883 1277 2940 1329 ὃν
2972 1277 3358 1347 μετωνόμασεν
3413 1275 3651 1344 Ἰωακείμ,

2109 1371 2201 1423 ἐπὶ
2232 1368 2324 1440 έτη
2355 1368 2567 1422 ἕνδεκα.
2610 1370 2732 1422 Ἐπὶ
2772 1367 2959 1422 τοῦτον
3007 1367 3174 1437 ἀνέϐη
3221 1365 3651 1438 Ναϐουχοδονόσορ

2111 1460 2363 1530 βασιλεὺς
2384 1460 2719 1524 Βαϐυλῶνος,
2751 1459 2845 1513 καὶ
2885 1459 3069 1513 λαϐὼν
3108 1457 3272 1512 αὑτὸν
3292 1458 3524 1528 δέσμιον,
3556 1460 3652 1526 ἄγει

2114 1555 2191 1616 εἰς
2226 1552 2541 1614 Βαϐυλῶνα,
2575 1552 2668 1605 καὶ
2712 1552 2874 1625 μέρος
2899 1569 2952 1604 τι
2988 1551 3094 1605 τῶν
3134 1550 3343 1605 σκευῶν
3390 1551 3528 1604 οἴκου
3563 1551 3649 1602 τῶν

2110 1646 2166 1696 ὲν
2220 1643 2588 1716 Ἰερουσαλήμ.
2623 1637 2790 1708 Οὗτος
2843 1643 3226 1706 κατάκλειστος
3261 1643 3558 1714 γενόμενος,
3597 1643 3653 1706 ὡς

2113 1735 2262 1804 φίλος
2284 1735 2375 1788 τοῦ
2396 1735 2594 1808 Φαραὼ
2624 1738 2716 1790 xui.
2738 1738 2829 1789 ὑπ’
2855 1736 3017 1789 αὑτοῦ
3037 1735 3288 1806 βασιλεὺς
3306 1735 3650 1798 κατασταθεὶς,

434 1829 752 1900 Babylonis;
801 1832 1156 1900 detunditque
1219 1829 1366 1883 illius
1413 1837 1596 1898 caput,
1648 1835 1702 1881 et
1735 1835 1851 1880 erat
1892 1793 2008 1879 ei'a

2114 1793 2172 1874 ἐν
2201 1793 2278 1894 τῷ
2301 1823 2376 1887 λς’
2405 1793 2516 1878 ετὲι
2539 1824 2790 1894 ἐξάγεται
2829 1825 2932 1878 ὑπὸ
2965 1793 3164 1878 sane:
3202 1793 3480 1896 Μαρωδὰχ
3527 1793 3652 1896 βασέᾷ

433 1921 700 1988 consiliis,
729 1931 782 1976 et
822 1922 1140 1976 comedebat
1180 1920 1234 1974 in
1267 1934 1454 1973 mensa
1497 1917 1635 1986 ejus,
1661 1916 1727 1969 ad
1754 1931 1876 1970 eum
1917 1931 2010 1969 us-

435 2030 542 2084 que
574 2017 742 2078 diem,
779 2032 889 2084 quo
911 2023 1161 2068 mortuus
1198 2020 1300 2066 est.
1336 2009 1472 2066 Cum
1513 2009 1603 2063 hic
1645 2008 1812 2078 igitur
1840 2005 2011 2060 abdu-

435 2119 557 2164 ctus
595 2108 806 2174 fuisset,
846 2116 1036 2178 regnat
1070 2107 1214 2160 filius
1248 2105 1368 2168 ejus
1393 2103 1599 2158 Joacim
1631 2101 1791 2157 annis
1817 2101 2008 2155 tribus.

434 2201 798 2269 Ascenditque
851 2201 905 2254 in
965 2215 1089 2252 eum
1145 2197 1674 2260 Nabuchodonosor,
1722 2194 2011 2262 ipsumque

433 2308 498 2346 ac
528 2291 752 2360 reliqua:
783 2290 958 2360 plebis
979 2291 1164 2344 decem
1197 2289 1366 2355 millia
1398 2287 1644 2341 virorum
1679 2285 2011 2355 Babylonem

433 2384 699 2448 traducit;
731 2392 893 2452 atque
921 2381 1039 2450 ejus
1071 2389 1324 2451 patruum
1353 2394 1533 2450 regem
1567 2394 1666 2448 pro
1707 2392 1773 2430 eo
1809 2375 2014 2430 consti-

433 2477 558 2542 tuit,
591 2491 755 2544 quem
791 2483 1002 2527 mutato
1041 2474 1263 2528 nomine
1305 2472 1586 2528 Sedeeiam
1618 2471 1872 2525 vocavit:
1913 2484 2012 2539 pa-

434 2569 656 2636 ctisque
690 2582 814 2620 cum
839 2565 1250 2634 eojuramentis
1281 2564 1500 2632 ictoque
1531 2564 1752 2626 fcedere,
1778 2561 2013 2632 Babylo-

433 2674 558 2711 nem
584 2657 740 2711 redit.
767 2655 884 2720 Hic,
909 2672 1033 2710 cum
1060 2665 1338 2726 regnasset
1359 2670 1533 2709 annos
1555 2653 1826 2717 undecim,
1853 2654 1919 2707 ab
1945 2669 2011 2707 eo

434 2750 713 2812 deliciens,
738 2750 790 2802 in
814 2749 1120 2803 Pharaonis
1169 2748 1313 2818 regis
1351 2747 1570 2819 Aﬂgypti
1606 2757 1788 2817 partes
1823 2755 2005 2800 trans-

435 2841 550 2895 ivit.
575 2843 732 2896 Anno
760 2841 940 2909 itaque
972 2840 1208 2907 decimo,
1250 2840 1471 2894 venitin
1495 2856 1619 2893 eum
1651 2855 1718 2894 ex
1747 2838 2008 2893 Chaldaza

432 2933 956 2996 Nabuchodonosor,
990 2933 1291 3002 urbemque
1333 2932 1475 2987 vallo
1507 2932 1676 2986 cinxit
1716 2941 1877 3001 atque
1909 2932 2009 2984 ob-

433 3023 594 3089 sedit,
621 3023 880 3092 omnique
918 3038 985 3076 ex
1021 3032 1173 3092 parte
1208 3022 1459 3077 aretavit.
1492 3021 1854 3088 Quamobrem
1892 3037 2010 3075 ma-

433 3131 537 3186 gna
565 3130 754 3169 eorum
783 3130 910 3183 pars
945 3114 1090 3169 fame
1116 3115 1438 3169 interierunt
1471 3133 1482 3168 :
1509 3114 1600 3168 alii
1637 3114 1818 3182 gladio
1846 3113 2003 3180 caasi;
2032 3131 2078 3188 ε

433 3205 682 3258 nonnulli
719 3205 861 3258 inter
892 3205 1065 3273 spolia
1096 3220 1161 3259 ac
1188 3205 1476 3259 manubias
1513 3204 1695 3274 capti;
1732 3205 1863 3260 urbs
1887 3205 2011 3275 igne

433 3307 729 3359 succensa;
763 3293 1024 3362 templum
1058 3294 1309 3363 murique
1342 3295 1625 3350 destructi.
1660 3295 1860 3350 Omnes
1888 3299 2009 3348 the-

431 3400 628 3439 sauros
665 3385 916 3439 inventos
959 3387 1013 3438 in
1046 3386 1209 3440 domo
1245 3385 1460 3440 Domini
1486 3387 1703 3441 abstulit
1736 3387 2012 3441 exercitus

430 3474 832 3538 Chaldaeorum,
892 3485 1195 3546 cunctaque
1248 3493 1379 3531 vasa
1427 3494 1590 3532 aurea
1626 3487 1679 3532 et
1721 3492 2010 3548 argentea;

430 3582 703 3637 omneque
727 3584 801 3623 aes
830 3569 1086 3622 contrivit
1124 3567 1484 3623 Nabuzardan
1525 3570 1775 3640 princeps
1807 3588 2009 3642 coquo—

432 3674 579 3724 rum,
607 3669 660 3714 et
688 3660 810 3714 tulit
835 3675 898 3714 ea
946 3661 1000 3714 in
1031 3659 1379 3731 Babylonem.
1437 3660 1618 3728 Ipsum
1655 3679 1785 3717 vero
1837 3663 2006 3720 Sede-

431 3751 572 3804 eiam
612 3766 709 3820 per
742 3752 916 3808 noctis
961 3753 1176 3808 silentia
1210 3752 1501 3823 fugientem
1545 3770 1668 3808 cum
1699 3756 2011 3826 septingen-

429 3844 502 3897 tis
545 3844 697 3910 viris,
732 3854 1051 3912 persecutus
1084 3847 1358 3900 exercitus
1403 3846 1802 3909 Chaldaeorum,
1845 3848 2009 3917 inque

429 3934 649 3990 Iericho
693 3952 817 3990 eum
855 3946 1162 4000 assecutus,
1209 3938 1435 3992 adduxit
1461 3939 1527 3992 ad
1559 3954 1737 4008 regem
1775 3938 2006 4010 Babylo-

431 4027 518 4081 nis
543 4027 596 4079 in
630 4025 894 4081 Behlatha
941 4046 953 4081 :
1004 4027 1348 4097 qui,judicio
1374 4029 1440 4083 de
1465 4029 1572 4099 .illo
1602 4032 1656 4082 in
1689 4045 1769 4084 ira
1805 4028 2007 4085 furoris

431 4117 703 4183 instituto,
754 4120 824 4172 ob
857 4120 1119 4173 violatum
1159 4119 1375 4174 Domini
1413 4120 1796 4190 jusjurandum
1833 4133 1885 4176 et
1909 4123 2008 4178 fa:-

430 4210 533 4263 dus
607 4210 755 4279 quod
807 4226 933 4264 cum
971 4213 1065 4264 illo
1103 4212 1414 4282 pepigerat,
1458 4214 1578 4283 ejus
1632 4214 1774 4270 ﬁlios
1817 4232 2003 4272 coram

436 4302 556 4369 ipso
587 4302 876 4371 jugulavit,
909 4319 972 4357 ac
1003 4301 1239 4358 Sedeeiae
1281 4305 1468 4359 oculos
1518 4307 1760 4371 caecavit,
1791 4308 2004 4376 ipsum-

429 4409 536 4462 que
564 4392 741 4446 ferreo
769 4393 941 4446 vinxit
963 4394 1219 4462 pondere,
1252 4409 1316 4448 ac
1346 4393 1674 4465 Babylonem
1705 4397 1880 4462 duxit,
1911 4399 2000 4451 ubi

2115 1913 2249 1978 λέως
2283 1915 2617 1981 Βαϐυλῶνος,
2641 1917 2735 1970 καὶ
2759 1917 2966 1988 ἔκειρεν
2988 1918 3152 1970 αὐτοῦ
3184 1919 3281 1989 τὴν
3312 1918 3560 1987 κεφαλὴν,
3583 1919 3654 1971 καὶ

2111 2001 2178 2076 ἦν
2211 2005 2375 2061 αὑτοῦ
2407 2006 2728 2077 σύμϐουλος,
2753 2009 2848 2061 καὶ
2870 2007 3054 2080 ἤσθιεν
3080 2009 3137 2060 ὲν
3158 2012 3220 2080 τῇ
3245 2008 3491 2081 τραπέζῃ
3523 2008 3654 2062 αύτοῦ

2112 2097 2216 2160 ἓως
2246 2097 2346 2167 τῆς
2378 2099 2591 2168 ἡμέρας
2631 2093 2699 2169 ἦς
2740 2099 2996 2154 ἀπέθανε.
3040 2101 3241 2153 Τούτου
3273 2097 3371 2154 οὖν
3406 2101 3656 2172 μεταχθέν-

2109 2203 2220 2249 τος,
2251 2186 2522 2256 βασιλεύει
2557 2190 2584 2241 ὁ
2615 2189 2730 2252 υἱὸς
2760 2189 2925 2243 αὐτοῦ
2975 2191 3248 2261 Ἰωακεὶμ,
3283 2191 3382 2262 ἔτη
3409 2191 3525 2262 τρία
3547 2191 3656 2261 (55).

2112 2278 2221 2330 Καὶ
2255 2280 2346 2332 ἐπὶ
2371 2279 2558 2332 τοῦτον
2586 2279 2753 2351 ἀνέϐη
2785 2281 3272 2354 Ναϐουχοδονόσορ,
3321 2285 3418 2337 καὶ
3456 2283 3658 2354 μετοικί-

2112 2369 2191 2431 ζει
2220 2369 2379 2423 αὐτόν
2411 2388 2469 2424 τε
2508 2373 2601 2424 καὶ
2631 2371 2724 2424 τοῦ
2747 2373 2874 2427 λαοῦ
2907 2373 3037 2427 δέκα
3083 2374 3327 2446 χιλιάδας
3373 2375 3565 2446 ἀνδρῶν
3599 2377 3659 2438 εἰς

2112 2467 2422 2520 Βαϐυλῶναο
2459 2469 2551 2521 καὶ
2585 2468 2814 2540 καθιστᾷ
2844 2470 2957 2523 ἀντ’
2991 2471 3156 2524 αὐτοῦ
3196 2471 3287 2524 τὸν
3333 2472 3551 2540 ἀδελφὸν
3585 2470 3658 2523 τού

2113 2559 2316 2630 πατρὸς
2373 2560 2560 2625 αὑτοῦ,
2603 2560 2662 2612 ὂν
2711 2561 2804 2613 καὶ
2854 2562 3208 2633 μετωνόμασε
3254 2564 3523 2618 Σεδεκίαν⁸
3567 2562 3659 2633 μεθ’

2109 2643 2170 2703 οὗ
2193 2651 2352 2721 ὅρκια
2384 2652 2477 2705 καὶ
2503 2651 2774 2722 συνθήκας
2815 2654 3201 2726 ποιησάμενος,
3232 2655 3453 2710 ἄπεισιν
3475 2657 3547 2718 είς
3572 2655 3657 2707 Bu-

2111 2743 2346 2796 ϐυλῶνα.
2382 2735 2550 2808 Οὗτος
2577 2744 2903 2814 βασιλεύσας
2927 2746 3020 2818 ἔτη
3053 2754 3117 2800 ια’
3147 2748 3361 2819 ἀπέστη
3391 2750 3482 2802 ἀπ’
3506 2749 3658 2810 αὑτοῦ,

2112 2835 2205 2888 καὶ
2231 2835 2428 2888 ἔδωκεν
2461 2837 2652 2890 ἑαυτὸν
2674 2837 2808 2908 πρὸς
2827 2837 3025 2909 Φαραὼ
3061 2839 3284 2908 βασιλέα
3319 2840 3595 2910 Αἰγύπτου·
3615 2843 3658 2892 ἐν

2109 2926 2166 2980 δὲ
2197 2927 2273 2997 τῷ
2297 2929 2506 2999 δεκάτῳ
2529 2929 2636 2982 ἔτει
2679 2927 2840 3002 ἦλθεν
2880 2933 2966 2984 ἐπ’
3017 2934 3179 2986 αὑτὸν
3225 2933 3659 3004 Ναϐουχοδονόσορ

2111 3019 2176 3072 ὲκ
2205 3020 2307 3090 γῆς
2330 3020 2634 3086 Χαλδαίων,
2668 3023 2763 3078 καὶ
2795 3026 3242 3096 περιεχαράκωσε
3280 3026 3387 3097 τὴν
3422 3026 3562 3078 πόλιν
3587 3025 3659 3078 καὶ

2113 3111 2492 3180 περιεκὰθισεν
2541 3113 2710 3184 αὐτὴν
2757 3114 3051 3179 κύκλωθεν,
3102 3117 3194 3169 καὶ
3238 3121 3481 3188 συνεῖχεν
3516 3116 3653 3185 αὐτὴν

2113 3201 2394 3255 πάντοθεν.
2425 3203 2584 3257 Ὅθεν
2610 3206 2660 3258 οἱ
2683 3204 2926 3269 πλείονες
2947 3207 3126 3260 αὐτῶν
3150 3209 3206 3260 ἐν
3236 3207 3383 3280 λιμῷ
3406 3208 3658 3279 διεφθάρη-

2113 3311 2229 3348 σαν’
2263 3296 2310 3348 oi
2347 3296 2402 3349 δὲ
2435 3297 2492 3348 ὲν
2526 3298 2768 3369 ῥομφαίᾳ
2796 3298 3094 3353 ἀπώλοντο·
3129 3303 3272 3366 τινὲς
3300 3302 3364 3355 δὲ
3392 3303 3564 3356 αὐτῶν.
3592 3301 3658 3354 αἱ·

2112 3385 2382 3455 χμὰλωτοι
2432 3387 2763 3459 ἐλήφθησαν,
2788 3392 2819 3460 ἡ
2845 3390 2900 3442 δὲ
2927 3391 3078 3455 πόλις
3105 3394 3437 3466 ἐνεπυρίσθη
3459 3397 3512 3447 ὲν
3535 3393 3655 3463 παρί-

2111 3476 2205 3528 καὶ
2233 3477 2261 3528 ὁ
2283 3477 2408 3541 ναὸς
2429 3479 2522 3531 xui.
2561 3480 2621 3532 τὸ
2655 3484 2830 3550 τεῖχος
2857 3481 3154 3554 καθῃρέθη.
3187 3486 3296 3538 Kui
3335 3488 3537 3548 πάντας
3559 3486 3658 3547 τοὺς

2111 3564 2416 3637 θησαυροὺς
2437 3569 2563 3632 τοὺς
2590 3569 2912 3640 εὑρεθέντας
2965 3574 3021 3624 ὲν
3053 3573 3186 3642 οἴκῳ
3230 3573 3461 3646 Κυρίου,
3506 3573 3660 3625 ἔλαϐεν

2113 3665 2144 3733 ἡ
2173 3662 2398 3733 δύναμις
2419 3661 2524 3715 τῶν
2553 3662 2856 3725 Χαλδαίων,
2883 3665 2979 3717 καὶ
3005 3665 3188 3718 πάντα
3218 3665 3286 3719 τὰ
3321 3669 3511 3738 σκεύη,
3531 3668 3588 3720 τά
3613 3682 3658 3716 τε

2112 3755 2288 3824 χρυσᾶ
2322 3753 2413 3806 καὶ
2437 3755 2670 3825 ἀργυρᾶ·
2695 3756 2789 3806 καὶ
2821 3756 2999 3810 πάντα
3031 3757 3230 3827 χαλκὸν
3269 3758 3524 3829 ἐξέκοψεν
3568 3759 3658 3810 Nu-
3686 3751 3696 3764 ’

2112 3843 2410 3915 ϐουζαρδὰν
2437 3847 2464 3897 ό
2489 3845 2903 3917 ἀρχιμάγειρος,
2930 3849 3023 3900 καὶ
3046 3849 3244 3918 ἡνεγκε
3283 3851 3430 3903 αὐτὰ
3458 3853 3533 3913 εἰς
3577 3850 3662 3900 Βα-

2113 3932 2342 3986 ϐυλῶνα.
2374 3935 2542 3988 Αὐτὸν
2579 3935 2635 3987 δὲ
2660 3935 2750 3988 τὸν
2790 3937 3044 3990 Σεδεκίαν
3077 3938 3166 3990 διὰ
3198 3940 3396 4004 νυκτὸς
3427 3941 3662 4010 φεύγοντα

2115 4025 2250 4094 μετὰ
2283 4025 2492 4096 ἀνδρῶν
2527 4027 2885 4092 ἑπτακοσίων,
2913 4029 3232 4096 κατεδίωξεν
3264 4033 3296 4101 ἡ
3323 4031 3548 4102 δύναμις

2109 4118 2410 4182 Χαλδαίων,
2445 4121 2540 4174 καὶ
2569 4119 2866 4173 κατέλαϐον
2891 4121 3051 4174 αὑτὸν
3091 4123 3148 4174 ὲν
3189 4124 3419 4194 Ἱεριχὼ,
3448 4124 3534 4177 καὶ
3558 4124 3646 4192 ἥγα

2109 4225 2202 4275 γον
2259 4209 2420 4262 αὑτὸν
2465 4210 2599 4281 πρὸς
2651 4209 2870 4281 βασιλέα
2923 4210 3238 4274 Βαϐυλῶνος
3279 4215 3363 4275 εἰς
3407 4210 3659 4266 Ῥεϐλαθά.

2109 4301 2219 4353 Kui.
2251 4300 2445 4372 ἐκρίθη
2471 4303 2587 4372 μετ’
2616 4303 2780 4357 αὐτοῦ
2819 4307 2848 4358 ὁ
2885 4305 3138 4375 βασιλεὺς
3180 4306 3238 4358 ἐν
3281 4305 3462 4376 θυμῷ,
3507 4308 3560 4356 ἐν
3599 4301 3662 4370 τῷ

2108 4392 2548 4464 παραϐεϐηκέναι
2573 4394 2735 4448 αὐτὸν
2758 4397 2848 4448 τὸν
2873 4398 3032 4467 ὅρκον
3069 4395 3298 4468 Κυρίου,
3327 4397 3426 4450 καὶ
3453 4396 3545 4466 τὴν
3571 4393 3661 4444 δια-

429 4493 548 4538 erat
573 4483 782 4536 molens
815 4483 866 4535 in
903 4483 1214 4536 molendino
1245 4485 1419 4538 donec
1458 4486 1598 4538 diem
1623 4487 1775 4540 obiit.
1803 4486 2007 4540 Defun-

2111 4485 2283 4556 θήκην
2313 4487 2379 4557 ἧν
2411 4487 2616 4540 διέθετο
2649 4488 2784 4559 πρὸς
2812 4489 2992 4554 αὑτὸν,
3030 4489 3122 4542 καὶ
3158 4490 3284 4551 τοὺς
3323 4488 3478 4552 υἱοὺς
3525 4483 3659 4540 αὐτοῦ

430 4575 612 4643 ctique
641 4582 916 4642 arreptum
953 4575 1185 4627 cadaver
1225 4583 1371 4627 retro
1411 4591 1597 4630 muros
1634 4577 2003 4645 projeceruut.

430 4668 487 4721 ln
515 4683 581 4721 eo
616 4667 945 4735 completum
975 4664 1225 4719 Jeremiae
1251 4666 1532 4720 oraculum
1567 4667 1797 4722 dicentis
1828 4685 1840 4719 :
1880 4665 2006 4720 Vivo

430 4776 545 4828 ego,
576 4759 708 4811 dicit
733 4758 1024 4821 Dominus,
1080 4758 1207 4827 quia
1259 4759 1304 4810 si
1345 4758 1504 4826 fuerit
1540 4756 1822 4811 Jechonias
1863 4757 2008 4827 ﬁlius

432 4847 641 4902 Joacim
674 4864 764 4902 rea:
793 4847 827 4900 J
834 4850 939 4900 uda
963 4847 1188 4899 annulus
1213 4848 1267 4900 in
1294 4863 1452 4901 manu
1483 4848 1697 4902 dextera
1724 4865 1860 4914 mea,
1891 4849 2011 4902 inde

432 4941 647 4994 evellam
682 4952 751 4995 te.
787 4940 850 4993 Et
893 4939 1028 4992 dabo
1059 4947 1106 4990 te
1136 4939 1190 4990 in
1222 4956 1380 4992 manu
1406 4942 1751 5008 quwrentium
1779 4941 2009 4993 animam

435 5048 604 5099 tuam,
635 5037 692 5088 in
724 5053 881 5088 manu
905 5054 937 5088 a
967 5052 1187 5105 quorum
1209 5036 1346 5104 facie
1380 5045 1435 5086 tu
1467 5035 1746 5102 formidas,
1771 5035 1826 5087 in
1851 5051 2010 5087 manu

433 5128 826 5182 Cltaldworum.
855 5127 920 5181 El
951 5128 1230 5196 projiciam
1256 5136 1324 5192 le,
1346 5137 1393 5180 et
1424 5138 1642 5180 matrem
1675 5143 1791 5196 qua:
1817 5129 2010 5195 peperit

437 5229 504 5284 te,
537 5221 590 5272 in
627 5229 820 5272 terram
851 5220 1098 5285 alienam,
1144 5230 1189 5272 et
1229 5220 1523 5272 moriemini
1561 5220 1655 5271 ibi.
1703 5217 1769 5271 In
1815 5229 2010 5272 terram

432 5321 609 5364 autem
630 5327 786 5380 quam
810 5313 939 5365 votis
963 5321 1212 5380 expetunt
1245 5312 1523 5364 animabus
1548 5313 1680 5377 suis,
1718 5328 1818 5364 non
1857 5314 2011 5365 redu-

437 5419 552 5454 cam
603 5413 670 5457 te.
706 5403 1063 5457 Iulianoratus
1104 5413 1180 5456 est
1231 5401 1537 5467 Jechonias,
1580 5415 1636 5456 ut
1684 5421 1774 5458 vas
1803 5405 2009 5467 inutile,

440 5495 590 5561 cujus
639 5496 816 5550 nullus
857 5507 932 5550 est
980 5513 1141 5561 usus;
1186 5497 1380 5550 idcirco
1417 5497 1676 5566 projeclus
1725 5506 1801 5551 est
1854 5509 2011 5566 atque

516 5607 560 5638 ⁷⁷
604 5607 664 5658 IV
713 5609 842 5679 Reg.
892 5624 1035 5675 χειν,
1082 5609 1168 5664 10.
1244 5609 1290 5639 ⁷⁸
1323 5607 1389 5661 IV
1435 5608 1566 5679 Reg.
1623 5628 1750 5676 xxv,
1796 5611 1883 5665 ‘27.

517 5777 630 5848 (55)
667 5776 772 5846 AL,
803 5782 1101 5852 τριμήνων,
1134 5797 1329 5834 menses
1362 5789 1484 5836 tres.

2111 4577 2341 4646 ἔσφαξεν
2375 4578 2679 4649 ἔμπροσθεν
2705 4581 2892 4640 αὑτοῦ,
2918 4581 3012 4634 καὶ
3045 4583 3169 4643 τοὺς
3198 4580 3509 4651 ὀφθαλμοὺς
3533 4575 3658 4629 Σεδε-

2114 4669 2230 4721 κίου
2269 4670 2654 4740 ἐξετύφλωσεν.
2695 4673 2802 4726 Kui.
2834 4673 3030 4726 ἔδωκεν
3063 4673 3224 4726 αὐτὸν
3251 4675 3308 4726 ὲν
3334 4673 3520 4736 πέδαις
3551 4669 3661 4735 σιδτγ

2120 4760 2369 4831 ραῖς,καὶ
2388 4761 2592 4830 ἤγαγεν
2629 4762 2790 4814 αὑτὸν
2823 4765 2903 4826 εἰς
2929 4761 3240 4816 Βαϐυλῶνα
3268 4764 3362 4817 καὶ
3385 4760 3453 4834 ἦν
3480 4759 3659 4831 ἁλήθων

2116 4855 2175 4904 ὲν
2203 4851 2280 4922 τῷ
2318 4852 2540 4923 μύλωνι,
2587 4855 2690 4918 ἕως
2731 4855 2830 4924 τῆς
2876 4856 3088 4927 ἡμέρας
3117 4853 3185 4926 ἧς
3240 4856 3530 4909 ἀπέθανεν.
3571 4848 3660 4904 Καὶ

2119 4947 2176 4996 ἐν
2226 4943 2303 5014 τῷ
2338 4944 2632 4998 ἀποθανεῖν
2680 4946 2860 5011 αὐτὸν,
2911 4946 3162 5009 λαϐόντες
3208 4947 3268 5000 τὸ
3311 4945 3472 5016 σῶμα
3500 4937 3657 5002 αὐτοῦ,

2118 5035 2346 5108 ἔρριψαν
2373 5039 2546 5091 ὀπίσω
2570 5039 2660 5091 τοῦ
2695 5039 2903 5108 τείχους
2929 5040 3132 5092 Νινευί.
3187 5039 3309 5092 Ἐπὶ
3339 5043 3526 5092 τούτου
3550 5035 3659 5103 πλη-

2123 5131 2306 5201 ροῦται
2339 5134 2370 5200 ἡ
2406 5131 2708 5202 προφητεία
2762 5132 3044 5200 Ἱερεμίου,
3089 5131 3338 5198 λέγοντος
3365 5149 3377 5162 ·
3427 5129 3514 5186 Ζῶ
3544 5128 3656 5198 ἐγὼ.

2113 5222 2271 5292 λέγει
2312 5223 2542 5288 Κύριος.
2591 5223 2724 5275 Ἐὰν
2759 5223 3076 5290 γενόμενος
3119 5221 3358 5290 γένηται
3413 5221 3656 5291 Ἰεχονίας

2117 5314 2243 5379 υἱὸς
2299 5313 2561 5381 Ἰωακεὶμ
2607 5313 2904 5379 βασιλεὺς
2977 5313 3170 5368 Ἰούδα
3221 5313 3656 5383 ἀποσφράγισμα

2115 5412 2213 5464 ἐπὶ
2243 5410 2354 5477 τῆς
2375 5409 2572 5479 χειρός
2598 5425 2716 5477 μου
2745 5406 2854 5475 τῆς
2891 5405 3110 5472 δεξιᾶς,
3141 5406 3366 5461 ἐκεῖθεν
3397 5403 3657 5459 exatde

2117 5518 2209 5564 σε,
2239 5498 2335 5553 καὶ
2380 5497 2548 5552 δώσω
2577 5513 2651 5552 σε
2681 5499 2766 5563 είς
2807 5496 3007 5566 χεῖρας
3039 5495 3154 5551 τῶν
3197 5495 3525 5565 ζητούντων
3565 5490 3657 5559 τὴν
