  <div class='ocr_page' id='page_1' title='image "/cluster/home/n/w/nwhite01/storage/ocr_20150623/10/hvd.32044019207620/329.png"; bbox 0 0 3836 6506; ppageno 0'>
   <div class='ocr_carea' id='block_1_1' title="bbox 472 307 574 362">
    <p class='ocr_par' dir='ltr' id='par_1_1' title="bbox 472 307 574 362">
     <span class='ocr_line' id='line_1_1' title="bbox 472 307 574 362; baseline -0.039 -1"><span class='ocrx_word' id='word_1_1' title='bbox 472 307 574 362; x_wconf 70' lang='lat' dir='ltr'><strong>et;</strong></span> 
     </span>
    </p>
   </div>
   <div class='ocr_carea' id='block_1_2' title="bbox 1346 307 2839 365">
    <p class='ocr_par' dir='ltr' id='par_1_2' title="bbox 1346 307 2839 365">
     <span class='ocr_line' id='line_1_2' title="bbox 1346 307 2839 365; baseline -0.001 -4"><span class='ocrx_word' id='word_1_2' title='bbox 1346 307 1400 361; x_wconf 90' lang='lat' dir='ltr'><strong>S.</strong></span> <span class='ocrx_word' id='word_1_3' title='bbox 1451 307 1808 360; x_wconf 63' lang='lat' dir='ltr'><strong>I—HPI’OLYTI</strong></span> <span class='ocrx_word' id='word_1_4' title='bbox 1843 307 1996 365; x_wconf 80' lang='lat' dir='ltr'><strong>OPP.</strong></span> <span class='ocrx_word' id='word_1_5' title='bbox 2033 308 2212 363; x_wconf 80' lang='lat' dir='ltr'><strong>PARS</strong></span> <span class='ocrx_word' id='word_1_6' title='bbox 2249 309 2289 362; x_wconf 87' lang='grc'><strong>1.</strong></span> <span class='ocrx_word' id='word_1_7' title='bbox 2327 339 2395 350; x_wconf 89' lang='lat'><strong>-—-</strong></span> <span class='ocrx_word' id='word_1_8' title='bbox 2434 308 2839 365; x_wconf 74' lang='lat' dir='ltr'><strong>EXEGETICA.</strong></span> 
     </span>
    </p>
   </div>
   <div class='ocr_carea' id='block_1_3' title="bbox 3587 311 3668 362">
    <p class='ocr_par' dir='ltr' id='par_1_3' title="bbox 3587 311 3668 362">
     <span class='ocr_line' id='line_1_3' title="bbox 3587 311 3668 362; baseline 0.012 -1"><span class='ocrx_word' id='word_1_9' title='bbox 3587 311 3668 362; x_wconf 61' lang='lat' dir='ltr'><strong>liii</strong></span> 
     </span>
    </p>
   </div>
   <div class='ocr_carea' id='block_1_4' title="bbox 470 429 2067 504">
    <p class='ocr_par' dir='ltr' id='par_1_4' title="bbox 470 429 2046 498">
     <span class='ocr_line' id='line_1_4' title="bbox 470 429 2046 498; baseline -0.004 -10"><span class='ocrx_word' id='word_1_10' title='bbox 470 433 712 498; x_wconf 82' lang='lat' dir='ltr'><strong>Macedo,</strong></span> <span class='ocrx_word' id='word_1_11' title='bbox 757 431 971 487; x_wconf 86' lang='lat' dir='ltr'><strong>sublato</strong></span> <span class='ocrx_word' id='word_1_12' title='bbox 1021 429 1202 489; x_wconf 86' lang='lat' dir='ltr'><strong>Dario,</strong></span> <span class='ocrx_word' id='word_1_13' title='bbox 1231 443 1413 482; x_wconf 88' lang='lat' dir='ltr'><strong>rerum</strong></span> <span class='ocrx_word' id='word_1_14' title='bbox 1441 430 1644 497; x_wconf 87' lang='lat' dir='ltr'><strong>potitus</strong></span> <span class='ocrx_word' id='word_1_15' title='bbox 1675 438 1792 493; x_wconf 83' lang='lat' dir='ltr'><strong>est;</strong></span> <span class='ocrx_word' id='word_1_16' title='bbox 1815 430 1960 498; x_wconf 91' lang='lat' dir='ltr'><strong>quod</strong></span> <span class='ocrx_word' id='word_1_17' title='bbox 1995 431 2046 482; x_wconf 93' lang='lat' dir='ltr'><strong>in</strong></span> 
     </span>
    </p>
   </div>
   <div class='ocr_carea' id='block_1_5' title="bbox 2162 429 3672 504">
    <p class='ocr_par' dir='ltr' id='par_1_5' title="bbox 2162 429 3672 504">
     <span class='ocr_line' id='line_1_5' title="bbox 2162 429 3672 504; baseline 0 -20"><span class='ocrx_word' id='word_1_18' title='bbox 2162 433 2200 484; x_wconf 65' lang='lat' dir='ltr'><strong>3i</strong></span> <span class='ocrx_word' id='word_1_19' title='bbox 2233 433 2490 504; x_wconf 79' lang='grc' dir='ltr'>’Έλληνες</span> <span class='ocrx_word' id='word_1_20' title='bbox 2509 452 2522 464; x_wconf 88' lang='grc'><strong>·</strong></span> <span class='ocrx_word' id='word_1_21' title='bbox 2563 435 2700 504; x_wconf 79' lang='grc' dir='ltr'>μετὰ</span> <span class='ocrx_word' id='word_1_22' title='bbox 2729 433 2836 504; x_wconf 80' lang='grc' dir='ltr'><strong>γὰρ</strong></span> <span class='ocrx_word' id='word_1_23' title='bbox 2866 432 3100 502; x_wconf 79' lang='grc' dir='ltr'><strong>Πέρσας,</strong></span> <span class='ocrx_word' id='word_1_24' title='bbox 3119 429 3452 500; x_wconf 79' lang='grc' dir='ltr'>Ἀλέξανδρος</span> <span class='ocrx_word' id='word_1_25' title='bbox 3479 430 3672 502; x_wconf 69' lang='grc' dir='ltr'>ἐκράτη-</span> 
     </span>
    </p>
   </div>
   <div class='ocr_carea' id='block_1_6' title="bbox 471 521 2044 591">
    <p class='ocr_par' dir='ltr' id='par_1_6' title="bbox 471 521 2044 591">
     <span class='ocr_line' id='line_1_6' title="bbox 471 521 2044 591; baseline -0.003 -13"><span class='ocrx_word' id='word_1_26' title='bbox 471 526 766 578; x_wconf 86' lang='lat' dir='ltr'><strong>sunulacro</strong></span> <span class='ocrx_word' id='word_1_27' title='bbox 793 539 864 575; x_wconf 77' lang='lat' dir='ltr'><strong>ws</strong></span> <span class='ocrx_word' id='word_1_28' title='bbox 891 521 1170 575; x_wconf 78' lang='lat' dir='ltr'><strong>indicavit.</strong></span> <span class='ocrx_word' id='word_1_29' title='bbox 1197 521 1350 584; x_wconf 84' lang='lat' dir='ltr'><strong>Quod</strong></span> <span class='ocrx_word' id='word_1_30' title='bbox 1393 527 1575 572; x_wconf 84' lang='lat' dir='ltr'><strong>autem</strong></span> <span class='ocrx_word' id='word_1_31' title='bbox 1603 521 1756 586; x_wconf 89' lang='lat' dir='ltr'><strong>dicit,</strong></span> <span class='ocrx_word' id='word_1_32' title='bbox 1781 523 1884 575; x_wconf 78' lang='lat' dir='ltr'><strong>ala:</strong></span> <span class='ocrx_word' id='word_1_33' title='bbox 1913 538 2044 591; x_wconf 87' lang='lat' dir='ltr'><strong>qua-</strong></span> 
     </span>
    </p>
   </div>
   <div class='ocr_carea' id='block_1_7' title="bbox 471 610 2048 683">
    <p class='ocr_par' dir='ltr' id='par_1_7' title="bbox 471 610 2048 683">
     <span class='ocr_line' id='line_1_7' title="bbox 471 610 2048 683; baseline -0.004 -13"><span class='ocrx_word' id='word_1_34' title='bbox 471 630 590 670; x_wconf 86' lang='lat' dir='ltr'><strong>tuor</strong></span> <span class='ocrx_word' id='word_1_35' title='bbox 635 615 882 678; x_wconf 81' lang='lat' dir='ltr'><strong>volueris,</strong></span> <span class='ocrx_word' id='word_1_36' title='bbox 929 622 979 667; x_wconf 87' lang='lat' dir='ltr'><strong>et</strong></span> <span class='ocrx_word' id='word_1_37' title='bbox 1028 622 1254 683; x_wconf 76' lang='lat' dir='ltr'><strong>quatuor</strong></span> <span class='ocrx_word' id='word_1_38' title='bbox 1300 613 1476 680; x_wconf 87' lang='lat' dir='ltr'><strong>capita</strong></span> <span class='ocrx_word' id='word_1_39' title='bbox 1521 611 1718 677; x_wconf 69' lang='lat' dir='ltr'><strong>bestiae,</strong></span> <span class='ocrx_word' id='word_1_40' title='bbox 1749 610 2048 666; x_wconf 73' lang='lat' dir='ltr'><strong>luculenter</strong></span> 
     </span>
    </p>
   </div>
   <div class='ocr_carea' id='block_1_8' title="bbox 471 702 2047 775">
    <p class='ocr_par' dir='ltr' id='par_1_8' title="bbox 471 702 2047 775">
     <span class='ocr_line' id='line_1_8' title="bbox 471 702 2047 775; baseline -0.003 -15"><span class='ocrx_word' id='word_1_41' title='bbox 471 707 710 762; x_wconf 86' lang='lat' dir='ltr'><strong>ostendit</strong></span> <span class='ocrx_word' id='word_1_42' title='bbox 751 721 860 775; x_wconf 91' lang='lat' dir='ltr'><strong>quo</strong></span> <span class='ocrx_word' id='word_1_43' title='bbox 885 713 1044 775; x_wconf 90' lang='lat' dir='ltr'><strong>pacto</strong></span> <span class='ocrx_word' id='word_1_44' title='bbox 1073 703 1367 758; x_wconf 76' lang='lat' dir='ltr'><strong>Alexandri</strong></span> <span class='ocrx_word' id='word_1_45' title='bbox 1399 702 1700 757; x_wconf 86' lang='lat' dir='ltr'><strong>dominatio</strong></span> <span class='ocrx_word' id='word_1_46' title='bbox 1727 703 1781 756; x_wconf 93' lang='lat' dir='ltr'><strong>in</strong></span> <span class='ocrx_word' id='word_1_47' title='bbox 1812 714 2047 772; x_wconf 81' lang='lat' dir='ltr'><strong>quatuor</strong></span> 
     </span>
    </p>
   </div>
   <div class='ocr_carea' id='block_1_9' title="bbox 475 795 2046 867">
    <p class='ocr_par' dir='ltr' id='par_1_9' title="bbox 475 795 2046 867">
     <span class='ocr_line' id='line_1_9' title="bbox 475 795 2046 867; baseline -0.003 -15"><span class='ocrx_word' id='word_1_48' title='bbox 475 807 656 867; x_wconf 88' lang='lat' dir='ltr'><strong>partes</strong></span> <span class='ocrx_word' id='word_1_49' title='bbox 684 799 944 852; x_wconf 89' lang='lat' dir='ltr'><strong>distracta</strong></span> <span class='ocrx_word' id='word_1_50' title='bbox 983 796 1176 860; x_wconf 85' lang='lat' dir='ltr'><strong>fuerit;</strong></span> <span class='ocrx_word' id='word_1_51' title='bbox 1202 805 1430 865; x_wconf 82' lang='lat' dir='ltr'><strong>quatuor</strong></span> <span class='ocrx_word' id='word_1_52' title='bbox 1461 795 1604 849; x_wconf 90' lang='lat' dir='ltr'><strong>enim</strong></span> <span class='ocrx_word' id='word_1_53' title='bbox 1635 795 1813 864; x_wconf 80' lang='lat' dir='ltr'><strong>capita</strong></span> <span class='ocrx_word' id='word_1_54' title='bbox 1839 795 2046 860; x_wconf 88' lang='lat' dir='ltr'><strong>dicens,</strong></span> 
     </span>
    </p>
   </div>
   <div class='ocr_carea' id='block_1_10' title="bbox 473 886 2046 960">
    <p class='ocr_par' dir='ltr' id='par_1_10' title="bbox 473 886 2046 960">
     <span class='ocr_line' id='line_1_10' title="bbox 473 886 2046 960; baseline -0.003 -16"><span class='ocrx_word' id='word_1_55' title='bbox 473 901 706 960; x_wconf 87' lang='lat' dir='ltr'><strong>quatuor</strong></span> <span class='ocrx_word' id='word_1_56' title='bbox 733 907 906 960; x_wconf 85' lang='lat' dir='ltr'><strong>reges,</strong></span> <span class='ocrx_word' id='word_1_57' title='bbox 935 890 1026 958; x_wconf 87' lang='lat' dir='ltr'><strong>qui</strong></span> <span class='ocrx_word' id='word_1_58' title='bbox 1055 903 1120 943; x_wconf 83' lang='lat' dir='ltr'><strong>ex</strong></span> <span class='ocrx_word' id='word_1_59' title='bbox 1165 905 1230 942; x_wconf 86' lang='lat' dir='ltr'><strong>ea</strong></span> <span class='ocrx_word' id='word_1_60' title='bbox 1275 895 1649 954; x_wconf 77' lang='lat' dir='ltr'><strong>surrexerunt,</strong></span> <span class='ocrx_word' id='word_1_61' title='bbox 1684 886 2046 957; x_wconf 78' lang='lat' dir='ltr'><strong>signiﬁcavit;</strong></span> 
     </span>
    </p>
   </div>
   <div class='ocr_carea' id='block_1_11' title="bbox 474 977 2048 1050">
    <p class='ocr_par' dir='ltr' id='par_1_11' title="bbox 474 977 2048 1050">
     <span class='ocr_line' id='line_1_11' title="bbox 474 977 2048 1050; baseline -0.006 -14"><span class='ocrx_word' id='word_1_62' title='bbox 474 997 788 1050; x_wconf 90' lang='lat' dir='ltr'><strong>supremum</strong></span> <span class='ocrx_word' id='word_1_63' title='bbox 835 981 979 1034; x_wconf 89' lang='lat' dir='ltr'><strong>enim</strong></span> <span class='ocrx_word' id='word_1_64' title='bbox 1033 980 1175 1034; x_wconf 88' lang='lat' dir='ltr'><strong>diem</strong></span> <span class='ocrx_word' id='word_1_65' title='bbox 1225 979 1412 1032; x_wconf 91' lang='lat' dir='ltr'><strong>obiens</strong></span> <span class='ocrx_word' id='word_1_66' title='bbox 1457 977 1782 1043; x_wconf 80' lang='lat' dir='ltr'><strong>Alexander,</strong></span> <span class='ocrx_word' id='word_1_67' title='bbox 1821 989 2048 1045; x_wconf 79' lang='lat' dir='ltr'><strong>regnum</strong></span> 
     </span>
    </p>
   </div>
   <div class='ocr_carea' id='block_1_12' title="bbox 475 1067 2049 1143">
    <p class='ocr_par' dir='ltr' id='par_1_12' title="bbox 475 1067 2049 1143">
     <span class='ocr_line' id='line_1_12' title="bbox 475 1067 2049 1143; baseline -0.006 -13"><span class='ocrx_word' id='word_1_68' title='bbox 475 1091 634 1130; x_wconf 90' lang='lat' dir='ltr'><strong>suum</strong></span> <span class='ocrx_word' id='word_1_69' title='bbox 695 1075 752 1128; x_wconf 90' lang='lat' dir='ltr'><strong>in</strong></span> <span class='ocrx_word' id='word_1_70' title='bbox 811 1084 1048 1143; x_wconf 88' lang='lat' dir='ltr'><strong>quatuor</strong></span> <span class='ocrx_word' id='word_1_71' title='bbox 1106 1081 1287 1141; x_wconf 89' lang='lat' dir='ltr'><strong>partes</strong></span> <span class='ocrx_word' id='word_1_72' title='bbox 1345 1071 1544 1124; x_wconf 83' lang='lat' dir='ltr'><strong>divisit.</strong></span> <span class='ocrx_word' id='word_1_73' title='bbox 1577 1069 1795 1133; x_wconf 88' lang='lat' dir='ltr'><strong>Postea,</strong></span> <span class='ocrx_word' id='word_1_74' title='bbox 1853 1067 2049 1138; x_wconf 84' lang='lat' dir='ltr'><strong>inquit,</strong></span> 
     </span>
    </p>
   </div>
   <div class='ocr_carea' id='block_1_13' title="bbox 473 1161 2049 1236">
    <p class='ocr_par' dir='ltr' id='par_1_13' title="bbox 473 1161 2049 1236">
     <span class='ocr_line' id='line_1_13' title="bbox 473 1161 2049 1236; baseline -0.004 -17"><span class='ocrx_word' id='word_1_75' title='bbox 473 1175 664 1236; x_wconf 85' lang='lat' dir='ltr'><strong>quarta</strong></span> <span class='ocrx_word' id='word_1_76' title='bbox 715 1166 876 1220; x_wconf 84' lang='lat' dir='ltr'><strong>bestia</strong></span> <span class='ocrx_word' id='word_1_77' title='bbox 919 1163 1167 1218; x_wconf 77' lang='lat' dir='ltr'><strong>terribilis</strong></span> <span class='ocrx_word' id='word_1_78' title='bbox 1197 1173 1350 1234; x_wconf 86' lang='lat' dir='ltr'><strong>atque</strong></span> <span class='ocrx_word' id='word_1_79' title='bbox 1377 1162 1652 1232; x_wconf 82' lang='lat' dir='ltr'><strong>stupenda,</strong></span> <span class='ocrx_word' id='word_1_80' title='bbox 1680 1163 1856 1215; x_wconf 82' lang='lat' dir='ltr'><strong>dentes</strong></span> <span class='ocrx_word' id='word_1_81' title='bbox 1882 1161 2049 1230; x_wconf 89' lang='lat' dir='ltr'><strong>ipsius</strong></span> 
     </span>
    </p>
   </div>
   <div class='ocr_carea' id='block_1_14' title="bbox 476 1253 2049 1328">
    <p class='ocr_par' dir='ltr' id='par_1_14' title="bbox 476 1253 2049 1328">
     <span class='ocr_line' id='line_1_14' title="bbox 476 1253 2049 1328; baseline -0.003 -18"><span class='ocrx_word' id='word_1_82' title='bbox 476 1259 653 1328; x_wconf 76' lang='lat' dir='ltr'><strong>ferrei,</strong></span> <span class='ocrx_word' id='word_1_83' title='bbox 688 1269 735 1312; x_wconf 89' lang='lat' dir='ltr'><strong>et</strong></span> <span class='ocrx_word' id='word_1_84' title='bbox 767 1273 962 1326; x_wconf 84' lang='lat' dir='ltr'><strong>ungues</strong></span> <span class='ocrx_word' id='word_1_85' title='bbox 997 1255 1164 1324; x_wconf 77' lang='lat' dir='ltr'><strong>ipsius</strong></span> <span class='ocrx_word' id='word_1_86' title='bbox 1211 1255 1354 1308; x_wconf 73' lang='lat' dir='ltr'><strong>terei.</strong></span> <span class='ocrx_word' id='word_1_87' title='bbox 1386 1253 1619 1320; x_wconf 86' lang='lat' dir='ltr'><strong>Quinam</strong></span> <span class='ocrx_word' id='word_1_88' title='bbox 1653 1267 1784 1307; x_wconf 81' lang='lat' dir='ltr'><strong>vero</strong></span> <span class='ocrx_word' id='word_1_89' title='bbox 1815 1253 1873 1306; x_wconf 92' lang='lat' dir='ltr'><strong>hi</strong></span> <span class='ocrx_word' id='word_1_90' title='bbox 1900 1260 2049 1319; x_wconf 88' lang='lat' dir='ltr'><strong>sunt,</strong></span> 
     </span>
    </p>
   </div>
   <div class='ocr_carea' id='block_1_15' title="bbox 476 1343 2050 1414">
    <p class='ocr_par' dir='ltr' id='par_1_15' title="bbox 476 1343 2050 1414">
     <span class='ocr_line' id='line_1_15' title="bbox 476 1343 2050 1414; baseline -0.004 -12"><span class='ocrx_word' id='word_1_91' title='bbox 476 1349 582 1404; x_wconf 90' lang='lat' dir='ltr'><strong>nisi</strong></span> <span class='ocrx_word' id='word_1_92' title='bbox 612 1348 878 1402; x_wconf 82' lang='lat' dir='ltr'><strong>Romani?</strong></span> <span class='ocrx_word' id='word_1_93' title='bbox 911 1345 1151 1413; x_wconf 87' lang='lat' dir='ltr'><strong>Quorum</strong></span> <span class='ocrx_word' id='word_1_94' title='bbox 1203 1361 1427 1414; x_wconf 83' lang='lat' dir='ltr'><strong>regnum</strong></span> <span class='ocrx_word' id='word_1_95' title='bbox 1465 1345 1520 1399; x_wconf 91' lang='lat' dir='ltr'><strong>in</strong></span> <span class='ocrx_word' id='word_1_96' title='bbox 1567 1344 1855 1414; x_wconf 63' lang='lat' dir='ltr'><strong>praesentia</strong></span> <span class='ocrx_word' id='word_1_97' title='bbox 1901 1343 2050 1398; x_wconf 82' lang='lat' dir='ltr'><strong>exsi-</strong></span> 
     </span>
    </p>
   </div>
   <div class='ocr_carea' id='block_1_16' title="bbox 476 1436 2048 1508">
    <p class='ocr_par' dir='ltr' id='par_1_16' title="bbox 476 1436 2048 1508">
     <span class='ocr_line' id='line_1_16' title="bbox 476 1436 2048 1508; baseline -0.005 -13"><span class='ocrx_word' id='word_1_98' title='bbox 476 1450 626 1495; x_wconf 87' lang='lat' dir='ltr'><strong>stcns</strong></span> <span class='ocrx_word' id='word_1_99' title='bbox 654 1439 796 1494; x_wconf 79' lang='lat' dir='ltr'><strong>ferro</strong></span> <span class='ocrx_word' id='word_1_100' title='bbox 823 1441 840 1508; x_wconf 94' lang='lat'>(</span> <span class='ocrx_word' id='word_1_101' title='bbox 864 1439 918 1492; x_wconf 86' lang='lat' dir='ltr'><strong>in</strong></span> <span class='ocrx_word' id='word_1_102' title='bbox 951 1438 1284 1508; x_wconf 87' lang='lat' dir='ltr'><strong>simulacro)</strong></span> <span class='ocrx_word' id='word_1_103' title='bbox 1312 1445 1691 1508; x_wconf 87' lang='lat' dir='ltr'><strong>comparatur;</strong></span> <span class='ocrx_word' id='word_1_104' title='bbox 1728 1452 1886 1489; x_wconf 88' lang='lat' dir='ltr'><strong>crura</strong></span> <span class='ocrx_word' id='word_1_105' title='bbox 1910 1436 2048 1489; x_wconf 88' lang='lat' dir='ltr'><strong>enim</strong></span> 
     </span>
    </p>
   </div>
   <div class='ocr_carea' id='block_1_17' title="bbox 475 1531 1056 1601">
    <p class='ocr_par' dir='ltr' id='par_1_17' title="bbox 475 1531 1056 1601">
     <span class='ocr_line' id='line_1_17' title="bbox 475 1531 1056 1601; baseline -0.003 -15"><span class='ocrx_word' id='word_1_106' title='bbox 475 1534 610 1601; x_wconf 86' lang='lat' dir='ltr'><strong>ejus,</strong></span> <span class='ocrx_word' id='word_1_107' title='bbox 637 1533 829 1601; x_wconf 86' lang='lat' dir='ltr'><strong>inquit,</strong></span> <span class='ocrx_word' id='word_1_108' title='bbox 863 1531 1056 1599; x_wconf 77' lang='lat' dir='ltr'><strong>ferrea.</strong></span> 
     </span>
    </p>
   </div>
   <div class='ocr_carea' id='block_1_18' title="bbox 547 1711 2056 1784">
    <p class='ocr_par' dir='ltr' id='par_1_18' title="bbox 547 1711 2056 1784">
     <span class='ocr_line' id='line_1_18' title="bbox 547 1711 2056 1784; baseline -0.005 -12"><span class='ocrx_word' id='word_1_109' title='bbox 547 1721 616 1772; x_wconf 89' lang='lat' dir='ltr'><strong>ll.</strong></span> <span class='ocrx_word' id='word_1_110' title='bbox 657 1716 787 1772; x_wconf 88' lang='lat' dir='ltr'><strong>Post</strong></span> <span class='ocrx_word' id='word_1_111' title='bbox 833 1716 948 1770; x_wconf 70' lang='lat' dir='ltr'><strong>lucc</strong></span> <span class='ocrx_word' id='word_1_112' title='bbox 993 1715 1160 1784; x_wconf 83' lang='lat' dir='ltr'><strong>igitur</strong></span> <span class='ocrx_word' id='word_1_113' title='bbox 1199 1714 1330 1784; x_wconf 88' lang='lat' dir='ltr'><strong>quid</strong></span> <span class='ocrx_word' id='word_1_114' title='bbox 1376 1722 1642 1784; x_wconf 87' lang='lat' dir='ltr'><strong>superest,</strong></span> <span class='ocrx_word' id='word_1_115' title='bbox 1688 1711 1908 1768; x_wconf 80' lang='lat' dir='ltr'><strong>dilecti?</strong></span> <span class='ocrx_word' id='word_1_116' title='bbox 1949 1711 2056 1766; x_wconf 86' lang='lat' dir='ltr'><strong>nisi</strong></span> 
     </span>
    </p>
   </div>
   <div class='ocr_carea' id='block_1_19' title="bbox 475 1806 2050 1881">
    <p class='ocr_par' dir='ltr' id='par_1_19' title="bbox 475 1806 2050 1881">
     <span class='ocr_line' id='line_1_19' title="bbox 475 1806 2050 1881; baseline -0.004 -17"><span class='ocrx_word' id='word_1_117' title='bbox 475 1811 705 1881; x_wconf 76' lang='lat' dir='ltr'><strong>vestigia</strong></span> <span class='ocrx_word' id='word_1_118' title='bbox 733 1807 928 1879; x_wconf 89' lang='lat' dir='ltr'><strong>pedum</strong></span> <span class='ocrx_word' id='word_1_119' title='bbox 952 1807 1252 1872; x_wconf 86' lang='lat' dir='ltr'><strong>simulacri,</strong></span> <span class='ocrx_word' id='word_1_120' title='bbox 1282 1807 1338 1860; x_wconf 91' lang='lat' dir='ltr'><strong>in</strong></span> <span class='ocrx_word' id='word_1_121' title='bbox 1364 1807 1562 1876; x_wconf 89' lang='lat' dir='ltr'><strong>quibus</strong></span> <span class='ocrx_word' id='word_1_122' title='bbox 1591 1822 1714 1875; x_wconf 85' lang='lat' dir='ltr'><strong>pars</strong></span> <span class='ocrx_word' id='word_1_123' title='bbox 1733 1807 1836 1862; x_wconf 87' lang='lat' dir='ltr'><strong>erit</strong></span> <span class='ocrx_word' id='word_1_124' title='bbox 1858 1806 2050 1875; x_wconf 79' lang='lat' dir='ltr'><strong>ferrea,</strong></span> 
     </span>
    </p>
   </div>
   <div class='ocr_carea' id='block_1_20' title="bbox 2151 520 3670 593">
    <p class='ocr_par' dir='ltr' id='par_1_20' title="bbox 2151 520 3670 593">
     <span class='ocr_line' id='line_1_20' title="bbox 2151 520 3670 593; baseline -0.002 -17"><span class='ocrx_word' id='word_1_125' title='bbox 2151 541 2242 576; x_wconf 84' lang='grc' dir='ltr'><strong>σεν</strong></span> <span class='ocrx_word' id='word_1_126' title='bbox 2271 527 2298 576; x_wconf 93' lang='grc' dir='ltr'><strong>ὁ</strong></span> <span class='ocrx_word' id='word_1_127' title='bbox 2329 525 2613 588; x_wconf 87' lang='grc' dir='ltr'>Μακεδὼν,</span> <span class='ocrx_word' id='word_1_128' title='bbox 2655 523 2896 578; x_wconf 77' lang='grc' dir='ltr'>καθελὼν</span> <span class='ocrx_word' id='word_1_129' title='bbox 2935 524 3156 590; x_wconf 83' lang='grc' dir='ltr'>Δαρεῖον</span> <span class='ocrx_word' id='word_1_130' title='bbox 3180 539 3191 550; x_wconf 91' lang='grc'>·</span> <span class='ocrx_word' id='word_1_131' title='bbox 3223 521 3250 573; x_wconf 83' lang='grc' dir='ltr'><strong>ὃ</strong></span> <span class='ocrx_word' id='word_1_132' title='bbox 3277 520 3522 574; x_wconf 80' lang='grc' dir='ltr'><strong>δέδεικται</strong></span> <span class='ocrx_word' id='word_1_133' title='bbox 3547 524 3593 574; x_wconf 82' lang='grc' dir='ltr'><strong>ἐν</strong></span> <span class='ocrx_word' id='word_1_134' title='bbox 3621 527 3670 593; x_wconf 77' lang='grc' dir='ltr'>τῇ</span> 
     </span>
    </p>
   </div>
   <div class='ocr_carea' id='block_1_21' title="bbox 2149 613 3675 686">
    <p class='ocr_par' dir='ltr' id='par_1_21' title="bbox 2149 613 3675 686">
     <span class='ocr_line' id='line_1_21' title="bbox 2149 613 3675 686; baseline 0.001 -20"><span class='ocrx_word' id='word_1_135' title='bbox 2149 615 2315 668; x_wconf 76' lang='grc' dir='ltr'>εικόνι</span> <span class='ocrx_word' id='word_1_136' title='bbox 2345 617 2374 668; x_wconf 97' lang='lat'><strong>6</strong></span> <span class='ocrx_word' id='word_1_137' title='bbox 2405 616 2658 686; x_wconf 77' lang='grc' dir='ltr'>χαλκός.</span> <span class='ocrx_word' id='word_1_138' title='bbox 2683 615 2755 668; x_wconf 84' lang='grc' dir='ltr'><strong>Τὸ</strong></span> <span class='ocrx_word' id='word_1_139' title='bbox 2801 614 2858 668; x_wconf 88' lang='grc' dir='ltr'>δὲ</span> <span class='ocrx_word' id='word_1_140' title='bbox 2907 613 3086 681; x_wconf 85' lang='grc' dir='ltr'>λέγειν</span> <span class='ocrx_word' id='word_1_141' title='bbox 3124 613 3309 680; x_wconf 81' lang='grc' dir='ltr'>πτερὰ</span> <span class='ocrx_word' id='word_1_142' title='bbox 3331 613 3574 681; x_wconf 58' lang='grc' dir='ltr'>τέσσαρα</span> <span class='ocrx_word' id='word_1_143' title='bbox 3598 632 3675 668; x_wconf 73' lang='grc' dir='ltr'>πε-</span> 
     </span>
    </p>
   </div>
   <div class='ocr_carea' id='block_1_22' title="bbox 2149 703 3672 774">
    <p class='ocr_par' dir='ltr' id='par_1_22' title="bbox 2149 703 3672 774">
     <span class='ocr_line' id='line_1_22' title="bbox 2149 703 3672 774; baseline 0 -16"><span class='ocrx_word' id='word_1_144' title='bbox 2149 705 2365 771; x_wconf 75' lang='grc' dir='ltr'>τεινοῦ,</span> <span class='ocrx_word' id='word_1_145' title='bbox 2390 707 2486 760; x_wconf 75' lang='grc' dir='ltr'>καὶ</span> <span class='ocrx_word' id='word_1_146' title='bbox 2515 706 2808 774; x_wconf 85' lang='grc' dir='ltr'>τέσσαρες</span> <span class='ocrx_word' id='word_1_147' title='bbox 2833 703 3086 774; x_wconf 73' lang='grc' dir='ltr'>κεφαλαὶ</span> <span class='ocrx_word' id='word_1_148' title='bbox 3115 703 3197 768; x_wconf 83' lang='grc' dir='ltr'>τῷ</span> <span class='ocrx_word' id='word_1_149' title='bbox 3220 703 3394 770; x_wconf 84' lang='grc' dir='ltr'>θηρίῳ</span> <span class='ocrx_word' id='word_1_150' title='bbox 3412 704 3672 772; x_wconf 70' lang='grc' dir='ltr'>σαφέστατα</span> 
     </span>
    </p>
   </div>
   <div class='ocr_carea' id='block_1_23' title="bbox 2152 795 3676 869">
    <p class='ocr_par' dir='ltr' id='par_1_23' title="bbox 2152 795 3676 869">
     <span class='ocr_line' id='line_1_23' title="bbox 2152 795 3676 869; baseline 0.001 -20"><span class='ocrx_word' id='word_1_151' title='bbox 2152 796 2340 862; x_wconf 77' lang='grc' dir='ltr'>ἔδειξε,</span> <span class='ocrx_word' id='word_1_152' title='bbox 2369 798 2486 862; x_wconf 90' lang='grc' dir='ltr'><strong>πῶς</strong></span> <span class='ocrx_word' id='word_1_153' title='bbox 2510 797 2824 869; x_wconf 80' lang='grc' dir='ltr'><strong>διεμερίσθη</strong></span> <span class='ocrx_word' id='word_1_154' title='bbox 2851 797 2930 859; x_wconf 77' lang='grc' dir='ltr'><strong>εἰς</strong></span> <span class='ocrx_word' id='word_1_155' title='bbox 2963 795 3201 868; x_wconf 79' lang='grc' dir='ltr'>τέσσαρα</span> <span class='ocrx_word' id='word_1_156' title='bbox 3242 795 3376 866; x_wconf 84' lang='grc' dir='ltr'>μέρη</span> <span class='ocrx_word' id='word_1_157' title='bbox 3412 796 3445 865; x_wconf 81' lang='grc' dir='ltr'><strong>ή</strong></span> <span class='ocrx_word' id='word_1_158' title='bbox 3474 795 3676 864; x_wconf 75' lang='grc' dir='ltr'>βασιλεία</span> 
     </span>
    </p>
   </div>
   <div class='ocr_carea' id='block_1_24' title="bbox 2167 884 3676 961">
    <p class='ocr_par' dir='ltr' id='par_1_24' title="bbox 2167 884 3676 961">
     <span class='ocr_line' id='line_1_24' title="bbox 2167 884 3676 961; baseline -0.001 -21"><span class='ocrx_word' id='word_1_159' title='bbox 2167 887 2536 961; x_wconf 68' lang='grc' dir='ltr'>Ἀλεξάνδρου·</span> <span class='ocrx_word' id='word_1_160' title='bbox 2571 889 2875 958; x_wconf 84' lang='grc' dir='ltr'>τέσσαρας</span> <span class='ocrx_word' id='word_1_161' title='bbox 2919 887 3026 959; x_wconf 86' lang='grc' dir='ltr'><strong>γὰρ</strong></span> <span class='ocrx_word' id='word_1_162' title='bbox 3073 885 3339 956; x_wconf 67' lang='grc' dir='ltr'>κεφαλὰς</span> <span class='ocrx_word' id='word_1_163' title='bbox 3381 884 3554 952; x_wconf 83' lang='grc' dir='ltr'>εἰπὼν,</span> <span class='ocrx_word' id='word_1_164' title='bbox 3580 889 3676 950; x_wconf 57' lang='grc' dir='ltr'>τοὶς</span> 
     </span>
    </p>
   </div>
   <div class='ocr_carea' id='block_1_25' title="bbox 2153 979 3678 1052">
    <p class='ocr_par' dir='ltr' id='par_1_25' title="bbox 2153 979 3678 1052">
     <span class='ocr_line' id='line_1_25' title="bbox 2153 979 3678 1052; baseline 0 -20"><span class='ocrx_word' id='word_1_165' title='bbox 2153 980 2422 1052; x_wconf 84' lang='grc' dir='ltr'>τέσσαρας</span> <span class='ocrx_word' id='word_1_166' title='bbox 2451 981 2686 1050; x_wconf 77' lang='grc' dir='ltr'><strong>βασιλεῖς</strong></span> <span class='ocrx_word' id='word_1_167' title='bbox 2728 980 2853 1043; x_wconf 79' lang='grc' dir='ltr'>τοὺς</span> <span class='ocrx_word' id='word_1_168' title='bbox 2883 979 2940 1046; x_wconf 77' lang='grc' dir='ltr'><strong>ἐξ</strong></span> <span class='ocrx_word' id='word_1_169' title='bbox 2971 979 3138 1049; x_wconf 83' lang='grc' dir='ltr'>αὐτῆς</span> <span class='ocrx_word' id='word_1_170' title='bbox 3164 979 3486 1042; x_wconf 81' lang='grc' dir='ltr'><strong>ἀναστάντας</strong></span> <span class='ocrx_word' id='word_1_171' title='bbox 3513 979 3678 1051; x_wconf 75' lang='grc' dir='ltr'>ἐμήνυ-</span> 
     </span>
    </p>
   </div>
   <div class='ocr_carea' id='block_1_26' title="bbox 2155 1069 3678 1143">
    <p class='ocr_par' dir='ltr' id='par_1_26' title="bbox 2155 1069 3678 1143">
     <span class='ocr_line' id='line_1_26' title="bbox 2155 1069 3678 1143; baseline 0.001 -23"><span class='ocrx_word' id='word_1_172' title='bbox 2155 1087 2248 1121; x_wconf 79' lang='grc' dir='ltr'><strong>σε·</strong></span> <span class='ocrx_word' id='word_1_173' title='bbox 2279 1071 2542 1125; x_wconf 83' lang='grc' dir='ltr'>τελευτῶν</span> <span class='ocrx_word' id='word_1_174' title='bbox 2590 1071 2697 1143; x_wconf 88' lang='grc' dir='ltr'>γὰρ</span> <span class='ocrx_word' id='word_1_175' title='bbox 2747 1073 2776 1124; x_wconf 91' lang='lat'><strong>6</strong></span> <span class='ocrx_word' id='word_1_176' title='bbox 2821 1069 3184 1141; x_wconf 84' lang='grc' dir='ltr'>Ἀλέξανδρος,</span> <span class='ocrx_word' id='word_1_177' title='bbox 3217 1069 3376 1123; x_wconf 85' lang='grc' dir='ltr'>διεῖλε</span> <span class='ocrx_word' id='word_1_178' title='bbox 3422 1069 3511 1140; x_wconf 81' lang='grc' dir='ltr'><strong>τὴν</strong></span> <span class='ocrx_word' id='word_1_179' title='bbox 3557 1070 3678 1140; x_wconf 78' lang='grc' dir='ltr'>βασι-</span> 
     </span>
    </p>
   </div>
   <div class='ocr_carea' id='block_1_27' title="bbox 2153 1162 3682 1234">
    <p class='ocr_par' dir='ltr' id='par_1_27' title="bbox 2153 1162 3682 1234">
     <span class='ocr_line' id='line_1_27' title="bbox 2153 1162 3682 1234; baseline 0.001 -20"><span class='ocrx_word' id='word_1_180' title='bbox 2153 1162 2303 1216; x_wconf 86' lang='grc' dir='ltr'>λείαν</span> <span class='ocrx_word' id='word_1_181' title='bbox 2329 1163 2492 1216; x_wconf 77' lang='grc' dir='ltr'>αὐτοῦ</span> <span class='ocrx_word' id='word_1_182' title='bbox 2525 1165 2604 1227; x_wconf 76' lang='grc' dir='ltr'><strong>εἰς</strong></span> <span class='ocrx_word' id='word_1_183' title='bbox 2629 1163 2870 1234; x_wconf 82' lang='grc' dir='ltr'>τέσσαρα</span> <span class='ocrx_word' id='word_1_184' title='bbox 2899 1163 3299 1234; x_wconf 84' lang='grc' dir='ltr'>μέρη.Ἔπειτα</span> <span class='ocrx_word' id='word_1_185' title='bbox 3337 1163 3481 1234; x_wconf 74' lang='grc' dir='ltr'>φησὶ,</span> <span class='ocrx_word' id='word_1_186' title='bbox 3515 1163 3682 1230; x_wconf 73' lang='grc' dir='ltr'>θηρίοι-</span> 
     </span>
    </p>
   </div>
   <div class='ocr_carea' id='block_1_28' title="bbox 2154 1254 3684 1325">
    <p class='ocr_par' dir='ltr' id='par_1_28' title="bbox 2154 1254 3684 1325">
     <span class='ocr_line' id='line_1_28' title="bbox 2154 1254 3684 1325; baseline 0.001 -19"><span class='ocrx_word' id='word_1_187' title='bbox 2154 1254 2434 1322; x_wconf 77' lang='grc' dir='ltr'>τέταρτον</span> <span class='ocrx_word' id='word_1_188' title='bbox 2469 1255 2726 1324; x_wconf 73' lang='grc' dir='ltr'>φοϐερὸν</span> <span class='ocrx_word' id='word_1_189' title='bbox 2753 1257 2854 1310; x_wconf 80' lang='grc' dir='ltr'><strong>καὶ</strong></span> <span class='ocrx_word' id='word_1_190' title='bbox 2879 1257 3176 1325; x_wconf 79' lang='grc' dir='ltr'>ἓκθαμϐον</span> <span class='ocrx_word' id='word_1_191' title='bbox 3193 1272 3207 1287; x_wconf 86' lang='grc'><strong>·</strong></span> <span class='ocrx_word' id='word_1_192' title='bbox 3249 1259 3302 1310; x_wconf 78' lang='grc' dir='ltr'>οἱ</span> <span class='ocrx_word' id='word_1_193' title='bbox 3345 1255 3568 1322; x_wconf 77' lang='grc' dir='ltr'>ὀδόντες</span> <span class='ocrx_word' id='word_1_194' title='bbox 3603 1259 3684 1308; x_wconf 81' lang='grc' dir='ltr'><strong>αὑ-</strong></span> 
     </span>
    </p>
   </div>
   <div class='ocr_carea' id='block_1_29' title="bbox 2155 1346 3683 1419">
    <p class='ocr_par' dir='ltr' id='par_1_29' title="bbox 2155 1346 3683 1419">
     <span class='ocr_line' id='line_1_29' title="bbox 2155 1346 3683 1419; baseline 0.001 -20"><span class='ocrx_word' id='word_1_195' title='bbox 2155 1346 2260 1400; x_wconf 81' lang='grc' dir='ltr'>τοῦ</span> <span class='ocrx_word' id='word_1_196' title='bbox 2294 1346 2548 1414; x_wconf 84' lang='grc' dir='ltr'><strong>σιδηροῖ,</strong></span> <span class='ocrx_word' id='word_1_197' title='bbox 2579 1349 2677 1402; x_wconf 77' lang='grc' dir='ltr'>καὶ</span> <span class='ocrx_word' id='word_1_198' title='bbox 2729 1353 2780 1404; x_wconf 81' lang='grc' dir='ltr'>οὶ</span> <span class='ocrx_word' id='word_1_199' title='bbox 2823 1349 3041 1419; x_wconf 83' lang='grc' dir='ltr'>ὄνυχες</span> <span class='ocrx_word' id='word_1_200' title='bbox 3085 1348 3270 1403; x_wconf 85' lang='grc' dir='ltr'>αὐτοῦ</span> <span class='ocrx_word' id='word_1_201' title='bbox 3310 1347 3548 1418; x_wconf 48' lang='grc' dir='ltr'>χαλκοὶκ</span> <span class='ocrx_word' id='word_1_202' title='bbox 3573 1348 3683 1412; x_wconf 80' lang='grc' dir='ltr'>τίνες</span> 
     </span>
    </p>
   </div>
   <div class='ocr_carea' id='block_1_30' title="bbox 2153 1433 3684 1512">
    <p class='ocr_par' dir='ltr' id='par_1_30' title="bbox 2153 1433 3684 1512">
     <span class='ocr_line' id='line_1_30' title="bbox 2153 1433 3684 1512; baseline 0.003 -23"><span class='ocrx_word' id='word_1_203' title='bbox 2153 1433 2245 1490; x_wconf 81' lang='grc' dir='ltr'><strong>οὖν</strong></span> <span class='ocrx_word' id='word_1_204' title='bbox 2279 1433 2442 1504; x_wconf 74' lang='grc' dir='ltr'>οὗτοι,</span> <span class='ocrx_word' id='word_1_205' title='bbox 2484 1438 2656 1510; x_wconf 79' lang='grc' dir='ltr'>ἀλλ’ἢ</span> <span class='ocrx_word' id='word_1_206' title='bbox 2690 1441 2980 1512; x_wconf 79' lang='grc' dir='ltr'>Ῥωμαῖοις</span> <span class='ocrx_word' id='word_1_207' title='bbox 3015 1441 3150 1511; x_wconf 82' lang='grc' dir='ltr'>ὅπερ</span> <span class='ocrx_word' id='word_1_208' title='bbox 3195 1440 3340 1494; x_wconf 74' lang='grc' dir='ltr'>ἐστὶν</span> <span class='ocrx_word' id='word_1_209' title='bbox 3371 1444 3399 1494; x_wconf 92' lang='lat'><strong>6</strong></span> <span class='ocrx_word' id='word_1_210' title='bbox 3431 1441 3684 1511; x_wconf 83' lang='grc' dir='ltr'>σίδηρος,ή</span> 
     </span>
    </p>
   </div>
   <div class='ocr_carea' id='block_1_31' title="bbox 2154 1527 3684 1604">
    <p class='ocr_par' dir='ltr' id='par_1_31' title="bbox 2154 1527 3684 1604">
     <span class='ocr_line' id='line_1_31' title="bbox 2154 1527 3684 1604; baseline 0.001 -22"><span class='ocrx_word' id='word_1_211' title='bbox 2154 1527 2248 1582; x_wconf 86' lang='grc' dir='ltr'>νῦν</span> <span class='ocrx_word' id='word_1_212' title='bbox 2279 1529 2494 1584; x_wconf 79' lang='grc' dir='ltr'>ἑστῶσα</span> <span class='ocrx_word' id='word_1_213' title='bbox 2524 1530 2801 1601; x_wconf 86' lang='grc' dir='ltr'><strong>βασιλεία⁹</strong></span> <span class='ocrx_word' id='word_1_214' title='bbox 2851 1536 2912 1588; x_wconf 82' lang='grc' dir='ltr'>αἱ</span> <span class='ocrx_word' id='word_1_215' title='bbox 2943 1533 3162 1603; x_wconf 82' lang='grc' dir='ltr'>κνῆμαι</span> <span class='ocrx_word' id='word_1_216' title='bbox 3201 1533 3310 1604; x_wconf 60' lang='grc' dir='ltr'><strong>γὰρ</strong></span> <span class='ocrx_word' id='word_1_217' title='bbox 3343 1532 3540 1601; x_wconf 84' lang='grc' dir='ltr'>αὐτῆς,</span> <span class='ocrx_word' id='word_1_218' title='bbox 3566 1532 3684 1601; x_wconf 71' lang='grc' dir='ltr'>φησι,</span> 
     </span>
    </p>
   </div>
   <div class='ocr_carea' id='block_1_32' title="bbox 2159 1621 3006 1694">
    <p class='ocr_par' dir='ltr' id='par_1_32' title="bbox 2159 1621 3006 1694">
     <span class='ocr_line' id='line_1_32' title="bbox 2159 1621 3006 1694; baseline 0.002 -21"><span class='ocrx_word' id='word_1_219' title='bbox 2159 1621 2409 1691; x_wconf 83' lang='grc' dir='ltr'><strong>σιδηραῖ</strong></span> <span class='ocrx_word' id='word_1_220' title='bbox 2431 1622 2565 1694; x_wconf 82' lang='grc'><strong>(59).</strong></span> <span class='ocrx_word' id='word_1_221' title='bbox 3001 1645 3006 1648; x_wconf 94' lang='grc'>·</span> 
     </span>
    </p>
   </div>
   <div class='ocr_carea' id='block_1_33' title="bbox 2233 1715 3686 1790">
    <p class='ocr_par' dir='ltr' id='par_1_33' title="bbox 2233 1715 3686 1790">
     <span class='ocr_line' id='line_1_33' title="bbox 2233 1715 3686 1790; baseline 0.004 -23"><span class='ocrx_word' id='word_1_222' title='bbox 2233 1717 2298 1768; x_wconf 88' lang='lat' dir='ltr'><strong>ll.</strong></span> <span class='ocrx_word' id='word_1_223' title='bbox 2341 1716 2500 1771; x_wconf 80' lang='grc' dir='ltr'>Μετὰ</span> <span class='ocrx_word' id='word_1_224' title='bbox 2543 1719 2594 1786; x_wconf 87' lang='grc' dir='ltr'>γ’</span> <span class='ocrx_word' id='word_1_225' title='bbox 2637 1715 2730 1772; x_wconf 85' lang='grc' dir='ltr'><strong>οὖν</strong></span> <span class='ocrx_word' id='word_1_226' title='bbox 2782 1717 2940 1772; x_wconf 84' lang='grc' dir='ltr'>τοῦτο</span> <span class='ocrx_word' id='word_1_227' title='bbox 2987 1719 3040 1772; x_wconf 91' lang='grc' dir='ltr'><strong>τί</strong></span> <span class='ocrx_word' id='word_1_228' title='bbox 3104 1720 3469 1790; x_wconf 79' lang='grc' dir='ltr'><strong>περιλείπεται</strong></span> <span class='ocrx_word' id='word_1_229' title='bbox 3501 1721 3686 1788; x_wconf 69' lang='grc' dir='ltr'>,ἀγαπη-</span> 
     </span>
    </p>
   </div>
   <div class='ocr_carea' id='block_1_34' title="bbox 2161 1803 3690 1881">
    <p class='ocr_par' dir='ltr' id='par_1_34' title="bbox 2161 1803 3690 1881">
     <span class='ocr_line' id='line_1_34' title="bbox 2161 1803 3690 1881; baseline 0.001 -22"><span class='ocrx_word' id='word_1_230' title='bbox 2161 1825 2240 1860; x_wconf 89' lang='grc' dir='ltr'><strong>τοι</strong></span> <span class='ocrx_word' id='word_1_231' title='bbox 2261 1807 2372 1878; x_wconf 86' lang='grc'><strong>(60)</strong></span> <span class='ocrx_word' id='word_1_232' title='bbox 2395 1823 2409 1872; x_wconf 91' lang='grc'>;</span> <span class='ocrx_word' id='word_1_233' title='bbox 2437 1807 2553 1860; x_wconf 83' lang='grc' dir='ltr'>ἀλλ’</span> <span class='ocrx_word' id='word_1_234' title='bbox 2577 1807 2609 1879; x_wconf 82' lang='grc' dir='ltr'>ἢ</span> <span class='ocrx_word' id='word_1_235' title='bbox 2638 1807 2706 1860; x_wconf 87' lang='grc' dir='ltr'>τὰ</span> <span class='ocrx_word' id='word_1_236' title='bbox 2738 1809 2855 1878; x_wconf 77' lang='grc' dir='ltr'>ἴχνη</span> <span class='ocrx_word' id='word_1_237' title='bbox 2877 1807 2984 1861; x_wconf 83' lang='grc' dir='ltr'><strong>τῶν</strong></span> <span class='ocrx_word' id='word_1_238' title='bbox 3011 1809 3184 1863; x_wconf 82' lang='grc' dir='ltr'>ποδῶν</span> <span class='ocrx_word' id='word_1_239' title='bbox 3208 1811 3306 1881; x_wconf 82' lang='grc' dir='ltr'>τῆς</span> <span class='ocrx_word' id='word_1_240' title='bbox 3331 1809 3546 1872; x_wconf 80' lang='grc' dir='ltr'><strong>εἰκόνος,</strong></span> <span class='ocrx_word' id='word_1_241' title='bbox 3569 1811 3617 1860; x_wconf 78' lang='grc' dir='ltr'><strong>ἐν</strong></span> <span class='ocrx_word' id='word_1_242' title='bbox 3631 1803 3690 1870; x_wconf 73' lang='lat' dir='ltr'><strong>oi;</strong></span> 
     </span>
    </p>
   </div>
   <div class='ocr_carea' id='block_1_35' title="bbox 479 1896 2067 1990">
    <p class='ocr_par' dir='ltr' id='par_1_35' title="bbox 479 1897 2054 1972">
     <span class='ocr_line' id='line_1_35' title="bbox 479 1897 2054 1972; baseline -0.004 -16"><span class='ocrx_word' id='word_1_243' title='bbox 479 1921 603 1972; x_wconf 83' lang='lat' dir='ltr'><strong>pars</strong></span> <span class='ocrx_word' id='word_1_244' title='bbox 631 1911 802 1955; x_wconf 83' lang='lat' dir='ltr'><strong>autem</strong></span> <span class='ocrx_word' id='word_1_245' title='bbox 836 1909 1016 1963; x_wconf 84' lang='lat' dir='ltr'><strong>testea,</strong></span> <span class='ocrx_word' id='word_1_246' title='bbox 1051 1898 1210 1952; x_wconf 83' lang='lat' dir='ltr'><strong>simul</strong></span> <span class='ocrx_word' id='word_1_247' title='bbox 1231 1899 1540 1954; x_wconf 74' lang='lat' dir='ltr'><strong>commistw.</strong></span> <span class='ocrx_word' id='word_1_248' title='bbox 1564 1898 1785 1969; x_wconf 77' lang='lat' dir='ltr'><strong>Myslice</strong></span> <span class='ocrx_word' id='word_1_249' title='bbox 1805 1897 2054 1968; x_wconf 87' lang='lat' dir='ltr'><strong>designa-</strong></span> 
     </span>
    </p>
   </div>
   <div class='ocr_carea' id='block_1_36' title="bbox 2162 1896 3686 1990">
    <p class='ocr_par' dir='ltr' id='par_1_36' title="bbox 2162 1896 3686 1968">
     <span class='ocr_line' id='line_1_36' title="bbox 2162 1896 3686 1968; baseline 0 -18"><span class='ocrx_word' id='word_1_250' title='bbox 2162 1896 2333 1966; x_wconf 83' lang='grc' dir='ltr'><strong>μέρος</strong></span> <span class='ocrx_word' id='word_1_251' title='bbox 2366 1899 2481 1967; x_wconf 75' lang='grc' dir='ltr'><strong>μέν</strong></span> <span class='ocrx_word' id='word_1_252' title='bbox 2505 1915 2558 1951; x_wconf 82' lang='grc' dir='ltr'><strong>τι</strong></span> <span class='ocrx_word' id='word_1_253' title='bbox 2583 1898 2753 1952; x_wconf 76' lang='grc' dir='ltr'>ἔσται</span> <span class='ocrx_word' id='word_1_254' title='bbox 2783 1898 3094 1967; x_wconf 80' lang='grc' dir='ltr'><strong>σιδηροῦν,</strong></span> <span class='ocrx_word' id='word_1_255' title='bbox 3121 1901 3303 1968; x_wconf 83' lang='grc' dir='ltr'><strong>μέρος</strong></span> <span class='ocrx_word' id='word_1_256' title='bbox 3335 1899 3405 1953; x_wconf 79' lang='grc' dir='ltr'>δέ</span> <span class='ocrx_word' id='word_1_257' title='bbox 3439 1917 3490 1952; x_wconf 82' lang='grc' dir='ltr'><strong>τι</strong></span> <span class='ocrx_word' id='word_1_258' title='bbox 3521 1898 3686 1966; x_wconf 52' lang='grc' dir='ltr'>ὀστρά-</span> 
     </span>
    </p>
   </div>
   <div class='ocr_carea' id='block_1_37' title="bbox 479 1987 2048 2063">
    <p class='ocr_par' dir='ltr' id='par_1_37' title="bbox 479 1987 2048 2063">
     <span class='ocr_line' id='line_1_37' title="bbox 479 1987 2048 2063; baseline -0.004 -17"><span class='ocrx_word' id='word_1_259' title='bbox 479 1996 558 2048; x_wconf 81' lang='lat' dir='ltr'><strong>vit</strong></span> <span class='ocrx_word' id='word_1_260' title='bbox 585 2010 680 2063; x_wconf 87' lang='lat' dir='ltr'><strong>per</strong></span> <span class='ocrx_word' id='word_1_261' title='bbox 711 1991 909 2061; x_wconf 82' lang='lat' dir='ltr'><strong>digitos</strong></span> <span class='ocrx_word' id='word_1_262' title='bbox 941 1989 1160 2059; x_wconf 89' lang='lat' dir='ltr'><strong>pedum,</strong></span> <span class='ocrx_word' id='word_1_263' title='bbox 1197 1989 1378 2043; x_wconf 89' lang='lat' dir='ltr'><strong>decem</strong></span> <span class='ocrx_word' id='word_1_264' title='bbox 1411 2005 1562 2059; x_wconf 84' lang='lat' dir='ltr'><strong>reges</strong></span> <span class='ocrx_word' id='word_1_265' title='bbox 1593 2004 1658 2044; x_wconf 80' lang='lat' dir='ltr'><strong>ex</strong></span> <span class='ocrx_word' id='word_1_266' title='bbox 1689 1989 1806 2059; x_wconf 90' lang='lat' dir='ltr'><strong>ipso</strong></span> <span class='ocrx_word' id='word_1_267' title='bbox 1837 1987 2048 2060; x_wconf 80' lang='lat' dir='ltr'><strong>(regno)</strong></span> 
     </span>
    </p>
   </div>
   <div class='ocr_carea' id='block_1_38' title="bbox 479 2079 2056 2156">
    <p class='ocr_par' dir='ltr' id='par_1_38' title="bbox 479 2079 2056 2156">
     <span class='ocr_line' id='line_1_38' title="bbox 479 2079 2056 2156; baseline -0.006 -16"><span class='ocrx_word' id='word_1_268' title='bbox 479 2085 796 2156; x_wconf 84' lang='lat' dir='ltr'><strong>excitandos</strong></span> <span class='ocrx_word' id='word_1_269' title='bbox 820 2101 834 2137; x_wconf 92' lang='lat'>:</span> <span class='ocrx_word' id='word_1_270' title='bbox 864 2080 1008 2152; x_wconf 91' lang='lat' dir='ltr'><strong>quod</strong></span> <span class='ocrx_word' id='word_1_271' title='bbox 1038 2080 1114 2134; x_wconf 87' lang='lat' dir='ltr'><strong>ait</strong></span> <span class='ocrx_word' id='word_1_272' title='bbox 1137 2079 1324 2133; x_wconf 88' lang='lat' dir='ltr'><strong>Daniel</strong></span> <span class='ocrx_word' id='word_1_273' title='bbox 1347 2099 1360 2133; x_wconf 89' lang='lat'>:</span> <span class='ocrx_word' id='word_1_274' title='bbox 1381 2079 1790 2134; x_wconf 87' lang='lat' dir='ltr'><strong>Considerabam</strong></span> <span class='ocrx_word' id='word_1_275' title='bbox 1817 2081 2056 2142; x_wconf 83' lang='lat' dir='ltr'><strong>bestiam,</strong></span> 
     </span>
    </p>
   </div>
   <div class='ocr_carea' id='block_1_39' title="bbox 479 2157 2063 2242">
    <p class='ocr_par' dir='ltr' id='par_1_39' title="bbox 479 2157 2063 2242">
     <span class='ocr_line' id='line_1_39' title="bbox 479 2157 2063 2242; baseline -0.003 -11"><span class='ocrx_word' id='word_1_276' title='bbox 479 2187 529 2231; x_wconf 89' lang='lat' dir='ltr'><strong>et</strong></span> <span class='ocrx_word' id='word_1_277' title='bbox 574 2157 688 2230; x_wconf 80' lang='lat' dir='ltr'><strong>ecce</strong></span> <span class='ocrx_word' id='word_1_278' title='bbox 731 2191 927 2228; x_wconf 85' lang='lat' dir='ltr'><strong>cornua</strong></span> <span class='ocrx_word' id='word_1_279' title='bbox 971 2173 1146 2226; x_wconf 84' lang='lat' dir='ltr'><strong>decem</strong></span> <span class='ocrx_word' id='word_1_280' title='bbox 1188 2182 1302 2241; x_wconf 87' lang='lat' dir='ltr'><strong>post</strong></span> <span class='ocrx_word' id='word_1_281' title='bbox 1335 2189 1470 2235; x_wconf 88' lang='lat' dir='ltr'><strong>eam,</strong></span> <span class='ocrx_word' id='word_1_282' title='bbox 1506 2173 1560 2226; x_wconf 92' lang='lat' dir='ltr'><strong>in</strong></span> <span class='ocrx_word' id='word_1_283' title='bbox 1596 2173 1796 2242; x_wconf 81' lang='lat' dir='ltr'><strong>quibus</strong></span> <span class='ocrx_word' id='word_1_284' title='bbox 1829 2171 2063 2242; x_wconf 90' lang='lat' dir='ltr'><strong>prodibit</strong></span> 
     </span>
    </p>
   </div>
   <div class='ocr_carea' id='block_1_40' title="bbox 479 2263 2059 2338">
    <p class='ocr_par' dir='ltr' id='par_1_40' title="bbox 479 2263 2059 2338">
     <span class='ocr_line' id='line_1_40' title="bbox 479 2263 2059 2338; baseline -0.004 -16"><span class='ocrx_word' id='word_1_285' title='bbox 479 2268 630 2322; x_wconf 83' lang='lat' dir='ltr'><strong>aliud</strong></span> <span class='ocrx_word' id='word_1_286' title='bbox 667 2265 976 2338; x_wconf 82' lang='lat' dir='ltr'><strong>(parvum)</strong></span> <span class='ocrx_word' id='word_1_287' title='bbox 1011 2265 1308 2326; x_wconf 87' lang='lat' dir='ltr'><strong>adnatum;</strong></span> <span class='ocrx_word' id='word_1_288' title='bbox 1339 2279 1435 2333; x_wconf 87' lang='lat' dir='ltr'><strong>per</strong></span> <span class='ocrx_word' id='word_1_289' title='bbox 1473 2264 1620 2334; x_wconf 89' lang='lat' dir='ltr'><strong>quod</strong></span> <span class='ocrx_word' id='word_1_290' title='bbox 1654 2264 1872 2319; x_wconf 88' lang='lat' dir='ltr'><strong>nonnisi</strong></span> <span class='ocrx_word' id='word_1_291' title='bbox 1900 2263 2059 2316; x_wconf 86' lang='lat' dir='ltr'><strong>Anti-</strong></span> 
     </span>
    </p>
   </div>
   <div class='ocr_carea' id='block_1_41' title="bbox 477 2355 2062 2428">
    <p class='ocr_par' dir='ltr' id='par_1_41' title="bbox 477 2355 2062 2428">
     <span class='ocr_line' id='line_1_41' title="bbox 477 2355 2062 2428; baseline -0.003 -13"><span class='ocrx_word' id='word_1_292' title='bbox 477 2361 718 2416; x_wconf 90' lang='lat' dir='ltr'><strong>christus</strong></span> <span class='ocrx_word' id='word_1_293' title='bbox 763 2373 1062 2428; x_wconf 80' lang='lat' dir='ltr'><strong>exsurgens</strong></span> <span class='ocrx_word' id='word_1_294' title='bbox 1108 2357 1458 2426; x_wconf 82' lang='lat' dir='ltr'><strong>designatur;</strong></span> <span class='ocrx_word' id='word_1_295' title='bbox 1505 2357 1620 2426; x_wconf 92' lang='lat' dir='ltr'><strong>ipse</strong></span> <span class='ocrx_word' id='word_1_296' title='bbox 1677 2364 1860 2410; x_wconf 87' lang='lat' dir='ltr'><strong>autem</strong></span> <span class='ocrx_word' id='word_1_297' title='bbox 1911 2355 2062 2410; x_wconf 68' lang='lat' dir='ltr'><strong>Judte</strong></span> 
     </span>
    </p>
   </div>
   <div class='ocr_carea' id='block_1_42' title="bbox 477 2447 2062 2524">
    <p class='ocr_par' dir='ltr' id='par_1_42' title="bbox 477 2447 2062 2524">
     <span class='ocr_line' id='line_1_42' title="bbox 477 2447 2062 2524; baseline -0.004 -17"><span class='ocrx_word' id='word_1_298' title='bbox 477 2469 704 2524; x_wconf 80' lang='lat' dir='ltr'><strong>regnum</strong></span> <span class='ocrx_word' id='word_1_299' title='bbox 759 2451 1026 2504; x_wconf 90' lang='lat' dir='ltr'><strong>restituet.</strong></span> <span class='ocrx_word' id='word_1_300' title='bbox 1061 2448 1179 2503; x_wconf 89' lang='lat' dir='ltr'><strong>Jam</strong></span> <span class='ocrx_word' id='word_1_301' title='bbox 1228 2450 1332 2502; x_wconf 83' lang='lat' dir='ltr'><strong>tria</strong></span> <span class='ocrx_word' id='word_1_302' title='bbox 1383 2464 1582 2502; x_wconf 86' lang='lat' dir='ltr'><strong>cornua</strong></span> <span class='ocrx_word' id='word_1_303' title='bbox 1613 2448 1800 2503; x_wconf 90' lang='lat' dir='ltr'><strong>dicens</strong></span> <span class='ocrx_word' id='word_1_304' title='bbox 1845 2447 1912 2501; x_wconf 93' lang='lat' dir='ltr'><strong>ab</strong></span> <span class='ocrx_word' id='word_1_305' title='bbox 1945 2448 2062 2517; x_wconf 87' lang='lat' dir='ltr'><strong>ipso</strong></span> 
     </span>
    </p>
   </div>
   <div class='ocr_carea' id='block_1_43' title="bbox 477 2538 2063 2612">
    <p class='ocr_par' dir='ltr' id='par_1_43' title="bbox 477 2538 2063 2612">
     <span class='ocr_line' id='line_1_43' title="bbox 477 2538 2063 2612; baseline -0.002 -16"><span class='ocrx_word' id='word_1_306' title='bbox 477 2543 646 2608; x_wconf 82' lang='lat' dir='ltr'><strong>evelli,</strong></span> <span class='ocrx_word' id='word_1_307' title='bbox 678 2551 788 2597; x_wconf 86' lang='lat' dir='ltr'><strong>tres</strong></span> <span class='ocrx_word' id='word_1_308' title='bbox 815 2557 971 2612; x_wconf 85' lang='lat' dir='ltr'><strong>reges</strong></span> <span class='ocrx_word' id='word_1_309' title='bbox 998 2542 1246 2609; x_wconf 82' lang='lat' dir='ltr'><strong>designat</strong></span> <span class='ocrx_word' id='word_1_310' title='bbox 1278 2539 1520 2609; x_wconf 64' lang='lat' dir='ltr'><strong>Egypti,</strong></span> <span class='ocrx_word' id='word_1_311' title='bbox 1555 2539 1739 2610; x_wconf 83' lang='lat' dir='ltr'><strong>Libyae</strong></span> <span class='ocrx_word' id='word_1_312' title='bbox 1763 2549 1817 2594; x_wconf 90' lang='lat' dir='ltr'><strong>et</strong></span> <span class='ocrx_word' id='word_1_313' title='bbox 1849 2538 2063 2594; x_wconf 67' lang='lat' dir='ltr'><strong>Ethio-</strong></span> 
     </span>
    </p>
   </div>
   <div class='ocr_carea' id='block_1_44' title="bbox 479 2629 2062 2705">
    <p class='ocr_par' dir='ltr' id='par_1_44' title="bbox 479 2629 2062 2705">
     <span class='ocr_line' id='line_1_44' title="bbox 479 2629 2062 2705; baseline -0.001 -17"><span class='ocrx_word' id='word_1_314' title='bbox 479 2636 602 2705; x_wconf 73' lang='lat' dir='ltr'><strong>piaz,</strong></span> <span class='ocrx_word' id='word_1_315' title='bbox 631 2649 773 2703; x_wconf 89' lang='lat' dir='ltr'><strong>quos</strong></span> <span class='ocrx_word' id='word_1_316' title='bbox 805 2633 860 2688; x_wconf 93' lang='lat' dir='ltr'><strong>in</strong></span> <span class='ocrx_word' id='word_1_317' title='bbox 893 2633 1008 2686; x_wconf 92' lang='lat' dir='ltr'><strong>acie</strong></span> <span class='ocrx_word' id='word_1_318' title='bbox 1037 2633 1161 2686; x_wconf 85' lang='lat' dir='ltr'><strong>belli</strong></span> <span class='ocrx_word' id='word_1_319' title='bbox 1192 2631 1495 2685; x_wconf 88' lang='lat' dir='ltr'><strong>intcrﬁciet.</strong></span> <span class='ocrx_word' id='word_1_320' title='bbox 1515 2629 1618 2696; x_wconf 86' lang='lat' dir='ltr'><strong>Qui</strong></span> <span class='ocrx_word' id='word_1_321' title='bbox 1651 2632 1906 2686; x_wconf 89' lang='lat' dir='ltr'><strong>omnibus</strong></span> <span class='ocrx_word' id='word_1_322' title='bbox 1935 2631 2062 2686; x_wconf 88' lang='lat' dir='ltr'><strong>sub-</strong></span> 
     </span>
    </p>
   </div>
   <div class='ocr_carea' id='block_1_45' title="bbox 481 2722 2064 2794">
    <p class='ocr_par' dir='ltr' id='par_1_45' title="bbox 481 2722 2064 2794">
     <span class='ocr_line' id='line_1_45' title="bbox 481 2722 2064 2794; baseline -0.003 -14"><span class='ocrx_word' id='word_1_323' title='bbox 481 2727 640 2789; x_wconf 86' lang='lat' dir='ltr'><strong>actis,</strong></span> <span class='ocrx_word' id='word_1_324' title='bbox 673 2724 902 2778; x_wconf 89' lang='lat' dir='ltr'><strong>immitis</strong></span> <span class='ocrx_word' id='word_1_325' title='bbox 936 2735 989 2778; x_wconf 89' lang='lat' dir='ltr'><strong>et</strong></span> <span class='ocrx_word' id='word_1_326' title='bbox 1015 2723 1253 2778; x_wconf 86' lang='lat' dir='ltr'><strong>crudelis</strong></span> <span class='ocrx_word' id='word_1_327' title='bbox 1281 2733 1545 2794; x_wconf 78' lang='lat' dir='ltr'><strong>tyrannus</strong></span> <span class='ocrx_word' id='word_1_328' title='bbox 1573 2723 1861 2788; x_wconf 79' lang='lat' dir='ltr'><strong>cxsistens,</strong></span> <span class='ocrx_word' id='word_1_329' title='bbox 1891 2722 2064 2776; x_wconf 89' lang='lat' dir='ltr'><strong>tribu-</strong></span> 
     </span>
    </p>
   </div>
   <div class='ocr_carea' id='block_1_46' title="bbox 479 2814 2062 2886">
    <p class='ocr_par' dir='ltr' id='par_1_46' title="bbox 479 2814 2062 2886">
     <span class='ocr_line' id='line_1_46' title="bbox 479 2814 2062 2886; baseline -0.004 -13"><span class='ocrx_word' id='word_1_330' title='bbox 479 2817 738 2874; x_wconf 87' lang='lat' dir='ltr'><strong>lationem</strong></span> <span class='ocrx_word' id='word_1_331' title='bbox 768 2825 819 2870; x_wconf 92' lang='lat' dir='ltr'><strong>ct</strong></span> <span class='ocrx_word' id='word_1_332' title='bbox 848 2815 1280 2886; x_wconf 86' lang='lat' dir='ltr'><strong>persecutionem</strong></span> <span class='ocrx_word' id='word_1_333' title='bbox 1313 2817 1365 2870; x_wconf 92' lang='lat' dir='ltr'><strong>in</strong></span> <span class='ocrx_word' id='word_1_334' title='bbox 1397 2825 1616 2870; x_wconf 87' lang='lat' dir='ltr'><strong>sanctos</strong></span> <span class='ocrx_word' id='word_1_335' title='bbox 1657 2814 1842 2880; x_wconf 82' lang='lat' dir='ltr'><strong>faciet,</strong></span> <span class='ocrx_word' id='word_1_336' title='bbox 1869 2815 2062 2869; x_wconf 83' lang='lat' dir='ltr'><strong>adver-</strong></span> 
     </span>
    </p>
   </div>
   <div class='ocr_carea' id='block_1_47' title="bbox 481 2906 2064 2977">
    <p class='ocr_par' dir='ltr' id='par_1_47' title="bbox 481 2906 2064 2977">
     <span class='ocr_line' id='line_1_47' title="bbox 481 2906 2064 2977; baseline -0.004 -11"><span class='ocrx_word' id='word_1_337' title='bbox 481 2927 577 2966; x_wconf 78' lang='lat' dir='ltr'><strong>sus</strong></span> <span class='ocrx_word' id='word_1_338' title='bbox 614 2924 709 2963; x_wconf 91' lang='lat' dir='ltr'><strong>eos</strong></span> <span class='ocrx_word' id='word_1_339' title='bbox 755 2909 952 2962; x_wconf 84' lang='lat' dir='ltr'><strong>elatus.</strong></span> <span class='ocrx_word' id='word_1_340' title='bbox 989 2906 1120 2961; x_wconf 87' lang='lat' dir='ltr'><strong>Post</strong></span> <span class='ocrx_word' id='word_1_341' title='bbox 1146 2923 1304 2977; x_wconf 89' lang='lat' dir='ltr'><strong>quem</strong></span> <span class='ocrx_word' id='word_1_342' title='bbox 1350 2908 1618 2977; x_wconf 89' lang='lat' dir='ltr'><strong>reliquum</strong></span> <span class='ocrx_word' id='word_1_343' title='bbox 1651 2916 1756 2971; x_wconf 88' lang='lat' dir='ltr'><strong>est,</strong></span> <span class='ocrx_word' id='word_1_344' title='bbox 1793 2916 1852 2960; x_wconf 91' lang='lat' dir='ltr'><strong>ut</strong></span> <span class='ocrx_word' id='word_1_345' title='bbox 1884 2907 2064 2962; x_wconf 86' lang='lat' dir='ltr'><strong>veniat</strong></span> 
     </span>
    </p>
   </div>
   <div class='ocr_carea' id='block_1_48' title="bbox 479 2997 2061 3069">
    <p class='ocr_par' dir='ltr' id='par_1_48' title="bbox 479 2997 2061 3069">
     <span class='ocr_line' id='line_1_48' title="bbox 479 2997 2061 3069; baseline -0.003 -13"><span class='ocrx_word' id='word_1_346' title='bbox 479 3004 546 3056; x_wconf 86' lang='lat' dir='ltr'><strong>de</strong></span> <span class='ocrx_word' id='word_1_347' title='bbox 576 3003 714 3055; x_wconf 71' lang='lat' dir='ltr'><strong>cmlo</strong></span> <span class='ocrx_word' id='word_1_348' title='bbox 743 3001 898 3069; x_wconf 85' lang='lat' dir='ltr'><strong>lapis,</strong></span> <span class='ocrx_word' id='word_1_349' title='bbox 944 3001 1033 3069; x_wconf 89' lang='lat' dir='ltr'><strong>qui</strong></span> <span class='ocrx_word' id='word_1_350' title='bbox 1062 3000 1318 3068; x_wconf 85' lang='lat' dir='ltr'><strong>percussit</strong></span> <span class='ocrx_word' id='word_1_351' title='bbox 1357 2999 1723 3063; x_wconf 86' lang='lat' dir='ltr'><strong>simulacrum,</strong></span> <span class='ocrx_word' id='word_1_352' title='bbox 1751 3009 1804 3054; x_wconf 88' lang='lat' dir='ltr'><strong>et</strong></span> <span class='ocrx_word' id='word_1_353' title='bbox 1831 2997 2061 3052; x_wconf 87' lang='lat' dir='ltr'><strong>commi—</strong></span> 
     </span>
    </p>
   </div>
   <div class='ocr_carea' id='block_1_49' title="bbox 479 3093 2060 3163">
    <p class='ocr_par' dir='ltr' id='par_1_49' title="bbox 479 3093 2060 3163">
     <span class='ocr_line' id='line_1_49' title="bbox 479 3093 2060 3163; baseline -0.003 -13"><span class='ocrx_word' id='word_1_354' title='bbox 479 3096 600 3150; x_wconf 89' lang='lat' dir='ltr'><strong>nuit</strong></span> <span class='ocrx_word' id='word_1_355' title='bbox 617 3095 770 3160; x_wconf 93' lang='lat' dir='ltr'><strong>illud,</strong></span> <span class='ocrx_word' id='word_1_356' title='bbox 786 3104 838 3149; x_wconf 89' lang='lat' dir='ltr'><strong>et</strong></span> <span class='ocrx_word' id='word_1_357' title='bbox 861 3095 1138 3150; x_wconf 87' lang='lat' dir='ltr'><strong>transtulit</strong></span> <span class='ocrx_word' id='word_1_358' title='bbox 1163 3095 1346 3148; x_wconf 89' lang='lat' dir='ltr'><strong>omnia</strong></span> <span class='ocrx_word' id='word_1_359' title='bbox 1378 3109 1564 3162; x_wconf 74' lang='lat' dir='ltr'><strong>regna,</strong></span> <span class='ocrx_word' id='word_1_360' title='bbox 1581 3103 1634 3148; x_wconf 90' lang='lat' dir='ltr'><strong>et</strong></span> <span class='ocrx_word' id='word_1_361' title='bbox 1665 3093 1812 3148; x_wconf 89' lang='lat' dir='ltr'><strong>dedit</strong></span> <span class='ocrx_word' id='word_1_362' title='bbox 1834 3107 2060 3163; x_wconf 85' lang='lat' dir='ltr'><strong>regnum</strong></span> 
     </span>
    </p>
   </div>
   <div class='ocr_carea' id='block_1_50' title="bbox 477 3185 2062 3256">
    <p class='ocr_par' dir='ltr' id='par_1_50' title="bbox 477 3185 2062 3256">
     <span class='ocr_line' id='line_1_50' title="bbox 477 3185 2062 3256; baseline -0.004 -14"><span class='ocrx_word' id='word_1_363' title='bbox 477 3189 680 3242; x_wconf 88' lang='lat' dir='ltr'><strong>sanctis</strong></span> <span class='ocrx_word' id='word_1_364' title='bbox 733 3186 1016 3242; x_wconf 83' lang='lat' dir='ltr'><strong>Altissimi.</strong></span> <span class='ocrx_word' id='word_1_365' title='bbox 1049 3187 1148 3241; x_wconf 80' lang='lat' dir='ltr'><strong>Hic</strong></span> <span class='ocrx_word' id='word_1_366' title='bbox 1188 3185 1364 3241; x_wconf 83' lang='lat' dir='ltr'><strong>factus</strong></span> <span class='ocrx_word' id='word_1_367' title='bbox 1412 3196 1492 3240; x_wconf 89' lang='lat' dir='ltr'><strong>est</strong></span> <span class='ocrx_word' id='word_1_368' title='bbox 1544 3202 1691 3239; x_wconf 83' lang='lat' dir='ltr'><strong>mons</strong></span> <span class='ocrx_word' id='word_1_369' title='bbox 1739 3201 1984 3256; x_wconf 87' lang='lat' dir='ltr'><strong>magnus,</strong></span> <span class='ocrx_word' id='word_1_370' title='bbox 2013 3193 2062 3237; x_wconf 86' lang='lat' dir='ltr'><strong>et</strong></span> 
     </span>
    </p>
   </div>
   <div class='ocr_carea' id='block_1_51' title="bbox 475 3275 1285 3349">
    <p class='ocr_par' dir='ltr' id='par_1_51' title="bbox 475 3275 1285 3349">
     <span class='ocr_line' id='line_1_51' title="bbox 475 3275 1285 3349; baseline -0.005 -16"><span class='ocrx_word' id='word_1_371' title='bbox 475 3275 706 3349; x_wconf 77' lang='lat' dir='ltr'><strong>implevit</strong></span> <span class='ocrx_word' id='word_1_372' title='bbox 735 3280 1036 3332; x_wconf 85' lang='lat' dir='ltr'><strong>universam</strong></span> <span class='ocrx_word' id='word_1_373' title='bbox 1067 3288 1285 3330; x_wconf 88' lang='lat' dir='ltr'><strong>terram.</strong></span> 
     </span>
    </p>
   </div>
   <div class='ocr_carea' id='block_1_52' title="bbox 2159 1989 3690 2060">
    <p class='ocr_par' dir='ltr' id='par_1_52' title="bbox 2159 1989 3690 2060">
     <span class='ocr_line' id='line_1_52' title="bbox 2159 1989 3690 2060; baseline -0.001 -18"><span class='ocrx_word' id='word_1_374' title='bbox 2159 2007 2347 2054; x_wconf 81' lang='grc' dir='ltr'>κινον,</span> <span class='ocrx_word' id='word_1_375' title='bbox 2387 1989 2830 2060; x_wconf 75' lang='grc' dir='ltr'><strong>ἀναμεμιγμένα</strong></span> <span class='ocrx_word' id='word_1_376' title='bbox 2873 1992 2958 2056; x_wconf 83' lang='grc' dir='ltr'>εὶς</span> <span class='ocrx_word' id='word_1_377' title='bbox 3003 1989 3264 2058; x_wconf 75' lang='grc' dir='ltr'><strong>ἄλληλα.</strong></span> <span class='ocrx_word' id='word_1_378' title='bbox 3299 1990 3578 2052; x_wconf 83' lang='grc' dir='ltr'>Μυστικῶς</span> <span class='ocrx_word' id='word_1_379' title='bbox 3603 1989 3690 2058; x_wconf 72' lang='grc' dir='ltr'><strong>ἐδή-</strong></span> 
     </span>
    </p>
   </div>
   <div class='ocr_carea' id='block_1_53' title="bbox 2163 2080 3690 2149">
    <p class='ocr_par' dir='ltr' id='par_1_53' title="bbox 2163 2080 3690 2149">
     <span class='ocr_line' id='line_1_53' title="bbox 2163 2080 3690 2149; baseline -0.001 -16"><span class='ocrx_word' id='word_1_380' title='bbox 2163 2081 2300 2134; x_wconf 86' lang='grc' dir='ltr'>λωσε</span> <span class='ocrx_word' id='word_1_381' title='bbox 2340 2081 2426 2134; x_wconf 79' lang='grc' dir='ltr'>διὰ</span> <span class='ocrx_word' id='word_1_382' title='bbox 2469 2082 2578 2136; x_wconf 89' lang='grc' dir='ltr'><strong>τῶν</strong></span> <span class='ocrx_word' id='word_1_383' title='bbox 2605 2081 2880 2136; x_wconf 82' lang='grc' dir='ltr'>δακτύλων</span> <span class='ocrx_word' id='word_1_384' title='bbox 2910 2083 3019 2136; x_wconf 83' lang='grc' dir='ltr'><strong>τῶν</strong></span> <span class='ocrx_word' id='word_1_385' title='bbox 3047 2082 3242 2146; x_wconf 81' lang='grc' dir='ltr'>ποδῶν,</span> <span class='ocrx_word' id='word_1_386' title='bbox 3276 2083 3406 2145; x_wconf 81' lang='grc' dir='ltr'>τοὺς</span> <span class='ocrx_word' id='word_1_387' title='bbox 3434 2081 3554 2134; x_wconf 85' lang='grc' dir='ltr'>δέκα</span> <span class='ocrx_word' id='word_1_388' title='bbox 3577 2080 3690 2149; x_wconf 72' lang='grc' dir='ltr'>βασι-</span> 
     </span>
    </p>
   </div>
   <div class='ocr_carea' id='block_1_54' title="bbox 2164 2171 3689 2247">
    <p class='ocr_par' dir='ltr' id='par_1_54' title="bbox 2164 2171 3689 2247">
     <span class='ocr_line' id='line_1_54' title="bbox 2164 2171 3689 2247; baseline -0.004 -20"><span class='ocrx_word' id='word_1_389' title='bbox 2164 2173 2274 2236; x_wconf 81' lang='grc' dir='ltr'>λεῖς</span> <span class='ocrx_word' id='word_1_390' title='bbox 2303 2173 2430 2236; x_wconf 80' lang='grc' dir='ltr'>τοὺς</span> <span class='ocrx_word' id='word_1_391' title='bbox 2461 2173 2518 2240; x_wconf 74' lang='grc' dir='ltr'>ἐξ</span> <span class='ocrx_word' id='word_1_392' title='bbox 2547 2174 2714 2244; x_wconf 81' lang='grc' dir='ltr'>αὐτῆς</span> <span class='ocrx_word' id='word_1_393' title='bbox 2744 2173 3154 2247; x_wconf 78' lang='grc' dir='ltr'>ἐγειρομένους·</span> <span class='ocrx_word' id='word_1_394' title='bbox 3177 2175 3312 2246; x_wconf 82' lang='grc' dir='ltr'>ὅπερ</span> <span class='ocrx_word' id='word_1_395' title='bbox 3351 2174 3494 2243; x_wconf 78' lang='grc' dir='ltr'>λέγει</span> <span class='ocrx_word' id='word_1_396' title='bbox 3517 2171 3689 2240; x_wconf 73' lang='grc' dir='ltr'>Δανιήλ-</span> 
     </span>
    </p>
   </div>
   <div class='ocr_carea' id='block_1_55' title="bbox 2164 2265 3682 2335">
    <p class='ocr_par' dir='ltr' id='par_1_55' title="bbox 2164 2265 3682 2335">
     <span class='ocr_line' id='line_1_55' title="bbox 2164 2265 3682 2335; baseline -0.003 -17"><span class='ocrx_word' id='word_1_397' title='bbox 2164 2267 2549 2333; x_wconf 81' lang='grc' dir='ltr'>Προο-ενόουν</span> <span class='ocrx_word' id='word_1_398' title='bbox 2575 2266 2654 2331; x_wconf 81' lang='grc' dir='ltr'>τῷ</span> <span class='ocrx_word' id='word_1_399' title='bbox 2689 2267 2886 2335; x_wconf 78' lang='grc' dir='ltr'>θηρίῳ,</span> <span class='ocrx_word' id='word_1_400' title='bbox 2917 2267 3015 2321; x_wconf 78' lang='grc' dir='ltr'>καὶ</span> <span class='ocrx_word' id='word_1_401' title='bbox 3045 2266 3174 2320; x_wconf 76' lang='grc' dir='ltr'>ἰδοὺ</span> <span class='ocrx_word' id='word_1_402' title='bbox 3207 2266 3354 2320; x_wconf 79' lang='grc' dir='ltr'>δέκα</span> <span class='ocrx_word' id='word_1_403' title='bbox 3381 2271 3580 2335; x_wconf 82' lang='grc' dir='ltr'>κέρατα</span> <span class='ocrx_word' id='word_1_404' title='bbox 3599 2265 3682 2316; x_wconf 65' lang='grc' dir='ltr'>ἀτί-</span> 
     </span>
    </p>
   </div>
   <div class='ocr_carea' id='block_1_56' title="bbox 2163 2351 3692 2428">
    <p class='ocr_par' dir='ltr' id='par_1_56' title="bbox 2163 2351 3692 2428">
     <span class='ocr_line' id='line_1_56' title="bbox 2163 2351 3692 2428; baseline 0 -20"><span class='ocrx_word' id='word_1_405' title='bbox 2163 2369 2251 2408; x_wconf 87' lang='grc' dir='ltr'><strong>σω</strong></span> <span class='ocrx_word' id='word_1_406' title='bbox 2275 2355 2481 2418; x_wconf 85' lang='grc' dir='ltr'>αὑτοῦ,</span> <span class='ocrx_word' id='word_1_407' title='bbox 2511 2355 2568 2408; x_wconf 83' lang='grc' dir='ltr'>ὲν</span> <span class='ocrx_word' id='word_1_408' title='bbox 2595 2351 2674 2419; x_wconf 73' lang='grc' dir='ltr'>οἷς</span> <span class='ocrx_word' id='word_1_409' title='bbox 2704 2357 3030 2428; x_wconf 80' lang='grc' dir='ltr'>ἀναϐήσεται</span> <span class='ocrx_word' id='word_1_410' title='bbox 3055 2357 3262 2425; x_wconf 80' lang='grc' dir='ltr'>ἕτερον</span> <span class='ocrx_word' id='word_1_411' title='bbox 3287 2354 3692 2426; x_wconf 62' lang='grc' dir='ltr'>παραρυὰδιονο</span> 
     </span>
    </p>
   </div>
   <div class='ocr_carea' id='block_1_57' title="bbox 2161 2446 3693 2524">
    <p class='ocr_par' dir='ltr' id='par_1_57' title="bbox 2161 2446 3693 2524">
     <span class='ocr_line' id='line_1_57' title="bbox 2161 2446 3693 2524; baseline -0.001 -24"><span class='ocrx_word' id='word_1_412' title='bbox 2161 2449 2299 2518; x_wconf 82' lang='grc' dir='ltr'>ὅπερ</span> <span class='ocrx_word' id='word_1_413' title='bbox 2327 2446 2590 2500; x_wconf 81' lang='grc' dir='ltr'>δέδεικται</span> <span class='ocrx_word' id='word_1_414' title='bbox 2616 2449 2728 2519; x_wconf 82' lang='grc' dir='ltr'>οὐχ’</span> <span class='ocrx_word' id='word_1_415' title='bbox 2755 2449 2938 2520; x_wconf 75' lang='grc' dir='ltr'>ἕτερος</span> <span class='ocrx_word' id='word_1_416' title='bbox 2965 2449 3078 2503; x_wconf 83' lang='grc' dir='ltr'>ἀλλ’</span> <span class='ocrx_word' id='word_1_417' title='bbox 3101 2451 3134 2520; x_wconf 86' lang='grc' dir='ltr'>ἢ</span> <span class='ocrx_word' id='word_1_418' title='bbox 3159 2452 3186 2503; x_wconf 91' lang='lat'><strong>6</strong></span> <span class='ocrx_word' id='word_1_419' title='bbox 3215 2451 3566 2524; x_wconf 80' lang='grc' dir='ltr'>Ἀντίχριστος</span> <span class='ocrx_word' id='word_1_420' title='bbox 3583 2450 3693 2516; x_wconf 80' lang='grc' dir='ltr'>ἐγει-</span> 
     </span>
    </p>
   </div>
   <div class='ocr_carea' id='block_1_58' title="bbox 2166 2537 3693 2612">
    <p class='ocr_par' dir='ltr' id='par_1_58' title="bbox 2166 2537 3693 2612">
     <span class='ocr_line' id='line_1_58' title="bbox 2166 2537 3693 2612; baseline 0 -22"><span class='ocrx_word' id='word_1_421' title='bbox 2166 2537 2390 2608; x_wconf 81' lang='grc' dir='ltr'>ρόμενος</span> <span class='ocrx_word' id='word_1_422' title='bbox 2409 2555 2421 2567; x_wconf 83' lang='lat'><strong><em>°</em></strong></span> <span class='ocrx_word' id='word_1_423' title='bbox 2455 2538 2550 2590; x_wconf 83' lang='grc' dir='ltr'>καὶ</span> <span class='ocrx_word' id='word_1_424' title='bbox 2581 2539 2742 2603; x_wconf 76' lang='grc' dir='ltr'>αὐτὸς</span> <span class='ocrx_word' id='word_1_425' title='bbox 2770 2539 2867 2610; x_wconf 80' lang='grc' dir='ltr'>τὴν</span> <span class='ocrx_word' id='word_1_426' title='bbox 2913 2539 3079 2596; x_wconf 84' lang='grc' dir='ltr'>Ἰούδα</span> <span class='ocrx_word' id='word_1_427' title='bbox 3125 2540 3404 2612; x_wconf 80' lang='grc' dir='ltr'>βασιλείαν</span> <span class='ocrx_word' id='word_1_428' title='bbox 3433 2541 3693 2610; x_wconf 75' lang='grc' dir='ltr'>ἀναστήσει.</span> 
     </span>
    </p>
   </div>
   <div class='ocr_carea' id='block_1_59' title="bbox 2171 2629 3694 2701">
    <p class='ocr_par' dir='ltr' id='par_1_59' title="bbox 2171 2629 3694 2701">
     <span class='ocr_line' id='line_1_59' title="bbox 2171 2629 3694 2701; baseline 0.006 -20"><span class='ocrx_word' id='word_1_429' title='bbox 2171 2629 2305 2697; x_wconf 89' lang='grc' dir='ltr'>Τρία</span> <span class='ocrx_word' id='word_1_430' title='bbox 2329 2629 2386 2682; x_wconf 84' lang='grc' dir='ltr'><strong>δὲ</strong></span> <span class='ocrx_word' id='word_1_431' title='bbox 2414 2629 2632 2698; x_wconf 83' lang='grc' dir='ltr'>κέρατα</span> <span class='ocrx_word' id='word_1_432' title='bbox 2663 2631 2835 2700; x_wconf 87' lang='grc' dir='ltr'>λέγων</span> <span class='ocrx_word' id='word_1_433' title='bbox 2878 2633 2966 2686; x_wconf 79' lang='grc' dir='ltr'>ὑπ’</span> <span class='ocrx_word' id='word_1_434' title='bbox 3001 2631 3166 2685; x_wconf 79' lang='grc' dir='ltr'>αὑτοῦ</span> <span class='ocrx_word' id='word_1_435' title='bbox 3195 2632 3576 2701; x_wconf 82' lang='grc' dir='ltr'>ἐκριζοῦσθαι,</span> <span class='ocrx_word' id='word_1_436' title='bbox 3601 2629 3694 2690; x_wconf 72' lang='grc' dir='ltr'>τοὺς</span> 
     </span>
    </p>
   </div>
   <div class='ocr_carea' id='block_1_60' title="bbox 2163 2715 3695 2794">
    <p class='ocr_par' dir='ltr' id='par_1_60' title="bbox 2163 2715 3695 2794">
     <span class='ocr_line' id='line_1_60' title="bbox 2163 2715 3695 2794; baseline -0.003 -20"><span class='ocrx_word' id='word_1_437' title='bbox 2163 2723 2309 2792; x_wconf 84' lang='grc' dir='ltr'>τρεῖς</span> <span class='ocrx_word' id='word_1_438' title='bbox 2357 2720 2590 2790; x_wconf 88' lang='grc' dir='ltr'>βασιλεῖς</span> <span class='ocrx_word' id='word_1_439' title='bbox 2625 2715 2914 2788; x_wconf 87' lang='grc' dir='ltr'>δείκνυσιν,</span> <span class='ocrx_word' id='word_1_440' title='bbox 2947 2723 3242 2794; x_wconf 80' lang='grc' dir='ltr'>Αἰγύπτου,</span> <span class='ocrx_word' id='word_1_441' title='bbox 3277 2725 3491 2778; x_wconf 78' lang='grc' dir='ltr'>Λιϐύων</span> <span class='ocrx_word' id='word_1_442' title='bbox 3519 2740 3588 2788; x_wconf 86' lang='grc' dir='ltr'><strong>τε,</strong></span> <span class='ocrx_word' id='word_1_443' title='bbox 3625 2719 3695 2772; x_wconf 74' lang='grc' dir='ltr'>καὶ</span> 
     </span>
    </p>
   </div>
   <div class='ocr_carea' id='block_1_61' title="bbox 2164 2811 3695 2887">
    <p class='ocr_par' dir='ltr' id='par_1_61' title="bbox 2164 2811 3695 2887">
     <span class='ocr_line' id='line_1_61' title="bbox 2164 2811 3695 2887; baseline 0.002 -23"><span class='ocrx_word' id='word_1_444' title='bbox 2164 2811 2455 2878; x_wconf 83' lang='grc' dir='ltr'>Αἰθιόπων,</span> <span class='ocrx_word' id='word_1_445' title='bbox 2487 2813 2580 2878; x_wconf 83' lang='grc' dir='ltr'><strong>οὓς</strong></span> <span class='ocrx_word' id='word_1_446' title='bbox 2607 2815 2786 2868; x_wconf 83' lang='grc' dir='ltr'>ἀνελεῖ</span> <span class='ocrx_word' id='word_1_447' title='bbox 2809 2818 2866 2869; x_wconf 83' lang='grc' dir='ltr'><strong>ἐν</strong></span> <span class='ocrx_word' id='word_1_448' title='bbox 2891 2815 3188 2887; x_wconf 81' lang='grc' dir='ltr'>παρατάξει</span> <span class='ocrx_word' id='word_1_449' title='bbox 3217 2815 3456 2887; x_wconf 85' lang='grc' dir='ltr'>πολέμου</span> <span class='ocrx_word' id='word_1_450' title='bbox 3475 2833 3489 2845; x_wconf 87' lang='grc'><strong>·</strong></span> <span class='ocrx_word' id='word_1_451' title='bbox 3521 2815 3572 2878; x_wconf 81' lang='grc' dir='ltr'>ὃς</span> <span class='ocrx_word' id='word_1_452' title='bbox 3595 2831 3695 2883; x_wconf 75' lang='grc' dir='ltr'>κρα-</span> 
     </span>
    </p>
   </div>
   <div class='ocr_carea' id='block_1_62' title="bbox 2163 2905 3694 2981">
    <p class='ocr_par' dir='ltr' id='par_1_62' title="bbox 2163 2905 3694 2981">
     <span class='ocr_line' id='line_1_62' title="bbox 2163 2905 3694 2981; baseline 0.001 -23"><span class='ocrx_word' id='word_1_453' title='bbox 2163 2907 2332 2977; x_wconf 86' lang='grc' dir='ltr'>τήσας</span> <span class='ocrx_word' id='word_1_454' title='bbox 2385 2907 2601 2960; x_wconf 86' lang='grc' dir='ltr'>πάντων</span> <span class='ocrx_word' id='word_1_455' title='bbox 2649 2908 2838 2972; x_wconf 85' lang='grc' dir='ltr'>δεινὸς,</span> <span class='ocrx_word' id='word_1_456' title='bbox 2879 2909 3257 2981; x_wconf 82' lang='grc' dir='ltr'>ὠμοτύραννος</span> <span class='ocrx_word' id='word_1_457' title='bbox 3301 2908 3381 2962; x_wconf 83' lang='grc' dir='ltr'>ὢν</span> <span class='ocrx_word' id='word_1_458' title='bbox 3431 2907 3590 2977; x_wconf 66' lang='grc' dir='ltr'>ϐλίψιν</span> <span class='ocrx_word' id='word_1_459' title='bbox 3626 2905 3694 2959; x_wconf 67' lang='grc' dir='ltr'>καὶ</span> 
     </span>
    </p>
   </div>
   <div class='ocr_carea' id='block_1_63' title="bbox 2163 2997 3697 3074">
    <p class='ocr_par' dir='ltr' id='par_1_63' title="bbox 2163 2997 3697 3074">
     <span class='ocr_line' id='line_1_63' title="bbox 2163 2997 3697 3074; baseline -0.003 -21"><span class='ocrx_word' id='word_1_460' title='bbox 2163 2998 2402 3070; x_wconf 73' lang='grc' dir='ltr'>διωγμὸν</span> <span class='ocrx_word' id='word_1_461' title='bbox 2445 3000 2538 3052; x_wconf 74' lang='grc' dir='ltr'><strong>ἐπὶ</strong></span> <span class='ocrx_word' id='word_1_462' title='bbox 2583 3001 2710 3064; x_wconf 81' lang='grc' dir='ltr'>τοὺς</span> <span class='ocrx_word' id='word_1_463' title='bbox 2743 3002 2932 3070; x_wconf 84' lang='grc' dir='ltr'>ἁγίους</span> <span class='ocrx_word' id='word_1_464' title='bbox 2963 3003 3198 3072; x_wconf 83' lang='grc' dir='ltr'>ποιήσει,</span> <span class='ocrx_word' id='word_1_465' title='bbox 3233 3003 3582 3074; x_wconf 75' lang='grc' dir='ltr'>ἐπαιρόμενος</span> <span class='ocrx_word' id='word_1_466' title='bbox 3606 2997 3697 3052; x_wconf 81' lang='grc' dir='ltr'>κατ’</span> 
     </span>
    </p>
   </div>
   <div class='ocr_carea' id='block_1_64' title="bbox 2164 3091 3694 3166">
    <p class='ocr_par' dir='ltr' id='par_1_64' title="bbox 2164 3091 3694 3166">
     <span class='ocr_line' id='line_1_64' title="bbox 2164 3091 3694 3166; baseline -0.001 -21"><span class='ocrx_word' id='word_1_467' title='bbox 2164 3091 2341 3145; x_wconf 77' lang='grc' dir='ltr'>αὐτῶν</span> <span class='ocrx_word' id='word_1_468' title='bbox 2361 3109 2375 3122; x_wconf 76' lang='grc'><strong><em>⁸</em></strong></span> <span class='ocrx_word' id='word_1_469' title='bbox 2407 3092 2524 3162; x_wconf 81' lang='grc' dir='ltr'>μεθ’</span> <span class='ocrx_word' id='word_1_470' title='bbox 2550 3093 2607 3146; x_wconf 87' lang='grc' dir='ltr'>ὃν</span> <span class='ocrx_word' id='word_1_471' title='bbox 2636 3093 2819 3147; x_wconf 82' lang='grc' dir='ltr'>λοιπὸν</span> <span class='ocrx_word' id='word_1_472' title='bbox 2847 3093 2958 3164; x_wconf 76' lang='grc'><strong>(61)</strong></span> <span class='ocrx_word' id='word_1_473' title='bbox 2985 3093 3105 3164; x_wconf 83' lang='grc' dir='ltr'>ἥξει</span> <span class='ocrx_word' id='word_1_474' title='bbox 3137 3094 3230 3146; x_wconf 86' lang='grc' dir='ltr'><strong>ἀπ’</strong></span> <span class='ocrx_word' id='word_1_475' title='bbox 3255 3093 3498 3166; x_wconf 76' lang='grc' dir='ltr'>οὐρανῶν</span> <span class='ocrx_word' id='word_1_476' title='bbox 3522 3091 3694 3153; x_wconf 70' lang='grc' dir='ltr'>ὀλίθος</span> 
     </span>
    </p>
   </div>
   <div class='ocr_carea' id='block_1_65' title="bbox 2163 3179 3698 3255">
    <p class='ocr_par' dir='ltr' id='par_1_65' title="bbox 2163 3179 3698 3255">
     <span class='ocr_line' id='line_1_65' title="bbox 2163 3179 3698 3255; baseline -0.005 -19"><span class='ocrx_word' id='word_1_477' title='bbox 2163 3187 2198 3236; x_wconf 85' lang='grc' dir='ltr'><strong><em>ό</em></strong></span> <span class='ocrx_word' id='word_1_478' title='bbox 2240 3183 2509 3250; x_wconf 74' lang='grc' dir='ltr'>πατάξας</span> <span class='ocrx_word' id='word_1_479' title='bbox 2559 3184 2673 3252; x_wconf 77' lang='grc' dir='ltr'><strong>τὴν</strong></span> <span class='ocrx_word' id='word_1_480' title='bbox 2713 3186 2936 3250; x_wconf 77' lang='grc' dir='ltr'>εἰκόνα,</span> <span class='ocrx_word' id='word_1_481' title='bbox 2970 3185 3062 3238; x_wconf 71' lang='grc' dir='ltr'><strong>καὶ</strong></span> <span class='ocrx_word' id='word_1_482' title='bbox 3111 3185 3411 3255; x_wconf 77' lang='grc' dir='ltr'>συντρίψας</span> <span class='ocrx_word' id='word_1_483' title='bbox 3435 3183 3606 3252; x_wconf 74' lang='grc' dir='ltr'>αὐτὴν,</span> <span class='ocrx_word' id='word_1_484' title='bbox 3629 3179 3698 3232; x_wconf 77' lang='grc' dir='ltr'><strong>καὶ</strong></span> 
     </span>
    </p>
   </div>
   <div class='ocr_carea' id='block_1_66' title="bbox 2169 3274 3696 3347">
    <p class='ocr_par' dir='ltr' id='par_1_66' title="bbox 2169 3274 3696 3347">
     <span class='ocr_line' id='line_1_66' title="bbox 2169 3274 3696 3347; baseline -0.003 -19"><span class='ocrx_word' id='word_1_485' title='bbox 2169 3278 2509 3346; x_wconf 85' lang='grc' dir='ltr'>μεταστήσας</span> <span class='ocrx_word' id='word_1_486' title='bbox 2541 3276 2718 3340; x_wconf 84' lang='grc' dir='ltr'>πάσας</span> <span class='ocrx_word' id='word_1_487' title='bbox 2749 3277 2844 3340; x_wconf 77' lang='grc' dir='ltr'><strong>τὰς</strong></span> <span class='ocrx_word' id='word_1_488' title='bbox 2875 3277 3168 3347; x_wconf 85' lang='grc' dir='ltr'>βασιλείας,</span> <span class='ocrx_word' id='word_1_489' title='bbox 3189 3276 3282 3330; x_wconf 75' lang='grc' dir='ltr'><strong>καὶ</strong></span> <span class='ocrx_word' id='word_1_490' title='bbox 3317 3277 3446 3340; x_wconf 81' lang='grc' dir='ltr'>δοὺς</span> <span class='ocrx_word' id='word_1_491' title='bbox 3471 3275 3558 3346; x_wconf 84' lang='grc' dir='ltr'>τὴν</span> <span class='ocrx_word' id='word_1_492' title='bbox 3583 3274 3696 3344; x_wconf 59' lang='lat' dir='ltr'><strong>ﬁas.-</strong></span> 
     </span>
    </p>
   </div>
   <div class='ocr_carea' id='block_1_67' title="bbox 475 3362 3072 3439">
    <p class='ocr_par' dir='ltr' id='par_1_67' title="bbox 475 3362 3072 3439">
     <span class='ocr_line' id='line_1_67' title="bbox 475 3362 3072 3439; baseline -0.001 -16"><span class='ocrx_word' id='word_1_493' title='bbox 475 3371 623 3424; x_wconf 87' lang='grc' dir='ltr'>λείαν</span> <span class='ocrx_word' id='word_1_494' title='bbox 661 3371 836 3439; x_wconf 83' lang='grc' dir='ltr'>ἁγίοις</span> <span class='ocrx_word' id='word_1_495' title='bbox 876 3371 1128 3439; x_wconf 74' lang='grc' dir='ltr'>Ὑψίστου</span> <span class='ocrx_word' id='word_1_496' title='bbox 1149 3389 1163 3400; x_wconf 91' lang='grc'><strong>·</strong></span> <span class='ocrx_word' id='word_1_497' title='bbox 1193 3362 1346 3432; x_wconf 71' lang='grc' dir='ltr'>οὗτος</span> <span class='ocrx_word' id='word_1_498' title='bbox 1376 3371 1403 3422; x_wconf 90' lang='lat'><strong>6</strong></span> <span class='ocrx_word' id='word_1_499' title='bbox 1429 3368 1676 3438; x_wconf 70' lang='grc' dir='ltr'>γενηοεὶς</span> <span class='ocrx_word' id='word_1_500' title='bbox 1723 3368 1858 3435; x_wconf 84' lang='grc' dir='ltr'>ὄρος</span> <span class='ocrx_word' id='word_1_501' title='bbox 1885 3368 2056 3437; x_wconf 74' lang='grc' dir='ltr'>μέγα,</span> <span class='ocrx_word' id='word_1_502' title='bbox 2092 3367 2188 3420; x_wconf 75' lang='grc' dir='ltr'>καὶ</span> <span class='ocrx_word' id='word_1_503' title='bbox 2217 3367 2540 3436; x_wconf 76' lang='grc' dir='ltr'>πληρώσας</span> <span class='ocrx_word' id='word_1_504' title='bbox 2567 3368 2771 3423; x_wconf 78' lang='grc' dir='ltr'>πᾶσαν</span> <span class='ocrx_word' id='word_1_505' title='bbox 2801 3369 2914 3436; x_wconf 82' lang='grc' dir='ltr'>τὴν</span> <span class='ocrx_word' id='word_1_506' title='bbox 2940 3368 3072 3438; x_wconf 75' lang='grc' dir='ltr'>γῆν.</span> 
     </span>
    </p>
   </div>
   <div class='ocr_carea' id='block_1_68' title="bbox 547 3457 2067 3533">
    <p class='ocr_par' dir='ltr' id='par_1_68' title="bbox 547 3461 2056 3533">
     <span class='ocr_line' id='line_1_68' title="bbox 547 3461 2056 3533; baseline 0 -19"><span class='ocrx_word' id='word_1_507' title='bbox 547 3463 640 3514; x_wconf 88' lang='lat' dir='ltr'><strong>III.</strong></span> <span class='ocrx_word' id='word_1_508' title='bbox 682 3461 817 3514; x_wconf 90' lang='lat' dir='ltr'><strong>Cum</strong></span> <span class='ocrx_word' id='word_1_509' title='bbox 853 3462 967 3516; x_wconf 77' lang='lat' dir='ltr'><strong>haec</strong></span> <span class='ocrx_word' id='word_1_510' title='bbox 1005 3462 1188 3530; x_wconf 88' lang='lat' dir='ltr'><strong>itaque</strong></span> <span class='ocrx_word' id='word_1_511' title='bbox 1223 3461 1402 3516; x_wconf 82' lang='lat' dir='ltr'><strong>futura</strong></span> <span class='ocrx_word' id='word_1_512' title='bbox 1432 3461 1561 3527; x_wconf 90' lang='lat' dir='ltr'><strong>sint,</strong></span> <span class='ocrx_word' id='word_1_513' title='bbox 1590 3471 1644 3516; x_wconf 87' lang='lat' dir='ltr'><strong>ct</strong></span> <span class='ocrx_word' id='word_1_514' title='bbox 1688 3462 1842 3533; x_wconf 82' lang='lat' dir='ltr'><strong>digiti</strong></span> <span class='ocrx_word' id='word_1_515' title='bbox 1886 3461 2056 3515; x_wconf 90' lang='lat' dir='ltr'><strong>simu-</strong></span> 
     </span>
    </p>
   </div>
   <div class='ocr_carea' id='block_1_69' title="bbox 2162 3457 3699 3533">
    <p class='ocr_par' dir='ltr' id='par_1_69' title="bbox 2229 3457 3699 3533">
     <span class='ocr_line' id='line_1_69' title="bbox 2229 3457 3699 3533; baseline 0.002 -19"><span class='ocrx_word' id='word_1_516' title='bbox 2229 3461 2320 3516; x_wconf 83' lang='lat' dir='ltr'><strong>lll.</strong></span> <span class='ocrx_word' id='word_1_517' title='bbox 2361 3463 2577 3516; x_wconf 84' lang='grc' dir='ltr'>Τούτων</span> <span class='ocrx_word' id='word_1_518' title='bbox 2611 3457 2703 3516; x_wconf 81' lang='grc' dir='ltr'><strong>οὖν</strong></span> <span class='ocrx_word' id='word_1_519' title='bbox 2733 3463 3028 3533; x_wconf 79' lang='grc' dir='ltr'>ἐσομένων,</span> <span class='ocrx_word' id='word_1_520' title='bbox 3070 3465 3162 3518; x_wconf 76' lang='grc' dir='ltr'>καὶ</span> <span class='ocrx_word' id='word_1_521' title='bbox 3189 3463 3297 3518; x_wconf 83' lang='grc' dir='ltr'><strong>τῶν</strong></span> <span class='ocrx_word' id='word_1_522' title='bbox 3331 3461 3596 3518; x_wconf 81' lang='grc' dir='ltr'>δακτύλων</span> <span class='ocrx_word' id='word_1_523' title='bbox 3627 3457 3699 3526; x_wconf 78' lang='grc' dir='ltr'><strong>τῆς</strong></span> 
     </span>
    </p>
   </div>
   <div class='ocr_carea' id='block_1_70' title="bbox 478 3554 2054 3617">
    <p class='ocr_par' dir='ltr' id='par_1_70' title="bbox 478 3554 2054 3617">
     <span class='ocr_line' id='line_1_70' title="bbox 478 3554 2054 3617; baseline -0.001 -9"><span class='ocrx_word' id='word_1_524' title='bbox 478 3555 612 3608; x_wconf 89' lang='lat' dir='ltr'><strong>lacri</strong></span> <span class='ocrx_word' id='word_1_525' title='bbox 661 3554 714 3606; x_wconf 91' lang='lat' dir='ltr'><strong>in</strong></span> <span class='ocrx_word' id='word_1_526' title='bbox 763 3555 1126 3608; x_wconf 88' lang='lat' dir='ltr'><strong>democratias</strong></span> <span class='ocrx_word' id='word_1_527' title='bbox 1173 3555 1511 3617; x_wconf 86' lang='lat' dir='ltr'><strong>transierint,</strong></span> <span class='ocrx_word' id='word_1_528' title='bbox 1543 3563 1596 3608; x_wconf 91' lang='lat' dir='ltr'><strong>et</strong></span> <span class='ocrx_word' id='word_1_529' title='bbox 1637 3555 1822 3609; x_wconf 87' lang='lat' dir='ltr'><strong>decem</strong></span> <span class='ocrx_word' id='word_1_530' title='bbox 1851 3569 2054 3609; x_wconf 86' lang='lat' dir='ltr'><strong>cornua</strong></span> 
     </span>
    </p>
   </div>
   <div class='ocr_carea' id='block_1_71' title="bbox 477 3645 2054 3715">
    <p class='ocr_par' dir='ltr' id='par_1_71' title="bbox 477 3645 2054 3715">
     <span class='ocr_line' id='line_1_71' title="bbox 477 3645 2054 3715; baseline -0.002 -15"><span class='ocrx_word' id='word_1_531' title='bbox 477 3647 664 3700; x_wconf 75' lang='lat' dir='ltr'><strong>bestia:</strong></span> <span class='ocrx_word' id='word_1_532' title='bbox 692 3645 744 3697; x_wconf 90' lang='lat' dir='ltr'><strong>in</strong></span> <span class='ocrx_word' id='word_1_533' title='bbox 777 3646 960 3698; x_wconf 80' lang='lat' dir='ltr'><strong>decem</strong></span> <span class='ocrx_word' id='word_1_534' title='bbox 991 3661 1152 3710; x_wconf 73' lang='lat' dir='ltr'><strong>regna</strong></span> <span class='ocrx_word' id='word_1_535' title='bbox 1183 3646 1354 3700; x_wconf 79' lang='lat' dir='ltr'><strong>divisa</strong></span> <span class='ocrx_word' id='word_1_536' title='bbox 1383 3647 1615 3707; x_wconf 80' lang='lat' dir='ltr'><strong>fuerint;</strong></span> <span class='ocrx_word' id='word_1_537' title='bbox 1640 3661 1760 3715; x_wconf 74' lang='lat' dir='ltr'><strong>qua:</strong></span> <span class='ocrx_word' id='word_1_538' title='bbox 1783 3645 2054 3714; x_wconf 88' lang='lat' dir='ltr'><strong>proposita</strong></span> 
     </span>
    </p>
   </div>
   <div class='ocr_carea' id='block_1_72' title="bbox 478 3731 2056 3806">
    <p class='ocr_par' dir='ltr' id='par_1_72' title="bbox 478 3731 2056 3806">
     <span class='ocr_line' id='line_1_72' title="bbox 478 3731 2056 3806; baseline -0.001 -17"><span class='ocrx_word' id='word_1_539' title='bbox 478 3743 625 3799; x_wconf 90' lang='lat' dir='ltr'><strong>sunt,</strong></span> <span class='ocrx_word' id='word_1_540' title='bbox 663 3731 1334 3805; x_wconf 69' lang='lat' dir='ltr'><strong>attentiusinspiciamus,</strong></span> <span class='ocrx_word' id='word_1_541' title='bbox 1369 3753 1542 3806; x_wconf 86' lang='lat' dir='ltr'><strong>eaque</strong></span> <span class='ocrx_word' id='word_1_542' title='bbox 1593 3737 1891 3790; x_wconf 88' lang='lat' dir='ltr'><strong>lustremus</strong></span> <span class='ocrx_word' id='word_1_543' title='bbox 1921 3750 2056 3803; x_wconf 90' lang='lat' dir='ltr'><strong>quo-</strong></span> 
     </span>
    </p>
   </div>
   <div class='ocr_carea' id='block_1_73' title="bbox 477 3827 2055 3898">
    <p class='ocr_par' dir='ltr' id='par_1_73' title="bbox 477 3827 2055 3898">
     <span class='ocr_line' id='line_1_73' title="bbox 477 3827 2055 3898; baseline -0.001 -18"><span class='ocrx_word' id='word_1_544' title='bbox 477 3827 771 3880; x_wconf 90' lang='lat' dir='ltr'><strong>dammodo</strong></span> <span class='ocrx_word' id='word_1_545' title='bbox 802 3828 974 3882; x_wconf 90' lang='lat' dir='ltr'><strong>oculis</strong></span> <span class='ocrx_word' id='word_1_546' title='bbox 1013 3828 1166 3898; x_wconf 88' lang='lat' dir='ltr'><strong>ipsis.</strong></span> <span class='ocrx_word' id='word_1_547' title='bbox 1201 3827 1371 3898; x_wconf 83' lang='lat' dir='ltr'><strong>Caput</strong></span> <span class='ocrx_word' id='word_1_548' title='bbox 1401 3845 1618 3881; x_wconf 86' lang='lat' dir='ltr'><strong>aureum</strong></span> <span class='ocrx_word' id='word_1_549' title='bbox 1647 3827 1942 3893; x_wconf 87' lang='lat' dir='ltr'><strong>simulacri,</strong></span> <span class='ocrx_word' id='word_1_550' title='bbox 1979 3837 2055 3881; x_wconf 86' lang='lat' dir='ltr'><strong>est</strong></span> 
     </span>
    </p>
   </div>
   <div class='ocr_carea' id='block_1_74' title="bbox 475 3916 2054 3990">
    <p class='ocr_par' dir='ltr' id='par_1_74' title="bbox 475 3916 2054 3990">
     <span class='ocr_line' id='line_1_74' title="bbox 475 3916 2054 3990; baseline 0.001 -22"><span class='ocrx_word' id='word_1_551' title='bbox 475 3916 662 3981; x_wconf 76' lang='lat' dir='ltr'><strong>lemne,</strong></span> <span class='ocrx_word' id='word_1_552' title='bbox 690 3933 798 3987; x_wconf 89' lang='lat' dir='ltr'><strong>qua</strong></span> <span class='ocrx_word' id='word_1_553' title='bbox 826 3918 1106 3990; x_wconf 85' lang='lat' dir='ltr'><strong>Babylonii</strong></span> <span class='ocrx_word' id='word_1_554' title='bbox 1151 3920 1715 3988; x_wconf 70' lang='lat' dir='ltr'><strong>repraesentabuntur;</strong></span> <span class='ocrx_word' id='word_1_555' title='bbox 1751 3918 1971 3981; x_wconf 79' lang='lat' dir='ltr'><strong>humeri,</strong></span> <span class='ocrx_word' id='word_1_556' title='bbox 2005 3927 2054 3971; x_wconf 88' lang='lat' dir='ltr'><strong>et</strong></span> 
     </span>
    </p>
   </div>
   <div class='ocr_carea' id='block_1_75' title="bbox 476 4005 2055 4078">
    <p class='ocr_par' dir='ltr' id='par_1_75' title="bbox 476 4005 2055 4078">
     <span class='ocr_line' id='line_1_75' title="bbox 476 4005 2055 4078; baseline 0 -20"><span class='ocrx_word' id='word_1_557' title='bbox 476 4005 692 4060; x_wconf 82' lang='lat' dir='ltr'><strong>brachia</strong></span> <span class='ocrx_word' id='word_1_558' title='bbox 729 4019 1001 4077; x_wconf 82' lang='lat' dir='ltr'><strong>argentea,</strong></span> <span class='ocrx_word' id='word_1_559' title='bbox 1035 4025 1212 4074; x_wconf 88' lang='lat' dir='ltr'><strong>ursus,</strong></span> <span class='ocrx_word' id='word_1_560' title='bbox 1250 4025 1358 4078; x_wconf 92' lang='lat' dir='ltr'><strong>quo</strong></span> <span class='ocrx_word' id='word_1_561' title='bbox 1407 4007 1586 4062; x_wconf 63' lang='lat' dir='ltr'><strong>Persa}</strong></span> <span class='ocrx_word' id='word_1_562' title='bbox 1635 4007 2055 4077; x_wconf 82' lang='lat' dir='ltr'><strong>designabantur</strong></span> 
     </span>
    </p>
   </div>
   <div class='ocr_carea' id='block_1_76' title="bbox 475 4097 2052 4168">
    <p class='ocr_par' dir='ltr' id='par_1_76' title="bbox 475 4097 2052 4168">
     <span class='ocr_line' id='line_1_76' title="bbox 475 4097 2052 4168; baseline 0.001 -18"><span class='ocrx_word' id='word_1_563' title='bbox 475 4105 531 4150; x_wconf 89' lang='lat' dir='ltr'><strong>et</strong></span> <span class='ocrx_word' id='word_1_564' title='bbox 557 4097 713 4152; x_wconf 83' lang='lat' dir='ltr'><strong>Medi.</strong></span> <span class='ocrx_word' id='word_1_565' title='bbox 749 4097 935 4151; x_wconf 83' lang='lat' dir='ltr'><strong>Venter</strong></span> <span class='ocrx_word' id='word_1_566' title='bbox 977 4111 1026 4152; x_wconf 91' lang='lat' dir='ltr'><strong>et</strong></span> <span class='ocrx_word' id='word_1_567' title='bbox 1057 4100 1256 4168; x_wconf 74' lang='lat' dir='ltr'><strong>[eniam</strong></span> <span class='ocrx_word' id='word_1_568' title='bbox 1299 4115 1465 4166; x_wconf 76' lang='lat' dir='ltr'><strong>antea,</strong></span> <span class='ocrx_word' id='word_1_569' title='bbox 1494 4099 1710 4165; x_wconf 86' lang='lat' dir='ltr'><strong>pardus,</strong></span> <span class='ocrx_word' id='word_1_570' title='bbox 1742 4115 1852 4168; x_wconf 79' lang='lat' dir='ltr'><strong>quo</strong></span> <span class='ocrx_word' id='word_1_571' title='bbox 1881 4097 2052 4153; x_wconf 68' lang='grc' dir='ltr'><strong>(ἓνωοί</strong></span> 
     </span>
    </p>
   </div>
   <div class='ocr_carea' id='block_1_77' title="bbox 474 4190 2054 4262">
    <p class='ocr_par' dir='ltr' id='par_1_77' title="bbox 474 4190 2054 4262">
     <span class='ocr_line' id='line_1_77' title="bbox 474 4190 2054 4262; baseline 0.003 -20"><span class='ocrx_word' id='word_1_572' title='bbox 474 4191 568 4259; x_wconf 90' lang='lat' dir='ltr'><strong>qui</strong></span> <span class='ocrx_word' id='word_1_573' title='bbox 595 4191 662 4243; x_wconf 90' lang='lat' dir='ltr'><strong>ab</strong></span> <span class='ocrx_word' id='word_1_574' title='bbox 676 4190 982 4246; x_wconf 82' lang='lat' dir='ltr'><strong>Alexandro</strong></span> <span class='ocrx_word' id='word_1_575' title='bbox 1003 4192 1361 4261; x_wconf 84' lang='lat' dir='ltr'><strong>imperarunt,</strong></span> <span class='ocrx_word' id='word_1_576' title='bbox 1391 4193 1838 4262; x_wconf 88' lang='lat' dir='ltr'><strong>signiﬁcabantur</strong></span> <span class='ocrx_word' id='word_1_577' title='bbox 1859 4211 1873 4258; x_wconf 91' lang='lat'><strong>;</strong></span> <span class='ocrx_word' id='word_1_578' title='bbox 1897 4210 2054 4248; x_wconf 88' lang='lat' dir='ltr'><strong>crura</strong></span> 
     </span>
    </p>
   </div>
   <div class='ocr_carea' id='block_1_78' title="bbox 476 4285 2049 4355">
    <p class='ocr_par' dir='ltr' id='par_1_78' title="bbox 476 4285 2049 4355">
     <span class='ocr_line' id='line_1_78' title="bbox 476 4285 2049 4355; baseline 0.003 -17"><span class='ocrx_word' id='word_1_579' title='bbox 476 4285 667 4354; x_wconf 80' lang='lat' dir='ltr'><strong>ferrea,</strong></span> <span class='ocrx_word' id='word_1_580' title='bbox 703 4287 866 4338; x_wconf 85' lang='lat' dir='ltr'><strong>bestia</strong></span> <span class='ocrx_word' id='word_1_581' title='bbox 899 4288 1175 4355; x_wconf 83' lang='lat' dir='ltr'><strong>stupenda,</strong></span> <span class='ocrx_word' id='word_1_582' title='bbox 1203 4306 1264 4343; x_wconf 88' lang='lat' dir='ltr'><strong>ac</strong></span> <span class='ocrx_word' id='word_1_583' title='bbox 1293 4289 1566 4352; x_wconf 81' lang='lat' dir='ltr'><strong>terribilis,</strong></span> <span class='ocrx_word' id='word_1_584' title='bbox 1601 4287 1834 4344; x_wconf 76' lang='lat' dir='ltr'><strong>Romani</strong></span> <span class='ocrx_word' id='word_1_585' title='bbox 1876 4297 2049 4352; x_wconf 86' lang='lat' dir='ltr'><strong>erant,</strong></span> 
     </span>
    </p>
   </div>
   <div class='ocr_carea' id='block_1_79' title="bbox 475 4377 2053 4452">
    <p class='ocr_par' dir='ltr' id='par_1_79' title="bbox 475 4377 2053 4452">
     <span class='ocr_line' id='line_1_79' title="bbox 475 4377 2053 4452; baseline 0.001 -22"><span class='ocrx_word' id='word_1_586' title='bbox 475 4378 568 4446; x_wconf 88' lang='lat' dir='ltr'><strong>qui</strong></span> <span class='ocrx_word' id='word_1_587' title='bbox 601 4377 762 4430; x_wconf 91' lang='lat' dir='ltr'><strong>modo</strong></span> <span class='ocrx_word' id='word_1_588' title='bbox 793 4377 1080 4446; x_wconf 90' lang='lat' dir='ltr'><strong>imperium</strong></span> <span class='ocrx_word' id='word_1_589' title='bbox 1111 4390 1326 4444; x_wconf 88' lang='lat' dir='ltr'><strong>tenent;</strong></span> <span class='ocrx_word' id='word_1_590' title='bbox 1359 4382 1578 4452; x_wconf 84' lang='lat' dir='ltr'><strong>vestigia</strong></span> <span class='ocrx_word' id='word_1_591' title='bbox 1607 4381 1794 4450; x_wconf 86' lang='lat' dir='ltr'><strong>pedum</strong></span> <span class='ocrx_word' id='word_1_592' title='bbox 1829 4389 1964 4434; x_wconf 87' lang='lat' dir='ltr'><strong>testa</strong></span> <span class='ocrx_word' id='word_1_593' title='bbox 2003 4389 2053 4432; x_wconf 87' lang='lat' dir='ltr'><strong>et</strong></span> 
     </span>
    </p>
   </div>
   <div class='ocr_carea' id='block_1_80' title="bbox 485 4468 2051 4542">
    <p class='ocr_par' dir='ltr' id='par_1_80' title="bbox 485 4468 2051 4542">
     <span class='ocr_line' id='line_1_80' title="bbox 485 4468 2051 4542; baseline 0.003 -22"><span class='ocrx_word' id='word_1_594' title='bbox 485 4468 694 4531; x_wconf 73' lang='lat' dir='ltr'><strong>Ferrum,</strong></span> <span class='ocrx_word' id='word_1_595' title='bbox 722 4477 848 4521; x_wconf 89' lang='lat' dir='ltr'><strong>sunt</strong></span> <span class='ocrx_word' id='word_1_596' title='bbox 869 4469 1052 4523; x_wconf 88' lang='lat' dir='ltr'><strong>decem</strong></span> <span class='ocrx_word' id='word_1_597' title='bbox 1085 4485 1312 4537; x_wconf 88' lang='lat' dir='ltr'><strong>cornua,</strong></span> <span class='ocrx_word' id='word_1_598' title='bbox 1345 4487 1464 4542; x_wconf 66' lang='lat' dir='ltr'><strong>qua:</strong></span> <span class='ocrx_word' id='word_1_599' title='bbox 1494 4470 1674 4525; x_wconf 82' lang='lat' dir='ltr'><strong>futura</strong></span> <span class='ocrx_word' id='word_1_600' title='bbox 1702 4481 1859 4539; x_wconf 87' lang='lat' dir='ltr'><strong>sunt;</strong></span> <span class='ocrx_word' id='word_1_601' title='bbox 1892 4487 2051 4526; x_wconf 85' lang='lat' dir='ltr'><strong>cornu</strong></span> 
     </span>
    </p>
   </div>
   <div class='ocr_carea' id='block_1_81' title="bbox 497 4559 2050 4630">
    <p class='ocr_par' dir='ltr' id='par_1_81' title="bbox 497 4559 2050 4630">
     <span class='ocr_line' id='line_1_81' title="bbox 497 4559 2050 4630; baseline 0.001 -19"><span class='ocrx_word' id='word_1_602' title='bbox 497 4559 700 4612; x_wconf 79' lang='lat' dir='ltr'><strong>tlterum</strong></span> <span class='ocrx_word' id='word_1_603' title='bbox 735 4575 973 4625; x_wconf 83' lang='lat' dir='ltr'><strong>parvum,</strong></span> <span class='ocrx_word' id='word_1_604' title='bbox 999 4562 1137 4630; x_wconf 88' lang='lat' dir='ltr'><strong>quod</strong></span> <span class='ocrx_word' id='word_1_605' title='bbox 1167 4563 1302 4614; x_wconf 87' lang='lat' dir='ltr'><strong>inter</strong></span> <span class='ocrx_word' id='word_1_606' title='bbox 1326 4562 1440 4630; x_wconf 83' lang='lat' dir='ltr'><strong>ipsa</strong></span> <span class='ocrx_word' id='word_1_607' title='bbox 1467 4563 1794 4628; x_wconf 83' lang='lat' dir='ltr'><strong>adnascitur,</strong></span> <span class='ocrx_word' id='word_1_608' title='bbox 1826 4569 1909 4616; x_wconf 90' lang='lat' dir='ltr'><strong>est</strong></span> <span class='ocrx_word' id='word_1_609' title='bbox 1937 4561 2050 4613; x_wconf 84' lang='lat' dir='ltr'><strong>An—</strong></span> 
     </span>
    </p>
   </div>
   <div class='ocr_carea' id='block_1_82' title="bbox 483 4651 2049 4721">
    <p class='ocr_par' dir='ltr' id='par_1_82' title="bbox 483 4651 2049 4721">
     <span class='ocr_line' id='line_1_82' title="bbox 483 4651 2049 4721; baseline 0 -17"><span class='ocrx_word' id='word_1_610' title='bbox 483 4651 794 4716; x_wconf 60' lang='lat' dir='ltr'><strong>tichristus;</strong></span> <span class='ocrx_word' id='word_1_611' title='bbox 828 4651 962 4720; x_wconf 85' lang='lat' dir='ltr'><strong>lapis</strong></span> <span class='ocrx_word' id='word_1_612' title='bbox 1010 4656 1302 4721; x_wconf 88' lang='lat' dir='ltr'><strong>percutiens</strong></span> <span class='ocrx_word' id='word_1_613' title='bbox 1341 4655 1686 4708; x_wconf 87' lang='lat' dir='ltr'><strong>simulacrum</strong></span> <span class='ocrx_word' id='word_1_614' title='bbox 1737 4661 1786 4706; x_wconf 84' lang='lat' dir='ltr'><strong>et</strong></span> <span class='ocrx_word' id='word_1_615' title='bbox 1831 4653 2049 4706; x_wconf 89' lang='lat' dir='ltr'><strong>commi-</strong></span> 
     </span>
    </p>
   </div>
   <div class='ocr_carea' id='block_1_83' title="bbox 2159 3551 3702 3628">
    <p class='ocr_par' dir='ltr' id='par_1_83' title="bbox 2159 3551 3702 3628">
     <span class='ocr_line' id='line_1_83' title="bbox 2159 3551 3702 3628; baseline -0.005 -20"><span class='ocrx_word' id='word_1_616' title='bbox 2159 3557 2363 3619; x_wconf 74' lang='grc' dir='ltr'>εἰκόνος</span> <span class='ocrx_word' id='word_1_617' title='bbox 2400 3558 2479 3619; x_wconf 83' lang='grc' dir='ltr'>εἰς</span> <span class='ocrx_word' id='word_1_618' title='bbox 2522 3555 2890 3627; x_wconf 79' lang='grc' dir='ltr'>δημοκρατίας</span> <span class='ocrx_word' id='word_1_619' title='bbox 2918 3558 3302 3628; x_wconf 80' lang='grc' dir='ltr'>χωρησάντων,</span> <span class='ocrx_word' id='word_1_620' title='bbox 3337 3555 3438 3610; x_wconf 77' lang='grc' dir='ltr'>καὶ</span> <span class='ocrx_word' id='word_1_621' title='bbox 3477 3553 3576 3608; x_wconf 84' lang='grc' dir='ltr'><strong>τῶν</strong></span> <span class='ocrx_word' id='word_1_622' title='bbox 3599 3551 3702 3604; x_wconf 81' lang='grc' dir='ltr'>δέκα</span> 
     </span>
    </p>
   </div>
   <div class='ocr_carea' id='block_1_84' title="bbox 2158 3627 3698 3720">
    <p class='ocr_par' dir='ltr' id='par_1_84' title="bbox 2158 3627 3698 3720">
     <span class='ocr_line' id='line_1_84' title="bbox 2158 3627 3698 3720; baseline -0.003 -18"><span class='ocrx_word' id='word_1_623' title='bbox 2158 3649 2402 3720; x_wconf 82' lang='grc' dir='ltr'>κεράτων</span> <span class='ocrx_word' id='word_1_624' title='bbox 2447 3648 2541 3700; x_wconf 78' lang='grc' dir='ltr'>τοῦ</span> <span class='ocrx_word' id='word_1_625' title='bbox 2590 3649 2779 3720; x_wconf 82' lang='grc' dir='ltr'>Θηρίου</span> <span class='ocrx_word' id='word_1_626' title='bbox 2815 3647 2929 3718; x_wconf 69' lang='grc'><strong>(62)</strong></span> <span class='ocrx_word' id='word_1_627' title='bbox 2978 3627 3065 3711; x_wconf 3' lang='grc' dir='ltr'>είς(</span> <span class='ocrx_word' id='word_1_628' title='bbox 3082 3648 3212 3702; x_wconf 84' lang='grc' dir='ltr'>δέκα</span> <span class='ocrx_word' id='word_1_629' title='bbox 3259 3627 3534 3718; x_wconf 65' lang='grc' dir='ltr'>βασιλείας</span> <span class='ocrx_word' id='word_1_630' title='bbox 3575 3657 3698 3714; x_wconf 76' lang='grc' dir='ltr'>μερι-</span> 
     </span>
    </p>
   </div>
   <div class='ocr_carea' id='block_1_85' title="bbox 2160 3736 3701 3810">
    <p class='ocr_par' dir='ltr' id='par_1_85' title="bbox 2160 3736 3701 3810">
     <span class='ocr_line' id='line_1_85' title="bbox 2160 3736 3701 3810; baseline -0.005 -20"><span class='ocrx_word' id='word_1_631' title='bbox 2160 3738 2391 3792; x_wconf 83' lang='grc' dir='ltr'>σθέντων</span> <span class='ocrx_word' id='word_1_632' title='bbox 2411 3754 2424 3766; x_wconf 80' lang='grc'><strong>’</strong></span> <span class='ocrx_word' id='word_1_633' title='bbox 2458 3737 2654 3807; x_wconf 74' lang='grc' dir='ltr'>ἴδωμεν</span> <span class='ocrx_word' id='word_1_634' title='bbox 2675 3737 3007 3809; x_wconf 79' lang='grc' dir='ltr'>σαφέστερον</span> <span class='ocrx_word' id='word_1_635' title='bbox 3032 3737 3102 3790; x_wconf 81' lang='grc' dir='ltr'>τὰ</span> <span class='ocrx_word' id='word_1_636' title='bbox 3129 3737 3492 3810; x_wconf 84' lang='grc' dir='ltr'>προκείμενα,</span> <span class='ocrx_word' id='word_1_637' title='bbox 3526 3736 3608 3788; x_wconf 75' lang='grc' dir='ltr'>καὶ</span> <span class='ocrx_word' id='word_1_638' title='bbox 3633 3747 3701 3783; x_wconf 77' lang='grc' dir='ltr'>κα-</span> 
     </span>
    </p>
   </div>
   <div class='ocr_carea' id='block_1_86' title="bbox 2155 3821 3701 3900">
    <p class='ocr_par' dir='ltr' id='par_1_86' title="bbox 2155 3821 3701 3900">
     <span class='ocr_line' id='line_1_86' title="bbox 2155 3821 3701 3900; baseline -0.003 -20"><span class='ocrx_word' id='word_1_639' title='bbox 2155 3830 2504 3900; x_wconf 84' lang='grc' dir='ltr'>τανοήσωμεν</span> <span class='ocrx_word' id='word_1_640' title='bbox 2537 3829 2676 3882; x_wconf 79' lang='grc' dir='ltr'>αὐτὰ</span> <span class='ocrx_word' id='word_1_641' title='bbox 2704 3827 3156 3900; x_wconf 81' lang='grc' dir='ltr'>ὀφθαλμοφανῶς.</span> <span class='ocrx_word' id='word_1_642' title='bbox 3187 3829 3438 3898; x_wconf 69' lang='grc' dir='ltr'>Κεφαλὴ</span> <span class='ocrx_word' id='word_1_643' title='bbox 3461 3827 3564 3894; x_wconf 84' lang='grc' dir='ltr'>τῆς</span> <span class='ocrx_word' id='word_1_644' title='bbox 3585 3821 3701 3878; x_wconf 72' lang='grc' dir='ltr'>εἰκό-</span> 
     </span>
    </p>
   </div>
   <div class='ocr_carea' id='block_1_87' title="bbox 2156 3912 3700 3993">
    <p class='ocr_par' dir='ltr' id='par_1_87' title="bbox 2156 3912 3700 3993">
     <span class='ocr_line' id='line_1_87' title="bbox 2156 3912 3700 3993; baseline 0.014 -28"><span class='ocrx_word' id='word_1_645' title='bbox 2156 3937 2262 3985; x_wconf 79' lang='grc' dir='ltr'><strong>νος</strong></span> <span class='ocrx_word' id='word_1_646' title='bbox 2281 3919 2504 3989; x_wconf 83' lang='grc' dir='ltr'>χρυσῆ,</span> <span class='ocrx_word' id='word_1_647' title='bbox 2523 3921 2694 3974; x_wconf 79' lang='grc' dir='ltr'>ἐστιν</span> <span class='ocrx_word' id='word_1_648' title='bbox 2715 3924 2754 3990; x_wconf 73' lang='grc' dir='ltr'>ἡ</span> <span class='ocrx_word' id='word_1_649' title='bbox 2775 3922 3006 3986; x_wconf 77' lang='grc' dir='ltr'>λέαινα,</span> <span class='ocrx_word' id='word_1_650' title='bbox 3036 3921 3364 3976; x_wconf 80' lang='grc' dir='ltr'>Βαϐυλωνίοι</span> <span class='ocrx_word' id='word_1_651' title='bbox 3400 3918 3562 3993; x_wconf 77' lang='grc' dir='ltr'>ἦσαν·</span> <span class='ocrx_word' id='word_1_652' title='bbox 3589 3912 3700 3986; x_wconf 51' lang='lat' dir='ltr'><strong>illi“</strong></span> 
     </span>
    </p>
   </div>
   <div class='ocr_carea' id='block_1_88' title="bbox 2157 4008 3700 4087">
    <p class='ocr_par' dir='ltr' id='par_1_88' title="bbox 2157 4008 3700 4087">
     <span class='ocr_line' id='line_1_88' title="bbox 2157 4008 3700 4087; baseline -0.002 -22"><span class='ocrx_word' id='word_1_653' title='bbox 2157 4014 2253 4066; x_wconf 75' lang='grc' dir='ltr'>καὶ</span> <span class='ocrx_word' id='word_1_654' title='bbox 2279 4015 2600 4084; x_wconf 81' lang='grc' dir='ltr'>βραχίονες</span> <span class='ocrx_word' id='word_1_655' title='bbox 2630 4016 2895 4086; x_wconf 71' lang='grc' dir='ltr'>ἀργιιροῖ,</span> <span class='ocrx_word' id='word_1_656' title='bbox 2924 4018 2963 4084; x_wconf 78' lang='grc' dir='ltr'>ἡ</span> <span class='ocrx_word' id='word_1_657' title='bbox 2985 4015 3220 4084; x_wconf 81' lang='grc' dir='ltr'>ἄρκτος,</span> <span class='ocrx_word' id='word_1_658' title='bbox 3249 4016 3462 4087; x_wconf 85' lang='grc' dir='ltr'>Πέρσαι</span> <span class='ocrx_word' id='word_1_659' title='bbox 3495 4013 3582 4067; x_wconf 71' lang='grc' dir='ltr'><strong>καὶ</strong></span> <span class='ocrx_word' id='word_1_660' title='bbox 3607 4008 3700 4076; x_wconf 69' lang='lat' dir='ltr'><strong>Mi;-</strong></span> 
     </span>
    </p>
   </div>
   <div class='ocr_carea' id='block_1_89' title="bbox 2154 4097 3702 4177">
    <p class='ocr_par' dir='ltr' id='par_1_89' title="bbox 2154 4097 3702 4177">
     <span class='ocr_line' id='line_1_89' title="bbox 2154 4097 3702 4177; baseline -0.005 -19"><span class='ocrx_word' id='word_1_661' title='bbox 2154 4106 2233 4158; x_wconf 90' lang='grc' dir='ltr'><strong>δοι</strong></span> <span class='ocrx_word' id='word_1_662' title='bbox 2253 4124 2265 4136; x_wconf 85' lang='grc'><em>’</em></span> <span class='ocrx_word' id='word_1_663' title='bbox 2298 4107 2498 4160; x_wconf 84' lang='grc' dir='ltr'>κοιλία</span> <span class='ocrx_word' id='word_1_664' title='bbox 2531 4107 2630 4160; x_wconf 80' lang='grc' dir='ltr'>καὶ</span> <span class='ocrx_word' id='word_1_665' title='bbox 2654 4109 2830 4176; x_wconf 79' lang='grc' dir='ltr'>μηροὶ</span> <span class='ocrx_word' id='word_1_666' title='bbox 2873 4107 3114 4177; x_wconf 77' lang='grc' dir='ltr'>χαλκοῖ,</span> <span class='ocrx_word' id='word_1_667' title='bbox 3143 4109 3179 4174; x_wconf 72' lang='grc' dir='ltr'>ἡ</span> <span class='ocrx_word' id='word_1_668' title='bbox 3208 4105 3526 4174; x_wconf 76' lang='grc' dir='ltr'>πάρδαλις,</span> <span class='ocrx_word' id='word_1_669' title='bbox 3551 4103 3592 4156; x_wconf 77' lang='lat' dir='ltr'><strong>oi</strong></span> <span class='ocrx_word' id='word_1_670' title='bbox 3619 4097 3702 4153; x_wconf 52' lang='grc' dir='ltr'><strong>ἀπ)</strong></span> 
     </span>
    </p>
   </div>
   <div class='ocr_carea' id='block_1_90' title="bbox 2169 4191 3702 4272">
    <p class='ocr_par' dir='ltr' id='par_1_90' title="bbox 2169 4191 3702 4272">
     <span class='ocr_line' id='line_1_90' title="bbox 2169 4191 3702 4272; baseline -0.003 -21"><span class='ocrx_word' id='word_1_671' title='bbox 2169 4198 2514 4269; x_wconf 81' lang='grc' dir='ltr'>Ἀλεξάνδρου</span> <span class='ocrx_word' id='word_1_672' title='bbox 2563 4201 2936 4272; x_wconf 81' lang='grc' dir='ltr'>κρατήσαντες</span> <span class='ocrx_word' id='word_1_673' title='bbox 2975 4199 3232 4270; x_wconf 84' lang='grc' dir='ltr'>Ἕλληνες</span> <span class='ocrx_word' id='word_1_674' title='bbox 3255 4215 3268 4228; x_wconf 88' lang='grc'><strong>·</strong></span> <span class='ocrx_word' id='word_1_675' title='bbox 3311 4196 3532 4268; x_wconf 80' lang='grc' dir='ltr'>κνῆμαι</span> <span class='ocrx_word' id='word_1_676' title='bbox 3567 4191 3702 4255; x_wconf 69' lang='grc' dir='ltr'>σιδη-</span> 
     </span>
    </p>
   </div>
   <div class='ocr_carea' id='block_1_91' title="bbox 2150 4283 3698 4362">
    <p class='ocr_par' dir='ltr' id='par_1_91' title="bbox 2150 4283 3698 4362">
     <span class='ocr_line' id='line_1_91' title="bbox 2150 4283 3698 4362; baseline -0.008 -14"><span class='ocrx_word' id='word_1_677' title='bbox 2150 4291 2270 4357; x_wconf 85' lang='grc' dir='ltr'>ραῒ,</span> <span class='ocrx_word' id='word_1_678' title='bbox 2323 4291 2529 4358; x_wconf 80' lang='grc' dir='ltr'>θηρίον</span> <span class='ocrx_word' id='word_1_679' title='bbox 2577 4291 2874 4362; x_wconf 79' lang='grc' dir='ltr'>ἐκθαμϐον</span> <span class='ocrx_word' id='word_1_680' title='bbox 2927 4291 3026 4344; x_wconf 80' lang='grc' dir='ltr'>καὶ</span> <span class='ocrx_word' id='word_1_681' title='bbox 3073 4289 3347 4359; x_wconf 63' lang='grc' dir='ltr'>φοϐερὸν,</span> <span class='ocrx_word' id='word_1_682' title='bbox 3381 4289 3624 4358; x_wconf 77' lang='grc' dir='ltr'>Ῥωμαῖοι</span> <span class='ocrx_word' id='word_1_683' title='bbox 3664 4283 3698 4334; x_wconf 76' lang='grc' dir='ltr'>οἱ</span> 
     </span>
    </p>
   </div>
   <div class='ocr_carea' id='block_1_92' title="bbox 2155 4374 3701 4452">
    <p class='ocr_par' dir='ltr' id='par_1_92' title="bbox 2155 4374 3701 4452">
     <span class='ocr_line' id='line_1_92' title="bbox 2155 4374 3701 4452; baseline -0.006 -19"><span class='ocrx_word' id='word_1_684' title='bbox 2155 4380 2247 4433; x_wconf 80' lang='grc' dir='ltr'>νῦν</span> <span class='ocrx_word' id='word_1_685' title='bbox 2273 4381 2628 4452; x_wconf 76' lang='grc' dir='ltr'>κρατοῦντες·</span> <span class='ocrx_word' id='word_1_686' title='bbox 2662 4382 2801 4450; x_wconf 81' lang='grc' dir='ltr'>ῑχνη</span> <span class='ocrx_word' id='word_1_687' title='bbox 2846 4379 3046 4434; x_wconf 77' lang='grc' dir='ltr'>ποδῶν</span> <span class='ocrx_word' id='word_1_688' title='bbox 3074 4380 3395 4448; x_wconf 82' lang='grc' dir='ltr'>ὄστρακον,</span> <span class='ocrx_word' id='word_1_689' title='bbox 3431 4380 3526 4434; x_wconf 78' lang='grc' dir='ltr'>καὶ</span> <span class='ocrx_word' id='word_1_690' title='bbox 3563 4374 3701 4437; x_wconf 73' lang='grc' dir='ltr'>σίδη-</span> 
     </span>
    </p>
   </div>
   <div class='ocr_carea' id='block_1_93' title="bbox 2145 4469 3701 4544">
    <p class='ocr_par' dir='ltr' id='par_1_93' title="bbox 2145 4469 3701 4544">
     <span class='ocr_line' id='line_1_93' title="bbox 2145 4469 3701 4544; baseline 0.003 -18"><span class='ocrx_word' id='word_1_691' title='bbox 2145 4491 2274 4539; x_wconf 85' lang='grc' dir='ltr'>ρος,</span> <span class='ocrx_word' id='word_1_692' title='bbox 2303 4472 2372 4525; x_wconf 77' lang='grc' dir='ltr'>τὰ</span> <span class='ocrx_word' id='word_1_693' title='bbox 2417 4472 2546 4525; x_wconf 81' lang='grc' dir='ltr'>δέκα</span> <span class='ocrx_word' id='word_1_694' title='bbox 2592 4472 2798 4544; x_wconf 83' lang='grc' dir='ltr'>κέρατα</span> <span class='ocrx_word' id='word_1_695' title='bbox 2838 4473 2905 4526; x_wconf 84' lang='grc' dir='ltr'>τὰ</span> <span class='ocrx_word' id='word_1_696' title='bbox 2955 4473 3214 4544; x_wconf 85' lang='grc' dir='ltr'>μέλλοντα</span> <span class='ocrx_word' id='word_1_697' title='bbox 3257 4473 3510 4526; x_wconf 77' lang='grc' dir='ltr'>ἔσεσθαι·</span> <span class='ocrx_word' id='word_1_698' title='bbox 3557 4469 3701 4536; x_wconf 68' lang='grc' dir='ltr'>κέρας</span> 
     </span>
    </p>
   </div>
   <div class='ocr_carea' id='block_1_94' title="bbox 2153 4557 3696 4634">
    <p class='ocr_par' dir='ltr' id='par_1_94' title="bbox 2153 4557 3696 4634">
     <span class='ocr_line' id='line_1_94' title="bbox 2153 4557 3696 4634; baseline -0.001 -18"><span class='ocrx_word' id='word_1_699' title='bbox 2153 4563 2354 4631; x_wconf 81' lang='grc' dir='ltr'>ἕτερον</span> <span class='ocrx_word' id='word_1_700' title='bbox 2397 4563 2612 4633; x_wconf 78' lang='grc' dir='ltr'>μικρὸν</span> <span class='ocrx_word' id='word_1_701' title='bbox 2656 4567 3074 4634; x_wconf 57' lang='grc' dir='ltr'>ἀναφυόμενον</span> <span class='ocrx_word' id='word_1_702' title='bbox 3118 4565 3188 4618; x_wconf 79' lang='grc' dir='ltr'>ἐν</span> <span class='ocrx_word' id='word_1_703' title='bbox 3232 4564 3460 4631; x_wconf 76' lang='grc' dir='ltr'>αὐτοῖς,</span> <span class='ocrx_word' id='word_1_704' title='bbox 3495 4565 3524 4616; x_wconf 90' lang='lat'><strong>6</strong></span> <span class='ocrx_word' id='word_1_705' title='bbox 3559 4557 3696 4614; x_wconf 76' lang='grc' dir='ltr'>Ἀντίε</span> 
     </span>
    </p>
   </div>
   <div class='ocr_carea' id='block_1_95' title="bbox 2153 4655 3702 4725">
    <p class='ocr_par' dir='ltr' id='par_1_95' title="bbox 2153 4655 3702 4725">
     <span class='ocr_line' id='line_1_95' title="bbox 2153 4655 3702 4725; baseline -0.001 -19"><span class='ocrx_word' id='word_1_706' title='bbox 2153 4671 2400 4725; x_wconf 84' lang='grc' dir='ltr'>χριστος·</span> <span class='ocrx_word' id='word_1_707' title='bbox 2437 4655 2607 4720; x_wconf 81' lang='grc' dir='ltr'>λίθος</span> <span class='ocrx_word' id='word_1_708' title='bbox 2633 4659 2665 4708; x_wconf 83' lang='grc' dir='ltr'><strong><em>ό</em></strong></span> <span class='ocrx_word' id='word_1_709' title='bbox 2691 4655 3022 4710; x_wconf 80' lang='grc' dir='ltr'>πατάσσων</span> <span class='ocrx_word' id='word_1_710' title='bbox 3059 4655 3174 4724; x_wconf 77' lang='grc' dir='ltr'><strong>τὴν</strong></span> <span class='ocrx_word' id='word_1_711' title='bbox 3209 4657 3416 4710; x_wconf 71' lang='grc' dir='ltr'>εἰκόνα</span> <span class='ocrx_word' id='word_1_712' title='bbox 3455 4655 3550 4709; x_wconf 79' lang='grc' dir='ltr'>καὶ</span> <span class='ocrx_word' id='word_1_713' title='bbox 3585 4665 3702 4706; x_wconf 65' lang='grc' dir='ltr'><strong>συν·⁸</strong></span> 
     </span>
    </p>
   </div>
   <div class='ocr_carea' id='block_1_96' title="bbox 477 4740 2067 4821">
    <p class='ocr_par' dir='ltr' id='par_1_96' title="bbox 477 4740 2050 4812">
     <span class='ocr_line' id='line_1_96' title="bbox 477 4740 2050 4812; baseline 0.004 -20"><span class='ocrx_word' id='word_1_714' title='bbox 477 4755 663 4805; x_wconf 87' lang='lat' dir='ltr'><strong>nuens,</strong></span> <span class='ocrx_word' id='word_1_715' title='bbox 694 4740 786 4808; x_wconf 90' lang='lat' dir='ltr'><strong>qui</strong></span> <span class='ocrx_word' id='word_1_716' title='bbox 812 4742 1054 4810; x_wconf 86' lang='lat' dir='ltr'><strong>implevit</strong></span> <span class='ocrx_word' id='word_1_717' title='bbox 1083 4755 1306 4812; x_wconf 87' lang='lat' dir='ltr'><strong>terram,</strong></span> <span class='ocrx_word' id='word_1_718' title='bbox 1334 4744 1584 4800; x_wconf 80' lang='lat' dir='ltr'><strong>Christus</strong></span> <span class='ocrx_word' id='word_1_719' title='bbox 1615 4753 1749 4799; x_wconf 84' lang='lat' dir='ltr'><strong>este</strong></span> <span class='ocrx_word' id='word_1_720' title='bbox 1775 4745 1926 4799; x_wconf 63' lang='lat' dir='ltr'><strong>caelis</strong></span> <span class='ocrx_word' id='word_1_721' title='bbox 1955 4759 2050 4798; x_wconf 82' lang='lat' dir='ltr'><strong>ve-</strong></span> 
     </span>
    </p>
   </div>
   <div class='ocr_carea' id='block_1_97' title="bbox 2162 4740 3702 4821">
    <p class='ocr_par' dir='ltr' id='par_1_97' title="bbox 2162 4741 3702 4821">
     <span class='ocr_line' id='line_1_97' title="bbox 2162 4741 3702 4821; baseline -0.003 -21"><span class='ocrx_word' id='word_1_722' title='bbox 2162 4747 2382 4814; x_wconf 80' lang='grc' dir='ltr'>τρίϐων,</span> <span class='ocrx_word' id='word_1_723' title='bbox 2417 4750 2444 4800; x_wconf 89' lang='lat'><strong>6</strong></span> <span class='ocrx_word' id='word_1_724' title='bbox 2487 4747 2779 4820; x_wconf 80' lang='grc' dir='ltr'>πληρώσας</span> <span class='ocrx_word' id='word_1_725' title='bbox 2811 4748 2906 4819; x_wconf 80' lang='grc' dir='ltr'>τὴν</span> <span class='ocrx_word' id='word_1_726' title='bbox 2941 4749 3066 4818; x_wconf 84' lang='grc' dir='ltr'>γῆν,</span> <span class='ocrx_word' id='word_1_727' title='bbox 3095 4749 3325 4821; x_wconf 81' lang='grc' dir='ltr'>Χριστὸς</span> <span class='ocrx_word' id='word_1_728' title='bbox 3367 4749 3466 4802; x_wconf 76' lang='grc' dir='ltr'><strong>ἀπ’</strong></span> <span class='ocrx_word' id='word_1_729' title='bbox 3491 4741 3702 4818; x_wconf 74' lang='grc' dir='ltr'>οὐρανῶν</span> 
     </span>
    </p>
   </div>
   <div class='ocr_carea' id='block_1_98' title="bbox 475 4833 1728 4906">
    <p class='ocr_par' dir='ltr' id='par_1_98' title="bbox 475 4833 1728 4906">
     <span class='ocr_line' id='line_1_98' title="bbox 475 4833 1728 4906; baseline 0.005 -22"><span class='ocrx_word' id='word_1_730' title='bbox 475 4835 651 4898; x_wconf 84' lang='lat' dir='ltr'><strong>uicus,</strong></span> <span class='ocrx_word' id='word_1_731' title='bbox 687 4840 742 4885; x_wconf 91' lang='lat' dir='ltr'><strong>ct</strong></span> <span class='ocrx_word' id='word_1_732' title='bbox 771 4833 974 4888; x_wconf 89' lang='lat' dir='ltr'><strong>mundo</strong></span> <span class='ocrx_word' id='word_1_733' title='bbox 999 4835 1266 4903; x_wconf 91' lang='lat' dir='ltr'><strong>judicium</strong></span> <span class='ocrx_word' id='word_1_734' title='bbox 1297 4837 1558 4892; x_wconf 90' lang='lat' dir='ltr'><strong>inducens</strong></span> <span class='ocrx_word' id='word_1_735' title='bbox 1591 4836 1728 4906; x_wconf 80' lang='grc'><strong>(58).</strong></span> 
     </span>
    </p>
   </div>
   <div class='ocr_carea' id='block_1_99' title="bbox 545 4921 2047 4999">
    <p class='ocr_par' dir='ltr' id='par_1_99' title="bbox 545 4921 2047 4999">
     <span class='ocr_line' id='line_1_99' title="bbox 545 4921 2047 4999; baseline 0.003 -25"><span class='ocrx_word' id='word_1_736' title='bbox 545 4921 634 4976; x_wconf 81' lang='lat' dir='ltr'><strong>IV.</strong></span> <span class='ocrx_word' id='word_1_737' title='bbox 673 4921 874 4978; x_wconf 79' lang='lat' dir='ltr'><strong>Verum</strong></span> <span class='ocrx_word' id='word_1_738' title='bbox 907 4943 973 4979; x_wconf 86' lang='lat' dir='ltr'><strong>ne</strong></span> <span class='ocrx_word' id='word_1_739' title='bbox 1005 4927 1058 4980; x_wconf 92' lang='lat' dir='ltr'><strong>in</strong></span> <span class='ocrx_word' id='word_1_740' title='bbox 1091 4928 1192 4982; x_wconf 90' lang='lat' dir='ltr'><strong>hac</strong></span> <span class='ocrx_word' id='word_1_741' title='bbox 1217 4939 1367 4998; x_wconf 88' lang='lat' dir='ltr'><strong>parte</strong></span> <span class='ocrx_word' id='word_1_742' title='bbox 1392 4929 1731 4999; x_wconf 89' lang='lat' dir='ltr'><strong>propositum</strong></span> <span class='ocrx_word' id='word_1_743' title='bbox 1760 4941 2047 4997; x_wconf 82' lang='lat' dir='ltr'><strong>argumen-</strong></span> 
     </span>
    </p>
   </div>
   <div class='ocr_carea' id='block_1_100' title="bbox 547 5037 2047 5113">
    <p class='ocr_par' dir='ltr' id='par_1_100' title="bbox 547 5037 2047 5113">
     <span class='ocr_line' id='line_1_100' title="bbox 547 5037 2047 5113; baseline 0.001 -22"><span class='ocrx_word' id='word_1_744' title='bbox 547 5037 660 5113; x_wconf 71' lang='grc'><strong>(58)</strong></span> <span class='ocrx_word' id='word_1_745' title='bbox 703 5037 818 5093; x_wconf 85' lang='lat' dir='ltr'><strong>Huc</strong></span> <span class='ocrx_word' id='word_1_746' title='bbox 851 5057 1024 5110; x_wconf 78' lang='lat' dir='ltr'><strong>usque</strong></span> <span class='ocrx_word' id='word_1_747' title='bbox 1049 5043 1198 5110; x_wconf 87' lang='lat' dir='ltr'><strong>paria</strong></span> <span class='ocrx_word' id='word_1_748' title='bbox 1227 5043 1478 5113; x_wconf 84' lang='lat' dir='ltr'><strong>leguntur</strong></span> <span class='ocrx_word' id='word_1_749' title='bbox 1497 5045 1550 5098; x_wconf 91' lang='lat' dir='ltr'><strong>in</strong></span> <span class='ocrx_word' id='word_1_750' title='bbox 1577 5044 1670 5098; x_wconf 88' lang='lat' dir='ltr'><strong>lib.</strong></span> <span class='ocrx_word' id='word_1_751' title='bbox 1701 5043 1775 5094; x_wconf 89' lang='lat' dir='ltr'><strong>De</strong></span> <span class='ocrx_word' id='word_1_752' title='bbox 1804 5057 2047 5095; x_wconf 84' lang='lat' dir='ltr'><strong>consum--</strong></span> 
     </span>
    </p>
   </div>
   <div class='ocr_carea' id='block_1_101' title="bbox 471 5110 2038 5176">
    <p class='ocr_par' dir='ltr' id='par_1_101' title="bbox 471 5110 2038 5176">
     <span class='ocr_line' id='line_1_101' title="bbox 471 5110 2038 5176; baseline 0.002 -17"><span class='ocrx_word' id='word_1_753' title='bbox 471 5110 702 5160; x_wconf 76' lang='lat' dir='ltr'><strong>motione</strong></span> <span class='ocrx_word' id='word_1_754' title='bbox 731 5113 932 5174; x_wconf 82' lang='lat' dir='ltr'><strong>mundi,</strong></span> <span class='ocrx_word' id='word_1_755' title='bbox 965 5123 1097 5166; x_wconf 86' lang='lat' dir='ltr'><strong>sect.</strong></span> <span class='ocrx_word' id='word_1_756' title='bbox 1125 5113 1211 5176; x_wconf 74' lang='lat' dir='ltr'><strong>M,</strong></span> <span class='ocrx_word' id='word_1_757' title='bbox 1237 5110 1302 5166; x_wconf 40' lang='lat' dir='ltr'><strong>et—</strong></span> <span class='ocrx_word' id='word_1_758' title='bbox 1323 5115 1374 5167; x_wconf 92' lang='lat' dir='ltr'><strong>in</strong></span> <span class='ocrx_word' id='word_1_759' title='bbox 1404 5117 1570 5168; x_wconf 88' lang='lat' dir='ltr'><strong>altero</strong></span> <span class='ocrx_word' id='word_1_760' title='bbox 1599 5115 1672 5166; x_wconf 84' lang='lat' dir='ltr'><strong>De</strong></span> <span class='ocrx_word' id='word_1_761' title='bbox 1694 5113 2038 5174; x_wconf 75' lang='lat' dir='ltr'><strong>Antio/triste,</strong></span> 
     </span>
    </p>
   </div>
   <div class='ocr_carea' id='block_1_102' title="bbox 473 5180 2045 5252">
    <p class='ocr_par' dir='ltr' id='par_1_102' title="bbox 473 5180 2045 5252">
     <span class='ocr_line' id='line_1_102' title="bbox 473 5180 2045 5252; baseline 0.003 -21"><span class='ocrx_word' id='word_1_762' title='bbox 473 5189 622 5252; x_wconf 60' lang='lat' dir='ltr'><strong>sect.</strong></span> <span class='ocrx_word' id='word_1_763' title='bbox 643 5181 713 5233; x_wconf 69' lang='lat'><strong>‘25</strong></span> <span class='ocrx_word' id='word_1_764' title='bbox 741 5195 805 5234; x_wconf 88' lang='lat' dir='ltr'><strong>ac</strong></span> <span class='ocrx_word' id='word_1_765' title='bbox 834 5197 973 5251; x_wconf 86' lang='lat' dir='ltr'><strong>seq.,</strong></span> <span class='ocrx_word' id='word_1_766' title='bbox 1013 5199 1242 5252; x_wconf 88' lang='lat' dir='ltr'><strong>quorum</strong></span> <span class='ocrx_word' id='word_1_767' title='bbox 1269 5180 2045 5252; x_wconf 81' lang='lat' dir='ltr'><strong>primusvelutisupposititius</strong></span> 
     </span>
    </p>
   </div>
   <div class='ocr_carea' id='block_1_103' title="bbox 473 5249 2044 5323">
    <p class='ocr_par' dir='ltr' id='par_1_103' title="bbox 473 5249 2044 5323">
     <span class='ocr_line' id='line_1_103' title="bbox 473 5249 2044 5323; baseline 0.003 -24"><span class='ocrx_word' id='word_1_768' title='bbox 473 5249 737 5323; x_wconf 72' lang='lat' dir='ltr'><strong>rejicitur,</strong></span> <span class='ocrx_word' id='word_1_769' title='bbox 771 5249 925 5304; x_wconf 37' lang='lat' dir='ltr'><strong>alter‘</strong></span> <span class='ocrx_word' id='word_1_770' title='bbox 952 5249 1229 5320; x_wconf 84' lang='lat' dir='ltr'><strong>probatur.</strong></span> <span class='ocrx_word' id='word_1_771' title='bbox 1270 5249 1505 5323; x_wconf 84' lang='lat' dir='ltr'><strong>Uterque</strong></span> <span class='ocrx_word' id='word_1_772' title='bbox 1533 5265 1715 5306; x_wconf 85' lang='lat' dir='ltr'><strong>tamen</strong></span> <span class='ocrx_word' id='word_1_773' title='bbox 1736 5249 2044 5323; x_wconf 74' lang='lat' dir='ltr'><strong>interpola-</strong></span> 
     </span>
    </p>
   </div>
   <div class='ocr_carea' id='block_1_104' title="bbox 473 5318 2042 5441">
    <p class='ocr_par' dir='ltr' id='par_1_104' title="bbox 473 5318 2042 5441">
     <span class='ocr_line' id='line_1_104' title="bbox 473 5318 2042 5440; baseline 0.002 -70"><span class='ocrx_word' id='word_1_774' title='bbox 473 5325 562 5440; x_wconf 51' lang='grc' dir='ltr'><strong>ξμς</strong></span> <span class='ocrx_word' id='word_1_775' title='bbox 613 5318 766 5374; x_wconf 77' lang='lat' dir='ltr'><strong>facile</strong></span> <span class='ocrx_word' id='word_1_776' title='bbox 797 5318 1216 5390; x_wconf 72' lang='lat' dir='ltr'><strong>deprehenditur</strong></span> <span class='ocrx_word' id='word_1_777' title='bbox 1267 5318 1430 5393; x_wconf 73' lang='lat' dir='ltr'><strong>hujus</strong></span> <span class='ocrx_word' id='word_1_778' title='bbox 1466 5322 1842 5378; x_wconf 86' lang='lat' dir='ltr'><strong>Commentarii</strong></span> <span class='ocrx_word' id='word_1_779' title='bbox 1875 5318 2042 5375; x_wconf 79' lang='lat' dir='ltr'><strong>colla-</strong></span> 
     </span>
     <span class='ocr_line' id='line_1_105' title="bbox 497 5402 638 5441; baseline 0 -1"><span class='ocrx_word' id='word_1_780' title='bbox 497 5402 638 5441; x_wconf 71' lang='lat' dir='ltr'><strong>none.</strong></span> 
     </span>
    </p>
   </div>
   <div class='ocr_carea' id='block_1_105' title="bbox 545 5457 2044 5534">
    <p class='ocr_par' dir='ltr' id='par_1_105' title="bbox 545 5457 2044 5534">
     <span class='ocr_line' id='line_1_106' title="bbox 545 5457 2044 5534; baseline 0.002 -23"><span class='ocrx_word' id='word_1_781' title='bbox 545 5457 657 5528; x_wconf 80' lang='grc'><strong>(59)</strong></span> <span class='ocrx_word' id='word_1_782' title='bbox 697 5459 828 5526; x_wconf 73' lang='lat' dir='ltr'><strong>Qua:</strong></span> <span class='ocrx_word' id='word_1_783' title='bbox 858 5463 996 5534; x_wconf 72' lang='lat' dir='ltr'><strong>apud</strong></span> <span class='ocrx_word' id='word_1_784' title='bbox 1031 5463 1375 5534; x_wconf 79' lang='lat' dir='ltr'><strong>Anastasium</strong></span> <span class='ocrx_word' id='word_1_785' title='bbox 1416 5463 1702 5529; x_wconf 89' lang='lat' dir='ltr'><strong>Sinaitam,</strong></span> <span class='ocrx_word' id='word_1_786' title='bbox 1731 5473 1924 5534; x_wconf 69' lang='lat' dir='ltr'><strong>quaest.</strong></span> <span class='ocrx_word' id='word_1_787' title='bbox 1951 5461 2044 5529; x_wconf 63' lang='grc'><strong>48,</strong></span> 
     </span>
    </p>
   </div>
   <div class='ocr_carea' id='block_1_106' title="bbox 473 5526 2044 5604">
    <p class='ocr_par' dir='ltr' id='par_1_106' title="bbox 473 5526 2044 5604">
     <span class='ocr_line' id='line_1_107' title="bbox 473 5526 2044 5604; baseline 0.006 -27"><span class='ocrx_word' id='word_1_788' title='bbox 473 5526 724 5604; x_wconf 71' lang='lat' dir='ltr'><strong>leguntur</strong></span> <span class='ocrx_word' id='word_1_789' title='bbox 769 5549 834 5586; x_wconf 83' lang='lat' dir='ltr'><strong>ex</strong></span> <span class='ocrx_word' id='word_1_790' title='bbox 885 5526 1152 5604; x_wconf 78' lang='lat' dir='ltr'><strong>Hippolyti</strong></span> <span class='ocrx_word' id='word_1_791' title='bbox 1191 5533 1593 5588; x_wconf 85' lang='lat' dir='ltr'><strong>Commentariis</strong></span> <span class='ocrx_word' id='word_1_792' title='bbox 1641 5526 1697 5586; x_wconf 79' lang='lat' dir='ltr'><strong>in</strong></span> <span class='ocrx_word' id='word_1_793' title='bbox 1748 5526 2044 5604; x_wconf 78' lang='lat' dir='ltr'><strong>Danielem,</strong></span> 
     </span>
    </p>
   </div>
   <div class='ocr_carea' id='block_1_107' title="bbox 471 5595 2044 5721">
    <p class='ocr_par' dir='ltr' id='par_1_107' title="bbox 471 5595 2044 5721">
     <span class='ocr_line' id='line_1_108' title="bbox 471 5595 2044 5721; baseline 0.007 -72"><span class='ocrx_word' id='word_1_794' title='bbox 471 5595 889 5721; x_wconf 45' lang='lat' dir='ltr'><strong>Empul‘cferenda</strong></span> <span class='ocrx_word' id='word_1_795' title='bbox 919 5595 1045 5657; x_wconf 79' lang='lat' dir='ltr'><strong>sunt</strong></span> <span class='ocrx_word' id='word_1_796' title='bbox 1064 5595 1222 5658; x_wconf 69' lang='grc' dir='ltr'>ξ’Τῶν</span> <span class='ocrx_word' id='word_1_797' title='bbox 1247 5605 1354 5674; x_wconf 78' lang='grc' dir='ltr'><strong>γὰρ</strong></span> <span class='ocrx_word' id='word_1_798' title='bbox 1383 5605 1634 5676; x_wconf 80' lang='grc' dir='ltr'>σιδηρῶν,</span> <span class='ocrx_word' id='word_1_799' title='bbox 1671 5623 1724 5658; x_wconf 92' lang='grc' dir='ltr'>κ.</span> <span class='ocrx_word' id='word_1_800' title='bbox 1757 5624 1806 5660; x_wconf 91' lang='grc' dir='ltr'>τ.</span> <span class='ocrx_word' id='word_1_801' title='bbox 1837 5605 1886 5658; x_wconf 91' lang='grc' dir='ltr'>λ.</span> <span class='ocrx_word' id='word_1_802' title='bbox 1919 5595 2044 5660; x_wconf 75' lang='lat' dir='ltr'><strong>Vid.</strong></span> 
     </span>
    </p>
   </div>
   <div class='ocr_carea' id='block_1_108' title="bbox 547 5737 2041 5820">
    <p class='ocr_par' dir='ltr' id='par_1_108' title="bbox 547 5737 2041 5820">
     <span class='ocr_line' id='line_1_109' title="bbox 547 5737 2041 5820; baseline 0.009 -31"><span class='ocrx_word' id='word_1_803' title='bbox 547 5739 660 5807; x_wconf 78' lang='grc'><strong>(60)</strong></span> <span class='ocrx_word' id='word_1_804' title='bbox 703 5737 852 5809; x_wconf 71' lang='lat' dir='ltr'><strong>Sazpc</strong></span> <span class='ocrx_word' id='word_1_805' title='bbox 878 5741 928 5794; x_wconf 87' lang='lat' dir='ltr'><strong>i&#39;n</strong></span> <span class='ocrx_word' id='word_1_806' title='bbox 963 5741 1230 5816; x_wconf 72' lang='lat' dir='ltr'><strong>Hippolyti</strong></span> <span class='ocrx_word' id='word_1_807' title='bbox 1262 5745 1477 5816; x_wconf 86' lang='lat' dir='ltr'><strong>scriptis</strong></span> <span class='ocrx_word' id='word_1_808' title='bbox 1503 5748 1739 5803; x_wconf 89' lang='lat' dir='ltr'><strong>occurrit</strong></span> <span class='ocrx_word' id='word_1_809' title='bbox 1765 5749 2041 5820; x_wconf 82' lang='grc' dir='ltr'>άγαπητέ,</span> 
     </span>
    </p>
   </div>
   <div class='ocr_carea' id='block_1_109' title="bbox 2153 4839 3378 4912">
    <p class='ocr_par' dir='ltr' id='par_1_109' title="bbox 2153 4839 3378 4912">
     <span class='ocr_line' id='line_1_110' title="bbox 2153 4839 3378 4912; baseline 0 -20"><span class='ocrx_word' id='word_1_810' title='bbox 2153 4839 2468 4910; x_wconf 79' lang='grc' dir='ltr'>ἐρχόμενος,</span> <span class='ocrx_word' id='word_1_811' title='bbox 2504 4840 2598 4892; x_wconf 79' lang='grc' dir='ltr'>καὶ</span> <span class='ocrx_word' id='word_1_812' title='bbox 2619 4839 2698 4910; x_wconf 83' lang='grc' dir='ltr'>τῷ</span> <span class='ocrx_word' id='word_1_813' title='bbox 2721 4841 2908 4911; x_wconf 83' lang='grc' dir='ltr'>κόσμῳ</span> <span class='ocrx_word' id='word_1_814' title='bbox 2929 4841 3108 4912; x_wconf 83' lang='grc' dir='ltr'>κρίσιν</span> <span class='ocrx_word' id='word_1_815' title='bbox 3137 4841 3378 4908; x_wconf 80' lang='grc' dir='ltr'>ἐπάγων.</span> 
     </span>
    </p>
   </div>
   <div class='ocr_carea' id='block_1_110' title="bbox 2223 4929 3700 5004">
    <p class='ocr_par' dir='ltr' id='par_1_110' title="bbox 2223 4929 3700 5004">
     <span class='ocr_line' id='line_1_111' title="bbox 2223 4929 3700 5004; baseline 0.001 -20"><span class='ocrx_word' id='word_1_816' title='bbox 2223 4930 2312 4984; x_wconf 79' lang='lat' dir='ltr'><strong>lV.</strong></span> <span class='ocrx_word' id='word_1_817' title='bbox 2358 4933 2472 4984; x_wconf 85' lang='grc' dir='ltr'>Ἵνα</span> <span class='ocrx_word' id='word_1_818' title='bbox 2501 4933 2556 4984; x_wconf 79' lang='grc' dir='ltr'><strong>δὲ</strong></span> <span class='ocrx_word' id='word_1_819' title='bbox 2587 4932 2778 5003; x_wconf 77' lang='grc' dir='ltr'>μηδ’ὲν</span> <span class='ocrx_word' id='word_1_820' title='bbox 2797 4933 2968 5004; x_wconf 83' lang='grc' dir='ltr'>τούτῳ</span> <span class='ocrx_word' id='word_1_821' title='bbox 2991 4934 3372 4987; x_wconf 86' lang='grc' dir='ltr'>ἀναπόδεικτον</span> <span class='ocrx_word' id='word_1_822' title='bbox 3397 4929 3700 4996; x_wconf 61' lang='grc' dir='ltr'>καταλείψω·</span> 
     </span>
    </p>
   </div>
   <div class='ocr_carea' id='block_1_111' title="bbox 2155 5041 3702 5117">
    <p class='ocr_par' dir='ltr' id='par_1_111' title="bbox 2155 5041 3702 5117">
     <span class='ocr_line' id='line_1_112' title="bbox 2155 5041 3702 5117; baseline -0.005 -17"><span class='ocrx_word' id='word_1_823' title='bbox 2155 5049 2242 5100; x_wconf 76' lang='lat' dir='ltr'><strong>vel</strong></span> <span class='ocrx_word' id='word_1_824' title='bbox 2275 5047 2568 5117; x_wconf 83' lang='grc' dir='ltr'>ἀγαπητοί,</span> <span class='ocrx_word' id='word_1_825' title='bbox 2595 5047 2892 5116; x_wconf 88' lang='lat' dir='ltr'><strong>aliquando</strong></span> <span class='ocrx_word' id='word_1_826' title='bbox 2919 5049 3079 5102; x_wconf 89' lang='lat' dir='ltr'><strong>etiam</strong></span> <span class='ocrx_word' id='word_1_827' title='bbox 3119 5049 3171 5102; x_wconf 92' lang='lat' dir='ltr'><strong>in</strong></span> <span class='ocrx_word' id='word_1_828' title='bbox 3205 5047 3563 5117; x_wconf 89' lang='lat' dir='ltr'><strong>supposititiis</strong></span> <span class='ocrx_word' id='word_1_829' title='bbox 3587 5041 3702 5112; x_wconf 71' lang='grc' dir='ltr'>φιλό-</span> 
     </span>
    </p>
   </div>
   <div class='ocr_carea' id='block_1_112' title="bbox 2151 5116 3700 5189">
    <p class='ocr_par' dir='ltr' id='par_1_112' title="bbox 2151 5116 3700 5189">
     <span class='ocr_line' id='line_1_113' title="bbox 2151 5116 3700 5189; baseline -0.005 -19"><span class='ocrx_word' id='word_1_830' title='bbox 2151 5133 2378 5189; x_wconf 77' lang='grc' dir='ltr'>χριστοι.</span> <span class='ocrx_word' id='word_1_831' title='bbox 2407 5116 2644 5186; x_wconf 86' lang='lat' dir='ltr'><strong>Apparet</strong></span> <span class='ocrx_word' id='word_1_832' title='bbox 2675 5131 2854 5172; x_wconf 88' lang='lat' dir='ltr'><strong>autem</strong></span> <span class='ocrx_word' id='word_1_833' title='bbox 2895 5131 3143 5173; x_wconf 90' lang='lat' dir='ltr'><strong>nostrum</strong></span> <span class='ocrx_word' id='word_1_834' title='bbox 3184 5116 3626 5189; x_wconf 75' lang='lat' dir='ltr'><strong>commentarium</strong></span> <span class='ocrx_word' id='word_1_835' title='bbox 3645 5126 3700 5165; x_wconf 78' lang='lat' dir='ltr'><strong>ex</strong></span> 
     </span>
    </p>
   </div>
   <div class='ocr_carea' id='block_1_113' title="bbox 2155 5187 3608 5249">
    <p class='ocr_par' dir='ltr' id='par_1_113' title="bbox 2155 5187 3608 5249">
     <span class='ocr_line' id='line_1_114' title="bbox 2155 5187 3608 5249; baseline -0.004 -7"><span class='ocrx_word' id='word_1_836' title='bbox 2155 5187 2392 5242; x_wconf 75' lang='lat' dir='ltr'><strong>hbmiliis</strong></span> <span class='ocrx_word' id='word_1_837' title='bbox 2421 5197 2694 5249; x_wconf 79' lang='lat' dir='ltr'><strong>constare,</strong></span> <span class='ocrx_word' id='word_1_838' title='bbox 2739 5189 2936 5243; x_wconf 89' lang='lat' dir='ltr'><strong>habitis</strong></span> <span class='ocrx_word' id='word_1_839' title='bbox 2968 5190 3020 5242; x_wconf 92' lang='lat' dir='ltr'><strong>in</strong></span> <span class='ocrx_word' id='word_1_840' title='bbox 3049 5200 3318 5243; x_wconf 86' lang='lat' dir='ltr'><strong>conventu</strong></span> <span class='ocrx_word' id='word_1_841' title='bbox 3357 5187 3608 5241; x_wconf 82' lang='lat' dir='ltr'><strong>ﬁdelium.</strong></span> 
     </span>
    </p>
   </div>
   <div class='ocr_carea' id='block_1_114' title="bbox 2223 5251 3698 5328">
    <p class='ocr_par' dir='ltr' id='par_1_114' title="bbox 2223 5251 3698 5328">
     <span class='ocr_line' id='line_1_115' title="bbox 2223 5251 3698 5328; baseline -0.002 -18"><span class='ocrx_word' id='word_1_842' title='bbox 2223 5258 2347 5328; x_wconf 73' lang='grc'><strong>(61)</strong></span> <span class='ocrx_word' id='word_1_843' title='bbox 2377 5255 2433 5309; x_wconf 90' lang='lat' dir='ltr'><strong>In</strong></span> <span class='ocrx_word' id='word_1_844' title='bbox 2475 5258 2566 5309; x_wconf 90' lang='lat' dir='ltr'><strong>lib.</strong></span> <span class='ocrx_word' id='word_1_845' title='bbox 2606 5257 2677 5310; x_wconf 89' lang='lat' dir='ltr'><strong>De</strong></span> <span class='ocrx_word' id='word_1_846' title='bbox 2709 5259 3040 5322; x_wconf 60' lang='lat' dir='ltr'><strong>Antichrist,</strong></span> <span class='ocrx_word' id='word_1_847' title='bbox 3071 5259 3161 5324; x_wconf 75' lang='grc'><strong>26,</strong></span> <span class='ocrx_word' id='word_1_848' title='bbox 3208 5261 3326 5328; x_wconf 82' lang='grc' dir='ltr'>μετ’</span> <span class='ocrx_word' id='word_1_849' title='bbox 3351 5259 3552 5328; x_wconf 47' lang='grc' dir='ltr'>ὀλίγον,</span> <span class='ocrx_word' id='word_1_850' title='bbox 3585 5251 3698 5328; x_wconf 70' lang='lat' dir='ltr'><strong>ibid.</strong></span> 
     </span>
    </p>
   </div>
   <div class='ocr_carea' id='block_1_115' title="bbox 2152 5323 3698 5398">
    <p class='ocr_par' dir='ltr' id='par_1_115' title="bbox 2152 5323 3698 5398">
     <span class='ocr_line' id='line_1_116' title="bbox 2152 5323 3698 5398; baseline -0.007 -15"><span class='ocrx_word' id='word_1_851' title='bbox 2152 5323 2288 5383; x_wconf 80' lang='lat' dir='ltr'><strong>sect.</strong></span> <span class='ocrx_word' id='word_1_852' title='bbox 2319 5323 2371 5392; x_wconf 77' lang='grc'>5,</span> <span class='ocrx_word' id='word_1_853' title='bbox 2409 5328 2595 5398; x_wconf 67' lang='grc' dir='ltr'>επειδὴ</span> <span class='ocrx_word' id='word_1_854' title='bbox 2623 5329 2810 5398; x_wconf 85' lang='grc' dir='ltr'>καιρὸς</span> <span class='ocrx_word' id='word_1_855' title='bbox 2843 5329 3027 5382; x_wconf 83' lang='grc' dir='ltr'>λοιπὸν</span> <span class='ocrx_word' id='word_1_856' title='bbox 3075 5323 3294 5388; x_wconf 73' lang='grc' dir='ltr'>ἀπαιτεῖ</span> <span class='ocrx_word' id='word_1_857' title='bbox 3325 5347 3339 5382; x_wconf 85' lang='lat'><strong>:</strong></span> <span class='ocrx_word' id='word_1_858' title='bbox 3367 5323 3698 5394; x_wconf 78' lang='lat' dir='ltr'><strong>Tanaquillus</strong></span> 
     </span>
    </p>
   </div>
   <div class='ocr_carea' id='block_1_116' title="bbox 2149 5397 3698 5469">
    <p class='ocr_par' dir='ltr' id='par_1_116' title="bbox 2149 5397 3698 5469">
     <span class='ocr_line' id='line_1_117' title="bbox 2149 5397 3698 5469; baseline -0.002 -19"><span class='ocrx_word' id='word_1_859' title='bbox 2149 5398 2325 5469; x_wconf 78' lang='lat' dir='ltr'><strong>Faber</strong></span> <span class='ocrx_word' id='word_1_860' title='bbox 2347 5414 2365 5469; x_wconf 64' lang='grc' dir='ltr'><strong><em>ς</em></strong></span> <span class='ocrx_word' id='word_1_861' title='bbox 2385 5397 2596 5469; x_wconf 71' lang='lat' dir='ltr'><strong>Cuivis,</strong></span> <span class='ocrx_word' id='word_1_862' title='bbox 2625 5397 2818 5466; x_wconf 90' lang='lat' dir='ltr'><strong>inquit,</strong></span> <span class='ocrx_word' id='word_1_863' title='bbox 2841 5408 3090 5468; x_wconf 85' lang='lat' dir='ltr'><strong>appareat</strong></span> <span class='ocrx_word' id='word_1_864' title='bbox 3119 5416 3212 5469; x_wconf 89' lang='lat' dir='ltr'><strong>pro</strong></span> <span class='ocrx_word' id='word_1_865' title='bbox 3236 5399 3419 5452; x_wconf 84' lang='grc' dir='ltr'>λοιπόν</span> <span class='ocrx_word' id='word_1_866' title='bbox 3440 5398 3539 5466; x_wconf 81' lang='lat' dir='ltr'><strong>legi</strong></span> <span class='ocrx_word' id='word_1_867' title='bbox 3563 5407 3698 5462; x_wconf 82' lang='lat' dir='ltr'><strong>opor-</strong></span> 
     </span>
    </p>
   </div>
   <div class='ocr_carea' id='block_1_117' title="bbox 2146 5467 3698 5590">
    <p class='ocr_par' dir='ltr' id='par_1_117' title="bbox 2146 5467 3698 5590">
     <span class='ocr_line' id='line_1_118' title="bbox 2146 5467 3698 5590; baseline -0.003 -70"><span class='ocrx_word' id='word_1_868' title='bbox 2146 5476 2252 5590; x_wconf 49' lang='grc' dir='ltr'><strong>ἔργα</strong></span> <span class='ocrx_word' id='word_1_869' title='bbox 2277 5467 2461 5534; x_wconf 82' lang='grc' dir='ltr'>οὐδέν;</span> <span class='ocrx_word' id='word_1_870' title='bbox 2495 5469 2624 5538; x_wconf 89' lang='lat' dir='ltr'><strong>quin</strong></span> <span class='ocrx_word' id='word_1_871' title='bbox 2659 5472 2820 5522; x_wconf 89' lang='lat' dir='ltr'><strong>etiam</strong></span> <span class='ocrx_word' id='word_1_872' title='bbox 2861 5467 3081 5540; x_wconf 81' lang='lat' dir='ltr'><strong>apparet</strong></span> <span class='ocrx_word' id='word_1_873' title='bbox 3108 5467 3244 5524; x_wconf 82' lang='lat' dir='ltr'><strong>nihil</strong></span> <span class='ocrx_word' id='word_1_874' title='bbox 3273 5485 3395 5525; x_wconf 89' lang='lat' dir='ltr'><strong>esse</strong></span> <span class='ocrx_word' id='word_1_875' title='bbox 3425 5471 3698 5522; x_wconf 80' lang='lat' dir='ltr'><strong>immutan—</strong></span> 
     </span>
     <span class='ocr_line' id='line_1_119' title="bbox 2185 5553 2298 5590; baseline 0 0"><span class='ocrx_word' id='word_1_876' title='bbox 2185 5553 2298 5590; x_wconf 91' lang='lat' dir='ltr'><strong>um.</strong></span> 
     </span>
    </p>
   </div>
   <div class='ocr_carea' id='block_1_118' title="bbox 2185 5553 2298 5593">
    <p class='ocr_par' dir='ltr' id='par_1_118' title="bbox 2185 5553 2298 5593">
     <span class='ocr_line' id='line_1_120' title="bbox 2185 5553 2298 5593; baseline 0.018 -2"><span class='ocrx_word' id='word_1_877' title='bbox 2185 5553 2298 5593; x_wconf 91' lang='lat' dir='ltr'><strong>um.</strong></span> 
     </span>
    </p>
   </div>
   <div class='ocr_carea' id='block_1_119' title="bbox 2219 5601 3695 5681">
    <p class='ocr_par' dir='ltr' id='par_1_119' title="bbox 2219 5601 3695 5681">
     <span class='ocr_line' id='line_1_121' title="bbox 2219 5601 3695 5681; baseline -0.004 -20"><span class='ocrx_word' id='word_1_878' title='bbox 2219 5608 2328 5681; x_wconf 74' lang='lat'><strong>(62)</strong></span> <span class='ocrx_word' id='word_1_879' title='bbox 2370 5607 2599 5681; x_wconf 8' lang='lat' dir='ltr'><strong>Gud‘ius,</strong></span> <span class='ocrx_word' id='word_1_880' title='bbox 2624 5607 2726 5681; x_wconf 74' lang='grc' dir='ltr'>τοῦ</span> <span class='ocrx_word' id='word_1_881' title='bbox 2745 5606 3148 5681; x_wconf 82' lang='grc' dir='ltr'>Θυσιαστηρίου.</span> <span class='ocrx_word' id='word_1_882' title='bbox 3174 5609 3554 5681; x_wconf 83' lang='lat' dir='ltr'><strong>Combeﬁsius,</strong></span> <span class='ocrx_word' id='word_1_883' title='bbox 3573 5601 3695 5681; x_wconf 70' lang='lat' dir='ltr'><strong>[tanti</strong></span> 
     </span>
    </p>
   </div>
   <div class='ocr_carea' id='block_1_120' title="bbox 2144 5675 3692 5752">
    <p class='ocr_par' dir='ltr' id='par_1_120' title="bbox 2144 5675 3692 5752">
     <span class='ocr_line' id='line_1_122' title="bbox 2144 5675 3692 5752; baseline 0 -22"><span class='ocrx_word' id='word_1_884' title='bbox 2144 5675 2457 5752; x_wconf 72' lang='lat' dir='ltr'><strong>paenitendo,</strong></span> <span class='ocrx_word' id='word_1_885' title='bbox 2477 5679 2680 5752; x_wconf 73' lang='lat' dir='ltr'><strong>inquit,</strong></span> <span class='ocrx_word' id='word_1_886' title='bbox 2703 5689 2894 5731; x_wconf 87' lang='lat' dir='ltr'><strong>conatu</strong></span> <span class='ocrx_word' id='word_1_887' title='bbox 2917 5675 3183 5736; x_wconf 66' lang='lat' dir='ltr'><strong>emcndavi</strong></span> <span class='ocrx_word' id='word_1_888' title='bbox 3213 5681 3303 5734; x_wconf 79' lang='grc' dir='ltr'><strong>τοῦ</strong></span> <span class='ocrx_word' id='word_1_889' title='bbox 3333 5679 3586 5752; x_wconf 79' lang='grc' dir='ltr'>τετάρτου</span> <span class='ocrx_word' id='word_1_890' title='bbox 3609 5675 3692 5742; x_wconf 72' lang='lat' dir='ltr'><strong>0r,-</strong></span> 
     </span>
    </p>
   </div>
   <div class='ocr_carea' id='block_1_121' title="bbox 2146 5749 3024 5820">
    <p class='ocr_par' dir='ltr' id='par_1_121' title="bbox 2146 5749 3024 5820">
     <span class='ocr_line' id='line_1_123' title="bbox 2146 5749 3024 5820; baseline 0.003 -19"><span class='ocrx_word' id='word_1_891' title='bbox 2146 5750 2263 5820; x_wconf 82' lang='grc' dir='ltr'>ρίου</span> <span class='ocrx_word' id='word_1_892' title='bbox 2299 5769 2311 5803; x_wconf 93' lang='lat'><strong>:</strong></span> <span class='ocrx_word' id='word_1_893' title='bbox 2343 5749 2486 5820; x_wconf 85' lang='lat' dir='ltr'><strong>quod</strong></span> <span class='ocrx_word' id='word_1_894' title='bbox 2517 5763 2680 5818; x_wconf 88' lang='lat' dir='ltr'><strong>prope</strong></span> <span class='ocrx_word' id='word_1_895' title='bbox 2707 5765 2892 5804; x_wconf 83' lang='lat' dir='ltr'><strong>verum</strong></span> <span class='ocrx_word' id='word_1_896' title='bbox 2925 5762 3024 5806; x_wconf 85' lang='lat' dir='ltr'><strong>est.</strong></span> 
     </span>
    </p>
   </div>
  </div>
