3836 6508
490 331 588 387 047

1366 335 1421 390 s.
1459 331 1820 389 HIPI‘OLYTI
1855 331 2004 387 oer.
2039 315 2218 384 rans
2256 327 2297 380 ι.
2345 357 2417 366 -
2439 324 2849 383 EXEGETICA.
3601 329 3683 382 sn

560 445 647 502 Vl.
689 447 809 513 Quo
853 459 1094 517 tempore
1120 447 1414 503 adveniens
1449 449 1698 504 Salvator
1728 465 1790 501 ex
1829 446 2039 517 Virgine

2223 441 2314 496 Vl.
2368 443 2453 495 Ἐν
2485 435 2530 509 ᾧ
2561 442 2737 513 χρόνῳ
2764 440 2952 512 παρὼν
2985 444 3013 494 ό
3050 441 3239 512 Σωτὴρ
3284 443 3348 493 ὲκ
3394 439 3488 509 τῆς
3513 441 3664 512 Παρθέ

487 537 659 608 (arca
707 553 844 592 auro
885 539 1090 593 mundo
1123 539 1402 605 deaurata,
1435 540 1580 593 intus
1613 539 1829 608 quidem
1857 537 2054 600 Verbo,

487 627 625 681 foris
654 643 784 681 vero
815 626 1017 696 Spiritu
1047 631 1256 698 sancto)
1284 645 1441 684 suum
1474 645 1671 699 corpus
1703 629 1904 682 mundo
1933 642 2057 697 pro-

487 718 646 784 tulit;
675 718 808 772 adeo
858 728 914 772 ut
941 721 1140 773 veritas
1176 720 1541 774 demonstrata
1591 723 1679 786 sit,
1717 729 1772 774 et
1827 718 2055 773 manife-

486 819 627 864 stata
660 811 879 865 arca.’A
913 813 1259 882 generatione
1282 813 1445 880 igitur
1473 812 1672 867 Christi
1704 812 2053 881 computandi

485 912 614 956 sunt
667 903 862 972 reliqui
911 905 1188 974 quingenti
1231 905 1380 968 anni,
1409 914 1467 958 ut
1499 921 1592 958 sex
1624 905 1850 958 millium
1883 918 2055 957 anno-

489 1011 604 1048 rum
655 1011 914 1050 numerus
961 996 1339 1065 adimpleatur,
1367 1007 1420 1050 ct
1469 997 1541 1050 ita
1593 996 1696 1050 erit
1727 995 1869 1048 linis.
1899 993 2053 1060 Quod

483 1099 612 1140 vero
641 1086 832 1154 quinto
862 1096 914 1140 et
941 1087 1166 1142 dimidio
1197 1097 1437 1158 tempore
1461 1087 1692 1142 adfuerit
1719 1087 1966 1143 Salvator
1998 1088 2051 1140 in

485 1177 708 1240 mundo,
766 1176 944 1232 ferens
990 1179 1356 1248 incorruptam
1409 1195 1611 1243 arcam,
1639 1197 1796 1235 suum
1849 1181 2054 1234 scilicet

481 1285 703 1338 corpus,
729 1270 858 1324 dicit
889 1268 1124 1323 Joannes
1158 1289 1171 1324 :
1202 1271 1331 1324 Erat
1354 1283 1528 1326 autem
1566 1272 1696 1325 liora
1731 1283 1877 1325 sexta
1896 1273 1962 1333 ⁸⁵,
1993 1280 2054 1325 ιιι

480 1359 765 1414 dimidium
808 1362 912 1416 diei
943 1363 1270 1427 ostenderet,
1301 1364 1411 1416 dies
1444 1372 1619 1416 autem
1661 1363 1873 1416 Domini
1910 1363 2052 1417 mille

481 1453 628 1513 anni,
661 1452 854 1506 horum
888 1453 1049 1522 igitur
1066 1453 1349 1506 dimidium
1383 1464 1508 1508 sunt
1530 1454 1829 1524 quingenti.
1865 1453 2050 1522 Neque

478 1544 624 1596 enim
649 1544 978 1598 conveniens
997 1554 1112 1598 erat
1144 1555 1202 1597 ut
1235 1545 1348 1613 ipse
1374 1546 1535 1600 citius
1560 1547 1854 1611 adveniret,
1874 1546 2050 1600 adhuc

477 1637 625 1690 enim
681 1639 892 1706 pondus
945 1637 1077 1706 legis
1125 1637 1374 1703 durabat,
1407 1647 1556 1692 sexta
1609 1654 1714 1692 non
1761 1639 2048 1707 adimpleta

481 1726 797 1795 (innovatur
829 1726 972 1780 enim
1009 1725 1320 1796 baptisma),
1337 1726 1426 1780 sed
1447 1726 1629 1795 quinta
1652 1734 1705 1779 et
1729 1725 1970 1788 dimidia,
1989 1733 2049 1778 ut

2156 553 2247 588 νου
2276 533 2384 601 τῆς
2417 535 2665 587 κιϐωτοῦ
2688 550 2701 563 ·
2732 534 2790 587 τὸ
2824 533 2952 586 ἴδιον
2984 534 3142 604 σῶμα
3184 533 3261 603 τῷ
3298 534 3487 603 κόσμῳ
3518 538 3686 606 προσή.

2155 644 2344 695 νεγκεν
2381 627 2512 697 (ϐὅγ
2562 626 2768 698 χρυσίῳ
2812 625 3033 696 καθαρῴ
3066 626 3485 696 κεχρυσωμένης
3514 625 3686 678 ἔνδοθεν

2159 721 2258 790 μὲν
2313 719 2390 790 τῷ
2424 721 2602 788 Λόγῳ,
2632 717 2826 785 ἔξωθεν
2871 718 2926 771 δὲ
2976 717 3053 789 τῷ
3106 717 3380 788 Πνεὺματι
3430 717 3503 788 τῷ
3545 719 3682 788 ἁγίῳ·

2152 808 2293 862 ὥστε
2335 809 2706 862 ἀποδέδεικται
2758 809 2790 878 ἡ
2840 807 3087 878 ἀλήθεια,
3120 807 3214 860 καὶ
3265 807 3620 878 πεφανέρωται
3657 808 3686 874 ὴ

2155 901 2413 965 κιϐωτός.
2445 899 2576 952 Ἀπὸ
2623 899 2882 967 γενέσεως
2935 895 3026 951 οἷν
3075 898 3309 970 Χριστοῦ
3349 897 3430 950 δεῖ
3473 897 3686 968 ψηφίζειν

2155 992 2480 1045 πεντακόσια
2533 991 2627 1062 ἔτη
2677 991 2745 1044 τὰ
2793 991 3042 1043 ἐπίλοιπα
3087 993 3165 1053 είς
3200 990 3578 1059 συμπλήρωσιν
3602 989 3686 1041 τῶν

2156 1083 2532 1154 ἑξακισχιλίων
2558 1083 2716 1145 ἐτῶν,
2753 1083 2844 1136 καὶ
2868 1082 3038 1145 οὕτως
3071 1081 3222 1134 ἔσται
3254 1082 3313 1135 τὸ
3347 1080 3524 1143 τέλος·
3554 1081 3622 1132 ὅτι
3643 1080 3686 1132 δὲ

2153 1177 2385 1246 πέμπτῳ
2431 1176 2524 1228 καὶ
2575 1175 2760 1245 ἡμίσει
2808 1173 2984 1245 καιρῴ
3019 1174 3202 1244 παρῆν
3245 1175 3274 1227 ὁ
3317 1172 3504 1243 Σωτὴρ
3543 1173 3593 1225 ἐν
3628 1170 3686 1240 τῷ

2151 1269 2357 1338 κόσμῳ,
2390 1267 2568 1339 φέρων
2607 1265 2702 1337 τὴν
2733 1266 2976 1337 ἄσηπτον
3009 1265 3258 1328 κιϐωτὸν,
3289 1264 3348 1319 τὸ
3378 1265 3506 1318 [διον
3537 1264 3683 1334 σῶμα,

2150 1361 2295 1429 λέγει
2335 1363 2363 1413 ὁ
2400 1360 2676 1430 Ἰωάννηςο
2713 1355 2832 1412 Ἦν
2856 1357 2924 1410 δὲ
2953 1357 3072 1426 ὥρα
3095 1357 3267 1423 ἕκτηο
3303 1357 3388 1409 ἵνα
3417 1357 3577 1426 ἥμισυ
3610 1355 3687 1423 τῆς

2151 1453 2357 1524 ἡμέρας
2387 1451 2655 1522 ἐπιδείξῃ·
2689 1449 2879 1519 ἡμέρα
2903 1448 2970 1501 δὲ
2993 1449 3212 1517 Κυρίου
3247 1449 3412 1516 χίλια
3441 1447 3542 1513 ἐτη
3561 1464 3574 1475 '
3599 1445 3688 1499 τού-

2149 1562 2254 1597 των
2296 1539 2388 1596 οὖν
2434 1543 2492 1596 τὸ
2519 1543 2714 1613 ἥμισυ,
2747 1542 2955 1609 γίνεται
2988 1539 3334 1593 πεντακόσια.
3369 1539 3444 1591 Οὐ
3473 1537 3571 1608 γὰρ
3599 1539 3686 1589 ἐνε-

2147 1637 2330 1706 δέχετο
2376 1636 2536 1688 αὑτὸν
2583 1635 2766 1706 τάχιον
2796 1635 3066 1704 παρεῖναι,
3095 1632 3174 1686 ἔτι
3216 1631 3323 1702 γὰρ
3369 1631 3531 1702 βάρος
3557 1629 3687 1699 νόμου

2145 1723 2232 1798 ἦν,
2284 1727 2402 1780 οὐδὲ
2454 1727 2616 1796 ἕκτης
2663 1723 3096 1795 πεπληρωμένης
3153 1722 3454 1793 (καινοῦται
3507 1722 3602 1791 γὰρ
3642 1721 3688 1772 τὸ

478 1813 536 1866 in
585 1815 792 1884 reliquo
837 1814 1064 1869 dimidio
1105 1825 1344 1884 tempore
1374 1815 1722 1886 Evangelium
1751 1815 1805 1870 in
1831 1831 2039 1870 omnem

2147 1818 2410 1891 λουτρὸν),
2441 1817 2573 1871 ἀλλὰ
2599 1817 2851 1888 πέμπτης
2877 1817 2970 1869 καὶ
2998 1815 3268 1887 ἡμισείας,
3289 1815 3374 1868 ἵνα
3406 1816 3468 1870 ἐν
3499 1813 3568 1883 τῷ
3597 1815 3690 1866 Em-

476 1903 661 1956 orbem
710 1915 975 1958 terrarum
1011 1907 1414 1975 praedicaretur,
1459 1916 1514 1962 et
1558 1907 1844 1978 adimpleta
1897 1916 2046 1962 sexta

475 1992 565 2046 die
598 2009 836 2062 przesens
867 1995 975 2049 vita
1005 2005 1266 2053 cessaret.

547 2169 657 2223 Vll.
699 2170 966 2238 Quoniam
995 2189 1124 2228 vero
1155 2173 1333 2230 Persae
1367 2175 1620 2230 trecentis
1644 2175 1861 2245 triginta
1888 2178 2047 2231 annis

475 2278 701 2333 regnum
740 2274 1055 2332 tenuerunt,
1084 2275 1138 2320 et
1171 2275 1291 2337 post
1334 2281 1426 2321 eos
1474 2266 1540 2320 ad
1579 2276 1847 2322 trecentos
1873 2282 2047 2322 annos

473 2353 647 2408 Graeci
700 2355 802 2424 ipsi
854 2356 1178 2411 celebriores
1229 2355 1489 2421 fuerunt,
1538 2373 1760 2412 necesse
1807 2367 1931 2422 est,
1986 2367 2046 2413 ut

472 2453 667 2512 quarta
724 2445 917 2513 bestia,
946 2455 1205 2514 tanquam
1254 2446 1445 2501 fortior
1470 2456 1523 2502 et
1553 2448 1726 2518 major
1776 2448 2019 2502 omnium

473 2552 594 2603 quae
632 2546 757 2591 ante
787 2537 957 2606 ipsam
985 2538 1153 2601 fuere,
1177 2540 1491 2609 quingentis
1531 2549 1815 2608 regnatura
1846 2539 1916 2595 sit
1947 2555 2046 2594 an-

473 2630 580 2683 nis.
611 2628 967 2699 Temporibus
995 2647 1122 2686 vero
1155 2632 1479 2702 adimpletis,
1508 2642 1561 2687 ct
1580 2637 1764 2688 decem
1785 2633 2043 2690 cornibus

475 2725 765 2790 postremis
795 2740 860 2778 ex
892 2725 1007 2794 ipsa
1032 2725 1250 2796 (bestia)
1277 2727 1502 2792 exortis,
1533 2727 1811 2796 apparebit
1832 2727 1886 2782 in
1908 2728 2042 2797 ipsis

471 2813 864 2870 Antichristus.
895 2814 1008 2870 Hoc
1041 2825 1219 2871 autem
1259 2817 1478 2880 bellum,
1517 2827 1571 2872 et
1612 2819 2038 2888 persecutionem

473 2908 736 2964 adversus
781 2919 998 2965 sanctos
1044 2909 1294 2973 faciente,
1322 2918 1450 2965 tunc
1488 2919 1698 2980 oportet
1725 2909 2040 2966 manifesta-

474 3000 675 3055 tionem
709 3000 927 3056 Domini
956 3002 1022 3056 de
1056 3001 1212 3057 caelis
1246 3010 1581 3071 exspectare.

543 3182 686 3238 Vill.
732 3182 1024 3255 Postquam
1058 3184 1319 3254 preplieta
1355 3184 1631 3240 veritatem
1674 3199 1884 3248 eorum,
1918 3201 2040 3255 quae

469 3285 698 3329 ventura
725 3285 926 3338 essent,
953 3291 1054 3331 nos
1095 3285 1346 3330 accurate
1386 3275 1665 3341 docuerat,
1696 3293 1726 3330 a
1758 3278 2038 3348 proposito

470 3364 761 3428 desistens,
787 3366 854 3419 ad
887 3365 1174 3422 Persarum
1203 3365 1621 3437 Graecorumque
1642 3368 1928 3437 imperium
1955 3385 2040 3422 re-

471 3455 627 3519 divit,
654 3456 816 3508 aliam
845 3455 1002 3508 nobis
1037 3469 1299 3509 enarrans
1323 3454 1607 3518 visionem,
1642 3469 1763 3524 qua:
1793 3453 1953 3517 facta,
1987 3463 2041 3509 et

473 3547 588 3601 suis
622 3547 1022 3615 adimpletatest
1053 3547 1409 3616 temporibus,
1445 3555 1504 3600 ut
1532 3562 1654 3601 cum
1688 3547 1740 3601 in
1773 3548 1876 3601 hoc
1905 3547 2037 3603 tide-

465 3639 545 3692 les
575 3655 676 3694 nos
702 3641 1093 3706 constituisset,
1113 3643 1274 3694 etiam
1301 3641 1355 3693 in
1376 3641 1479 3702 eis,
1508 3655 1629 3706 qua:
1657 3639 1835 3695 futura
1860 3651 2035 3704 erant,

466 3730 736 3784 tideliores
770 3729 878 3784 Deo
904 3731 1160 3785 exhibere
1192 3738 1394 3799 posset.
1417 3727 1549 3796 Quae
1580 3729 1744 3800 igitur
1785 3731 1838 3784 in
1866 3731 2038 3800 prima

465 3819 679 3874 visione
711 3829 1081 3883 enarraverat,
1116 3820 1229 3874 haec
1255 3835 1448 3874 rursus
1479 3836 1507 3873 a
1544 3820 1717 3889 capite
1747 3820 1938 3875 retexit
1965 3823 2032 3875 ad

464 3913 703 3967 tidelium
739 3912 1184 3976 aediﬁcationem;
1225 3912 1440 3965 arietem
1467 3911 1612 3966 enim
1647 3925 1816 3966 cornu
1849 3920 2035 3981 peten-

465 4015 572 4058 tem
626 4014 813 4058 contra
863 4019 1034 4068 mare,
1063 4003 1369 4074 aquilonem
1405 4011 1460 4059 et
1495 4013 1762 4067 austrum,
1812 4003 2032 4058 Darium

464 4095 753 4152 Persarum
813 4113 993 4167 regem
1042 4097 1322 4161 intellexit,
1355 4096 1450 4166 qui
1497 4111 1687 4152 omnes
1737 4109 1922 4167 gentes
1979 4097 2031 4151 in

464 4204 618 4242 suam
652 4188 858 4259 redegit
889 4197 1244 4258 potestatem;
1279 4189 1360 4242 ha:
1401 4191 1561 4254 enim,
1607 4189 1803 4258 inquit,
1855 4189 2034 4244 bestia:

465 4296 568 4332 non
597 4280 806 4332 stabunt
838 4295 1017 4332 coram
1053 4295 1131 4332 eo.
1172 4278 1393 4332 Hircum
1416 4294 1545 4334 vero
1572 4295 1853 4348 caprarum
1885 4295 1915 4334 a
1945 4279 2034 4333 Li-

466 4379 582 4442 byae
603 4379 762 4425 vento
784 4372 1113 4436 venientem,
1137 4370 1503 4426 Alexandrum
1528 4371 1872 4426 Macedonem
1894 4372 2035 4428 Grae-

464 4477 654 4516 corum
697 4476 878 4531 regem
923 4461 1087 4526 dicit;
1119 4461 1262 4530 quod
1294 4476 1423 4516 vero
1453 4459 1725 4533 (Hircus)
1753 4463 2029 4532 appropin-
2063 4500 2108 4553 ι)

461 4553 697 4622 quaverit
743 4553 812 4606 ad
853 4553 1026 4622 ipsum
1057 4553 1300 4618 arietem,
1334 4552 1682 4622 eﬁ'eratusque
1721 4555 2031 4622 percusserit

537 4692 583 4725 ⁸⁸
622 4690 783 4748 Joan.
812 4709 927 4757 nx,
965 4693 1052 4748 14.

539 4842 650 4914 (65)
693 4845 994 4922 Singularis
1041 4847 1313 4922 Hippolyti
1361 4864 1486 4922 erga
1531 4849 1811 4922 Deiparam
1860 4853 2030 4922 pietas

469 4923 710 4992 apparet,
735 4931 856 4992 qua:
904 4918 1252 4992 hgereditario‘
1283 4918 1522 4992 quodam
1554 4918 1677 4990 jure
1716 4923 1816 4992 ipsi
1846 4918 2026 4978 cessit.

467 4983 546 5035 Ex
595 4983 842 5065 apostolo
865 4988 1008 5040 enim
1040 4986 1248 5065 Joanne
1280 4983 1332 5043 in
1367 4983 1752 5065 Polyea'rpum:
1773 5009 1838 5047 ex
1868 4992 2030 5065 Poly-

468 5068 635 5124 carpo
662 5055 716 5107 in
753 5053 1036 5124 Irenaeum,
1071 5073 1136 5112 ex
1181 5061 1386 5132 Irenaeo
1415 5053 1840 5132 in'llip'polytnm
1870 5053 2029 5118 caete-

469 5139 666 5214 resque
712 5133 797 5206 est
854 5138 1166 5214 propagata.
1214 5128 1372 5184 Paria
1415 5128 1594 5214 autem
1641 5128 1708 5214 egi
1758 5133 2030 5214 Hippolyti

468 5197 683 5264 scriptis
717 5197 770 5247 in
802 5197 1070 5264 psalmum
1103 5215 1216 5253 χχιι
1247 5202 1482 5254 servavit
1509 5197 1880 5257 Theodorettis
1915 5197 2031 5258 dia-

469 5265 574 5334 log.
615 5265 662 5330 ι,
690 5281 749 5338 p.
785 5267 874 5332 56,
911 5277 1044 5321 tom.
1074 5269 1164 5322 IV.
1204 5268 1337 5323 Vide
1367 5287 1550 5338 supra.
1602 5271 1799 5326 Eadem
1854 5274 1966 5327 fere
2001 5289 2032 5328 e

467 5345 656 5389 sancto
689 5337 895 5390 11⁸6113Ξο
943 5339 1101 5392 habet
1149 5352 1369 5395 SﬂﬂClllS
1397 5337 1634 5396 Jbannes
1664 5341 2030 5398 Damascenus

467 5416 653 5460 contra
684 5405 976 5462 Jacobitas.

538 5475 648 5558 (liti)
693 5481 1004 5544 Τριακόσια
1039 5479 1367 5558 τριάκοντα.
1423 5481 1732 5558 Legendum
1773 5482 2030 5558 ⁸διακόσια

465 5551 774 5620 ⁴τριακοντοι,
805 5565 925 5617 qua:
957 5553 1269 5620 supputatio
1297 5561 1380 5605 est
1405 5551 1566 5606 etiam
1605 5551 1734 5606 Julii
1758 5553 2040 5620 Africani,

468 5614 527 5667 δή.
555 5614 1079 5690 Hippolytohcomvi.‘
1101 5619 1250 5674 Alter
1278 5636 1494 5690 quoque
1523 5637 1790 5676 annorum
1838 5614 2028 5678 nume;

467 5687 704 5764 rus,__q.ui
737 5688 801 5740 ad
835 5688 1050 5764 Gnaeos
1087 5687 1337 5764 pertinet,
1379 5687 1519 5764 idem
1545 5703 1628 5746 est
1657 5693 1710 5745 in
1739 5693 2027 5764 Hippolyto

467 5763 519 5805 et
545 5755 819 5822 Africano,
854 5759 899 5811 si
941 5755 1250 5829 Hieronymi
1280 5763 1581 5817 versionem
1610 5755 2026 5830 seqttaniur.1\it

2065 3138 2112 3201 C

2149 1912 2321 1982 λοίπῳ
2352 1911 2538 1982 ἡμίσει
2567 1910 2763 1982 χρόνῳ,
2799 1912 2878 1972 είς
2915 1909 3092 1962 πάντα
3117 1908 3206 1962 τὸν
3240 1908 3442 1978 κόσμον
3465 1906 3522 1961 τὸ
3545 1907 3692 1971 Εὐαγ-

2150 2003 2324 2072 γέλιον
2356 2000 2625 2072 κηρυχθῇ,
2654 2000 2748 2053 καὶ
2773 1998 3151 2069 πληρωθείσης
3182 1998 3281 2069 τῆς
3312 1999 3485 2070 ’ἐκτης
3515 1996 3689 2067 ἡμέρας

2147 2093 2330 2166 παύσῃ
2359 2092 2450 2145 τὸν
2475 2092 2568 2146 νῦν
2597 2091 2730 2162 βίον.

2217 2184 2330 2239 νιι.
2385 2183 2597 2255 Ἐπειδὴ
2622 2183 2732 2256 γὰρ
2761 2183 2811 2236 οἱ
2837 2181 3042 2254 Πέρσαι
3076 2180 3387 2253 ἐκράτησαν
3414 2176 3688 2250 βασιλεύον-

2145 2292 2235 2339 τες
2269 2274 2364 2346 ἐτη
2397 2274 2686 2345 τριακόσια
2711 2273 3006 2345 τριάκοντα
3032 2271 3163 2342 (66),
3201 2270 3293 2324 καὶ
3340 2268 3482 2340 μετὰ
3508 2268 3690 2328 τούτους

2144 2368 2192 2421 οἱ
2228 2366 2484 2438 ’Έλληνες
2527 2365 2682 2420 αὐτοὶ
2728 2364 3052 2436 ἐνδοξότεροι
3100 2363 3440 2434 ὑπάρχοντες
3488 2362 3571 2413 ἐπὶ
3616 2358 3688 2427 ἐτη

2144 2459 2449 2532 τριακόσια,
2487 2456 2546 2523 ἐξ
2583 2458 2824 2526 ἀνάγκης
2863 2456 2923 2510 τὸ
2953 2455 3212 2527 τέταρτον
3245 2454 3436 2524 θηρίον
3466 2453 3539 2516 ὠς
3568 2454 3688 2520 ίσχυ-

2149 2552 2237 2621 ρὸν
2264 2549 2358 2602 καὶ
2388 2548 2568 2619 μεῖζον
2595 2546 2812 2600 πάντων
2841 2545 2946 2599 τῶν
2973 2543 3280 2616 ἔμπροσθεν
3307 2541 3476 2596 αὐτοῦ
3502 2539 3690 2610 γενομέ-

2143 2655 2269 2702 νων,
2303 2634 2610 2706 βασιλεύσει
2643 2634 2737 2705 ἔτη
2769 2633 3133 2688 πεντακόσια·
3185 2632 3292 2685 τῶν
3331 2630 3538 2701 καιρῶν
3577 2645 3690 2696 συμη

2143 2727 2532 2800 πληρωμένων,
2561 2726 2788 2779 καὶτῶν
2821 2726 2949 2780 δέκα
2982 2725 3225 2798 κεράτων
3269 2724 3356 2776 ἐπ’
3391 2721 3621 2792 ἐσχάτων
3643 2718 3688 2784 ἐξ

2141 2819 2302 2873 αὐτοῦ
2336 2817 2714 2889 ἐγειρομένων,
2751 2820 3150 2890 ἀναφανήσεται
3194 2819 3251 2868 ἐν
3283 2815 3470 2878 αὐτοῖς
3493 2815 3520 2866 ό
3554 2812 3690 2864 Ἀντία

2141 2929 2388 2983 χριστος·
2441 2913 2628 2965 τούτου
2683 2910 3044 2981 πολεμοῦντος
3101 2910 3194 2964 καὶ
3253 2906 3541 2969 διώκοντος
3586 2907 3688 2965 τοὺς

2141 3003 2348 3071 ἁγίους,
2378 3003 2497 3056 τότε
2530 3003 2610 3056 δεῖ
2636 3002 2935 3074 προσδοκᾷν
2979 3002 3072 3054 ἀπ’
3103 2999 3343 3074 οὐρανῶν
3387 2999 3490 3068 τὴν
3521 2995 3689 3062 ἐπισα-

2141 3112 2287 3149 νειαν
2320 3094 2413 3148 τοῦ
2447 3095 2674 3166 Κυρίου.

2220 3185 2352 3240 Vlll.
2396 3185 2825 3257 Παυσάμενος,ὁ
2872 3187 3155 3257 προφήτης
3202 3183 3296 3237 τοῦ
3350 3181 3684 3255 προκειμένου

2142 3277 2418 3345 ἐκδιδάξας
2451 3279 2597 3349 ἡμᾶς
2630 3277 2766 3348 μετὰ
2797 3277 2976 3348 πάσης
2995 3277 3276 3348 ἀκριϐείας
3304 3275 3413 3329 τῶν
3441 3273 3685 3344 ἐσομένων

2139 3370 2236 3442 τὴν
2268 3369 2582 3438 ἀσφάλειαν.
2620 3367 2818 3440 μετέϐη
2857 3368 3016 3421 πάλιν
3060 3369 3151 3420 ἐπὶ
3191 3368 3288 3440 τὴν
3324 3368 3436 3420 τῶν
3491 3365 3686 3436 Περσῶν

2141 3461 2233 3515 καὶ
2278 3460 2538 3532 Ἐλλήνων
2568 3459 2863 3530 βασιλείαν,
2899 3460 3089 3531 ἑτέραν
3112 3461 3300 3530 ὅρασιν
3333 3461 3466 3530 ἡμῖν
3501 3456 3687 3526 διηγοὺο

2143 3569 2323 3623 μενος,
2352 3553 2474 3622 ἥτις
2506 3550 2717 3620 ἐγένετο
2747 3551 2838 3602 καὶ
2868 3548 3156 3621 ἐπληρώθη
3193 3553 3250 3603 ἐν
3273 3553 3384 3614 τοῖς
3420 3550 3567 3611 ἰδίοις
3593 3564 3688 3598 καε-

2141 3649 2283 3718 ροῖς·
2311 3645 2458 3708 ὅπως
2489 3646 2548 3697 ὲν
2580 3643 2754 3714 τούτῳ
2792 3643 3014 3705 πιστοὺς
3037 3643 3180 3712 ἡμᾶς
3215 3642 3579 3712 καταστήσας,
3610 3637 3685 3690 καὶ

2140 3735 2276 3806 πρὸς
2313 3733 2380 3787 τὰ
2423 3733 2680 3806 μέλλοντα
2711 3731 2954 3800 γίνεσθαι
2983 3731 3328 3801 πιστοτέρους
3351 3730 3428 3801 τῷ
3457 3729 3572 3800 Θεῴ
3602 3745 3687 3780 πα-

2141 3827 2404 3899 ραστῆσαι
2431 3825 2658 3896 δυνηθῇ·
2689 3826 2788 3878 ὅσα
2837 3825 2932 3894 μὲν
2976 3819 3068 3877 οὖν
3112 3827 3169 3876 ἐν
3203 3828 3266 3895 τῇ
3302 3823 3494 3894 πρώτῃ
3527 3823 3684 3894 ὁράσει

2134 3918 2446 3990 διηγήσατο,
2477 3915 2648 3969 ταῦτα
2685 3915 2846 3969 πάλιν
2891 3916 2954 3968 ὲκ
2993 3915 3240 3987 δευτέρου
3279 3915 3484 3968 ἄνωθεν
3522 3912 3687 3979 ἐπεξη-

2135 4012 2331 4078 γεῖται,
2363 4007 2498 4079 πρὸς
2555 4006 2841 4078 οἰκοδομὴν
2894 4006 3001 4059 τῶν
3047 4007 3442 4059 πιστευόντωνο
3487 4005 3687 4072 τὸνγὰρ

2134 4100 2302 4168 κριὸν
2342 4099 2432 4152 τὸν
2461 4094 2814 4168 κερατίζοντα
2847 4096 2986 4148 κατὰ
3019 4096 3307 4160 θάλασσαν,
3354 4097 3451 4150 καὶ
3478 4097 3688 4165 βορέαι,

2135 4189 2226 4242 καὶ
2261 4188 2676 4258 νότονλΔαρεῖον
2704 4185 2848 4254 λέγει
2880 4186 2968 4238 τὸν
2997 4186 3216 4256 βασιλέα
3248 4187 3356 4240 τῶν
3381 4186 3680 4258 [lapsi-ﬁmi;

2135 4281 2480 4353 περιεγένετο
2531 4279 2746 4332 πάντων
2780 4277 2888 4332 τῶν
2933 4277 3099 4332 ἐθνῶν
3121 4295 3133 4308 ·
3167 4278 3352 4331 ταῦτα
3379 4278 3511 4348 γὰρ,
3545 4278 3680 4348 φησὶ,

2133 4373 2205 4425 τὰ
2234 4372 2407 4440 θηρία
2436 4372 2506 4424 οὺ
2548 4369 2876 4436 στήσονται
2917 4370 3171 4422 ἐνώπιον
3217 4371 3404 4424 αὐτοῦ
3430 4388 3444 4401 ·
3493 4372 3598 4424 τὸν
3636 4370 3682 4420 ὁὲ

2134 4461 2350 4532 τράγον
2375 4462 2481 4516 τῶν
2511 4461 2678 4531 αἰγῶν
2701 4463 2790 4516 τὸν
2821 4463 3109 4534 ἐρχόμενον
3131 4463 3240 4516 ἀπὸ
3255 4464 3439 4527 Λιὸὸς,
3457 4463 3682 4526 Ἀλέξανο

2132 4556 2254 4628 δρον
2292 4555 2382 4609 τὸν
2431 4555 2713 4610 Μακεδόνα
2760 4554 2926 4624 λέγει,
2959 4555 3048 4608 τὸν
3090 4554 3196 4609 τῶν
3241 4555 3505 4628 Ἑλλήνων
3546 4556 3679 4625 βασιι

2136 4844 2280 4898 enim
2344 4843 2487 4914 apud
2539 4845 2713 4912 ipsum
2764 4843 3099 4914 Africanus:
3137 4843 3438 4896 Permansit
3485 4857 3682 4910 regam

2136 4912 2420 4968 Persarum
2460 4930 2616 4982 usque
2649 4915 2716 4965 ad
2761 4915 2969 4965 initium
3023 4912 3368 4965 Macedonum
3413 4915 3563 4966 annis
3599 4914 3686 4962 tit-

2136 4986 2300 5037 centis
2353 4985 2589 5051 triginta,
2617 4993 2664 5036 et
2692 4985 2791 5050 ipsi
2833 4982 3140 5035 Macedones
3171 4996 3508 5052 regnaverunt
3544 4983 3683 5034 amns

2139 5056 2379 5108 trecentis
2409 5054 2663 5123 (Comm.
2696 5055 2748 5105 in
2796 5053 2930 5106 Dan.
2961 5068 3038 5114 Ix,
3079 5053 3148 5105 24
3175 5059 3211 5121 ).
3259 5053 3526 5123 Eusebius
3570 5067 3683 5123 rem

2137 5121 2473 5194 septuaginta
2507 5139 2676 5176 annos
2705 5123 2855 5194 addit
2888 5137 2954 5194 ex
2983 5123 3170 5194 eodem
3197 5122 3454 5177 Africano
3485 5143 3496 5176 :
3535 5121 3686 5194 Εόρὲ·

2139 5191 2350 5278 σκομεν
2373 5194 2479 5265 γὰρ
2508 5194 2605 5263 τὴν
2636 5191 2858 5278 Περσῶν
2901 5192 3174 5278 βασιλείαν
3228 5195 3372 5278 ἔτεσι
3410 5193 3682 5278 διακοσίοις

2136 5262 2423 5335 τριάκοντα
2441 5262 2968 5335 ν’περιγραφομένην,
3003 5266 3102 5333 τήν
3147 5280 3204 5335 τε
3251 5265 3570 5318 Μακεδόνων
3614 5262 3683 5320 εἰς

2138 5333 2231 5402 ἐτη
2261 5333 2937 5404 τριακόσιαὲϐδομήκοντα
2969 5334 3394 5404 παρατείνουσαν
3429 5335 3686 5403 (Denton-

2139 5403 2525 5473 strat.evang.,
2564 5419 2680 5464 vin.
2717 5403 2812 5470 2).
2860 5403 3319 5472 ChronOgrapltus
3369 5414 3681 5473 anoaymus.

2139 5474 2233 5542 qui
2260 5472 2589 5527 eodemva
2609 5489 2672 5527 ac
2695 5473 3013 5543 Hippolytus
3041 5485 3093 5528 et
3115 5475 3406 5528 Africanus
3435 5472 3564 5525 vixit
3589 5472 3685 5524 sul:

2134 5545 2438 5597 Alexandro
2491 5544 2709 5604 Severo,
2743 5545 2898 5596 aliter
2943 5543 3225 5596 Persarum
3280 5558 3333 5598 et
3383 5545 3681 5599 Graecorum

2134 5628 2304 5666 annos
2340 5622 2600 5677 recenset,
2636 5623 2694 5665 ut
2717 5628 2782 5666 ex
2820 5614 2921 5666 hoc
2951 5615 3069 5682 ipso
3093 5615 3338 5668 diversus
3368 5617 3434 5668 ab
3461 5623 3683 5682 utroque

2133 5683 2585 5753 deprehendatur.
2644 5685 2744 5750 Ap.
2798 5681 2985 5738 Canis.
3031 5681 3172 5737 Lecl.
3227 5687 3419 5753 antiq.,
3452 5694 3578 5736 to;n.
3617 5681 3678 5738 ll,

2131 5753 2258 5806 edit.
2281 5752 2506 5821 Basnag.
2538 5769 2588 5821 p.
2620 5753 2740 5805 162.
