3836 6532
111 375 202 433 669

1242 371 1662 428 FRAGMENTA
1701 372 1767 426 IN
1802 352 2171 426 DANIE'LEM.

3226 377 3331 430 650

110 488 194 543 λέα
213 505 226 519 ·
245 486 305 541 τὸ
317 481 412 540 οὗν
434 484 633 541 ἐλθεῖν
656 484 806 553 πρὸς
829 485 1013 539 αὑτὸν
1037 486 1129 537 τὸν
1153 485 1306 555 κριὸν
1332 486 1427 538 καί
1455 487 1658 555 ἀγριω-

1781 501 1928 553 psum
1968 486 2021 538 in
2066 486 2277 554 faciem,
2315 494 2363 539 et
2393 487 2715 549 contriverit,
2743 498 2789 541 et
2820 490 3098 559 prejecerit
3135 490 3189 541 in
3227 500 3327 544 εει-

113 580 267 649 θῆναι
290 579 492 638 αὑτὸν.
526 578 624 632 καί
650 579 834 646 τύψαι
864 576 1050 631 αὐτὸν
1072 577 1168 630 ἐπὶ
1200 577 1269 630 τὸ
1311 580 1655 644 πρόσωπον,

113 674 197 728 καί
220 673 555 741 συντρῖψαι,
582 671 681 724 καὶ
706 671 884 739 ῥίψαι
911 671 1098 723 αὐτὸν
1121 670 1219 723 ἐπὶ
1259 669 1374 738 τὴν
1412 669 1528 738 γῆν
1561 670 1659 723 καί

111 760 519 829 καταπατῆσαι,
552 760 709 813 τοῦτο
742 760 997 830 σημαίνει
1020 761 1156 831 ὅπερ
1189 760 1280 813 καὶ
1312 760 1621 831 γεγένηται.

172 854 253 909 IX.
290 855 541 923 Συνάψας
589 853 697 925 γὰρ
743 852 978 923 πόλεμον
1028 852 1165 925 πρὸς
1216 854 1303 906 τὸν
1365 856 1586 925 Δαρεῖον
1631 854 1659 907 δ

121 946 444 1019 Ἀλέξανδρος
474 948 657 1017 ἴσχυσε
687 947 805 999 κατ’
825 944 1011 1008 αὑτοῦ,
1040 946 1134 999 καὶ
1164 948 1452 1016 προηγεῖτο
1484 946 1659 1015 πάσης

111 1038 194 1107 τῆς
229 1036 541 1099 δυναστείας
591 1034 777 1099 αὑτοῦ,
812 1035 1019 1089 ἀνελὼν
1048 1035 1141 1088 καὶ
1172 1037 1563 1105 καταπατήσας
1602 1035 1661 1088 τὸ

114 1128 447 1202 στρατόπεδον
475 1128 639 1183 αὑτοῦ
659 1145 672 1159 ·
703 1125 821 1181 εἶτα
850 1128 987 1199 μετὰ
1017 1128 1077 1181 τὸ
1105 1128 1381 1200 ὑψωθῆναι
1412 1130 1499 1184 τὸν
1527 1131 1659 1201 τρά-

113 1239 192 1291 γον
219 1222 321 1275 τῶν
347 1220 539 1289 αίγῶν,
570 1221 855 1292 συνετρίϐη
886 1220 946 1274 τὸ
974 1221 1140 1293 κέρας
1172 1222 1355 1285 αὑτοῦ,
1394 1223 1455 1275 τὸ
1497 1223 1659 1294 μέγα,

112 1316 190 1368 καὶ
212 1313 371 1385 ἀνέὸη
403 1315 641 1383 τέσσαρα
674 1314 880 1384 κέρατα
913 1314 1169 1367 ὑποκάτω
1200 1314 1385 1378 αὑτοῦ,
1419 1317 1499 1379 εἰς
1537 1318 1661 1379 τοὺς

110 1405 354 1475 τέσσαρας
411 1404 643 1475 ἀνέμους
692 1404 785 1457 τοῦ
838 1404 1101 1477 οὑρανοῖν
1150 1406 1425 1477 κρατήσας
1481 1407 1586 1478 γὰρ
1636 1409 1664 1460 ὁ

122 1497 446 1569 Ἀλέξανδρος
478 1498 656 1567 πάσης
689 1497 786 1567 τῆς
818 1498 922 1567 γῆς
950 1497 1225 1568 Περσίδος,
1270 1499 1363 1551 καὶ
1392 1499 1663 1564 ὑποτάξας

112 1591 300 1652 αὐτοὺς,
329 1588 556 1660 ὕστερον
586 1588 813 1660 τελευτᾷ
850 1588 1035 1642 διελὼν
1063 1590 1161 1660 τὴν
1197 1590 1473 1659 βασιλείαν
1500 1590 1663 1643 αὑτοῦ

112 1684 178 1746 είς
218 1681 486 1753 τέσσαρας
534 1681 726 1752 ἀρχὰς,
772 1682 849 1745 ὼς
900 1683 1083 1735 ἐπάνω
1138 1682 1435 1737 δέδεικται·
1492 1684 1549 1749 ἐξ
1604 1676 1664 1736 οὗ

112 1772 293 1840 ὑψώθη
322 1771 505 1840 κέρας
530 1769 616 1825 ,ἐν
644 1772 741 1825 καί
773 1772 1143 1842 ἐμεγαλύνθη
1182 1772 1292 1838 ἕως
1330 1770 1439 1841 τῆς
1478 1772 1662 1826 δυνά-

1763 590 1900 642 ram,
1926 586 1974 630 et
1997 576 2510 647 conculcaverit,hoc
2540 579 2827 651 signiﬁcat,
2861 582 3007 652 quod
3039 592 3091 637 et
3120 594 3332 653 gestum

1761 674 1863 722 est.

1833 852 1922 907 IX.
1953 852 2088 908 Cum
2130 854 2273 907 enim
2308 855 2507 909 bellum
2544 857 2804 911 adversus
2845 856 3067 911 Darium
3098 857 3329 913 Alexan-

1760 945 1857 999 der
1904 946 2251 1015 suscepisset,
2302 950 2546 1016 superior
2587 950 2791 1016 evasit,
2838 952 3117 1021 cupiisque
3157 952 3329 1021 ipsius

1762 1035 1955 1091 deletis
1989 1038 2416 1109 proﬂigatisque,
2458 1041 2626 1095 totius
2675 1043 2826 1113 regni
2873 1044 3158 1113 imperium
3195 1045 3334 1097 01»ιί-

1763 1130 1913 1194 nuit;
1962 1130 2155 1185 deinde
2205 1140 2489 1201 postquam
2525 1133 2709 1189 hircus
2742 1150 3027 1205 caprarum
3063 1137 3334 1190 exaltatus

1762 1226 1867 1282 est,
1900 1234 2070 1272 cornu
2106 1220 2275 1289 ipsius
2302 1237 2555 1290 magnum
2593 1224 2823 1279 tractum
2849 1236 2949 1291 est,
2981 1235 3034 1281 et
3064 1239 3177 1281 orta
3209 1238 3337 1281 sunt

1764 1322 2002 1380 quatuor
2044 1326 2251 1366 cornua
2305 1314 2491 1367 subter
2538 1316 2669 1369 illud
2722 1333 2817 1385 per
2861 1330 3094 1387 quatuor
3146 1330 3336 1375 ventos

1764 1402 1909 1458 caeli.
1947 1402 2157 1458 Potitus
2188 1405 2387 1475 quippe
2414 1406 2719 1462 Alexander
2745 1410 2892 1462 omni
2933 1409 3223 1465 Persarum
3258 1427 3339 1466 re-

1766 1498 1941 1567 gione,
1971 1497 2212 1568 ipsisque
2236 1499 2288 1552 in
2311 1515 2465 1553 suam
2488 1501 2745 1555 ditionem
2775 1503 3031 1561 redactis.
3060 1513 3338 1572 postremo

1765 1588 1921 1651 obiit,
1954 1603 2122 1657 regno
2150 1594 2250 1642 suo
2278 1588 2328 1642 in
2365 1600 2601 1659 quatuor
2640 1593 2975 1661 principatus
3004 1593 3198 1658 dixiso,
3233 1596 3341 1649 vel-

1767 1679 1846 1734 uti
1899 1682 2153 1749 superius
2198 1680 2297 1733 fuit
2343 1681 2803 1737 demonstratum.
2852 1684 3003 1740 Unde
3045 1688 3339 1740 exaltatum

1765 1782 1843 1827 est
1888 1789 2049 1826 cornu
2085 1790 2266 1839 unum,
2298 1784 2345 1827 et
2389 1777 2786 1845 magni/iculum
2836 1788 2912 1831 est
2958 1796 3117 1847 usque
3148 1781 3216 1832 ad
3246 1796 3341 1849 po-

106 1884 239 1934 μεως
284 1865 393 1919 τοῦ
437 1866 730 1933 οὐρανοῡο
784 1865 882 1919 καὶ
926 1865 997 1919 δι’
1042 1865 1247 1930 αὑτὸν,
1280 1866 1446 1937 φησι,
1486 1867 1667 1922 θυσία

1781 1867 1989 1919 tentiam
2019 1866 2165 1928 caeli;
2198 1882 2259 1917 ac
2287 1882 2378 1933 per
2415 1868 2612 1934 ipsum,
2648 1869 2842 1936 inquit,
2874 1872 3195 1939 sacri/icium
3231 1883 3343 1924 tur-

110 1960 405 2028 ἑταράχθη,
434 1960 531 2012 καί
555 1960 765 2028 ἐρρίφη
790 1960 969 2028 χαμαὶ
999 1962 1036 2028 ἡ
1062 1958 1438 2026 δικαιοσύνη.

166 2053 226 2104 Χ.
264 2050 557 2121 Γεγένηται
601 2050 710 2120 γάρ
755 2052 784 2103 ὁ
822 2050 1091 2119 Ἀντίοχος
1122 2051 1151 2102 ὁ
1183 2048 1498 2122 ἐπικληθεὶς
1544 2052 1666 2102 ἐπι-

111 2145 260 2219 φανὴς
288 2144 400 2215 (67)
429 2143 505 2196 ὢν
548 2147 611 2197 ἐκ
656 2143 748 2197 τοῦ
780 2144 970 2212 γένους
1008 2143 1387 2216 Ἀλεξάνδρουο
1423 2143 1669 2214 βασιλεύς

109 2254 194 2300 σας
238 2238 291 2290 δὲ
342 2238 447 2307 τῆς
477 2238 695 2309 Συρίας,
724 2237 818 2290 καὶ
856 2238 919 2308 δὴ
953 2236 1133 2290 λαϐὼν
1179 2238 1268 2307 ὑφ’
1294 2238 1454 2290 αὑτὸν
1490 2240 1668 2291 πᾶσαν

107 2329 190 2399 τὴν
233 2330 525 2399 Αἴγυπτον,
562 2329 787 2401 ὕστερον
825 2328 990 2402 ἀνέϐη
1040 2331 1132 2383 ἐπὶ
1171 2331 1541 2402 Ἰερουσαλὴμ,
1576 2330 1671 2383 καὶ

109 2422 335 2491 εἰσῆλθεν
366 2424 450 2486 εἰς
482 2422 543 2475 τὸ
569 2422 833 2492 ἁγίασμα,
867 2423 960 2474 καὶ
993 2422 1151 2476 ἔλαϐε
1186 2423 1395 2486 πάντας
1424 2424 1548 2486 τοὺς
1576 2422 1671 2491 θη-

111 2516 317 2583 σαυροὺς
361 2516 491 2580 τοὺς
544 2518 603 2569 ὲν
642 2516 774 2586 οἴκῳ
822 2516 1047 2588 Κυρίου,
1081 2515 1173 2569 καὶ
1200 2515 1299 2587 τὴν
1330 2515 1547 2586 λυχνίαν
1571 2517 1671 2588 τὴν

108 2608 312 2677 χρυσῆν,
348 2610 447 2662 καὶ
478 2608 575 2679 τὴν
605 2609 902 2680 τράπεζαν,
934 2610 1029 2662 καὶ
1058 2609 1118 2662 τὸ
1147 2608 1548 2679 θυσιαστήριον,
1576 2607 1672 2660 καὶ

110 2700 306 2771 ἐποίησε
346 2703 697 2770 φονοκτονίαν
746 2703 986 2775 μεγάλην
1020 2705 1077 2756 ἐν
1122 2704 1185 2773 τῇ
1219 2705 1322 2773 γῇ·
1370 2702 1446 2765 ὡς
1481 2701 1667 2768 λέγει·

109 2789 199 2843 Καὶ
245 2792 308 2846 τὸ
354 2794 532 2863 ἅγιον
558 2796 1091 2865 συμπατηθήσεται
1128 2794 1238 2860 ἕως
1278 2792 1539 2861 ἑσπέρας
1572 2792 1668 2846 καί

108 2883 201 2950 ἕως
238 2887 384 2954 πρωῒ
433 2885 645 2957 ἡμέραι
690 2888 876 2957 χίλιαι
922 2888 1272 2955 τριακόσιαι.
1314 2886 1521 2956 Συνέϐη
1561 2885 1670 2957 γὰρ

111 2979 210 3029 κατ’
244 2980 451 3033 ἐκεῖνον
480 2980 571 3033 τὸν
596 2980 807 3052 καιρὸν,
839 2980 967 3052 τρία
992 2982 1160 3051 ἥμισυ
1200 2978 1292 3050 ἐτη
1323 2978 1525 3051 ἔρημον
1554 2980 1673 3049 μεῖ-

109 3082 181 3117 ναι
223 3067 278 3120 τὸ
323 3070 597 3140 ἁγίασμα,
632 3071 707 3134 ὡς
752 3070 1106 3141 πληρωθῆναι
1134 3069 1311 3140 χιλίας
1356 3068 1670 3141 τριακοσίας

1769 1959 1947 2012 batum
1980 1970 2079 2025 est,
2101 1968 2151 2012 et
2173 1959 2317 2013 humi
2343 1960 2548 2021 iustitia
2574 1961 2775 2029 dejecta
2801 1972 2899 2015 est.

1838 2051 1904 2105 Χ.
1936 2051 2061 2105 Fuit
2101 2052 2244 2105 enim
2298 2052 2599 2106 Antiochus
2632 2064 2992 2122 cognomento
3033 2052 3340 2123 Epiphanes

1767 2160 1833 2198 ex
1864 2145 2157 2199 Alexandri
2192 2144 2561 2209 successione,
2593 2146 2685 2213 qni
2714 2161 2836 2199 cum
2874 2148 2926 2198 in
2961 2146 3116 2217 Syria
3153 2161 3343 2215 regna-

1770 2246 1871 2301 ret,
1918 2247 1971 2292 et
2026 2236 2319 2307 Egyptum
2361 2237 2672 2292 universam
2730 2240 2781 2290 in
2838 2253 2993 2292 suam
3050 2238 3345 2308 redegisset

1770 2339 2112 2400 potestatem,
2146 2331 2361 2384 tandem
2419 2330 2473 2383 in
2524 2328 2824 2384 Jerusalem
2866 2331 3146 2390 ascendit.
3181 2332 3345 2400 inquo

1772 2422 2146 2477 sanctuarium
2180 2422 2481 2489 ingressus,
2513 2437 2703 2476 omnes
2734 2422 3043 2487 thesauros,
3073 2423 3162 2492 qui
3190 2433 3346 2476 erant

1772 2514 1826 2569 in
1858 2515 2021 2569 domo
2052 2514 2290 2581 Domini,
2323 2525 2376 2569 et
2417 2515 2800 2569 candelabrum
2833 2532 3082 2579 aureum,
3110 2528 3163 2569 et
3193 2532 3346 2570 men»

1772 2622 1913 2671 sam,
1959 2616 2013 2661 et
2048 2608 2237 2672 altare,
2268 2609 2509 2673 abstulit,
2545 2608 2927 2679 ingentemque
2972 2610 3025 2662 in
3064 2620 3204 2663 terra
3238 2626 3344 2663 ca:-

1772 2701 1893 2753 dem
1922 2699 2067 2764 fecit,
2112 2702 2253 2755 sicut
2284 2701 2453 2754 dicit:
2489 2698 2557 2752 Et
2603 2702 2971 2753 sanctuarium
3011 2700 3347 2753 conculcabi-

1774 2800 1880 2855 tur,
1928 2808 2089 2861 usque
2134 2792 2203 2845 ad
2254 2808 2549 2861 vesperam,
2597 2801 2644 2845 et
2689 2807 2847 2861 usque
2878 2794 2945 2844 ad
2986 2808 3138 2845 mane
3168 2792 3348 2844 diebus

1774 2882 1919 2935 mille
1952 2883 2212 2936 trecentis.
2252 2882 2460 2937 Accidit
2486 2883 2629 2937 enim
2664 2898 2760 2952 per
2794 2883 2847 2936 id
2883 2892 3116 2952 tempus,
3151 2892 3209 2936 ut
3252 2885 3350 2936 tri-

1773 2973 1874 3028 bus
1907 2989 2032 3028 cum
2058 2974 2283 3028 dimidio
2310 2975 2469 3028 annis
2497 2975 2768 3028 desertum
2816 2983 3059 3027 maneret
3094 2985 3350 3028 sanctua-

1774 3066 1939 3129 rium,
1972 3076 2029 3121 ut
2061 3066 2491 3135 adimplerentur
2538 3066 2683 3119 mille
2728 3067 2955 3120 trecenti
2994 3067 3131 3131 dies,
3176 3068 3350 3120 donec

112 3158 313 3228 ἡμέρας,
363 3161 561 3234 μέχρις
618 3154 680 3215 οὗ
731 3162 965 3225 ἀναστὰς
1006 3160 1205 3224 Ἰούδας
1235 3163 1263 3213 ὁ
1292 3160 1671 3227 Μακκαϐαῖος,

1781 3173 2009 3227 surgens
2062 3157 2229 3211 Judas
2278 3157 2619 3212 Machabrrus
2665 3167 2788 3227 post
2846 3156 3053 3211 obitum
3114 3156 3352 3210 Matthiae

114 3251 227 3314 μετὰ
256 3252 351 3323 τὴν
382 3253 643 3324 τελευτὴν
685 3254 927 3308 Ματθίου
958 3253 1051 3307 τοῦ
1085 3255 1290 3325 πατρὸς
1322 3252 1485 3306 αὑτοῦ
1516 3253 1674 3306 ἀντέ-

112 3353 193 3410 στη
234 3342 399 3414 αὐτῷ,
432 3345 527 3397 καὶ
572 3345 795 3415 ἐξέκοψε
840 3345 939 3408 τὰς
984 3344 1335 3417 παρεμϐολὰς
1376 3344 1670 3414 Ἀντιόχου,

110 3430 187 3481 καὶ
222 3432 555 3504 ὲλευθέρωσε
588 3434 687 3505 τὴν
726 3435 902 3499 πόλιν,
932 3436 1026 3489 καὶ⁵
1054 3437 1393 3507 ἀνεκτήσατο
1407 3436 1475 3489 τὰ
1488 3436 1671 3505 Ἅγια.

111 3521 191 3573 καὶ
230 3524 573 3579 ἁνεκαίνισεν
618 3526 778 3592 αὑτὰ,
804 3528 1035 3599 ποιήσας
1068 3527 1245 3581 πάντα
1274 3527 1415 3581 κατὰ
1457 3528 1548 3581 τὸν
1584 3526 1675 3580 νό-

114 3629 214 3669 μον.

173 3707 249 3755 ,ιι
303 3710 528 3783 Ἐπειδὴ
576 3706 670 3765 οὖν
718 3712 813 3766 καὶ
859 3715 887 3767 ὁ
925 3713 1153 3782 ἄγγελος
1198 3713 1456 3786 Γαϐριὴλ,
1494 3712 1676 3778 καθὼς

116 3786 188 3857 ‘3?’
213 3795 362 3865 ἡμῶν
388 3804 667 3873 νενόηται,
708 3804 880 3868 οὕτως
908 3804 1080 3857 ταῦτα
1108 3806 1405 3876 διηγήσατο
1433 3806 1509 3876 τῷ
1540 3823 1677 3877 προ-

119 3885 256 3956 φήτῃ.
287 3892 477 3959 καθὼς
506 3898 602 3951 καί
633 3898 866 3966 ἐγένετο,
908 3900 1000 3951 καὶ
1034 3900 1090 3952 ὲν
1120 3903 1230 3963 τοῖς
1261 3901 1678 3965 Μακκαδαῖκοῖς

120 3975 279 4043 σαφῶς
304 3983 489 4040 πάντα
519 3989 951 4060 ἀναγέγραπται,
979 3989 1179 4059 ἴδωμεν
1204 3989 1299 4043 καὶ
1326 3993 1384 4043 ὲν
1416 3992 1533 4053 ταῖς
1562 3990 1679 4042 ἑτέ-

123 4081 221 4133 ραις
262 4068 528 4141 ἑϐδομάσι
552 4080 605 4130 τί
632 4080 810 4148 λέγει·
837 4074 992 4145 οὗτος
1016 4081 1125 4153 γὰρ
1157 4082 1421 4150 ἀναγνοὺς
1457 4082 1556 4153 τὴν
1601 4082 1679 4151 βί-

120 4156 221 4210 ϐλον
258 4160 529 4234 Ἱερεμίου
569 4164 665 4218 τοῦ
706 4174 1007 4244 προφήτου,
1038 4175 1095 4226 ὲν
1121 4167 1153 4247 ᾖ
1177 4174 1500 4244 γέγραπται,
1533 4173 1681 4227 ἐϐδο-

122 4250 336 4318 μήκοντα
378 4255 482 4325 ἔτη
533 4255 737 4328 ἔρημον
785 4260 1002 4317 ἔσεσθαι
1055 4264 1116 4317 τὸ
1170 4265 1439 4336 ἁγίασμα,
1489 4267 1547 4318 ὲν
1593 4282 1680 4335 νη-

120 4342 317 4410 στείαις,
364 4348 463 4401 καὶ
495 4348 746 4420 δεήσεσιν
780 4352 1271 4426 ἐξομολογούμενος
1316 4358 1547 4421 ἱκέτευε,
1578 4357 1678 4411 τά·

120 4450 215 4502 χιον
250 4438 580 4511 ἐπιστρέψαι
623 4442 715 4496 τὸν
758 4442 883 4497 λαὸν
930 4447 994 4500 ὲκ
1035 4448 1137 4519 τῆς
1178 4450 1556 4521 αἰχμαλωσίας
1599 4454 1679 4515 εἰς

1776 3252 1948 3319 patris
1976 3251 2082 3314 sui,
2106 3250 2307 3305 restitit
2353 3251 2478 3320 ipsi,
2503 3252 2813 3319 castrisque
2845 3250 3101 3304 Antiochi
3135 3251 3347 3311 deletis,

1776 3340 2015 3409 urbeque
2064 3340 2118 3393 in
2155 3341 2454 3394 libertatem
2491 3340 2785 3405 vindicata,
2828 3340 3166 3408 recuperavit
3210 3339 3350 3393 San-

1775 3440 1881 3495 cta,
1910 3440 1965 3486 et
1998 3432 2274 3486 renovavit
2313 3431 2424 3497 illa,
2453 3433 2636 3486 omnia
2663 3432 2819 3503 juxta
2856 3432 3023 3503 legem
3054 3432 3279 3487 faciens.

1846 3722 1935 3776 XI.
1969 3722 2237 3790 Quoniam
2268 3738 2398 3777 vero
2441 3724 2604 3776 etiam
2641 3722 2866 3792 angelus
2917 3722 3131 3776 Gabriel
3162 3738 3356 3793 quem-

1778 3816 2073 3872 admodum
2127 3832 2157 3871 a
2206 3816 2363 3871 nobis
2410 3816 2683 3870 intellecta
2734 3825 2890 3879 sunt,
2943 3816 3058 3870 haec
3105 3815 3180 3869 ita
3230 3832 3357 3869 nar-

1778 3911 1917 3966 ravit
1961 3912 2269 3980 prophetae,
2305 3911 2382 3964 uti
2416 3919 2468 3964 et
2519 3918 2699 3980 gesta,
2748 3920 2801 3963 et
2847 3910 2899 3963 in
2949 3910 3102 3964 libris
3135 3909 3356 3963 Macha-

1778 4004 2019 4058 bteorum
2072 4011 2255 4071 aperte
2301 4001 2485 4055 omnia
2528 4001 2800 4069 descripta
2843 4000 2992 4054 fuere
3026 4019 3039 4053 :
3075 4000 3357 4053 videamus

1778 4102 1831 4147 et
1867 4094 1921 4147 in
1950 4092 2073 4147 aliis
2105 4092 2534 4146 hebdomadibus
2564 4092 2694 4161 quid
2725 4092 2887 4145 dicat.
2927 4090 3026 4144 llic
3057 4090 3202 4143 enim
3230 4104 3354 4143 eum

1778 4181 2025 4237 Jeremia:
2053 4182 2328 4250 prophetae
2366 4180 2562 4235 librum
2610 4181 2847 4251 legisset,
2877 4180 2930 4235 in
2958 4197 3065 4250 quo
3094 4181 3357 4249 scriptum

1780 4283 1919 4339 erat,
1956 4266 2293 4344 septuaginta
2327 4273 2486 4327 annis
2515 4273 2790 4327 desertum
2831 4272 3071 4327 futurum
3104 4282 3360 4326 sanctua-

1786 4366 1949 4429 rium,
2002 4364 2055 4417 in
2096 4364 2320 4434 jejuniis
2348 4374 2403 4419 et
2445 4364 2920 4420 obsecrationibus
2965 4364 3230 4419 conﬁtens
3268 4364 3362 4418 de—

1786 4458 2140 4528 precabatur,
2189 4466 2248 4511 ut
2293 4457 2525 4511 celerius
2576 4458 2813 4527 populus
2859 4472 2890 4511 e
2942 4459 3252 4527 captivitate
3306 4456 3360 4509 in

131 4524 445 4618 Ἰερουσαλὴν
473 4533 573 4604 τὴν
596 4535 749 4589 πόλιν
766 4554 779 4567 ·
807 4537 981 4605 οὕτως
1000 4536 1093 4595 οὖν
1117 4543 1469 4615 διηγούμενος
1497 4544 1671 4613 λέγει¹

1786 4547 2086 4603 Jerusalem
2121 4549 2311 4604 urbem
2357 4556 2717 4604 reverteretur
2754 4564 2766 4599 :
2796 4549 2875 4604 sic
2908 4548 3075 4618 igitur
3099 4562 3363 4601 enarrans

131 4617 211 4669 Ἐν
230 4622 301 4687 τῷ
324 4624 537 4693 πρώτῳ
579 4626 696 4680 ἔτει
729 4630 971 4697 Δαρείου
1001 4634 1107 4688 τοῦ
1135 4636 1270 4689 υἱοῦ
1315 4635 1681 4705 Ἀσσουήρου

123 4706 215 4763 ἀπὸ
242 4712 588 4785 σπέρματος
623 4716 743 4770 τῶν
767 4720 1006 4786 Μήδων,
1048 4723 1115 4790 ὃς
1144 4725 1542 4780 ἐϐασίλευσεν
1584 4724 1683 4779 ἐπὶ

123 4797 555 4865 τὴνβασιλείαν
579 4806 696 4862 τῶν
727 4811 1036 4866 Χαλδαίων
1054 4831 1067 4844 ο
1100 4814 1213 4883 ἐγὼ
1238 4817 1462 4886 Δανιὴλ
1502 4818 1685 4888 συνῆ-

126 4906 185 4943 κα
201 4894 265 4945 ἐν
288 4898 415 4963 ταῖς
437 4900 682 4967 βίϐλοις
712 4902 819 4955 τὸν
843 4905 1092 4975 ἀριθμὸν
1113 4908 1229 4960 τῶν
1252 4908 1421 4974 ἐτῶν,
1458 4911 1538 4976 ὡς
1560 4912 1685 4980 ἐγε-

126 4982 252 5054 νήθη
286 4991 471 5059 λόγος
499 4994 719 5061 Κυρίου
748 4996 896 5063 πρὸς
931 4998 1207 5068 Ἰερεμίαν
1230 5001 1338 5054 τὸν
1370 5002 1685 5071 προφήτην

127 5075 197 5139 εις
233 5082 678 5151 συμπλήρωσιν
724 5087 1072 5157 ἐρημώσεως
1110 5092 1496 5164 Ἰερουσαλὴμ
1520 5095 1685 5148 ἐϐδο-

125 5165 363 5232 μήκοντα
389 5173 536 5239 ἕτηο
570 5178 664 5232 καὶ
694 5179 839 5250 ἑξῆς.

184 5260 290 5316 ΧΠ.
327 5263 490 5318 Μετὰ
541 5265 640 5335 τὴν
689 5271 1070 5346 ἐξομολόγησιν
1116 5275 1281 5330 αὑτοῦ
1331 5278 1424 5332 καὶ¹
1475 5279 1680 5351 δέησιν,

132 5354 266 5439 φησιν
288 5356 317 5407 ὁ
348 5357 589 5426 ἄγγελος
627 5358 765 5428 πρὸς
790 5359 953 5414 αὑτὸν
972 5379 985 5392 ·
1033 5369 1212 5435 Ἀνὴρ
1257 5370 1579 5439 ἐπιθυμιῶν
1602 5372 1683 5425 σὺ

133 5434 200 5489 εἷ·
227 5444 393 5498 ταῦτα
419 5447 537 5517 γὰρ
568 5447 693 5500 ίῶῖν
719 5448 1018 5522 ἐπιθυμεῖς,
1050 5434 1194 5527 ἅπερ
1221 5457 1287 5509 δι’
1309 5434 1443 5529 ὲμοὺ
1474 5460 1687 5529 μέλλεις

132 5530 501 5593 διακονεῖσθαι·
548 5540 723 5611 καιρῷ
764 5541 820 5594 δὲ
866 5543 979 5613 ἰδίῳ
1018 5545 1191 5599 ταῦτα
1227 5549 1645 5621 πληρωθήσεται
1670 5568 1684 5583 ·

134 5629 207 5681 καὶ
232 5632 501 5705 ἐπήνεγκε
548 5633 736 5701 λέγων·
766 5640 821 5688 0'
864 5637 1181 5707 ἑϐδομάδος
1215 5642 1684 5712 συνετμήθησαν

195 5806 291 5880 (67)
334 5810 409 5865 De
430 5811 783 5881 Antichristo,
826 5816 917 5882 49,
960 5817 1033 5872 ὢν
1083 5818 1299 5890 ἔκγονος
1344 5822 1690 5896 Ἀλεξάνδρου

387 5908 670 5973 Ρλτιιοι..
693 5910 807 5973 (Cn.
844 5910 926 5974 Χ.

1789 4646 1866 4699 ait
1895 4661 1907 4696 :
1935 4642 2000 4697 In
2044 4644 2215 4713 primo
2268 4660 2406 4697 anno
2463 4642 2619 4695 Darii
2672 4642 2773 4710 ﬁlii
2811 4642 3027 4695 Assueri
3064 4641 3127 4694 de
3168 4640 3365 4694 semine

1790 4737 2086 4799 Medorum,
2116 4737 2207 4806 qui
2250 4737 2483 4806 regnarit
2515 4752 2671 4804 super
2716 4751 2927 4804 regnum
2969 4733 3361 4796 Chalda’orum,

1789 4846 1881 4900 ego
1909 4827 2099 4881 Daniel
2141 4827 2375 4881 intellexi
2411 4827 2463 4880 in
2501 4827 2649 4879 libris
2680 4841 2954 4878 numerum
2992 4840 3268 4885 annorum,
3301 4822 3364 4873 de

1785 4938 1887 4991 quo
1917 4920 2091 4989 factus
2135 4927 2211 4972 est
2256 4934 2425 4972 sermo
2462 4916 2675 4971 Domini
2709 4916 2778 4969 ad
2818 4915 3106 4969 Jeremiam
3143 4911 3363 4983 prophe—

1786 5021 1918 5079 tam,
1947 5021 2003 5065 ut
2030 5010 2415 5080 complerentur
2449 5009 2788 5062 desolationis
2810 5006 3112 5062 Jerusalem
3149 5015 3361 5074 septua-

1782 5108 1932 5177 ginta
1964 5105 2124 5169 anni;
2147 5113 2201 5159 et
2229 5119 2351 5173 qua:
2383 5114 2706 5172 sequuntur.

1856 5281 1972 5336 XII.
2007 5282 2136 5337 Post
2167 5280 2591 5344 confessionem,
2620 5288 2673 5334 et
2700 5280 3133 5335 obsecrationem
3164 5273 3359 5343 ipsius,

1789 5373 1967 5443 inquit
2013 5372 2237 5443 angelus
2264 5375 2330 5425 ad
2375 5371 2550 5440 ipsum
2586 5389 2600 5425 :
2638 5368 2731 5422 Vir
2753 5366 3134 5421 desideriorum
3169 5372 3223 5416 tu
3256 5379 3307 5415 es
3342 5377 3361 5414 :

1791 5465 1906 5518 haac
1930 5464 2077 5517 enim
2114 5464 2253 5516 scire
2280 5462 2455 5530 cupis,
2491 5476 2612 5529 quze
2652 5475 2747 5529 per
2788 5473 2873 5512 me
2913 5456 3007 5509 tibi
3051 5464 3177 5508 nota
3208 5454 3360 5518 lient,

1792 5564 2037 5624 tempore
2086 5571 2216 5608 vero
2259 5569 2361 5609 suo
2412 5552 2600 5607 eadem
2653 5550 3019 5620 pet-ﬁnientur,
3077 5557 3130 5601 et
3182 5544 3363 5600 intulit

1789 5648 2022 5703 dicens:
2075 5645 2423 5717 Septuaginta
2474 5644 2819 5698 hebdomades
2875 5640 3189 5694 abbreviatle
3241 5649 3360 5691 sunt

1751 5826 2012 5915 Ἐκγονος
2048 5828 2336 5901 Hippolyto
2368 5829 2509 5885 idem
2537 5835 2619 5882 est
2647 5834 2811 5897 atque
2845 5824 3115 5894 ἐπιγονος.

2974 5920 3044 5979 21
