  <div class='ocr_page' id='page_1' title='image "/cluster/home/n/w/nwhite01/storage/ocr_20150623/10/hvd.32044019207620/333.png"; bbox 0 0 3836 6508; ppageno 0'>
   <div class='ocr_carea' id='block_1_1' title="bbox 432 313 584 392">
    <p class='ocr_par' dir='ltr' id='par_1_1' title="bbox 432 313 584 392">
     <span class='ocr_line' id='line_1_1' title="bbox 432 313 584 392; baseline 0.013 -2"><span class='ocrx_word' id='word_1_1' title='bbox 432 313 434 316; x_wconf 74' lang='grc'><em>’</em></span> <span class='ocrx_word' id='word_1_2' title='bbox 487 339 584 392; x_wconf 72' lang='lat' dir='ltr'><strong><em>est</em></strong></span> 
     </span>
    </p>
   </div>
   <div class='ocr_carea' id='block_1_2' title="bbox 1385 329 2889 388">
    <p class='ocr_par' dir='ltr' id='par_1_2' title="bbox 1385 329 2889 388">
     <span class='ocr_line' id='line_1_2' title="bbox 1385 329 2889 388; baseline 0.001 -4"><span class='ocrx_word' id='word_1_3' title='bbox 1385 331 1441 386; x_wconf 91' lang='lat' dir='ltr'><strong><em>S.</em></strong></span> <span class='ocrx_word' id='word_1_4' title='bbox 1483 329 1846 386; x_wconf 82' lang='lat' dir='ltr'><strong><em>HIPPOLYTI</em></strong></span> <span class='ocrx_word' id='word_1_5' title='bbox 1881 330 2030 386; x_wconf 83' lang='lat' dir='ltr'><strong><em>OPP.</em></strong></span> <span class='ocrx_word' id='word_1_6' title='bbox 2074 329 2252 384; x_wconf 79' lang='lat' dir='ltr'><strong>PARS</strong></span> <span class='ocrx_word' id='word_1_7' title='bbox 2288 330 2328 385; x_wconf 93' lang='grc'><strong>1.</strong></span> <span class='ocrx_word' id='word_1_8' title='bbox 2368 361 2436 372; x_wconf 88' lang='lat'><strong><em>—-</em></strong></span> <span class='ocrx_word' id='word_1_9' title='bbox 2479 331 2889 388; x_wconf 78' lang='lat' dir='ltr'><strong><em>EXEGETICA.</em></strong></span> 
     </span>
    </p>
   </div>
   <div class='ocr_carea' id='block_1_3' title="bbox 3603 326 3683 378">
    <p class='ocr_par' dir='ltr' id='par_1_3' title="bbox 3603 326 3683 378">
     <span class='ocr_line' id='line_1_3' title="bbox 3603 326 3683 378; baseline 0 0"><span class='ocrx_word' id='word_1_10' title='bbox 3603 326 3683 378; x_wconf 67' lang='lat'><strong><em>6222</em></strong></span> 
     </span>
    </p>
   </div>
   <div class='ocr_carea' id='block_1_4' title="bbox 487 443 2081 525">
    <p class='ocr_par' dir='ltr' id='par_1_4' title="bbox 487 451 2051 525">
     <span class='ocr_line' id='line_1_4' title="bbox 487 451 2051 525; baseline -0.003 -18"><span class='ocrx_word' id='word_1_11' title='bbox 487 472 642 525; x_wconf 74' lang='lat' dir='ltr'><strong><em>super</em></strong></span> <span class='ocrx_word' id='word_1_12' title='bbox 687 451 936 523; x_wconf 84' lang='lat' dir='ltr'><strong><em>populum</em></strong></span> <span class='ocrx_word' id='word_1_13' title='bbox 985 459 1152 516; x_wconf 88' lang='lat' dir='ltr'><strong><em>tuum,</em></strong></span> <span class='ocrx_word' id='word_1_14' title='bbox 1201 459 1248 504; x_wconf 87' lang='lat' dir='ltr'><strong><em>et</em></strong></span> <span class='ocrx_word' id='word_1_15' title='bbox 1299 467 1450 518; x_wconf 81' lang='lat' dir='ltr'><strong><em>super</em></strong></span> <span class='ocrx_word' id='word_1_16' title='bbox 1495 451 1964 516; x_wconf 87' lang='lat' dir='ltr'><strong><em>urbem.sanctam,</em></strong></span> <span class='ocrx_word' id='word_1_17' title='bbox 1995 461 2051 504; x_wconf 89' lang='lat' dir='ltr'><strong><em>ut</em></strong></span> 
     </span>
    </p>
   </div>
   <div class='ocr_carea' id='block_1_5' title="bbox 2174 443 3680 525">
    <p class='ocr_par' dir='ltr' id='par_1_5' title="bbox 2174 443 3680 516">
     <span class='ocr_line' id='line_1_5' title="bbox 2174 443 3680 516; baseline -0.004 -14"><span class='ocrx_word' id='word_1_18' title='bbox 2174 453 2248 504; x_wconf 68' lang='grc' dir='ltr'><strong><em>ἓπὶ</em></strong></span> <span class='ocrx_word' id='word_1_19' title='bbox 2279 450 2384 504; x_wconf 79' lang='grc' dir='ltr'><em>τὸν</em></span> <span class='ocrx_word' id='word_1_20' title='bbox 2415 453 2568 504; x_wconf 80' lang='grc' dir='ltr'>λαόν</span> <span class='ocrx_word' id='word_1_21' title='bbox 2604 465 2742 512; x_wconf 89' lang='grc' dir='ltr'><em>σου,</em></span> <span class='ocrx_word' id='word_1_22' title='bbox 2772 449 2870 502; x_wconf 80' lang='grc' dir='ltr'>καὶ</span> <span class='ocrx_word' id='word_1_23' title='bbox 2897 447 2994 500; x_wconf 79' lang='grc' dir='ltr'><strong><em>ἐπὶ</em></strong></span> <span class='ocrx_word' id='word_1_24' title='bbox 3035 445 3150 516; x_wconf 77' lang='grc' dir='ltr'><strong><em>τὴν</em></strong></span> <span class='ocrx_word' id='word_1_25' title='bbox 3181 447 3362 500; x_wconf 72' lang='grc' dir='ltr'><em>πόλιν</em></span> <span class='ocrx_word' id='word_1_26' title='bbox 3383 443 3498 510; x_wconf 77' lang='grc' dir='ltr'><strong><em>τήν</em></strong></span> <span class='ocrx_word' id='word_1_27' title='bbox 3527 443 3680 512; x_wconf 74' lang='grc' dir='ltr'>ἁγίαν,</span> 
     </span>
    </p>
   </div>
   <div class='ocr_carea' id='block_1_6' title="bbox 485 541 2047 612">
    <p class='ocr_par' dir='ltr' id='par_1_6' title="bbox 485 541 2047 612">
     <span class='ocr_line' id='line_1_6' title="bbox 485 541 2047 612; baseline -0.005 -11"><span class='ocrx_word' id='word_1_28' title='bbox 485 551 913 601; x_wconf 80' lang='lat' dir='ltr'><strong><em>consummentur</em></strong></span> <span class='ocrx_word' id='word_1_29' title='bbox 940 542 1396 612; x_wconf 63' lang='lat' dir='ltr'><strong><em>praevaricationes</em></strong></span> <span class='ocrx_word' id='word_1_30' title='bbox 1425 549 1472 594; x_wconf 87' lang='lat' dir='ltr'><strong><em>et</em></strong></span> <span class='ocrx_word' id='word_1_31' title='bbox 1500 541 1797 610; x_wconf 87' lang='lat' dir='ltr'><strong><em>sigillentur</em></strong></span> <span class='ocrx_word' id='word_1_32' title='bbox 1817 550 2047 611; x_wconf 83' lang='lat' dir='ltr'><strong><em>peccata,</em></strong></span> 
     </span>
    </p>
   </div>
   <div class='ocr_carea' id='block_1_7' title="bbox 485 617 2052 702">
    <p class='ocr_par' dir='ltr' id='par_1_7' title="bbox 485 617 2052 702">
     <span class='ocr_line' id='line_1_7' title="bbox 485 617 2052 702; baseline -0.003 -14"><span class='ocrx_word' id='word_1_33' title='bbox 485 645 534 688; x_wconf 85' lang='lat' dir='ltr'><strong><em>et</em></strong></span> <span class='ocrx_word' id='word_1_34' title='bbox 568 634 844 687; x_wconf 73' lang='lat' dir='ltr'><strong><em>deleantur</em></strong></span> <span class='ocrx_word' id='word_1_35' title='bbox 885 632 1210 701; x_wconf 74' lang='lat' dir='ltr'><strong><em>iniquitates,</em></strong></span> <span class='ocrx_word' id='word_1_36' title='bbox 1246 617 1637 702; x_wconf 45' lang='lat' dir='ltr'><strong><em>et‘obsignetur</em></strong></span> <span class='ocrx_word' id='word_1_37' title='bbox 1674 632 1824 698; x_wconf 88' lang='lat' dir='ltr'><strong><em>visio,</em></strong></span> <span class='ocrx_word' id='word_1_38' title='bbox 1849 639 1900 685; x_wconf 89' lang='lat' dir='ltr'><strong><em>et</em></strong></span> <span class='ocrx_word' id='word_1_39' title='bbox 1926 647 2052 700; x_wconf 87' lang='lat' dir='ltr'><strong><em>pro-</em></strong></span> 
     </span>
    </p>
   </div>
   <div class='ocr_carea' id='block_1_8' title="bbox 487 721 2050 794">
    <p class='ocr_par' dir='ltr' id='par_1_8' title="bbox 487 721 2050 794">
     <span class='ocr_line' id='line_1_8' title="bbox 487 721 2050 794; baseline -0.001 -16"><span class='ocrx_word' id='word_1_40' title='bbox 487 727 666 792; x_wconf 86' lang='lat' dir='ltr'><strong><em>pheta,</em></strong></span> <span class='ocrx_word' id='word_1_41' title='bbox 689 734 737 779; x_wconf 92' lang='lat' dir='ltr'><strong><em>et</em></strong></span> <span class='ocrx_word' id='word_1_42' title='bbox 765 733 994 794; x_wconf 88' lang='lat' dir='ltr'><strong><em>ungatur</em></strong></span> <span class='ocrx_word' id='word_1_43' title='bbox 1032 721 1258 778; x_wconf 87' lang='lat' dir='ltr'><strong><em>Sanctus</em></strong></span> <span class='ocrx_word' id='word_1_44' title='bbox 1291 734 1593 777; x_wconf 86' lang='lat' dir='ltr'><strong><em>sanctorum</em></strong></span> <span class='ocrx_word' id='word_1_45' title='bbox 1623 739 1642 778; x_wconf 91' lang='lat'><strong><em>:</em></strong></span> <span class='ocrx_word' id='word_1_46' title='bbox 1681 733 1730 777; x_wconf 89' lang='lat' dir='ltr'><strong><em>et</em></strong></span> <span class='ocrx_word' id='word_1_47' title='bbox 1755 740 2050 794; x_wconf 77' lang='lat' dir='ltr'><strong><em>cognosces,</em></strong></span> 
     </span>
    </p>
   </div>
   <div class='ocr_carea' id='block_1_9' title="bbox 489 818 2054 890">
    <p class='ocr_par' dir='ltr' id='par_1_9' title="bbox 489 818 2054 890">
     <span class='ocr_line' id='line_1_9' title="bbox 489 818 2054 890; baseline -0.003 -15"><span class='ocrx_word' id='word_1_48' title='bbox 489 831 538 876; x_wconf 91' lang='lat' dir='ltr'><strong><em>et</em></strong></span> <span class='ocrx_word' id='word_1_49' title='bbox 563 819 822 890; x_wconf 78' lang='lat' dir='ltr'><strong><em>intelliges</em></strong></span> <span class='ocrx_word' id='word_1_50' title='bbox 852 823 916 873; x_wconf 85' lang='lat' dir='ltr'><strong><em>ab</em></strong></span> <span class='ocrx_word' id='word_1_51' title='bbox 945 820 1088 873; x_wconf 76' lang='lat' dir='ltr'><strong><em>exitu</em></strong></span> <span class='ocrx_word' id='word_1_52' title='bbox 1127 834 1453 884; x_wconf 84' lang='lat' dir='ltr'><strong><em>sermonum,</em></strong></span> <span class='ocrx_word' id='word_1_53' title='bbox 1481 833 1538 872; x_wconf 82' lang='lat' dir='ltr'><strong><em>ut</em></strong></span> <span class='ocrx_word' id='word_1_54' title='bbox 1584 818 1977 886; x_wconf 80' lang='lat' dir='ltr'><strong><em>respondeatur,</em></strong></span> <span class='ocrx_word' id='word_1_55' title='bbox 2005 827 2054 870; x_wconf 88' lang='lat' dir='ltr'><strong><em>et</em></strong></span> 
     </span>
    </p>
   </div>
   <div class='ocr_carea' id='block_1_10' title="bbox 490 909 2053 982">
    <p class='ocr_par' dir='ltr' id='par_1_10' title="bbox 490 909 2053 982">
     <span class='ocr_line' id='line_1_10' title="bbox 490 909 2053 982; baseline -0.003 -15"><span class='ocrx_word' id='word_1_56' title='bbox 490 913 783 982; x_wconf 63' lang='lat' dir='ltr'><strong><em>a’diﬁcetur</em></strong></span> <span class='ocrx_word' id='word_1_57' title='bbox 835 909 1170 976; x_wconf 80' lang='lat' dir='ltr'><strong><em>Jerusalem,</em></strong></span> <span class='ocrx_word' id='word_1_58' title='bbox 1217 927 1376 980; x_wconf 88' lang='lat' dir='ltr'><strong><em>usque</em></strong></span> <span class='ocrx_word' id='word_1_59' title='bbox 1423 910 1491 964; x_wconf 88' lang='lat' dir='ltr'><strong><em>ad</em></strong></span> <span class='ocrx_word' id='word_1_60' title='bbox 1549 909 1817 966; x_wconf 79' lang='lat' dir='ltr'><strong><em>Christum</em></strong></span> <span class='ocrx_word' id='word_1_61' title='bbox 1871 910 2053 964; x_wconf 88' lang='lat' dir='ltr'><strong><em>ducem</em></strong></span> 
     </span>
    </p>
   </div>
   <div class='ocr_carea' id='block_1_11' title="bbox 489 1005 1984 1078">
    <p class='ocr_par' dir='ltr' id='par_1_11' title="bbox 489 1005 1984 1078">
     <span class='ocr_line' id='line_1_11' title="bbox 489 1005 1984 1078; baseline 0.001 -18"><span class='ocrx_word' id='word_1_62' title='bbox 489 1008 832 1062; x_wconf 89' lang='lat' dir='ltr'><strong><em>hebdomades</em></strong></span> <span class='ocrx_word' id='word_1_63' title='bbox 859 1015 1070 1076; x_wconf 83' lang='lat' dir='ltr'><strong><em>septem,</em></strong></span> <span class='ocrx_word' id='word_1_64' title='bbox 1097 1015 1146 1060; x_wconf 92' lang='lat' dir='ltr'><strong><em>et</em></strong></span> <span class='ocrx_word' id='word_1_65' title='bbox 1172 1005 1515 1061; x_wconf 75' lang='lat' dir='ltr'><strong><em>hebdomadas</em></strong></span> <span class='ocrx_word' id='word_1_66' title='bbox 1545 1008 1818 1078; x_wconf 65' lang='lat' dir='ltr'><strong><em>sexaginta</em></strong></span> <span class='ocrx_word' id='word_1_67' title='bbox 1844 1007 1984 1062; x_wconf 72' lang='lat' dir='ltr'><strong><em>duaz.</em></strong></span> 
     </span>
    </p>
   </div>
   <div class='ocr_carea' id='block_1_12' title="bbox 563 1099 2056 1172">
    <p class='ocr_par' dir='ltr' id='par_1_12' title="bbox 563 1099 2056 1172">
     <span class='ocr_line' id='line_1_12' title="bbox 563 1099 2056 1172; baseline -0.001 -17"><span class='ocrx_word' id='word_1_68' title='bbox 563 1099 698 1156; x_wconf 81' lang='lat' dir='ltr'>XIII.</span> <span class='ocrx_word' id='word_1_69' title='bbox 730 1099 864 1155; x_wconf 91' lang='lat' dir='ltr'><strong><em>Cum</em></strong></span> <span class='ocrx_word' id='word_1_70' title='bbox 903 1100 1087 1170; x_wconf 82' lang='lat' dir='ltr'><strong><em>itaque</em></strong></span> <span class='ocrx_word' id='word_1_71' title='bbox 1141 1099 1382 1172; x_wconf 82' lang='lat' dir='ltr'><strong><em>(Gabriel</em></strong></span> <span class='ocrx_word' id='word_1_72' title='bbox 1438 1099 1682 1172; x_wconf 84' lang='lat' dir='ltr'><strong><em>angelus)</em></strong></span> <span class='ocrx_word' id='word_1_73' title='bbox 1713 1115 1818 1154; x_wconf 84' lang='lat' dir='ltr'><strong><em>Lxx</em></strong></span> <span class='ocrx_word' id='word_1_74' title='bbox 1849 1099 2056 1154; x_wconf 84' lang='lat' dir='ltr'><strong><em>hebdo-</em></strong></span> 
     </span>
    </p>
   </div>
   <div class='ocr_carea' id='block_1_13' title="bbox 493 1191 2058 1262">
    <p class='ocr_par' dir='ltr' id='par_1_13' title="bbox 493 1191 2058 1262">
     <span class='ocr_line' id='line_1_13' title="bbox 493 1191 2058 1262; baseline 0 -16"><span class='ocrx_word' id='word_1_75' title='bbox 493 1193 678 1248; x_wconf 87' lang='lat' dir='ltr'><strong><em>madcs</em></strong></span> <span class='ocrx_word' id='word_1_76' title='bbox 711 1191 1070 1258; x_wconf 78' lang='lat' dir='ltr'><strong><em>nominasset,</em></strong></span> <span class='ocrx_word' id='word_1_77' title='bbox 1131 1206 1332 1261; x_wconf 86' lang='lat' dir='ltr'><strong><em>easque</em></strong></span> <span class='ocrx_word' id='word_1_78' title='bbox 1377 1191 1431 1246; x_wconf 90' lang='lat' dir='ltr'><strong><em>in</em></strong></span> <span class='ocrx_word' id='word_1_79' title='bbox 1495 1192 1632 1247; x_wconf 90' lang='lat' dir='ltr'><strong><em>duas</em></strong></span> <span class='ocrx_word' id='word_1_80' title='bbox 1659 1200 1841 1262; x_wconf 89' lang='lat' dir='ltr'><strong><em>partes</em></strong></span> <span class='ocrx_word' id='word_1_81' title='bbox 1875 1193 2058 1248; x_wconf 86' lang='lat' dir='ltr'><strong><em>distri-</em></strong></span> 
     </span>
    </p>
   </div>
   <div class='ocr_carea' id='block_1_14' title="bbox 495 1283 2058 1355">
    <p class='ocr_par' dir='ltr' id='par_1_14' title="bbox 495 1283 2058 1355">
     <span class='ocr_line' id='line_1_14' title="bbox 495 1283 2058 1355; baseline 0 -17"><span class='ocrx_word' id='word_1_82' title='bbox 495 1285 722 1351; x_wconf 87' lang='lat' dir='ltr'><strong><em>buisset,</em></strong></span> <span class='ocrx_word' id='word_1_83' title='bbox 763 1293 823 1338; x_wconf 92' lang='lat' dir='ltr'><strong><em>ut</em></strong></span> <span class='ocrx_word' id='word_1_84' title='bbox 854 1284 1026 1354; x_wconf 86' lang='lat' dir='ltr'><strong><em>magis</em></strong></span> <span class='ocrx_word' id='word_1_85' title='bbox 1074 1283 1467 1353; x_wconf 79' lang='lat' dir='ltr'><strong><em>intelligeretur</em></strong></span> <span class='ocrx_word' id='word_1_86' title='bbox 1518 1286 1660 1354; x_wconf 85' lang='lat' dir='ltr'><strong><em>quod</em></strong></span> <span class='ocrx_word' id='word_1_87' title='bbox 1704 1284 1772 1339; x_wconf 88' lang='lat' dir='ltr'><strong><em>ab</em></strong></span> <span class='ocrx_word' id='word_1_88' title='bbox 1829 1286 1952 1355; x_wconf 90' lang='lat' dir='ltr'><strong><em>ipso</em></strong></span> <span class='ocrx_word' id='word_1_89' title='bbox 1991 1285 2058 1338; x_wconf 90' lang='lat' dir='ltr'><strong><em>ad</em></strong></span> 
     </span>
    </p>
   </div>
   <div class='ocr_carea' id='block_1_15' title="bbox 492 1376 2056 1448">
    <p class='ocr_par' dir='ltr' id='par_1_15' title="bbox 492 1376 2056 1448">
     <span class='ocr_line' id='line_1_15' title="bbox 492 1376 2056 1448; baseline 0.001 -20"><span class='ocrx_word' id='word_1_90' title='bbox 492 1377 808 1446; x_wconf 81' lang='lat' dir='ltr'><strong><em>prophetam</em></strong></span> <span class='ocrx_word' id='word_1_91' title='bbox 841 1376 1144 1443; x_wconf 81' lang='lat' dir='ltr'><strong><em>dicebatur,</em></strong></span> <span class='ocrx_word' id='word_1_92' title='bbox 1176 1377 1248 1432; x_wconf 89' lang='lat' dir='ltr'><strong><em>ita</em></strong></span> <span class='ocrx_word' id='word_1_93' title='bbox 1273 1385 1593 1448; x_wconf 90' lang='lat' dir='ltr'><strong><em>prosecutus</em></strong></span> <span class='ocrx_word' id='word_1_94' title='bbox 1619 1385 1702 1432; x_wconf 90' lang='lat' dir='ltr'><strong><em>est</em></strong></span> <span class='ocrx_word' id='word_1_95' title='bbox 1728 1395 1740 1430; x_wconf 92' lang='lat'><strong>:</strong></span> <span class='ocrx_word' id='word_1_96' title='bbox 1788 1377 1956 1447; x_wconf 87' lang='lat' dir='ltr'><strong><em>Usque</em></strong></span> <span class='ocrx_word' id='word_1_97' title='bbox 1989 1378 2056 1430; x_wconf 83' lang='lat' dir='ltr'><strong><em>ad</em></strong></span> 
     </span>
    </p>
   </div>
   <div class='ocr_carea' id='block_1_16' title="bbox 492 1469 2060 1539">
    <p class='ocr_par' dir='ltr' id='par_1_16' title="bbox 492 1469 2060 1539">
     <span class='ocr_line' id='line_1_16' title="bbox 492 1469 2060 1539; baseline -0.002 -14"><span class='ocrx_word' id='word_1_98' title='bbox 492 1469 763 1525; x_wconf 85' lang='lat' dir='ltr'><strong><em>Christum</em></strong></span> <span class='ocrx_word' id='word_1_99' title='bbox 795 1471 979 1524; x_wconf 88' lang='lat' dir='ltr'><strong><em>ducem</em></strong></span> <span class='ocrx_word' id='word_1_100' title='bbox 1033 1469 1376 1524; x_wconf 88' lang='lat' dir='ltr'><strong><em>hebdomades</em></strong></span> <span class='ocrx_word' id='word_1_101' title='bbox 1423 1480 1644 1538; x_wconf 86' lang='lat' dir='ltr'><strong><em>septem;</em></strong></span> <span class='ocrx_word' id='word_1_102' title='bbox 1672 1484 1792 1534; x_wconf 68' lang='lat' dir='ltr'><strong><em>qua:</em></strong></span> <span class='ocrx_word' id='word_1_103' title='bbox 1825 1469 2060 1539; x_wconf 87' lang='lat' dir='ltr'><strong><em>quadra-</em></strong></span> 
     </span>
    </p>
   </div>
   <div class='ocr_carea' id='block_1_17' title="bbox 491 1559 2058 1632">
    <p class='ocr_par' dir='ltr' id='par_1_17' title="bbox 491 1559 2058 1632">
     <span class='ocr_line' id='line_1_17' title="bbox 491 1559 2058 1632; baseline 0 -16"><span class='ocrx_word' id='word_1_104' title='bbox 491 1563 640 1632; x_wconf 82' lang='lat' dir='ltr'><strong><em>ginta</em></strong></span> <span class='ocrx_word' id='word_1_105' title='bbox 682 1577 876 1616; x_wconf 84' lang='lat' dir='ltr'><strong><em>novem</em></strong></span> <span class='ocrx_word' id='word_1_106' title='bbox 913 1577 1088 1616; x_wconf 88' lang='lat' dir='ltr'><strong><em>annos</em></strong></span> <span class='ocrx_word' id='word_1_107' title='bbox 1136 1560 1364 1617; x_wconf 85' lang='lat' dir='ltr'><strong><em>faciunt.</em></strong></span> <span class='ocrx_word' id='word_1_108' title='bbox 1401 1559 1670 1632; x_wconf 83' lang='lat' dir='ltr'><strong><em>Vigesimo</em></strong></span> <span class='ocrx_word' id='word_1_109' title='bbox 1698 1561 1874 1630; x_wconf 88' lang='lat' dir='ltr'><strong><em>primo</em></strong></span> <span class='ocrx_word' id='word_1_110' title='bbox 1915 1577 2058 1616; x_wconf 89' lang='lat' dir='ltr'><strong><em>anno</em></strong></span> 
     </span>
    </p>
   </div>
   <div class='ocr_carea' id='block_1_18' title="bbox 491 1652 2059 1724">
    <p class='ocr_par' dir='ltr' id='par_1_18' title="bbox 491 1652 2059 1724">
     <span class='ocr_line' id='line_1_18' title="bbox 491 1652 2059 1724; baseline 0.001 -18"><span class='ocrx_word' id='word_1_111' title='bbox 491 1654 638 1708; x_wconf 81' lang='lat' dir='ltr'><strong><em>videt</em></strong></span> <span class='ocrx_word' id='word_1_112' title='bbox 686 1655 802 1708; x_wconf 61' lang='lat' dir='ltr'><strong><em>hate</em></strong></span> <span class='ocrx_word' id='word_1_113' title='bbox 853 1653 1128 1723; x_wconf 82' lang='lat' dir='ltr'><strong><em>Babylone</em></strong></span> <span class='ocrx_word' id='word_1_114' title='bbox 1187 1652 1402 1720; x_wconf 86' lang='lat' dir='ltr'><strong><em>Daniel;</em></strong></span> <span class='ocrx_word' id='word_1_115' title='bbox 1459 1653 1818 1724; x_wconf 80' lang='lat' dir='ltr'><strong><em>quadraginta</em></strong></span> <span class='ocrx_word' id='word_1_116' title='bbox 1865 1669 2059 1708; x_wconf 82' lang='lat' dir='ltr'><strong><em>novem</em></strong></span> 
     </span>
    </p>
   </div>
   <div class='ocr_carea' id='block_1_19' title="bbox 493 1747 2060 1818">
    <p class='ocr_par' dir='ltr' id='par_1_19' title="bbox 493 1747 2060 1818">
     <span class='ocr_line' id='line_1_19' title="bbox 493 1747 2060 1818; baseline 0 -18"><span class='ocrx_word' id='word_1_117' title='bbox 493 1747 659 1818; x_wconf 83' lang='lat' dir='ltr'><strong><em>igitur</em></strong></span> <span class='ocrx_word' id='word_1_118' title='bbox 685 1747 843 1802; x_wconf 88' lang='lat' dir='ltr'><strong><em>annis</em></strong></span> <span class='ocrx_word' id='word_1_119' title='bbox 901 1748 970 1802; x_wconf 87' lang='lat' dir='ltr'><strong><em>ad</em></strong></span> <span class='ocrx_word' id='word_1_120' title='bbox 1003 1747 1325 1816; x_wconf 80' lang='lat' dir='ltr'><strong><em>vigesimum</em></strong></span> <span class='ocrx_word' id='word_1_121' title='bbox 1377 1747 1613 1816; x_wconf 88' lang='lat' dir='ltr'><strong><em>primum</em></strong></span> <span class='ocrx_word' id='word_1_122' title='bbox 1660 1747 1882 1813; x_wconf 86' lang='lat' dir='ltr'><strong><em>additis,</em></strong></span> <span class='ocrx_word' id='word_1_123' title='bbox 1915 1761 2060 1800; x_wconf 86' lang='lat' dir='ltr'><strong><em>com—</em></strong></span> 
     </span>
    </p>
   </div>
   <div class='ocr_carea' id='block_1_20' title="bbox 491 1837 2059 1910">
    <p class='ocr_par' dir='ltr' id='par_1_20' title="bbox 491 1837 2059 1910">
     <span class='ocr_line' id='line_1_20' title="bbox 491 1837 2059 1910; baseline 0.001 -18"><span class='ocrx_word' id='word_1_124' title='bbox 491 1840 712 1908; x_wconf 86' lang='lat' dir='ltr'><strong><em>plentur</em></strong></span> <span class='ocrx_word' id='word_1_125' title='bbox 743 1839 1084 1908; x_wconf 79' lang='lat' dir='ltr'><strong><em>septuaginta</em></strong></span> <span class='ocrx_word' id='word_1_126' title='bbox 1122 1839 1272 1902; x_wconf 89' lang='lat' dir='ltr'><strong><em>anni,</em></strong></span> <span class='ocrx_word' id='word_1_127' title='bbox 1307 1853 1447 1908; x_wconf 87' lang='lat' dir='ltr'><strong><em>quos</em></strong></span> <span class='ocrx_word' id='word_1_128' title='bbox 1481 1839 1672 1895; x_wconf 87' lang='lat' dir='ltr'><strong><em>beatus</em></strong></span> <span class='ocrx_word' id='word_1_129' title='bbox 1705 1837 2059 1910; x_wconf 69' lang='lat' dir='ltr'><strong><em>prazdixitJe-</em></strong></span> 
     </span>
    </p>
   </div>
   <div class='ocr_carea' id='block_1_21' title="bbox 491 1929 2058 2000">
    <p class='ocr_par' dir='ltr' id='par_1_21' title="bbox 491 1929 2058 2000">
     <span class='ocr_line' id='line_1_21' title="bbox 491 1929 2058 2000; baseline 0 -16"><span class='ocrx_word' id='word_1_130' title='bbox 491 1931 732 1985; x_wconf 88' lang='lat' dir='ltr'><strong><em>remias:</em></strong></span> <span class='ocrx_word' id='word_1_131' title='bbox 770 1929 1112 2000; x_wconf 80' lang='lat' dir='ltr'><strong><em>Septuaginta</em></strong></span> <span class='ocrx_word' id='word_1_132' title='bbox 1158 1932 1308 1984; x_wconf 84' lang='lat' dir='ltr'><strong><em>annis</em></strong></span> <span class='ocrx_word' id='word_1_133' title='bbox 1348 1929 1642 1984; x_wconf 86' lang='lat' dir='ltr'><strong><em>desolatam</em></strong></span> <span class='ocrx_word' id='word_1_134' title='bbox 1683 1931 1780 1984; x_wconf 85' lang='lat' dir='ltr'><strong><em>erit</em></strong></span> <span class='ocrx_word' id='word_1_135' title='bbox 1809 1941 2058 1984; x_wconf 85' lang='lat' dir='ltr'><strong><em>sanctua-</em></strong></span> 
     </span>
    </p>
   </div>
   <div class='ocr_carea' id='block_1_22' title="bbox 493 2021 2055 2095">
    <p class='ocr_par' dir='ltr' id='par_1_22' title="bbox 493 2021 2055 2095">
     <span class='ocr_line' id='line_1_22' title="bbox 493 2021 2055 2095; baseline 0 -20"><span class='ocrx_word' id='word_1_136' title='bbox 493 2024 634 2095; x_wconf 84' lang='lat' dir='ltr'><strong><em>rium</em></strong></span> <span class='ocrx_word' id='word_1_137' title='bbox 665 2034 780 2094; x_wconf 89' lang='lat' dir='ltr'><strong><em>post</em></strong></span> <span class='ocrx_word' id='word_1_138' title='bbox 826 2024 1182 2092; x_wconf 84' lang='lat' dir='ltr'><strong><em>captivitatem</em></strong></span> <span class='ocrx_word' id='word_1_139' title='bbox 1237 2040 1268 2076; x_wconf 93' lang='lat' dir='ltr'><strong><em>a</em></strong></span> <span class='ocrx_word' id='word_1_140' title='bbox 1299 2021 1786 2077; x_wconf 82' lang='lat' dir='ltr'><strong><em>Nabuchodonosor</em></strong></span> <span class='ocrx_word' id='word_1_141' title='bbox 1837 2023 2055 2093; x_wconf 79' lang='lat' dir='ltr'><strong><em>factam,</em></strong></span> 
     </span>
    </p>
   </div>
   <div class='ocr_carea' id='block_1_23' title="bbox 493 2115 2059 2186">
    <p class='ocr_par' dir='ltr' id='par_1_23' title="bbox 493 2115 2059 2186">
     <span class='ocr_line' id='line_1_23' title="bbox 493 2115 2059 2186; baseline 0 -18"><span class='ocrx_word' id='word_1_142' title='bbox 493 2125 542 2168; x_wconf 91' lang='lat' dir='ltr'><strong><em>et</em></strong></span> <span class='ocrx_word' id='word_1_143' title='bbox 573 2125 690 2186; x_wconf 90' lang='lat' dir='ltr'><strong><em>post</em></strong></span> <span class='ocrx_word' id='word_1_144' title='bbox 717 2116 827 2170; x_wconf 68' lang='lat' dir='ltr'><strong><em>hare</em></strong></span> <span class='ocrx_word' id='word_1_145' title='bbox 854 2124 1139 2169; x_wconf 87' lang='lat' dir='ltr'><strong><em>revertetur</em></strong></span> <span class='ocrx_word' id='word_1_146' title='bbox 1190 2115 1432 2184; x_wconf 88' lang='lat' dir='ltr'><strong><em>populus,</em></strong></span> <span class='ocrx_word' id='word_1_147' title='bbox 1478 2125 1525 2170; x_wconf 91' lang='lat' dir='ltr'><strong><em>et</em></strong></span> <span class='ocrx_word' id='word_1_148' title='bbox 1575 2115 1825 2184; x_wconf 80' lang='lat' dir='ltr'><strong><em>offeretur</em></strong></span> <span class='ocrx_word' id='word_1_149' title='bbox 1852 2115 2059 2186; x_wconf 83' lang='lat' dir='ltr'><strong><em>sacriﬁ-</em></strong></span> 
     </span>
    </p>
   </div>
   <div class='ocr_carea' id='block_1_24' title="bbox 493 2206 1734 2277">
    <p class='ocr_par' dir='ltr' id='par_1_24' title="bbox 493 2206 1734 2277">
     <span class='ocr_line' id='line_1_24' title="bbox 493 2206 1734 2277; baseline 0.001 -16"><span class='ocrx_word' id='word_1_150' title='bbox 493 2210 656 2272; x_wconf 86' lang='lat' dir='ltr'><strong><em>cium,</em></strong></span> <span class='ocrx_word' id='word_1_151' title='bbox 680 2219 727 2262; x_wconf 87' lang='lat' dir='ltr'><strong><em>et</em></strong></span> <span class='ocrx_word' id='word_1_152' title='bbox 769 2207 988 2274; x_wconf 85' lang='lat' dir='ltr'><strong><em>oblatio,</em></strong></span> <span class='ocrx_word' id='word_1_153' title='bbox 1017 2206 1228 2262; x_wconf 80' lang='lat' dir='ltr'><strong><em>Christo</em></strong></span> <span class='ocrx_word' id='word_1_154' title='bbox 1252 2207 1382 2260; x_wconf 87' lang='lat' dir='ltr'><strong><em>duce</em></strong></span> <span class='ocrx_word' id='word_1_155' title='bbox 1411 2209 1645 2277; x_wconf 87' lang='lat' dir='ltr'><strong><em>ipsorum</em></strong></span> <span class='ocrx_word' id='word_1_156' title='bbox 1669 2207 1734 2262; x_wconf 81' lang='grc'><strong><em>⁸⁸.</em></strong></span> 
     </span>
    </p>
   </div>
   <div class='ocr_carea' id='block_1_25' title="bbox 566 2297 2058 2370">
    <p class='ocr_par' dir='ltr' id='par_1_25' title="bbox 566 2297 2058 2370">
     <span class='ocr_line' id='line_1_25' title="bbox 566 2297 2058 2370; baseline -0.001 -16"><span class='ocrx_word' id='word_1_157' title='bbox 566 2299 708 2354; x_wconf 76' lang='lat' dir='ltr'>XIV.</span> <span class='ocrx_word' id='word_1_158' title='bbox 743 2299 818 2354; x_wconf 89' lang='lat' dir='ltr'><strong><em>De</em></strong></span> <span class='ocrx_word' id='word_1_159' title='bbox 848 2315 958 2370; x_wconf 92' lang='lat' dir='ltr'><strong><em>quo</em></strong></span> <span class='ocrx_word' id='word_1_160' title='bbox 982 2315 1111 2356; x_wconf 87' lang='lat' dir='ltr'><strong><em>vero</em></strong></span> <span class='ocrx_word' id='word_1_161' title='bbox 1137 2297 1352 2354; x_wconf 87' lang='lat' dir='ltr'><strong><em>Cbristo</em></strong></span> <span class='ocrx_word' id='word_1_162' title='bbox 1383 2299 1656 2369; x_wconf 88' lang='lat' dir='ltr'><strong><em>loquitur,</em></strong></span> <span class='ocrx_word' id='word_1_163' title='bbox 1703 2299 1808 2354; x_wconf 89' lang='lat' dir='ltr'><strong><em>nisi</em></strong></span> <span class='ocrx_word' id='word_1_164' title='bbox 1845 2299 1912 2354; x_wconf 92' lang='lat' dir='ltr'><strong><em>de</em></strong></span> <span class='ocrx_word' id='word_1_165' title='bbox 1931 2297 2058 2354; x_wconf 86' lang='lat' dir='ltr'><strong><em>Jesu</em></strong></span> 
     </span>
    </p>
   </div>
   <div class='ocr_carea' id='block_1_26' title="bbox 497 2389 2059 2462">
    <p class='ocr_par' dir='ltr' id='par_1_26' title="bbox 497 2389 2059 2462">
     <span class='ocr_line' id='line_1_26' title="bbox 497 2389 2059 2462; baseline 0.001 -19"><span class='ocrx_word' id='word_1_166' title='bbox 497 2390 609 2444; x_wconf 91' lang='lat' dir='ltr'><strong><em>ﬁlio</em></strong></span> <span class='ocrx_word' id='word_1_167' title='bbox 631 2389 876 2456; x_wconf 86' lang='lat' dir='ltr'><strong><em>.Iosedec,</em></strong></span> <span class='ocrx_word' id='word_1_168' title='bbox 903 2389 998 2460; x_wconf 89' lang='lat' dir='ltr'><strong><em>qui</em></strong></span> <span class='ocrx_word' id='word_1_169' title='bbox 1046 2404 1111 2445; x_wconf 92' lang='lat' dir='ltr'><strong><em>eo</em></strong></span> <span class='ocrx_word' id='word_1_170' title='bbox 1167 2398 1412 2461; x_wconf 90' lang='lat' dir='ltr'><strong><em>tempore</em></strong></span> <span class='ocrx_word' id='word_1_171' title='bbox 1441 2407 1546 2446; x_wconf 90' lang='lat' dir='ltr'><strong><em>una</em></strong></span> <span class='ocrx_word' id='word_1_172' title='bbox 1577 2407 1700 2447; x_wconf 93' lang='lat' dir='ltr'><strong><em>cum</em></strong></span> <span class='ocrx_word' id='word_1_173' title='bbox 1739 2391 1938 2462; x_wconf 83' lang='lat' dir='ltr'><strong><em>pOpulo</em></strong></span> <span class='ocrx_word' id='word_1_174' title='bbox 1973 2405 2059 2446; x_wconf 88' lang='lat' dir='ltr'><strong><em>rc-</em></strong></span> 
     </span>
    </p>
   </div>
   <div class='ocr_carea' id='block_1_27' title="bbox 495 2482 2060 2555">
    <p class='ocr_par' dir='ltr' id='par_1_27' title="bbox 495 2482 2060 2555">
     <span class='ocr_line' id='line_1_27' title="bbox 495 2482 2060 2555; baseline 0.001 -18"><span class='ocrx_word' id='word_1_175' title='bbox 495 2499 690 2538; x_wconf 89' lang='lat' dir='ltr'><strong><em>versns</em></strong></span> <span class='ocrx_word' id='word_1_176' title='bbox 725 2489 829 2548; x_wconf 87' lang='lat' dir='ltr'><strong><em>est,</em></strong></span> <span class='ocrx_word' id='word_1_177' title='bbox 862 2491 913 2538; x_wconf 88' lang='lat' dir='ltr'><strong><em>et</em></strong></span> <span class='ocrx_word' id='word_1_178' title='bbox 955 2482 1354 2555; x_wconf 83' lang='lat' dir='ltr'><strong><em>septuagesimo</em></strong></span> <span class='ocrx_word' id='word_1_179' title='bbox 1383 2499 1526 2538; x_wconf 89' lang='lat' dir='ltr'><strong><em>anno</em></strong></span> <span class='ocrx_word' id='word_1_180' title='bbox 1552 2484 1862 2538; x_wconf 85' lang='lat' dir='ltr'><strong><em>sanctuario</em></strong></span> <span class='ocrx_word' id='word_1_181' title='bbox 1891 2483 2060 2538; x_wconf 72' lang='lat' dir='ltr'><strong><em>aediﬁ-</em></strong></span> 
     </span>
    </p>
   </div>
   <div class='ocr_carea' id='block_1_28' title="bbox 495 2574 2060 2644">
    <p class='ocr_par' dir='ltr' id='par_1_28' title="bbox 495 2574 2060 2644">
     <span class='ocr_line' id='line_1_28' title="bbox 495 2574 2060 2644; baseline 0.001 -16"><span class='ocrx_word' id='word_1_182' title='bbox 495 2584 640 2640; x_wconf 88' lang='lat' dir='ltr'><strong><em>cato,</em></strong></span> <span class='ocrx_word' id='word_1_183' title='bbox 674 2574 991 2630; x_wconf 88' lang='lat' dir='ltr'><strong><em>obtulerunt</em></strong></span> <span class='ocrx_word' id='word_1_184' title='bbox 1023 2576 1350 2631; x_wconf 88' lang='lat' dir='ltr'><strong><em>sacriﬁcium</em></strong></span> <span class='ocrx_word' id='word_1_185' title='bbox 1381 2577 1679 2632; x_wconf 87' lang='lat' dir='ltr'><strong><em>secundum</em></strong></span> <span class='ocrx_word' id='word_1_186' title='bbox 1703 2576 1911 2644; x_wconf 85' lang='lat' dir='ltr'><strong><em>legem?</em></strong></span> <span class='ocrx_word' id='word_1_187' title='bbox 1939 2575 2060 2630; x_wconf 89' lang='lat' dir='ltr'><strong><em>0m-</em></strong></span> 
     </span>
    </p>
   </div>
   <div class='ocr_carea' id='block_1_29' title="bbox 498 2665 2058 2736">
    <p class='ocr_par' dir='ltr' id='par_1_29' title="bbox 498 2665 2058 2736">
     <span class='ocr_line' id='line_1_29' title="bbox 498 2665 2058 2736; baseline 0.002 -19"><span class='ocrx_word' id='word_1_188' title='bbox 498 2679 597 2718; x_wconf 89' lang='lat' dir='ltr'><strong><em>ncs</em></strong></span> <span class='ocrx_word' id='word_1_189' title='bbox 629 2665 771 2719; x_wconf 88' lang='lat' dir='ltr'><strong><em>enim</em></strong></span> <span class='ocrx_word' id='word_1_190' title='bbox 803 2680 958 2736; x_wconf 82' lang='lat' dir='ltr'><strong><em>reges</em></strong></span> <span class='ocrx_word' id='word_1_191' title='bbox 980 2677 1033 2722; x_wconf 92' lang='lat' dir='ltr'><strong><em>et</em></strong></span> <span class='ocrx_word' id='word_1_192' title='bbox 1063 2667 1371 2722; x_wconf 89' lang='lat' dir='ltr'><strong><em>sacerdotes</em></strong></span> <span class='ocrx_word' id='word_1_193' title='bbox 1403 2667 1810 2736; x_wconf 84' lang='lat' dir='ltr'><strong><em>appellabantur</em></strong></span> <span class='ocrx_word' id='word_1_194' title='bbox 1833 2666 2058 2736; x_wconf 86' lang='lat' dir='ltr'><strong><em>Christi,</em></strong></span> 
     </span>
    </p>
   </div>
   <div class='ocr_carea' id='block_1_30' title="bbox 497 2757 2060 2830">
    <p class='ocr_par' dir='ltr' id='par_1_30' title="bbox 497 2757 2060 2830">
     <span class='ocr_line' id='line_1_30' title="bbox 497 2757 2060 2830; baseline 0.002 -20"><span class='ocrx_word' id='word_1_195' title='bbox 497 2765 784 2826; x_wconf 83' lang='lat' dir='ltr'><strong><em>propterea</em></strong></span> <span class='ocrx_word' id='word_1_196' title='bbox 817 2758 961 2828; x_wconf 91' lang='lat' dir='ltr'><strong><em>quod</em></strong></span> <span class='ocrx_word' id='word_1_197' title='bbox 1000 2759 1102 2830; x_wconf 89' lang='lat' dir='ltr'><strong><em>ipsi</em></strong></span> <span class='ocrx_word' id='word_1_198' title='bbox 1136 2757 1254 2814; x_wconf 89' lang='lat' dir='ltr'><strong><em>oleo</em></strong></span> <span class='ocrx_word' id='word_1_199' title='bbox 1279 2768 1488 2822; x_wconf 87' lang='lat' dir='ltr'><strong><em>sancto,</em></strong></span> <span class='ocrx_word' id='word_1_200' title='bbox 1518 2761 1664 2828; x_wconf 89' lang='lat' dir='ltr'><strong><em>quod</em></strong></span> <span class='ocrx_word' id='word_1_201' title='bbox 1693 2759 1904 2828; x_wconf 88' lang='lat' dir='ltr'><strong><em>paravit</em></strong></span> <span class='ocrx_word' id='word_1_202' title='bbox 1930 2760 2060 2814; x_wconf 86' lang='lat' dir='ltr'><strong><em>olim</em></strong></span> 
     </span>
    </p>
   </div>
   <div class='ocr_carea' id='block_1_31' title="bbox 498 2847 2062 2922">
    <p class='ocr_par' dir='ltr' id='par_1_31' title="bbox 498 2847 2062 2922">
     <span class='ocr_line' id='line_1_31' title="bbox 498 2847 2062 2922; baseline 0.003 -21"><span class='ocrx_word' id='word_1_203' title='bbox 498 2847 736 2920; x_wconf 85' lang='lat' dir='ltr'><strong><em>Moyses,</em></strong></span> <span class='ocrx_word' id='word_1_204' title='bbox 769 2850 1129 2922; x_wconf 87' lang='lat' dir='ltr'><strong><em>ungebantur.</em></strong></span> <span class='ocrx_word' id='word_1_205' title='bbox 1162 2849 1228 2903; x_wconf 89' lang='lat' dir='ltr'><strong><em>lli</em></strong></span> <span class='ocrx_word' id='word_1_206' title='bbox 1261 2851 1423 2920; x_wconf 77' lang='lat' dir='ltr'><strong><em>igitur</em></strong></span> <span class='ocrx_word' id='word_1_207' title='bbox 1453 2849 1666 2905; x_wconf 90' lang='lat' dir='ltr'><strong><em>Domini</em></strong></span> <span class='ocrx_word' id='word_1_208' title='bbox 1693 2866 1890 2906; x_wconf 88' lang='lat' dir='ltr'><strong><em>nomen</em></strong></span> <span class='ocrx_word' id='word_1_209' title='bbox 1922 2850 2062 2906; x_wconf 78' lang='lat' dir='ltr'><strong><em>lere-</em></strong></span> 
     </span>
    </p>
   </div>
   <div class='ocr_carea' id='block_1_32' title="bbox 500 2940 2065 3014">
    <p class='ocr_par' dir='ltr' id='par_1_32' title="bbox 500 2940 2065 3014">
     <span class='ocr_line' id='line_1_32' title="bbox 500 2940 2065 3014; baseline 0.003 -21"><span class='ocrx_word' id='word_1_210' title='bbox 500 2941 654 3007; x_wconf 87' lang='lat' dir='ltr'><strong><em>bant,</em></strong></span> <span class='ocrx_word' id='word_1_211' title='bbox 678 2940 734 2994; x_wconf 92' lang='lat' dir='ltr'><strong><em>in</em></strong></span> <span class='ocrx_word' id='word_1_212' title='bbox 769 2942 964 3012; x_wconf 91' lang='lat' dir='ltr'><strong><em>seipsis</em></strong></span> <span class='ocrx_word' id='word_1_213' title='bbox 1007 2942 1233 3014; x_wconf 88' lang='lat' dir='ltr'><strong><em>ﬁguram</em></strong></span> <span class='ocrx_word' id='word_1_214' title='bbox 1281 2951 1760 3012; x_wconf 66' lang='lat' dir='ltr'><strong><em>praemonstrantes</em></strong></span> <span class='ocrx_word' id='word_1_215' title='bbox 1787 2953 1840 3000; x_wconf 89' lang='lat' dir='ltr'><strong><em>et</em></strong></span> <span class='ocrx_word' id='word_1_216' title='bbox 1869 2943 2065 3014; x_wconf 81' lang='lat' dir='ltr'><strong><em>imagi-</em></strong></span> 
     </span>
    </p>
   </div>
   <div class='ocr_carea' id='block_1_33' title="bbox 500 3030 2062 3104">
    <p class='ocr_par' dir='ltr' id='par_1_33' title="bbox 500 3030 2062 3104">
     <span class='ocr_line' id='line_1_33' title="bbox 500 3030 2062 3104; baseline 0.004 -22"><span class='ocrx_word' id='word_1_217' title='bbox 500 3046 620 3084; x_wconf 88' lang='lat' dir='ltr'><strong><em>nem</em></strong></span> <span class='ocrx_word' id='word_1_218' title='bbox 653 3030 1033 3101; x_wconf 82' lang='lat' dir='ltr'><strong><em>praeferentes,</em></strong></span> <span class='ocrx_word' id='word_1_219' title='bbox 1085 3034 1264 3103; x_wconf 87' lang='lat' dir='ltr'><strong><em>quoad</em></strong></span> <span class='ocrx_word' id='word_1_220' title='bbox 1324 3047 1497 3102; x_wconf 88' lang='lat' dir='ltr'><strong><em>usque</em></strong></span> <span class='ocrx_word' id='word_1_221' title='bbox 1525 3047 1556 3088; x_wconf 90' lang='lat' dir='ltr'><strong><em>e</em></strong></span> <span class='ocrx_word' id='word_1_222' title='bbox 1605 3034 1758 3088; x_wconf 61' lang='lat' dir='ltr'><strong><em>caelis</em></strong></span> <span class='ocrx_word' id='word_1_223' title='bbox 1789 3033 2062 3104; x_wconf 77' lang='lat' dir='ltr'><strong><em>perlectus</em></strong></span> 
     </span>
    </p>
   </div>
   <div class='ocr_carea' id='block_1_34' title="bbox 497 3121 2135 3211">
    <p class='ocr_par' dir='ltr' id='par_1_34' title="bbox 497 3121 2135 3211">
     <span class='ocr_line' id='line_1_34' title="bbox 497 3121 2135 3211; baseline 0.001 -33"><span class='ocrx_word' id='word_1_224' title='bbox 497 3121 632 3190; x_wconf 69' lang='lat' dir='ltr'><strong><em>Rex,</em></strong></span> <span class='ocrx_word' id='word_1_225' title='bbox 664 3133 718 3179; x_wconf 88' lang='lat' dir='ltr'><strong><em>et</em></strong></span> <span class='ocrx_word' id='word_1_226' title='bbox 757 3123 1022 3181; x_wconf 87' lang='lat' dir='ltr'><strong><em>Sacerdos</em></strong></span> <span class='ocrx_word' id='word_1_227' title='bbox 1065 3135 1365 3196; x_wconf 87' lang='lat' dir='ltr'><strong><em>appareret,</em></strong></span> <span class='ocrx_word' id='word_1_228' title='bbox 1403 3127 1493 3196; x_wconf 89' lang='lat' dir='ltr'><strong><em>qui</em></strong></span> <span class='ocrx_word' id='word_1_229' title='bbox 1528 3125 1676 3182; x_wconf 91' lang='lat' dir='ltr'><strong><em>solus</em></strong></span> <span class='ocrx_word' id='word_1_230' title='bbox 1731 3127 2061 3182; x_wconf 83' lang='lat' dir='ltr'><strong><em>voluntatem</em></strong></span> <span class='ocrx_word' id='word_1_231' title='bbox 2091 3153 2135 3211; x_wconf 68' lang='grc' dir='ltr'><strong><em>ρ</em></strong></span> 
     </span>
    </p>
   </div>
   <div class='ocr_carea' id='block_1_35' title="bbox 499 3213 2061 3288">
    <p class='ocr_par' dir='ltr' id='par_1_35' title="bbox 499 3213 2061 3288">
     <span class='ocr_line' id='line_1_35' title="bbox 499 3213 2061 3288; baseline 0.005 -23"><span class='ocrx_word' id='word_1_232' title='bbox 499 3213 680 3269; x_wconf 84' lang='lat' dir='ltr'><strong><em>Patris</em></strong></span> <span class='ocrx_word' id='word_1_233' title='bbox 707 3213 857 3280; x_wconf 78' lang='lat' dir='ltr'><strong><em>fecit,</em></strong></span> <span class='ocrx_word' id='word_1_234' title='bbox 893 3215 1036 3271; x_wconf 87' lang='lat' dir='ltr'><strong><em>sicut</em></strong></span> <span class='ocrx_word' id='word_1_235' title='bbox 1059 3226 1113 3271; x_wconf 92' lang='lat' dir='ltr'><strong><em>et</em></strong></span> <span class='ocrx_word' id='word_1_236' title='bbox 1140 3217 1194 3270; x_wconf 90' lang='lat' dir='ltr'><strong><em>in</em></strong></span> <span class='ocrx_word' id='word_1_237' title='bbox 1220 3214 1428 3288; x_wconf 83' lang='lat' dir='ltr'><strong><em>Regum</em></strong></span> <span class='ocrx_word' id='word_1_238' title='bbox 1458 3217 1610 3271; x_wconf 90' lang='lat' dir='ltr'><strong><em>libris</em></strong></span> <span class='ocrx_word' id='word_1_239' title='bbox 1635 3218 1894 3288; x_wconf 85' lang='lat' dir='ltr'><strong><em>scriptum</em></strong></span> <span class='ocrx_word' id='word_1_240' title='bbox 1931 3226 2014 3272; x_wconf 89' lang='lat' dir='ltr'><strong><em>est</em></strong></span> <span class='ocrx_word' id='word_1_241' title='bbox 2045 3235 2061 3273; x_wconf 92' lang='lat'><strong>:</strong></span> 
     </span>
    </p>
   </div>
   <div class='ocr_carea' id='block_1_36' title="bbox 501 3304 2064 3382">
    <p class='ocr_par' dir='ltr' id='par_1_36' title="bbox 501 3304 2064 3382">
     <span class='ocr_line' id='line_1_36' title="bbox 501 3304 2064 3382; baseline 0.004 -24"><span class='ocrx_word' id='word_1_242' title='bbox 501 3304 570 3358; x_wconf 88' lang='lat' dir='ltr'><strong><em>Et</em></strong></span> <span class='ocrx_word' id='word_1_243' title='bbox 593 3307 860 3361; x_wconf 85' lang='lat' dir='ltr'><strong><em>suscitabo</em></strong></span> <span class='ocrx_word' id='word_1_244' title='bbox 887 3309 1016 3362; x_wconf 87' lang='lat' dir='ltr'><strong><em>mihi</em></strong></span> <span class='ocrx_word' id='word_1_245' title='bbox 1051 3309 1153 3382; x_wconf 82' lang='lat' dir='ltr'><strong><em>ipsi</em></strong></span> <span class='ocrx_word' id='word_1_246' title='bbox 1175 3309 1498 3364; x_wconf 85' lang='lat' dir='ltr'><strong><em>sacerdotem</em></strong></span> <span class='ocrx_word' id='word_1_247' title='bbox 1537 3309 1764 3380; x_wconf 81' lang='lat' dir='ltr'><strong><em>ﬁdelem,</em></strong></span> <span class='ocrx_word' id='word_1_248' title='bbox 1793 3311 1882 3380; x_wconf 87' lang='lat' dir='ltr'><strong><em>qui</em></strong></span> <span class='ocrx_word' id='word_1_249' title='bbox 1906 3309 2064 3380; x_wconf 81' lang='lat' dir='ltr'><strong><em>faciet</em></strong></span> 
     </span>
    </p>
   </div>
   <div class='ocr_carea' id='block_1_37' title="bbox 500 3399 1400 3455">
    <p class='ocr_par' dir='ltr' id='par_1_37' title="bbox 500 3399 1400 3455">
     <span class='ocr_line' id='line_1_37' title="bbox 500 3399 1400 3455; baseline 0.006 -5"><span class='ocrx_word' id='word_1_250' title='bbox 500 3399 681 3451; x_wconf 89' lang='lat' dir='ltr'><strong><em>omnia</em></strong></span> <span class='ocrx_word' id='word_1_251' title='bbox 705 3401 991 3452; x_wconf 85' lang='lat' dir='ltr'><strong><em>secundum</em></strong></span> <span class='ocrx_word' id='word_1_252' title='bbox 1012 3417 1104 3454; x_wconf 90' lang='lat' dir='ltr'><strong><em>cor</em></strong></span> <span class='ocrx_word' id='word_1_253' title='bbox 1134 3417 1304 3454; x_wconf 90' lang='lat' dir='ltr'><strong><em>meum</em></strong></span> <span class='ocrx_word' id='word_1_254' title='bbox 1331 3401 1400 3455; x_wconf 82' lang='grc'><strong><em>⁸⁷.</em></strong></span> 
     </span>
    </p>
   </div>
   <div class='ocr_carea' id='block_1_38' title="bbox 573 3490 2067 3564">
    <p class='ocr_par' dir='ltr' id='par_1_38' title="bbox 573 3490 2067 3564">
     <span class='ocr_line' id='line_1_38' title="bbox 573 3490 2067 3564; baseline 0.003 -20"><span class='ocrx_word' id='word_1_255' title='bbox 573 3491 689 3547; x_wconf 77' lang='lat' dir='ltr'><strong><em>XV.</em></strong></span> <span class='ocrx_word' id='word_1_256' title='bbox 721 3490 793 3548; x_wconf 88' lang='lat' dir='ltr'><strong><em>Ut</em></strong></span> <span class='ocrx_word' id='word_1_257' title='bbox 821 3493 984 3564; x_wconf 84' lang='lat' dir='ltr'><strong><em>igitur</em></strong></span> <span class='ocrx_word' id='word_1_258' title='bbox 1013 3493 1320 3548; x_wconf 88' lang='lat' dir='ltr'><strong><em>ostenderet</em></strong></span> <span class='ocrx_word' id='word_1_259' title='bbox 1339 3501 1552 3563; x_wconf 86' lang='lat' dir='ltr'><strong><em>tempus</em></strong></span> <span class='ocrx_word' id='word_1_260' title='bbox 1607 3507 1718 3563; x_wconf 90' lang='lat' dir='ltr'><strong><em>quo</em></strong></span> <span class='ocrx_word' id='word_1_261' title='bbox 1768 3493 1858 3548; x_wconf 91' lang='lat' dir='ltr'><strong><em>ille</em></strong></span> <span class='ocrx_word' id='word_1_262' title='bbox 1909 3492 2067 3549; x_wconf 80' lang='lat' dir='ltr'><strong><em>adfu-</em></strong></span> 
     </span>
    </p>
   </div>
   <div class='ocr_carea' id='block_1_39' title="bbox 503 3583 2064 3655">
    <p class='ocr_par' dir='ltr' id='par_1_39' title="bbox 503 3583 2064 3655">
     <span class='ocr_line' id='line_1_39' title="bbox 503 3583 2064 3655; baseline 0.004 -21"><span class='ocrx_word' id='word_1_263' title='bbox 503 3590 660 3636; x_wconf 90' lang='lat' dir='ltr'><strong><em>turus</em></strong></span> <span class='ocrx_word' id='word_1_264' title='bbox 689 3591 826 3646; x_wconf 88' lang='lat' dir='ltr'><strong><em>erat,</em></strong></span> <span class='ocrx_word' id='word_1_265' title='bbox 871 3598 1032 3652; x_wconf 89' lang='lat' dir='ltr'><strong><em>quem</em></strong></span> <span class='ocrx_word' id='word_1_266' title='bbox 1095 3583 1287 3639; x_wconf 87' lang='lat' dir='ltr'><strong><em>beatus</em></strong></span> <span class='ocrx_word' id='word_1_267' title='bbox 1334 3583 1521 3638; x_wconf 85' lang='lat' dir='ltr'><strong><em>Daniel</em></strong></span> <span class='ocrx_word' id='word_1_268' title='bbox 1555 3583 1738 3639; x_wconf 89' lang='lat' dir='ltr'><strong><em>videre</em></strong></span> <span class='ocrx_word' id='word_1_269' title='bbox 1791 3585 2064 3655; x_wconf 87' lang='lat' dir='ltr'><strong><em>cupiebat,</em></strong></span> 
     </span>
    </p>
   </div>
   <div class='ocr_carea' id='block_1_40' title="bbox 503 3671 2069 3748">
    <p class='ocr_par' dir='ltr' id='par_1_40' title="bbox 503 3671 2069 3748">
     <span class='ocr_line' id='line_1_40' title="bbox 503 3671 2069 3748; baseline 0.003 -22"><span class='ocrx_word' id='word_1_270' title='bbox 503 3671 638 3727; x_wconf 88' lang='lat' dir='ltr'><strong><em>dicit</em></strong></span> <span class='ocrx_word' id='word_1_271' title='bbox 669 3691 684 3728; x_wconf 90' lang='lat'><strong>:</strong></span> <span class='ocrx_word' id='word_1_272' title='bbox 713 3671 782 3726; x_wconf 89' lang='lat' dir='ltr'><strong><em>Et</em></strong></span> <span class='ocrx_word' id='word_1_273' title='bbox 828 3683 947 3743; x_wconf 85' lang='lat' dir='ltr'><strong><em>post</em></strong></span> <span class='ocrx_word' id='word_1_274' title='bbox 1001 3685 1196 3744; x_wconf 84' lang='lat' dir='ltr'><strong><em>septem</em></strong></span> <span class='ocrx_word' id='word_1_275' title='bbox 1239 3675 1604 3744; x_wconf 87' lang='lat' dir='ltr'><strong><em>hebdomades,</em></strong></span> <span class='ocrx_word' id='word_1_276' title='bbox 1641 3675 1764 3730; x_wconf 72' lang='lat' dir='ltr'><strong><em>alia:</em></strong></span> <span class='ocrx_word' id='word_1_277' title='bbox 1791 3678 2069 3748; x_wconf 72' lang='lat' dir='ltr'><strong><em>sexaginta</em></strong></span> 
     </span>
    </p>
   </div>
   <div class='ocr_carea' id='block_1_41' title="bbox 503 3766 2072 3842">
    <p class='ocr_par' dir='ltr' id='par_1_41' title="bbox 503 3766 2072 3842">
     <span class='ocr_line' id='line_1_41' title="bbox 503 3766 2072 3842; baseline 0.005 -24"><span class='ocrx_word' id='word_1_278' title='bbox 503 3767 623 3819; x_wconf 77' lang='lat' dir='ltr'><strong><em>date</em></strong></span> <span class='ocrx_word' id='word_1_279' title='bbox 640 3766 1008 3834; x_wconf 88' lang='lat' dir='ltr'><strong><em>hebdomades,</em></strong></span> <span class='ocrx_word' id='word_1_280' title='bbox 1026 3783 1146 3837; x_wconf 82' lang='lat' dir='ltr'><strong><em>quae</em></strong></span> <span class='ocrx_word' id='word_1_281' title='bbox 1162 3769 1679 3842; x_wconf 85' lang='lat' dir='ltr'><strong><em>quadringentorum</em></strong></span> <span class='ocrx_word' id='word_1_282' title='bbox 1703 3771 1917 3842; x_wconf 83' lang='lat' dir='ltr'><strong><em>triginta</em></strong></span> <span class='ocrx_word' id='word_1_283' title='bbox 1935 3787 2072 3841; x_wconf 85' lang='lat' dir='ltr'><strong><em>qua-</em></strong></span> 
     </span>
    </p>
   </div>
   <div class='ocr_carea' id='block_1_42' title="bbox 507 3862 2070 3932">
    <p class='ocr_par' dir='ltr' id='par_1_42' title="bbox 507 3862 2070 3932">
     <span class='ocr_line' id='line_1_42' title="bbox 507 3862 2070 3932; baseline 0.005 -20"><span class='ocrx_word' id='word_1_284' title='bbox 507 3869 630 3913; x_wconf 91' lang='lat' dir='ltr'><strong><em>tuor</em></strong></span> <span class='ocrx_word' id='word_1_285' title='bbox 653 3873 920 3915; x_wconf 87' lang='lat' dir='ltr'><strong><em>annorum</em></strong></span> <span class='ocrx_word' id='word_1_286' title='bbox 955 3869 1170 3930; x_wconf 88' lang='lat' dir='ltr'><strong><em>tempus</em></strong></span> <span class='ocrx_word' id='word_1_287' title='bbox 1225 3863 1526 3918; x_wconf 85' lang='lat' dir='ltr'><strong><em>continent.</em></strong></span> <span class='ocrx_word' id='word_1_288' title='bbox 1591 3862 1892 3932; x_wconf 86' lang='lat' dir='ltr'><strong><em>Postquam</em></strong></span> <span class='ocrx_word' id='word_1_289' title='bbox 1924 3867 2070 3920; x_wconf 89' lang='lat' dir='ltr'><strong><em>enim</em></strong></span> 
     </span>
    </p>
   </div>
   <div class='ocr_carea' id='block_1_43' title="bbox 509 3955 2070 4030">
    <p class='ocr_par' dir='ltr' id='par_1_43' title="bbox 509 3955 2070 4030">
     <span class='ocr_line' id='line_1_43' title="bbox 509 3955 2070 4030; baseline 0.008 -26"><span class='ocrx_word' id='word_1_290' title='bbox 509 3968 758 4009; x_wconf 89' lang='lat' dir='ltr'><strong><em>reversus</em></strong></span> <span class='ocrx_word' id='word_1_291' title='bbox 785 3963 869 4010; x_wconf 91' lang='lat' dir='ltr'><strong><em>est</em></strong></span> <span class='ocrx_word' id='word_1_292' title='bbox 917 3955 1150 4026; x_wconf 85' lang='lat' dir='ltr'><strong><em>populus</em></strong></span> <span class='ocrx_word' id='word_1_293' title='bbox 1203 3972 1270 4012; x_wconf 78' lang='lat' dir='ltr'><strong><em>ex</em></strong></span> <span class='ocrx_word' id='word_1_294' title='bbox 1303 3957 1618 4028; x_wconf 85' lang='lat' dir='ltr'><strong><em>Babylonia,</em></strong></span> <span class='ocrx_word' id='word_1_295' title='bbox 1651 3959 1788 4015; x_wconf 89' lang='lat' dir='ltr'><strong><em>duce</em></strong></span> <span class='ocrx_word' id='word_1_296' title='bbox 1825 3961 2070 4030; x_wconf 90' lang='lat' dir='ltr'><strong><em>ipsorum</em></strong></span> 
     </span>
    </p>
   </div>
   <div class='ocr_carea' id='block_1_44' title="bbox 505 4043 2074 4117">
    <p class='ocr_par' dir='ltr' id='par_1_44' title="bbox 505 4043 2074 4117">
     <span class='ocr_line' id='line_1_44' title="bbox 505 4043 2074 4117; baseline 0.006 -18"><span class='ocrx_word' id='word_1_297' title='bbox 505 4043 635 4100; x_wconf 82' lang='lat' dir='ltr'><strong><em>Jesu</em></strong></span> <span class='ocrx_word' id='word_1_298' title='bbox 689 4046 801 4101; x_wconf 89' lang='lat' dir='ltr'><strong><em>ﬁlio</em></strong></span> <span class='ocrx_word' id='word_1_299' title='bbox 849 4045 1099 4117; x_wconf 83' lang='lat' dir='ltr'><strong><em>Josedec,</em></strong></span> <span class='ocrx_word' id='word_1_300' title='bbox 1133 4057 1187 4105; x_wconf 93' lang='lat' dir='ltr'><strong><em>et</em></strong></span> <span class='ocrx_word' id='word_1_301' title='bbox 1231 4049 1403 4104; x_wconf 87' lang='lat' dir='ltr'><strong><em>Esdra</em></strong></span> <span class='ocrx_word' id='word_1_302' title='bbox 1455 4051 1652 4115; x_wconf 87' lang='lat' dir='ltr'><strong><em>scriba.</em></strong></span> <span class='ocrx_word' id='word_1_303' title='bbox 1687 4060 1741 4106; x_wconf 88' lang='lat' dir='ltr'><strong><em>et</em></strong></span> <span class='ocrx_word' id='word_1_304' title='bbox 1773 4051 2074 4109; x_wconf 88' lang='lat' dir='ltr'><strong><em>Zorobabel</em></strong></span> 
     </span>
    </p>
   </div>
   <div class='ocr_carea' id='block_1_45' title="bbox 507 4136 2074 4216">
    <p class='ocr_par' dir='ltr' id='par_1_45' title="bbox 507 4136 2074 4216">
     <span class='ocr_line' id='line_1_45' title="bbox 507 4136 2074 4216; baseline 0.007 -26"><span class='ocrx_word' id='word_1_305' title='bbox 507 4137 618 4192; x_wconf 84' lang='lat' dir='ltr'><strong><em>lilio</em></strong></span> <span class='ocrx_word' id='word_1_306' title='bbox 640 4136 902 4196; x_wconf 87' lang='lat' dir='ltr'><strong><em>Salathiel</em></strong></span> <span class='ocrx_word' id='word_1_307' title='bbox 934 4157 1002 4196; x_wconf 85' lang='lat' dir='ltr'><strong><em>ex</em></strong></span> <span class='ocrx_word' id='word_1_308' title='bbox 1039 4143 1182 4198; x_wconf 88' lang='lat' dir='ltr'><strong><em>tribu</em></strong></span> <span class='ocrx_word' id='word_1_309' title='bbox 1214 4142 1404 4210; x_wconf 87' lang='lat' dir='ltr'><strong><em>David,</em></strong></span> <span class='ocrx_word' id='word_1_310' title='bbox 1435 4143 1818 4215; x_wconf 84' lang='lat' dir='ltr'><strong><em>quadringenti</em></strong></span> <span class='ocrx_word' id='word_1_311' title='bbox 1855 4147 2074 4216; x_wconf 87' lang='lat' dir='ltr'><strong><em>triginta</em></strong></span> 
     </span>
    </p>
   </div>
   <div class='ocr_carea' id='block_1_46' title="bbox 509 4232 2071 4305">
    <p class='ocr_par' dir='ltr' id='par_1_46' title="bbox 509 4232 2071 4305">
     <span class='ocr_line' id='line_1_46' title="bbox 509 4232 2071 4305; baseline 0.005 -21"><span class='ocrx_word' id='word_1_312' title='bbox 509 4241 742 4298; x_wconf 87' lang='lat' dir='ltr'><strong><em>quatuor</em></strong></span> <span class='ocrx_word' id='word_1_313' title='bbox 775 4233 905 4288; x_wconf 88' lang='lat' dir='ltr'><strong><em>anni</em></strong></span> <span class='ocrx_word' id='word_1_314' title='bbox 954 4232 1176 4289; x_wconf 82' lang='lat' dir='ltr'><strong><em>fuerunt</em></strong></span> <span class='ocrx_word' id='word_1_315' title='bbox 1211 4250 1386 4304; x_wconf 85' lang='lat' dir='ltr'><strong><em>usque</em></strong></span> <span class='ocrx_word' id='word_1_316' title='bbox 1408 4235 1476 4290; x_wconf 89' lang='lat' dir='ltr'><strong><em>ad</em></strong></span> <span class='ocrx_word' id='word_1_317' title='bbox 1505 4235 1794 4291; x_wconf 87' lang='lat' dir='ltr'><strong><em>adventum</em></strong></span> <span class='ocrx_word' id='word_1_318' title='bbox 1842 4237 2071 4305; x_wconf 85' lang='lat' dir='ltr'><strong><em>Christi,</em></strong></span> 
     </span>
    </p>
   </div>
   <div class='ocr_carea' id='block_1_47' title="bbox 511 4321 2075 4400">
    <p class='ocr_par' dir='ltr' id='par_1_47' title="bbox 511 4321 2075 4400">
     <span class='ocr_line' id='line_1_47' title="bbox 511 4321 2075 4400; baseline 0.006 -24"><span class='ocrx_word' id='word_1_319' title='bbox 511 4333 570 4376; x_wconf 93' lang='lat' dir='ltr'><strong><em>ut</em></strong></span> <span class='ocrx_word' id='word_1_320' title='bbox 595 4321 869 4380; x_wconf 86' lang='lat' dir='ltr'><strong><em>Sacerdos</em></strong></span> <span class='ocrx_word' id='word_1_321' title='bbox 903 4326 1246 4380; x_wconf 88' lang='lat' dir='ltr'><strong><em>sacerdotum</em></strong></span> <span class='ocrx_word' id='word_1_322' title='bbox 1269 4326 1324 4380; x_wconf 89' lang='lat' dir='ltr'><strong><em>in</em></strong></span> <span class='ocrx_word' id='word_1_323' title='bbox 1345 4328 1548 4382; x_wconf 91' lang='lat' dir='ltr'><strong><em>mundo</em></strong></span> <span class='ocrx_word' id='word_1_324' title='bbox 1567 4339 1871 4398; x_wconf 87' lang='lat' dir='ltr'><strong><em>appareret,</em></strong></span> <span class='ocrx_word' id='word_1_325' title='bbox 1901 4341 1953 4384; x_wconf 91' lang='lat' dir='ltr'><strong><em>et</em></strong></span> <span class='ocrx_word' id='word_1_326' title='bbox 1981 4330 2075 4400; x_wconf 87' lang='lat' dir='ltr'><strong><em>qui</em></strong></span> 
     </span>
    </p>
   </div>
   <div class='ocr_carea' id='block_1_48' title="bbox 509 4407 2078 4486">
    <p class='ocr_par' dir='ltr' id='par_1_48' title="bbox 509 4407 2078 4486">
     <span class='ocr_line' id='line_1_48' title="bbox 509 4407 2078 4486; baseline 0.005 -20"><span class='ocrx_word' id='word_1_327' title='bbox 509 4412 652 4467; x_wconf 89' lang='lat' dir='ltr'><strong><em>tollit</em></strong></span> <span class='ocrx_word' id='word_1_328' title='bbox 697 4425 920 4484; x_wconf 88' lang='lat' dir='ltr'><strong><em>peccata</em></strong></span> <span class='ocrx_word' id='word_1_329' title='bbox 968 4417 1158 4470; x_wconf 88' lang='lat' dir='ltr'><strong><em>mundi</em></strong></span> <span class='ocrx_word' id='word_1_330' title='bbox 1221 4407 1405 4486; x_wconf 86' lang='lat' dir='ltr'><strong><em>aperte</em></strong></span> <span class='ocrx_word' id='word_1_331' title='bbox 1473 4425 1884 4484; x_wconf 84' lang='lat' dir='ltr'><strong><em>ostenderetur,</em></strong></span> <span class='ocrx_word' id='word_1_332' title='bbox 1928 4419 2078 4476; x_wconf 80' lang='lat' dir='ltr'><strong><em>sicut</em></strong></span> 
     </span>
    </p>
   </div>
   <div class='ocr_carea' id='block_1_49' title="bbox 2153 534 3683 612">
    <p class='ocr_par' dir='ltr' id='par_1_49' title="bbox 2153 534 3683 612">
     <span class='ocr_line' id='line_1_49' title="bbox 2153 534 3683 612; baseline -0.007 -15"><span class='ocrx_word' id='word_1_333' title='bbox 2153 543 2256 598; x_wconf 89' lang='grc' dir='ltr'><strong><em>τοῦ</em></strong></span> <span class='ocrx_word' id='word_1_334' title='bbox 2282 543 2606 612; x_wconf 69' lang='grc' dir='ltr'><em>σφραγῒσαι</em></span> <span class='ocrx_word' id='word_1_335' title='bbox 2649 543 2956 611; x_wconf 81' lang='grc' dir='ltr'>ἁμαρτίας,</span> <span class='ocrx_word' id='word_1_336' title='bbox 2985 541 3084 593; x_wconf 74' lang='grc' dir='ltr'>καὶ</span> <span class='ocrx_word' id='word_1_337' title='bbox 3115 539 3218 593; x_wconf 87' lang='grc' dir='ltr'><strong><em>τοῦ</em></strong></span> <span class='ocrx_word' id='word_1_338' title='bbox 3245 534 3561 603; x_wconf 72' lang='grc' dir='ltr'><strong><em>ἀπαλεῖψαι</em></strong></span> <span class='ocrx_word' id='word_1_339' title='bbox 3585 535 3683 588; x_wconf 71' lang='grc' dir='ltr'><strong><em>ἀει·</em></strong></span> 
     </span>
    </p>
   </div>
   <div class='ocr_carea' id='block_1_50' title="bbox 2152 623 3683 700">
    <p class='ocr_par' dir='ltr' id='par_1_50' title="bbox 2152 623 3683 700">
     <span class='ocr_line' id='line_1_50' title="bbox 2152 623 3683 700; baseline -0.009 -13"><span class='ocrx_word' id='word_1_340' title='bbox 2152 633 2307 699; x_wconf 82' lang='grc' dir='ltr'>κιάς,</span> <span class='ocrx_word' id='word_1_341' title='bbox 2345 633 2443 685; x_wconf 81' lang='grc' dir='ltr'><strong><em>καὶ</em></strong></span> <span class='ocrx_word' id='word_1_342' title='bbox 2481 632 2588 685; x_wconf 87' lang='grc' dir='ltr'><strong><em>τοῦ</em></strong></span> <span class='ocrx_word' id='word_1_343' title='bbox 2625 631 2950 700; x_wconf 67' lang='grc' dir='ltr'><em>σφραγῖσαι</em></span> <span class='ocrx_word' id='word_1_344' title='bbox 2980 629 3213 696; x_wconf 77' lang='grc' dir='ltr'><strong><em>ὅρασιν,</em></strong></span> <span class='ocrx_word' id='word_1_345' title='bbox 3259 623 3360 678; x_wconf 78' lang='grc' dir='ltr'><strong><em>καὶ</em></strong></span> <span class='ocrx_word' id='word_1_346' title='bbox 3391 623 3683 692; x_wconf 61' lang='grc' dir='ltr'><em>προφήτην,</em></span> 
     </span>
    </p>
   </div>
   <div class='ocr_carea' id='block_1_51' title="bbox 2153 716 3686 792">
    <p class='ocr_par' dir='ltr' id='par_1_51' title="bbox 2153 716 3686 792">
     <span class='ocr_line' id='line_1_51' title="bbox 2153 716 3686 792; baseline -0.007 -16"><span class='ocrx_word' id='word_1_347' title='bbox 2153 722 2372 777; x_wconf 82' lang='grc' dir='ltr'><strong><em>καὶτοῦ</em></strong></span> <span class='ocrx_word' id='word_1_348' title='bbox 2388 722 2799 792; x_wconf 76' lang='grc' dir='ltr'><strong><em>χρῖσαιἍγ-ιον</em></strong></span> <span class='ocrx_word' id='word_1_349' title='bbox 2827 721 3026 791; x_wconf 68' lang='grc' dir='ltr'><strong><em>ἁγίωνο</em></strong></span> <span class='ocrx_word' id='word_1_350' title='bbox 3047 721 3142 774; x_wconf 78' lang='grc' dir='ltr'>καὶ</span> <span class='ocrx_word' id='word_1_351' title='bbox 3175 716 3505 789; x_wconf 57' lang='grc' dir='ltr'><strong><em>γνώσῃρεαὶ</em></strong></span> <span class='ocrx_word' id='word_1_352' title='bbox 3531 717 3686 781; x_wconf 72' lang='grc' dir='ltr'>συνή-</span> 
     </span>
    </p>
   </div>
   <div class='ocr_carea' id='block_1_52' title="bbox 2153 807 3686 882">
    <p class='ocr_par' dir='ltr' id='par_1_52' title="bbox 2153 807 3686 882">
     <span class='ocr_line' id='line_1_52' title="bbox 2153 807 3686 882; baseline -0.005 -14"><span class='ocrx_word' id='word_1_353' title='bbox 2153 831 2282 880; x_wconf 85' lang='grc' dir='ltr'>σεις</span> <span class='ocrx_word' id='word_1_354' title='bbox 2305 813 2424 867; x_wconf 84' lang='grc' dir='ltr'><strong><em>ἀπὸ</em></strong></span> <span class='ocrx_word' id='word_1_355' title='bbox 2448 813 2660 877; x_wconf 82' lang='grc' dir='ltr'><strong><em>ἐξόδου</em></strong></span> <span class='ocrx_word' id='word_1_356' title='bbox 2687 813 2901 882; x_wconf 65' lang='grc' dir='ltr'>λόγων,</span> <span class='ocrx_word' id='word_1_357' title='bbox 2919 811 3024 865; x_wconf 83' lang='grc' dir='ltr'><em>τοῦ</em></span> <span class='ocrx_word' id='word_1_358' title='bbox 3051 808 3462 878; x_wconf 80' lang='grc' dir='ltr'>ἀποκριθῆναι,</span> <span class='ocrx_word' id='word_1_359' title='bbox 3495 807 3580 860; x_wconf 79' lang='grc' dir='ltr'><strong><em>καὶ</em></strong></span> <span class='ocrx_word' id='word_1_360' title='bbox 3605 807 3686 860; x_wconf 81' lang='grc' dir='ltr'><strong><em>τοῦ</em></strong></span> 
     </span>
    </p>
   </div>
   <div class='ocr_carea' id='block_1_53' title="bbox 2155 895 3687 976">
    <p class='ocr_par' dir='ltr' id='par_1_53' title="bbox 2155 895 3687 976">
     <span class='ocr_line' id='line_1_53' title="bbox 2155 895 3687 976; baseline -0.007 -15"><span class='ocrx_word' id='word_1_361' title='bbox 2155 905 2540 976; x_wconf 78' lang='grc' dir='ltr'><strong><em>οἰκοδομῆσαι</em></strong></span> <span class='ocrx_word' id='word_1_362' title='bbox 2554 903 2956 972; x_wconf 73' lang='grc' dir='ltr'><strong><em>Ἰερουσαλὴμ,</em></strong></span> <span class='ocrx_word' id='word_1_363' title='bbox 2971 903 3081 968; x_wconf 79' lang='grc' dir='ltr'><strong><em>ἕως</em></strong></span> <span class='ocrx_word' id='word_1_364' title='bbox 3111 899 3370 969; x_wconf 82' lang='grc' dir='ltr'><strong><em>Χριστοῦ</em></strong></span> <span class='ocrx_word' id='word_1_365' title='bbox 3393 895 3687 968; x_wconf 67' lang='grc' dir='ltr'><em>ἡγουμένου</em></span> 
     </span>
    </p>
   </div>
   <div class='ocr_carea' id='block_1_54' title="bbox 2155 993 3605 1069">
    <p class='ocr_par' dir='ltr' id='par_1_54' title="bbox 2155 993 3605 1069">
     <span class='ocr_line' id='line_1_54' title="bbox 2155 993 3605 1069; baseline -0.006 -15"><span class='ocrx_word' id='word_1_366' title='bbox 2155 1000 2474 1069; x_wconf 80' lang='grc' dir='ltr'><strong><em>ἐϐδομάδες</em></strong></span> <span class='ocrx_word' id='word_1_367' title='bbox 2495 999 2663 1062; x_wconf 79' lang='grc' dir='ltr'>ἑπτὰ,</span> <span class='ocrx_word' id='word_1_368' title='bbox 2693 999 2790 1052; x_wconf 78' lang='grc' dir='ltr'><strong><em>καὶ</em></strong></span> <span class='ocrx_word' id='word_1_369' title='bbox 2816 997 3136 1066; x_wconf 79' lang='grc' dir='ltr'>ἑϐδομάδες</span> <span class='ocrx_word' id='word_1_370' title='bbox 3165 996 3464 1064; x_wconf 71' lang='grc' dir='ltr'><strong><em>ἑξήκοντα</em></strong></span> <span class='ocrx_word' id='word_1_371' title='bbox 3491 993 3605 1047; x_wconf 82' lang='grc' dir='ltr'><strong><em>δύο.</em></strong></span> 
     </span>
    </p>
   </div>
   <div class='ocr_carea' id='block_1_55' title="bbox 2225 1081 3688 1163">
    <p class='ocr_par' dir='ltr' id='par_1_55' title="bbox 2225 1081 3688 1163">
     <span class='ocr_line' id='line_1_55' title="bbox 2225 1081 3688 1163; baseline -0.006 -18"><span class='ocrx_word' id='word_1_372' title='bbox 2225 1091 2364 1146; x_wconf 83' lang='grc' dir='ltr'><strong><em>ΧΙΙΙ.</em></strong></span> <span class='ocrx_word' id='word_1_373' title='bbox 2409 1091 2810 1163; x_wconf 78' lang='grc' dir='ltr'>Ἐὁδομήκοντα</span> <span class='ocrx_word' id='word_1_374' title='bbox 2845 1085 2937 1144; x_wconf 80' lang='grc' dir='ltr'>οῦν</span> <span class='ocrx_word' id='word_1_375' title='bbox 2970 1088 3268 1159; x_wconf 76' lang='grc' dir='ltr'>ἑϐδομάδας</span> <span class='ocrx_word' id='word_1_376' title='bbox 3299 1087 3582 1158; x_wconf 76' lang='grc' dir='ltr'><strong><em>ὀνομάσας,</em></strong></span> <span class='ocrx_word' id='word_1_377' title='bbox 3616 1081 3688 1137; x_wconf 79' lang='grc' dir='ltr'>καὶ</span> 
     </span>
    </p>
   </div>
   <div class='ocr_carea' id='block_1_56' title="bbox 2156 1175 3691 1252">
    <p class='ocr_par' dir='ltr' id='par_1_56' title="bbox 2156 1175 3691 1252">
     <span class='ocr_line' id='line_1_56' title="bbox 2156 1175 3691 1252; baseline -0.007 -14"><span class='ocrx_word' id='word_1_378' title='bbox 2156 1184 2340 1238; x_wconf 88' lang='grc' dir='ltr'>διελὼν</span> <span class='ocrx_word' id='word_1_379' title='bbox 2367 1183 2536 1246; x_wconf 81' lang='grc' dir='ltr'>αὑτὰς</span> <span class='ocrx_word' id='word_1_380' title='bbox 2582 1185 2662 1246; x_wconf 73' lang='grc' dir='ltr'><strong><em>εἰς</em></strong></span> <span class='ocrx_word' id='word_1_381' title='bbox 2703 1182 2816 1246; x_wconf 89' lang='grc' dir='ltr'>δύο,</span> <span class='ocrx_word' id='word_1_382' title='bbox 2865 1181 2951 1234; x_wconf 82' lang='grc' dir='ltr'><strong><em>ἵνα</em></strong></span> <span class='ocrx_word' id='word_1_383' title='bbox 2987 1181 3186 1252; x_wconf 87' lang='grc' dir='ltr'>μᾶλλον</span> <span class='ocrx_word' id='word_1_384' title='bbox 3216 1179 3378 1250; x_wconf 76' lang='grc' dir='ltr'>νοηθῇ</span> <span class='ocrx_word' id='word_1_385' title='bbox 3427 1178 3488 1229; x_wconf 83' lang='grc' dir='ltr'>τὸ</span> <span class='ocrx_word' id='word_1_386' title='bbox 3521 1175 3691 1229; x_wconf 76' lang='grc' dir='ltr'>ὑπἀὐ-</span> 
     </span>
    </p>
   </div>
   <div class='ocr_carea' id='block_1_57' title="bbox 2156 1265 3688 1346">
    <p class='ocr_par' dir='ltr' id='par_1_57' title="bbox 2156 1265 3688 1346">
     <span class='ocr_line' id='line_1_57' title="bbox 2156 1265 3688 1346; baseline -0.006 -17"><span class='ocrx_word' id='word_1_387' title='bbox 2156 1275 2249 1328; x_wconf 91' lang='grc' dir='ltr'><em>τοῦ</em></span> <span class='ocrx_word' id='word_1_388' title='bbox 2287 1274 2420 1346; x_wconf 83' lang='grc' dir='ltr'>πρὸς</span> <span class='ocrx_word' id='word_1_389' title='bbox 2448 1275 2538 1328; x_wconf 82' lang='grc' dir='ltr'><strong><em>τὸν</em></strong></span> <span class='ocrx_word' id='word_1_390' title='bbox 2589 1275 2872 1344; x_wconf 80' lang='grc' dir='ltr'><strong><em>προφήτην</em></strong></span> <span class='ocrx_word' id='word_1_391' title='bbox 2917 1272 3266 1342; x_wconf 79' lang='grc' dir='ltr'><strong><em>λαλούμενον,</em></strong></span> <span class='ocrx_word' id='word_1_392' title='bbox 3325 1269 3490 1339; x_wconf 75' lang='grc' dir='ltr'>φησὶν</span> <span class='ocrx_word' id='word_1_393' title='bbox 3533 1265 3688 1329; x_wconf 74' lang='grc' dir='ltr'>οὕτως·</span> 
     </span>
    </p>
   </div>
   <div class='ocr_carea' id='block_1_58' title="bbox 2161 1359 3691 1436">
    <p class='ocr_par' dir='ltr' id='par_1_58' title="bbox 2161 1359 3691 1436">
     <span class='ocr_line' id='line_1_58' title="bbox 2161 1359 3691 1436; baseline -0.007 -16"><span class='ocrx_word' id='word_1_394' title='bbox 2161 1369 2306 1432; x_wconf 83' lang='grc' dir='ltr'>Ἕως</span> <span class='ocrx_word' id='word_1_395' title='bbox 2329 1365 2585 1434; x_wconf 79' lang='grc' dir='ltr'><strong><em>Χριστοῦ</em></strong></span> <span class='ocrx_word' id='word_1_396' title='bbox 2613 1365 2948 1436; x_wconf 70' lang='grc' dir='ltr'><strong><em>ἡγουμένου</em></strong></span> <span class='ocrx_word' id='word_1_397' title='bbox 2978 1361 3298 1432; x_wconf 79' lang='grc' dir='ltr'>ἐϐδομάδες</span> <span class='ocrx_word' id='word_1_398' title='bbox 3321 1359 3492 1414; x_wconf 76' lang='grc' dir='ltr'><strong><em>ἑπτά·</em></strong></span> <span class='ocrx_word' id='word_1_399' title='bbox 3521 1361 3553 1412; x_wconf 83' lang='grc' dir='ltr'><strong>ἆ</strong></span> <span class='ocrx_word' id='word_1_400' title='bbox 3575 1361 3691 1412; x_wconf 74' lang='grc' dir='ltr'>ἔστιν</span> 
     </span>
    </p>
   </div>
   <div class='ocr_carea' id='block_1_59' title="bbox 2158 1451 3690 1531">
    <p class='ocr_par' dir='ltr' id='par_1_59' title="bbox 2158 1451 3690 1531">
     <span class='ocr_line' id='line_1_59' title="bbox 2158 1451 3690 1531; baseline -0.005 -19"><span class='ocrx_word' id='word_1_401' title='bbox 2158 1459 2250 1531; x_wconf 78' lang='grc' dir='ltr'>ἐτη</span> <span class='ocrx_word' id='word_1_402' title='bbox 2303 1459 2890 1530; x_wconf 64' lang='grc' dir='ltr'>τεσσαρακονταεννέω</span> <span class='ocrx_word' id='word_1_403' title='bbox 2953 1455 3182 1526; x_wconf 77' lang='grc' dir='ltr'><strong><em>εἰκοστῷ</em></strong></span> <span class='ocrx_word' id='word_1_404' title='bbox 3231 1454 3326 1507; x_wconf 72' lang='grc' dir='ltr'><strong><em>καὶ</em></strong></span> <span class='ocrx_word' id='word_1_405' title='bbox 3375 1451 3574 1524; x_wconf 82' lang='grc' dir='ltr'>πρώτῳ</span> <span class='ocrx_word' id='word_1_406' title='bbox 3609 1451 3690 1505; x_wconf 74' lang='grc' dir='ltr'>ἔτει</span> 
     </span>
    </p>
   </div>
   <div class='ocr_carea' id='block_1_60' title="bbox 2159 1543 3692 1624">
    <p class='ocr_par' dir='ltr' id='par_1_60' title="bbox 2159 1543 3692 1624">
     <span class='ocr_line' id='line_1_60' title="bbox 2159 1543 3692 1624; baseline -0.006 -18"><span class='ocrx_word' id='word_1_407' title='bbox 2159 1553 2353 1624; x_wconf 79' lang='grc' dir='ltr'>θεωρεῖ</span> <span class='ocrx_word' id='word_1_408' title='bbox 2386 1553 2557 1606; x_wconf 87' lang='grc' dir='ltr'>ταῦτα</span> <span class='ocrx_word' id='word_1_409' title='bbox 2583 1553 2640 1604; x_wconf 78' lang='grc' dir='ltr'><strong><em>ἐν</em></strong></span> <span class='ocrx_word' id='word_1_410' title='bbox 2670 1551 2950 1604; x_wconf 77' lang='grc' dir='ltr'>Βαϐυλῶνι</span> <span class='ocrx_word' id='word_1_411' title='bbox 3003 1549 3228 1620; x_wconf 75' lang='grc' dir='ltr'>Δανιὴλ·</span> <span class='ocrx_word' id='word_1_412' title='bbox 3261 1547 3370 1601; x_wconf 88' lang='grc' dir='ltr'><strong><em>τῶν</em></strong></span> <span class='ocrx_word' id='word_1_413' title='bbox 3419 1543 3515 1600; x_wconf 79' lang='grc' dir='ltr'>οὖν</span> <span class='ocrx_word' id='word_1_414' title='bbox 3539 1561 3692 1598; x_wconf 85' lang='grc' dir='ltr'>τεσσα-</span> 
     </span>
    </p>
   </div>
   <div class='ocr_carea' id='block_1_61' title="bbox 2163 1639 3693 1719">
    <p class='ocr_par' dir='ltr' id='par_1_61' title="bbox 2163 1639 3693 1719">
     <span class='ocr_line' id='line_1_61' title="bbox 2163 1639 3693 1719; baseline -0.012 -18"><span class='ocrx_word' id='word_1_415' title='bbox 2163 1647 2398 1719; x_wconf 87' lang='grc' dir='ltr'>ράκοντα</span> <span class='ocrx_word' id='word_1_416' title='bbox 2431 1646 2586 1699; x_wconf 77' lang='grc' dir='ltr'>ἐννέα</span> <span class='ocrx_word' id='word_1_417' title='bbox 2615 1646 2750 1716; x_wconf 84' lang='grc' dir='ltr'>πρὸς</span> <span class='ocrx_word' id='word_1_418' title='bbox 2801 1645 2882 1716; x_wconf 81' lang='grc' dir='ltr'>τῷ</span> <span class='ocrx_word' id='word_1_419' title='bbox 2910 1643 3140 1714; x_wconf 76' lang='grc' dir='ltr'>εἰκοστῷ</span> <span class='ocrx_word' id='word_1_420' title='bbox 3175 1640 3374 1714; x_wconf 78' lang='grc' dir='ltr'>πρώτῳ</span> <span class='ocrx_word' id='word_1_421' title='bbox 3425 1639 3536 1692; x_wconf 76' lang='grc' dir='ltr'>ἔτει</span> <span class='ocrx_word' id='word_1_422' title='bbox 3561 1640 3693 1710; x_wconf 63' lang='grc' dir='ltr'>ψηφι-</span> 
     </span>
    </p>
   </div>
   <div class='ocr_carea' id='block_1_62' title="bbox 2161 1731 3693 1811">
    <p class='ocr_par' dir='ltr' id='par_1_62' title="bbox 2161 1731 3693 1811">
     <span class='ocr_line' id='line_1_62' title="bbox 2161 1731 3693 1811; baseline -0.007 -18"><span class='ocrx_word' id='word_1_423' title='bbox 2161 1741 2424 1811; x_wconf 83' lang='grc' dir='ltr'>ζομένων,</span> <span class='ocrx_word' id='word_1_424' title='bbox 2459 1737 2760 1810; x_wconf 78' lang='grc' dir='ltr'><strong><em>πληροῦται</em></strong></span> <span class='ocrx_word' id='word_1_425' title='bbox 2793 1737 3160 1808; x_wconf 76' lang='grc' dir='ltr'>ἐϐδομήκοντα</span> <span class='ocrx_word' id='word_1_426' title='bbox 3195 1735 3310 1804; x_wconf 76' lang='grc' dir='ltr'>ἔτη,</span> <span class='ocrx_word' id='word_1_427' title='bbox 3341 1732 3484 1802; x_wconf 75' lang='grc' dir='ltr'>ἅπερ</span> <span class='ocrx_word' id='word_1_428' title='bbox 3515 1731 3693 1802; x_wconf 76' lang='grc' dir='ltr'>εἴρηκεν</span> 
     </span>
    </p>
   </div>
   <div class='ocr_carea' id='block_1_63' title="bbox 2158 1825 3696 1904">
    <p class='ocr_par' dir='ltr' id='par_1_63' title="bbox 2158 1825 3696 1904">
     <span class='ocr_line' id='line_1_63' title="bbox 2158 1825 3696 1904; baseline -0.007 -19"><span class='ocrx_word' id='word_1_429' title='bbox 2158 1835 2186 1885; x_wconf 95' lang='lat'><strong><em>6</em></strong></span> <span class='ocrx_word' id='word_1_430' title='bbox 2216 1832 2482 1904; x_wconf 83' lang='grc' dir='ltr'>μακάριος</span> <span class='ocrx_word' id='word_1_431' title='bbox 2545 1830 2842 1902; x_wconf 83' lang='grc' dir='ltr'>Ἰερεμίας’</span> <span class='ocrx_word' id='word_1_432' title='bbox 2891 1827 3326 1897; x_wconf 77' lang='grc' dir='ltr'><strong><em>Ἑϐδομήκοντα</em></strong></span> <span class='ocrx_word' id='word_1_433' title='bbox 3361 1827 3468 1892; x_wconf 82' lang='grc' dir='ltr'><strong><em>ἔτη</em></strong></span> <span class='ocrx_word' id='word_1_434' title='bbox 3513 1825 3696 1891; x_wconf 78' lang='grc' dir='ltr'><em>ἔρημον</em></span> 
     </span>
    </p>
   </div>
   <div class='ocr_carea' id='block_1_64' title="bbox 2157 1912 3698 1992">
    <p class='ocr_par' dir='ltr' id='par_1_64' title="bbox 2157 1912 3698 1992">
     <span class='ocr_line' id='line_1_64' title="bbox 2157 1912 3698 1992; baseline -0.008 -13"><span class='ocrx_word' id='word_1_435' title='bbox 2157 1925 2327 1978; x_wconf 78' lang='grc' dir='ltr'><em>ἔσται</em></span> <span class='ocrx_word' id='word_1_436' title='bbox 2359 1923 2424 1978; x_wconf 83' lang='grc' dir='ltr'><strong><em>τὸ</em></strong></span> <span class='ocrx_word' id='word_1_437' title='bbox 2452 1923 2734 1992; x_wconf 73' lang='grc' dir='ltr'>ἀγίασμα,</span> <span class='ocrx_word' id='word_1_438' title='bbox 2764 1919 2881 1975; x_wconf 80' lang='grc' dir='ltr'><strong><em>ἀπὸ</em></strong></span> <span class='ocrx_word' id='word_1_439' title='bbox 2907 1917 3014 1986; x_wconf 84' lang='grc' dir='ltr'><strong><em>τῆς</em></strong></span> <span class='ocrx_word' id='word_1_440' title='bbox 3055 1915 3466 1986; x_wconf 73' lang='grc' dir='ltr'><strong><em>αἰχμαλωσίας</em></strong></span> <span class='ocrx_word' id='word_1_441' title='bbox 3509 1912 3607 1980; x_wconf 82' lang='grc' dir='ltr'><strong><em>τῆς</em></strong></span> <span class='ocrx_word' id='word_1_442' title='bbox 3627 1927 3698 1980; x_wconf 64' lang='grc' dir='ltr'>γε·</span> 
     </span>
    </p>
   </div>
   <div class='ocr_carea' id='block_1_65' title="bbox 2155 2001 3694 2086">
    <p class='ocr_par' dir='ltr' id='par_1_65' title="bbox 2155 2001 3694 2086">
     <span class='ocr_line' id='line_1_65' title="bbox 2155 2001 3694 2086; baseline -0.011 -15"><span class='ocrx_word' id='word_1_443' title='bbox 2155 2017 2414 2086; x_wconf 61' lang='grc' dir='ltr'>φυομένης</span> <span class='ocrx_word' id='word_1_444' title='bbox 2440 2015 2643 2080; x_wconf 84' lang='grc' dir='ltr'><strong><em>αὐτοῖς</em></strong></span> <span class='ocrx_word' id='word_1_445' title='bbox 2673 2015 2770 2066; x_wconf 75' lang='grc' dir='ltr'><strong><em>ἐπὶ</em></strong></span> <span class='ocrx_word' id='word_1_446' title='bbox 2815 2010 3348 2080; x_wconf 76' lang='grc' dir='ltr'><em>Ναϐουχοδονόσορ</em></span> <span class='ocrx_word' id='word_1_447' title='bbox 3370 2047 3384 2070; x_wconf 87' lang='grc'><strong><em>,</em></strong></span> <span class='ocrx_word' id='word_1_448' title='bbox 3437 2005 3540 2058; x_wconf 79' lang='grc' dir='ltr'><strong><em>καὶ</em></strong></span> <span class='ocrx_word' id='word_1_449' title='bbox 3578 2001 3694 2072; x_wconf 75' lang='grc' dir='ltr'>μετὰ</span> 
     </span>
    </p>
   </div>
   <div class='ocr_carea' id='block_1_66' title="bbox 2155 2095 3698 2175">
    <p class='ocr_par' dir='ltr' id='par_1_66' title="bbox 2155 2095 3698 2175">
     <span class='ocr_line' id='line_1_66' title="bbox 2155 2095 3698 2175; baseline -0.012 -10"><span class='ocrx_word' id='word_1_450' title='bbox 2155 2111 2343 2164; x_wconf 85' lang='grc' dir='ltr'><em>ταῦτα</em></span> <span class='ocrx_word' id='word_1_451' title='bbox 2367 2108 2713 2175; x_wconf 61' lang='grc' dir='ltr'>ἐπιστρέψει</span> <span class='ocrx_word' id='word_1_452' title='bbox 2755 2109 2787 2160; x_wconf 81' lang='grc' dir='ltr'><em>ὁ</em></span> <span class='ocrx_word' id='word_1_453' title='bbox 2825 2105 2994 2170; x_wconf 59' lang='grc' dir='ltr'><strong><em>⁸λαὸς,</em></strong></span> <span class='ocrx_word' id='word_1_454' title='bbox 3037 2101 3136 2156; x_wconf 75' lang='grc' dir='ltr'>καὶ</span> <span class='ocrx_word' id='word_1_455' title='bbox 3185 2095 3698 2169; x_wconf 79' lang='grc' dir='ltr'>προσενεχθήσεται</span> 
     </span>
    </p>
   </div>
   <div class='ocr_carea' id='block_1_67' title="bbox 2159 2185 3698 2266">
    <p class='ocr_par' dir='ltr' id='par_1_67' title="bbox 2159 2185 3698 2266">
     <span class='ocr_line' id='line_1_67' title="bbox 2159 2185 3698 2266; baseline -0.014 -10"><span class='ocrx_word' id='word_1_456' title='bbox 2159 2201 2360 2265; x_wconf 80' lang='grc' dir='ltr'><strong><em>θυσία,</em></strong></span> <span class='ocrx_word' id='word_1_457' title='bbox 2384 2198 2481 2252; x_wconf 81' lang='grc' dir='ltr'><strong><em>καὶ</em></strong></span> <span class='ocrx_word' id='word_1_458' title='bbox 2509 2194 2844 2266; x_wconf 60' lang='grc' dir='ltr'><em>προσφορὰ,</em></span> <span class='ocrx_word' id='word_1_459' title='bbox 2862 2193 3120 2263; x_wconf 82' lang='grc' dir='ltr'><em>Χριστοῦ</em></span> <span class='ocrx_word' id='word_1_460' title='bbox 3149 2189 3488 2260; x_wconf 74' lang='grc' dir='ltr'><strong><em>ἡγουμένου</em></strong></span> <span class='ocrx_word' id='word_1_461' title='bbox 3515 2185 3698 2242; x_wconf 73' lang='grc' dir='ltr'><strong><em>αὐτῶν.</em></strong></span> 
     </span>
    </p>
   </div>
   <div class='ocr_carea' id='block_1_68' title="bbox 2229 2277 3699 2363">
    <p class='ocr_par' dir='ltr' id='par_1_68' title="bbox 2229 2277 3699 2363">
     <span class='ocr_line' id='line_1_68' title="bbox 2229 2277 3699 2363; baseline -0.012 -17"><span class='ocrx_word' id='word_1_462' title='bbox 2229 2291 2369 2346; x_wconf 78' lang='lat' dir='ltr'><strong><em>XIV.</em></strong></span> <span class='ocrx_word' id='word_1_463' title='bbox 2397 2289 2636 2363; x_wconf 80' lang='grc' dir='ltr'><em>Χριστοῦ</em></span> <span class='ocrx_word' id='word_1_464' title='bbox 2669 2289 2728 2342; x_wconf 83' lang='grc' dir='ltr'>δὲ</span> <span class='ocrx_word' id='word_1_465' title='bbox 2781 2288 2925 2351; x_wconf 80' lang='grc' dir='ltr'>τίνος</span> <span class='ocrx_word' id='word_1_466' title='bbox 2955 2287 3124 2355; x_wconf 85' lang='grc' dir='ltr'>λέγει,</span> <span class='ocrx_word' id='word_1_467' title='bbox 3173 2284 3285 2338; x_wconf 85' lang='grc' dir='ltr'>ἀλλ’</span> <span class='ocrx_word' id='word_1_468' title='bbox 3337 2283 3372 2353; x_wconf 85' lang='grc' dir='ltr'>ἢ</span> <span class='ocrx_word' id='word_1_469' title='bbox 3441 2279 3606 2351; x_wconf 82' lang='grc' dir='ltr'>Ἰησοῦ</span> <span class='ocrx_word' id='word_1_470' title='bbox 3627 2277 3699 2330; x_wconf 81' lang='grc' dir='ltr'><em>τοῦ</em></span> 
     </span>
    </p>
   </div>
   <div class='ocr_carea' id='block_1_69' title="bbox 2171 2369 3701 2450">
    <p class='ocr_par' dir='ltr' id='par_1_69' title="bbox 2171 2369 3701 2450">
     <span class='ocr_line' id='line_1_69' title="bbox 2171 2369 3701 2450; baseline -0.01 -12"><span class='ocrx_word' id='word_1_471' title='bbox 2171 2385 2436 2444; x_wconf 77' lang='grc' dir='ltr'><strong><em>Ἰωσεδὲκ,</em></strong></span> <span class='ocrx_word' id='word_1_472' title='bbox 2505 2382 2563 2446; x_wconf 82' lang='grc' dir='ltr'>ὃς</span> <span class='ocrx_word' id='word_1_473' title='bbox 2615 2379 2950 2450; x_wconf 75' lang='grc' dir='ltr'>ὑπέστρεψεν</span> <span class='ocrx_word' id='word_1_474' title='bbox 3008 2379 3126 2449; x_wconf 78' lang='grc' dir='ltr'><strong><em>ἅμα</em></strong></span> <span class='ocrx_word' id='word_1_475' title='bbox 3174 2376 3252 2448; x_wconf 85' lang='grc' dir='ltr'><strong><em>τῷ</em></strong></span> <span class='ocrx_word' id='word_1_476' title='bbox 3305 2375 3419 2446; x_wconf 79' lang='grc' dir='ltr'>λαῷ</span> <span class='ocrx_word' id='word_1_477' title='bbox 3447 2375 3585 2438; x_wconf 86' lang='grc' dir='ltr'>τότε,</span> <span class='ocrx_word' id='word_1_478' title='bbox 3629 2369 3701 2424; x_wconf 76' lang='grc' dir='ltr'><strong><em>καὶ</em></strong></span> 
     </span>
    </p>
   </div>
   <div class='ocr_carea' id='block_1_70' title="bbox 2161 2466 3702 2549">
    <p class='ocr_par' dir='ltr' id='par_1_70' title="bbox 2161 2466 3702 2549">
     <span class='ocr_line' id='line_1_70' title="bbox 2161 2466 3702 2549; baseline -0.008 -17"><span class='ocrx_word' id='word_1_479' title='bbox 2161 2475 2542 2549; x_wconf 76' lang='grc' dir='ltr'>ἑϐδομηκοστῷ</span> <span class='ocrx_word' id='word_1_480' title='bbox 2567 2473 2700 2538; x_wconf 75' lang='grc' dir='ltr'>ἔτει,</span> <span class='ocrx_word' id='word_1_481' title='bbox 2724 2471 3168 2542; x_wconf 77' lang='grc' dir='ltr'><strong><em>οἰκοδομηθέντος</em></strong></span> <span class='ocrx_word' id='word_1_482' title='bbox 3219 2468 3314 2522; x_wconf 90' lang='grc' dir='ltr'><em>τοῦ</em></span> <span class='ocrx_word' id='word_1_483' title='bbox 3375 2466 3702 2536; x_wconf 66' lang='grc' dir='ltr'>ἁγιὰσματος,</span> 
     </span>
    </p>
   </div>
   <div class='ocr_carea' id='block_1_71' title="bbox 2161 2555 3705 2646">
    <p class='ocr_par' dir='ltr' id='par_1_71' title="bbox 2161 2555 3705 2646">
     <span class='ocr_line' id='line_1_71' title="bbox 2161 2555 3705 2646; baseline -0.013 -20"><span class='ocrx_word' id='word_1_484' title='bbox 2161 2573 2539 2646; x_wconf 81' lang='grc' dir='ltr'>προσήνεγκαν</span> <span class='ocrx_word' id='word_1_485' title='bbox 2589 2568 2778 2622; x_wconf 80' lang='grc' dir='ltr'>θυσίαν</span> <span class='ocrx_word' id='word_1_486' title='bbox 2828 2565 2968 2619; x_wconf 80' lang='grc' dir='ltr'>κατὰ</span> <span class='ocrx_word' id='word_1_487' title='bbox 3013 2563 3104 2618; x_wconf 75' lang='grc' dir='ltr'>τὸν</span> <span class='ocrx_word' id='word_1_488' title='bbox 3137 2563 3338 2634; x_wconf 84' lang='grc' dir='ltr'>νόμον;</span> <span class='ocrx_word' id='word_1_489' title='bbox 3375 2559 3574 2621; x_wconf 80' lang='grc' dir='ltr'>πάντες</span> <span class='ocrx_word' id='word_1_490' title='bbox 3617 2555 3705 2624; x_wconf 76' lang='grc' dir='ltr'><strong><em>γὰρ</em></strong></span> 
     </span>
    </p>
   </div>
   <div class='ocr_carea' id='block_1_72' title="bbox 2162 2649 3704 2736">
    <p class='ocr_par' dir='ltr' id='par_1_72' title="bbox 2162 2649 3704 2736">
     <span class='ocr_line' id='line_1_72' title="bbox 2162 2649 3704 2736; baseline -0.012 -17"><span class='ocrx_word' id='word_1_491' title='bbox 2162 2666 2212 2719; x_wconf 80' lang='grc' dir='ltr'>οἱ</span> <span class='ocrx_word' id='word_1_492' title='bbox 2246 2665 2501 2736; x_wconf 75' lang='grc' dir='ltr'><strong><em>βασιλεῖς,</em></strong></span> <span class='ocrx_word' id='word_1_493' title='bbox 2538 2663 2630 2715; x_wconf 68' lang='grc' dir='ltr'>καὶ</span> <span class='ocrx_word' id='word_1_494' title='bbox 2655 2662 2704 2713; x_wconf 81' lang='grc' dir='ltr'><strong><em>οἱ</em></strong></span> <span class='ocrx_word' id='word_1_495' title='bbox 2736 2661 2899 2730; x_wconf 83' lang='grc' dir='ltr'>ἱερεῖς</span> <span class='ocrx_word' id='word_1_496' title='bbox 2955 2656 3183 2728; x_wconf 79' lang='grc' dir='ltr'>Χριστοὶ</span> <span class='ocrx_word' id='word_1_497' title='bbox 3227 2649 3704 2726; x_wconf 70' lang='grc' dir='ltr'>προσηγορεύοντο,</span> 
     </span>
    </p>
   </div>
   <div class='ocr_carea' id='block_1_73' title="bbox 2162 2739 3706 2826">
    <p class='ocr_par' dir='ltr' id='par_1_73' title="bbox 2162 2739 3706 2826">
     <span class='ocr_line' id='line_1_73' title="bbox 2162 2739 3706 2826; baseline -0.014 -15"><span class='ocrx_word' id='word_1_498' title='bbox 2162 2756 2252 2812; x_wconf 82' lang='grc' dir='ltr'>διὰ</span> <span class='ocrx_word' id='word_1_499' title='bbox 2275 2755 2333 2809; x_wconf 86' lang='grc' dir='ltr'>τὸ</span> <span class='ocrx_word' id='word_1_500' title='bbox 2359 2754 2602 2826; x_wconf 80' lang='grc' dir='ltr'>χρίεσθαι</span> <span class='ocrx_word' id='word_1_501' title='bbox 2631 2751 2826 2814; x_wconf 78' lang='grc' dir='ltr'>αὐτοὺς</span> <span class='ocrx_word' id='word_1_502' title='bbox 2843 2749 2920 2820; x_wconf 81' lang='grc' dir='ltr'>τῷ</span> <span class='ocrx_word' id='word_1_503' title='bbox 2950 2747 3111 2819; x_wconf 81' lang='grc' dir='ltr'>ὲλαίῳ</span> <span class='ocrx_word' id='word_1_504' title='bbox 3138 2745 3216 2816; x_wconf 83' lang='grc' dir='ltr'>τῷ</span> <span class='ocrx_word' id='word_1_505' title='bbox 3233 2745 3395 2816; x_wconf 79' lang='grc' dir='ltr'>ἁγίῳ,</span> <span class='ocrx_word' id='word_1_506' title='bbox 3417 2743 3445 2795; x_wconf 87' lang='grc' dir='ltr'><strong>ὃ</strong></span> <span class='ocrx_word' id='word_1_507' title='bbox 3473 2739 3706 2795; x_wconf 72' lang='grc' dir='ltr'>ἐσκεύασε</span> 
     </span>
    </p>
   </div>
   <div class='ocr_carea' id='block_1_74' title="bbox 2165 2835 3710 2917">
    <p class='ocr_par' dir='ltr' id='par_1_74' title="bbox 2165 2835 3710 2917">
     <span class='ocr_line' id='line_1_74' title="bbox 2165 2835 3710 2917; baseline -0.014 -14"><span class='ocrx_word' id='word_1_508' title='bbox 2165 2849 2333 2903; x_wconf 84' lang='grc' dir='ltr'>πάλαι</span> <span class='ocrx_word' id='word_1_509' title='bbox 2377 2847 2597 2917; x_wconf 83' lang='grc' dir='ltr'>Μωσῆς.</span> <span class='ocrx_word' id='word_1_510' title='bbox 2629 2838 2788 2898; x_wconf 74' lang='grc' dir='ltr'>υῦτοι</span> <span class='ocrx_word' id='word_1_511' title='bbox 2843 2838 2934 2896; x_wconf 77' lang='grc' dir='ltr'>οῦν</span> <span class='ocrx_word' id='word_1_512' title='bbox 2979 2841 3039 2894; x_wconf 88' lang='grc' dir='ltr'>τὸ</span> <span class='ocrx_word' id='word_1_513' title='bbox 3097 2839 3299 2910; x_wconf 86' lang='grc' dir='ltr'>Κύριον</span> <span class='ocrx_word' id='word_1_514' title='bbox 3347 2838 3518 2907; x_wconf 72' lang='grc' dir='ltr'>ὄνομα</span> <span class='ocrx_word' id='word_1_515' title='bbox 3547 2835 3710 2902; x_wconf 66' lang='grc' dir='ltr'>ἔφερον</span> 
     </span>
    </p>
   </div>
   <div class='ocr_carea' id='block_1_75' title="bbox 2168 2924 3712 3012">
    <p class='ocr_par' dir='ltr' id='par_1_75' title="bbox 2168 2924 3712 3012">
     <span class='ocr_line' id='line_1_75' title="bbox 2168 2924 3712 3012; baseline -0.012 -18"><span class='ocrx_word' id='word_1_516' title='bbox 2168 2939 2286 3012; x_wconf 85' lang='grc' dir='ltr'>μεθ’</span> <span class='ocrx_word' id='word_1_517' title='bbox 2316 2937 2543 3000; x_wconf 81' lang='grc' dir='ltr'>ἑαυτῶν,</span> <span class='ocrx_word' id='word_1_518' title='bbox 2573 2935 2663 2990; x_wconf 82' lang='grc' dir='ltr'><strong><em>τὸν</em></strong></span> <span class='ocrx_word' id='word_1_519' title='bbox 2717 2935 2888 2988; x_wconf 86' lang='grc' dir='ltr'>τύπον</span> <span class='ocrx_word' id='word_1_520' title='bbox 2939 2932 3344 3004; x_wconf 82' lang='grc' dir='ltr'>προμηνύοντες</span> <span class='ocrx_word' id='word_1_521' title='bbox 3393 2929 3486 2982; x_wconf 76' lang='grc' dir='ltr'><strong><em>καὶ</em></strong></span> <span class='ocrx_word' id='word_1_522' title='bbox 3537 2927 3627 2995; x_wconf 77' lang='grc' dir='ltr'>τὴν</span> <span class='ocrx_word' id='word_1_523' title='bbox 3651 2924 3712 2975; x_wconf 79' lang='grc' dir='ltr'><strong><em>εἰ·</em></strong></span> 
     </span>
    </p>
   </div>
   <div class='ocr_carea' id='block_1_76' title="bbox 2164 3015 3712 3098">
    <p class='ocr_par' dir='ltr' id='par_1_76' title="bbox 2164 3015 3712 3098">
     <span class='ocr_line' id='line_1_76' title="bbox 2164 3015 3712 3098; baseline -0.007 -15"><span class='ocrx_word' id='word_1_524' title='bbox 2164 3029 2296 3084; x_wconf 87' lang='grc' dir='ltr'>κόνα</span> <span class='ocrx_word' id='word_1_525' title='bbox 2336 3026 2721 3098; x_wconf 78' lang='grc' dir='ltr'>προφέροντες,</span> <span class='ocrx_word' id='word_1_526' title='bbox 2777 3024 2880 3086; x_wconf 79' lang='grc' dir='ltr'>ἓως</span> <span class='ocrx_word' id='word_1_527' title='bbox 2922 3017 2982 3076; x_wconf 76' lang='grc' dir='ltr'>οὗ</span> <span class='ocrx_word' id='word_1_528' title='bbox 3033 3021 3125 3075; x_wconf 85' lang='grc' dir='ltr'><strong><em>ἀπ’</em></strong></span> <span class='ocrx_word' id='word_1_529' title='bbox 3175 3017 3421 3092; x_wconf 81' lang='grc' dir='ltr'>οὐρανῶν</span> <span class='ocrx_word' id='word_1_530' title='bbox 3469 3019 3498 3070; x_wconf 89' lang='lat'><strong><em>6</em></strong></span> <span class='ocrx_word' id='word_1_531' title='bbox 3541 3015 3712 3072; x_wconf 73' lang='grc' dir='ltr'>τέλειος</span> 
     </span>
    </p>
   </div>
   <div class='ocr_carea' id='block_1_77' title="bbox 2167 3107 3710 3186">
    <p class='ocr_par' dir='ltr' id='par_1_77' title="bbox 2167 3107 3710 3186">
     <span class='ocr_line' id='line_1_77' title="bbox 2167 3107 3710 3186; baseline -0.011 -12"><span class='ocrx_word' id='word_1_532' title='bbox 2167 3119 2451 3181; x_wconf 81' lang='grc' dir='ltr'>Βασιλεὺς,</span> <span class='ocrx_word' id='word_1_533' title='bbox 2509 3117 2604 3170; x_wconf 57' lang='grc' dir='ltr'><strong><em>καὶ⁸</em></strong></span> <span class='ocrx_word' id='word_1_534' title='bbox 2664 3115 2863 3186; x_wconf 83' lang='grc' dir='ltr'>Ἱερεὺς</span> <span class='ocrx_word' id='word_1_535' title='bbox 2889 3113 3092 3186; x_wconf 83' lang='grc' dir='ltr'>παρῆν,</span> <span class='ocrx_word' id='word_1_536' title='bbox 3137 3113 3196 3176; x_wconf 81' lang='grc' dir='ltr'>ὃς</span> <span class='ocrx_word' id='word_1_537' title='bbox 3253 3112 3412 3183; x_wconf 79' lang='grc' dir='ltr'>μόνος</span> <span class='ocrx_word' id='word_1_538' title='bbox 3441 3109 3502 3162; x_wconf 74' lang='grc' dir='ltr'>τὸ</span> <span class='ocrx_word' id='word_1_539' title='bbox 3530 3107 3710 3175; x_wconf 67' lang='grc' dir='ltr'>θέλημα</span> 
     </span>
    </p>
   </div>
   <div class='ocr_carea' id='block_1_78' title="bbox 2165 3195 3711 3282">
    <p class='ocr_par' dir='ltr' id='par_1_78' title="bbox 2165 3195 3711 3282">
     <span class='ocr_line' id='line_1_78' title="bbox 2165 3195 3711 3282; baseline -0.011 -16"><span class='ocrx_word' id='word_1_540' title='bbox 2165 3213 2258 3267; x_wconf 89' lang='grc' dir='ltr'><em>τοῦ</em></span> <span class='ocrx_word' id='word_1_541' title='bbox 2288 3210 2502 3282; x_wconf 84' lang='grc' dir='ltr'>Πατρὸς</span> <span class='ocrx_word' id='word_1_542' title='bbox 2533 3207 2827 3280; x_wconf 70' lang='grc' dir='ltr'>ἐποίησενοι</span> <span class='ocrx_word' id='word_1_543' title='bbox 2853 3207 2928 3270; x_wconf 85' lang='grc' dir='ltr'>ὼς</span> <span class='ocrx_word' id='word_1_544' title='bbox 2952 3207 3047 3260; x_wconf 76' lang='grc' dir='ltr'><strong><em>καὶ</em></strong></span> <span class='ocrx_word' id='word_1_545' title='bbox 3078 3207 3136 3258; x_wconf 78' lang='grc' dir='ltr'>ὲν</span> <span class='ocrx_word' id='word_1_546' title='bbox 3162 3208 3284 3268; x_wconf 85' lang='grc' dir='ltr'>ταῖς</span> <span class='ocrx_word' id='word_1_547' title='bbox 3314 3200 3616 3261; x_wconf 87' lang='grc' dir='ltr'>Βασιλείαις</span> <span class='ocrx_word' id='word_1_548' title='bbox 3639 3195 3711 3263; x_wconf 78' lang='grc' dir='ltr'>γέ·</span> 
     </span>
    </p>
   </div>
   <div class='ocr_carea' id='block_1_79' title="bbox 2166 3285 3712 3377">
    <p class='ocr_par' dir='ltr' id='par_1_79' title="bbox 2166 3285 3712 3377">
     <span class='ocr_line' id='line_1_79' title="bbox 2166 3285 3712 3377; baseline -0.005 -19"><span class='ocrx_word' id='word_1_549' title='bbox 2166 3320 2429 3377; x_wconf 78' lang='grc' dir='ltr'><strong><em>γραπται⁸</em></strong></span> <span class='ocrx_word' id='word_1_550' title='bbox 2464 3302 2575 3356; x_wconf 81' lang='lat' dir='ltr'><strong><em>Kal</em></strong></span> <span class='ocrx_word' id='word_1_551' title='bbox 2602 3299 2928 3366; x_wconf 79' lang='grc' dir='ltr'><em>ἀναστήσω</em></span> <span class='ocrx_word' id='word_1_552' title='bbox 2952 3296 3183 3368; x_wconf 78' lang='grc' dir='ltr'>ἐμαυτῷ</span> <span class='ocrx_word' id='word_1_553' title='bbox 3207 3295 3366 3364; x_wconf 71' lang='grc' dir='ltr'>ἱερέα</span> <span class='ocrx_word' id='word_1_554' title='bbox 3405 3291 3635 3356; x_wconf 76' lang='grc' dir='ltr'>πιστὸν,</span> <span class='ocrx_word' id='word_1_555' title='bbox 3659 3285 3712 3350; x_wconf 76' lang='grc' dir='ltr'><strong><em>ὃς</em></strong></span> 
     </span>
    </p>
   </div>
   <div class='ocr_carea' id='block_1_80' title="bbox 2167 3389 3392 3464">
    <p class='ocr_par' dir='ltr' id='par_1_80' title="bbox 2167 3389 3392 3464">
     <span class='ocr_line' id='line_1_80' title="bbox 2167 3389 3392 3464; baseline -0.011 -12"><span class='ocrx_word' id='word_1_556' title='bbox 2167 3395 2406 3464; x_wconf 73' lang='grc' dir='ltr'><em>ποιήσει</em></span> <span class='ocrx_word' id='word_1_557' title='bbox 2437 3395 2632 3449; x_wconf 78' lang='grc' dir='ltr'><em>πάντα</em></span> <span class='ocrx_word' id='word_1_558' title='bbox 2658 3393 2809 3447; x_wconf 82' lang='grc' dir='ltr'><strong><em>κατὰ</em></strong></span> <span class='ocrx_word' id='word_1_559' title='bbox 2841 3391 2955 3459; x_wconf 74' lang='grc' dir='ltr'><strong><em>τὴν</em></strong></span> <span class='ocrx_word' id='word_1_560' title='bbox 2979 3389 3228 3459; x_wconf 75' lang='grc' dir='ltr'><strong><em>καρδίαν</em></strong></span> <span class='ocrx_word' id='word_1_561' title='bbox 3253 3404 3392 3458; x_wconf 83' lang='grc' dir='ltr'><em>μου.</em></span> 
     </span>
    </p>
   </div>
   <div class='ocr_carea' id='block_1_81' title="bbox 2237 3473 3714 3556">
    <p class='ocr_par' dir='ltr' id='par_1_81' title="bbox 2237 3473 3714 3556">
     <span class='ocr_line' id='line_1_81' title="bbox 2237 3473 3714 3556; baseline -0.014 -13"><span class='ocrx_word' id='word_1_562' title='bbox 2237 3487 2358 3544; x_wconf 76' lang='lat' dir='ltr'><strong><em>XV.</em></strong></span> <span class='ocrx_word' id='word_1_563' title='bbox 2419 3489 2535 3542; x_wconf 82' lang='grc' dir='ltr'>Ἵνα</span> <span class='ocrx_word' id='word_1_564' title='bbox 2591 3482 2684 3539; x_wconf 78' lang='grc' dir='ltr'><strong><em>οὖν</em></strong></span> <span class='ocrx_word' id='word_1_565' title='bbox 2715 3483 2954 3556; x_wconf 75' lang='grc' dir='ltr'><strong><em>ἐπιδείξῃ</em></strong></span> <span class='ocrx_word' id='word_1_566' title='bbox 2997 3482 3088 3535; x_wconf 84' lang='grc' dir='ltr'>τὸν</span> <span class='ocrx_word' id='word_1_567' title='bbox 3126 3481 3316 3552; x_wconf 85' lang='grc' dir='ltr'>χρόνον</span> <span class='ocrx_word' id='word_1_568' title='bbox 3373 3479 3502 3531; x_wconf 83' lang='grc' dir='ltr'>πότε</span> <span class='ocrx_word' id='word_1_569' title='bbox 3561 3473 3714 3546; x_wconf 81' lang='grc' dir='ltr'>μέλλει</span> 
     </span>
    </p>
   </div>
   <div class='ocr_carea' id='block_1_82' title="bbox 2171 3569 3714 3654">
    <p class='ocr_par' dir='ltr' id='par_1_82' title="bbox 2171 3569 3714 3654">
     <span class='ocr_line' id='line_1_82' title="bbox 2171 3569 3714 3654; baseline -0.013 -17"><span class='ocrx_word' id='word_1_570' title='bbox 2171 3580 2574 3654; x_wconf 81' lang='grc' dir='ltr'>παραγενέσθαι</span> <span class='ocrx_word' id='word_1_571' title='bbox 2604 3578 2662 3631; x_wconf 87' lang='grc' dir='ltr'><strong><em>δν</em></strong></span> <span class='ocrx_word' id='word_1_572' title='bbox 2697 3576 2959 3647; x_wconf 76' lang='grc' dir='ltr'>ἐπεθύμει</span> <span class='ocrx_word' id='word_1_573' title='bbox 2984 3577 3012 3628; x_wconf 90' lang='lat'><strong><em>6</em></strong></span> <span class='ocrx_word' id='word_1_574' title='bbox 3052 3575 3318 3645; x_wconf 84' lang='grc' dir='ltr'>μακάριος</span> <span class='ocrx_word' id='word_1_575' title='bbox 3347 3570 3546 3640; x_wconf 79' lang='grc' dir='ltr'>Δανιὴλ</span> <span class='ocrx_word' id='word_1_576' title='bbox 3591 3569 3714 3654; x_wconf 77' lang='grc' dir='ltr'>ἰδεῖν.</span> 
     </span>
    </p>
   </div>
   <div class='ocr_carea' id='block_1_83' title="bbox 2169 3651 3712 3752">
    <p class='ocr_par' dir='ltr' id='par_1_83' title="bbox 2169 3651 3712 3752">
     <span class='ocr_line' id='line_1_83' title="bbox 2169 3651 3712 3752; baseline -0.015 -20"><span class='ocrx_word' id='word_1_577' title='bbox 2169 3651 2338 3747; x_wconf 73' lang='grc' dir='ltr'>λέγει’</span> <span class='ocrx_word' id='word_1_578' title='bbox 2362 3674 2470 3729; x_wconf 77' lang='grc' dir='ltr'><strong><em>Καὶ</em></strong></span> <span class='ocrx_word' id='word_1_579' title='bbox 2501 3672 2656 3742; x_wconf 66' lang='grc' dir='ltr'>μετὰ</span> <span class='ocrx_word' id='word_1_580' title='bbox 2681 3669 2829 3724; x_wconf 81' lang='grc' dir='ltr'><strong><em>ἑπτὰ</em></strong></span> <span class='ocrx_word' id='word_1_581' title='bbox 2864 3665 3212 3736; x_wconf 76' lang='grc' dir='ltr'>ἑϐδομάδας,</span> <span class='ocrx_word' id='word_1_582' title='bbox 3251 3665 3432 3717; x_wconf 75' lang='grc' dir='ltr'><em>ἄλλαι</em></span> <span class='ocrx_word' id='word_1_583' title='bbox 3461 3658 3551 3724; x_wconf 78' lang='grc' dir='ltr'><strong><em>εβ⁸</em></strong></span> <span class='ocrx_word' id='word_1_584' title='bbox 3573 3651 3712 3752; x_wconf 41' lang='lat' dir='ltr'><strong><em>M5?-</em></strong></span> 
     </span>
    </p>
   </div>
   <div class='ocr_carea' id='block_1_84' title="bbox 2167 3753 3716 3840">
    <p class='ocr_par' dir='ltr' id='par_1_84' title="bbox 2167 3753 3716 3840">
     <span class='ocr_line' id='line_1_84' title="bbox 2167 3753 3716 3840; baseline -0.015 -22"><span class='ocrx_word' id='word_1_585' title='bbox 2167 3768 2372 3840; x_wconf 78' lang='grc' dir='ltr'>μάδες·</span> <span class='ocrx_word' id='word_1_586' title='bbox 2410 3767 2466 3820; x_wconf 83' lang='grc' dir='ltr'>αἳ</span> <span class='ocrx_word' id='word_1_587' title='bbox 2501 3763 2814 3836; x_wconf 81' lang='grc' dir='ltr'>περιέχουσι</span> <span class='ocrx_word' id='word_1_588' title='bbox 2844 3759 3032 3832; x_wconf 87' lang='grc' dir='ltr'>χρόνον</span> <span class='ocrx_word' id='word_1_589' title='bbox 3071 3758 3206 3810; x_wconf 78' lang='grc' dir='ltr'>ἐτῶν</span> <span class='ocrx_word' id='word_1_590' title='bbox 3239 3753 3562 3826; x_wconf 80' lang='grc' dir='ltr'>τετρακόσια</span> <span class='ocrx_word' id='word_1_591' title='bbox 3583 3755 3716 3840; x_wconf 64' lang='grc' dir='ltr'>τρια-</span> 
     </span>
    </p>
   </div>
   <div class='ocr_carea' id='block_1_85' title="bbox 2173 3829 3716 3927">
    <p class='ocr_par' dir='ltr' id='par_1_85' title="bbox 2173 3829 3716 3927">
     <span class='ocr_line' id='line_1_85' title="bbox 2173 3829 3716 3927; baseline -0.018 -13"><span class='ocrx_word' id='word_1_592' title='bbox 2173 3829 2338 3914; x_wconf 67' lang='grc' dir='ltr'>κοντα</span> <span class='ocrx_word' id='word_1_593' title='bbox 2365 3857 2626 3927; x_wconf 86' lang='grc' dir='ltr'>τέσσαρα·</span> <span class='ocrx_word' id='word_1_594' title='bbox 2679 3852 2816 3924; x_wconf 84' lang='grc' dir='ltr'><strong><em>μετὰ</em></strong></span> <span class='ocrx_word' id='word_1_595' title='bbox 2865 3850 2974 3921; x_wconf 84' lang='grc' dir='ltr'>γὰρ</span> <span class='ocrx_word' id='word_1_596' title='bbox 3026 3849 3088 3902; x_wconf 82' lang='grc' dir='ltr'>τὺ</span> <span class='ocrx_word' id='word_1_597' title='bbox 3140 3845 3466 3917; x_wconf 74' lang='grc' dir='ltr'>ἐπιπρέψαι</span> <span class='ocrx_word' id='word_1_598' title='bbox 3501 3829 3716 3927; x_wconf 29' lang='lat' dir='ltr'><strong><em>&quot;tavit-15‘!</em></strong></span> 
     </span>
    </p>
   </div>
   <div class='ocr_carea' id='block_1_86' title="bbox 2174 3923 3717 4018">
    <p class='ocr_par' dir='ltr' id='par_1_86' title="bbox 2174 3923 3717 4018">
     <span class='ocr_line' id='line_1_86' title="bbox 2174 3923 3717 4018; baseline -0.021 -14"><span class='ocrx_word' id='word_1_599' title='bbox 2174 3950 2490 4012; x_wconf 79' lang='grc' dir='ltr'>Βαϐυλῶνος</span> <span class='ocrx_word' id='word_1_600' title='bbox 2522 3946 2822 4017; x_wconf 85' lang='grc' dir='ltr'>ἡγουμένου</span> <span class='ocrx_word' id='word_1_601' title='bbox 2867 3943 3048 3998; x_wconf 77' lang='grc' dir='ltr'>αὐτῶν</span> <span class='ocrx_word' id='word_1_602' title='bbox 3096 3937 3271 4011; x_wconf 84' lang='grc' dir='ltr'>Ἰησοῦ</span> <span class='ocrx_word' id='word_1_603' title='bbox 3327 3935 3420 3989; x_wconf 86' lang='grc' dir='ltr'><em>τοῦ</em></span> <span class='ocrx_word' id='word_1_604' title='bbox 3474 3923 3717 4018; x_wconf 25' lang='lat' dir='ltr'><strong><em>diemmisit,</em></strong></span> 
     </span>
    </p>
   </div>
   <div class='ocr_carea' id='block_1_87' title="bbox 2174 4015 3716 4111">
    <p class='ocr_par' dir='ltr' id='par_1_87' title="bbox 2174 4015 3716 4111">
     <span class='ocr_line' id='line_1_87' title="bbox 2174 4015 3716 4111; baseline -0.017 -15"><span class='ocrx_word' id='word_1_605' title='bbox 2174 4043 2269 4096; x_wconf 76' lang='grc' dir='ltr'><strong><em>καὶ</em></strong></span> <span class='ocrx_word' id='word_1_606' title='bbox 2320 4015 2665 4111; x_wconf 14' lang='grc' dir='ltr'>Ἔσδραὴτοῦ</span> <span class='ocrx_word' id='word_1_607' title='bbox 2724 4033 3118 4108; x_wconf 84' lang='grc' dir='ltr'>γραμματέως,</span> <span class='ocrx_word' id='word_1_608' title='bbox 3171 4029 3266 4082; x_wconf 75' lang='grc' dir='ltr'>καὶ</span> <span class='ocrx_word' id='word_1_609' title='bbox 3319 4015 3716 4111; x_wconf 23' lang='grc' dir='ltr'>Ζοροϐάϐελμτοῧ</span> 
     </span>
    </p>
   </div>
   <div class='ocr_carea' id='block_1_88' title="bbox 2175 4105 3722 4203">
    <p class='ocr_par' dir='ltr' id='par_1_88' title="bbox 2175 4105 3722 4203">
     <span class='ocr_line' id='line_1_88' title="bbox 2175 4105 3722 4203; baseline -0.023 -14"><span class='ocrx_word' id='word_1_610' title='bbox 2175 4105 2464 4203; x_wconf 74' lang='grc' dir='ltr'>Σαλαθιὴλ,</span> <span class='ocrx_word' id='word_1_611' title='bbox 2512 4131 2587 4194; x_wconf 85' lang='grc' dir='ltr'>ὡς</span> <span class='ocrx_word' id='word_1_612' title='bbox 2638 4105 2790 4191; x_wconf 75' lang='grc' dir='ltr'>ὄντος</span> <span class='ocrx_word' id='word_1_613' title='bbox 2835 4105 2899 4180; x_wconf 69' lang='grc' dir='ltr'><strong><em>εκ</em></strong></span> <span class='ocrx_word' id='word_1_614' title='bbox 2947 4125 3114 4195; x_wconf 75' lang='grc' dir='ltr'>φυλῆς</span> <span class='ocrx_word' id='word_1_615' title='bbox 3167 4112 3362 4174; x_wconf 71' lang='grc' dir='ltr'>Δαὸὶδ,</span> <span class='ocrx_word' id='word_1_616' title='bbox 3421 4105 3722 4203; x_wconf 64' lang='grc' dir='ltr'>τετρακόσια</span> 
     </span>
    </p>
   </div>
   <div class='ocr_carea' id='block_1_89' title="bbox 2176 4197 3721 4302">
    <p class='ocr_par' dir='ltr' id='par_1_89' title="bbox 2176 4197 3721 4302">
     <span class='ocr_line' id='line_1_89' title="bbox 2176 4197 3721 4302; baseline -0.023 -21"><span class='ocrx_word' id='word_1_617' title='bbox 2176 4197 2466 4300; x_wconf 66' lang='grc' dir='ltr'>τριάκοντα</span> <span class='ocrx_word' id='word_1_618' title='bbox 2523 4223 2760 4290; x_wconf 85' lang='grc' dir='ltr'>τέσσαρα</span> <span class='ocrx_word' id='word_1_619' title='bbox 2822 4218 2914 4285; x_wconf 79' lang='grc' dir='ltr'>ἔτη</span> <span class='ocrx_word' id='word_1_620' title='bbox 2969 4211 3273 4302; x_wconf 64' lang='grc' dir='ltr'><strong><em>γεγένιγιῖαι⁸</em></strong></span> <span class='ocrx_word' id='word_1_621' title='bbox 3302 4203 3410 4302; x_wconf 76' lang='grc' dir='ltr'><strong><em>ἕως</em></strong></span> <span class='ocrx_word' id='word_1_622' title='bbox 3449 4197 3721 4302; x_wconf 63' lang='grc' dir='ltr'>παρουσίας</span> 
     </span>
    </p>
   </div>
   <div class='ocr_carea' id='block_1_90' title="bbox 2175 4295 3724 4390">
    <p class='ocr_par' dir='ltr' id='par_1_90' title="bbox 2175 4295 3724 4390">
     <span class='ocr_line' id='line_1_90' title="bbox 2175 4295 3724 4390; baseline -0.021 -17"><span class='ocrx_word' id='word_1_623' title='bbox 2175 4295 2433 4390; x_wconf 58' lang='grc' dir='ltr'>Χριστοῦ,</span> <span class='ocrx_word' id='word_1_624' title='bbox 2469 4315 2554 4368; x_wconf 77' lang='grc' dir='ltr'>ἵνα</span> <span class='ocrx_word' id='word_1_625' title='bbox 2587 4315 2615 4365; x_wconf 83' lang='grc' dir='ltr'>ὁ</span> <span class='ocrx_word' id='word_1_626' title='bbox 2657 4311 2854 4382; x_wconf 77' lang='grc' dir='ltr'>Ἰερεῦς</span> <span class='ocrx_word' id='word_1_627' title='bbox 2905 4304 3010 4358; x_wconf 88' lang='grc' dir='ltr'><strong><em>τῶν</em></strong></span> <span class='ocrx_word' id='word_1_628' title='bbox 3041 4300 3231 4390; x_wconf 76' lang='grc' dir='ltr'>ἱερέων</span> <span class='ocrx_word' id='word_1_629' title='bbox 3259 4298 3316 4390; x_wconf 66' lang='grc' dir='ltr'><strong><em>εν</em></strong></span> <span class='ocrx_word' id='word_1_630' title='bbox 3349 4295 3537 4365; x_wconf 79' lang='grc' dir='ltr'>κόσμῳ</span> <span class='ocrx_word' id='word_1_631' title='bbox 3577 4295 3724 4390; x_wconf 43' lang='grc' dir='ltr'>φανῇ,</span> 
     </span>
    </p>
   </div>
   <div class='ocr_carea' id='block_1_91' title="bbox 2178 4389 3724 4477">
    <p class='ocr_par' dir='ltr' id='par_1_91' title="bbox 2178 4389 3724 4477">
     <span class='ocr_line' id='line_1_91' title="bbox 2178 4389 3724 4477; baseline 0.01 -14"><span class='ocrx_word' id='word_1_632' title='bbox 2178 4389 2270 4463; x_wconf 52' lang='lat' dir='ltr'><strong><em>ta</em></strong></span> <span class='ocrx_word' id='word_1_633' title='bbox 2300 4411 2328 4462; x_wconf 92' lang='lat'><strong><em>6</em></strong></span> <span class='ocrx_word' id='word_1_634' title='bbox 2356 4407 2524 4477; x_wconf 75' lang='grc' dir='ltr'>αἴρων</span> <span class='ocrx_word' id='word_1_635' title='bbox 2574 4403 2674 4466; x_wconf 84' lang='grc' dir='ltr'><strong><em>τὰς</em></strong></span> <span class='ocrx_word' id='word_1_636' title='bbox 2742 4395 3014 4470; x_wconf 74' lang='grc' dir='ltr'>ἁμαρτίας</span> <span class='ocrx_word' id='word_1_637' title='bbox 3075 4389 3171 4442; x_wconf 66' lang='grc' dir='ltr'><strong><em>τοῦ</em></strong></span> <span class='ocrx_word' id='word_1_638' title='bbox 3227 4389 3434 4458; x_wconf 50' lang='lat' dir='ltr'><strong><em>“Mm”</em></strong></span> <span class='ocrx_word' id='word_1_639' title='bbox 3507 4389 3724 4477; x_wconf 58' lang='grc' dir='ltr'><strong><em>φαῗῗῗωῗ</em></strong></span> 
     </span>
    </p>
   </div>
   <div class='ocr_carea' id='block_1_92' title="bbox 511 4467 2081 4580">
    <p class='ocr_par' dir='ltr' id='par_1_92' title="bbox 511 4467 2078 4580">
     <span class='ocr_line' id='line_1_92' title="bbox 511 4467 2078 4580; baseline 0.005 -23"><span class='ocrx_word' id='word_1_640' title='bbox 511 4467 758 4560; x_wconf 65' lang='lat' dir='ltr'><strong><em>Joannes</em></strong></span> <span class='ocrx_word' id='word_1_641' title='bbox 772 4467 859 4560; x_wconf 65' lang='grc' dir='ltr'><strong><em>ἷιέ</em></strong></span> <span class='ocrx_word' id='word_1_642' title='bbox 872 4467 1158 4562; x_wconf 44' lang='lat' dir='ltr'><strong><em>uiola“?</em></strong></span> <span class='ocrx_word' id='word_1_643' title='bbox 1173 4467 1315 4560; x_wconf 63' lang='grc' dir='ltr'><strong><em>Εξὲέ</em></strong></span> <span class='ocrx_word' id='word_1_644' title='bbox 1325 4467 2078 4580; x_wconf 51' lang='lat' dir='ltr'><strong><em>1;...1&#39;sggiigsit};</em></strong></span> 
     </span>
    </p>
   </div>
   <div class='ocr_carea' id='block_1_93' title="bbox 2174 4467 3724 4580">
    <p class='ocr_par' dir='ltr' id='par_1_93' title="bbox 2181 4467 3724 4572">
     <span class='ocr_line' id='line_1_93' title="bbox 2181 4467 3724 4572; baseline -0.021 -18"><span class='ocrx_word' id='word_1_645' title='bbox 2181 4467 2476 4568; x_wconf 57' lang='grc' dir='ltr'>ἐπιδειχθῇ,</span> <span class='ocrx_word' id='word_1_646' title='bbox 2539 4495 2615 4557; x_wconf 85' lang='grc' dir='ltr'>ὡς</span> <span class='ocrx_word' id='word_1_647' title='bbox 2681 4467 2932 4558; x_wconf 71' lang='grc' dir='ltr'>Ἰωάννης</span> <span class='ocrx_word' id='word_1_648' title='bbox 2981 4485 3110 4556; x_wconf 75' lang='grc' dir='ltr'>περὶ</span> <span class='ocrx_word' id='word_1_649' title='bbox 3165 4477 3330 4533; x_wconf 80' lang='grc' dir='ltr'>αὐτοῦ</span> <span class='ocrx_word' id='word_1_650' title='bbox 3364 4477 3542 4545; x_wconf 83' lang='grc' dir='ltr'>λέγει·</span> <span class='ocrx_word' id='word_1_651' title='bbox 3569 4467 3724 4572; x_wconf 66' lang='lat' dir='ltr'><strong><em>:16sz</em></strong></span> 
     </span>
    </p>
   </div>
   <div class='ocr_carea' id='block_1_94' title="bbox 514 4597 2080 4666">
    <p class='ocr_par' dir='ltr' id='par_1_94' title="bbox 514 4597 2080 4666">
     <span class='ocr_line' id='line_1_94' title="bbox 514 4597 2080 4666; baseline 0.004 -16"><span class='ocrx_word' id='word_1_652' title='bbox 514 4608 636 4651; x_wconf 88' lang='lat' dir='ltr'><strong><em>cata</em></strong></span> <span class='ocrx_word' id='word_1_653' title='bbox 665 4599 848 4652; x_wconf 87' lang='lat' dir='ltr'><strong><em>mundi</em></strong></span> <span class='ocrx_word' id='word_1_654' title='bbox 875 4599 940 4652; x_wconf 79' lang='grc'><strong><em>⁸⁸.</em></strong></span> <span class='ocrx_word' id='word_1_655' title='bbox 970 4597 1232 4655; x_wconf 85' lang='lat' dir='ltr'><strong><em>Similiter</em></strong></span> <span class='ocrx_word' id='word_1_656' title='bbox 1255 4599 1472 4656; x_wconf 83' lang='lat' dir='ltr'><strong><em>Gabriel</em></strong></span> <span class='ocrx_word' id='word_1_657' title='bbox 1499 4601 1630 4657; x_wconf 87' lang='lat' dir='ltr'><strong><em>dicit</em></strong></span> <span class='ocrx_word' id='word_1_658' title='bbox 1657 4621 1670 4656; x_wconf 90' lang='lat'><strong>:</strong></span> <span class='ocrx_word' id='word_1_659' title='bbox 1709 4601 1778 4656; x_wconf 89' lang='lat' dir='ltr'><strong><em>Ut</em></strong></span> <span class='ocrx_word' id='word_1_660' title='bbox 1803 4603 2080 4666; x_wconf 85' lang='lat' dir='ltr'><strong><em>deleantur</em></strong></span> 
     </span>
    </p>
   </div>
   <div class='ocr_carea' id='block_1_95' title="bbox 513 4689 2082 4762">
    <p class='ocr_par' dir='ltr' id='par_1_95' title="bbox 513 4689 2082 4762">
     <span class='ocr_line' id='line_1_95' title="bbox 513 4689 2082 4762; baseline 0.006 -21"><span class='ocrx_word' id='word_1_661' title='bbox 513 4689 846 4759; x_wconf 76' lang='lat' dir='ltr'><strong><em>iniquitates,</em></strong></span> <span class='ocrx_word' id='word_1_662' title='bbox 871 4701 920 4745; x_wconf 89' lang='lat' dir='ltr'><strong><em>et</em></strong></span> <span class='ocrx_word' id='word_1_663' title='bbox 939 4692 1289 4762; x_wconf 87' lang='lat' dir='ltr'><strong><em>propitientur</em></strong></span> <span class='ocrx_word' id='word_1_664' title='bbox 1335 4702 1568 4762; x_wconf 69' lang='lat' dir='ltr'><strong><em>peccata.</em></strong></span> <span class='ocrx_word' id='word_1_665' title='bbox 1609 4693 1743 4759; x_wconf 85' lang='lat' dir='ltr'><strong><em>Quis</em></strong></span> <span class='ocrx_word' id='word_1_666' title='bbox 1781 4711 1908 4750; x_wconf 85' lang='lat' dir='ltr'><strong><em>vero</em></strong></span> <span class='ocrx_word' id='word_1_667' title='bbox 1936 4695 2082 4751; x_wconf 89' lang='lat' dir='ltr'><strong><em>dele-</em></strong></span> 
     </span>
    </p>
   </div>
   <div class='ocr_carea' id='block_1_96' title="bbox 515 4779 2082 4854">
    <p class='ocr_par' dir='ltr' id='par_1_96' title="bbox 515 4779 2082 4854">
     <span class='ocr_line' id='line_1_96' title="bbox 515 4779 2082 4854; baseline 0.006 -22"><span class='ocrx_word' id='word_1_668' title='bbox 515 4780 594 4833; x_wconf 87' lang='lat' dir='ltr'><strong><em>vit</em></strong></span> <span class='ocrx_word' id='word_1_669' title='bbox 619 4779 935 4852; x_wconf 88' lang='lat' dir='ltr'><strong><em>iniquitates</em></strong></span> <span class='ocrx_word' id='word_1_670' title='bbox 969 4783 1222 4838; x_wconf 82' lang='lat' dir='ltr'><strong><em>nostras?</em></strong></span> <span class='ocrx_word' id='word_1_671' title='bbox 1273 4781 1440 4838; x_wconf 88' lang='lat' dir='ltr'><strong><em>Docet</em></strong></span> <span class='ocrx_word' id='word_1_672' title='bbox 1469 4792 1520 4838; x_wconf 91' lang='lat' dir='ltr'><strong><em>te</em></strong></span> <span class='ocrx_word' id='word_1_673' title='bbox 1549 4782 1750 4839; x_wconf 85' lang='lat' dir='ltr'><strong><em>Paulus</em></strong></span> <span class='ocrx_word' id='word_1_674' title='bbox 1800 4787 2082 4854; x_wconf 88' lang='lat' dir='ltr'><strong><em>apostolus</em></strong></span> 
     </span>
    </p>
   </div>
   <div class='ocr_carea' id='block_1_97' title="bbox 515 4871 2083 4948">
    <p class='ocr_par' dir='ltr' id='par_1_97' title="bbox 515 4871 2083 4948">
     <span class='ocr_line' id='line_1_97' title="bbox 515 4871 2083 4948; baseline 0.003 -22"><span class='ocrx_word' id='word_1_675' title='bbox 515 4871 704 4929; x_wconf 86' lang='lat' dir='ltr'><strong><em>dicens</em></strong></span> <span class='ocrx_word' id='word_1_676' title='bbox 757 4893 769 4928; x_wconf 91' lang='lat'>:</span> <span class='ocrx_word' id='word_1_677' title='bbox 831 4873 952 4944; x_wconf 84' lang='lat' dir='ltr'><strong><em>Ipse</em></strong></span> <span class='ocrx_word' id='word_1_678' title='bbox 1005 4884 1082 4929; x_wconf 88' lang='lat' dir='ltr'><strong><em>est</em></strong></span> <span class='ocrx_word' id='word_1_679' title='bbox 1132 4891 1238 4946; x_wconf 72' lang='lat' dir='ltr'><strong><em>pax</em></strong></span> <span class='ocrx_word' id='word_1_680' title='bbox 1293 4887 1494 4939; x_wconf 88' lang='lat' dir='ltr'><strong><em>nostra,</em></strong></span> <span class='ocrx_word' id='word_1_681' title='bbox 1549 4877 1637 4947; x_wconf 89' lang='lat' dir='ltr'><strong><em>qui</em></strong></span> <span class='ocrx_word' id='word_1_682' title='bbox 1689 4877 1813 4946; x_wconf 79' lang='lat' dir='ltr'><strong><em>fecit</em></strong></span> <span class='ocrx_word' id='word_1_683' title='bbox 1862 4888 2083 4948; x_wconf 88' lang='lat' dir='ltr'><strong><em>utraque</em></strong></span> 
     </span>
    </p>
   </div>
   <div class='ocr_carea' id='block_1_98' title="bbox 518 4967 2086 5040">
    <p class='ocr_par' dir='ltr' id='par_1_98' title="bbox 518 4967 2086 5040">
     <span class='ocr_line' id='line_1_98' title="bbox 518 4967 2086 5040; baseline 0.004 -24"><span class='ocrx_word' id='word_1_684' title='bbox 518 4981 680 5018; x_wconf 83' lang='lat' dir='ltr'><strong><em>unum</em></strong></span> <span class='ocrx_word' id='word_1_685' title='bbox 709 4981 729 5030; x_wconf 89' lang='grc'><strong><em>;</em></strong></span> <span class='ocrx_word' id='word_1_686' title='bbox 762 4973 816 5022; x_wconf 85' lang='lat' dir='ltr'><strong><em>et</em></strong></span> <span class='ocrx_word' id='word_1_687' title='bbox 863 4967 1335 5034; x_wconf 82' lang='lat' dir='ltr'><strong><em>deinde,.Delens,</em></strong></span> <span class='ocrx_word' id='word_1_688' title='bbox 1371 4969 1509 5040; x_wconf 87' lang='lat' dir='ltr'><strong><em>quod</em></strong></span> <span class='ocrx_word' id='word_1_689' title='bbox 1558 4970 1807 5024; x_wconf 86' lang='lat' dir='ltr'><strong><em>adversus</em></strong></span> <span class='ocrx_word' id='word_1_690' title='bbox 1837 4987 1932 5024; x_wconf 88' lang='lat' dir='ltr'><strong><em>nos</em></strong></span> <span class='ocrx_word' id='word_1_691' title='bbox 1971 4975 2086 5022; x_wconf 85' lang='lat' dir='ltr'><strong><em>erat</em></strong></span> 
     </span>
    </p>
   </div>
   <div class='ocr_carea' id='block_1_99' title="bbox 519 5057 2085 5132">
    <p class='ocr_par' dir='ltr' id='par_1_99' title="bbox 519 5057 2085 5132">
     <span class='ocr_line' id='line_1_99' title="bbox 519 5057 2085 5132; baseline 0.004 -25"><span class='ocrx_word' id='word_1_692' title='bbox 519 5057 922 5129; x_wconf 90' lang='lat' dir='ltr'><strong><em>chirographum</em></strong></span> <span class='ocrx_word' id='word_1_693' title='bbox 969 5073 1337 5129; x_wconf 87' lang='lat' dir='ltr'><strong><em>peccatorum,</em></strong></span> <span class='ocrx_word' id='word_1_694' title='bbox 1392 5060 1529 5132; x_wconf 87' lang='lat' dir='ltr'><strong><em>quod</em></strong></span> <span class='ocrx_word' id='word_1_695' title='bbox 1577 5070 1689 5114; x_wconf 88' lang='lat' dir='ltr'><strong><em>erat</em></strong></span> <span class='ocrx_word' id='word_1_696' title='bbox 1761 5061 2085 5114; x_wconf 86' lang='lat' dir='ltr'><strong><em>contrarium</em></strong></span> 
     </span>
    </p>
   </div>
   <div class='ocr_carea' id='block_1_100' title="bbox 522 5149 768 5208">
    <p class='ocr_par' dir='ltr' id='par_1_100' title="bbox 522 5149 768 5208">
     <span class='ocr_line' id='line_1_100' title="bbox 522 5149 768 5208; baseline -0.004 -6"><span class='ocrx_word' id='word_1_697' title='bbox 522 5149 668 5202; x_wconf 82' lang='lat' dir='ltr'><strong><em>nobis</em></strong></span> <span class='ocrx_word' id='word_1_698' title='bbox 699 5151 768 5208; x_wconf 81' lang='lat'><strong><em>&quot;.</em></strong></span> 
     </span>
    </p>
   </div>
   <div class='ocr_carea' id='block_1_101' title="bbox 605 5320 2090 5396">
    <p class='ocr_par' dir='ltr' id='par_1_101' title="bbox 605 5320 2090 5396">
     <span class='ocr_line' id='line_1_101' title="bbox 605 5320 2090 5396; baseline -0.001 -14"><span class='ocrx_word' id='word_1_699' title='bbox 605 5320 735 5382; x_wconf 77' lang='lat' dir='ltr'><strong><em>XVI.</em></strong></span> <span class='ocrx_word' id='word_1_700' title='bbox 773 5323 927 5390; x_wconf 85' lang='lat' dir='ltr'><strong><em>Quod</em></strong></span> <span class='ocrx_word' id='word_1_701' title='bbox 953 5327 1114 5396; x_wconf 78' lang='lat' dir='ltr'><strong><em>igitur</em></strong></span> <span class='ocrx_word' id='word_1_702' title='bbox 1139 5328 1420 5382; x_wconf 88' lang='lat' dir='ltr'><strong><em>deleantur</em></strong></span> <span class='ocrx_word' id='word_1_703' title='bbox 1448 5325 1763 5396; x_wconf 86' lang='lat' dir='ltr'><strong><em>iniquitates</em></strong></span> <span class='ocrx_word' id='word_1_704' title='bbox 1789 5333 1844 5380; x_wconf 86' lang='lat' dir='ltr'><strong><em>et</em></strong></span> <span class='ocrx_word' id='word_1_705' title='bbox 1863 5325 2090 5395; x_wconf 75' lang='lat' dir='ltr'><strong><em>expien-</em></strong></span> 
     </span>
    </p>
   </div>
   <div class='ocr_carea' id='block_1_102' title="bbox 529 5417 2090 5487">
    <p class='ocr_par' dir='ltr' id='par_1_102' title="bbox 529 5417 2090 5487">
     <span class='ocr_line' id='line_1_102' title="bbox 529 5417 2090 5487; baseline 0 -17"><span class='ocrx_word' id='word_1_706' title='bbox 529 5427 615 5474; x_wconf 82' lang='lat' dir='ltr'><strong><em>tur</em></strong></span> <span class='ocrx_word' id='word_1_707' title='bbox 645 5427 891 5487; x_wconf 88' lang='lat' dir='ltr'><strong><em>peccata,</em></strong></span> <span class='ocrx_word' id='word_1_708' title='bbox 925 5417 1030 5472; x_wconf 85' lang='lat' dir='ltr'><strong><em>hoc</em></strong></span> <span class='ocrx_word' id='word_1_709' title='bbox 1056 5418 1310 5472; x_wconf 89' lang='lat' dir='ltr'><strong><em>ostendit.</em></strong></span> <span class='ocrx_word' id='word_1_710' title='bbox 1365 5417 1592 5482; x_wconf 85' lang='lat' dir='ltr'><strong><em>Quinam</em></strong></span> <span class='ocrx_word' id='word_1_711' title='bbox 1629 5433 1756 5472; x_wconf 85' lang='lat' dir='ltr'><strong><em>vero</em></strong></span> <span class='ocrx_word' id='word_1_712' title='bbox 1783 5425 1930 5482; x_wconf 86' lang='lat' dir='ltr'><strong><em>sunt,</em></strong></span> <span class='ocrx_word' id='word_1_713' title='bbox 1964 5417 2090 5486; x_wconf 90' lang='lat' dir='ltr'><strong><em>qui-</em></strong></span> 
     </span>
    </p>
   </div>
   <div class='ocr_carea' id='block_1_103' title="bbox 529 5508 2094 5578">
    <p class='ocr_par' dir='ltr' id='par_1_103' title="bbox 529 5508 2094 5578">
     <span class='ocr_line' id='line_1_103' title="bbox 529 5508 2094 5578; baseline -0.002 -14"><span class='ocrx_word' id='word_1_714' title='bbox 529 5511 629 5565; x_wconf 88' lang='lat' dir='ltr'><strong><em>bus</em></strong></span> <span class='ocrx_word' id='word_1_715' title='bbox 660 5511 947 5578; x_wconf 83' lang='lat' dir='ltr'><strong><em>expiantur</em></strong></span> <span class='ocrx_word' id='word_1_716' title='bbox 970 5508 1286 5577; x_wconf 79' lang='lat' dir='ltr'><strong><em>iniquitates</em></strong></span> <span class='ocrx_word' id='word_1_717' title='bbox 1312 5525 1445 5576; x_wconf 65' lang='lat' dir='ltr'><strong><em>suaa,</em></strong></span> <span class='ocrx_word' id='word_1_718' title='bbox 1470 5509 1574 5564; x_wconf 89' lang='lat' dir='ltr'><strong><em>nisi</em></strong></span> <span class='ocrx_word' id='word_1_719' title='bbox 1605 5510 1885 5564; x_wconf 88' lang='lat' dir='ltr'><strong><em>credentes</em></strong></span> <span class='ocrx_word' id='word_1_720' title='bbox 1917 5509 1970 5561; x_wconf 90' lang='lat' dir='ltr'><strong><em>in</em></strong></span> <span class='ocrx_word' id='word_1_721' title='bbox 1995 5523 2094 5562; x_wconf 87' lang='lat' dir='ltr'><strong><em>no-</em></strong></span> 
     </span>
    </p>
   </div>
   <div class='ocr_carea' id='block_1_104' title="bbox 531 5599 2096 5672">
    <p class='ocr_par' dir='ltr' id='par_1_104' title="bbox 531 5599 2096 5672">
     <span class='ocr_line' id='line_1_104' title="bbox 531 5599 2096 5672; baseline -0.003 -16"><span class='ocrx_word' id='word_1_722' title='bbox 531 5605 677 5658; x_wconf 88' lang='lat' dir='ltr'><strong><em>mine</em></strong></span> <span class='ocrx_word' id='word_1_723' title='bbox 701 5604 840 5672; x_wconf 89' lang='lat' dir='ltr'><strong><em>ejus,</em></strong></span> <span class='ocrx_word' id='word_1_724' title='bbox 897 5611 951 5656; x_wconf 89' lang='lat' dir='ltr'><strong><em>et</em></strong></span> <span class='ocrx_word' id='word_1_725' title='bbox 1004 5616 1099 5670; x_wconf 87' lang='lat' dir='ltr'><strong><em>per</em></strong></span> <span class='ocrx_word' id='word_1_726' title='bbox 1130 5599 1270 5654; x_wconf 89' lang='lat' dir='ltr'><strong><em>bona</em></strong></span> <span class='ocrx_word' id='word_1_727' title='bbox 1305 5616 1468 5670; x_wconf 89' lang='lat' dir='ltr'><strong><em>opera</em></strong></span> <span class='ocrx_word' id='word_1_728' title='bbox 1501 5599 1694 5657; x_wconf 79' lang='lat' dir='ltr'><strong><em>faciem</em></strong></span> <span class='ocrx_word' id='word_1_729' title='bbox 1721 5601 1841 5671; x_wconf 86' lang='lat' dir='ltr'><strong><em>ejus</em></strong></span> <span class='ocrx_word' id='word_1_730' title='bbox 1873 5599 2096 5670; x_wconf 78' lang='lat' dir='ltr'><strong><em>placan-</em></strong></span> 
     </span>
    </p>
   </div>
   <div class='ocr_carea' id='block_1_105' title="bbox 2195 4555 3726 4660">
    <p class='ocr_par' dir='ltr' id='par_1_105' title="bbox 2195 4555 3726 4660">
     <span class='ocr_line' id='line_1_105' title="bbox 2195 4555 3726 4660; baseline -0.025 -15"><span class='ocrx_word' id='word_1_731' title='bbox 2195 4555 2407 4660; x_wconf 57' lang='grc' dir='ltr'>Ἀμνδξι</span> <span class='ocrx_word' id='word_1_732' title='bbox 2429 4555 2537 4640; x_wconf 59' lang='grc' dir='ltr'><em>τοῦ</em></span> <span class='ocrx_word' id='word_1_733' title='bbox 2575 4555 2720 4636; x_wconf 62' lang='grc' dir='ltr'><em>Θεοῦ</em></span> <span class='ocrx_word' id='word_1_734' title='bbox 2747 4583 2780 4633; x_wconf 86' lang='grc' dir='ltr'><strong><em>ό</em></strong></span> <span class='ocrx_word' id='word_1_735' title='bbox 2812 4555 2993 4646; x_wconf 75' lang='grc' dir='ltr'><em>αἴρων</em></span> <span class='ocrx_word' id='word_1_736' title='bbox 3013 4573 3127 4640; x_wconf 74' lang='grc' dir='ltr'><strong><em>τὴν</em></strong></span> <span class='ocrx_word' id='word_1_737' title='bbox 3159 4569 3451 4641; x_wconf 74' lang='grc' dir='ltr'><strong><em>ἁμαρτίαν</em></strong></span> <span class='ocrx_word' id='word_1_738' title='bbox 3637 4555 3726 4660; x_wconf 59' lang='grc' dir='ltr'><strong><em>πό-</em></strong></span> 
     </span>
    </p>
   </div>
   <div class='ocr_carea' id='block_1_106' title="bbox 2182 4653 3724 4750">
    <p class='ocr_par' dir='ltr' id='par_1_106' title="bbox 2182 4653 3724 4750">
     <span class='ocr_line' id='line_1_106' title="bbox 2182 4653 3724 4750; baseline -0.021 -14"><span class='ocrx_word' id='word_1_739' title='bbox 2182 4653 2358 4750; x_wconf 65' lang='grc' dir='ltr'><em>σιιου·</em></span> <span class='ocrx_word' id='word_1_740' title='bbox 2373 4677 2573 4748; x_wconf 84' lang='grc' dir='ltr'>ὁμοίως</span> <span class='ocrx_word' id='word_1_741' title='bbox 2591 4670 2830 4743; x_wconf 76' lang='grc' dir='ltr'>Γαϐριὴλ</span> <span class='ocrx_word' id='word_1_742' title='bbox 2843 4669 3010 4737; x_wconf 82' lang='grc' dir='ltr'>λέγει·</span> <span class='ocrx_word' id='word_1_743' title='bbox 3033 4665 3141 4720; x_wconf 85' lang='grc' dir='ltr'><strong><em>Τοῦ</em></strong></span> <span class='ocrx_word' id='word_1_744' title='bbox 3157 4660 3484 4728; x_wconf 63' lang='grc' dir='ltr'>ἀπαλεῖψαι</span> <span class='ocrx_word' id='word_1_745' title='bbox 3499 4653 3724 4750; x_wconf 58' lang='grc' dir='ltr'><strong><em>ἀδικίας,</em></strong></span> 
     </span>
    </p>
   </div>
   <div class='ocr_carea' id='block_1_107' title="bbox 2183 4739 3727 4842">
    <p class='ocr_par' dir='ltr' id='par_1_107' title="bbox 2183 4739 3727 4842">
     <span class='ocr_line' id='line_1_107' title="bbox 2183 4739 3727 4842; baseline -0.021 -15"><span class='ocrx_word' id='word_1_746' title='bbox 2183 4739 2282 4827; x_wconf 74' lang='grc' dir='ltr'><strong><em>καὶ</em></strong></span> <span class='ocrx_word' id='word_1_747' title='bbox 2310 4739 2422 4826; x_wconf 78' lang='grc' dir='ltr'><strong><em>τοῦ</em></strong></span> <span class='ocrx_word' id='word_1_748' title='bbox 2469 4739 2868 4832; x_wconf 68' lang='grc' dir='ltr'>ἐξιλάσασθαι</span> <span class='ocrx_word' id='word_1_749' title='bbox 2924 4758 3232 4830; x_wconf 76' lang='grc' dir='ltr'>ἁμαρτίας·</span> <span class='ocrx_word' id='word_1_750' title='bbox 3271 4754 3357 4817; x_wconf 82' lang='grc' dir='ltr'>τίς</span> <span class='ocrx_word' id='word_1_751' title='bbox 3385 4752 3456 4838; x_wconf 18' lang='grc' dir='ltr'><strong><em>δὲ,</em></strong></span> <span class='ocrx_word' id='word_1_752' title='bbox 3487 4739 3727 4842; x_wconf 56' lang='grc' dir='ltr'>ἀπήλεξῷε</span> 
     </span>
    </p>
   </div>
   <div class='ocr_carea' id='block_1_108' title="bbox 2184 4841 3730 4930">
    <p class='ocr_par' dir='ltr' id='par_1_108' title="bbox 2184 4841 3730 4930">
     <span class='ocr_line' id='line_1_108' title="bbox 2184 4841 3730 4930; baseline -0.021 -10"><span class='ocrx_word' id='word_1_753' title='bbox 2184 4865 2282 4928; x_wconf 83' lang='grc' dir='ltr'>τὰς</span> <span class='ocrx_word' id='word_1_754' title='bbox 2309 4862 2521 4924; x_wconf 82' lang='grc' dir='ltr'>ἀδικίας</span> <span class='ocrx_word' id='word_1_755' title='bbox 2553 4858 2744 4930; x_wconf 81' lang='grc' dir='ltr'>ἡμῶν;</span> <span class='ocrx_word' id='word_1_756' title='bbox 2787 4855 3025 4908; x_wconf 78' lang='grc' dir='ltr'>διδάσκει</span> <span class='ocrx_word' id='word_1_757' title='bbox 3057 4867 3117 4903; x_wconf 91' lang='grc' dir='ltr'><strong><em>σε</em></strong></span> <span class='ocrx_word' id='word_1_758' title='bbox 3144 4847 3357 4908; x_wconf 80' lang='grc' dir='ltr'>Παῦλος</span> <span class='ocrx_word' id='word_1_759' title='bbox 3399 4845 3428 4895; x_wconf 89' lang='grc' dir='ltr'>ὁ</span> <span class='ocrx_word' id='word_1_760' title='bbox 3468 4841 3730 4930; x_wconf 55' lang='grc' dir='ltr'>ἀπόστολος</span> 
     </span>
    </p>
   </div>
   <div class='ocr_carea' id='block_1_109' title="bbox 2190 4927 3734 5030">
    <p class='ocr_par' dir='ltr' id='par_1_109' title="bbox 2190 4927 3734 5030">
     <span class='ocr_line' id='line_1_109' title="bbox 2190 4927 3734 5030; baseline -0.023 -13"><span class='ocrx_word' id='word_1_761' title='bbox 2190 4959 2384 5026; x_wconf 78' lang='grc' dir='ltr'>λέγων·</span> <span class='ocrx_word' id='word_1_762' title='bbox 2421 4927 2614 5019; x_wconf 59' lang='grc' dir='ltr'><strong><em>Αὐτός</em></strong></span> <span class='ocrx_word' id='word_1_763' title='bbox 2651 4953 2824 5005; x_wconf 80' lang='grc' dir='ltr'><em>ἐστιν</em></span> <span class='ocrx_word' id='word_1_764' title='bbox 2883 4951 2923 5017; x_wconf 74' lang='grc' dir='ltr'>ἢ</span> <span class='ocrx_word' id='word_1_765' title='bbox 2969 4944 3172 5014; x_wconf 66' lang='grc' dir='ltr'>εἰρήνη</span> <span class='ocrx_word' id='word_1_766' title='bbox 3223 4937 3411 5030; x_wconf 58' lang='grc' dir='ltr'>ὴμῶιλ,</span> <span class='ocrx_word' id='word_1_767' title='bbox 3442 4939 3473 4989; x_wconf 84' lang='grc' dir='ltr'><strong><em>ό</em></strong></span> <span class='ocrx_word' id='word_1_768' title='bbox 3501 4927 3734 5030; x_wconf 62' lang='grc' dir='ltr'><em>ποιήσίῖ</em></span> 
     </span>
    </p>
   </div>
   <div class='ocr_carea' id='block_1_110' title="bbox 2192 5019 3718 5122">
    <p class='ocr_par' dir='ltr' id='par_1_110' title="bbox 2192 5019 3718 5122">
     <span class='ocr_line' id='line_1_110' title="bbox 2192 5019 3718 5122; baseline -0.022 -19"><span class='ocrx_word' id='word_1_769' title='bbox 2192 5019 2276 5103; x_wconf 41' lang='grc' dir='ltr'><strong><em>τὰ.</em></strong></span> <span class='ocrx_word' id='word_1_770' title='bbox 2312 5045 2612 5116; x_wconf 58' lang='grc' dir='ltr'><strong><em>ἀμφότερα</em></strong></span> <span class='ocrx_word' id='word_1_771' title='bbox 2657 5040 2747 5105; x_wconf 77' lang='grc' dir='ltr'><strong><em>ἐν,</em></strong></span> <span class='ocrx_word' id='word_1_772' title='bbox 2798 5039 2890 5092; x_wconf 80' lang='grc' dir='ltr'><strong><em>καὶ</em></strong></span> <span class='ocrx_word' id='word_1_773' title='bbox 2941 5035 3090 5104; x_wconf 77' lang='grc' dir='ltr'>ἑξῆς,</span> <span class='ocrx_word' id='word_1_774' title='bbox 3143 5027 3486 5122; x_wconf 49' lang='grc' dir='ltr'>ἀπαλείψας</span> <span class='ocrx_word' id='word_1_775' title='bbox 3531 5019 3586 5074; x_wconf 72' lang='grc' dir='ltr'><em>τὸ</em></span> <span class='ocrx_word' id='word_1_776' title='bbox 3617 5019 3718 5122; x_wconf 50' lang='grc' dir='ltr'><strong><em>καθ</em></strong></span> 
     </span>
    </p>
   </div>
   <div class='ocr_carea' id='block_1_111' title="bbox 2195 5115 3738 5208">
    <p class='ocr_par' dir='ltr' id='par_1_111' title="bbox 2195 5115 3738 5208">
     <span class='ocr_line' id='line_1_111' title="bbox 2195 5115 3738 5208; baseline -0.029 -9"><span class='ocrx_word' id='word_1_777' title='bbox 2195 5115 2363 5208; x_wconf 61' lang='grc' dir='ltr'>’ἡμῶν</span> <span class='ocrx_word' id='word_1_778' title='bbox 2386 5136 2778 5206; x_wconf 68' lang='grc' dir='ltr'><strong><em>χειρόγραφον</em></strong></span> <span class='ocrx_word' id='word_1_779' title='bbox 2799 5129 2918 5184; x_wconf 81' lang='grc' dir='ltr'><strong><em>τῶν</em></strong></span> <span class='ocrx_word' id='word_1_780' title='bbox 2936 5121 3230 5198; x_wconf 79' lang='grc' dir='ltr'><em>ἁμαρτιῶν</em></span> <span class='ocrx_word' id='word_1_781' title='bbox 3253 5121 3285 5174; x_wconf 84' lang='grc' dir='ltr'><strong>ὃ</strong></span> <span class='ocrx_word' id='word_1_782' title='bbox 3307 5115 3388 5183; x_wconf 70' lang='grc' dir='ltr'><strong><em>ἦν</em></strong></span> <span class='ocrx_word' id='word_1_783' title='bbox 3405 5115 3738 5166; x_wconf 61' lang='grc' dir='ltr'><strong><em>ὁπῇ-αιτιοι·</em></strong></span> 
     </span>
    </p>
   </div>
   <div class='ocr_carea' id='block_1_112' title="bbox 2197 5230 2358 5300">
    <p class='ocr_par' dir='ltr' id='par_1_112' title="bbox 2197 5230 2358 5300">
     <span class='ocr_line' id='line_1_112' title="bbox 2197 5230 2358 5300; baseline -0.019 -14"><span class='ocrx_word' id='word_1_784' title='bbox 2197 5230 2358 5300; x_wconf 70' lang='grc' dir='ltr'><strong><em>ἡμῖν.</em></strong></span> 
     </span>
    </p>
   </div>
   <div class='ocr_carea' id='block_1_113' title="bbox 2263 5285 3742 5382">
    <p class='ocr_par' dir='ltr' id='par_1_113' title="bbox 2263 5285 3742 5382">
     <span class='ocr_line' id='line_1_113' title="bbox 2263 5285 3742 5382; baseline -0.027 -5"><span class='ocrx_word' id='word_1_785' title='bbox 2263 5321 2405 5376; x_wconf 75' lang='lat' dir='ltr'><strong><em>XVI.</em></strong></span> <span class='ocrx_word' id='word_1_786' title='bbox 2435 5319 2508 5376; x_wconf 84' lang='grc' dir='ltr'>Τὸ</span> <span class='ocrx_word' id='word_1_787' title='bbox 2533 5315 2828 5382; x_wconf 79' lang='grc' dir='ltr'>ἀπαλεῖψαι</span> <span class='ocrx_word' id='word_1_788' title='bbox 2874 5307 2966 5360; x_wconf 83' lang='grc' dir='ltr'>οῦν</span> <span class='ocrx_word' id='word_1_789' title='bbox 2996 5301 3094 5364; x_wconf 81' lang='grc' dir='ltr'>τὰς</span> <span class='ocrx_word' id='word_1_790' title='bbox 3145 5298 3381 5361; x_wconf 78' lang='grc' dir='ltr'>ἀδικίας,</span> <span class='ocrx_word' id='word_1_791' title='bbox 3431 5295 3522 5350; x_wconf 78' lang='grc' dir='ltr'><strong><em>καὶ</em></strong></span> <span class='ocrx_word' id='word_1_792' title='bbox 3557 5289 3612 5343; x_wconf 75' lang='grc' dir='ltr'>τὺ</span> <span class='ocrx_word' id='word_1_793' title='bbox 3643 5285 3742 5382; x_wconf 47' lang='lat' dir='ltr'><strong><em>sgf-</em></strong></span> 
     </span>
    </p>
   </div>
   <div class='ocr_carea' id='block_1_114' title="bbox 2195 5377 3742 5476">
    <p class='ocr_par' dir='ltr' id='par_1_114' title="bbox 2195 5377 3742 5476">
     <span class='ocr_line' id='line_1_114' title="bbox 2195 5377 3742 5476; baseline -0.028 -9"><span class='ocrx_word' id='word_1_794' title='bbox 2195 5413 2458 5470; x_wconf 86' lang='grc' dir='ltr'>λάσασθαι</span> <span class='ocrx_word' id='word_1_795' title='bbox 2483 5409 2580 5473; x_wconf 78' lang='grc' dir='ltr'>τὰς</span> <span class='ocrx_word' id='word_1_796' title='bbox 2615 5402 2904 5476; x_wconf 81' lang='grc' dir='ltr'>ἁμαρτίας,</span> <span class='ocrx_word' id='word_1_797' title='bbox 2941 5394 3096 5449; x_wconf 84' lang='grc' dir='ltr'>τοῦτο</span> <span class='ocrx_word' id='word_1_798' title='bbox 3137 5391 3304 5461; x_wconf 80' lang='grc' dir='ltr'>δηλοῖ’</span> <span class='ocrx_word' id='word_1_799' title='bbox 3363 5387 3504 5448; x_wconf 76' lang='grc' dir='ltr'>τινες</span> <span class='ocrx_word' id='word_1_800' title='bbox 3535 5383 3584 5435; x_wconf 75' lang='grc' dir='ltr'>δὲ</span> <span class='ocrx_word' id='word_1_801' title='bbox 3615 5377 3742 5476; x_wconf 48' lang='grc' dir='ltr'>εἰσὶν</span> 
     </span>
    </p>
   </div>
   <div class='ocr_carea' id='block_1_115' title="bbox 2197 5469 3746 5566">
    <p class='ocr_par' dir='ltr' id='par_1_115' title="bbox 2197 5469 3746 5566">
     <span class='ocr_line' id='line_1_115' title="bbox 2197 5469 3746 5566; baseline -0.025 -8"><span class='ocrx_word' id='word_1_802' title='bbox 2197 5507 2246 5558; x_wconf 76' lang='grc' dir='ltr'>οἱ</span> <span class='ocrx_word' id='word_1_803' title='bbox 2275 5504 2374 5566; x_wconf 77' lang='grc' dir='ltr'><strong><em>τὰς</em></strong></span> <span class='ocrx_word' id='word_1_804' title='bbox 2400 5469 2610 5562; x_wconf 78' lang='grc' dir='ltr'>ἀδικίας</span> <span class='ocrx_word' id='word_1_805' title='bbox 2635 5469 2814 5549; x_wconf 75' lang='grc' dir='ltr'>αὐτῶν</span> <span class='ocrx_word' id='word_1_806' title='bbox 2835 5485 3262 5556; x_wconf 76' lang='grc' dir='ltr'>ἐξιλασκόμενοι,</span> <span class='ocrx_word' id='word_1_807' title='bbox 3291 5483 3336 5535; x_wconf 76' lang='grc' dir='ltr'>εἰ</span> <span class='ocrx_word' id='word_1_808' title='bbox 3367 5479 3440 5552; x_wconf 85' lang='grc' dir='ltr'>μὴ</span> <span class='ocrx_word' id='word_1_809' title='bbox 3470 5479 3542 5539; x_wconf 80' lang='grc' dir='ltr'>εἰς</span> <span class='ocrx_word' id='word_1_810' title='bbox 3569 5472 3624 5525; x_wconf 78' lang='grc' dir='ltr'>τὸ</span> <span class='ocrx_word' id='word_1_811' title='bbox 3641 5469 3746 5566; x_wconf 62' lang='grc' dir='ltr'>δνο-</span> 
     </span>
    </p>
   </div>
   <div class='ocr_carea' id='block_1_116' title="bbox 2204 5557 3744 5668">
    <p class='ocr_par' dir='ltr' id='par_1_116' title="bbox 2204 5557 3744 5668">
     <span class='ocr_line' id='line_1_116' title="bbox 2204 5557 3744 5668; baseline -0.024 -18"><span class='ocrx_word' id='word_1_812' title='bbox 2204 5613 2278 5668; x_wconf 88' lang='grc' dir='ltr'><strong><em>μα</em></strong></span> <span class='ocrx_word' id='word_1_813' title='bbox 2318 5557 2482 5648; x_wconf 68' lang='grc' dir='ltr'>αῦτοῦ</span> <span class='ocrx_word' id='word_1_814' title='bbox 2517 5557 2880 5648; x_wconf 80' lang='grc' dir='ltr'>πιστεύοντες,</span> <span class='ocrx_word' id='word_1_815' title='bbox 2907 5581 3000 5634; x_wconf 75' lang='grc' dir='ltr'>καὶ</span> <span class='ocrx_word' id='word_1_816' title='bbox 3031 5578 3096 5631; x_wconf 85' lang='grc' dir='ltr'>δι’</span> <span class='ocrx_word' id='word_1_817' title='bbox 3125 5571 3485 5645; x_wconf 76' lang='grc' dir='ltr'>ἀγαθοεργίας</span> <span class='ocrx_word' id='word_1_818' title='bbox 3507 5567 3559 5621; x_wconf 72' lang='grc' dir='ltr'><strong><em>τὸ</em></strong></span> <span class='ocrx_word' id='word_1_819' title='bbox 3581 5557 3744 5633; x_wconf 65' lang='grc' dir='ltr'>πρόε-</span> 
     </span>
    </p>
   </div>
   <div class='ocr_carea' id='block_1_117' title="bbox 605 5783 2081 5884">
    <p class='ocr_par' dir='ltr' id='par_1_117' title="bbox 605 5796 2078 5884">
     <span class='ocr_line' id='line_1_117' title="bbox 605 5796 2078 5884; baseline 0.005 -17"><span class='ocrx_word' id='word_1_820' title='bbox 605 5796 649 5846; x_wconf 57' lang='grc' dir='ltr'><strong><em>έίῖ</em></strong></span> <span class='ocrx_word' id='word_1_821' title='bbox 677 5813 874 5872; x_wconf 84' lang='lat' dir='ltr'><strong><em>Jeretn.</em></strong></span> <span class='ocrx_word' id='word_1_822' title='bbox 907 5829 1032 5880; x_wconf 74' lang='lat' dir='ltr'><strong><em>xxv,</em></strong></span> <span class='ocrx_word' id='word_1_823' title='bbox 1071 5813 1158 5868; x_wconf 81' lang='lat' dir='ltr'><strong><em>ll.</em></strong></span> <span class='ocrx_word' id='word_1_824' title='bbox 1237 5813 1278 5845; x_wconf 77' lang='grc'><strong>³⁷</strong></span> <span class='ocrx_word' id='word_1_825' title='bbox 1313 5810 1340 5864; x_wconf 91' lang='lat' dir='ltr'><strong><em>.l</em></strong></span> <span class='ocrx_word' id='word_1_826' title='bbox 1365 5811 1496 5884; x_wconf 79' lang='lat' dir='ltr'><strong><em>Reg.</em></strong></span> <span class='ocrx_word' id='word_1_827' title='bbox 1531 5829 1591 5883; x_wconf 89' lang='grc' dir='ltr'><strong><em>ιι,</em></strong></span> <span class='ocrx_word' id='word_1_828' title='bbox 1783 5811 1829 5844; x_wconf 79' lang='grc'>⁸⁸</span> <span class='ocrx_word' id='word_1_829' title='bbox 1863 5809 2020 5865; x_wconf 72' lang='lat' dir='ltr'><strong><em>Joan-</em></strong></span> <span class='ocrx_word' id='word_1_830' title='bbox 2059 5823 2078 5866; x_wconf 85' lang='lat' dir='ltr'><strong><em>l.</em></strong></span> 
     </span>
    </p>
   </div>
   <div class='ocr_carea' id='block_1_118' title="bbox 2174 5783 3231 5884">
    <p class='ocr_par' dir='ltr' id='par_1_118' title="bbox 2174 5783 3231 5870">
     <span class='ocr_line' id='line_1_118' title="bbox 2174 5783 3231 5870; baseline -0.024 -8"><span class='ocrx_word' id='word_1_831' title='bbox 2174 5807 2214 5862; x_wconf 61' lang='grc' dir='ltr'><strong><em>ἂ.</em></strong></span> <span class='ocrx_word' id='word_1_832' title='bbox 2292 5805 2336 5836; x_wconf 70' lang='grc'><strong><em>⁸³</em></strong></span> <span class='ocrx_word' id='word_1_833' title='bbox 2389 5798 2676 5870; x_wconf 84' lang='lat' dir='ltr'><strong><em>prcs..tt,</em></strong></span> <span class='ocrx_word' id='word_1_834' title='bbox 2705 5793 2805 5858; x_wconf 75' lang='lat' dir='ltr'><strong><em>M;</em></strong></span> <span class='ocrx_word' id='word_1_835' title='bbox 2831 5791 3015 5846; x_wconf 86' lang='lat' dir='ltr'><strong><em>Colos.</em></strong></span> <span class='ocrx_word' id='word_1_836' title='bbox 3053 5800 3114 5854; x_wconf 88' lang='grc' dir='ltr'><strong><em>ιι,</em></strong></span> <span class='ocrx_word' id='word_1_837' title='bbox 3145 5783 3231 5837; x_wconf 72' lang='grc' dir='ltr'><strong><em>ιι.</em></strong></span> 
     </span>
    </p>
   </div>
  </div>
