3836 6532
199 327 290 385 653
1302 293 1722 378 FRAGMENTA
1759 319 1827 376 IN
1863 321 2228 376 DANIELEM.

3271 333 3375 387 631

197 456 324 495 ωπον
377 436 530 492 αὑτοῦ
562 438 994 510 ἑξιλασκόμενοι;
1053 438 1175 492 Ὀτι
1213 438 1270 491 δὲ
1324 438 1460 510 μετὰ
1489 438 1548 492 τὸ
1591 438 1700 490 ὲπι-

1816 439 1933 492 tes?
1963 436 2117 504 Quod
2146 452 2276 491 vero
2319 447 2605 506 postquam
2631 454 2881 495 reversus
2931 452 3012 496 est
3047 445 3278 511 populus
3307 465 3370 500 ex

195 531 393 604 στρέψαι
425 531 513 583 τὸν
567 530 693 584 λαὸν
746 532 811 583 ἐκ
865 529 1180 593 Βαϐυλῶνος
1201 529 1527 602 τετρακόσια
1555 529 1712 600 τριά-

191 641 330 676 κοντα
346 622 572 692 τέσσαρα
602 621 695 692 ἐτη
726 622 1015 693 γεγένηται
1045 621 1149 686 ἓως
1173 621 1438 691 γενέσεως
1455 621 1711 691 Χριστοῦ,

190 712 394 775 εὐκόλως
429 714 541 766 ἐστὶ
569 714 754 784 νοῆσαι
805 714 874 766 τὰ
915 713 1266 784 προκείμενα·
1316 711 1500 783 ἐπειδὴ
1532 712 1639 784 γὰρ
1678 714 1712 783 ἡ

188 803 348 877 πρώτη
399 804 624 876 διαθήκη
655 808 766 868 τοῖς
796 807 932 868 υἱοῖς
987 805 1202 877 Ἰσραὴλ
1231 804 1368 876 μετὰ
1390 803 1714 875 τετρακόσια

183 897 446 969 τριάκοντα
473 896 710 968 τέσσαρα
759 896 854 967 ἐτη
884 897 1060 968 ἐδόθη·
1107 896 1416 966 ἀναγκαίως
1467 897 1573 951 ἔδει
1618 898 1714 952 καὶ

185 989 272 1060 τὴν
295 989 543 1060 δευτέραν
580 989 779 1059 ὁμοίως
800 989 877 1060 τῷ
919 989 1067 1061 αὐτῷ
1101 991 1276 1060 χρόνῳ
1304 989 1596 1060 ὁρίζεσθαι,
1625 989 1711 1042 ἵνα

182 1080 270 1137 ὑπὸ
299 1080 385 1133 τοῦ
410 1079 537 1134 λαοῦ
568 1080 932 1152 προσδόκιμος
961 1082 1186 1153 γενηθῇ,
1221 1083 1310 1134 καὶ
1341 1082 1444 1135 ὑπὸ
1475 1082 1583 1134 τῶν
1617 1100 1710 1135 πι-

183 1173 448 1227 στευόντων
482 1173 716 1238 εὐκόλως
747 1174 1080 1245 ἐπιγνωσθῇ.

236 1329 381 1383 XVII.
410 1332 518 1383 Καὶ
549 1331 636 1384 διὰ
663 1330 819 1384 τοῦτο
846 1330 1084 1403 Γαϐριὴλ
1111 1332 1278 1401 λέγει·
1313 1335 1424 1387 Καὶ
1452 1335 1554 1388 τοῦ
1587 1335 1711 1404 χρῖ-

176 1440 262 1477 σαι
288 1422 448 1492 ἅγιον
473 1423 673 1492 ἁγίων·
713 1423 866 1493 ἆγιος
891 1425 947 1477 δὲ
975 1426 1146 1491 ἁγίων
1184 1427 1378 1490 οὐδεὶς,
1416 1429 1462 1480 εί
1504 1428 1577 1499 μὴ
1618 1429 1711 1499 μό-

177 1530 250 1576 νος
271 1517 297 1567 6
324 1514 443 1577 Υἱὸς
475 1514 568 1568 τοῦ
602 1514 754 1568 Θεοῦ·
793 1516 851 1580 ὅς
883 1517 1091 1589 παρὼν,
1141 1519 1234 1572 καὶ
1268 1520 1576 1583 ἐπιδεικνὺς
1606 1520 1707 1591 ἔφη

174 1603 289 1677 πρδς
315 1605 506 1668 αὐτούς
524 1622 538 1636 ·
601 1607 844 1676 Πνεῦμα
871 1611 1088 1677 Κυρίου
1113 1609 1203 1662 ἐπ’
1229 1611 1354 1680 ἐμὲ,
1385 1608 1455 1666 οὗ
1481 1613 1711 1666 εἵνεκεν

169 1697 352 1765 ἔχρισέ
393 1715 489 1766 με,
530 1700 625 1752 καὶ
670 1698 738 1752 τὰ
769 1699 914 1770 ἑξῆς.
978 1701 1126 1754 Ὅσοι
1166 1698 1258 1755 οὖν
1309 1705 1589 1756 ἐπίστευον
1632 1703 1709 1774 τῷ

170 1790 446 1859 ἐπουρανίῳ
499 1793 663 1861 ἱερεῖ,
717 1793 806 1845 ὑπ’
842 1793 1006 1846 αὑτοῦ
1061 1794 1154 1847 τοῦ
1219 1795 1407 1866 ίερέως
1450 1795 1705 1868 ἐκαθαρί-

169 1879 318 1942 ζοντο,
351 1881 442 1934 καὶ
488 1881 693 1935 τούτων
746 1885 801 1936 αἱ
856 1885 1116 1955 ἁμαρτίαι
1167 1886 1545 1958 ἁπηλείφοντο·
1593 1888 1706 1940 ὅσοι

166 1972 213 2024 δὲ
240 1973 494 2043 ἠπίστουν
526 1973 697 2045 αὐτῷ,
730 1975 805 2039 ὡς
861 1976 1143 2048 ἄνθρωπον
1172 1979 1333 2031 αὑτὸν
1367 1979 1703 2043 ἐξουθενοῦν-

165 2081 258 2128 τες,
305 2066 503 2121 τούτων
537 2069 595 2122 al
644 2069 906 2140 ἁμαρτίαι
941 2069 1018 2133 ὡς
1062 2071 1412 2140 ἀναφαίρετοι
1441 2071 1704 2142 ἐσφραγί-

167 2155 315 2220 ζοντο,
342 2158 460 2213 ὅθεν
483 2160 731 2233 προορῶν
765 2163 792 2213 6
835 2163 1098 2230 Ἀγγελος
1127 2164 1209 2216 ὅτι
1241 2164 1302 2216 οὐ
1334 2164 1532 2227 πάντες
1575 2163 1704 2234 μέλ-

162 2247 290 2301 λουσι
318 2252 591 2305 πιστεύειν
622 2252 789 2323 αὐτῷ,
831 2250 974 2317 εἷπε,
1004 2255 1108 2308 τοῦ
1139 2253 1500 2309 συντελέσαι
1525 2257 1705 2325 ἀμαρ-

162 2338 289 2403 τίας,
315 2340 410 2392 καί
436 2341 546 2394 τοῦ
593 2342 920 2411 σφραγῖσαι
968 2344 1274 2413 ἁμαρτίας
1310 2345 1422 2397 ὅσοι
1465 2344 1571 2416 γὰρ
1601 2347 1703 2410 ἕως

161 2433 319 2497 τέλους
346 2435 652 2506 ἠπείθησαν
685 2437 851 2507 αὐτῷ,
880 2437 1082 2490 τούτων
1111 2433 1204 2492 οὖν
1228 2438 1286 2490 οὐ
1325 2438 1705 2510 συνετελέσθη-

162 2539 244 2578 σαν
268 2526 318 2577 αί
343 2528 631 2600 ἁμαρτίαι,
661 2529 772 2582 ἁλλ’
802 2529 1241 2602 ὲσφραγίσθησαν
1271 2531 1350 2590 είς
1392 2529 1572 2599 κρίσιν
1603 2548 1702 2602 τη-

161 2617 413 2687 ρούμεναι·
449 2621 568 2673 ὅσοι
598 2621 653 2673 δὲ
702 2621 956 2692 μέλλουσι
1008 2621 1281 2675 πιστεύειν
1329 2623 1477 2693 αὐτῷ
1513 2624 1588 2687 ὡς
1613 2625 1704 2678 δυ-

159 2708 349 2778 ναμένῳ
374 2712 597 2780 ἀφιέναι
629 2712 934 2783 ἁμαρτίας,
965 2713 1168 2767 τούτων
1206 2713 1582 2785 ἁπηλείιροντο·
1614 2715 1702 2768 διὰ

157 2799 291 2853 τοῦτο
319 2801 486 2870 λέγει·
535 2803 644 2857 Καὶ
673 2803 778 2858 τοῦ
806 2807 1133 2876 σφραγῒσαι
1163 2805 1394 2874 ὅρασιν,
1430 2807 1528 2860 καὶ
1557 2819 1701 2876 προ-

155 2891 352 2960 νηίτην.

1815 526 2104 600 Babylone,
2140 528 2519 600 quadringenti
2555 530 2770 600 triginta
2817 542 3049 600 quatuor
3071 536 3378 592 efﬂuxerint

1814 621 1945 674 anni
1979 637 2151 691 usque
2183 622 2248 676 ad
2285 622 2487 677 Christi
2530 624 2888 690 nativitatem,
2918 625 3076 682 facile
3105 638 3188 683 est
3217 631 3378 685 intel-

1814 710 2012 780 ligere;
2042 727 2166 765 cum
2191 711 2334 765 enim
2361 713 2593 782 primum
2643 723 3026 771 testamentum
3060 719 3185 774 ﬁliis
3210 721 3375 777 Israel

1812 807 1936 868 post
1961 801 2382 871 quadringentos
2427 801 2645 871 triginta
2680 814 2914 872 quatuor
2965 821 3138 861 annos
3189 807 3373 862 datum

1813 889 1902 952 sit,
1937 891 2246 944 necessario
2291 892 2592 960 Oportebat,
2629 902 2688 946 ut
2735 895 2895 948 etiam
2931 898 3230 952 secundum
3279 915 3375 954 eo—

1813 979 1934 1033 dem
1969 983 2228 1049 temporis
2278 982 2452 1051 spatio
2487 983 2822 1052 deiinirctur,
2874 997 2932 1040 ut
2975 1003 3004 1041 a
3052 991 3250 1058 populo
3277 1007 3344 1045 ex

1813 1081 2189 1140 Spectaretur,
2241 1084 2292 1127 ct
2361 1090 2390 1127 a
2449 1075 2795 1131 credentibus
2851 1077 3009 1133 facile
3077 1096 3374 1152 cognosce-

1814 1172 1980 1218 I‘GIUI'.

1885 1320 2044 1376 XVII.
2075 1321 2438 1388 Quamobrem
2473 1322 2691 1378 Gabriel
2735 1326 2846 1380 ait:
2880 1327 2946 1380 Et
2982 1341 3210 1398 ungatur
3234 1331 3374 1386 San-

1812 1421 1926 1465 ctus
1977 1423 2300 1466 sanctorum.
2357 1412 2588 1468 Sanctus
2640 1431 2767 1471 vero
2797 1430 3109 1475 sanctorum
3165 1424 3370 1484 nullus.

1811 1503 1918 1558 nisi
1944 1505 2095 1558 solus
2126 1503 2297 1560 Filius
2331 1504 2444 1570 Dei,
2503 1508 2594 1576 qui
2645 1524 2766 1562 cum
2799 1512 3014 1566 adesset
3050 1523 3102 1568 et
3143 1517 3373 1571 manife-

1811 1604 1980 1650 staret
2014 1612 2092 1660 se,
2124 1597 2260 1651 dixit
2313 1598 2378 1650 ad
2414 1615 2506 1655 eos
2535 1618 2548 1654 :
2582 1600 2812 1669 Spiritus
2843 1603 3055 1659 Domini
3095 1625 3248 1675 super
3269 1629 3368 1676 me,

1809 1699 2019 1754 propter
2066 1685 2202 1756 quod
2239 1689 2390 1741 uiuit
2439 1708 2518 1743 me
2564 1691 2630 1750 9°,
2677 1702 2730 1745 et
2782 1704 2996 1750 caetera.
3052 1699 3373 1773 Quicunque

1739 1778 1780 1832 Β
1811 1777 1972 1846 igitur
2000 1780 2206 1834 cmlesti
2241 1781 2536 1835 credebant
2565 1785 2852 1852 sacerdoti,
2886 1788 2953 1841 ab
2987 1791 3104 1860 ipso
3145 1796 3374 1851 munda-

1807 1869 2004 1924 bantnr
2033 1873 2336 1939 sacerdote,
2389 1886 2443 1928 et
2491 1875 2685 1929 horum
2748 1890 2965 1947 peccata
3022 1883 3368 1942 delebantnr.

1807 1961 2129 2033 Quicunque
2161 1979 2290 2019 vero
2317 1967 2364 2020 ei
2401 1968 2624 2022 minime
2657 1971 2967 2038 credebant,
2997 1983 3252 2046 tanquam
3282 1981 3376 2034 ho-

1806 2055 2006 2109 minem
2039 2057 2215 2125 ipsum
2245 2058 2624 2130 despicientes,
2673 2063 2870 2117 horum
2899 2079 3139 2134 peccata,
3204 2073 3371 2126 veluti

1805 2161 1927 2215 qua:
1961 2148 2126 2202 deleri
2151 2148 2373 2204 minime
2401 2161 2641 2219 possent,
2701 2155 3109 2226 sigillabanlur;
3135 2178 3375 2231 quapro-

1805 2248 1924 2307 pter
1955 2255 2077 2294 cum
2127 2243 2350 2311 angelus
2397 2246 2712 2312 praevideret
2744 2250 2889 2319 quod
2923 2267 3030 2305 non
3090 2269 3280 2317 omnes
3321 2258 3372 2310 ei

1805 2330 2065 2385 credituri
2100 2344 2303 2399 essent,
2331 2336 2466 2391 dixit
2503 2356 2516 2391 :
2579 2337 2647 2392 Ut
2675 2352 3102 2397 consummentur
3132 2357 3368 2415 peccata,

1804 2424 2236 2493 etobsignentur.
2289 2427 2568 2498 Quotquot
2614 2431 2757 2484 enim
2809 2449 2981 2504 usque
3026 2438 3093 2491 ad
3125 2438 3286 2496 linem
3320 2443 3370 2496 ei

1803 2512 2177 2572 inobedientes
2210 2516 2449 2582 fuerunt,
2473 2520 2667 2576 horum
2692 2524 2877 2593 utique
2899 2539 3119 2595 peccata
3147 2533 3370 2587 minime

1803 2616 2201 2674 consummata,
2241 2609 2334 2664 sed
2392 2611 2625 2682 sigillata
2671 2626 2817 2683 sunt,
2866 2633 2929 2672 ac
2956 2619 3166 2688 judicio
3190 2639 3369 2681 reser-

1803 2711 1964 2763 vata;
2024 2710 2290 2772 quotquot
2343 2719 2472 2760 vero
2519 2707 2776 2764 credituri
2827 2714 3064 2777 suntei,
3112 2726 3370 2788 tanquam

1803 2799 2022 2858 peccata
2055 2791 2359 2848 dimittendi
2396 2795 2648 2851 virtutem
2683 2799 2923 2864 habenti,
2958 2803 3148 2859 horum
3197 2808 3371 2864 deleta

1801 2888 1950 2933 sunt.
1986 2879 2274 2952 Pr0pterea
2310 2885 2443 2940 dicit
2476 2905 2488 2941 :
2537 2887 2602 2940 Et
2635 2903 2691 2943 ut
2719 2893 2953 2962 signetur
2979 2897 3128 2962 visio,
3160 2909 3209 2952 et
3242 2918 3369 2968 pro-

1799 2975 1974 3041 pheta.

212 3115 382 3173 XVIII.
431 3120 658 3192 Ἐπειδὴ
683 3119 792 3193 γὰρ
825 3120 1096 3193 πλήρωμα
1128 3123 1312 3193 νόμου,
1356 3125 1449 3177 καὶ
1490 3141 1700 3199 προφη-

1876 3128 2064 3187 XVIII.
2097 3132 2232 3188 Nam
2267 3152 2389 3191 cum
2422 3138 2557 3207 ipse,
2589 3139 2677 3208 qui
2715 3154 2797 3197 est
2831 3146 3112 3214 plenitudo
3136 3153 3271 3222 legis
3317 3165 3370 3208 et

151 3207 242 3260 τῶν
270 3211 427 3274 αὐτὸς
482 3213 690 3284 παρῆψ
725 3217 753 3267 6
780 3215 941 3284 νόμος
992 3214 1122 3286 γὰρ,
1177 3217 1268 3268 καὶ
1325 3219 1374 3269 oi
1427 3219 1699 3291 προφῆται

152 3297 240 3363 ἕως
280 3303 546 3358 Ἰωάννου·
585 3305 689 3359 ἔδει
721 3307 788 3360 τὰ
824 3308 914 3359 ὑπ’
939 3308 1160 3360 ἐκείνων
1194 3308 1494 3380 λαλούμενα
1528 3329 1701 3382 σφρα-

151 3392 390 3459 γίζεσθαι,
423 3398 520 3451 ἴνα
579 3400 636 3452 ἐν
684 3402 748 3469 τῇ
797 3399 890 3452 τοῦ
957 3403 1161 3472 Κυρίου
1217 3403 1486 3474 παρουσίᾳ
1521 3406 1699 3458 πάντα

150 3480 351 3539 λυθέντα
406 3489 676 3560 φωτισθῇ,
709 3491 899 3544 καὶτὰ
951 3493 1114 3546 πάλαι
1159 3493 1414 3564 δεδεμένα
1463 3495 1558 3549 νῦν
1607 3498 1698 3550 ὑπ’

149 3575 292 3630 αὐτοῦ
328 3579 483 3650 λυθῇ,
517 3581 596 3643 ὡς
645 3583 806 3646 αὐτὸς
855 3586 884 3636 6
935 3585 1138 3656 Κύριος
1164 3585 1354 3658 εἴρηκε
1385 3589 1520 3658 πρὸς
1573 3591 1699 3654 τοὺς

150 3661 386 3734 ἄρχοντας
430 3673 530 3724 τοῦ
580 3673 730 3738 λαοῦ,
778 3675 1218 3743 ἀγανακτοῦντας
1255 3680 1348 3732 ἐπὶ
1373 3683 1438 3751 τῇ
1479 3684 1536 3734 ὲν
1570 3683 1699 3734 σαϐ-

155 3752 280 3826 ϐάτῳ
328 3763 634 3836 θεραπείαν
683 3767 1031 3836 Ὑποκριται,
1090 3771 1344 3838 ἕκαστος
1393 3775 1558 3843 ὑμῶν
1594 3777 1699 3829 τὸν

155 3844 287 3904 βοῦν
307 3851 342 3919 ἢ
368 3854 477 3908 τὸν
503 3856 652 3908 ὄνον
681 3859 753 3910 οὐ
800 3860 933 3912 λύει
990 3861 1107 3914 ἀπὸ
1140 3861 1248 3930 τῆς
1303 3863 1545 3932 φάτνης,
1598 3867 1696 3919 καί

148 3934 443 4012 ἀπαγαγὼν
471 3948 734 4014 ποτίζει;
782 3953 1006 4020 ταύτην
1034 3953 1102 4006 δέ
1127 3955 1416 4025 θυγατέρα
1452 3959 1698 4028 Ἀϐραὰμ

147 4023 345 4096 οὖσαν,
402 4037 486 4104 ἢν
539 4040 764 4107 ἔδησεν
822 4046 854 4096 ὸ
907 4045 1178 4111 Σατανᾶς
1211 4023 1346 4114 ηέτηγ
1402 4023 1547 4102 δέκα
1597 4023 1695 4102 καί

145 4117 293 4186 ὀκτὼ,
334 4129 444 4180 οὐκ
471 4129 599 4184 ἔδει
634 4131 897 4210 λυθῆναι.
914 4134 986 4203 τῇ
1013 4136 1193 4204 ἡμέρᾳ
1226 4138 1332 4191 τοῦ
1357 4141 1696 4204 Σαϐϐάτου;

147 4209 281 4276 ὅσους
331 4214 423 4271 οὖν
487 4221 680 4292 ἔδησεν
725 4227 754 4276 6
789 4226 1033 4290 Σατανᾶς
1083 4232 1139 4281 ὲν
1188 4229 1419 4300 βρόχοις,
1470 4231 1694 4297 τούτους

144 4301 288 4357 ἐλθὼν
314 4309 342 4360 6
371 4310 585 4382 Κύριος
611 4313 796 4368 ἔλυσεν
835 4320 898 4370 ὲκ
928 4319 1034 4372 τῶν
1061 4321 1155 4373 τοῦ
1184 4321 1414 4375 θανάτου
1457 4324 1691 4396 δεσμῶν,

144 4389 280 4444 αὑτὸν
314 4397 410 4464 μὲν
464 4401 562 4452 τὸν
607 4403 729 4455 καθ’
774 4406 931 4475 ἡμῶν
983 4409 1201 4481 ἰσχυρὸν
1256 4412 1442 4484 δήσας,
1634 4389 1692 4469 at

141 4479 510 4561 ἀνθρωπότητα
564 4473 954 4569 ἐλευθερῶσας,
1109 4473 1204 4556 καὶ
1247 4473 1474 4570 Ἡσαΐας
1520 4473 1686 4577 λέγει·
1723 4473 1767 4527 D

147 4575 262 4672 Tdtc
280 4580 403 4647 ἐρεῖ
419 4585 551 4651 τοῖς
591 4588 661 4641 ἐν
689 4589 952 4659 δεσμοῖς,
995 4594 1313 4661 Ἐξέλθετε,
1347 4601 1444 4654 καὶ
1476 4575 1602 4668 τοῖς
1621 4602 1691 4656 ἐν

140 4678 205 4730 τῳ
226 4673 442 4739 σκότει,
477 4681 843 4750 Φωτίσθητε.

196 4822 324 4882 XIX.
362 4833 486 4887 Ὅτι
516 4835 576 4888 δὲ
617 4837 689 4921 τὰ
735 4841 940 4897 παλαιὰ
993 4844 1080 4899 διὰ
1128 4849 1292 4919 νόμου
1355 4851 1450 4904 καὶ
1483 4870 1692 4926 προφη-

136 4918 227 4972 τῶν
245 4922 434 4998 λελαλη
444 4930 587 4999 μένα
627 4918 805 4987 πάντα
831 4932 898 5006 ἦν
923 4918 1352 5011 ἐσφραγισμένα,
1384 4946 1478 4998 καὶ

139 5024 221 5062 στα
255 5021 362 5080 τοῖς
397 5021 715 5093 ἀνθρώποις
743 5027 1053 5098 ὑπάρχοντα
1095 5032 1321 5097 Ἡσαΐας
1365 5034 1535 5103 λέγει·
1575 5038 1688 5091 Καί

136 5097 375 5195 ﬁam)“
401 5114 468 5166 τὸ
502 5114 749 5177 ,βιϐλίον
797 5097 871 5171 τὸν
889 5097 1372 5192 ἐσφραγισμένον
1399 5097 1686 5195 ἀνθρώπῳ

135 5191 490 5266 ἐπισταμένῳ
540 5205 862 5276 γράμματα,
907 5213 1002 5265 καὶ
1030 5191 1275 5281 ἐροῦσιν
1305 5217 1484 5282 αὐτῷ,
1507 5191 1685 5274 *Ἆνάέ

135 5293 287 5351 qm;
311 5293 534 5355 ταῦτα,
576 5294 676 5347 καί
717 5297 856 5364 ἐρεῖ,
906 5308 990 5358 Οὐ
1014 5306 1271 5377 δύναμαι
1323 5310 1683 5380 ἀναγνῶναι,

135 5377 514 5452 ἐσφράγισται
749 5391 1080 5462 Ἀναγκαίως
1109 5400 1213 5454 ἔδει
1258 5401 1327 5455 τὰ
1369 5377 1576 5456 παλαιὰ
1601 5405 1689 5457 διὰ

133 5472 224 5525 τῶν
269 5477 570 5548 προφητῶν
623 5482 906 5554 εἰρημένα,
937 5494 1049 5552 τοῖς
1109 5493 1206 5561 μὲν
1260 5494 1508 5558 ἀπίστοις
1533 5497 1691 5568 Φαρι-

136 5563 287 5629 σαίοις
308 5569 358 5620 οἳ
387 5570 614 5624 ἐδόκουν
640 5572 708 5625 τὰ
733 5575 826 5630 τοῦ
853 5579 1016 5650 νόμου
1065 5584 1368 5656 γράμματα
1399 5588 1687 5656 γινώσκειν

1805 3227 2217 3293 prophetarum,
2242 3246 2481 3298 praesens
2505 3244 2648 3288 esset
2689 3237 2794 3303 (ch
2840 3241 2981 3293 enim
3016 3252 3069 3295 et
3096 3247 3371 3313 prophetze

1802 3332 1974 3385 usque
2007 3318 2073 3371 ad
2103 3318 2430 3392 Joannem),
2487 3331 2769 3395 oportebat
2819 3332 3094 3402 obsignari
3130 3353 3250 3406 quae
3300 3343 3368 3392 ab

1801 3407 1908 3463 illis
1936 3409 2079 3465 dicta
2109 3410 2345 3478 fuerant,
2376 3424 2435 3470 ut
2464 3417 2516 3470 in
2547 3420 2779 3475 adventu
2817 3421 3032 3478 Domini
3059 3430 3243 3482 omnia
3281 3447 3372 3486 so-

1799 3501 1910 3556 luta
1944 3503 2322 3573 clarescerent,
2379 3520 2431 3563 et
2464 3526 2584 3578 qua:
2613 3513 2740 3566 olim
2802 3516 2962 3583 ligata
3011 3530 3187 3585 erant,
3225 3539 3370 3579 nunc

1797 3593 1866 3647 ab
1895 3595 2013 3664 ipso
2042 3597 2401 3666 solverentur,
2456 3606 2914 3670 quemadmodum
2966 3609 3080 3679 ipse
3107 3610 3371 3670 Dominus

1796 3686 1936 3741 dixit
1969 3688 2032 3741 ad
2071 3689 2343 3760 principes
2377 3695 2580 3762 pepuli,
2615 3699 2706 3765 qui
2735 3698 2802 3752 de
2824 3702 3106 3756 curatione
3139 3703 3277 3760 facta
3313 3709 3364 3760 in

1797 3781 1885 3835 die
1909 3781 2132 3838 Sabbati
2161 3786 2579 3856 indignabantur
2606 3809 2620 3845 :
2663 3791 2988 3862 Ilypocritw,
3017 3799 3370 3869 unusquisque

1795 3883 2022 3927 vestrum
2059 3876 2234 3930 bovem
2269 3880 2348 3932 vel
2383 3882 2593 3935 asinum
2652 3900 2820 3939 nonne
2866 3888 3020 3940 solvit
3056 3907 3087 3942 a
3116 3908 3365 3960 praesepe,

1794 3976 1844 4020 et
1907 3967 2125 4022 adducit
2184 3976 2482 4040 aquatum?
2541 3974 2675 4028 hanc
2725 3996 2844 4032 vero
2894 3981 3065 4047 ﬁliam
3119 3985 3366 4049 Abrahar,

1795 4074 1951 4128 quam
1975 4061 2149 4114 decem
2183 4073 2230 4116 et
2265 4076 2380 4117 octo
2433 4070 2588 4121 annis
2625 4069 2883 4138 ligaverat
2946 4073 3198 4140 Satanas,
3261 4095 3366 4131 ncn

1797 4151 1879 4220 [as
1902 4161 2016 4205 erat
2063 4163 2120 4206 ut
2151 4155 2437 4210 solveretur
2494 4159 2578 4213 die
2607 4159 2828 4216 Sabbati
2859 4165 2944 4218 9‘?
3001 4166 3368 4239 Quoscunque

1797 4240 1964 4310 igitur
1993 4242 2293 4316 illigaverat
2327 4246 2516 4312 Satan,
2562 4250 2666 4304 hos
2699 4253 2993 4309 adveniens
3027 4256 3293 4315 Dominus
3337 4277 3368 4313 e

1797 4332 1990 4386 mortis
2022 4334 2250 4390 vinculis
2281 4338 2463 4406 solvit,
2492 4356 2615 4395 cum
2646 4343 2822 4412 ipsum
2855 4347 3072 4416 quidem
3105 4351 3366 4406 adversus

1797 4439 1898 4479 nos
1935 4424 2130 4480 fortem
2188 4428 2431 4498 ligasset,
2484 4433 2877 4490 humanitatem
2908 4454 3036 4494 vero
3061 4440 3115 4494 in
3141 4441 3367 4496 liberta-

1797 4523 1903 4568 tem
1933 4516 2284 4582 vindicasset,
2353 4521 2512 4575 sicuti
2565 4524 2727 4578 etiam
2764 4525 2934 4581 Isaias
2963 4529 3130 4584 dicit:
3220 4532 3363 4586 Tunc

1795 4606 1933 4659 dicet
1964 4609 2028 4661 iis
2082 4611 2172 4678 qui
2202 4613 2252 4662 in
2281 4613 2501 4667 vinculis
2535 4630 2552 4665 :
2608 4614 2963 4686 Egredimini;
2995 4633 3044 4674 et
3077 4625 3139 4676 iis
3193 4627 3282 4694 qui
3311 4628 3364 4678 in

1794 4699 2057 4753 tenebris:
2091 4701 2477 4758 Illuminamini
2513 4707 2577 4760 θ’.

1864 4854 2005 4909 XIX.
2043 4856 2198 4922 Quod
2239 4871 2418 4913 autem
2462 4870 2644 4918 vetera
2676 4881 2770 4932 per
2789 4867 2960 4938 legem
2984 4879 3038 4924 et
3070 4872 3356 4942 prophetas

1795 4946 2053 5016 praedicta
2088 4951 2272 5004 omnia
2331 4952 2533 5006 fuerint
2577 4956 2883 5024 obsignata,
2949 4970 3001 5013 et
3048 4963 3361 5018 hominibus

1797 5037 2091 5108 inc0gnita,
2117 5039 2286 5094 Isaias
2317 5042 2488 5096 dicit:
2545 5043 2617 5096 Et
2661 5045 2859 5100 dabunt
2893 5049 3083 5104 librum
3118 5054 3363 5123 obsigna-

1797 5137 1908 5181 tum
1931 5129 2128 5184 homini
2151 5133 2336 5186 scienti
2358 5132 2582 5211 litteras,
2605 5144 2654 5187 et
2675 5137 2846 5191 dicent
2873 5139 2922 5193 ei
2941 5156 2960 5192 .·
2987 5140 3121 5212 Lege
3150 5145 3278 5207 haec,
3311 5156 3360 5199 et

1795 5221 2167 5289 respondebit:
2226 5223 2348 5277 Non
2377 5207 2592 5293 possum
2652 5227 2838 5298 legere,
2887 5247 3009 5284 nam
3055 5234 3360 5304 obsignatas

1792 5326 1868 5365 est
1898 5313 1963 5366 ’3.
1992 5312 2226 5370 Necesse
2274 5324 2387 5370 erat
2417 5328 2596 5371 vetera
2656 5335 2754 5388 per
2797 5323 3090 5392 prophetas
3116 5342 3359 5394 pronun-

1795 5404 1950 5470 tiata,
1977 5405 2271 5461 incredulis
2296 5410 2515 5478 quidem
2538 5411 2852 5481 Pharismis,
2885 5417 2975 5486 qui
3013 5418 3274 5484 putabant
3301 5436 3360 5473 se

1794 5496 1928 5566 legis
1958 5498 2282 5567 scripturam
2344 5503 2673 5576 intelligere,
2730 5509 3012 5578 obsignata
3069 5525 3210 5574 esse,
3242 5526 3361 5566 cre-

1794 5590 2044 5645 dentibus
2066 5605 2194 5643 vero
2223 5603 2426 5663 aperta.
2475 5597 2607 5664 Quae
2656 5600 2819 5669 igitur
2851 5601 2980 5655 olim
3009 5611 3164 5656 erant
3208 5604 3356 5658 obsi-

193 5763 233 5792 ”
263 5763 362 5821 Isa.
415 5785 534 5836 LXI,
568 5772 586 5824 ι
615 5791 628 5839 ;
660 5770 790 5829 Luc.
813 5791 884 5844 Iv,
916 5776 998 5831 18.
1074 5781 1117 5812 ⁹¹
1161 5781 1292 5839 Luc.
1329 5803 1444 5852 xui,
1485 5788 1569 5844 15.
1613 5791 1700 5842 "I

1853 5808 2003 5859 xux,
2037 5795 2091 5850 9.
2173 5797 2215 5827 ⁸³
2255 5799 2358 5852 Isa.
2426 5815 2576 5865 uix,
2613 5800 2698 5853 ιι.
