3836 6502
469 297 576 351 655

1345 291 1402 347 S.
1436 287 1798 347 HIPPOLYTI
1833 287 1986 344 OPP.
2021 284 2204 342 PARS
2238 283 2281 340 I.
2317 314 2388 326 —
2421 279 2839 338 EXEGETICA.
3594 285 3677 341 656

467 425 650 489 gnata,
709 428 857 469 nunc
908 427 1006 484 per
1051 410 1282 484 gratiam
1335 409 1553 464 Domini
1601 407 1784 464 omnia
1836 404 2040 462 sanctis

2152 399 2527 474 ὲσφραγίσθαι,
2563 401 2677 463 τοῖς
2711 399 2768 453 δὲ
2813 403 3159 454 πιστεύουσιν
3210 399 3493 469 ὴνεῷχθαι·
3519 399 3579 452 τὰ
3604 402 3680 471 μὲν

473 518 658 580 aperta
686 513 833 563 sunt.

542 690 661 746 XX.
693 689 814 761 Ipse
841 690 985 746 enim
1019 695 1138 743 erat
1179 684 1481 757 perlectum
1522 681 1762 754 sigillum
1786 689 1840 736 et
1877 678 2047 735 clavis

473 782 717 839 Ecclesia
743 801 756 838 :
785 782 890 848 Qui
926 781 1117 852 aperit,
1147 788 1194 834 et
1225 794 1375 833 nemo
1413 776 1636 841 claudit,
1659 785 1708 829 et
1743 773 1966 837 claudit,
1995 782 2043 826 et

477 893 626 932 nemo
664 875 834 947 aperit
868 874 945 942 ⁹⁸;
978 873 1120 928 sicut
1165 870 1401 927 Joannes
1421 869 1570 935 dicit,
1602 877 1655 923 et
1685 867 1824 922 idem
1853 880 2046 920 rursus

478 971 556 1025 ait
579 988 591 1023 :
625 967 691 1022 Et
715 967 820 1022 uidi
840 966 896 1019 in
927 965 1114 1020 dextra
1136 964 1360 1018 sedentis
1381 977 1536 1033 super
1562 961 1806 1014 thronum
1829 956 2044 1024 librum,

480 1063 739 1131 scriptum
769 1061 912 1113 intus
954 1066 1003 1114 et
1038 1055 1188 1128 foris,
1210 1057 1477 1126 signatum
1505 1052 1794 1123 signaculis
1821 1059 2046 1120 septem;

477 1163 527 1207 et
561 1153 664 1206 vidi
718 1150 962 1222 angelum
1013 1148 1328 1202 clamantem
1381 1161 1500 1200 uoce
1551 1141 1933 1214 magna:Quis
1970 1147 2047 1194 est

482 1244 679 1315 dignus
709 1241 911 1312 aperire
941 1239 1156 1304 librum,
1189 1248 1239 1292 et
1277 1236 1472 1291 solvere
1521 1233 1797 1306 signacula
1818 1232 1974 1301 ejus?
1995 1239 2050 1286 et

477 1343 693 1390 caetera.
731 1331 801 1385 Et
830 1330 935 1384 ridi
987 1330 1041 1383 in
1069 1327 1236 1382 medio
1274 1325 1469 1392 throni,
1501 1337 1550 1380 et
1583 1333 1811 1394 quatuor
1841 1325 2049 1376 anima-

480 1427 613 1481 lium
645 1427 851 1495 Agnum
873 1431 1101 1476 stantem
1155 1417 1454 1492 (tanquam)
1494 1417 1748 1479 occisum,
1777 1415 2050 1469 habentem

478 1537 682 1576 cornua
723 1527 939 1587 septem,
991 1521 1041 1569 ct
1088 1512 1266 1568 oculos
1311 1520 1526 1582 septem,
1584 1512 1674 1582 qui
1705 1519 1824 1565 sunt
1856 1518 2049 1580 septem

477 1614 698 1682 spiritus
734 1611 864 1675 Dei,
891 1609 1042 1662 missi
1062 1623 1115 1660 tn
1141 1621 1343 1660 omnem
1375 1611 1590 1670 terram,
1619 1613 1668 1657 et
1696 1605 1853 1667 venit,
1885 1612 1934 1656 et
1960 1619 2051 1656 ac-

2147 490 2242 549 οὖν
2281 494 2446 547 πάλαι
2480 492 2895 564 ὲσφραγισμένα
2951 492 3048 546 νῦν
3091 490 3180 546 διὰ
3223 491 3324 562 τῆς
3368 492 3574 563 χάριτος
3606 492 3678 546 τοῦ

2149 584 2357 658 Κυρίου
2387 586 2566 641 πάντα
2593 587 2706 649 τοῖς
2727 584 2901 654 ἁγίοις
2930 584 3189 655 ἡνέῳγεν.

2215 678 2334 733 XX.
2369 679 2543 742 Αὐτὸς
2567 679 2675 750 γὰρ
2708 674 2777 748 ἦν
2804 679 2838 749 ἡ
2872 676 3051 731 τελεία
3082 676 3314 748 σφραγὶς
3339 715 3354 740 ,
3400 674 3494 730 καὶ⁸
3515 674 3680 747 κλεὶςὴ

2161 771 2492 842 Ἐκκλησια-
2569 773 2621 824 '0
2670 771 2948 842 ἀνοίγων,
3002 770 3101 824 καὶ
3143 768 3346 835 οὐδεὶς
3390 768 3584 832 κλείει,
3605 768 3683 820 ual

2149 865 2388 928 κλείων,
2416 863 2514 918 καὶ
2547 864 2749 932 οὐδεὶς
2774 863 3016 934 ἀνοίγει,
3040 861 3116 926 ὡς
3149 861 3399 932 Ἰωάννης
3436 859 3588 928 λέγει,
3611 874 3683 913 και

2149 957 2314 1011 πάλιν
2348 957 2376 1010 ὁ
2399 956 2561 1020 αὐτός
2591 973 2751 1026 φησι·
2783 956 2894 1010 Kal
2919 952 3082 1010 εἶδον
3107 953 3206 1007 ἐπὶ
3237 952 3352 1022 τὴν
3379 951 3574 1017 δεξιὰν
3599 952 3682 1006 τοῦ

2147 1049 2487 1120 καθημένου
2508 1049 2607 1104 ἐπὶ
2648 1050 2756 1102 τὸν
2795 1049 3012 1116 θρόνον
3049 1047 3295 1112 βιϐλίον
3325 1044 3686 1117 γεγραμμένον

2145 1144 2374 1198 ἔσωθεν
2454 1141 2553 1196 real
2608 1141 2850 1207 ἔξωθεν,
2892 1139 3374 1210 ἐσφραγισμένον
3403 1138 3686 1208 σφραγῖσιν

2147 1235 2322 1298 ἑπτὰ,
2352 1234 2450 1288 καὶ
2496 1230 2661 1288 εἶδον
2703 1233 2961 1304 ἄγγελον
2990 1233 3379 1301 κηρύσσοντα
3421 1231 3578 1300 φωνῇ
3608 1249 3687 1300 με·

2148 1326 2324 1398 γάλῃ,
2377 1327 2472 1394 Τίς
2527 1325 2695 1393 ἄξιος
2746 1325 2978 1390 ἀνοῖξαι
3009 1324 3076 1378 τὸ
3103 1325 3368 1391 βιϐλίον,
3411 1324 3510 1378 καὶ
3539 1324 3686 1378 λῦσαι

2147 1418 2254 1485 τὰς
2279 1418 2611 1490 σφραγῖδας
2662 1419 2886 1482 αὑτοῦ;
2916 1418 3011 1472 καί¹
3043 1418 3111 1472 τὰ
3167 1417 3314 1489 ἑξῆς
3346 1419 3445 1472 καὶ
3479 1415 3688 1472 εἷδονέν

2143 1510 2311 1580 μέσῳ
2343 1511 2448 1565 τοῦ
2491 1512 2728 1580 θρόνου,
2782 1513 2880 1565 real
2913 1511 3032 1565 τῶν
3067 1511 3381 1580 τεσσάρων
3423 1510 3587 1575 ἅῦων,
3609 1511 3686 1578 ἀρ-

2147 1601 2284 1655 νίον
2311 1601 2570 1670 ἑστηκὸς
2593 1603 2978 1674 ἐσφαγμένον
3000 1603 3148 1674 ἕχον
3183 1604 3401 1673 κέρατα
3426 1603 3587 1667 ἑπτὰ,
3611 1603 3684 1655 καί

478 1704 612 1775 cepit
655 1702 848 1755 librum
885 1715 949 1752 ea:
997 1697 1186 1750 dextra
1238 1694 1465 1749 sedentis
1503 1708 1656 1763 super
1697 1692 1958 1754 thronum,
2001 1701 2046 1745 et

2152 1695 2498 1764 ὀφθαλμοὺς
2553 1696 2722 1760 ἑπτὰ,
2775 1696 2813 1751 ἅ
2863 1699 3022 1751 εἰσιν
3073 1697 3222 1750 ἑπτὰ
3272 1698 3574 1767 πνεύματα
3605 1695 3687 1748 τοῦ

479 1793 693 1864 quando
718 1790 916 1859 accepit
944 1788 1159 1849 librum,
1209 1792 1438 1856 quatuor
1465 1782 1745 1846 animalia,
1789 1791 1837 1836 et
1863 1782 2046 1852 viginti

2152 1786 2318 1853 Θεοῦ,
2346 1787 2421 1841 τὰ
2473 1788 2898 1858 ἀπεσταλμένα
2929 1792 3018 1857 εἰς
3061 1789 3267 1845 πᾶσαν
3310 1789 3429 1858 τὴν
3459 1789 3583 1860 γῆν,
3615 1789 3689 1843 καί

478 1894 710 1956 quatuor
744 1883 972 1935 seniores
1025 1879 1322 1932 ceciderunt
1350 1892 1529 1930 coram
1578 1875 1756 1946 Agna,
1805 1875 2046 1928 habentes

2152 1876 2319 1949 ἦλθε,
2353 1881 2450 1933 καὶ
2490 1881 2669 1936 ἔλαϐε
2701 1883 2765 1935 τὸ
2814 1884 3056 1947 βιϐλίον
3099 1883 3167 1937 ἐκ
3215 1881 3323 1951 τῆς
3373 1881 3570 1949 δεξιᾶς
3608 1881 3691 1936 τοῦ

479 1977 738 2040 citharas,
773 1981 822 2026 et
871 1969 1081 2042 phialas
1111 1984 1318 2031 aureas,
1348 1967 1528 2036 plenas
1565 1965 2046 2032 odoramentorum,

2154 1971 2493 2039 καθημένου
2546 1971 2644 2026 ἐπὶ
2710 1972 2816 2026 τοῦ
2859 1974 3098 2040 θρόνου,
3147 1973 3244 2026 καὶ
3288 1971 3386 2026 ὅτε
3443 1973 3609 2026 ἔλαϐε
3640 1968 3691 2024 τὸ

479 2083 594 2137 qua:
626 2073 746 2118 sunt
799 2063 1062 2117 orationes
1094 2068 1421 2124 sanctorum,
1481 2067 1527 2112 et
1567 2067 1763 2110 canunt
1787 2059 2046 2110 canticum

2152 2063 2394 2127 βιϐλίον
2434 2065 2506 2120 τὰ
2544 2065 2813 2134 τέσσαρα
2841 2063 2973 2132 ζῶα,
3016 2065 3115 2120 real
3165 2069 3216 2120 ol
3242 2066 3693 2132 εἰκοσιτέσσαρες

479 2174 690 2223 novum,
718 2157 945 2209 dicentes
978 2169 995 2207 :
1031 2151 1231 2223 Dignus
1273 2167 1326 2205 es
1355 2151 1587 2220 accipere
1613 2149 1827 2214 librum,
1855 2159 1902 2203 et
1934 2167 2046 2218 ape-

2159 2156 2543 2224 πρεσϐὑτεροι
2591 2157 2815 2210 ἔπεσον
2843 2156 3100 2211 ἐνώπιον
3146 2155 3253 2210 τοῦ
3289 2156 3526 2226 ἀρνίου,
3558 2156 3696 2225 ἐχονο

482 2251 585 2304 rire
611 2247 888 2319 signacula
917 2245 1052 2315 ejus,
1083 2243 1330 2314 quoniam
1359 2243 1562 2297 occisus
1586 2258 1659 2306 es,
1688 2250 1737 2294 et
1762 2243 1935 2295 emisti
1961 2258 2046 2294 nos

2157 2262 2256 2312 τες
2284 2245 2549 2315 κιθάρας,
2601 2248 2699 2301 real
2745 2247 2962 2317 φιάλας
3000 2246 3235 2318 χρυσᾶς
3290 2248 3587 2318 γεμούσας
3615 2250 3695 2302 θυ-

480 2342 590 2396 Deo
613 2345 668 2394 in
694 2340 949 2409 sanguine
1003 2348 1092 2391 tuo
1146 2337 1214 2392 ’⁵.
1254 2335 1478 2404 Accepit
1534 2334 1698 2404 igitur
1755 2334 1976 2400 librum,
2004 2343 2046 2388 el

2152 2335 2463 2405 μιαμάτων
2486 2379 2500 2403 ,
2558 2339 2622 2392 αἵ
2674 2341 2832 2393 εἰσιν
2873 2343 2932 2394 al
2986 2339 3316 2409 προσευχαὶ
3360 2337 3485 2392 τῶν
3529 2338 3695 2406 ἁγίων.

480 2427 662 2494 solvit,
694 2435 752 2480 ut
793 2441 909 2496 qua:
942 2424 1070 2477 olim
1128 2424 1192 2477 de
1230 2424 1343 2493 ipso
1382 2434 1578 2476 secreto
1623 2423 1770 2476 dicta
1821 2423 2046 2493 fuerant,

2159 2429 2255 2481 real
2284 2427 2537 2496 ᾄδουσιν
2564 2431 2727 2501 ᾠδὴν
2752 2432 2971 2500 καινὴν
3015 2431 3319 2504 λέγοντες·
3343 2433 3533 2500 Ἄξιος
3550 2428 3600 2485 εἴ
3614 2433 3698 2484 .la-

480 2534 616 2571 nunc
643 2517 802 2570 libere
826 2530 983 2583 super
1013 2521 1148 2567 tecta
1167 2511 1518 2581 prtedicentur
1548 2512 1616 2566 “.

2159 2520 2284 2574 ϐεἴν
2305 2519 2370 2573 τὸ
2390 2520 2654 2588 βιϐλίον,
2709 2526 2805 2579 καὶ
2838 2525 3071 2591 ἀνοῖξαι
3113 2526 3221 2595 τὰς
3262 2528 3590 2598 σφραγῖδας
3611 2527 3695 2579 αὑ-

477 2611 606 2664 τοῦ·
655 2609 743 2662 ὅτι
798 2607 1089 2676 ἐσφάγης,
1145 2606 1245 2660 καὶ
1289 2607 1596 2675 ἠγόρασας
1641 2603 1797 2675 ἡμᾶς
1851 2605 1931 2673 τῷ
1977 2608 2097 2676 Θεῷ
2158 2613 2228 2666 ἐν
2262 2614 2342 2682 τῷ
2389 2617 2592 2688 αἵματί
2640 2635 2777 2674 σου.
2827 2622 3058 2676 Ἔλαϐεν
3105 2620 3198 2676 οὖν
3248 2623 3308 2676 τὸ
3361 2623 3581 2694 βιϐλίον,
3626 2623 3697 2676 καὶ

479 2707 687 2770 ἔλυσεν,
741 2704 842 2756 ἵνα
895 2703 968 2757 τὰ
1036 2701 1221 2756 πάλαι
1286 2703 1418 2771 περὶ
1473 2702 1659 2776 αυτοῦ
1692 2703 2050 2774 ἀποκρύφως
2101 2710 2465 2781 λαλούμενα,
2497 2714 2613 2768 νῦν
2635 2715 2783 2784 μετὰ
2839 2717 3176 2786 παρρησίας
3226 2718 3325 2772 ἐπὶ
3371 2717 3494 2772 τῶν
3545 2713 3700 2785 δωμά-

479 2814 597 2850 των
627 2791 928 2863 κηρυχθῇ,

549 2890 691 2945 XXI.
718 2891 794 2946 Ac
821 2899 1105 2962 propterea
1139 2888 1364 2960 angelus
1391 2889 1596 2944 Danieli
1631 2891 1847 2960 quidem
1880 2891 2046 2947 dicit:

2225 2891 2370 2945 XXI.
2406 2893 2514 2946 Kal
2538 2891 2626 2947 διὰ
2660 2894 2819 2948 τοῦτο
2865 2895 2942 2966 τῷ
2997 2895 3093 2968 μὲν
3135 2895 3331 2968 Δανιὴλ
3364 2895 3514 2966 λέγει
3557 2896 3582 2948 ὁ
3620 2894 3697 2960 ἄγ-

481 2980 646 3051 Signa
679 2995 965 3038 sermones.
1014 2979 1262 3049 quoniam
1316 2979 1370 3032 in
1425 2979 1528 3048 ﬁne
1580 2981 1824 3047 temporis
1877 2982 2046 3046 visio;

2154 2985 2330 3056 γελος·
2366 2986 2708 3056 Σφράγισον
2767 2988 2908 3054 τοὺς
2961 2990 3202 3058 λόγους,
3251 2987 3340 3041 ὅτι
3376 2992 3463 3055 είς
3523 2984 3697 3054 καιροῦ

478 3067 698 3122 Christo
726 3081 855 3122 vero
885 3081 994 3120 non
1040 3066 1343 3132 dicebatur,
1378 3068 1552 3138 signa,
1611 3070 1706 3124 sed
1761 3069 1898 3125 solve
1932 3087 2046 3142 quae

2154 3076 2341 3146 πέρας
2366 3079 2403 3146 η
2446 3077 2675 3145 ὅρασις·
2705 3077 2782 3150 τῷ
2823 3078 2879 3131 δὲ
2909 3078 3128 3152 Χριστῴ
3153 3081 3254 3134 οὐκ
3302 3081 3528 3150 ἐλέγετο
3549 3075 3701 3148 σεερά-

480 3162 607 3215 olim
635 3162 798 3232 ligata
825 3169 1005 3224 erant,
1057 3171 1117 3216 ut
1148 3176 1241 3231 per
1271 3161 1501 3231 gratiam
1542 3162 1716 3232 ipsius
1747 3178 2050 3235 cognosca-

481 3266 604 3305 mus
634 3266 737 3305 nos
766 3251 1101 3305 voluntatem
1155 3248 1357 3318 Patris,
1390 3259 1445 3306 et
1483 3253 1772 3309 credamus
1825 3255 1880 3308 in
1904 3271 2051 3323 eum,

479 3357 642 3410 quem
676 3341 825 3396 misit
880 3341 969 3395 ille
1001 3351 1222 3411 propter
1261 3342 1492 3396 salutem
1535 3343 1840 3412 hominum,
1867 3345 2052 3402 Jesum

482 3432 772 3486 Dominum
806 3442 1076 3487 nostrum.
1111 3433 1250 3486 Dicit
1277 3434 1478 3503 igitur:
1511 3435 1828 3505 Revertetur,
1853 3448 1901 3491 et
1925 3440 2056 3492 adi-

477 3527 728 3596 ﬁcabitur
755 3525 953 3594 platea,
1005 3533 1053 3578 et
1108 3542 1312 3590 murus,
1351 3525 1542 3596 (quod)
1594 3533 1818 3584 omnino
1851 3528 2053 3586 factum

479 3627 584 3672 est.
619 3617 758 3671 Cum
802 3619 947 3671 enim
999 3617 1234 3688 populus
1267 3633 1520 3674 reversus
1552 3629 1716 3688 esset,
1767 3623 2054 3690 urbem,et

479 3711 765 3779 templum,
801 3717 853 3762 ct
896 3725 1084 3764 muros
1130 3709 1185 3764 in
1219 3709 1452 3765 circuitu
1507 3713 1816 3770 aediﬁcavit.
1854 3715 2054 3771 Deinde

479 3802 554 3856 ait
583 3820 604 3860 :~
633 3800 760 3855 Post
819 3800 1175 3855 hebdomadas
1224 3804 1498 3874 sexaginta
1536 3804 1670 3858 duas
1717 3822 2049 3861 consumma-

480 3893 675 3946 buntur
721 3903 991 3962 tempora;
1039 3902 1089 3945 et
1147 3902 1345 3948 statuet
1389 3904 1603 3965 pactum
1641 3897 1823 3952 multis
1855 3898 2050 3954 hebdo-

478 3984 639 4039 mada
667 4001 794 4048 una,
823 3994 871 4037 et
897 3985 949 4037 in
977 3984 1201 4038 dimidio
1231 3987 1568 4042 hebdomadis
1593 3990 1861 4059 auferetur
1886 3993 2054 4046 sacri-

479 4076 681 4141 licium,
706 4083 753 4129 et
800 4075 1053 4142 libamen,
1107 4087 1156 4130 et
1211 4077 1353 4152 (erit)
1391 4080 1447 4133 in
1495 4082 1686 4148 templo
1727 4082 2050 4139 abominatio

472 4163 885 4221 desolationum.

544 4335 712 4391 XXII.
742 4337 878 4394 Cum
935 4339 1078 4394 enim
1115 4341 1399 4411 sexaginta
1430 4341 1552 4398 duae
1598 4344 1902 4417 adimpletaa
1931 4347 2048 4403 fue-

403 4466 406 4470 .
473 4425 586 4481 rint
615 4427 1003 4495 hebdomadas,
1033 4444 1085 4487 et
1124 4409 1375 4488 Christus
1431 4433 1687 4501 adfuerit,
1726 4409 1779 4493 et
1803 4436 2047 4509 Evange-
2078 4409 2121 4464 Β

472 4518 607 4575 lium
639 4522 695 4575 in
721 4524 870 4578 omni
901 4524 1024 4578 loco
1053 4526 1218 4580 fuerit
1247 4528 1623 4598 praedicatum,
1651 4534 2044 4590 consummatis

470 4613 836 4684 temporibus,
868 4631 976 4672 una
1030 4617 1369 4675 hebdomada
1418 4621 1757 4693 relinquetur
1778 4633 2041 4690 extrema,

471 4702 530 4758 in
554 4721 663 4775 qua
698 4706 873 4761 aderit
893 4707 1061 4787 Elias‘
1095 4719 1150 4766 et
1170 4708 1383 4776 Enoch,
1415 4721 1470 4768 et
1528 4715 1584 4769 in
1613 4715 1840 4773 dimidio
1869 4717 2042 4787 ipsius

470 4795 756 4866 apparebit
813 4797 1149 4856 abominatio
1199 4801 1576 4870 desolationis,
1633 4805 1870 4881 (nempe)
1894 4808 2046 4864 Anti-

468 4885 731 4954 christus,
790 4887 1186 4946 desolationem
1242 4894 1450 4949 mundo
1499 4897 1852 4954 annuntians.
1901 4898 2040 4955 Cum

467 4991 597 5032 vero
623 4978 712 5034 ille
741 4979 1040 5048 advenerit,
1105 4983 1384 5040 auferetur
1433 4987 1786 5057 sacriﬁcium,
1815 4999 1870 5046 et
1899 4991 2038 5047 liba-

466 5085 614 5136 men,
651 5072 796 5141 quod
827 5074 989 5128 modo
1012 5074 1214 5146 ubique
1257 5076 1502 5134 locorum
1533 5094 1564 5133 a
1596 5081 1848 5149 gentibus
1875 5082 2040 5138 oll‘er-

467 5169 557 5216 tur
591 5163 720 5218 Deo.
754 5162 850 5220 His
883 5166 956 5221 ita
983 5166 1145 5224 dictis
1174 5169 1336 5223 aliam
1385 5172 1544 5228 nobis
1571 5174 1837 5229 visionem
1889 5189 2045 5231 enar-

461 5263 546 5308 rat
579 5255 879 5325 propheta;
916 5259 982 5314 de
1019 5261 1168 5316 nulla
1213 5264 1356 5317 enim
1385 5264 1494 5318 alia
1535 5280 1592 5320 re
1622 5267 1889 5324 sollicitus
1922 5267 2042 5336 fuit,

461 5361 628 5413 quam
679 5353 739 5401 ut
791 5347 860 5404 de
904 5353 1159 5408 omnibus
1210 5353 1411 5412 futuris
1461 5357 1750 5425 diligenter
1803 5359 2039 5415 instrue-

461 5443 653 5505 retur,
710 5453 833 5507 quai
890 5439 1011 5511 ipso
1084 5445 1307 5501 doctore
1374 5446 1537 5504 nobis
1593 5449 1882 5506 manifesta
1939 5450 2036 5506 lie-

458 5533 602 5579 i'cnt.
1827 5541 1832 5546 '

530 5684 578 5716 "
604 5685 772 5758 Apoc.
806 5705 886 5758 tn,
919 5693 971 5748 7.
1049 5697 1095 5728 ³⁵
1129 5697 1297 5768 Apoc.
1323 5713 1377 5764 ν,
1410 5698 1462 5752 1.
1541 5700 1587 5732 ⁸⁸
1614 5700 1803 5759 Matth.
1837 5720 1891 5772 ι,
1923 5705 2014 5761 27.

2155 3185 2351 3240 τισον,
2390 3168 2526 3224 ἀλλὰ
2570 3171 2770 3226 λῦσον
2819 3170 2888 3226 τὰ
2939 3171 3106 3226 πάλαι
3151 3172 3442 3244 δεδεμένα·
3511 3175 3592 3226 ἵνα
3629 3170 3700 3224 διὰ

2153 3261 2252 3331 τῆς
2299 3261 2520 3331 χάριτος
2547 3262 2712 3316 αὑτοῦ
2753 3263 3064 3334 ὲπιγνῶμεν
3103 3266 3265 3334 ἡμεῖς
3295 3264 3356 3318 τὺ
3396 3263 3606 3336 θέλημα
3627 3261 3701 3314 τοῦ

2153 3353 2386 3423 Πατρὸς,
2415 3354 2509 3407 καὶ
2532 3355 2908 3427 πιστεύσωμεν
2936 3357 3016 3419 εἰς
3071 3355 3128 3410 ὃν
3156 3357 3362 3420 ἐκεῖνος
3391 3356 3702 3418 ἀπέστειλεν,

2166 3444 2370 3516 Ἰησοῦν
2424 3447 2515 3500 τὸν
2559 3446 2763 3519 Κύριον
2799 3447 2957 3518 ἡμῶν
3008 3448 3106 3501 ἐπὶ
3157 3451 3224 3520 τῇ
3268 3448 3380 3502 τῶν
3430 3447 3703 3521 ἀνθρώπων

2155 3535 2414 3608 σωτηρίᾳ.⁸
2449 3537 2595 3606 λέγει
2647 3533 2770 3592 οὖν·
2839 3539 3234 3609 Ἑπιστρέψει,
3279 3541 3378 3594 real
3420 3539 3705 3608 οἰκοδομη-

2153 3625 2402 3692 θήσεται
2458 3629 2730 3696 πλατεῖα,
2776 3629 2878 3685 καὶ
2925 3631 3152 3701 τεῖχοςο
3198 3633 3371 3697 ὅντως
3416 3633 3699 3703 γεγένηται·

2153 3719 2486 3790 ἐπιστρέψας
2516 3720 2624 3793 γὰρ
2678 3722 2707 3775 ὁ
2758 3721 2887 3786 λαὸς
2914 3722 3228 3795 ᾠκοδόμησε
3268 3724 3368 3795 τὴν
3419 3725 3591 3788 πόλιν,
3630 3717 3704 3774 καὶ

2151 3810 2240 3862 τὸν
2269 3812 2415 3876 ναὸν,
2446 3813 2539 3866 κοιί
2573 3813 2634 3866 τὸ
2665 3819 2846 3885 τεῖχος
2879 3815 3064 3886 κύκλῳ
3083 3833 3096 3846 ·
3149 3816 3340 3870 ἔπειτα
3362 3817 3532 3886 λέγει’
3567 3811 3701 3868 Μετὰ

2150 3904 2257 3968 τὰς
2283 3902 2611 3973 ἑϐδομάδας
2633 3906 2737 3972 τὰς
2757 3906 3183 3974 ἑξηκονταδύο,
3214 3907 3703 3973 ἐκκενωθήσοντω

2150 3995 2206 4045 οἱ
2234 3993 2448 4062 καιροὶ,
2499 3995 2600 4048 καὶ
2632 3995 2901 4062 διαθήσει
2939 3996 3232 4065 διαθήκην
3279 3997 3536 4061 πολλοῖς
3566 3991 3703 4048 ἐσδο-

2150 4083 2263 4152 μὰς
2281 4086 2412 4152 μία,
2441 4087 2538 4140 καὶ
2572 4087 2643 4140 ἐν
2676 4087 2755 4153 τῷ
2781 4088 2984 4157 ἡμίσει
3030 4086 3141 4157 τῆς
3184 4088 3514 4158 ἑϐδομάδος
3551 4082 3705 4153 ἀρθή-

2151 4193 2317 4232 σεται
2340 4182 2545 4247 θυσία,
2577 4181 2678 4235 real
2718 4181 2984 4252 σπονδὴ,
3023 4181 3123 4236 real
3163 4182 3263 4236 ἐπὶ
3302 4183 3369 4237 τὸ
3399 4180 3561 4250 ἱερὸν
3581 4176 3704 4243 ,ϐδέ-

2147 4274 2348 4340 λυγμα
2390 4272 2510 4326 τῶν
2547 4272 2919 4343 ἐρημώσεων.

2222 4362 2386 4419 XXII.
2420 4365 2540 4419 Τῶν
2564 4366 2674 4439 γὰρ
2709 4365 2975 4437 ἐξήκοντα
3027 4365 3121 4420 δύο
3161 4363 3473 4436 ἑϐδομάδων
3510 4361 3706 4431 πληρω-

2151 4455 2368 4519 θεισῶν,
2401 4456 2492 4509 καὶ
2513 4457 2750 4528 Χριστοῦ
2785 4457 3255 4530 παραγενομένου,
3296 4457 3392 4512 καὶ
3442 4455 3537 4510 τοῦ
3567 4454 3706 4520 εὐαγ-

2149 4547 2329 4617 γελίου
2372 4548 2428 4599 ὲν
2469 4548 2635 4600 παντὶ⁵
2677 4547 2830 4619 τόπῳ
2870 4549 3261 4621 κηρυχθέντος,
3313 4545 3705 4601 ὲκκενωθέντων

2147 4636 2254 4690 τῶν
2281 4637 2509 4710 καιρῶν,
2543 4638 2638 4709 μία
2662 4637 2895 4710 ἑϐδομὰς
2922 4638 3400 4711 περιλειφθήσεται
3438 4639 3472 4708 ή
3499 4633 3702 4703 ἐσχάτην

2147 4726 2206 4778 ὲν
2305 4726 2573 4798 παρέσται
2615 4727 2818 4792 Ἠλίας,
2847 4729 2942 4782 καὶ
2979 4727 3150 4800 Ἑνὼχ
3170 4767 3185 4792 ,
3220 4727 3317 4781 καὶ
3349 4729 3408 4780 ὲν
3433 4727 3510 4797 τῷ
3538 4729 3568 4796 ἡ
3579 4723 3704 4795 μίσει

2146 4814 2316 4885 αὐτῆς
2359 4814 2762 4886 ἀναφανήσεται
2811 4816 2874 4870 τὸ
2905 4817 3181 4889 βδέλυγμα
3237 4815 3340 4888 τῆς
3371 4814 3702 4888 ἐρημώσεως,

2146 4905 2256 4969 ἕως
2287 4910 2304 4927 ⁶
2402 4905 2767 4978 Ἀντίχριστος
2793 4909 3074 4981 ἐρήμωσιν
3099 4907 3178 4980 τῷ
3205 4909 3397 4980 κόσμῳ
3420 4901 3703 4973 καταγγέλ-

2145 4993 2281 5049 λων·
2341 4991 2404 5048 oi)
2476 4999 2920 5068 παραγινομένου
2994 4999 3295 5072 ἀρθήσεται
3371 4998 3570 5058 θυσία,
3623 4992 3704 5045 καὶ

2147 5087 2368 5159 σπονδὴ,
2417 5090 2450 5160 ἡ
2504 5088 2601 5143 νῦν
2633 5090 2775 5144 κατὰ
2837 5093 3014 5146 πάντα
3063 5093 3227 5146 τόπον
3271 5091 3376 5144 ὑπὸ
3415 5090 3520 5140 τῶν
3551 5083 3705 5140 ἐθνῶν

2139 5180 2552 5252 προσφερομένη
2569 5182 2647 5254 τῷ
2666 5182 2804 5254 Θεῷ.
2824 5183 3040 5237 Τούτων
3061 5184 3233 5242 οὕτως
3253 5180 3579 5250 εἰρημένων,
3595 5176 3701 5230 ἐτέ-

2144 5290 2246 5345 ραν
2281 5273 2442 5326 πάλιν
2471 5274 2738 5329 ὀπτασίαν
2779 5277 3044 5348 διηγεῖται
3073 5275 3206 5344 ἡμῖν
3239 5273 3267 5324 ὁ
3293 5274 3594 5344 προφήτης·
3625 5269 3707 5323 οὐ·

2141 5363 2226 5418 δὲν
2259 5363 2368 5436 γὰρ
2389 5365 2575 5437 ἕτερον
2607 5368 2992 5439 ὲμερίμνησεν,
3020 5365 3069 5417 εἰ
3119 5363 3194 5435 μὴ
3226 5365 3314 5417 ἵνα
3355 5365 3528 5420 πάντα
3559 5365 3700 5432 ἀκρι-

2140 5452 2253 5517 ϐῶς
2284 5454 2574 5528 ἐκδιδαχθῇ
2609 5458 2679 5510 τὰ
2721 5457 3007 5528 μέλλοντα,
3053 5457 3148 5511 καὶ
3193 5457 3344 5528 ἡμᾶς
3387 5455 3704 5510 ἐκδιδάσκων

2140 5549 2304 5618 φανῇ.

2144 5706 2351 5766 Vocula
2378 5709 2483 5775 ἕως
2512 5713 2890 5783 expungenda.
