3836 6530
177 397 259 456 657
1283 399 1705 457 FRAGMFNTA
1738 402 1803 458 IN
1836 403 2205 459 DANIELEM.
3267 401 3374 457 658

229 508 375 567 XXIII
418 506 573 579 Λέγει
597 510 648 579 γ’
684 502 796 564 οὖν·
865 511 961 565 Ἐν
980 510 1101 567 ἕτει
1160 515 1333 584 τρίτῳ
1364 518 1563 586 Κύρου
1591 517 1699 572 τοῦ
1728 535 1744 581 Α

1872 518 2060 575 XXIII.
2087 518 2179 574 Ait
2218 518 2380 590 igitur
2406 538 2418 574 :
2468 516 2536 572 In
2570 533 2707 572 anno
2746 514 2899 572 tertio
2925 516 3055 587 Cyri
3083 518 3217 588 regis
3242 515 3376 573 Per-

168 604 425 671 ¹βασιλέως
450 601 694 670 Περσῶν
714 605 892 673 λόγος
942 605 1339 676 ἀπεκαλύφθη
1362 608 1443 675 τῷ
1470 609 1683 679 Δανιὴλ

1864 622 1979 660 rum
2008 606 2217 660 verbum
2240 606 2523 660 revelatum
2550 617 2627 661 est
2655 605 2861 659 Danieli
2888 618 3223 675 cognomento
3246 606 3376 662 Bal-

174 693 231 753 οὗ
252 696 306 750 τὸ
338 695 509 763 ὄνομα
550 695 896 764 Βαλτάσαρ,
947 696 1049 750 καὶ
1097 698 1386 765 ἀληθινὸς
1426 702 1460 754 ό
1486 703 1689 771 λόγος,

1857 715 1966 764 sar,
2000 707 2050 753 et
2083 696 2294 752 verbum
2351 713 2552 761 verum,
2589 707 2641 751 et
2673 697 2930 767 fortitudo
2958 715 3172 769 magna,
3198 710 3245 753 et
3286 701 3372 754 in-

173 792 249 846 zal
279 790 505 858 δύναμις
535 787 793 858 μεγάλη,
848 789 947 843 καὶ
1009 791 1264 857 σύνεσις
1304 790 1481 860 ἐδόθη
1534 791 1688 860 αὐτῷ

1856 789 2093 861 lligentia
2150 788 2278 843 data
2310 799 2388 843 est
2444 790 2546 860 ipsi
2584 790 2641 843 in
2675 791 2894 845 visione.
2946 788 3012 843 In
3052 791 3234 847 diebus
3261 792 3371 847 illis

169 881 305 952 ἐν·τῇ
351 882 617 950 ὀπτασίᾳ·
673 882 744 935 ἐν
782 881 913 949 ταῖς
967 881 1214 952 ἡμέραις
1270 883 1532 951 ἐκείναις
1580 884 1684 957 ὲνά

1857 899 1886 935 o
1919 882 2105 936 Daniel
2128 881 2367 954 lugebam
2395 891 2499 937 tres
2535 881 2889 937 hebdomadas
2914 883 3145 949 dierum,
3182 902 3370 955 panem

170 976 353 1044 Δανιὴλ
390 974 542 1044 ἤμην
580 975 817 1029 πενθῶν
859 975 1015 1043 τρεῖς
1066 975 1398 1045 ἐὸδομάδας
1439 976 1685 1048 ἡμερῶν,

1853 972 2176 1027 rsideriorum
2203 988 2306 1027 non
2341 974 2564 1040 comedi,
2611 983 2662 1028 et
2696 990 2819 1028 caro
2858 982 2907 1027 et
2940 976 3119 1029 vinum
3150 992 3254 1030 non
3283 979 3368 1030 in-

168 1070 316 1139 ἇρτον
356 1066 670 1137 ἐπιθυμιῶν
708 1069 821 1121 οὐκ
874 1066 1124 1138 ἔφαγον,
1189 1068 1290 1122 καὶ
1340 1068 1542 1139 κρέας,
1593 1072 1683 1125 καί

1851 1067 2051 1121 oicrunt
2092 1067 2147 1120 in
2179 1083 2235 1122 os
2284 1084 2479 1132 meum,
2530 1084 2690 1138 neque
2709 1075 2972 1139 unguento
3010 1078 3198 1124 unctus
3228 1086 3366 1136 sum,

168 1157 299 1227 οἶνος
351 1163 453 1214 οὐκ
515 1158 803 1229 εἰσῆλθεν
867 1162 957 1227 εις
1007 1161 1076 1214 τὸ
1138 1162 1333 1231 στόμα
1382 1179 1522 1232 μου,
1593 1163 1683 1217 καὶ

1855 1175 1957 1213 meo
1986 1159 2372 1230 complerentur
2421 1168 2524 1214 tres
2562 1160 2931 1217 hebdomades.
2962 1160 3029 1216 In
3072 1162 3156 1217 die
3179 1176 3370 1233 quarta

166 1254 379 1322 ἄλειμμα
416 1253 523 1306 οὐκ
567 1251 914 1322 ἠλειψάμην
959 1252 1072 1319 ἕως
1109 1252 1476 1323 πληρώσεως
1520 1254 1681 1324 τριῶν

1852 1252 1987 1305 ensis
2022 1252 2180 1322 primi
2213 1251 2526 1306 humiliatus
2563 1270 2701 1321 sum,
2733 1250 2934 1324 inquit,
2977 1255 3164 1326 viginti
3185 1264 3233 1309 et
3265 1270 3367 1309 uno

167 1343 480 1414 ἑϐδομάδων·
518 1344 589 1398 ἐν
649 1343 837 1413 ἡμέρᾳ
893 1343 1143 1415 τετάρτῃ
1197 1345 1302 1401 τοῦ
1343 1346 1538 1416 μηνὸς
1584 1347 1682 1402 τοί

1853 1360 1899 1407 e,
1934 1345 2234 1401 obsecrans
2266 1344 2437 1400 Deum
2467 1346 2763 1412 viventem,
2788 1356 2843 1401 et
2875 1355 3065 1417 petens
3099 1348 3167 1401 ab
3193 1362 3260 1401 eo
3284 1362 3368 1401 re-

165 1435 356 1505 πρώτου
384 1438 953 1505 ἐταπεινοφρόνησα,
979 1440 1163 1508 φησὶν,
1200 1440 1392 1494 εἴκοσι
1435 1440 1533 1493 καὶ
1546 1442 1680 1510 μίαν

1853 1434 2120 1490 :Iationcm
2171 1436 2437 1506 mysterii.
2484 1435 2551 1491 Et
2591 1436 2837 1506 profecto
2880 1453 3003 1491 cum
3057 1438 3368 1494 exaudisset

168 1529 384 1598 ἡμέραν·
436 1529 723 1599 εὐχόμενος
769 1530 847 1602 τῷ
904 1530 1023 1602 Θεῷ
1062 1530 1140 1602 τῷ
1187 1532 1386 1597 ζῶντι,
1441 1532 1683 1586 ἁπαιτῶν

1852 1535 1975 1589 iter,
2030 1526 2180 1580 misit
2240 1525 2479 1581 Verbum
2530 1542 2711 1593 suum,
2768 1528 3060 1582 ostendens
3111 1528 3239 1598 quid
3272 1545 3367 1598 per

166 1618 441 1690 παράύτοῦ
474 1621 816 1690 ἀποκάλυψιν
856 1624 1175 1695 μυστηρίου·
1220 1626 1312 1677 καὶ
1342 1623 1405 1695 δὴ
1451 1624 1681 1689 ἀκούσας

1852 1632 1974 1671 sum
2030 1622 2354 1670 eventurum
2414 1624 2578 1683 esset,
2622 1617 2785 1688 idque
2840 1616 3043 1672 factum
3074 1628 3155 1673 est
3196 1634 3366 1689 prope

163 1711 314 1781 Πατὴρ
336 1710 610 1764 ἀπέστειλε
640 1712 818 1777 Λόγον
854 1712 987 1768 [διον
1022 1714 1435 1787 ἐνδεικνύμενος
1476 1715 1537 1769 τὸ
1564 1716 1678 1787 μέλ-

1850 1723 1993 1763 tmen
2054 1723 2348 1778 magnum;
2424 1710 2710 1779 oportebat
2761 1710 2905 1763 enim
2991 1711 3064 1765 ibi
3128 1710 3365 1766 Puerum

162 1800 230 1854 λον
254 1803 494 1875 ἀποϐῆναι
549 1804 614 1857 δι’
644 1804 829 1859 αὑτοῦ·
869 1805 966 1860 καὶ
1009 1806 1074 1879 δὴ
1123 1807 1339 1876 ἐγένετο
1396 1810 1547 1881 παρὰ
1595 1810 1677 1863 τὸν

1606 1810 1689 1863 τδν
1722 1869 1760 1881 ﬁ
1791 1798 2027 1864 ostendi,
2060 1800 2153 1854 ubi
2174 1800 2337 1854 etiam
2373 1811 2599 1870 peccata
2634 1802 2960 1857 dimissurus
2984 1810 3121 1857 erat.

162 1895 359 1965 ποταμὸν
398 1869 514 1950 ’τὸν
580 1898 790 1967 μέγαν·
862 1898 969 1951 ἔδει
1032 1869 1141 1971 γὰρ
1165 1869 1307 1953 ’ἐκεῖ
1364 1900 1456 1954 τὸν
1481 1869 1493 1881 ⁸
1518 1902 1687 1955 Παῖδα
1721 1869 1761 1923 Β

158 1988 435 2054 δείκνυσθαι,
470 1991 603 2044 ὅπου
635 1992 729 2044 καὶ
756 1993 1026 2063 ἁμαρτίας
1050 1994 1267 2064 ἀφιέναι
1294 1995 1512 2066 ἤμελλε.

1865 1984 2059 2042 XXIV.
2098 1984 2166 2040 Et
2224 1986 2407 2050 levari,
2456 1985 2654 2056 inquit,
2711 1986 2890 2041 oculos
2938 2002 3114 2049 meos;
3172 1994 3223 2039 et
3254 2001 3368 2039 ecce

210 2079 371 2135 XXIV.
422 2083 527 2136 Kal
556 2078 693 2154 ᾖρα,
758 2086 913 2153 φησὶ,
970 2086 1114 2152 τοὺς
1172 2087 1517 2157 ὀφθαλμούς
1544 2105 1686 2157 μου·

1853 2098 1873 2134 r
1903 2081 2117 2134 vestitus
2173 2079 2388 2133 baddin.
2441 2080 2496 2134 In
2528 2079 2705 2149 prima
2753 2080 2969 2149 quidem
3022 2079 3233 2133 visione
3284 2079 3368 2132 in-

158 2173 231 2225 και
280 2173 392 2227 ἰδοὺ
446 2175 599 2244 ἀνὴρ
642 2176 1039 2247 ἐνδεδυμένος
1079 2164 1322 2243 βαδδίν·
1383 2181 1441 2233 ὲν
1494 2181 1591 2251 μὲν
1616 2184 1673 2252 τῇ

1845 2174 1933 2228 tit:
1958 2171 2093 2226 Ecce
2115 2172 2329 2242 angelus
2364 2170 2575 2225 Gabriel
2603 2170 2830 2234 missus;
2854 2169 2943 2224 hic
2974 2185 3104 2223 vero
3128 2184 3238 2223 non
3267 2169 3360 2236 ita,

158 2262 311 2336 πρώτῃ
359 2267 584 2339 ὀπτασίᾳ
642 2268 839 2339 φησὶν,
911 2268 1056 2323 Ἰδοὺ
1123 2270 1376 2340 ἅγγελος
1420 2270 1673 2340 Γαϐριὴλ

1852 2266 1883 2320 d
1939 2264 2231 2319 Dominum
2276 2263 2444 2329 videt,
2489 2278 2599 2317 non
2647 2262 2865 2333 quidem
2916 2261 3155 2332 perfecte
3188 2261 3363 2316 homi-

155 2352 580 2424 ἀπεσταλμένος·
616 2357 850 2411 ἐνταῦθα
899 2359 955 2413 δὲ
1009 2360 1106 2432 οὐχ
1156 2361 1351 2425 οὕτως,
1402 2362 1538 2415 ἀλλὰ
1592 2362 1670 2416 τὸν

1845 2373 1940 2423 3m,
1973 2357 2066 2412 sed
2103 2356 2157 2410 in
2193 2356 2383 2411 habitu
2410 2354 2649 2411 hominis
2670 2363 3040 2424 apparentem,
3074 2354 3217 2409 sicut
3243 2352 3360 2408 ait:

158 2445 319 2517 Κύριον
348 2451 461 2520 ὁρᾷ,
491 2450 646 2503 ούπω
705 2452 803 2522 μὲν
847 2452 1068 2517 τελείως
1102 2452 1387 2525 ἄνθρωπον
1409 2493 1422 2518 ,
1459 2456 1516 2507 ὲν
1552 2454 1673 2525 σχή-

1847 2459 1861 2503 ι
1898 2466 2016 2504 ecce
2061 2451 2144 2505 vir
2191 2450 2408 2503 vestitus
2448 2448 2683 2511 baddin;
2710 2462 2834 2501 nam
2877 2447 3199 2502 varietatem
3228 2445 3362 2501 cha—

156 2554 259 2606 ματι
312 2539 362 2592 δὲ
408 2541 692 2612 ἀνθρώπου
748 2544 1103 2614 φαινόμενον,
1158 2545 1342 2609 καθὼς
1368 2545 1538 2614 λέγει,
1584 2545 1671 2599 καὶ

1847 2553 2075 2599 smatum
2119 2542 2427 2597 vocationis
2468 2541 2698 2611 mystice
2743 2539 3103 2613 signiﬁcabat,
3140 2538 3362 2594 indutus

153 2628 253 2683 ἰδοὺ
281 2632 421 2701 ἀνὴρ
465 2634 867 2705 ἐνδεδυμένος
905 2637 1149 2701 βαδδίν·
1190 2638 1252 2690 τὸ
1278 2639 1388 2710 γὰρ
1438 2638 1668 2691 ποικίλοι

1852 2638 1973 2691 nica
2003 2635 2301 2706 variegata.
2348 2633 2479 2689 Erat
2514 2634 2662 2689 enim
2720 2633 3073 2689 sacerdotalis
3102 2632 3266 2688 vestis
3296 2647 3361 2686 ex

150 2719 227 2789 τῆς
253 2722 474 2795 κλήσεως
511 2726 622 2778 τῶν
674 2728 1029 2799 χαρισμάτων
1062 2730 1409 2801 ἐνδεδυμένος
1439 2729 1665 2783 ποικίλοι

1846 2728 2018 2785 versis
2048 2728 2324 2785 coloribus
2355 2728 2702 2790 concinnata,
2753 2741 2880 2781 cum
2919 2724 3150 2780 diversa:
3176 2732 3361 2795 gentes

149 2814 317 2880 χιτῶνα
355 2818 665 2889 μυστηρίων
697 2824 714 2843 ⁶
746 2821 1108 2874 ἐπεδείκνυεν·
1166 2823 1247 2876 ὅτι
1295 2823 1359 2876 ὲκ
1412 2822 1664 2893 διαφόρως

1847 2824 2077 2876 lventum
2108 2820 2313 2875 Christi
2345 2825 2743 2886 exspectarent,
2770 2826 2831 2873 ut
2860 2832 2924 2871 ex
2945 2816 3131 2870 multis
3163 2815 3362 2870 colori-

148 2908 405 2977 χρωμάτων
436 2907 500 2982 ἦν
531 2915 969 2985 κατηρτισμένος
995 2916 1022 2967 ό
1053 2915 1325 2986 ίερατικδς
1356 2914 1541 2987 χιτὼν,
1571 2915 1663 2969 τῶε

1846 2930 1888 2969 IS
1918 2912 2174 2983 componi
2205 2926 2512 2982 possemus.
2542 2908 2611 2963 Et
2648 2924 2794 2963 renes
2824 2908 2939 2978 ejus
2972 2908 3198 2963 accincti
3230 2924 3361 2962 auro

149 3000 361 3053 ποικίλων
387 3002 552 3056 ἐθνῶν
586 3004 887 3077 παρουσίαν
932 3006 1169 3077 Χριστοῦ
1208 3007 1677 3078 προσδεχομένων,
1784 3005 1975 3075 ophaz.

149 3092 213 3145 ἵνα
240 3096 431 3162 πολλοῖς
461 3099 717 3171 χρώμασι
745 3102 1171 3173 καταρτισοῆναι
1199 3102 1532 3174 δυνηθῶμεν.
1580 3099 1690 3157 Kal
1724 3101 1763 3171 ἠ
1788 3100 1986 3171 ὀσφὺς
2008 3096 2195 3154 αὐτοῦ
2220 3094 2651 3167 περιεζωσμένη
2676 3094 2747 3147 ἐν
2772 3098 3002 3163 χρυσίῳ
3024 3088 3219 3163 ὡφάζὶ“

200 3213 340 3273 XXV.
396 3220 466 3273 Τδ
508 3221 568 3275 δὲ
619 3219 790 3291 ὠφὰζ
829 3222 1053 3293 χρυσίον
1113 3223 1352 3295 καθαρὸν
1399 3223 1715 3295 σημαίνει,‹

1854 3220 2022 3277 XXV.
2066 3221 2251 3291 Opltaz
2293 3234 2425 3275 vero
2479 3233 2547 3273 ex
2600 3213 2828 3271 Ilehrmo
2866 3215 2919 3268 in
2955 3215 3202 3271 Graecum
3236 3229 3360 3268 ver-

148 3304 270 3359 τοῦτο
306 3308 366 3363 ὲκ
407 3311 502 3382 τῆς
562 3312 843 3385 Ἐϐραῖδος
887 3317 965 3379 εἰς
1006 3314 1102 3386 τὴν
1125 3315 1403 3387 Ἑλληνίδα
1457 3332 1663 3387 μετατι-

1842 3330 1928 3381 m,
1962 3330 2155 3368 aurum
2191 3327 2386 3382 purum
2420 3309 2710 3381 significat.
2769 3308 2914 3363 Puro
2946 3309 3109 3379 igitur
3138 3307 3357 3378 cingulo

145 3395 343 3465 θέμενον·
391 3403 640 3476 καθαράν
684 3407 735 3473 γ’
782 3403 875 3459 οὖν
924 3406 1363 3478 περιεζωσμένος
1390 3408 1520 3479 περὶ
1577 3408 1660 3478 τὴ¹

1835 3422 1924 3462 rca
1950 3421 2109 3461 renes
2134 3404 2413 3459 accinctus
2435 3410 2587 3469 erat;
2616 3418 2741 3456 nam
2765 3416 2957 3456 omnes
2988 3416 3089 3454 nos
3118 3397 3348 3454 Verbum

144 3486 275 3557 δτφδν
297 3491 481 3565 ζώνην·
538 3496 749 3561 πάντας
806 3498 916 3570 γὰρ
964 3501 1112 3570 ἡμᾶς
1161 3499 1393 3571 ἤμελλεν
1422 3502 1451 3553 ὁ
1482 3500 1653 3568 Λόγος

1836 3515 1922 3555 rca
1950 3514 2151 3569 corpus
2197 3513 2357 3554 suum
2405 3498 2679 3565 stringens
2738 3504 2997 3564 tanquam
3050 3492 3351 3563 cingulum,

143 3582 241 3651 περὶ
286 3584 339 3637 τὸ
387 3585 584 3640 ἑαυτοῦ
646 3588 807 3659 σῶμα
862 3593 929 3660 τῇ
981 3590 1087 3661 ἰδίᾳ
1137 3590 1327 3663 ἀγάπῃ
1375 3590 1450 3654 ὡς
1500 3588 1658 3659 ζώντν

1843 3593 1995 3663 opria
2052 3591 2322 3647 charitate
2374 3597 2719 3661 portaturum
2781 3596 2920 3642 erat.
2972 3586 3185 3655 Corpus
3236 3584 3357 3653 ejus

147 3674 331 3741 σφίγξας
375 3678 694 3749 βαστάζειν·
730 3681 791 3734 τὸ
844 3680 1002 3751 σῶμα
1047 3680 1108 3733 τὸ
1133 3681 1335 3734 τέλειον
1380 3680 1545 3734 αὑτοῦ
1585 3677 1662 3753 ἦνΤ

1839 3683 2074 3741 :rt‘cctum
2102 3694 2243 3745 erat.
2270 3698 2373 3738 nos
2416 3695 2549 3736 vero
2591 3680 2837 3735 membra
2875 3680 2927 3732 in
2959 3693 3187 3747 corpore
3235 3676 3354 3747 ejus

143 3759 269 3828 ἡμεῖς
296 3766 348 3818 δὲ
382 3769 515 3841 μέλη
550 3772 613 3823 ὲν
663 3769 741 3842 τῷ
793 3770 1006 3842 σώματι
1057 3771 1222 3825 αὑτοῦ
1251 3773 1542 3843 ὴνωμὲνοι,
1584 3775 1658 3827 κα

1838 3778 1939 3844 liti,
1967 3788 2020 3833 et
2049 3777 2118 3833 ab
2173 3777 2292 3847 ipso
2340 3773 2519 3831 Verbo
2570 3773 2791 3845 portati.
2836 3770 2907 3825 Et
2959 3790 3144 3843 corpus
3202 3774 3353 3844 quasi

144 3848 212 3900 ὑπ’
248 3857 394 3911 αὑτοῦ
442 3860 534 3913 τοῦ
597 3861 774 3930 Λόγου
806 3860 1223 3933 βασταζόμενοι.
1251 3863 1361 3917 Καὶ
1396 3862 1462 3917 τὸ
1505 3864 1659 3934 σῶμα

1841 3872 2041 3925 tarsis:
2092 3868 2318 3925 Tharsis
2368 3884 2499 3925 vero
2521 3868 2929 3939 interpretando
2971 3877 3101 3923 sunt
3145 3866 3356 3923 [Ethio-

141 3942 286 3998 αὑτοῦ
311 3949 387 4015 ὡς
416 3952 687 4020 Θαρσεῖς·
736 3953 968 4026 Θαρσεῖς
1010 3954 1067 4007 δὲ
1097 3954 1459 4026 ἑρμηνεύεται
1494 3956 1656 4011 Αίθίο

1833 3980 1910 4029 :s;
1968 3962 2088 4032 ejus
2120 3976 2358 4031 namque
2408 3960 2774 4032 c0gnoscendi
2828 3960 3195 4015 diIlicultatem
3236 3958 3348 4027 jam

141 4047 215 4096 ﬁt
239 4038 356 4109 (68)·
397 4043 454 4096 τὸ
477 4045 588 4117 γάρ
610 4045 1045 4116 δυσεπίγνωστον
1074 4047 1238 4101 αὑτοῦ
1269 4049 1370 4120 ἤδη
1392 4052 1419 4103 ό
1458 4051 1656 4123 προφή-

1837 4054 2039 4125 opheta
2086 4051 2569 4123 prmnuntiaverat,
2610 4050 2916 4121 (nimirum)
2965 4049 3109 4119 quod
3160 4048 3352 4101 huma-

138 4139 211 4195 ττις
238 4137 709 4207 προκατήγγειλεν,
733 4140 808 4202 ὡς
839 4139 1091 4211 μελλήσει
1124 4140 1385 4211 ἐνσαρκος
1405 4145 1461 4197 ὲν
1485 4143 1653 4215 κόσμιί

1837 4155 1947 4199 tate
1980 4153 2259 4213 assumpta
2293 4143 2345 4197 in
2375 4142 2580 4197 mundo
2611 4157 2898 4211 apparens,
2941 4140 3127 4195 multis
3163 4138 3347 4205 aguitu

139 4223 300 4288 φανεὶς,
327 4228 758 4301 δυσεπίγνωστος
775 4233 990 4287 ἔσεσθαι
1018 4234 1255 4299 πολλοῖς.
1273 4235 1382 4291 Καὶ
1400 4236 1467 4290 τό
1484 4238 1654 4305 πρόσ-

1835 4236 2007 4292 IIiciIis
2031 4244 2175 4291 esset
2206 4234 2447 4290 futurus.
2496 4233 2564 4287 Et
2614 4234 2776 4303 facies
2834 4235 3000 4305 ipsius
3052 4232 3213 4287 veluti
3243 4230 3350 4300 ful-

136 4323 261 4363 ωπον
298 4319 475 4372 αὑτοῦ
521 4322 607 4389 ὡς
653 4322 957 4391 ἀστραπὴ,
992 4326 1088 4379 καὶ
1127 4328 1181 4379 οἱ
1216 4326 1510 4396 ὀφθαλμοὶ
1568 4329 1651 4382 αὑ

1835 4342 1891 4392 ιτ,
1920 4334 1970 4379 et
2002 4325 2141 4379 oculi
2192 4325 2360 4394 ipsius
2418 4332 2475 4377 ut
2526 4324 2800 4394 lampades
2850 4325 3007 4394 ignis.
3055 4322 3350 4395 Oportebat

136 4398 214 4501 τού
238 4402 307 4469 ὡς
336 4411 647 4501 λᾳμπάδες
697 4414 911 4501 πυρός
940 4414 1047 4467 ἔδει
1092 4415 1203 4487 γὰρ
1254 4415 1316 4468 τὸ
1370 4416 1639 4485 πυρῶδες

1834 4417 1941 4482 lim,
1975 4425 2034 4471 ut
2056 4416 2572 4486 prmsigniﬁcaretur
2610 4425 2854 4486 potestas
2895 4416 3349 4485 Verbijudicialis

134 4488 203 4583 διαὶ
222 4498 442 4564 κριτικὸν
456 4502 550 4555 τοῦ
571 4502 746 4572 Λόγου
774 4488 951 4576 προῖτη
961 4505 1265 4575 μαίνεσθαι·
1292 4508 1380 4561 ἵνα
1400 4512 1512 4573 τοῖς
1537 4510 1649 4563 ἁσε·

1856 4524 2114 4574 exurens,
2140 4524 2246 4579 qua
2284 4509 2591 4581 (nimirum)
2626 4509 2811 4581 impiis
2850 4509 3030 4581 ignem
3074 4513 3217 4583 juste
3242 4510 3348 4563 im-

136 4577 456 4674 ίέξιδικαίως
486 4593 549 4647 τὸ
573 4593 685 4667 πῦρ
712 4596 1034 4665 ἐπενέγκας,
1076 4598 1298 4663 τούτους
1332 4601 1651 4674 καταφλέξῃ.

928 4614 1034 4663 ιας,
1076 4598 1298 4663 τούτους
1332 4601 1661 4674 καταφλέξῃ.
1696 4586 1740 4641 D
1770 4606 1991 4660 mittens
2018 4577 2302 4661 comburet
2329 4620 2443 4661 eos.

182 4670 343 4735 XXVI.
374 4683 693 4755 Προσέθηκε
724 4686 780 4740 δὲ
831 4686 1023 4756 λέγων.
1086 4688 1197 4743 Kal
1235 4694 1289 4744 οἱ
1336 4670 1663 4762 ,βραχίονες

1835 4692 2026 4749 XXVI.
2062 4695 2275 4765 Adiecit
2299 4710 2451 4760 vero,
2483 4695 2743 4766 inquiens
2769 4714 2783 4751 :
2815 4694 2884 4749 Et
2912 4695 3129 4749 brachia
3155 4695 3343 4764 ipsius,

130 4766 295 4857 αὑτοῦ,
322 4776 414 4829 καὶ
451 4782 506 4831 οὶ
536 4780 723 4847 πόδες
755 4782 943 4851 ὅμοιοι
976 4782 1184 4852 χαλκῷ
1214 4784 1549 4839 στιλϐῶντι·
1576 4787 1645 4839 't'va

1844 4786 1998 4855 pedes
2023 4787 2221 4841 similes
2253 4788 2349 4841 teri
2375 4787 2659 4851 candenti;
2707 4795 2767 4841 ut
2793 4787 3024 4857 primam
3059 4787 3344 4841 hominum

130 4853 201 4927 τὴν
223 4863 424 4939 πρώτην
454 4871 565 4924 τῶν
598 4872 903 4947 ἀνθρώπων
958 4874 1171 4946 κλῆσιν,
1218 4876 1314 4929 καὶ
1359 4876 1457 4950 τὴν
1492 4878 1643 4932 δευτέ

1836 4853 2132 4943 cationem,
2163 4886 2217 4933 et
2245 4878 2471 4933 alteram
2528 4895 2591 4934 ex
2631 4853 2883 4951 gentibus
2917 4880 3151 4936 similem
3177 4877 3346 4949 signi-

132 4962 203 5042 ξαν
229 4953 313 5024 τὴν
342 4959 398 5026 ἐξ
426 4962 599 5016 ἐθνῶν
621 4965 815 5035 ὁμοίαν
850 4969 1067 5038 σημανῇ
1090 4984 1103 4997 ·
1138 4970 1423 5023 Ἔσονται
1453 4970 1560 5040 γὰρ
1590 4970 1647 5025 td

1828 4980 1991 5026 :aret:
2021 4970 2196 5024 Erunt
2233 4971 2371 5024 enim
2413 4971 2699 5025 novissima
2726 4971 2862 5026 sicut
2897 4972 3078 5042 priora
3104 4986 3122 5024 :
3150 4986 3343 5042 ponam

127 5037 311 5143 ἔσχατα
369 5051 450 5119 ὠς
502 5054 576 5108 τὰ
608 5056 827 5124 πρῶτα·
885 5037 1064 5123 θήσων
1097 5058 1209 5130 γὰρ
1256 5060 1399 5127 τοὺς
1442 5037 1642 5131 ἄρχον-

1827 5065 1899 5117 im
1926 5064 2186 5133 principes
2214 5072 2329 5117 tuos
2358 5064 2496 5117 sicut
2525 5063 2588 5117 ab
2617 5064 2795 5128 initio,
2826 5074 2875 5119 et
2906 5063 3063 5119 duces
3096 5074 3212 5118 tuos
3234 5063 3341 5116 sic-

126 5142 206 5196 τας
226 5150 327 5227 σου
360 5142 438 5207 ὡς
466 5144 533 5197 τό
570 5147 672 5200 ἀπ’
711 5147 927 5217 ἀρχῆς,
976 5150 1076 5203 καὶ
1109 5150 1253 5218 τοὺς
1280 5152 1641 5223 ἡγουμένους

1834 5157 1983 5227 prius
2000 5155 2212 5211 "'.—Et
2230 5172 2327 5210 vos;
2343 5156 2509 5225 ipsius
2540 5166 2597 5209 ut
2623 5172 2721 5210 vox
2747 5155 2913 5210 turba:
2932 5156 3112 5210 multa:
3127 5156 3192 5208 ⁸⁸.
3216 5151 3343 5208 Om-

125 5233 213 5275 σου
232 5226 309 5320 Αώς
337 5229 401 5284 τὸ
462 5236 775 5303 πρότερον.
839 5238 949 5293 Kal
992 5241 1032 5309 ἡ
1079 5240 1251 5311 φωνὴ
1308 5244 1527 5310 αὐτοῦ,
1578 5245 1640 5311 ὡς

1821 5264 1857 5304 εδ
1878 5248 2023 5304 enim
2053 5263 2154 5303 nos
2182 5247 2463 5303 hodiernis
2514 5248 2728 5316 diebus,
2779 5250 2873 5319 qui
2903 5250 2957 5303 in
2997 5251 3175 5320 ipsum
3217 5261 3336 5301 cre-

124 5318 254 5411 ξεξυνὴ
293 5323 474 5393 ὄχλου
512 5329 771 5384 πολλοῦ.
812 5332 1019 5399 Πάντες
1067 5334 1178 5409 γὰρ
1222 5337 1460 5410 σήμερον
1501 5341 1549 5393 oi
1579 5342 1639 5394 είς

1826 5356 1963 5408 mus,
2019 5340 2243 5396 oracula
2294 5339 2593 5410 loquimur,
2634 5348 2895 5410 tanquam
2946 5355 3039 5411 per
3068 5356 3131 5396 os
3167 5338 3341 5409 ipsius

124 5406 249 5504 0’4th
297 5419 662 5485 πιστεύοντες,
714 5422 783 5475 τὰ
822 5423 978 5493 λόγια
1033 5406 1400 5501 φθεγγόμεθα,
1456 5430 1532 5497 ὼς
1571 5432 1639 5486 διέ

1456 5430 1532 5497 ὼς
1571 5432 1660 5486 διὰ
1760 5406 2069 5503 loquentes,
2104 5448 2227 5504 qua:
2258 5432 2327 5488 ab
2359 5406 2479 5503 ipso
2510 5406 2766 5489 mandata
2792 5440 2939 5489 sunt.

121 5498 340 5570 στόματος
368 5510 536 5564 αὑτοῦ
565 5511 855 5581 λαλοῦντες
882 5518 951 5573 τὰ
977 5518 1069 5574 ὑπ’
1101 5498 1265 5576 αὐτού
1297 5524 1766 5596 προστεταγμένα.

180 5638 329 5702 "Isa.
369 5662 409 5716 ι,
439 5649 529 5705 27.
610 5651 656 5685 ’⁸
691 5653 781 5710 Cf.
812 5656 982 5728 Apoc.
1010 5675 1125 5729 ιιι,
1160 5660 1213 5717 6.
1290 5665 1311 5687 “
1333 5664 1695 5738 Μυστηριωδᾶ

717 5653 781 5710 if.
812 5656 982 5728 Apoc.
1010 5675 1125 5729 ιιι,
1160 5660 1213 5717 6.
1290 5665 1311 5687 ⁶
1333 5664 1761 5738 Μυστηριωδῶς,
1792 5666 1900 5731 vel,
1934 5664 2232 5739 μυστικῶς.

143 5773 1654 5893 .‘lﬁlﬁfﬂfi'frff"2.1m?lifts?!tetanosswar:
1759 5800 2666 5893 eminuerunt.Qriswesjdsm
2713 5802 2882 5893 “itif:
2931 5804 3149 5877 ιεπίεον
3190 5810 3339 5879 quod

198 5857 591 5925 Interpretatur,
614 5875 775 5930 quam
805 5862 861 5917 hi
881 5857 975 5935 qui
998 5857 1288 5923 "in'Tarso
1328 5869 1557 5942 Cilicize,
1598 5884 1654 5930 et
1761 5857 2109 5931 hia—rtitt'nzeus
2131 5857 2304 5931 edidit
2332 5857 2401 5931 ἕιι
2427 5871 2549 5929 cod.
2579 5857 2714 5948 Reg.
2739 5857 2903 5931 ἥδε.
