3836 6500
461 439 567 494 650

1367 433 1423 487 S.
1463 431 1823 488 lilPPOLYTl
1863 430 2014 488 OPP.

2123 430 2234 485 ms
2273 433 2307 486 ι.
2355 463 2422 470 -
2453 409 2866 488 ΕΧΕεΕΤιοΑζ
3597 425 3678 481 διο

534 555 746 611 XXVII.
780 555 846 610 Et
876 562 1223 625 post-pauca,
1247 553 1380 610 dicit
1420 555 1484 608 ad
1523 555 1734 624 ipsum:
1781 553 2014 624 Nunquit

2211 552 2425 608 XXVII.
2474 555 2580 607 Καὶ
2617 555 2752 624 μετὰ
2787 553 2994 626 βραχέα
3045 553 3178 624 φησὶ
3219 553 3352 624 πρὸς
3400 549 3581 606 αὐτόν·
3629 555 3681 606 El

459 651 564 704 scis
615 665 777 716 quare
801 646 1024 702 venerim
1049 646 1118 698 ad
1145 647 1237 700 te?
1272 656 1320 700 et
1352 661 1488 700 nunc
1515 655 1765 710 reuertar,
1794 655 1850 700 ut
1892 662 2029 714 pra:-

459 739 557 793 lier
584 739 832 793 adversus
853 738 1141 807 principem
1178 735 1507 790 Persarum:
1552 747 1904 791 verumtamen
1932 753 2029 790 an-

459 831 738 897 nuntiabo,
783 831 924 900 quod
981 846 1284 900 expressum
1333 839 1411 884 est
1449 831 1504 883 in
1541 829 1820 898 Scriptura
1847 832 2029 884 verita-

460 925 564 985 tis;
611 933 661 978 et
685 939 832 976 nemo
852 933 928 976 est
954 925 1171 993 adjutor
1197 926 1250 978 in
1277 924 1381 992 his,
1406 925 1511 978 nisi
1533 923 1762 978 Michael
1785 925 2026 993 princeps

457 1025 644 1080 uester,
667 1025 716 1069 et
753 1015 889 1068 hunc
923 1016 1111 1085 reliqui
1148 1016 1243 1070 ibi.
1297 1015 1382 1070 Ex
1421 1032 1522 1086 quo
1550 1017 1688 1070 enim
1727 1016 1811 1069 die
1835 1016 2026 1070 dedisti

459 1106 648 1174 [aciem
677 1116 846 1166 tuam.
894 1119 952 1162 ut
999 1116 1046 1162 te
1089 1108 1333 1178 afﬂigeres
1381 1109 1436 1160 in
1479 1119 1758 1178 conspectu
1811 1107 2026 1160 Domini

465 1196 557 1250 Dei
583 1198 679 1262 tui,
722 1199 978 1252 exaudita
1023 1207 1098 1252 est
1131 1199 1430 1267 deprecatio
1455 1209 1568 1262 tua,
1609 1209 1657 1253 et
1693 1199 1885 1254 missus
1907 1215 2024 1254 sum

455 1302 568 1356 ego,
595 1297 650 1339 ut
673 1287 884 1356 preelier
904 1287 1152 1342 adversus
1191 1289 1478 1358 principem
1514 1286 1804 1341 Persarum
1829 1288 2025 1358 (quod-

455 1379 578 1432 dam
610 1380 754 1434 enim
787 1381 1076 1436 consilium
1125 1381 1324 1447 fuerat,
1361 1398 1427 1436 ne
1458 1382 1822 1438 dimitteretur
1851 1398 2024 1452 popu-

457 1471 596 1536 Ius);
627 1481 682 1523 ut
721 1472 884 1541 igitur
913 1474 1096 1541 petitio
1123 1486 1214 1526 tua
1236 1473 1474 1528 celeriter
1511 1474 1677 1543 ﬁeret,
1705 1477 1880 1529 restiti
1923 1475 2024 1543 ipsi

451 1578 567 1632 ego,
609 1575 657 1617 et
701 1564 887 1634 reliqui
913 1566 986 1618 ibi
1023 1564 1272 1618 Michael.

522 1742 756 1800 XXVIII.
789 1743 854 1798 Et
887 1746 1011 1816 quis
1041 1757 1178 1816 erat,
1223 1747 1317 1818 qui
1344 1748 1691 1818 loquebatur,
1721 1749 1826 1805 nisi
1856 1764 2023 1820 ange-

453 1834 556 1898 lus,
593 1836 750 1903 cujus
771 1851 915 1890 curae
945 1839 1177 1906 populus
1221 1839 1586 1894 demandatus
1617 1849 1754 1906 erat,
1786 1843 1926 1896 sicut
1949 1842 2022 1896 ait

2133 641 2300 712 οἶδας
2331 645 2388 698 τί
2424 643 2613 716 ἦλθον
2649 649 2798 712 πρὸς
2821 643 2894 698 σέ
2915 661 2934 708 ;
2959 645 3054 698 καὶ
3085 644 3202 698 νῦν
3231 641 3572 710 ἐπιστρέψω
3597 641 3682 694 τοῦ

2132 738 2472 806 πολεμῆσαι
2491 737 2642 806 μετά
2677 735 2967 806 ἄρχοντος
2993 736 3254 804 Περσῶν·
3288 735 3426 790 ἀλλ’
3451 733 3488 803 ἢ
3521 735 3680 802 ἀνατ-

2129 830 2285 902 γελῶ
2333 829 2399 884 τὸ
2456 818 2860 901 γεγραμμένον
2893 830 2963 882 ἐν
3002 827 3215 897 Γραφῇ
3273 828 3579 895 ἀληθείας,
3603 827 3679 880 καὶ

2129 926 2242 977 οὐκ
2265 923 2436 976 ἔστιν
2452 921 2650 987 οὐδεὶς
2670 923 3062 990 ἀντεχόμενος
3084 919 3216 987 περὶ
3237 921 3484 983 τούτων,
3507 919 3678 986 ἀλλ’ἢ

2127 1017 2374 1086 Μιχαὴλ
2425 1015 2624 1084 ἄρχων
2685 1014 2880 1084 ὑμῶν,
2945 1013 3042 1068 καὶ
3097 1014 3312 1068 τοῦτον
3375 1011 3683 1066 κατέλιπον

2127 1109 2269 1162 ἐκεῖ·
2322 1109 2422 1176 ἀφ’
2459 1104 2534 1178 ἧς
2565 1109 2676 1177 γὰρ
2735 1107 2959 1176 ἡμέρας
2995 1106 3220 1172 ἔδωκας
3262 1107 3328 1158 τὸ
3377 1107 3682 1173 πρόσωπόν

2126 1216 2242 1254 σου
2279 1197 2616 1267 κακωθῆναι
2660 1199 2937 1252 ἐναντίον
2965 1199 3188 1266 Κυρίου
3221 1198 3326 1252 τοῦ
3359 1197 3510 1252 Θεοῦ
3561 1214 3679 1258 σου,

2124 1291 2494 1360 εἰσηκούσθη
2527 1294 2564 1358 ή
2618 1290 2827 1358 δέησίς
2873 1307 3008 1356 σου,
3062 1290 3160 1344 καὶ
3191 1290 3546 1358 ἀπεστάλην
3589 1289 3682 1360 ἐγὼ

2123 1385 2231 1438 τοῦ
2271 1383 2615 1454 πολεμῆσαι
2665 1383 2816 1452 μετά
2864 1383 3154 1452 ἄρχοντος
3209 1381 3487 1450 Περσῶν·
3541 1381 3682 1454 βουλή

2124 1482 2234 1553 γάρ
2265 1499 2347 1544 τις
2396 1479 2670 1550 ἐγεγόνει,
2719 1479 2794 1550 μὴ
2852 1477 3198 1532 ἀποστέλλειν
3255 1479 3348 1531 τὸν
3400 1479 3549 1533 λαόν·
3601 1479 3681 1530 ira

2123 1571 2236 1630 οὖν
2257 1574 2326 1628 ἐν
2357 1572 2524 1642 τάχει
2559 1570 2625 1625 τὸ
2665 1568 2888 1640 αἴτημά
2935 1586 3051 1626 σου
3103 1571 3365 1639 γένηται,
3397 1569 3682 1638 ἀντέστην·

2121 1668 2310 1730 τούτῳ
2344 1665 2476 1736 ἐγὼ,
2507 1665 2603 1718 καὶ
2649 1663 2970 1716 κατέλιπον
2997 1663 3124 1718 ἐκεῖ
3152 1665 3416 1732 Μιχαήλ.

2189 1757 2428 1812 XXVIII.
2455 1759 2560 1810 Καὶ
2587 1758 2672 1820 τίς
2696 1753 2762 1828 ἦν
2793 1758 2821 1808 6
2847 1757 3043 1826 λέγων,
3069 1755 3182 1809 ἀλλ’
3206 1757 3240 1827 ἢ
3259 1759 3287 1810 6
3321 1757 3556 1826 ἄγγελος
3576 1758 3602 1808 6
3619 1755 3682 1826 τῷ

2123 1851 2236 1922 λαῷ
2256 1850 2690 1922 παραδεδομένος
2713 1849 2818 1914 ;ὡς
2845 1849 2992 1918 λέγει
3030 1851 3087 1902 ὲν
3123 1848 3200 1920 τῷ
3236 1850 3385 1920 νόμῳ
3415 1849 3678 1910 Μωῦσέοςδ

449 1928 505 1980 in
533 1927 648 1996 lege
682 1927 854 1999 Moysi
891 1947 906 1984 :
960 1928 1082 1984 Non
1125 1932 1402 2000 procedam
1453 1933 1738 1996 uobiscum,
1774 1934 1900 2002 quia
1925 1950 2014 2003 po-

2123 1911 2312 2014 Οιίμὴ
2337 1911 2613 2012 ’πορευθῶ
2636 1911 2764 2013 μεθ’
2799 1911 2965 2014 utubi“
2987 1943 3086 1997 διὰ
3104 1911 3312 1996 τότὸὲ
3327 1911 3484 1998 λαὸν
3507 1945 3680 2006 σκλη-

448 2017 602 2084 pulus
642 2019 791 2074 dura:
820 2023 1033 2075 cervicis
1057 2031 1172 2087 est;
1217 2023 1306 2076 sed
1339 2023 1556 2094 angelus
1597 2040 1740 2077 meus
1761 2026 2019 2094 praecedet

447 2112 714 2166 vobiscum
771 2114 836 2168 ⁸⁸.
906 2113 1006 2170 Ηίο
1063 2116 1262 2172 restitit
1329 2116 1385 2170 in
1447 2117 1752 2173 diversorio
1809 2115 2016 2190 Moysi,

446 2206 665 2274 quando
720 2205 930 2263 ferebat
975 2223 1207 2278 puerum
1275 2210 1719 2266 incircumcisum
1753 2211 1808 2265 in
1859 2209 2019 2282 Egy-

445 2309 643 2369 ptum:
687 2317 861 2371 neque
918 2303 1062 2356 enim
1108 2303 1192 2358 fas
1241 2313 1359 2358 erat
1411 2312 1472 2358 ut
1517 2304 1754 2375 Moyses,
1781 2306 1874 2374 qui
1901 2314 2019 2360 erat

445 2396 652 2464 legatus
689 2404 744 2448 et
793 2394 1059 2448 mediator
1113 2395 1268 2465 legis,
1306 2396 1510 2465 quique
1575 2403 1794 2466 patrum
1837 2393 2016 2451 l‘mdus

445 2487 827 2553 annuntiabat,
874 2487 1166 2542 adduceret
1217 2504 1444 2557 puerum
1497 2491 1904 2560 pratputiatum,
1949 2508 2018 2548 ne

443 2577 696 2645 apopulo
753 2575 1046 2630 haberetur
1086 2593 1186 2646 pro
1239 2578 1707 2650 pseudoprOpheta
1761 2589 1815 2636 et
1855 2581 2019 2637 sedu-

443 2679 612 2722 ctore.
657 2666 726 2722 Et
757 2683 914 2733 nunc,
951 2666 1147 2736 inquit,
1201 2671 1475 2724 veritatem
1520 2673 1846 2726 annuntiabo
1889 2674 2004 2730 tibi.

443 2762 680 2816 Poterat.
699 2761 911 2819 Veritas
933 2761 1080 2818 aliud
1109 2762 1366 2833 quiddam
1396 2773 1592 2834 praeter
1611 2765 1892 2821 veritatem
1918 2782 2017 2821 an-

443 2855 735 2910 nuntiare?

511 2945 706 3002 XXIX.
750 2947 891 3004 Dicit
923 2948 1090 3020 igitur
1111 2949 1178 3004 ad
1200 2939 1332 3004 'eum
1369 2968 1382 3004 :
1417 2948 1552 3003 Ecce
1591 2959 1696 3004 tres
1729 2967 1870 3022 reges
1895 2967 2015 3006 sur-

439 3048 557 3108 gent
585 3040 642 3093 in
675 3039 917 3105 Perside,
955 3051 1004 3095 et
1036 3053 1259 3111 quartus
1292 3042 1556 3096 ditabitur
1593 3045 1776 3114 opibus
1809 3045 2013 3114 magnis

438 3148 594 3201 super
621 3149 818 3197 omnes,
851 3141 901 3186 et
944 3149 1062 3186 cum
1098 3135 1380 3188 invaluerit
1407 3135 1606 3189 divitiis
1638 3137 1772 3198 suis,
1799 3137 2014 3190 invadet

436 3225 616 3278 omnia
641 3242 797 3296 regna
819 3223 1144 3280 Greecorum.
1169 3225 1356 3296 Surget
1380 3243 1497 3280 vero
1520 3243 1611 3280 rex
1635 3229 1813 3297 fortis,
1848 3240 1898 3284 et
1919 3230 2015 3284 do-

437 3320 731 3371 minabitur
772 3327 1031 3388 potestate
1048 3317 1250 3383 .multa,
1284 3330 1334 3372 et
1373 3319 1533 3388 faciet
1574 3321 1712 3390 quod
1750 3323 2009 3390 placuerit

434 3411 502 3472 ei,
543 3420 588 3464 et
633 3427 751 3463 cum
790 3413 991 3465 steterit
1027 3427 1239 3480 regnum
1269 3412 1404 3480 ejus,
1448 3422 1763 3477 conteretur,
1809 3423 1858 3466 et
1883 3413 2012 3467 divi-

436 3503 588 3555 detur
622 3503 678 3554 in
707 3512 938 3572 quatuor
967 3513 1141 3555 ventos
1175 3502 1310 3555 caeli.
1347 3501 1472 3557 Haec
1513 3504 1730 3573 quidem
1759 3505 1872 3574 jam
1917 3521 2012 3560 su-

439 3595 618 3662 perius
652 3593 1052 3660 enarravimus,
1091 3609 1216 3649 cum
1251 3595 1316 3649 de
1357 3604 1592 3664 quatuor
1623 3597 1812 3651 bestiis
1844 3598 2007 3651 verba

435 3685 700 3745 fecimus;
735 3686 829 3740 sed
869 3687 1132 3755 quoniam
1177 3685 1456 3756 Scriptura
1495 3703 1641 3742 nunc
1670 3703 1861 3743 rursus
1896 3689 2009 3759 (ea-

435 3775 582 3842 dem)
620 3777 876 3831 distincte
912 3778 1158 3846 exponit,
1193 3794 1420 3833 necesse
1459 3787 1544 3833 est
1571 3788 1630 3833 ut
1663 3795 1766 3834 nos
1790 3796 2010 3850 queque

433 3865 502 3918 de
533 3867 598 3921 iis
619 3866 815 3922 iterum
847 3883 1155 3923 sermonem
1185 3869 1507 3933 habeamus,
1547 3885 1615 3924 ne
1668 3867 2008 3940 Scripturam

432 3960 664 4014 otiosam
697 3969 752 4016 et
785 3960 904 4014 sine
931 3962 1310 4029 explanatione
1337 3962 1730 4030 relinquamus.

2115 2035 2498 2105 ροτράχηλον
2553 2033 2723 2090 εἶναι·
2772 2037 2908 2091 ἀλλ’
2947 2035 2985 2104 ἢ
3031 2038 3063 2089 ὀ
3093 2036 3347 2104 ἄγγελός
3389 2052 3512 2103 μου
3553 2050 3680 2100 προ-

2121 2127 2473 2192 πορεύσεται
2490 2125 2617 2194 μεθ’
2661 2125 2846 2194 ὑμῶν.
2883 2119 3049 2188 Οὗτος
3077 2125 3306 2196 ἀντέστη
3338 2126 3396 2178 ἐν
3421 2123 3501 2194 τῷ
3533 2137 3681 2176 κατα-

2121 2216 2316 2288 λύματι
2356 2217 2634 2282 Μωῦσέος,
2662 2217 2828 2288 ἡνίκα.
2848 2215 3040 2288 ἔφερεν
3075 2215 3454 2288 ἀκροϐυστίαν,
3479 2215 3542 2267 τὸ
3572 2229 3682 2266 παι-

2119 2309 2256 2372 δίον,
2292 2312 2370 2376 εξς
2415 2310 2513 2381 τὴν
2565 2309 2859 2379 Αἴγυπτον·
2920 2309 2979 2361 οὐ
3046 2307 3152 2380 γὰρ
3197 2303 3266 2378 ἦν
3305 2305 3551 2376 ἐφικτὸν,
3601 2303 3680 2355 τὸν

2122 2403 2454 2476 πρεσϐύτην,
2474 2405 2564 2458 καί⁸
2577 2403 2800 2475 μεσίτην
2827 2403 2990 2474 νόμου
3003 2403 3290 2471 γενόμενον
3317 2397 3580 2456 Μωῦσέα,
3601 2395 3684 2449 καὶ

2118 2494 2383 2567 διαθήκην
2415 2497 2662 2568 πατέρων
2679 2494 3132 2564 καταγγέλλοντα,
3151 2490 3452 2561 ἐπάγεσθαι
3483 2489 3681 2541 παιδίον

2119 2587 2473 2660 ἀκρόϐυστον·
2508 2589 2594 2641 ἵνα
2629 2587 2703 2658 μὴ
2735 2588 2810 2651 ὡς
2839 2586 3307 2658 ψευδοπροφήτης,
3356 2585 3452 2636 καὶ
3492 2581 3682 2642 πλάνος

2118 2679 2347 2750 νομισθῇ
2381 2675 2518 2733 εἶναι
2548 2679 2652 2732 ὑπὸ
2683 2679 2776 2732 τοῦ
2825 2676 2976 2731 λαοῦ.
3019 2679 3127 2732 Καὶ
3157 2677 3293 2740 νῦν,
3347 2675 3534 2746 φησὶν,
3555 2671 3681 2736 ἁλή-

2111 2769 2276 2822 θειαν
2313 2764 2619 2835 ἀναγγελῶ
2663 2781 2780 2818 σοι.
2825 2762 3074 2816 Ἐδύνατο
3127 2761 3162 2832 ή
3203 2759 3454 2830 Ἀλήθεια
3493 2753 3669 2826 ἕτερον

2111 2872 2165 2910 τι
2189 2857 2338 2928 παρὰ
2370 2858 2468 2928 τὴν
2502 2855 2758 2928 ἀλήθειαν
2788 2853 3132 2923 ἀναγγεῖλαι;

2183 2951 2375 3004 ΧΧΙΧ.
2419 2950 2586 3021 Φησὶν
2617 2943 2707 3002 οὖν
2746 2947 2883 3020 πρὸς
2924 2945 3119 3000 αὐτόν·
3166 2941 3320 2998 Ἰδοὺ
3369 2941 3530 3009 τρεῖς
3568 2939 3674 3003 ,Βα-

2113 3044 2309 3110 σιλεῖς
2337 3041 2786 3109 ἀναστήσονται
2815 3040 2886 3092 ἐν
2911 3037 2985 3106 τῇ
3011 3035 3273 3105 Περσίδι,
3301 3033 3400 3087 καὶ
3425 3036 3459 3088 ό
3489 3031 3679 3097 τέταρ-

2116 3153 2219 3202 τος
2250 3134 2581 3202 πλουτήσει
2611 3132 2879 3186 πλοῦτον
2909 3129 3102 3199 μέγαν
3129 3127 3279 3195 ὑπὲρ
3313 3125 3564 3190 πάντας,
3589 3119 3678 3176 καὶ

2116 3229 2266 3298 μετὰ
2295 3226 2362 3280 τὸ
2392 3223 2683 3295 κρατῆσαι
2713 3223 2898 3278 αὐτὸν
2924 3223 3030 3276 τοῦ
3059 3223 3328 3276 πλούτου
3350 3217 3560 3276 αὐτοῦ,
3588 3217 3682 3267 ἑπ-

2121 3318 2528 3385 αναστήσεται
2557 3317 2781 3382 πάσαις
2806 3316 2935 3381 ταῖς
2957 3315 3302 3380 βασιλείαις
3328 3313 3448 3368 τῶν
3481 3305 3684 3366 Ἑλ.ιῆ-

2115 3427 2267 3465 νων’
2317 3414 2414 3462 καὶ
2457 3409 2862 3474 ἀναστήσεται
2906 3403 3203 3470 ,ϐασιλεὺς
3251 3396 3532 3460 δυνατὸς,
3589 3391 3682 3444 καὶ

2116 3503 2415 3571 κυριεύσει
2457 3501 2698 3568 κυρείας
2724 3497 2981 3567 πολλῆς,
3011 3495 3108 3549 καὶ
3154 3491 3393 3559 ποιήσει
3437 3485 3585 3541 κατὰ
3621 3484 3682 3536 τὸ

2117 3596 2344 3664 θέλημα
2375 3594 2580 3657 αὑτοῦ,
2620 3594 2717 3646 καὶ
2743 3593 2823 3658 ὡς
2849 3591 2924 3645 ἂν
2951 3587 3068 3657 στῇ
3097 3589 3136 3655 ἡ
3161 3581 3449 3650 ,Βασιλεία
3477 3575 3681 3636 αὐτοῦ.

2115 3685 2597 3755 συντριϐήσεται,
2647 3683 2746 3737 καὶ
2787 3679 3222 3751 διαιρεθήσεται
3257 3678 3340 3740 εἰς
3381 3672 3524 3735 τοὺς
3555 3665 3686 3720 τέσ-

2116 3797 2307 3848 σαρας
2335 3777 2596 3848 ἀνέμους
2623 3775 2728 3829 τοῦ
2755 3772 3034 3842 ούρανοῦ.
3071 3771 3256 3823 Ταῦτα
3291 3767 3390 3837 μὲν
3418 3763 3518 3834 ἤδη
3549 3761 3676 3812 ἀνω-

2113 3871 2256 3941 τέρω
2279 3867 2675 3942 διηγησάμεθα,
2708 3867 2872 3938 ἡνίκα
2901 3867 3027 3936 περὶ
3045 3863 3153 3916 τῶν
3171 3861 3454 3930 τεσσάρων
3485 3850 3684 3947 Θηρίων

2115 3963 2270 4032 λόγον
2301 3961 2657 4032 ἐποιούμεθα·
2702 3960 2816 4012 ἀλλ’
2846 3958 3030 4028 ἐπειδὴ
3071 3953 3281 4016 λεπτῶς
3313 3952 3347 4020 ἡ
3375 3943 3566 4018 Γραφὴ
3591 3943 3684 4032 νῦἶ*

433 4053 594 4107 πάλιν
621 4053 914 4124 ἐξηγεῖται,
937 4027 1264 4123 ὲξ-ἀνάγκης
1284 4053 1363 4106 δεῖ
1385 4027 1645 4124 καὶήμᾶς
1671 4054 1736 4106 ἐκ
1764 4053 2016 4126 δευτέρου
2050 4054 2140 4108 τὸν
2178 4027 2332 4124 λόγον
2374 4027 2663 4116 ποιεῗσθαι,
2709 4052 2793 4104 ἵνα
2847 4050 2920 4124 μὴ
2964 4027 3140 4118 ἀργὴν
3178 4043 3277 4114 τὴν
3309 4035 3549 4112 Γραφὴνν
3591 4027 3682 4084 καὶ

430 4152 814 4208 ἀναπόδεικτον
849 4151 1256 4221 καταλίπωμεν.

502 4245 673 4300 XXX.
713 4245 898 4298 Adhuc
935 4256 1035 4298 tres
1077 4262 1240 4315 reges,
1275 4245 1472 4314 inquit,
1521 4255 1732 4314 surgent
1769 4248 1824 4300 in
1877 4247 2006 4302 Per-

430 4335 565 4397 side,
597 4343 648 4388 et
683 4343 903 4402 quartus
948 4335 1210 4389 dilabitur
1239 4335 1422 4404 opibus
1463 4336 1672 4401 nimiis;
1711 4335 1903 4408 (quod)
1929 4338 2010 4394 fa-

432 4437 580 4480 ctum
618 4435 736 4493 est;
773 4441 1010 4495 namque
1059 4437 1182 4495 post
1222 4427 1446 4498 Cyrum,
1502 4429 1737 4482 surrexit
1787 4428 2004 4495 Darius,

430 4519 626 4574 deinde
658 4517 1013 4574 Artaxerxes.
1053 4518 1188 4572 Tres
1239 4519 1292 4572 hi
1343 4518 1564 4572 fuerunt
1614 4535 1798 4591 reges;
1856 4537 2007 4576 com-

429 4613 572 4681 pleta
599 4621 684 4666 est
711 4609 1012 4682 Scriptura.
1061 4610 1129 4666 Et
1171 4621 1392 4682 quartus
1425 4611 1684 4666 dilabitur
1715 4616 1899 4682 opibus
1931 4616 2012 4669 ni-

432 4703 553 4753 miis
587 4717 606 4754 :
641 4700 766 4772 quis
810 4701 918 4764 hic,
956 4703 1058 4756 nisi
1105 4701 1320 4768 Darius,
1364 4703 1455 4770 qui
1491 4705 1759 4773 regnavit,
1803 4715 1857 4759 et
1893 4706 2009 4776 glo-

431 4794 568 4850 riam
605 4805 892 4848 assecutus
915 4805 1018 4860 est,
1055 4795 1259 4866 quique
1286 4795 1490 4850 divitiis
1521 4797 1838 4862 abundavit,
1873 4807 1926 4851 et
1952 4799 2007 4852 in

436 4887 687 4938 universa
716 4885 1028 4939 Graecorum
1053 4901 1218 4954 regna
1244 4885 1574 4940 insurrexit?
1603 4884 1740 4940 Huic
1772 4887 2010 4942 occurrit

433 4976 736 5030 Alexander
757 4976 998 5042 Macedo,
1023 4977 1252 5046 ejusque
1276 4993 1502 5048 regnum
1534 4977 1822 5034 destruxit.
1851 4977 2006 5033 Post-

427 5085 590 5137 quam
625 5079 806 5127 autem
838 5071 926 5124 hic
955 5069 1152 5124 Persas
1187 5071 1518 5142 subjugavit,
1557 5073 1729 5142 ipsius
1778 5087 2004 5142 regnum

427 5161 484 5215 in
532 5173 766 5230 quatuor
799 5172 990 5218 ventos
1031 5163 1152 5217 cadi
1199 5163 1434 5218 divisum
1466 5175 1583 5230 est;
1615 5181 1644 5218 e
1681 5164 1818 5220 vivis
1858 5165 2003 5219 enim

424 5255 694 5308 excedens
742 5255 1046 5309 Alexander
1087 5271 1315 5326 regnum
1350 5273 1508 5312 suum
1543 5257 1598 5316 in
1631 5269 1865 5328 quatuor
1891 5257 2004 5311 dis-

427 5347 618 5401 tribuit
654 5348 1012 5416 principatus.
1069 5347 1135 5400 Et
1166 5361 1340 5422 surget
1367 5367 1479 5416 rex,
1509 5360 1558 5404 et
1587 5351 1806 5408 intrabit
1831 5354 2005 5406 muni-

426 5437 593 5489 tiones
625 5438 760 5506 regis
789 5437 1030 5508 gypli.

499 5615 694 5670 XXXI.
735 5619 1040 5675 Antiochus
1078 5622 1223 5674 enim
1261 5637 1354 5676 rex
1387 5623 1557 5695 Syriae
1589 5623 1728 5689 fuit;
1758 5627 1848 5680 hic
1875 5640 2006 5681 cen-

428 5712 624 5766 tesimo
651 5719 706 5764 et
735 5712 968 5780 septimo
1002 5729 1148 5768 anno
1175 5715 1326 5783 regni
1361 5715 1676 5772 Graecorum
1713 5719 2002 5788 imperium

499 5801 542 5830 ⁸⁸
575 5797 741 5852 Exod.
775 5817 947 5866 xxxii,
981 5802 1086 5869 34;
1119 5817 1308 5866 xxxut,
1340 5805 1391 5859 5.

2182 4243 2352 4299 XXX.
2375 4245 2503 4296 Ἔτι
2520 4240 2676 4312 τρεῖς
2697 4237 3000 4305 βασιλεῖς,
3040 4253 3112 4306 φη
3121 4229 3684 4296 σἰν,ἀναστήσονται

2111 4339 2180 4390 ἐν
2206 4335 2280 4404 τῇ
2299 4333 2562 4402 Περσίδι,
2581 4333 2682 4387 καὶ
2710 4335 2742 4386 ὁ
2769 4331 3044 4398 τέταρτος
3058 4325 3392 4392 πλουτήσει
3422 4319 3690 4376 πλοῦτον

2105 4429 2296 4498 μέγαν
2315 4445 2328 4457 ·
2357 4427 2663 4496 γεγένηται·
2700 4423 2836 4496 μετὰ
2864 4423 2972 4494 γὰρ
2994 4421 3174 4492 Κῦρον
3203 4419 3404 4486 ἀνέστη
3436 4415 3684 4486 Δαρεῖος·

2113 4518 2301 4572 ἔπειτα
2360 4515 2750 4588 Ἀρταξέρξης·
2799 4517 2946 4588 τρεῖς
2987 4509 3130 4566 οὗτοι
3172 4510 3494 4586 γεγένηνται
3527 4505 3686 4576 βασι-

2115 4612 2224 4675 λεῖς
2244 4629 2256 4641 ·
2295 4609 2645 4680 πεπλήρωται
2675 4611 2709 4679 ἡ
2743 4609 2955 4680 Γραφή.
2987 4606 3095 4660 Καὶ
3127 4609 3160 4658 ό
3193 4603 3475 4670 τέταρτος
3498 4601 3688 4651 πλου-

2113 4705 2284 4771 τήσει
2316 4704 2583 4759 πλοῦτον
2605 4703 2830 4772 μέγανι
2865 4701 2948 4762 τίς
2988 4693 3142 4761 οὗτος
3189 4697 3300 4750 ἀλλ’
3336 4695 3368 4765 ἢ
3407 4695 3632 4763 Δαρεῖος
3661 4691 3688 4740 6

2116 4797 2455 4869 βασιλεύσας,
2491 4797 2585 4849 καὶ
2615 4794 2820 4861 ἔνδοξος
2849 4792 3118 4863 γενηοεὶς,
3150 4790 3208 4854 ὃς
3239 4789 3556 4859 ἐπλούτησε,
3593 4783 3684 4835 καῖ

2113 4889 2382 4958 ἐπανέστη
2406 4889 2606 4950 πάσαις
2631 4889 2748 4949 ταῖς
2781 4883 3076 4954 βασιλείαις
3097 4881 3204 4933 τῶν
3248 4878 3536 4948 Ἑλλήνων
3563 4873 3690 4924 τοὺ-

2113 4998 2190 5050 τῳ
2221 4979 2491 5051 ἐπανέστη
2541 4977 2880 5048 Ἀλέξανδρος
2917 4977 2944 5030 6
2979 4973 3262 5036 Μακεδὼν,
3294 4971 3354 5034 ὃς
3383 4967 3598 5023 καθεῖλε
3631 4963 3692 5016 τὺ

2113 5075 2279 5128 αὑτοῦ
2325 5075 2614 5145 βασίλειον,
2659 5073 2754 5126 καὶ
2794 5069 2930 5142 μετὰ
2966 5068 3028 5120 τὸ
3069 5064 3333 5130 ὑποτάξαι
3373 5062 3526 5116 αὑτὸν
3555 5073 3692 5120 τους

2113 5167 2351 5240 Πέρσας,
2376 5164 2597 5238 διῃρέθη
2622 5166 2654 5234 ή
2677 5162 2864 5215 τούτου
2891 5160 3138 5232 βασιλεία
3166 5161 3245 5222 είς
3268 5158 3393 5219 τοὺς
3417 5153 3694 5222 τέσσαρας

2111 5259 2348 5330 ἀνέμους
2381 5259 2473 5311 τοῦ
2517 5251 2778 5328 οὐρανοῦ·
2826 5253 3092 5307 τελευτῶν
3131 5251 3239 5318 γὰρ
3270 5249 3299 5300 6
3341 5243 3694 5324 Ἀλέξανδρος

2109 5353 2270 5408 διεῖλε
2303 5351 2402 5423 τὴν
2431 5350 2706 5422 βασιλείαν
2727 5345 2890 5401 αὐτοῦ
2921 5347 3000 5407 εἰς
3027 5342 3300 5410 τέσσαρας
3331 5337 3518 5409 ἀρχάς.
3543 5334 3694 5400 (68⁵)

2109 5447 2222 5500 Καὶ
2257 5443 2662 5510 ἀναστήσεται
2687 5438 3006 5506 βασιλεὺς,
3035 5435 3132 5490 καὶ
3163 5435 3570 5490 εἰσελεύσεται
3601 5433 3696 5494 εἰς

2111 5539 2184 5593 τὰ
2215 5539 2710 5608 ὺποστηρίγματα
2734 5533 3040 5602 ,βασιλέως
3065 5530 3383 5600 Αἰγύπτου.

2181 5631 2373 5686 XXXI.
2430 5632 2698 5702 Ἀντίοχος
2728 5631 2838 5702 γὰρ
2861 5628 3151 5698 γεγένηται
3179 5625 3276 5694 τῆς
3305 5623 3497 5695 Συρίας
3523 5618 3698 5688 βασι-

2111 5721 2266 5786 λεύςσ
2325 5718 2477 5788 οὗτος
2541 5723 2884 5777 ἐϐασίλευσεν
2932 5724 2988 5774 ἐν
3033 5715 3310 5788 ἑκατοστῷ
3350 5715 3442 5770 καὶ
3470 5709 3682 5781 ἔδδδὲιο

497 5897 632 5966 (65‘)
669 5899 794 5968 Qun
828 5907 1130 5970 sequuntur
1162 5901 1357 5956 melius
1381 5903 1535 5957 initio
1571 5907 1894 5977 paragraphi
1927 5911 2206 5979 sequentis
2249 5911 2662 5965 collocarentur.
