3836 6536
227 395 316 451 δυτι

1349 391 1776 449 FRAGMENTA
1816 395 1884 449 IN
1920 396 2292 453 DANIELEM.

3333 400 3436 454 666

235 513 457 584 Ἀμμὼν.
507 511 612 564 Kal
663 511 889 565 ἑκτενεῐ
932 511 1047 580 τὴν
1093 510 1260 580 χεῖρα
1289 513 1476 567 αὑτοῦ
1513 513 1612 568 ἐπὶ
1651 515 1762 582 τὴν

1868 526 2098 583 terram;
2120 528 2170 573 et
2198 528 2339 573 terra
2376 517 2596 589 Αἴθρη)ιὶ
2623 535 2723 572 non
2757 519 2856 574 erit
2888 520 2940 573 in
2971 515 3335 574 saluationem.
3369 517 3434 571 Et

224 606 354 678 γῆνο
381 605 472 658 καὶ
498 605 534 672 ή
564 603 638 672 γῆ
667 605 967 672 Αἰγύπτου
987 605 1096 657 οὐκ
1124 604 1296 657 ἐσται
1325 605 1412 670 εὶς
1439 605 1757 673 σωτηρίαν·

224 701 307 753 καὶ
353 697 641 766 κυριεύσει
687 695 756 748 ἐν
796 693 921 760 τοῖς
952 695 1318 764 ἀποκρύφοις
1349 695 1454 748 τοῦ
1483 697 1760 765 χρυσίου,

225 791 305 844 καὶ
337 789 434 844 τοῦ
465 787 768 857 ἀργυρίου,
803 787 901 840 καὶ
931 784 1081 840 πᾶσι
1113 785 1236 852 τοῖς
1267 786 1648 856 ἐπιθυμητοῖς
1674 791 1766 842 Al-

222 884 445 951 τύπτου,
473 879 566 934 καὶ
597 879 847 942 Λιϐύων,
887 877 985 932 καὶ
1018 878 1315 932 Αἰθιόπων
1353 878 1424 931 ἐν
1463 877 1587 945 τοῖς
1617 880 1762 948 ὀχυ-

217 973 461 1043 ρώμασιν
488 971 706 1026 αὐτῶν.

279 1084 504 1140 XXXIX.
546 1085 732 1140 Ταῦτα
760 1085 859 1157 μὲν
879 1079 975 1139 οῦν
999 1083 1172 1148 οῦτως
1193 1085 1222 1138 ό
1245 1084 1530 1156 προφήτης
1561 1081 1765 1154 διηγεῖ-

219 1195 296 1231 ται
321 1179 438 1250 περὶ
465 1177 556 1231 τοῦ
593 1177 981 1248 Ἀντιχρίστου,
1008 1177 1067 1240 ὃς
1087 1176 1238 1231 ἔσται
1267 1175 1508 1247 ἀναιδὴς,
1535 1174 1765 1246 πολεμος

220 1271 392 1342 τρύφος
445 1270 537 1324 καὶ
573 1269 856 1342 τύραννος,
889 1270 950 1334 ὃς
985 1270 1126 1342 ὑπὲρ
1149 1269 1353 1332 πάντας
1388 1267 1640 1340 βασιλεῖς,
1669 1267 1764 1322 καὶ

221 1362 376 1415 πάντα
413 1362 542 1414 Θεὸν
582 1361 863 1434 ἐπαρθεὶς,
899 1359 1242 1432 οἰκοδομήσει
1281 1359 1378 1431 τὴν
1412 1357 1764 1432 Ἰερουσαλὴμ

219 1453 370 1518 πόλιν,
402 1455 494 1506 καὶ⁵
521 1453 611 1507 τὸν
639 1455 764 1508 ναὸν
799 1455 1121 1524 ἀναστήσει·
1155 1452 1328 1523 τούτῳ
1361 1452 1765 1523 προσκυνήσου-

219 1562 290 1598 σιν
323 1545 392 1608 ὡς
428 1545 546 1617 Θεῷ
582 1547 632 1598 oi
674 1544 937 1609 ἀπειθεῖς,
978 1544 1074 1599 καὶ
1115 1542 1288 1613 τούτῳ
1315 1543 1443 1612 γόνυ
1469 1541 1760 1606 κλινοῦσιν,

218 1633 538 1699 ὑπονοοῦντες
579 1635 740 1689 αὐτὸν
780 1631 918 1688 εἶναι
967 1633 1056 1687 τὸν
1091 1635 1356 1706 Χριστόνν
1391 1629 1544 1698 οὗτος
1585 1631 1765 1688 ἀνελεῖ

217 1725 321 1788 τοὺς
342 1724 429 1778 δύο
465 1727 767 1797 μάρτυρας,
807 1723 900 1778 καὶ
928 1723 1265 1796 προδρόμους
1291 1725 1526 1795 Χριστοῦ
1555 1723 1762 1796 κηρύσ-

218 1834 383 1882 σοντας
407 1819 502 1891 τήν
541 1819 750 1886 ἔνδοξον
777 1817 941 1872 αὑτοῦ
975 1821 1069 1872 ἀπ’
1100 1819 1344 1890 οὐρανῶν
1371 1819 1664 1890 βασιλείαν⁸
1686 1819 1762 1883 ὡς

216 1909 368 1980 λέγει·
403 1914 508 1966 Kal
540 1913 712 1967 δώσω
732 1915 857 1982 τοῖς
887 1915 1029 1969 δυσὶ
1053 1913 1318 1984 μάρτυσι
1337 1931 1477 1983 μου,
1503 1913 1602 1966 καὶ
1627 1928 1760 1980 προ-

213 2006 598 2072 φητεύσουσιν
626 2006 852 2077 ἡμέρας
876 2007 1078 2076 χιλίας
1109 2006 1422 2071 διακοσίας
1445 2003 1757 2070 ἐξήκοντα,

213 2099 670 2168 περιϐεϐλημένοι
729 2099 1037 2167 σάκκους*
1092 2099 1274 2163 καθὼς
1321 2100 1412 2152 καὶ
1453 2097 1532 2168 τῷ
1565 2096 1759 2168 Δανιὴλ

212 2188 400 2261 εἴρηκε·
432 2191 539 2244 Καὶ
572 2190 844 2260 διαθήσει
881 2191 1175 2259 διαθήκην
1203 2189 1475 2255 πολλοῖς,
1505 2187 1760 2258 ἑϐδομὰς

207 2282 316 2348 μία,
365 2283 457 2336 καὶ
495 2284 671 2336 ἔσται
696 2284 767 2337 ἐν
793 2283 874 2350 τῷ
911 2285 1116 2354 ἡμίσει
1146 2281 1255 2350 τῆς
1280 2281 1623 2351 ἑϐδομάδος,
1657 2281 1761 2349 ἁρ-

211 2371 433 2437 θὴσεταί
450 2393 574 2445 μου
600 2377 638 2445 ὴ
671 2378 874 2442 θυσία,
914 2377 1011 2430 καὶ
1042 2378 1080 2445 ἡ
1110 2373 1371 2442 σπονδὴ,
1397 2375 1481 2428 ἵνα
1506 2373 1689 2444 δειχθῇ
1724 2373 1758 2444 ή

213 2464 296 2534 μία
331 2466 556 2538 ἑϐδομὰς
591 2469 673 2532 είς
701 2467 795 2521 δύο
827 2466 1188 2540 μεριζομένηο
1224 2467 1332 2520 τῶν
1368 2467 1466 2538 μὲν
1495 2465 1586 2518 δύο
1619 2483 1760 2538 μαρ-

209 2553 364 2625 τύρων
408 2558 532 2629 τρία
589 2559 758 2630 ἦμισυ
800 2559 893 2630 ἐτη
932 2559 1338 2630 κηρυσσόντων,
1365 2556 1457 2610 τοῦ
1491 2556 1547 2609 δὲ
1588 2557 1760 2610 Ἀντι-

210 2649 422 2719 χρίστου,
445 2651 506 2704 τὸ
533 2651 815 2706 ἐπίλοιπον
846 2655 946 2723 τῆς
971 2652 1260 2722 ἑϐδομάδος
1287 2651 1413 2714 τοὺς
1443 2649 1630 2718 ἁγίους
1657 2666 1757 2702 πο-

209 2741 486 2814 λεμοῦντος,
528 2749 625 2801 καὶ
647 2748 740 2801 τὸν
771 2747 973 2817 κόσμον
1001 2745 1354 2817 ἐρημοῦντος,
1386 2745 1471 2797 ἵνα
1497 2743 1755 2816 πληρωθῇ

206 2834 258 2885 τὸ
279 2836 549 2907 εἰρημένον
570 2854 586 2867 °
633 2837 743 2892 Kal
781 2835 1047 2891 δώσουσι
1070 2835 1388 2906 βδέλυγμα
1411 2834 1759 2905 ἐρημώσεως

209 2924 406 2994 ἡμέρας
434 2930 638 2997 χιλίας
665 2928 978 2994 διακοσίας
1005 2928 1388 2996 ἐνενήκοντα.

265 3016 364 3072 XL.
401 3021 503 3074 Δύο
543 3017 640 3074 οῦν
689 3021 1033 3093 βδελύγματα
1071 3021 1260 3093 εἴρηκε
1304 3019 1524 3090 Δανιὴλ,
1563 3017 1623 3071 ἓν
1661 3017 1758 3088 μὲν

207 3107 506 3182 ἀφανισμοῦ,
537 3110 600 3164 ἓν
633 3111 688 3164 δὲ
717 3111 1082 3184 ἐρημώσεωςο
1112 3114 1164 3165 τί
1195 3111 1256 3165 τὸ
1293 3111 1618 3182 ἀφανισμοῦ,
1643 3111 1756 3164 ἀλλ’

1865 609 2229 665 dominabitur
2257 611 2311 664 in
2337 609 2658 664 absconditis
2687 612 2806 664 auri
2847 621 2897 665 et
2921 613 3145 682 argenti,
3170 620 3218 664 et
3244 612 3298 664 in
3321 627 3434 664 om-

1864 699 2018 754 nibus
2051 702 2293 768 pretiosis
2326 699 2569 771 1Egypti,
2608 711 2657 756 et
2688 701 2930 773 Libyam,
2957 712 3008 756 et
3040 701 3354 773 Ethiopum
3379 703 3434 756 in

1862 795 2272 865 propugnaculis
2296 811 2497 849 eorum.

1931 1077 2176 1134 XXXIX.
2218 1078 2344 1135 Hzec
2373 1080 2537 1151 igitur
2576 1082 2839 1152 propheta
2877 1082 2950 1136 ita
2980 1093 3201 1138 enarrat
3229 1083 3294 1138 de
3319 1084 3430 1138 An-

1863 1163 2133 1230 tichristo,
2161 1167 2254 1236 qui
2280 1168 2384 1221 erit
2410 1169 2717 1238 impudens,
2751 1170 2875 1225 belli
2915 1173 3128 1238 avidus,
3165 1183 3217 1228 et
3241 1182 3426 1244 tyran-

1863 1273 1987 1324 nus,
2019 1258 2110 1327 qui
2143 1275 2307 1328 super
2336 1275 2527 1315 omnes
2565 1277 2718 1332 reges
2751 1278 3077 1333 omnemque
3110 1263 3276 1319 Deum
3314 1266 3428 1320 ela-

1861 1355 1972 1413 tus,
2007 1350 2192 1404 urbem
2226 1349 2528 1405 Jerusalem
2575 1352 2871 1422 reparabit,
2913 1363 2965 1408 et
2997 1355 3252 1423 templum
3285 1353 3432 1410 exci-

1861 1440 2029 1505 tabit;
2059 1441 2205 1495 hunc
2229 1441 2534 1498 adorabunt
2560 1444 2725 1498 veluti
2751 1443 2919 1500 Deum
2953 1445 3274 1510 refractarii,
3306 1445 3432 1500 huic

1863 1529 2243 1600 genuﬂectent,
2271 1532 2649 1588 existimantes
2671 1534 2846 1604 ipsum
2870 1549 2991 1590 esse
3009 1533 3317 1599 Christum;
3343 1533 3432 1588 hic

1861 1616 2001 1672 duos
2024 1626 2188 1674 testes
2215 1627 2269 1673 et
2296 1618 2497 1674 Christi
2527 1637 2911 1690 praecursores,
2943 1624 3234 1690 gloriosum
3261 1624 3432 1694 ipsius

1861 1722 1893 1762 e
1925 1710 2080 1764 cmlis
2111 1725 2333 1778 regnum
2367 1713 2742 1780 pra-dicantcs,
2775 1715 2840 1768 de
2868 1715 3046 1769 medio
3087 1715 3261 1779 tollet;
3291 1715 3434 1769 sicut

1862 1801 1978 1856 ait:
2015 1802 2081 1856 Et
2115 1804 2248 1856 dabo
2289 1805 2490 1858 duobus
2527 1805 2742 1860 testibus
2777 1808 2925 1872 meis,
2962 1816 3011 1861 et
3052 1807 3431 1877 prophetabunt

1792 1875 2040 1947 Bdiebus
2094 1895 2238 1948 mille
2297 1896 2537 1950 ducentis
2595 1899 2892 1967 sexaginta,
2957 1875 3156 1952 amicti
3193 1897 3428 1962 saccis‘;

1858 1988 2315 2056 quemadmodum
2344 1997 2399 2042 et
2425 1987 2636 2044 Danieli
2672 1990 2808 2044 dixit
2839 2010 2852 2045 :
2883 1989 2951 2043 Et
2982 1991 3316 2059 conﬁrmabit
3337 2008 3433 2060 pa-

1859 2087 2000 2132 ctum
2039 2079 2221 2133 multis
2254 2079 2581 2134 Itebdomada
2616 2098 2756 2148 una,
2791 2092 2840 2135 et
2868 2083 2968 2136 erit
3005 2083 3060 2135 in
3092 2083 3313 2136 dimidio
3340 2083 3431 2135 he—

1859 2170 2156 2234 bdomadis,
2187 2173 2456 2242 auferetur
2475 2175 2799 2242 sacri/icium
2828 2190 2998 2228 meum
3032 2185 3080 2228 et
3109 2173 3356 2239 libamen,
3377 2183 3435 2228 ut

1859 2262 2178 2318 ostendatur
2215 2280 2321 2319 una
2372 2265 2709 2320 hebdomada
2763 2265 2817 2319 in
2869 2265 3006 2320 duas
3043 2265 3239 2320 divisa.
3295 2263 3432 2319 Nam

1858 2351 1967 2406 duo
1993 2354 2210 2422 quidem
2245 2362 2410 2409 testes
2444 2355 2618 2410 tribus
2646 2372 2770 2410 cum
2801 2356 3026 2410 dimidio
3055 2359 3213 2412 annis
3239 2358 3434 2427 praedi-

1858 2447 2082 2514 cabunt,
2127 2447 2180 2502 in
2233 2449 2444 2517 reliquo
2494 2465 2622 2504 vero
2664 2450 3016 2526 hebdqmadae
3063 2451 3432 2508 Antichristus

1859 2549 2080 2595 sanctos
2123 2540 2264 2594 bello
2307 2550 2683 2611 persequetur,
2729 2543 3099 2612 mundumque
3138 2543 3430 2610 desolabit,

1857 2642 1920 2688 ut
1941 2633 2319 2704 adimpleatur,
2355 2633 2498 2703 quod
2522 2633 2724 2689 dictum
2750 2645 2834 2689 est
2862 2655 2873 2688 :
2909 2633 2975 2688 Et
3003 2637 3202 2689 dabunt
3229 2636 3432 2690 abomi-

1860 2727 2124 2781 nationem
2169 2727 2512 2781 desolationis
2565 2726 2748 2781 diebus
2794 2728 2936 2782 mille
2977 2729 3214 2784 ducentis
3262 2746 3432 2784 nona-

1859 2819 2034 2889 ginta.

1927 3017 2042 3072 XL.
2088 3017 2230 3074 Duas
2269 3017 2434 3089 igitur
2475 3019 2910 3076 abominationes
2943 3021 3196 3091 praedixit
3221 3020 3432 3088 Daniel,

1859 3121 2022 3163 unam
2037 3109 2252 3180 quidem
2267 3109 2904 3176 destructionis,alteram
2919 3126 3047 3164 vero
3059 3110 3432 3166 desolationis.

207 3201 527 3274 ήὸἐστησεν
560 3205 682 3257 ἐκεῖ
719 3205 861 3258 κατὰ
890 3205 980 3258 τὸν
1020 3203 1208 3275 καιρὸν
1245 3205 1544 3274 Ἀντίοχος;
1584 3203 1678 3256 καὶ
1703 3203 1756 3256 τί

1868 3199 2118 3266 Quianam
2134 3209 2214 3255 est
2228 3200 2317 3254 illa
2333 3200 2740 3267 destructionis,
2756 3202 2861 3256 nisi
2878 3217 3040 3271 quam
3059 3201 3130 3255 ibi
3144 3201 3208 3255 ad
3225 3210 3436 3272 tempus

207 3293 361 3364 τὸτῆς
399 3295 759 3368 ἐρημώσεως,
804 3296 978 3369 ἀλλ’ἢ
1033 3297 1260 3350 καθόλου
1307 3297 1381 3360 ὡς
1431 3296 1700 3368 παρέσται
1729 3298 1758 3350 ὁ

217 3385 593 3458 ’Δντίχριστοςς
651 3387 761 3442 Kal
808 3385 974 3444 οὗτοι
1015 3387 1393 3454 σωθήσονται
1442 3388 1510 3440 ἐκ
1565 3386 1759 3455 χειρός

206 3477 387 3541 αὐτοῦ,
423 3479 636 3548 Ἐδὼμ,
662 3479 761 3534 καὶ
785 3478 983 3540 Μωέιϐ,
1007 3477 1107 3530 καὶ
1135 3477 1290 3546 ἀρχὴ
1318 3476 1464 3531 υἱῶν
1504 3475 1755 3546 Ἀμμών.

205 3562 340 3622 Οὗτοι
367 3570 472 3639 γάρ
499 3574 644 3624 εἰσιν
689 3573 736 3624 οἱ
781 3570 1162 3642 συνερχόμενοι
1207 3569 1355 3639 αὑτῷ
1386 3569 1474 3622 διά
1505 3570 1603 3640 τὴν
1633 3585 1761 3638 συγ-

206 3658 412 3725 γένειαν,
442 3664 535 3716 καὶ
566 3663 793 3734 βασιλέα
818 3664 978 3718 αὑτὸν
1007 3662 1213 3734 πρῶτοι
1241 3663 1684 3734 ἀναγορεύοντες·
1710 3661 1759 3715 οἱ

207 3748 289 3816 μὲν
334 3751 506 3823 Ἐδὼμ
550 3753 693 3806 εἰσὶν
725 3754 829 3806 υἱοὶ
869 3752 1037 3806 Ἠσαῦ
1064 3754 1112 3805 oi
1141 3752 1517 3816 κατοικοῦντες
1549 3752 1608 3804 τὸ
1638 3752 1762 3823 ὅρος

204 3839 373 3914 Σηείρο
403 3845 579 3898 Μωάϐ
620 3844 675 3898 δὲ
712 3846 806 3898 καὶ
845 3844 1089 3916 Ἀμμὼν,
1120 3847 1168 3898 οἱ
1194 3848 1258 3898 ὲκ
1281 3844 1391 3898 τῶν
1413 3843 1505 3896 δύο
1539 3842 1764 3912 θυγατὲ-

206 3948 296 4000 ρων
326 3937 485 3990 αὐτοῦ
514 3938 928 4009 γεγενν-ημένοι,
955 3938 1031 4002 ὡς
1055 3939 1150 3993 καὶ
1200 3937 1424 4000 Ἡσαΐας
1447 3936 1628 4005 λέγει’
1652 3935 1765 3989 Kal

205 4030 665 4097 πετασθιήσονται
701 4029 771 4082 ἐν
794 4031 1030 4096 πλοίοις
1057 4031 1424 4098 ἀλλοφύλων
1448 4028 1766 4082 θάλασσαν

203 4114 304 4184 ἄμα
331 4121 840 4190 προνομεύσουσι,
873 4122 970 4175 καὶ
994 4124 1046 4174 οὶ
1073 4121 1190 4175 ἀπὸ
1219 4119 1533 4176 ἀνατολῶν
1563 4121 1763 4188 ἡλίου,

203 4207 286 4259 καὶ
309 4213 358 4263 οί
390 4212 506 4265 ἀπὸ
539 4212 815 4281 δυσμῶν,
859 4213 958 4266 καὶ
989 4211 1206 4282 βορρᾶ,
1245 4213 1512 4268 δώσουσι
1542 4213 1762 4277 δόξαν·

203 4300 248 4350 ol
281 4299 341 4353 δὲ
370 4303 485 4357 υἱοὶ
543 4304 781 4373 Ἀμμὼν
826 4303 1044 4372 πρῶτοι
1085 4307 1553 4360 ὑπακούσονται.
1599 4300 1767 4370 Οὗτος

202 4388 278 4441 ὑπ’
310 4392 480 4447 αὐτῶν
529 4394 788 4464 βασιλεὺς
829 4394 1237 4466 ἀναγορευθεὶς,
1287 4395 1380 4448 καὶ
1412 4395 1518 4448 ὑπὸ
1552 4396 1769 4450 πάντων

201 4478 478 4548 δοξασθεὶς,
501 4486 600 4539 καὶ
633 4484 904 4556 βδέλυγμα
933 4484 1263 4557 ἐρημώσεως
1287 4485 1367 4556 τῷ
1397 4487 1586 4558 κόσμῳ
1615 4505 1769 4558 γενη-

203 4569 300 4636 98".;
335 4578 602 4649 κρατήσει
643 4576 860 4650 ἡμέρας
903 4576 1079 4649 χιλίας
1117 4578 1396 4642 διακοσίας
1425 4581 1762 4649 ἐνενήκοντα.

203 4665 482 4736 Μακάριος
515 4672 549 4724 ό
582 4670 938 4738 ὑπομείνας,
989 4669 1089 4725 καὶ
1137 4669 1376 4738 φθάσας
1413 4672 1500 4736 εὶς
1542 4668 1768 4740 ἡμέρας

203 4757 381 4825 χιλίας
413 4760 765 4828 τριακοσίας
797 4759 1119 4829 τριάκοντα
1155 4759 1367 4814 πέντεο
1394 4760 1488 4813 τοῦ
1517 4759 1625 4832 γὰρ
1651 4760 1769 4831 βδε-

203 4842 452 4918 λύγματος
509 4850 994 4921 παραγενομένου,
1067 4851 1162 4904 καὶ
1223 4849 1584 4921 πολεμοῦντος
1642 4850 1771 4914 τοὺς

205 4936 390 5005 ἁγίους,
425 4941 484 5006 ὃς
517 4941 586 4995 ἂν
620 4942 832 5013 ὑπερϐῇ
865 4941 964 5005 τὰς
993 4941 1203 5015 ἡμέρας
1231 4941 1417 5004 αὐτοῦ,
1452 4942 1542 4994 καὶ
1575 4941 1770 5014 ὲγγίσῃ

204 5028 269 5090 εἰς
301 5031 507 5102 ἡμέρας
543 5033 957 5103 τεσσαράκοντα
1001 5033 1181 5097 πέντε,
1223 5032 1414 5102 ἐτέρας
1445 5032 1769 5104 ὲγγιζούσης

203 5125 582 5194 πεντηκοστῆς,
623 5123 857 5194 ἔφθασεν
894 5126 927 5195 ή
972 5123 1218 5195 βασιλεία
1242 5125 1350 5178 τῶν
1376 5124 1646 5196 οὐρανῶν·
1678 5125 1770 5194 ἕρ-

203 5226 336 5280 χεται
379 5217 478 5286 μὲν
511 5218 541 5270 ό
593 5216 976 5286 Ἀντίχριστος,
1006 5217 1101 5270 καὶ
1133 5218 1212 5280 εἰς
1243 5215 1407 5288 μέρος
1436 5216 1534 5286 τῆς
1566 5233 1764 5289 πεντη-

1861 3291 2051 3346 statuit
2075 3291 2412 3356 Antiochus?
2442 3307 2563 3361 qua:
2590 3307 2719 3346 vero
2756 3291 3129 3355 desolationis,
3172 3291 3278 3346 nisi
3317 3307 3440 3361 qua:

1859 3383 1965 3437 erit
1981 3383 2181 3452 ubique
2203 3383 2472 3448 locorum,
2497 3383 2715 3454 quando
2731 3383 2907 3438 aderit
2931 3382 3344 3437 Antichristus?
3369 3381 3438 3434 Et

1860 3479 1913 3532 Ιιί
1928 3476 2484 3531 saluabunluremanu
2498 3477 2685 3542 ipsius,
2710 3475 2896 3540 Edom,
2916 3485 2964 3529 et
2987 3475 3163 3538 Moab,
3183 3483 3230 3528 et
3246 3475 3440 3544 princio

1859 3571 2004 3640 pium
2017 3569 2250 3637 ﬁliorum
2269 3571 2512 3630 Ammon;
2529 3567 2736 3622 hienim
2757 3578 2904 3633 sunt,
2924 3568 3015 3637 qui
3032 3582 3150 3622 sese
3167 3567 3267 3637 ipsi
3286 3583 3440 3637 prop-

1860 3669 1943 3714 ter
1970 3658 2459 3727 consanguinitatis
2489 3659 2940 3714 necessitudinem
2961 3661 3302 3721 consociant.
3328 3659 3439 3730 pri-

1861 3751 2046 3820 mique
2073 3750 2246 3819 ipsum
2268 3766 2447 3820 regem
2469 3752 2819 3821 appellantes.
2838 3750 3058 3806 ldumaei
3075 3752 3294 3822 quidem
3313 3760 3441 3805 sunt

1865 3841 1958 3896 lilii
1987 3841 2128 3895 Esau
2156 3842 2208 3894 in
2233 3850 2422 3896 monte
2455 3842 2575 3896 Scir
2603 3843 2940 3910 habitantes;
2967 3844 3211 3899 Moabita:
3234 3861 3360 3899 vero
3386 3855 3438 3898 et

1863 3933 2212 3998 Ammonitae,
2253 3933 2345 4002 qui
2377 3949 2443 3987 ex
2478 3934 2694 3989 duabus
2724 3936 2896 4006 ipsius
2927 3937 3051 3992 [iliis
3088 3947 3216 3992 sunt
3242 3953 3442 4010 propa-
3503 3965 3508 3968 -

1864 4026 1996 4094 gati,
2027 4027 2169 4080 sicut
2195 4026 2357 4080 etiam
2393 4027 2566 4081 Isaias
2595 4026 2760 4081 dicit:
2791 4027 2860 4080 Et
2883 4029 3158 4083 extendent
3189 4047 3242 4083 se
3269 4030 3323 4082 in
3345 4047 3439 4082 na-

1864 4116 2015 4170 uibus
2049 4115 2486 4186 alienigenarum,
2532 4115 2692 4170 simul
2720 4133 2863 4171 mare
2895 4117 3356 4186 deprwdabuntur,
3391 4126 3442 4170 et

1865 4210 1955 4280 qui
1981 4215 2046 4262 ab
2069 4221 2188 4264 ortu
2213 4209 2362 4272 solis,
2389 4209 2477 4278 qui
2511 4208 2574 4261 ab
2598 4209 2864 4264 occidente
2887 4219 2936 4264 et
2967 4210 3209 4280 aquilone
3241 4209 3440 4263 dabunt

1867 4301 2118 4371 gloriam,
2152 4299 2253 4368 ﬁlii
2291 4316 2409 4353 vero
2446 4301 2672 4353 Ammon
2711 4301 2870 4369 primi
2912 4301 3146 4355 obedient
3172 4304 3211 4356 '.
3247 4299 3346 4356 Hic
3373 4302 3443 4356 ab

1867 4391 2000 4462 ipsis
2041 4407 2135 4446 rex
2173 4392 2467 4456 salutatus,
2515 4399 2570 4446 et
2616 4393 2684 4447 ab
2714 4393 2971 4449 omnibus
3011 4394 3363 4465 glorit‘tcatus,
3391 4403 3444 4449 et

1870 4481 2074 4538 mundo
2096 4482 2428 4538 abominatio
2448 4484 2802 4540 desolationis
2819 4484 3062 4552 effectus,
3085 4487 3276 4542 diebus
3299 4485 3444 4540 mille

1797 4559 1845 4619 Ῑ)
1869 4573 2118 4628 ducentis
2151 4575 2445 4645 nonaginta
2475 4575 2866 4632 dominabitur.
2898 4577 3096 4632 Beatus
3143 4579 3232 4648 qui
3279 4578 3444 4631 susti-

1871 4669 2042 4721 nuerit
2078 4684 2238 4738 usque
2260 4668 2327 4720 ad
2351 4667 2462 4723 dies
2491 4669 2635 4724 mille
2662 4679 2915 4724 trecentos
2940 4672 3162 4740 triginta
3185 4671 3445 4740 quinque:

1871 4772 1995 4811 nam
2033 4757 2439 4813 abominatione
2478 4759 2820 4822 adveniente,
2861 4769 2914 4814 et
2945 4769 3164 4815 sanctos
3193 4768 3444 4822 vexante,

1872 4849 2187 4920 quicunque
2211 4850 2360 4904 illius
2376 4850 2493 4905 dies
2515 4851 2876 4921 superaverit.
2898 4860 2951 4906 et
2969 4849 3256 4906 accesserit
3277 4863 3450 4920 prope

1871 4941 1938 4995 ad
1963 4942 2079 4996 dies
2100 4943 2457 5013 quadraginta
2493 4943 2759 5013 quinque,
2790 4942 2914 4998 aliis
2936 4942 3333 5013 quinquaginta
3355 4955 3446 4994 ac-

1873 5033 2215 5098 cedentibus,
2255 5031 2506 5087 adveniet
2545 5049 2770 5104 regnum
2817 5034 3103 5089 cmlorum.
3137 5031 3295 5086 Venit
3325 5031 3446 5101 qui-

1872 5126 1995 5181 dem
2027 5127 2396 5182 Antichristus
2429 5126 2589 5181 etiam
2627 5127 2679 5181 in
2704 5136 2912 5196 partem
2947 5117 3442 5196 quinquagesimae;

1874 5236 2100 5290 regnum
2132 5235 2261 5275 vero
2287 5219 2462 5275 sancti
2490 5235 2614 5275 cum
2644 5219 2872 5290 Christo
2896 5217 3265 5275 haereditaturi
3294 5225 3443 5272 sunt.

203 5306 404 5377 κοστῆς,
431 5307 534 5380 τὴν
564 5308 623 5360 δὲ
651 5307 923 5378 βασιλείαν
950 5309 996 5360 οἱ
1031 5307 1175 5377 amo;
1217 5310 1333 5379 ἅμα
1374 5307 1596 5380 Χριστῷ
1634 5309 1987 5383 κληρονομεῖν
2017 5312 2288 5382 μέλλουσι.

265 5395 394 5454 XLI.
434 5399 658 5454 Τούτων
703 5399 876 5465 οὕτως
923 5401 1229 5474 εἰρημένων
1250 5440 1265 5465 ,
1295 5401 1442 5470 λέγει
1471 5401 1499 5454 ό
1533 5400 1763 5471 Δανιήλ-

1941 5403 2079 5458 XLl.
2123 5403 2219 5460 llis
2265 5403 2338 5458 ita
2380 5405 2670 5471 enarratis,
2715 5404 2791 5459 ait
2836 5402 3065 5458 Daniel:
3097 5400 3165 5455 Et
3199 5418 3314 5457 ecce
3341 5402 3448 5456 duo

205 5495 298 5547 Kal
337 5495 462 5550 ιδοὺ
510 5496 624 5550 δύο
666 5495 881 5564 ἄνδρες
923 5494 1319 5562 εὶστήκασαν,
1365 5489 1454 5560 εἷς
1490 5493 1762 5548 ἐντεῦθεν

1869 5495 1970 5548 viri
1999 5504 2278 5562 steterunt,
2305 5513 2438 5548 unus
2456 5495 2576 5550 hinc
2597 5513 2751 5566 super
2772 5496 2942 5564 ripam
2963 5493 3222 5564 fluminis,
3243 5502 3291 5547 et
3309 5491 3447 5546 alius

207 5585 298 5639 τοῦ
335 5590 586 5658 χείλους
618 5589 724 5643 τοῦ
756 5587 1044 5658 ποταμοῦ,
1092 5588 1190 5642 καὶ
1219 5583 1307 5654 εἷς
1337 5586 1638 5650 ἐντεῦθεν,
1669 5586 1762 5644 καί

1872 5585 2014 5648 inde,
2061 5594 2110 5639 et
2155 5585 2530 5655 responderunt
2580 5586 2691 5640 viro
2763 5585 2856 5656 qui
2895 5586 3070 5638 stabat
3099 5599 3255 5653 super
3282 5597 3447 5652 aquas

206 5674 612 5747 ἀπεκρίθησαν
639 5677 720 5744 τῷ
741 5676 914 5746 ἀνδρὶ
940 5675 1020 5743 τῷ
1045 5677 1326 5748 ἑστηκότι
1355 5677 1453 5732 ἐπὶ
1482 5675 1548 5732 τὸ
1568 5675 1762 5748 χεῖλος

1873 5677 2130 5747 ﬂuminis,
2158 5689 2207 5734 et
2239 5679 2487 5735 dixerunt
2512 5679 2596 5735 illi
2624 5693 2642 5734 :
2679 5675 2954 5749 Usquequo
2988 5675 3112 5746 ﬁnis
3149 5688 3448 5745 sermonum

270 5860 284 5890 ¹
313 5861 476 5930 Apoc.
509 5874 591 5928 xx,
618 5859 671 5916 5.
748 5863 768 5894 ⁹
799 5859 904 5916 lsa.
931 5876 1012 5930 XI,
1046 5863 1130 5919 li.
