3836 6508
377 363 483 422 667

1288 359 1341 414 S.
1383 360 1744 416 IIIPPOLYTI
1777 359 1927 414 OPP.
1963 357 2142 415 PARS
2175 359 2216 415 Ι.
2251 391 2320 400 -
2357 356 2768 416 EXEGETICA.

3517 354 3609 410 668

383 477 730 543 mirabilium,
778 493 906 546 quos
945 474 1151 528 locutus
1192 476 1282 528 es?
1323 473 1387 526 Et
1432 473 1611 527 audivi
1640 474 1829 538 virum,
1856 473 1995 542 qui!

2084 471 2150 524 οῦ
2171 471 2458 541 ποταμοῦ,
2484 471 2581 526 καὶ
2604 467 2784 524 εἷπαν
2809 459 2986 535 αὐτῷ·
3009 469 3156 534 Ἕως
3175 467 3319 522 πότε
3341 467 3406 522 τὸ
3437 471 3610 539 πέρας

380 573 596 624 indutus
627 581 739 622 erat
761 568 976 634 baddin,
1003 568 1091 636 qui
1127 567 1299 618 stabat
1327 582 1480 634 super
1504 582 1666 634 aquas
1693 563 1950 633 ﬂuminis,

383 674 430 716 et
466 662 686 716 elevavit
715 662 980 713 dexteram
1010 675 1182 720 suam,
1211 668 1258 710 et
1289 659 1563 710 sinistrum
1595 657 1648 709 in
1676 655 1880 722 cadum,
1903 665 1952 708 et

377 753 582 821 juravit
609 769 700 821 per
719 751 970 804 viventem
1004 751 1057 802 in
1086 759 1341 803 wternum
1367 765 1385 801 :
1415 751 1539 819 quia
1567 749 1621 801 in
1651 757 1870 818 tempus,
1903 757 1952 801 et

389 853 644 911 tempora,
668 851 716 895 et
745 840 1026 894 dimidium
1057 839 1325 908 temporis,
1357 857 1474 892 cum
1507 839 1764 908 completa
1794 839 1952 908 fuerit

385 933 662 1002 dispersio,
693 940 1066 1001 cognoscentur
1098 931 1335 982 universa
1365 931 1494 983 Ιιωε.

2057 561 2175 615 τῶν
2203 565 2399 632 λόγων
2439 561 2557 616 τῶν
2598 560 2956 631 θαυμαστῶν
3001 554 3088 614 ὧν
3131 561 3478 628 iucundae;
3523 566 3610 618 καὶ

2057 659 2294 728 ἥκουσα
2324 657 2430 710 τοῦ
2459 656 2677 724 ἀνδρὸς
2705 655 2810 709 τοῦ
2849 653 3246 722 ἐνδεδυμένον
3279 654 3346 708 τὸ
3378 655 3612 719 βαδδίν.

2059 749 2127 816 ὃς
2149 745 2226 819 ἦν
2251 746 2450 802 ἐπάνω
2475 747 2580 800 τοῦ
2605 747 2821 812 ὕδατος
2839 747 2945 800 τοῦ
2977 746 3266 815 ποταμοῦ,
3291 745 3394 800 καὶ
3417 747 3615 815 We

2057 840 2171 907 τὴν
2212 839 2416 904 δεξιὰν
2457 839 2666 902 αὑτοῦ,
2713 839 2810 892 καὶ
2841 838 2957 906 τὴν
2987 837 3308 906 ἀριστερὰν
3329 839 3518 892 αὐτοῦ
3539 841 3615 904 εὶς

2057 929 2164 983 τόν
2200 929 2478 997 οὐρανὸν,
2522 928 2618 981 καὶ
2657 927 2893 996 ὤμοσεν
2935 928 3005 980 ἐν
3041 927 3120 993 τῷ
3157 926 3322 988 ζῶντι
3357 930 3448 993 εις
3484 927 3616 994 τοὺς

384 1025 624 1092 αἰῶνας,
653 1024 741 1077 ὅτι
775 1026 860 1089 εις
901 1023 1132 1092 καιρόν,
1168 1021 1430 1090 καιροὺς,
1455 1021 1552 1076 καὶ
1582 1021 1770 1089 ἣμισυ
1805 1021 2034 1090 καιροῦ,
2063 1021 2132 1074 ἐν
2156 1020 2236 1088 τῷ
2263 1019 2737 1088 συντελεσθῆναι
2767 1019 3261 1088 διασκορπισμὸν,
3297 1019 3618 1090 γνώσονται

387 1121 576 1176 ταῦτα
611 1119 825 1172 πάντα.

461 1216 620 1270 XLII.
665 1215 897 1282 Quinam
934 1223 1116 1270 autem
1147 1221 1302 1268 erant
1326 1213 1434 1267 duo
1469 1212 1592 1277 viri,
1623 1213 1714 1283 qui
1739 1212 1956 1268 stabant

390 1309 531 1378 apud
557 1308 729 1377 ripam
765 1306 1026 1370 ﬂuminis,
1065 1305 1168 1360 nisi
1198 1305 1285 1360 lex
1322 1312 1376 1359 et
1406 1303 1716 1373 prophetae?
1754 1313 1807 1358 et
1833 1305 1957 1374 quis

392 1409 529 1462 erat,
559 1400 652 1469 qui
679 1400 859 1454 stabat
889 1414 1053 1468 super
1083 1414 1304 1468 aquam,
1331 1397 1436 1450 nisi
1469 1397 1556 1452 hic
1585 1397 1719 1466 ipse,
1751 1398 1818 1452 de
1848 1412 1957 1466 quo

392 1492 493 1562 ipsi
526 1493 653 1546 olim
689 1491 1116 1562 prophetarum;
1147 1490 1238 1558 qui
1283 1488 1593 1543 novissimis
1624 1489 1958 1558 temporibus

392 1585 448 1638 in
478 1583 715 1638 Jordane
755 1581 1044 1638 manifeste
1087 1580 1454 1634 testimonium
1491 1587 1814 1648 accepturus
1842 1587 1959 1632 erat

395 1693 426 1731 a
453 1675 632 1738 Patre,
662 1685 715 1730 et
749 1692 777 1728 a
807 1674 1014 1728 Joanne
1045 1674 1242 1744 populo
1277 1672 1502 1726 ﬁdenter
1527 1679 1644 1724 erat
1670 1669 1956 1724 ostenden-

2129 1206 2292 1264 XLII.
2367 1206 2523 1268 Τίνες
2565 1199 2658 1258 οὗν
2700 1199 2837 1275 ἦσαν
2879 1205 2928 1256 οἱ
2967 1202 3060 1256 δύο
3093 1202 3283 1273 ἄνδρες
3321 1203 3370 1256 oi
3398 1202 3620 1266 ἑστῶτες

2062 1299 2213 1372 παρά
2239 1299 2300 1352 τὸ
2330 1299 2504 1369 χεῖλος
2547 1297 2638 1350 τοῦ
2681 1295 2944 1366 ποταμοῦ,
2982 1295 3152 1364 ἀλλ’ἢ
3185 1297 3214 1347 ό
3237 1294 3398 1364 νόμος
3443 1293 3540 1347 καὶ
3578 1295 3620 1347 οἱ

2064 1391 2367 1464 προφῆται;
2407 1390 2501 1443 καὶ
2542 1388 2626 1452 τίς
2658 1383 2726 1458 ἦν
2751 1389 2778 1440 ὁ
2811 1387 2982 1451 ἑστὼς
3010 1387 3192 1440 ἐπάνω
3217 1387 3310 1440 τοῦ
3340 1387 3550 1450 ὓδατος,
3581 1388 3621 1438 εί

2067 1485 2140 1556 μὴ
2167 1483 2327 1545 αὐτὸς
2356 1475 2508 1544 οὗτος
2533 1479 2659 1550 περὶ¹
2682 1474 2742 1533 οὗ
2768 1479 2917 1532 αὐτοὶ
2942 1478 3104 1531 πάλαι
3135 1477 3544 1550 προεκήρυξανς
3573 1477 3623 1542 ὃς

2064 1569 2284 1640 ἔμελλεν
2323 1569 2407 1622 ἐπ’
2437 1567 2676 1639 ἐσχάτων
2711 1567 2804 1620 ἐπὶ
2829 1565 2906 1636 τῷ
2950 1566 3186 1639 Ἰορδάνῃ
3234 1567 3484 1639 φανερῶς
3531 1566 3624 1620 ὑπὸ

2062 1660 2155 1713 τοῦ
2181 1659 2394 1732 Πατρὸς
2435 1659 2842 1732 μαρτυρεῖσθαι,
2877 1659 2969 1712 καὶ
3000 1658 3102 1711 ὑπὸ
3139 1658 3381 1711 Ἰωάννου
3415 1657 3494 1729 τῷ
3520 1658 3626 1730 λαῷ

393 1769 519 1830 dus,
551 1769 640 1838 qui
665 1767 814 1836 hasty
847 1768 1034 1821 scriba:
1068 1767 1209 1819 circa
1247 1780 1389 1818 renes
1429 1761 1646 1833 ferebat,
1677 1773 1724 1816 et
1763 1761 1958 1840 buddin

2084 1750 2344 1823 παρρησίᾳ
2387 1750 2714 1805 δείκνυσθαι·
2743 1753 2774 1804 ό
2797 1749 2863 1802 τὸ
2887 1749 3082 1803 κάστυ
3120 1749 3226 1802 τοῦ
3255 1749 3620 1827 γραμματέως

398 1863 582 1916 tunica
611 1863 773 1916 variis
799 1861 1061 1915 coloribus
1089 1861 1343 1913 distincta
1375 1868 1489 1912 erat
1515 1857 1752 1910 indutus.
1777 1837 1842 1908 I'Ii
1865 1856 1967 1925 igi-

395 1963 487 2008 tur
519 1954 1032 2022 interrogantxeum,
1067 1951 1298 2006 scientes
1320 1949 1464 2019 quod
1493 1948 1594 2016 ipsi
1621 1947 1804 2001 datum
1827 1953 1970 2000 εεερι

397 2059 558 2100 οιιιιιο
591 2043 876 2113 imperium
912 2053 964 2096 et
997 2047 1259 2110 potestas,
1295 2049 1354 2093 ut
1382 2044 1632 2092 accurate
1665 2035 1878 2090 discant
1901 2033 1970 2088 ab

397 2150 486 2198 eo,
537 2136 756 2204 quando
796 2134 1062 2203 judicium
1113 2132 1180 2186 de
1212 2130 1416 2184 mundo
1447 2135 1591 2184 esset
1621 2127 1888 2190 facturus,
1918 2133 1972 2178 et

397 2241 511 2295 quo
539 2235 798 2295 tempore,
825 2241 947 2296 quae
971 2225 1039 2279 ab
1063 2225 1178 2295 ipso
1197 2224 1404 2278 elocuta
1421 2229 1596 2285 erant,
1625 2216 1968 2288 adimplenda

398 2317 598 2374 forent.
624 2319 718 2376 Ille
747 2335 877 2374 vero
906 2319 1092 2373 volens
1133 2332 1227 2372 eos
1263 2317 1488 2371 omnino
1517 2323 1694 2368 certos
1719 2313 1965 2376 reddere,

398 2411 632 2466 elevavit
659 2413 934 2468 dexteram
967 2426 1144 2476 suam,
1173 2417 1224 2464 et
1253 2408 1534 2462 sinistram
1577 2405 1632 2459 in
1663 2404 1885 2468 cmlum,
1913 2409 1969 2456 et

395 2501 602 2572 juravit
635 2518 731 2571 per
764 2493 1030 2556 viventem
1082 2501 1136 2553 in
1169 2507 1452 2554 aeternum.
1494 2496 1646 2562 Quis.
1680 2510 1775 2566 per
1805 2508 1968 2563 quem

395 2593 642 2664 juravit?
683 2593 854 2647 Filius
887 2593 1132 2647 videlicet
1159 2607 1256 2661 per
1285 2590 1525 2654 Patrem,
1566 2588 1791 2643 dicens:
1823 2586 1970 2642 Vivit

403 2683 566 2738 Pater
597 2683 649 2736 in
681 2693 965 2748 aeternum,
1002 2682 1110 2736 nisi
1153 2682 1206 2736 in
1249 2691 1483 2749 tempus,
1518 2688 1572 2732 et
1616 2687 1882 2747 tempora,
1917 2681 1972 2730 et

403 2774 690 2830 dimidium
721 2773 1001 2843 temporis,
1039 2789 1162 2828 cum
1192 2773 1458 2843 completa
1495 2770 1659 2825 fuerit
1681 2768 1968 2839 dispersio,

403 2874 800 2937 cognoscentur
825 2867 940 2920 haec
967 2865 1171 2920 omnia.

2064 1843 2196 1911 περὶ
2231 1843 2344 1910 τὴν
2373 1843 2571 1912 ὀσφὺν
2594 1842 2807 1912 φέρων,
2838 1839 2937 1894 καὶ
2969 1839 3034 1893 τὸ
3060 1839 3282 1903 ,ϐαδδὶν
3309 1839 3420 1892 τὸν
3447 1841 3627 1894 ποικί-

2064 1936 2178 1987 λον
2207 1931 2427 2000 χιτῶνα
2474 1929 2886 1998 ἐνδεδυμένος.
2935 1921 3093 1980 Οὗτοι
3139 1923 3231 1980 οὖν
3276 1927 3627 1980 πυνθάνονται

2066 2024 2250 2089 αὑτοῦ,
2284 2024 2480 2087 εἰδότες
2509 2024 2590 2076 ὃτι
2621 2021 2769 2091 αὐτῷ
2797 2019 2950 2090 ἐδόθη
2995 2021 3145 2073 πᾶσα
3185 2019 3327 2091 ἁρχὴ
3362 2019 3460 2072 καὶ
3487 2018 3628 2083 ἐξου-

2071 2115 2188 2168 σία·
2231 2115 2319 2168 ἵνα
2366 2113 2576 2186 μάθωσι
2621 2113 2748 2183 παρ’
2789 2111 2950 2166 αὐτοῦ
2995 2110 3235 2182 ἀκριϐῶς
3277 2109 3407 2162 πότε
3460 2109 3630 2180 μέλλει

2069 2209 2295 2276 ἐπάγειν
2322 2206 2400 2278 τῷ
2427 2206 2613 2278 κόσμῳ
2642 2207 2740 2277 τὴν
2763 2207 2962 2278 κρίσιν,
2999 2205 3092 2258 καὶ
3117 2204 3244 2256 πότε
3269 2204 3337 2257 τὰ
3363 2204 3460 2255 ὑπ’
3479 2200 3632 2254 αὐτοῦ

2069 2301 2265 2372 λελαλη
2275 2300 2410 2371 μένα
2445 2298 2861 2370 πληρωθήσεται
2879 2315 2893 2328 ·
2931 2301 2959 2351 ὁ
2977 2299 3034 2351 δὲ
3069 2297 3208 2351 κατά
3236 2297 3417 2348 πάντα
3443 2295 3633 2364 τρόπον

2069 2390 2276 2444 πείθειν
2301 2389 2521 2452 τούτους
2555 2388 2871 2460 βουλόμενος
2903 2389 3075 2458 ὲπῆρε
3115 2386 3213 2457 τὴν
3249 2383 3431 2451 δεξιὰν
3457 2383 3633 2440 αὐτοῦ.

2071 2484 2166 2537 καὶ
2191 2484 2289 2553 τὴν
2311 2481 2603 2552 ἀριστερὰν
2630 2483 2708 2544 εἰς
2737 2481 2828 2533 τὸν
2865 2481 3110 2551 οὐρανὸν,
3151 2478 3254 2531 καὶ
3284 2476 3470 2546 ὤμοσε
3506 2473 3636 2528 κατὰ

2071 2575 2162 2629 τοῦ
2190 2574 2388 2638 ζῶντος
2412 2575 2490 2636 εἰς
2506 2573 2596 2625 τὸν
2612 2571 2804 2626 αἰῶνα·
2827 2571 2906 2636 τίς
2925 2570 3064 2626 κατά
3089 2571 3232 2634 τίνος
3251 2569 3466 2641 ὤμοσεν
3486 2584 3500 2631 ;
3521 2563 3636 2626 Υἱὸς

2074 2668 2312 2740 δηλονότι
2333 2668 2473 2722 κατά
2494 2665 2587 2720 τοῦ
2612 2665 2845 2738 Πατρός,
2863 2665 3055 2733 λέγων·
3073 2663 3192 2716 Ὅτι
3211 2661 3274 2731 ζῇ
3301 2661 3331 2713 ὁ
3354 2658 3549 2728 Πατὴρ
3567 2657 3637 2718 είς

2073 2761 2166 2815 τὸν
2201 2761 2392 2824 αίῶνα,
2421 2761 2468 2813 εί
2501 2758 2573 2831 μὴ
2605 2761 2682 2823 είς
2714 2758 2922 2830 καιρὸν,
2953 2757 3045 2810 καὶ
3071 2755 3318 2825 καιροὺς,
3351 2753 3449 2806 καὶ
3481 2751 3637 2821 ἥμισυ

2079 2852 2292 2924 καιροῦ,
2323 2854 2380 2905 ἐν
2408 2850 2485 2922 τῷ
2527 2849 2935 2920 συντελεσθῆναι
2964 2846 3395 2920 διασκορπισμδν
3421 2844 3640 2913 γνώσον-

2079 2963 2171 3000 ται
2192 2946 2366 3000 ταῦτα
2389 2945 2586 2998 πάντα.

475 3048 662 3104 XLllI.
696 3047 850 3114 Quod
898 3062 1026 3102 vero
1063 3047 1178 3116 ipse
1210 3045 1400 3099 ambas
1431 3057 1627 3098 manus
1655 3037 1976 3102 extenderit,

2151 3035 2335 3090 XLIII.
2383 3035 2455 3087 Τὸ
2501 3031 2594 3088 οὖν
2636 3035 2870 3088 ἐκτεῖναι
2911 3032 3072 3086 αὑτὸν
3093 3031 3194 3095 τάς
3219 3029 3312 3084 δύο
3342 3031 3551 3100 χεῖρας,
3581 3027 3640 3079 δι’

405 3159 503 3214 per
531 3143 632 3196 hoc
653 3141 966 3210 passionem
993 3136 1415 3200 demonstravit;
1448 3134 1590 3204 quod
1614 3142 1792 3186 autem
1822 3130 1975 3184 dixe-

405 3237 499 3300 rit,
534 3236 588 3288 itt
622 3243 824 3301 tempus
850 3271 864 3295 ,
909 3239 959 3284 et
989 3240 1243 3298 tempora,
1282 3236 1331 3281 et
1383 3226 1663 3280 dimidium
1710 3223 1976 3292 temporis,

407 3343 526 3380 cum
557 3324 815 3394 completa
835 3323 994 3393 fuerit
1029 3321 1304 3390 dispersio,
1339 3327 1448 3374 tres
1468 3333 1589 3374 cum
1624 3315 1847 3372 dimidio
1881 3329 1978 3368 an-

409 3435 511 3474 nos
546 3416 866 3472 Antichristi
903 3414 1245 3486 signiﬁcavit.
1288 3411 1524 3481 Tempus
1565 3410 1708 3464 enim
1751 3421 1978 3472 annum,

409 3519 464 3564 ct
495 3520 740 3578 tempora
767 3509 904 3560 duos
935 3520 1128 3570 annos,
1151 3503 1436 3559 dimidium
1462 3515 1591 3555 vero
1620 3499 1877 3568 temporis
1898 3497 1980 3552 (li-

412 3599 636 3654 ntidium
666 3599 794 3654 anni
825 3597 1096 3666 intelligit.
1145 3596 1208 3648 Ili
1246 3606 1373 3649 sunt
1403 3592 1546 3646 mille
1578 3591 1785 3644 ducenti
1813 3605 1979 3642 nona-

411 3693 561 3762 ginta
605 3689 737 3756 dies,
789 3705 928 3758 quos
974 3685 1222 3757 praedixit
1272 3683 1494 3748 Daniel,
1535 3695 1659 3734 cum
1691 3675 1982 3745 aditnpleta

415 3781 580 3837 fuerit
603 3782 807 3851 passio,
835 3791 888 3835 et
916 3780 1057 3834 facta
1089 3777 1251 3832 fuerit
1277 3775 1566 3844 dispersio,
1595 3779 1858 3839 praesente
1877 3767 1983 3821 An-

415 3875 664 3930 tichristo
689 3892 704 3940 ;
732 3874 786 3927 in
820 3873 1014 3927 diebus
1037 3871 1143 3926 illis
1165 3875 1562 3940 cognoscentur
1578 3865 1828 3916 universa
1847 3861 1978 3914 hzee.

417 3967 482 4020 Et
512 3982 540 4019 a
566 3975 805 4036 tempore
825 4007 840 4032 ,
875 3980 983 4034 quo
1012 3964 1250 4018 ablatum
1282 3959 1444 4014 fuerit
1468 3959 1596 4028 jugc
1631 3954 1979 4016 sacriﬁcium,

417 4059 583 4113 etiam
636 4060 770 4114 dies.
815 4057 962 4112 mille
1021 4054 1238 4110 ducenti
1287 4051 1582 4116 nonaginta
1635 4043 1984 4115 computandi

419 4161 578 4218 sunt;
632 4150 932 4205 abundabit
983 4147 1264 4216 iniquitas,
1319 4143 1462 4198 sicut
1503 4141 1666 4195 etiam
1715 4137 1985 4208 Dominus

419 4243 589 4297 dicit:
618 4243 880 4308 Quoniam
909 4237 1194 4293 abundavit
1223 4233 1498 4304 iniquitas,
1542 4230 1836 4300 relrigescet
1857 4225 1985 4280 cha-

422 4333 554 4386 ritas
584 4332 864 4384 multorum
888 4330 930 4380 ⁸.

491 4421 680 4476 XLIV.
723 4421 875 4488 Quod
912 4421 1057 4474 enim
1097 4415 1547 4490 przevaricatione
1577 4412 1718 4466 facta
1746 4410 1985 4466 exciten-
2020 4391 2064 4446 D

2081 3127 2246 3181 αὐτοῦ
2279 3128 2338 3180 τδ
2371 3127 2539 3191 πάθος
2573 3125 2757 3192 ἔδειξε·
2790 3125 2850 3179 τὸ
2871 3125 2926 3179 δὲ
2964 3126 3137 3177 εἰπεῖν
3167 3125 3254 3188 εις
3285 3121 3526 3189 καιρόν,
3553 3115 3644 3170 καὶ

2081 3219 2344 3287 καιροὺς,
2373 3220 2471 3273 καὶ
2503 3219 2689 3288 ἣμισυ
2727 3217 2934 3285 καιροῦ
2958 3215 3028 3270 ἐν
3059 3214 3140 3280 τῷ
3177 3207 3644 3276 συντελεσθῆναι

2083 3310 2578 3379 διασκορπισμὸν,
2624 3310 2692 3362 τά
2723 3309 2849 3380 τρία
2899 3310 3069 3378 ἥμισυ
3113 3306 3204 3376 ἔτη
3245 3303 3338 3356 τοῦ
3385 3297 3644 3370 ’ἔιντιχρί-

2086 3421 2208 3456 στου
2243 3403 2478 3474 ὲσήμανε
2503 3420 2516 3434 ·
2553 3401 2738 3471 καιρὸν
2770 3400 2878 3471 γὰρ
2913 3399 3060 3467 λέγει
3087 3395 3363 3458 ἐνιαυτὸν,
3409 3393 3504 3446 καὶ
3535 3407 3646 3444 και-

2086 3498 2212 3568 ροὺς
2232 3496 2286 3549 δὲ
2323 3495 2416 3550 δύο
2451 3495 2566 3564 ἔτη,
2612 3496 2780 3565 ἥμισυ
2823 3494 2879 3546 δὲ
2921 3491 3110 3564 καιροῦ
3155 3492 3324 3561 ἥμισυ
3369 3481 3646 3539 ἐνιαυτοῦ·

2085 3583 2244 3642 αὗταί
2261 3589 2395 3640 εἰσιν
2423 3591 2480 3640 αἱ
2505 3587 2692 3655 χίλιαι
2717 3585 3014 3640 διακόσιαι
3039 3581 3408 3646 ἐνενήκοντα
3427 3575 3650 3646 ἡμέραι,

2084 3680 2150 3743 ἀς
2186 3683 2412 3750 προεῖπε
2453 3676 2647 3750 Δανιὴλ
2694 3679 2751 3730 ὲν
2786 3675 2863 3747 τῷ
2911 3671 3322 3741 συντελεσθῆναι
3359 3668 3422 3721 τὸ
3467 3665 3650 3728 πάθος,

2088 3771 2459 3840 καὶγενὲσθαι
2499 3767 2924 3840 διασκορπισμὸν
2962 3765 3226 3836 παρόντος
3261 3757 3356 3813 τοῦ
3399 3753 3655 3826 Ἀντιχρι-

2089 3881 2242 3916 στου·
2292 3865 2348 3916 ὲν
2391 3864 2510 3924 ταῖς
2555 3860 2788 3931 ἡμέραις
2845 3857 3081 3918 ἐκείναις
3131 3852 3433 3921 γνώσονται
3488 3845 3652 3899 ταῦτα

2088 3955 2286 4007 πάντα·
2336 3954 2428 4006 καὶ
2461 3951 2568 4006 ἀπὸ
2607 3950 2797 4021 καιροῦ
2833 3946 3219 4020 παραλλάξεως
3265 3941 3360 3995 τοῦ
3398 3938 3654 4006 ἐνδελεχι-

2092 4045 2249 4117 σμοῦ,
2289 4045 2380 4098 καὶ
2415 4043 2476 4096 τὸ
2503 4041 2712 4120 ἡμέραι
2735 4042 2922 4110 χίλιαι
2961 4037 3258 4090 διακόσιαι
3296 4029 3654 4096 ἐνενήκοντα

2092 4136 2456 4208 ψηφιζόμενόν
2477 4137 2611 4188 ἐστι·
2632 4131 3064 4204 πληθυνθήσεται
3082 4129 3114 4197 ἠ
3132 4125 3350 4195 ἀνομία,
3367 4119 3550 4182 καθὼς
3568 4122 3660 4174 xui

2095 4230 2123 4282 ό
2154 4227 2427 4298 Δεσπότης
2468 4224 2644 4293 λέγει·
2688 4222 2788 4275 Διὰ
2819 4221 2885 4275 τὸ
2928 4209 3348 4286 πληθυνθῆναι
3388 4211 3502 4280 τὴν
3533 4210 3660 4264 ἀνο-

2089 4323 2255 4391 μίαν,
2295 4318 2632 4388 ψυγήσεται
2659 4317 2696 4383 ἡ
2729 4311 2926 4382 ἀγάπη
2946 4307 3061 4362 τῶν
3085 4303 3350 4361 πολλῶν.

2160 4380 2347 4464 XLIii.
2388 4380 2506 4462 ἑστι
2549 4405 2656 4478 γὰρ
2829 4395 3214 4471 παραλλάξεως
3263 4388 3560 4461 γενομένης

424 4524 513 4566 tur
535 4513 782 4578 dissidia,
815 4511 1022 4566 nullum
1053 4509 1276 4564 dubium
1311 4515 1415 4572 est,
1441 4505 1534 4561 sed
1566 4501 1809 4558 dissidiis
1838 4515 1995 4554 exor-

2097 4503 2370 4574 σχίσματα
2390 4473 2637 4568 γέγονεν,
2660 4495 2760 4548 οὐκ
2775 4489 3070 4563 ἀμφίϐολον
3090 4503 3104 4518 ·
3132 4485 3240 4540 τῶν
3272 4481 3581 4578 σχισμάτων

535 4565 837 4677 reirigescit
876 4603 1136 4658 cltaritas.
1183 4599 1250 4654 Et
1288 4565 1418 4652 illud
1451 4596 1683 4653 :Beatus
1709 4593 1800 4664 qui
1824 4607 1995 4662 perse-

2097 4565 2700 4662 γενομένων-πέῲυκται
2731 4588 2764 4652 ἡ
2795 4581 2981 4650 ἀγάπη
3000 4595 3014 4610 ·
3047 4577 3141 4631 καὶ
3171 4575 3238 4627 τὸ
3261 4591 3274 4604 ·
3310 4569 3606 4668 Μακάριος
3629 4565 3664 4616 ὀ

427 4653 700 4761 iteraverit:
732 4705 780 4750 et
801 4695 1088 4766 pervenerit
1122 4695 1190 4746 ad
1208 4693 1316 4746 dies
1339 4690 1480 4744 mille
1504 4696 1755 4743 trecentos
1783 4685 1995 4754 triginta

2098 4653 2447 4749 ῦπομείνας,
2481 4653 2580 4729 καὶ
2601 4673 2838 4744 φθάσας
2859 4669 3077 4738 ἡμέρας
3107 4664 3309 4735 χιλίας
3329 4653 3664 4766 τριακοσίας

426 4789 672 4858 quinque,
723 4748 1024 4842 noiandum
1071 4793 1172 4850 est,
1211 4785 1354 4839 sicut
1379 4781 1517 4836 dixit
1555 4779 1860 4833 Dominus:
1897 4774 1995 4838 Qui

2101 4748 2414 4842 τριάκοντα
2439 4769 2636 4832 πέντε,
2666 4766 2893 4834 ἐστιχρη
2903 4757 3128 4822 στὸν,ὡς
3149 4753 3305 4858 εἶπεν
3316 4753 3346 4804 ὁ
3367 4748 3660 4858 Δεσι-ιόῖιςῗ1

429 4890 604 4933 autem
627 4878 1026 4948 perseveraverit
1067 4891 1227 4946 usque
1247 4875 1300 4928 in
1335 4875 1492 4942 finem
1511 4911 1526 4936 ,
1564 4872 1647 4924 hic
1674 4870 1848 4923 salvus
1871 4867 1993 4920 erit.

432 4969 793 5032 Quamobrem
839 4967 1200 5022 universalem
1242 4962 1743 5034 praevaricationem
1775 4957 1998 5011 minime

431 5070 829 5129 exspectemus,
865 5075 932 5112 ne
964 5059 1227 5127 iniquitas
1265 5055 1521 5118 abundet,
1552 5062 1608 5107 et
1645 5057 1875 5118 occupet
1899 5061 2000 5101 nos

435 5153 773 5206 abominatio
817 5151 1199 5213 desolationis,
1255 5149 1460 5204 scilicet
1508 5143 1873 5200 adversarius.
1936 5137 2002 5192 Et

435 5245 572 5298 dixit
618 5243 742 5312 ipsi,
793 5259 954 5312 usque
996 5243 1064 5294 ad
1108 5257 1374 5310 vesperas,
1412 5237 1556 5308 quod
1605 5243 1687 5291 est
1731 5248 1905 5302 usque
1936 5231 2003 5286 ad

437 5333 1000 5400 consummationem;
1045 5341 1094 5387 et
1147 5347 1300 5385 mane
1340 5346 1358 5383 :
1386 5329 1516 5398 quid
1545 5335 1630 5382 est
1665 5323 1862 5380 mane?
1889 5323 2004 5378 dies

441 5427 878 5483 resurrectionis.
929 5427 1150 5479 Initium
1191 5425 1337 5480 enim
1393 5433 1476 5478 est
1536 5421 1757 5476 alterius
1798 5415 2006 5480 saeculi,

443 5521 895 5591 quemadmodum
937 5519 1150 5572 initium
1193 5515 1296 5571 diei
1329 5523 1412 5570 est
1453 5528 1631 5568 mane.
1669 5511 1791 5566 Dies
1825 5517 2004 5562 autem

447 5614 593 5668 mille
627 5611 1007 5683 quadringenti
1045 5617 1174 5666 sunt
1215 5609 1396 5664 lumen
1431 5605 1656 5673 mundi;
1707 5619 1830 5660 cum
1862 5602 2006 5658 enim

525 5755 544 5784 '
575 5751 758 5806 Matth.
791 5765 948 5818 xxw,
977 5749 1062 5804 12.

2209 4865 2277 4918 δὲ
2301 4862 2623 4930 ὑπομείνας
2645 4861 2730 4922 εὶς
2745 4833 2916 4921 τέλος
2943 4847 3120 4914 οὗτος
3145 4843 3504 4911 σωθήσεται.
3535 4833 3665 4892 Καθ’

2103 4959 2222 5011 ὅλου
2258 4929 2434 5011 τοίνυν
2464 4951 2561 5023 τὴν
2600 4944 2933 5020 παράλλαξιν
2973 4943 3044 5014 μὴ
3090 4935 3556 5012 παραδεξώμεθα,
3583 4929 3668 5023 ἵνα

2109 5049 2182 5120 μὴ
2204 5050 2236 5118 ἡ
2259 5046 2455 5116 ἀνομία
2483 5021 2888 5110 πληθυνθῇ,καὶ
2907 5032 3183 5102 καταλάϐῃ
3205 5030 3265 5084 τδ
3288 5021 3668 5120 βδέλυγματῇς

2109 5111 2206 5210 λὲρῆ
2217 5111 2458 5208 pacem,
2475 5132 2748 5188 τουτέστιν
2777 5131 2804 5182 ὁ
2822 5126 3208 5196 ἀντικείμενος·
3227 5121 3320 5175 καὶ
3341 5115 3492 5172 εἶπεν
3509 5111 3668 5210 αὐτῷ·

2268 5228 2549 5297 ἑσπέρας,
2593 5223 2838 5277 τουτέστι
2872 5219 3030 5290 μέχρι
3077 5217 3176 5286 τῆς
3203 5213 3538 5273 συντελείας·
3571 5203 3668 5258 καὶ

2112 5324 2288 5393 πρωΐ·
2337 5323 2472 5391 ὅπερ
2527 5319 2643 5372 ἐστὶ
2689 5315 2861 5387 πρωῖς
2899 5315 2931 5382 ἡ
2963 5309 3143 5382 ἡμέρα
3169 5307 3269 5376 τῆς
3300 5303 3670 5393 ἀναστάσεως·

2112 5391 2255 5485 ἀρχὴ
2285 5413 2392 5484 γάρ
2421 5413 2566 5464 ἐστιν
2603 5408 2788 5479 ἐτέρου
2821 5403 3013 5466 αἰῶνος
3035 5441 3050 5465 ,
3093 5399 3170 5464 ὡς
3199 5397 3344 5472 ἀρχὴ
3373 5391 3672 5485 ἡμέραςν-ίι

2451 5504 2507 5557 δὲ
2537 5501 2748 5572 ἡμέραι
2783 5498 2970 5568 χίλιαι
2998 5492 3391 5562 τετρακόσιαι,
3426 5487 3533 5539 ἔστι
3557 5479 3676 5579 φῶς-ξ

2117 5600 2317 5673 κόσμου
2337 5617 2352 5631 ·
2397 5595 2493 5652 τοῦ
2521 5593 2628 5666 γὰρ
2663 5591 2837 5664 φωτὸς
2863 5588 3122 5660 φανέντος
3151 5585 3208 5638 ὲν
3234 5582 3314 5654 τῷ
3349 5581 3552 5652 κόσμῳ,
3572 5587 3674 5626 του
