3836 6544
241 425 343 480 669

1464 429 1750 486 SCHOLIA
1781 429 1847 484 IN
1888 430 2249 485 DANIELEM.

3370 431 3471 486 670

239 537 511 600 εἰπόντος·
561 538 705 608 Ἐγὼ
733 540 847 609 εἰμὶ
878 540 943 594 τὸ
982 540 1107 611 φῶς
1145 539 1252 594 τοῦ
1283 543 1534 610 κόσμου,
1577 546 1813 610 καθαρι-

1921 542 2223 610 apparuerit
2246 544 2335 595 lux
2362 544 2414 597 in
2447 544 2669 611 mundo,
2688 544 2919 615 (dicente
2942 546 3032 599 illo
3063 564 3075 598 :
3115 543 3221 614 Ego
3247 561 3357 597 sum
3381 516 3473 598 lita:

238 630 531 697 σθήσεται
569 632 636 684 τὸ
684 632 871 702 ἅγιον,
917 634 993 697 ὡς
1033 635 1271 706 εἴρηκεν,
1301 636 1329 687 ὁ
1357 634 1726 704 ἀντικείμενος
1746 638 1763 656 ⁶
1784 654 1795 665 ·

238 721 488 792 οὐδαμῶς
532 723 639 796 γὰρ
674 723 1024 795 καθαρίζεται
1055 725 1116 780 τὸ
1143 726 1293 794 ἅγιον
1319 766 1332 790 ,
1375 724 1449 796 μὴ
1478 724 1682 779 ἐκείνου
1716 742 1812 779 κα-

243 812 617 884 εαργηθέντος.

318 952 333 969 ⁸
366 949 595 1007 Phrasis
628 962 884 1022 corrupta
923 953 1157 1008 videtur.

1910 632 2114 702 mundi)
2153 634 2496 687 mandabitur
2516 637 2901 702 sanctuarium,
2922 636 3080 690 sicuti
3109 635 3265 698 dixit,
3289 634 3356 688 ab
3379 635 3472 686 ad-

1914 728 2189 793 versario;
2224 742 2565 811 nequaquam
2592 730 2736 785 enim
2762 729 3056 784 mundatur
3082 728 3471 795 sanctuarium,

1916 821 2018 875 nisi
2049 821 2143 874 illo
2166 834 2373 875 everso.

1162 1205 1664 1296 SCHOLIA
1740 1210 1863 1298 IN
1943 1208 2605 1297 DANIELEM.

766 1378 917 1448 (MAI,
950 1354 1280 1448 Scriptorum
1301 1389 1529 1436 veterum
1557 1379 1807 1436 Collectio
1841 1398 1995 1448 nova,
2033 1390 2070 1435 t.
2112 1380 2149 1445 l,
2176 1398 2229 1452 p.
2262 1397 2347 1447 tu,
2378 1398 2430 1451 p.
2463 1380 2651 1447 29-56,
2681 1380 2922 1450 passim.)

882 1651 1037 1703 ΚΕΦ.
1075 1650 1150 1701 Α’.

305 1751 374 1797 α’.
432 1744 529 1795 Ἐν
570 1742 687 1795 ἔτει
730 1743 901 1809 τρίτῳ
938 1741 1259 1806 βασιλείας
1308 1740 1583 1808 Ἰωακείμ.
1626 1740 1806 1791 Ἰππο-

232 1835 396 1889 λύτου
430 1832 562 1903 (Ἠ).
596 1832 780 1886 Ταῦτα
819 1832 915 1901 μὲν
966 1827 1058 1884 οὖν
1091 1834 1123 1902 ἡ
1152 1830 1341 1901 Γραφὴ
1386 1830 1685 1901 διηγεῖται,
1720 1830 1805 1882 ἵνα

230 1930 333 1997 τὴν
384 1924 757 1995 γεγενημένην
799 1924 1057 1994 δευτέραν
1107 1922 1482 1992 αἰχμαλωσίαν
1531 1920 1624 1974 τοῦ
1676 1921 1803 1974 λαοῦ

235 2019 488 2089 σημάνῃ,
523 2015 685 2087 ήνίκα
718 2014 1025 2085 μετῳκίσθη
1058 2015 1086 2066 ὅ
1114 2031 1173 2066 τε
1208 2013 1466 2083 Ἰωακεὶμ
1509 2012 1604 2065 καὶ
1636 2014 1682 2065 οἱ
1710 2014 1805 2065 σὺν

232 2110 383 2179 αὐτῷ
416 2112 565 2180 τρεῖς
599 2107 783 2171 παῖδες
818 2108 930 2177 ἄμα
960 2106 1038 2176 τῷ
1069 2107 1265 2178 Δανιὴλ
1292 2105 1627 2176 εἰλημμένοι.

304 2202 371 2272 β’.
413 2202 522 2255 Kal
565 2200 748 2254 ἔδωκε
786 2201 1022 2268 Κύριος,
1045 2218 1101 2253 κ.
1142 2216 1193 2251 τ.
1238 2199 1288 2252 λ.
1337 2200 1455 2252 Ἵνα
1496 2199 1569 2268 μή
1618 2214 1698 2259 τις
1743 2196 1807 2248 ὲκ

231 2292 537 2362 προοιμίων
576 2293 913 2362 ἐντυγχάνων
952 2294 1017 2362 τῇ
1054 2290 1247 2361 βίϐλῳ,
1290 2291 1433 2359 ἰσχύϊ
1465 2289 1571 2342 τῶν
1612 2288 1803 2341 λαϐόν-

228 2401 342 2436 των
375 2381 644 2453 ὲπιτρέψῃ
676 2382 772 2453 τὴν
805 2381 965 2452 λῆψιν
1004 2384 1097 2435 καὶ
1132 2382 1319 2452 ἀτονία
1348 2380 1439 2433 τοῦ
1475 2380 1807 2452 προϊσταμέ-

231 2491 326 2526 νου
348 2512 362 2537 ,
402 2474 463 2525 τὸ
491 2472 675 2527 ἔδωκε
704 2473 920 2543 τίθησι·
959 2472 1137 2535 καλῶς
1180 2473 1236 2525 δὲ
1278 2472 1371 2525 καὶ
1393 2471 1509 2525 ἀπὸ
1543 2471 1766 2540 μέρους
1788 2487 1800 2499 ·

232 2566 699 2635 σωφρονιστήριον
731 2565 839 2635 γὰρ
866 2560 933 2634 ἦν
964 2566 997 2634 ή
1029 2563 1331 2634 ἀπαγωγὴ,
1364 2564 1462 2617 οὐκ
1494 2562 1806 2624 ἀπόπτωσις

228 2657 440 2719 παντὸς
484 2656 577 2709 τοῦ
621 2654 839 2719 ἔθνους,
884 2655 971 2709 ἵνα
1017 2656 1090 2727 μὴ
1140 2654 1429 2727 μετάθεσις
1480 2655 1578 2723 τῆς
1630 2653 1807 2717 αἰτίας

230 2747 482 2817 γένηται.

312 2844 384 2905 η’.
448 2836 558 2890 Kal
602 2836 767 2890 ἔθετο
826 2837 1049 2905 Δανιὴλ
1094 2837 1163 2891 ἐν
1203 2836 1280 2905 τῇ
1331 2836 1542 2905 καρδίᾳ
1598 2834 1803 2890 αὑτοῦ.

240 2927 587 2980 Ἱππολύτου.
632 2924 702 2980 Ὦ
751 2929 1036 3001 μακαρίων
1068 2928 1164 3000 τὴν
1208 2928 1471 2999 διαθήκην
1503 2927 1611 2982 τῶν
1644 2928 1808 2981 πατέ-

233 3036 349 3088 ρων
379 2986 763 3086 φυλαξάντων,
798 2986 1012 3073 καὶιτὸν
1050 2986 1136 3073 διά
1164 2986 1443 3084 Μωῦσέως
1470 3020 1689 3073 δοθέντα
1720 3020 1806 3073 νό-
1834 2986 1878 3047 c

234 3127 338 3178 μον
370 3110 445 3179 μὴ
481 3111 839 3183 παραϐάντων
859 3153 873 3177 ,
903 3111 1036 3165 ἀλλὰ
1059 3114 1147 3165 τὸν
1178 3113 1244 3165 δι’
1275 3111 1437 3165 αὑτοῦ
1472 3113 1807 3184 κυρυττόμεο

231 3217 323 3252 νον
340 3199 475 3252 Θεὸν
496 3200 818 3271 φοϐηθέντες
831 3202 968 3272 (δίε)’
986 3196 1128 3255 οὗτοι
1142 3200 1471 3271 αἰχμάλωτοι
1494 3202 1550 3253 ὲν
1565 3203 1633 3271 γῇ
1653 3199 1808 3252 ἁλλο-

232 3292 365 3361 τρία
382 3292 737 3362 ὑπάρχοντες,
774 3294 834 3345 οὐ
861 3292 1110 3365 βρώμασι
1138 3293 1397 3357 ποικίλοις
1424 3291 1803 3363 ἠπατήθησαν,

232 3380 359 3432 οὐδὲ
392 3379 536 3432 οἴνου
567 3381 780 3451 ἡδοναῖς
812 3382 1178 3453 ἐδουλώθησαν
1199 3422 1214 3447 ,
1250 3383 1370 3435 οὐδὲ
1400 3382 1525 3453 δόξῃ
1556 3380 1805 3451 βασιλικῇ

231 3469 631 3538 ἑδελεάσθησαν
670 3471 1042 3541 ἁρπαγέντεςο
1088 3472 1355 3542 ἐτήρησαν
1401 3470 1454 3523 δὲ
1498 3470 1556 3522 τὸ
1605 3468 1807 3522 ἑαυτῶν

232 3561 400 3629 ἁγνὸν
447 3563 542 3615 καὶ
584 3562 819 3635 καθαρὸν
855 3564 1054 3634 στόμα,
1102 3565 1251 3626 ὅπως
1290 3562 1526 3634 καθαρὸς
1558 3562 1712 3629 λόγος
1746 3563 1808 3613 ὲκ

235 3651 526 3721 στομάτων
558 3653 812 3725 καθαρῶν
845 3654 1080 3726 προέλθῃ
1101 3696 1115 3717 ,
1162 3656 1255 3708 καὶ
1285 3657 1493 3725 ἁνυμνῇ
1528 3654 1595 3706 δι’
1631 3653 1808 3709 αὐτῶν

233 3746 327 3797 τὸν
360 3746 679 3817 ἐπουράνιον
706 3749 848 3802 Πατέ
856 3768 944 3820 ρα.

311 3836 402 3906 ιβ’.
443 3839 743 3906 Πείρασον
773 3840 841 3893 δὲ
872 3841 1013 3906 τοὺς
1047 3840 1262 3907 παῖδάς
1291 3857 1426 3895 σου.
1474 3840 1805 3894 Ἱππολύτου.

235 3927 596 3981 Διδάσκουσιν
637 3929 717 3981 ὅτι
762 3929 834 4000 μὴ
877 3930 1137 4000 βρώματα
1176 3931 1390 3998 ἐπίγεια
1433 3930 1515 4000 εἴη
1561 3930 1629 3981 τὰ
1674 3947 1810 4001 παρ-

234 4023 434 4087 έχοντα
488 4019 793 4090 ἀνθρώποις
843 4023 1037 4085 κάλλος
1090 4023 1182 4076 καὶ
1235 4024 1418 4093 ἰσχὺν,
1472 4022 1605 4075 ἀλλὰ
1654 4022 1810 4094 χάρις

235 4110 376 4162 Θεοῦ
424 4111 514 4164 διὰ
539 4112 710 4180 Λόγου
752 4113 1087 4186 δωρουμένη.
1131 4115 1239 4167 Καὶ
1262 4116 1387 4183 μετ’
1424 4115 1617 4181 ὀλίγα·
1659 4109 1811 4178 Εἶδες

234 4202 425 4256 πίστιν
459 4202 660 4255 παίδων
684 4203 1034 4272 ἀπαράϐατον
1076 4204 1169 4256 καὶ
1205 4204 1365 4273 φόϐον
1391 4202 1522 4256 Θεοῦ
1555 4202 1813 4273 ἀμετάθε-

235 4311 358 4346 τον’
386 4293 523 4347 δέκα
551 4293 770 4365 ἡμερῶν
799 4295 991 4367 χρόνου
1017 4295 1288 4367 διάστημα
1315 4296 1610 4367 ᾐτήσαντο,
1638 4294 1725 4347 ἵνα
1754 4296 1811 4347 ὲν
1843 4332 1887 4385 D

234 4385 415 4455 τούτῳ
470 4386 773 4452 ἑπιδείξωσι
825 4387 898 4458 μὴ
943 4386 1199 4441 δύνασθαι
1260 4387 1463 4457 ἑτέρως
1527 4386 1812 4455 ἄνθρωπον

236 4478 397 4549 παρὰ
427 4478 564 4530 Θεοῦ
600 4480 901 4549 κτήσασθαι
928 4481 1107 4552 χάριν,
1148 4483 1195 4533 εἰ
1233 4480 1305 4551 μὴ
1340 4480 1416 4549 τῷ
1447 4478 1533 4532 διὰ
1570 4478 1666 4532 τοῦ
1700 4480 1815 4531 Κυ-

241 4570 360 4641 ρίου
387 4587 458 4640 κη
470 4571 784 4646 ρυσσομένῳ
810 4572 951 4642 λόγῳ
982 4571 1361 4624 πιστεύσωσιν.

314 4660 402 4713 ιθ’.
426 4660 539 4713 Καὶ
563 4663 633 4714 οὺ
639 4680 675 4728 χ
699 4661 1034 4729 εὑρέθησαν
1052 4662 1120 4713 ἐκ
1150 4660 1389 4714 πάντων
1413 4659 1607 4713 αὐτῶν
1633 4660 1817 4727 ὅμοιοι

236 4751 487 4817 Δανιὴλ.
550 4754 883 4805 Ἱππολύτου.
934 4752 1167 4816 Τούτους
1214 4753 1309 4823 μὲν
1365 4754 1422 4805 ἐν
1468 4752 1615 4822 πάσῃ
1659 4750 1818 4822 σοφίᾳ

236 4844 267 4893 ὁ
305 4842 485 4910 Λόγος
531 4843 771 4913 προῆγε,
827 4842 1108 4913 μάρτυρας
1160 4841 1380 4903 πιστοὺς
1436 4842 1491 4893 ἐν
1532 4839 1808 4895 Βαϐυλῶνι

233 4932 625 5002 δεικνυμένους
649 4950 661 4961 ο
699 4933 785 4984 ἵνα
813 4933 878 4984 δι’
909 4931 1083 4985 αὐτῶν
1106 4931 1212 4983 τῶν
1244 4928 1596 4983 Βαϐυλωνίων
1625 4928 1692 4981 τὰ
1724 4946 1811 4981 σε-

236 5026 502 5095 ϐάσματα
570 5024 967 5096 καταισχυνθῇ,
1027 5023 1121 5076 καὶ
1182 5022 1644 5095 Ναϐουχοδονόσορ
1708 5022 1810 5075 ὑπὸ

316 5163 432 5233 (71)
463 5161 523 5215 S.
556 5160 826 5233 Hippolyti
856 5164 910 5217 in
945 5163 1218 5233 Danielem
1251 5163 1457 5217 scholia
1488 5177 1595 5216 non
1630 5163 1814 5216 omnia

238 5252 269 5288 a
310 5248 396 5287 me
428 5234 701 5291 eduntur.
732 5232 852 5302 qum
885 5233 939 5287 in
986 5232 1243 5287 Vaticano
1271 5233 1455 5287 codice
1482 5244 1777 5302 occurrunt
1798 5273 1813 5298 ,

240 5304 340 5358 sed
392 5319 458 5357 ea
504 5303 710 5357 delecta
762 5303 1137 5357 tantummodo
1166 5318 1289 5370 qua:
1328 5302 1567 5355 nondum
1597 5301 1812 5370 vulgata

243 5377 494 5428 inerunt.
537 5371 745 5440 Quippe
793 5383 916 5426 ante
965 5388 1049 5425 me
1086 5382 1292 5440 partem
1336 5372 1503 5425 edidit
1546 5371 1814 5440 insignem

238 5443 643 5505 Combetisius,
675 5457 868 5511 nempe
895 5441 961 5496 ad
993 5440 1257 5495 Susanna:
1301 5440 1604 5511 historiam.
1640 5440 1816 5511 Parti-

239 5514 367 5566 cula
400 5514 531 5567 item
564 5509 816 5580 quaedam
844 5513 1065 5566 recitata
1096 5512 1270 5563 fuerat
1299 5510 1367 5563 ab
1399 5510 1686 5564 Anastasio
1725 5509 1813 5561 Si-

242 5584 398 5637 naita
451 5590 645 5650 qumst.
698 5597 892 5646 xum;
945 5581 1051 5635 alia
1101 5594 1295 5634 rursus
1341 5595 1371 5634 a
1427 5581 1674 5651 Syncello
1721 5580 1807 5632 ed.

240 5666 394 5726 Pan,
428 5678 487 5729 p.
512 5659 646 5729 218.
668 5657 974 5729 QuinAadeo
998 5655 1225 5729 frustum
1252 5653 1518 5729 quoddam
1549 5651 1821 5729 profertur

242 5723 412 5786 etiam
430 5723 473 5783 ἐι
511 5727 767 5782 Corderio
798 5725 985 5780 Calen.
1028 5724 1083 5777 in
1114 5724 1199 5777 Ps.
1232 5734 1339 5777 tom
1405 5723 1490 5785 ΙΙΙ,
1524 5738 1643 5791 pag.
1680 5723 1817 5785 951;

245 5819 374 5869 qua:
401 5798 585 5852 omnia
628 5798 922 5869 fragmenta
953 5795 1149 5863 colligit
1179 5795 1232 5847 in
1276 5809 1371 5869 sua
1406 5792 1669 5869 Hippolyti
1697 5792 1820 5869 edi-

251 5862 402 5932 tione
432 5862 736 5923 Fabricius.‘
756 5867 953 5919 Praeter
982 5862 1137 5933 quam
1177 5864 1317 5931 quod
1356 5863 1609 5916 mmnulla
1639 5862 1818 5921 ctiam,

2564 1643 2718 1699 CAP.
2771 1643 2809 1697 l.

1977 1738 2042 1793 Υ.
2102 1740 2152 1794 1.
2206 1769 2274 1778 -
2325 1739 2476 1791 Anno
2524 1739 2676 1791 tertio
2720 1738 2864 1807 regni
2906 1735 3132 1790 Joacim.
3180 1735 3471 1807 Hippolyti.

1908 1828 2033 1883 Haec
2060 1829 2202 1883 enim
2238 1827 2515 1897 Scriptura
2561 1836 2774 1894 narrat,
2819 1837 2877 1881 ut
2908 1828 3199 1883 secundam
3244 1829 3472 1897 captivi-

1908 1928 2071 1975 tatem
2094 1920 2278 1989 p0puli
2305 1921 2587 1983 indicaret,
2607 1936 2729 1975 cum
2751 1920 2802 1973 in
2825 1930 3020 1974 terram
3039 1920 3269 1973 alienam
3294 1930 3474 1973 trans-

1907 2013 2006 2067 iret
2052 2012 2258 2066 Joacim
2301 2020 2356 2065 et
2402 2026 2523 2066 cum
2566 2027 2631 2065 eo
2687 2020 2796 2065 tres
2834 2010 3016 2081 pueri,
3064 2010 3332 2079 simulque
3372 2010 3443 2062 |)a

1906 2106 2034 2170 niel,
2071 2104 2139 2158 ab
2171 2104 2422 2159 hostibus
2452 2104 2615 2171 capti.

1979 2198 2045 2253 V.
2082 2198 2137 2253 2.
2161 2227 2231 2237 ——
2258 2196 2325 2250 Et
2359 2196 2578 2249 tradidit
2628 2195 2904 2259 Dominus,
2949 2202 3052 2248 etc.
3102 2192 3173 2247 Ut
3212 2208 3372 2247 nemo
3410 2208 3475 2245 ex

1906 2290 2130 2343 exordio
2162 2288 2307 2358 quod
2352 2288 2479 2357 legit
2521 2288 2574 2340 in
2614 2287 2773 2350 libro,
2816 2287 2866 2339 vi
2915 2295 3378 2355 Oppugnatorum,
3423 2292 3478 2337 ct

1905 2382 2077 2435 fracto
2100 2380 2283 2434 animo
2305 2388 2764 2448 propugnatorum
2781 2376 3232 2446 expugnationem
3250 2376 3473 2440 tribuat,

1908 2472 2023 2525 Ιιαξο
2068 2470 2231 2525 verba
2276 2478 2325 2522 et
2381 2468 2602 2522 tradidit
2650 2467 2929 2536 subiunxit
2963 2464 3239 2534 Scriptura
3276 2484 3289 2518 :
3339 2465 3475 2518 bene

1907 2573 2085 2617 autem
2108 2571 2161 2616 et
2184 2578 2248 2615 ex
2277 2572 2427 2629 parte
2466 2576 2485 2612 :
2521 2560 2875 2614 correctionis
2900 2559 3043 2612 cnim
3068 2572 3230 2611 causa
3262 2556 3475 2610 decreta

1906 2652 2012 2708 fuit
2040 2653 2467 2723 transmigratio,
2502 2667 2609 2705 non
2651 2659 2831 2704 autem
2878 2650 3036 2703 ruina
3073 2649 3238 2703 totius
3280 2647 3474 2716 gentis,

1912 2752 1970 2796 ut
2004 2758 2109 2797 non
2135 2758 2314 2797 causa:
2334 2740 2562 2794 mutatio
2590 2741 2758 2794 tieret.

1979 2834 2045 2887 ν.
2093 2833 2556 2902 8.——I’roposuit
2609 2842 2781 2885 autem
2832 2829 3019 2883 Daniel
3063 2830 3118 2881 in
3166 2828 3320 2881 corde
3358 2845 3474 2881 suo.

1908 2924 2200 2996 Hippolyti.
2234 2925 2278 2980 Ο
2310 2924 2452 2979 beati
2488 2924 2580 2994 qui
2621 2931 3001 2978 testamentum
3037 2929 3249 2991 patrum
3292 2931 3477 2974 custo~

1908 3018 2165 3083 dierunt,
2211 3017 2383 3087 legem
2432 3032 2464 3070 a
2526 3014 2707 3085 Moyse
2752 3015 2934 3068 datam
2975 3028 3082 3067 non
3123 3013 3470 3081 transgressi.

1909 3111 2004 3165 sed
2042 3111 2110 3165 ab
2147 3125 2212 3164 eo
2232 3110 2612 3163 annuntiatum
2649 3107 2818 3162 Deum
2862 3108 3151 3161 timentes:
3185 3106 3241 3159 hi
3278 3105 3475 3173 captivi

1910 3206 1965 3258 in
1996 3213 2137 3258 terra
2164 3203 2337 3256 aliena
2370 3217 2478 3255 non
2510 3201 2648 3255 cibis
2676 3201 2841 3254 variis
2868 3199 3075 3255 seducti
3104 3196 3344 3262 fuerunt,
3378 3212 3474 3249 ne-

1908 3311 2013 3365 que
2033 3294 2143 3348 vini
2169 3293 2535 3363 voluptatibus
2559 3291 2884 3357 servierunt,
2914 3305 3089 3359 neque
3116 3289 3282 3343 etiam
3307 3288 3476 3357 gloria

1911 3388 2056 3458 regia
2083 3387 2281 3452 allecti,
2313 3388 2365 3439 in
2399 3386 2593 3454 laqueo
2628 3383 2933 3438 inciderunt
2960 3402 2971 3436 :
2998 3390 3349 3435 servaverunt
3378 3396 3474 3433 au-

1911 3489 2017 3535 tem
2052 3497 2113 3535 OS
2136 3496 2294 3535 suum
2333 3487 2540 3533 castum
2568 3487 2619 3531 et
2649 3492 2868 3546 purum,
2906 3485 2966 3529 ιιι
2997 3490 3165 3544 purus
3198 3488 3378 3527 3‘8me
3409 3486 3475 3524 CX

1911 3589 2005 3628 ore
2037 3587 2174 3643 puro
2207 3582 2392 3637 exeat,
2426 3580 2479 3624 et
2520 3569 2752 3624 celebret
2780 3583 2877 3638 per
2920 3568 3024 3621 hoc
3054 3566 3327 3621 cmlestem
3370 3562 3476 3616 Pa-

1912 3674 2069 3719 trem.

1990 3818 2050 3871 V.
2092 3819 2177 3871 12.
2206 3847 2275 3857 ——
2302 3816 2464 3870 Tenta
2498 3832 2612 3879 nos,
2643 3815 2871 3877 obsecro,
2901 3830 3072 3868 servos
3109 3821 3244 3864 tuos.
3278 3808 3479 3877 Hippo-

1912 3912 2026 3983 lyti.
2056 3910 2259 3965 Docent
2301 3908 2443 3978 quod
2478 3924 2587 3962 non
2619 3908 2726 3962 cibi
2766 3914 3048 3962 terrestres
3075 3906 3203 3958 dant
3245 3899 3479 3954 homini-

1912 4005 2014 4059 bus
2044 3998 2501 4073 pulchritudinem
2534 4014 2598 4053 ac
2646 4000 2832 4061 robur,
2877 3996 2971 4051 sed
3014 3993 3185 4063 gratia
3228 3990 3344 4055 Dei,
3384 4003 3478 4058 per

1914 4095 2149 4150 Verbum
2182 4095 2336 4150 nobis
2364 4108 2645 4149 concessa.
2691 4091 2759 4144 Et
2791 4089 2949 4159 paulo
2981 4094 3095 4155 post
3123 4100 3141 4137 :
3172 4082 3365 4137 Vidisti
3415 4081 3479 4134 ti-

1914 4190 2034 4244 dem
2064 4203 2356 4258 puerorum
2386 4188 2659 4249 invictam,
2689 4193 2744 4238 et
2768 4183 3016 4236 timorem
3048 4177 3141 4231 Dei
3169 4174 3480 4230 immutabi-

1916 4282 2041 4336 lem.
2070 4280 2351 4349 Temporis
2379 4293 2587 4333 moram
2624 4277 2809 4330 decem
2846 4273 3056 4327 dierum
3095 4270 3392 4340 petierunt,
3420 4277 3477 4318 ut

1916 4374 1970 4427 in
2011 4373 2113 4425 hoc
2154 4377 2525 4424 monstrarent
2567 4383 2673 4421 non
2722 4379 2881 4436 posse
2924 4364 3081 4417 aliter
3130 4359 3403 4414 hominem
3447 4372 3478 4411 a

1918 4467 2029 4519 Deo
2057 4463 2300 4517 obtinere
2332 4463 2561 4531 gratiam
2582 4500 2595 4526 ,
2628 4459 2735 4513 nisi
2762 4457 2925 4511 verbo
2956 4471 3048 4525 per
3077 4453 3362 4507 Dominum
3390 4464 3479 4502 an-

1918 4558 2163 4612 nuntiato
2196 4556 2401 4610 credat.

1991 4647 2056 4700 V.
2083 4649 2169 4702 19.
2197 4678 2263 4688 -——
2294 4645 2417 4700 Non
2460 4655 2581 4699 sunt
2622 4643 2812 4697 inventi
2850 4640 2979 4693 tales
3016 4640 3079 4691 de
3112 4636 3387 4695 universis,
3420 4640 3477 4683 ut

1918 4740 2130 4795 Daniel.
2158 4738 2451 4808 Hippolyti.
2483 4737 2658 4791 Hosce
2689 4735 2909 4804 quidem
2946 4733 2995 4784 in
3033 4728 3179 4782 onmi
3216 4722 3477 4793 sapientia

1920 4834 2150 4889 Verbum
2184 4833 2423 4895 deduxit,
2458 4840 2624 4885 testes
2655 4828 2838 4882 tideles
2866 4826 2918 4877 in
2961 4822 3229 4892 Babylone
3265 4816 3479 4884 exposi-

1912 4936 2021 4991 tos,
2050 4936 2107 4981 ut
2140 4940 2234 4993 per
2264 4940 2357 4979 eos
2386 4922 2801 4993 Babyloniorum
2820 4918 2959 4971 idola
2984 4916 3274 4969 induantur
3298 4911 3481 4968 confu-

1914 5022 2097 5084 sione;
2121 5028 2179 5072 ut
2192 5015 2689 5071 Nabuchodonosor
2709 5028 2740 5066 a
2760 5010 2932 5066 tribus
2946 5009 3128 5079 pueris
3147 5008 3412 5071 vincatur,
3427 5017 3479 5059 ct

1917 5175 2039 5230 qua:
2071 5158 2123 5210 in
2154 5155 2420 5225 Hippolyti
2447 5166 2607 5230 opere
2636 5151 2711 5204 De
2739 5151 3064 5230 Antichristo
3094 5157 3141 5229 et
3163 5148 3265 5230 ﬁne
3294 5148 3478 5230 mundi

1919 5215 2273 5291 scribuntur;
2310 5215 2436 5278 cum
2483 5215 2606 5291 ejus
2646 5222 3050 5275 commentariis
3094 5215 3168 5291 in
3198 5215 3474 5291 Danielein

1918 5287 2262 5366 congruuotf
2324 5294 2442 5366 Alia
2510 5287 2639 5343 olim
2725 5287 3477 5366 fragmenta_divulgayerat

1916 5354 2319 5435 Broiightonus.
2354 5354 2844 5435 Locunlprazterea
2873 5358 3161 5435 quemdam
3192 5372 3255 5435 ert
3281 5354 3477 5425 Hippo-

1916 5439 2024 5498 lyto
2052 5428 2105 5489 in
2140 5435 2276 5488 Dan.
2310 5433 2500 5486 recitat
2535 5430 2841 5484 Eustratius
2871 5431 3010 5498 apud
3046 5430 3209 5483 Allat.
3236 5428 3286 5479 in
3313 5440 3476 5494 opere

1966 5526 1992 5561 θ
2022 5513 2230 5575 purgat.
2262 5520 2314 5572 p.
2350 5503 2473 5556 492.
2510 5500 2748 5570 Denique
2781 5497 2934 5575 artati:
2980 5497 3386 5575 IIOSlllq.\'ll‘-Cl..
3408 5499 3475 5548 dc

1918 5566 2187 5644 Magistris
2240 5566 2451 5643 partem
2505 5566 2698 5644 novam
2752 5571 3084 5644 scholiorum
3123 5566 3406 5644 Hippolyti
3445 5585 3475 5619 ο

1915 5636 2171 5700 (λιιὶἓὶιιηο
2200 5636 2515 5713 Γιιίηἰςθιοῑο
2547 5643 2749 5713 οοόίρο
2783 5656 2905 5713 cum
2952 5636 3335 5713 HXXyirorum
3370 5636 3474 5690 Da-

1916 5716 2074 5770 nielis
2138 5708 2582 5782 interpretatione
2637 5711 2912 5765 excitavit.
2975 5708 3313 5782 Novissimus
3373 5725 3471 5782 ego

1916 5787 2050 5839 tanti
2113 5780 2347 5838 doctoris
2394 5793 2446 5836 et
2497 5782 2748 5851 martyris
2808 5782 3132 5851 scriptorum
3182 5780 3471 5851 particulas

1915 5857 2186 5910 vindicare
2220 5856 2270 5908 in
2308 5856 2476 5908 lucem
2512 5854 2735 5921 gaudeo.
2771 5851 2896 5905 Mm.
