3836 6508
415 376 515 431 671

1296 370 1353 427 S.
1394 370 1761 428 HlPPOLYTl
1798 372 1948 429 OPP.
1987 371 2167 429 PARS
2201 369 2242 427 Ι.
2282 402 2351 411 -
2376 368 2783 427 EXEGETICA.

3546 368 3637 425 672

415 512 512 566 per
538 495 754 549 illorum
788 493 945 548 [idem
979 492 1121 562 ignis
1150 492 1204 547 in
1236 490 1462 548 fornace
1491 505 1763 564 arceatur,
1788 503 1844 550 et
1864 509 1985 550 cor-

2093 491 2256 565 τριῶν
2289 490 2493 546 παίδων
2525 490 2729 562 ἡττηθῇ
2751 529 2766 554 ,
2813 488 2906 543 καὶ
2949 487 3040 543 διὰ
3078 488 3282 544 τούτων
3325 488 3554 554 πίστεως
3587 492 3638 545 τὸ

417 601 701 658 ruptorum
734 587 1011 640 seniorum
1042 586 1183 639 victa
1214 584 1382 639 libido
1411 595 1690 657 arguatur.

1077 758 1230 815 CAP.
1261 758 1343 812 ll.‘

486 856 550 911 Υ.
582 858 635 911 5.
660 885 731 896 —
764 854 885 907 Vidi
910 855 1195 908 somnium.
1221 852 1515 925 Hippolyti.
1549 852 1835 909 Somnium
1862 853 1986 924 qui-

414 950 533 1004 dem
557 966 585 1001 a
614 965 737 1019 rege
764 948 964 1011 visum,
997 963 1104 1001 non
1135 956 1251 1001 erat
1279 956 1553 1014 terrestre,
1585 954 1646 1002 ut
1677 963 1775 1018 per
1798 947 1987 1003 mundi

413 1042 687 1110 sapientes
714 1040 1193 1109 interpretaretur;
1240 1039 1332 1093 sed
1380 1045 1501 1093 erat
1547 1039 1795 1104 caeleste,
1831 1038 1987 1109 juxta

411 1132 508 1188 Dei
537 1134 871 1187 voluntatem
916 1141 971 1186 et
1016 1130 1410 1200 providentiam
1460 1145 1702 1200 congruo
1746 1138 1987 1201 tempore

411 1227 715 1295 impletum.
734 1225 1002 1294 —ltaque
1038 1224 1140 1279 hoc
1168 1223 1399 1279 celatum
1428 1232 1512 1278 est
1534 1223 1810 1278 terrestria
1839 1223 1990 1293 cogi-

411 1318 656 1373 tantibus
672 1316 1005 1381 hominibus,
1020 1325 1078 1370 ut
1090 1315 1456 1386 quaerentibus
1468 1315 1731 1378 caelestia.
1745 1315 1985 1371 cmlestia

409 1409 668 1481 mysteria
700 1406 1092 1463 revelarentur.
1133 1406 1189 1461 ln
1217 1406 1453 1478 Aigypto
1492 1406 1639 1461 enim
1681 1404 1985 1463 Pharaonis

406 1510 462 1557 et
489 1499 712 1569 Josephi
747 1508 991 1569 tempore
1021 1500 1219 1553 similia
1245 1497 1385 1555 facta
1414 1506 1563 1554 sunt.

481 1677 547 1732 γ.
580 1679 634 1734 5.
657 1708 729 1719 ——
754 1676 938 1733 Sermo
971 1678 1177 1732 recessit
1205 1695 1237 1732 a
1271 1695 1370 1732 me.
1401 1678 1695 1752 Hippolyti.
1714 1678 1865 1735 Visio
1894 1696 1983 1737 ce-

406 1772 513 1826 lata
552 1771 653 1826 fuit
700 1772 834 1841 regi,
884 1780 942 1825 ut
984 1786 1016 1826 a
1060 1769 1171 1827 Deo
1210 1773 1414 1829 electus
1469 1772 1658 1828 Daniel
1714 1774 1970 1843 propheta

2088 585 2146 637 ἐν
2180 582 2395 654 καμίνῳ
2421 581 2531 654 πῦρ
2557 580 2861 652 φυγαδευθῇ
2880 624 2894 647 ,
2922 581 3016 636 καὶ
3043 580 3149 635 τῶν
3181 582 3401 655 ἀνόμων
3423 581 3640 655 πρεσϐυ-

2087 672 2261 744 τέρων
2295 672 2539 743 ματαίως
2571 672 2604 742 ή
2638 671 2901 742 ἐπιθυμία
2927 671 3175 745 ἐλεγχθῇ.

2746 762 2884 813 ΚΕΦ
2921 761 2997 819 B’.

2157 857 2226 921 γ’.
2269 851 2724 921 Ἐνυπνιάσθην.
2759 853 3093 910 Ἱππολύτου.
3140 855 3215 909 T6
3262 856 3360 928 μὲν
3406 850 3501 910 οὖν
3533 856 3639 910 ἐνύ-

2086 958 2238 995 πνιον
2270 941 2329 994 τὸ
2369 941 2474 995 ὑπὸ
2502 942 2595 995 τοῦ
2630 942 2891 1013 βασιλέως
2925 945 3253 1017 ἑωραμένον,
3297 946 3399 1000 ούκ
3430 942 3498 1019 ἦν
3535 947 3639 1000 ἐπί-

2085 1050 2265 1103 γειον,
2301 1034 2388 1087 ἵνα
2421 1034 2527 1087 ὑπὸ
2556 1034 2665 1089 τῶν
2700 1036 2795 1090 τοῦ
2839 1037 3043 1108 κόσμου
3090 1039 3267 1109 σοφῶν
3313 1040 3608 1112 ἐρμηνευθῇ
3629 1057 3642 1071 ·

2085 1126 2199 1179 ἀλλ’
2226 1121 2294 1197 ἦν
2320 1126 2639 1198 ἐπουράνιον
2658 1167 2672 1193 ,
2701 1127 2842 1182 κατὰ
2875 1128 3007 1183 Θεοῦ
3040 1130 3233 1203 βουλὴν
3266 1132 3361 1186 καὶ
3403 1132 3644 1203 πρόνοιαν

2087 1217 2235 1282 ἰδίοις
2259 1221 2468 1289 καιροῖς
2501 1219 2871 1292 πληρούμενον
2890 1232 2907 1252 ⁸
2943 1222 3039 1275 καὶ
3069 1221 3157 1277 διὰ
3178 1222 3336 1278 τοῦτο
3367 1223 3641 1295 ἀπεκρύϐη

2087 1310 2185 1381 μὲν
2214 1311 2319 1364 ἀπὸ
2347 1311 2454 1364 τῶν
2487 1311 2555 1366 τά
2591 1313 2808 1382 ἐπίγεια
2841 1312 3178 1384 φρονούντων
3210 1313 3511 1387 ἀνθρώπιον
3531 1354 3546 1379 ,
3570 1316 3645 1369 ἵνα

2082 1406 2195 1467 τοῖς
2228 1404 2294 1457 τά
2328 1404 2631 1476 ἐπουράνια
2662 1404 2919 1477 ζητοῦσι,
2950 1405 3024 1460 τά
3056 1407 3353 1479 ἐπουράνια
3389 1407 3645 1479 μυστήρια

2082 1496 2472 1569 ἀποκαλυφθῇ·
2506 1497 2745 1569 καὶ-γάρ
2790 1500 2847 1551 ἐν
2882 1498 3142 1570 Αἰγύπτῳ
3178 1499 3271 1552 ἐπὶ
3316 1499 3411 1554 τοῦ
3461 1496 3646 1571 Φαραὼ

2082 1589 2176 1642 καὶ
2206 1589 2299 1642 τοῦ
2338 1589 2536 1661 Ἰωσὴφ
2568 1591 2635 1644 τὰ
2666 1592 2825 1661 ὅμοια
2858 1591 3174 1662 γεγένηται.
3696 1580 3705 1589 ’

2150 1686 2212 1733 ε’.
2271 1680 2324 1733 '0
2359 1682 2540 1751 λόγος
2572 1683 2673 1737 ἀπ’
2708 1683 2854 1753 ἐμοῦ
2895 1684 3148 1754 ἀπέστη.
3191 1685 3529 1740 Ἱππολύτου.
3562 1686 3645 1741 Διά

2080 1770 2239 1825 τοῦτο
2275 1772 2563 1845 ἀπεκρύϐη
2606 1774 2666 1827 τὸ
2697 1775 2878 1846 ὅραμα
2911 1774 3021 1829 ἀπὸ
3049 1776 3139 1829 τοῦ
3173 1776 3467 1848 βασιλέως,
3502 1779 3584 1831 ἵνα
3619 1781 3644 1832 ό

404 1880 526 1920 eam
547 1865 874 1935 explicaret;
900 1881 1021 1934 quae
1048 1868 1192 1922 enim
1224 1869 1345 1922 aliis
1366 1868 1558 1931 celata,
1586 1869 1652 1922 ab
1674 1868 1781 1922 alio
1817 1884 1969 1923 reve-

2093 1863 2182 1916 ὅπὸ
2213 1862 2348 1917 Θεοῦ
2378 1839 2619 1934 ἐκλεγεὶς
2666 1839 2866 1939 Δανιήλ
2898 1839 3185 1941 προφήτης
3213 1867 3287 1923 ὢν
3320 1839 3641 1941 ἀποδειχθῇ’

406 1956 606 2020 lantur,
631 1961 941 2013 necessario
966 1957 1285 2028 prophetam
1328 1975 1454 2014 eum
1482 1959 1837 2015 manifestam
1879 1960 1972 2031 qui

406 2047 630 2101 revelat.

472 2229 539 2284 V.
577 2229 663 2285 10.
684 2261 757 2271 —
777 2230 1159 2301 Respondentes
1192 2249 1312 2303 ergo
1344 2232 1583 2288 σκιαίάωὶ
1625 2246 1803 2285 eorum
1838 2245 1973 2300 rege,

400 2321 647 2375 dixerunt
672 2339 690 2377 :
718 2322 841 2377 Non
869 2333 946 2377 est
998 2324 1151 2377 homo
1184 2340 1340 2393 super
1371 2334 1589 2385 terram,
1624 2330 1729 2377 etc.
1777 2320 1977 2389 Hippo-

400 2414 518 2485 lyti.
544 2414 681 2480 Quia
709 2415 854 2470 enim
888 2415 1229 2484 impossibile
1259 2417 1512 2470 dixerunt
1543 2415 1610 2468 ab
1636 2413 1852 2467 homine
1876 2412 1976 2465 hoc

400 2510 650 2574 narrari,
698 2508 844 2578 quod
889 2524 986 2563 rex
1038 2510 1440 2569 sciscitabatur.
1494 2506 1815 2561 monstravit
1868 2505 1975 2560 illis

399 2599 567 2667 Deus,
594 2602 739 2670 quod
783 2616 872 2657 res
915 2602 1059 2672 apud
1096 2600 1344 2655 homines
1378 2599 1755 2669 impossibilis,
1796 2599 1973 2668 possi-

398 2696 527 2752 bilis
557 2706 641 2752 est
662 2698 803 2767 apud
828 2696 1021 2751 Deum.

472 2786 538 2841 V.
571 2786 657 2841 14.
682 2786 852 2840 -Αό
886 2785 1079 2840 Arioch
1114 2784 1466 2855 archimagiro
1507 2781 1778 2851 (Vulgata,
1827 2781 1974 2851 prin-

400 2878 514 2948 cipe
544 2878 799 2948 militite).
828 2877 1123 2949 Hippolyti.
1156 2876 1224 2931 Ut
1250 2876 1393 2930 enim
1423 2891 1635 2945 coquus
1659 2874 1841 2928 omnia
1866 2874 1979 2928 ani-

401 2971 565 3025 malia
598 2971 799 3026 occidit
827 2982 880 3025 et
908 2972 1115 3040 coquit,
1146 2972 1225 3025 sic
1249 2972 1349 3024 iste
1372 2967 1767 3037 archimagirus
1789 2966 1974 3020 eodem

401 3061 567 3116 modo
594 3079 608 3115 :
643 3069 697 3116 et
734 3061 1008 3131 principes
1037 3062 1223 3116 mundi
1252 3060 1510 3115 occidunt
1539 3059 1809 3127 homines,
1838 3058 1979 3113 sicut

403 3152 799 3207 irrationabilia
830 3154 1086 3207 animalia
1125 3152 1484 3222 coquinantes
1514 3165 1631 3205 eos.

475 3242 537 3297 V.
572 3243 663 3299 9.5.
686 3273 757 3282 —
785 3244 925 3308 Quia
956 3244 1269 3314 sapientiam
1310 3251 1360 3295 et
1392 3239 1760 3311 fortitudinem
1790 3238 1981 3292 dedisti

404 3336 550 3389 mihi.
607 3334 902 3407 Hippolyti.
946 3332 1170 3404 Oportet
1218 3349 1346 3404 ergo
1392 3348 1493 3388 nos
1538 3330 1853 3387 meminisse
1889 3329 1982 3384 Dei

401 3426 823 3491 misericordias,
861 3426 1138 3495 quomodo
1186 3425 1344 3479 bonis
1388 3433 1443 3478 et
1486 3423 1803 3477 timentibus
1856 3438 1982 3474 eum

401 3520 653 3589 protinus
681 3534 800 3574 sese
829 3521 1032 3574 revelat
1051 3527 1104 3573 et
1133 3525 1422 3582 monstrat,
1443 3518 1673 3586 implens
1703 3514 1983 3570 orationes

401 3625 454 3665 et
483 3611 770 3680 petitiones
808 3626 1024 3675 eorum,
1059 3610 1201 3664 sicut
1243 3610 1498 3680 pr0pheta
1520 3610 1689 3663 dicit:
1726 3606 1855 3672 Quis
1894 3624 1984 3660 sa-

401 3698 569 3766 piens,
596 3706 645 3749 et
702 3697 959 3768 intelliget
1006 3699 1146 3752 ista?
1191 3697 1511 3768 intelligens,
1537 3706 1585 3751 et
1655 3697 1782 3750 sciet
1836 3696 1984 3749 lucc?

404 3786 548 3858 (Ose.
583 3803 697 3854 xw,
734 3786 847 3857 10.)

475 3875 540 3932 V.
559 3877 651 3933 27.
666 3908 739 3919 -
752 3877 1049 3949 Sapientes,
1069 3881 1230 3950 magi,
1254 3880 1516 3949 aruspices
1534 3888 1809 3949 nequeunt,
1829 3889 1979 3935 etc...

405 3967 695 4042 Hippolyti.
742 3972 911 4028 Docet
951 3990 1133 4045 regem
1180 3989 1290 4028 non
1341 3972 1483 4043 apud
1532 3973 1779 4027 homines
1810 3982 1982 4028 terre-

402 4067 545 4115 stres
587 4061 830 4117 caelestia
883 4065 1141 4134 mysteria
1176 4063 1512 4136 investigari,
1563 4079 1685 4132 qua:
1728 4064 1982 4133 congruis

401 4155 745 4221 temporibus
777 4171 807 4208 a
835 4154 946 4210 Deo
971 4156 1340 4225 perlicientur.

475 4243 541 4298 ν.
575 4244 668 4299 29.
688 4275 759 4285 —
785 4245 884 4310 Tu,
904 4262 1015 4309 rex,
1035 4249 1266 4317 cogitare
1296 4249 1517 4318 carpisti.
1549 4248 1841 4321 Hippolyti.
1870 4248 1981 4304 Rex

402 4334 515 4399 ille,
549 4336 804 4392 dominus
829 4349 987 4393 terra:
1025 4338 1266 4411 Egypti,
1302 4339 1503 4395 Judaeae
1540 4342 1776 4412 regionis
1807 4340 1983 4396 domi-

401 4436 509 4495 tor,
539 4438 594 4484 et
621 4430 955 4500 populi‘ejus
986 4434 1308 4502 captivator,
1345 4434 1636 4503 cogitabat,
1666 4434 1795 4488 dum
1837 4443 1982 4490 esset

402 4519 458 4573 in
494 4521 633 4575 lecto
660 4537 760 4576 suo
787 4523 917 4592 quid
952 4536 1242 4579 venturum
1273 4536 1390 4579 erat
1427 4536 1546 4595 post
1582 4526 1697 4581 haec
1722 4544 1737 4580 :
1763 4528 1854 4596 qui
1880 4542 1978 4581 au-
2010 4554 2052 4608 υ

401 4617 511 4665 tem
549 4612 733 4667 omnia
780 4614 1100 4670 abscondita
1147 4618 1463 4687 cognoscit,
1517 4627 1570 4672 et
1624 4620 1978 4689 cogitationes

401 4704 650 4759 cordium
699 4716 996 4773 scrutatur,
1033 4710 1408 4765 nianil'estavit
1453 4712 1503 4765 ei
1553 4727 1649 4782 per
1690 4713 1979 4784 imaginem

401 4816 524 4869 qua:
553 4800 733 4857 futura
777 4814 940 4860 sunt:
980 4806 1265 4862 abscondit
1300 4818 1480 4862 autem
1511 4810 1560 4862 ei
1593 4809 1880 4876 visionem,
1913 4825 1981 4864 ne

401 4908 433 4946 a
466 4894 807 4963 sapientibus
836 4896 1131 4969 Babylonis
1160 4897 1255 4953 Dei
1290 4900 1521 4954 consilia
1558 4900 1819 4971 explicari
1851 4916 1980 4972 pos-

402 4996 545 5053 sent,
578 4989 671 5043 sed
714 4998 775 5044 ut
819 5006 849 5044 a
893 4990 1052 5045 beato
1103 4991 1347 5055 Daniele,
1385 4992 1533 5047 velut
1566 4992 1827 5063 propheta
1862 4991 1976 5057 Dei,

402 5094 524 5149 quae
553 5080 808 5137 omnibus
835 5074 1165 5138 abscondita'
1182 5092 1360 5153 erant,
1396 5084 1830 5139 manifestentur.

474 5337 536 5396 ν.
576 5340 667 5396 51.
691 5336 983 5394 ——Ecce...
1017 5348 1198 5394 statua
1239 5358 1349 5395 una
1396 5339 1633 5413 grandis.
1681 5340 1974 5413 Hippolyti.

401 5431 687 5500 Quomodo
720 5446 828 5486 non
857 5433 1207 5487 recordemur
1228 5449 1350 5504 quae
1379 5435 1678 5504 antiquitus
1704 5434 1979 5506 Babylone

407 5526 597 5581 Daniel
626 5529 990 5599 prophetarit,
1017 5536 1072 5583 et
1101 5542 1248 5584 nunc
1268 5527 1322 5581 in
1345 5527 1474 5581 orbe
1496 5527 1772 5597 perfecta?
1793 5528 1979 5599 Imago

401 5617 549 5673 enim
582 5618 638 5673 in
668 5619 772 5675 isto
801 5631 1043 5691 tempore
1072 5628 1375 5674 monstrata
1402 5619 1515 5689 regi
1545 5616 1979 5675 Nabuchodono-

405 5725 517 5776 sor,
554 5719 713 5781 typus
762 5720 879 5767 erat
924 5712 1097 5767 totius
1143 5710 1352 5766 mundi.
1399 5709 1457 5764 ln
1494 5711 1828 5780 temporibus
1870 5710 1977 5765 illis

405 5802 704 5875 regnabant
730 5818 892 5875 super
914 5818 1105 5858 omnes
1131 5800 1431 5873 Babylonii,
1450 5801 1543 5871 qui
1571 5808 1731 5872 caput
1748 5815 1973 5857 aureum

2079 1956 2179 2010 ὅσα
2204 1956 2311 2029 γὰρ
2348 1956 2455 2011 ἀπὸ
2490 1957 2587 2029 μέν
2618 1958 2818 2030 ἐτέρων
2852 1960 3300 2031 ἀποκέκρυπται,
3334 1960 3443 2014 ὑπὸ
3472 1961 3645 2032 ἐτέρου

2079 2047 2135 2100 δέ
2171 2048 2535 2122 φανεροῦται,
2575 2049 2635 2118 ἐξ
2677 2050 2922 2124 ἀνάγκης
2952 2053 3238 2125 προφήτης
3275 2053 3646 2107 ἀποδείκνυται

2079 2139 2107 2191 6
2133 2139 2327 2209 λέγων.

2157 2237 2205 2284 ι’.
2243 2231 2355 2285 Καὶ
2388 2230 2695 2302 λέγουσιν,
2747 2236 2869 2289 Οὐκ
2904 2234 3076 2290 ἔστιν
3108 2234 3438 2304 ἅνθρωπος.
3480 2235 3647 2287 Ἱππο-

2080 2324 2259 2378 λύτου.
2313 2325 2464 2378 Ἐπεὶ
2508 2321 2601 2380 οὖν
2647 2326 2907 2381 ἀδύνατον
2958 2328 3165 2397 ἔφασαν
3212 2327 3316 2381 ὑπὸ
3366 2326 3644 2397 ἀνθρώπου

2080 2414 2240 2468 τοῦτο
2283 2414 2537 2486 λεχθῆναι
2585 2415 2647 2469 τὸ
2698 2416 2803 2470 ὑπὸ
2845 2416 2939 2470 τοῦ
2985 2416 3249 2488 βασιλέως
3290 2414 3647 2488 ζητούμενον,

2082 2507 2351 2574 ἐπέδειξεν
2394 2508 2578 2571 αὐτοῖς
2626 2507 2654 2560 6
2701 2507 2867 2574 Θεὸς,
2913 2509 2994 2562 ὅτι
3039 2508 3106 2561 τὰ
3150 2507 3303 2579 παρά
3352 2507 3649 2581 ἀνθρώποις

2082 2598 2348 2666 ἀδύνατα,
2372 2599 2544 2654 ταῦτα
2572 2599 2629 2653 δυ
2647 2600 2771 2655 θατὰ
2798 2596 2939 2654 εἶναι
2972 2599 3123 2672 παρά
3148 2600 3284 2672 Θεῷ.

2154 2774 2232 2829 ιδ’.
2283 2773 2492 2844 Ἀριὼχ
2518 2771 2597 2839 τῷ
2626 2774 3042 2845 ἀρχιμαγείρῳ.
3083 2772 3425 2830 Ἱππολύτου.
3455 2772 3653 2847 ’Ὠσπερ

2080 2866 2187 2939 γὰρ
2221 2868 2249 2919 6
2280 2865 2542 2938 μάγειρος
2576 2865 2755 2920 πάντα
2797 2866 2866 2920 τὰ
2913 2865 3026 2931 ζῶα
3071 2866 3283 2937 ἀναιρεῖ
3324 2867 3421 2919 καὶ
3475 2884 3655 2937 μαγει-

2084 2956 2248 3032 ρεύει,
2277 2956 2418 3011 οὓτω
2452 2957 2702 3022 κάκεῖνος
2735 2956 2811 3029 τῷ
2842 2955 2988 3028 αύτῷ
3019 2957 3223 3028 τρόπῳ⁹
3258 2957 3356 3012 καὶ
3383 2958 3435 3011 οἱ
3471 2959 3657 3029 ἄρχον-

2080 3067 2170 3113 τες
2195 3050 2287 3103 τοῦ
2323 3050 2526 3121 κόσμου
2560 3049 2843 3122 ἀναιροῦσι
2870 3052 2996 3115 τοὺς
3018 3050 3361 3122 ἀνθρώπους,
3390 3050 3467 3114 ὡς
3502 3051 3656 3119 ἄλογα

2083 3140 2198 3206 ζῶα
2228 3141 2644 3213 μαγειρεύοντες
2672 3142 2888 3206 αὐτούς.

2156 3234 2277 3285 Ὅτι
2320 3232 2545 3300 σοφίαν
2584 3232 2685 3286 καὶ
2714 3232 2971 3302 δύναμιν
2994 3231 3222 3299 ἔδωκάς
3248 3250 3369 3303 μοι.
3411 3229 3657 3285 Ἱππολύ-

2082 3342 2197 3379 του.
2225 3326 2317 3377 Δεῖ
2347 3322 2439 3379 οὖν
2465 3328 2605 3379 νοεῖν
2638 3327 2787 3397 ἡμᾶς
2816 3325 2915 3397 τὴν
2944 3324 3038 3377 τοῦ
3072 3324 3205 3378 Θεοῦ
3241 3323 3657 3394 εὐσπλαγχνίαν,

2084 3416 2201 3480 πῶς
2233 3420 2344 3481 τοῖς
2375 3417 2546 3485 ἀξίοις
2573 3418 2667 3471 καὶ
2702 3416 3056 3489 φοϐουμένοις
3090 3417 3251 3470 αὐτὸν
3282 3417 3497 3487 ταχέως
3532 3418 3657 3469 ἀπο-

2082 3508 2347 3562 καλύπτει
2394 3509 2487 3563 καὶ
2531 3512 2785 3581 φανεροῖ,
2834 3508 3167 3581 ἀποπληρῶν
3211 3508 3309 3571 τάς
3348 3525 3408 3561 τε
3452 3508 3658 3579 δεήσεις

2083 3602 2175 3656 καὶ
2208 3602 2275 3657 τὰ
2306 3604 2584 3674 αἰτήματα
2612 3601 2789 3656 αὐτῶν
2814 3641 2829 3666 ,
2855 3600 2931 3665 ὡς
2969 3601 2998 3652 ὁ
3038 3602 3327 3674 προφήτης
3350 3601 3535 3669 λέγει·
3574 3600 3659 3663 Τίς

2082 3692 2308 3761 σοφὸς,
2353 3693 2455 3745 καὶ
2494 3690 2753 3759 συνήσει
2795 3691 3018 3755 ταῦτα;
3052 3691 3150 3745 καί
3178 3691 3489 3759 ἅνθρωπος
3521 3703 3657 3743 συν-

2082 3784 2213 3850 ετὸς
2233 3825 2247 3848 ,
2280 3785 2379 3838 καὶ
2414 3783 2705 3855 γνώσεται
2733 3783 2951 3851 ταῦτα;

2155 3874 2257 3938 κζ’.
2308 3877 2429 3928 Οὐκ
2480 3875 2613 3929 ἔστι
2664 3873 2871 3943 σοφῶν
2903 3872 3131 3945 μάγων.
3181 3871 3527 3927 Ἱππολύτου.
3571 3874 3655 3922 Δι-

2081 3964 2267 4018 δάσκει
2300 3966 2388 4019 τὸν
2416 3963 2643 4035 βασιλέα
2680 3964 2753 4036 μὴ
2789 3965 2942 4036 παρά
2976 3964 3275 4037 ἀνθρώπων
3305 3966 3571 4032 ἐπιγείων
3602 3964 3659 4016 τά

2083 4053 2377 4126 ἐπουράνια
2413 4055 2687 4125 μυστήρια
2726 4053 3024 4125 ἐπιζητεῖν,
3080 4056 3224 4126 ειπερ
3267 4054 3459 4127 ἔμελλε
3519 4054 3659 4117 ἰδίοις

2083 4146 2293 4214 καιροῖς
2318 4144 2423 4196 ὑπὸ
2448 4144 2581 4197 Θεοῦ
2605 4144 2987 4199 ἐπιτελεῖσθαι.

2153 4236 2254 4288 κθ’.
2284 4235 2368 4290 Σὺ
2387 4236 2678 4301 βασιλεῦ·
2724 4238 2778 4289 οἱ
2818 4236 3095 4307 λογισμοί
3133 4250 3267 4289 σου.
3316 4233 3655 4287 Ἱππολύτου.

2082 4326 2189 4381 Τοῦ
2222 4327 2331 4401 γάρ
2369 4327 2628 4398 βασιλέως
2665 4330 3039 4399 κρατήσαντος
3074 4326 3171 4399 μὲν
3204 4326 3304 4396 τῆς
3352 4326 3457 4396 γῆς
3496 4322 3660 4392 Αίγύ-

2082 4438 2239 4486 πτου,
2282 4421 2383 4493 τὴν
2431 4420 2488 4474 δὲ
2534 4420 2795 4474 Ἰουδαίαν
2840 4420 3023 4491 χώραν
3071 4416 3521 4490 παραλαϐόντος,
3573 4414 3660 4467 καὶ

2082 4514 2171 4567 τὸν
2208 4513 2334 4567 λαὸν
2378 4514 2819 4585 μετοικήσαντος,
2859 4510 3184 4580 διελογίζετο
3212 4510 3304 4563 ἐπὶ
3344 4509 3443 4579 τῆς
3474 4506 3661 4577 κοίτης

2080 4604 2176 4671 ῶν,
2202 4607 2255 4658 τί
2287 4606 2395 4677 ἄρα
2428 4606 2578 4660 ἐσται
2621 4604 2759 4677 μετά
2788 4604 2979 4658 ταῦτα·
3021 4606 3049 4657 6
3086 4603 3141 4655 δέ
3175 4603 3245 4656 τὰ
3277 4600 3494 4674 κρυπτὰ
3530 4599 3660 4652 πάν-

2079 4713 2185 4749 των
2214 4698 2576 4768 ἐπιστάμενος
2603 4699 2698 4752 καὶ
2725 4699 2852 4761 τοὺς
2874 4695 3257 4766 διαλογισμοὺς
3282 4691 3391 4746 τῶν
3420 4691 3658 4765 καρδιῶν

2079 4789 2335 4859 ἐρευνῶν,
2370 4790 2717 4861 ἀπεκάλυψεν
2758 4789 2906 4860 αὐτῷ
2938 4788 3026 4843 διὰ
3059 4788 3158 4858 τῆς
3192 4787 3397 4851 εἰκόνος
3427 4786 3497 4840 τά
3539 4785 3659 4839 ἐσό-

2081 4899 2239 4954 μενα’
2285 4882 2559 4954 ἐπέκρυψε
2597 4882 2653 4935 δὲ
2702 4884 2831 4955 παρ’
2878 4879 3043 4934 αὐτοῦ
3092 4880 3153 4932 τὸ
3187 4880 3399 4950 ὅραμα,
3448 4880 3535 4933 ἵνα
3584 4880 3657 4951 μὴ

2077 4973 2183 5028 ὑπὸ
2210 4974 2318 5028 τῶν
2345 4972 2522 5043 σοφῶν
2554 4973 2869 5036 Βαϐυλῶνος
2908 4973 2978 5025 τά
3015 4970 3108 5024 τοῦ
3138 4970 3272 5024 Θεοῦ
3312 4969 3656 5042 βουλεύματα

2078 5064 2480 5138 ἐρμηνευθῆναι
2498 5065 2721 5136 δυνηθῇ,
2744 5064 2857 5119 ἀλλ’
2885 5066 2989 5117 ὑπὸ
3015 5063 3105 5117 τοῦ
3135 5064 3408 5135 μακαρίου
3434 5065 3655 5136 Δανιὴλ,

2079 5158 2172 5211 ἤτε
2201 5159 2486 5229 προφήτης
2504 5158 2595 5211 τοῦ
2614 5155 2769 5223 Θεοῦ,
2789 5157 2857 5211 τὰ
2879 5159 3042 5211 πᾶσιν
3066 5158 3534 5229 ἀποκεκρυμμένα
3559 5177 3658 5228 φα-

2078 5266 2134 5303 νε
2142 5250 2309 5322 ρωθῇ.

2145 5341 2245 5395 λα’.
2279 5341 2424 5401 Ἰδοὺ
2444 5339 2621 5395 εἰκὼν
2638 5342 2747 5411 μία
2762 5339 3015 5410 μεγάλη.
3045 5339 3384 5394 Ἱππολύτου.
3412 5341 3540 5405 Πῶς
3564 5335 3658 5394 οὖν

2077 5433 2137 5487 ού
2170 5432 2244 5505 μὴ
2270 5434 2551 5505 νοήσωμεν
2578 5432 2647 5486 τὰ
2671 5432 2836 5487 πάλαι
2862 5431 3138 5485 Βαϐυλῶνι
3169 5432 3277 5484 ὑπὸ
3299 5432 3500 5505 Δανιὴλ
3519 5448 3657 5502 προε-

2078 5525 2407 5596 φητευμένα,
2436 5525 2530 5578 καὶ¹
2550 5524 2644 5579 νῦν
2675 5524 2755 5577 ἔτι
2776 5526 2833 5578 ἐν
2865 5525 3052 5595 κόσμῳ
3083 5523 3461 5595 πληρούμενα;
3487 5526 3517 5594 ή
3544 5526 3652 5596 γὰρ

2077 5616 2238 5671 εἰκὼν
2268 5616 2302 5688 ἡ
2333 5616 2452 5670 κατ’
2486 5617 2691 5669 ἐκεῖνον
2714 5615 2804 5669 τὸν
2836 5614 3020 5686 καιρὸν
3041 5615 3311 5685 δειχθεῖσα
3342 5615 3421 5685 τῷ
3440 5615 3655 5669 Ναϐου-

2078 5707 2387 5780 χοδονόσορ,
2431 5706 2601 5761 τύπον
2650 5710 2889 5780 περιεῖχε
2930 5706 3026 5761 τοῦ
3069 5706 3267 5770 παντὸς
3312 5708 3541 5779 κόσμου·
3592 5709 3656 5759 ἐν

2076 5796 2159 5871 οἷς
2203 5802 2408 5873 καιροῖς
2448 5798 2761 5855 ἐϐασίλευον
2811 5800 2932 5856 τότε
2966 5798 3181 5854 πάντων
3212 5800 3260 5853 οἱ
3290 5797 3645 5865 Βαϐυλώνια,
