3836 6510
168 346 272 401 673

1385 338 1677 397 SCHOLIA
1711 338 1777 394 IN
1811 337 2181 396 DANIELEM.

3329 341 3433 396 δτι

170 465 243 527 ὡς
275 461 485 534 κεφαλὴ
508 462 683 534 χρυσῆ
717 461 815 534 τῆς
847 459 1052 525 εἰκόνος
1080 459 1436 532 ὑπάρχοντες·
1473 459 1596 514 ἐπεὶ
1633 461 1750 530 μετ’

1858 467 2050 514 statuae
2083 466 2239 513 erant
2268 473 2281 510 :
2308 454 2506 511 deinde
2535 463 2657 525 post
2686 454 2811 510 illos
2848 455 3113 511 dominati
3146 467 3272 513 sunt
3301 456 3437 514 Per-

172 556 374 620 αὐτοὺς
418 556 732 628 ἐκράτησαν
760 555 968 627 Πέρσαι
1006 555 1099 607 ἐπὶ
1134 554 1228 624 ἔτη
1270 559 1410 624 σμε¹,
1438 554 1513 617 ὡς
1544 552 1759 606 δεικνύο

172 668 258 704 ναι
290 649 514 714 τούτους
544 649 637 703 τὸν
675 648 931 720 ἄργυρον·
959 648 1270 719 ἐκράτησαν
1295 647 1351 699 δὲ
1383 647 1476 699 καὶ
1499 644 1759 714 Ἕλληνες

172 743 472 816 ἀρξάμενοι
522 741 629 796 ἀπὸ
680 739 1027 810 Ἀλεξάνδρου
1072 737 1168 791 τοῦ
1202 737 1509 800 Μακεδόνος
1542 738 1633 790 ἐπὶ
1662 736 1755 808 ἔτη

169 835 479 908 τριακόσια·
520 834 597 899 ὡς
632 830 769 887 εἶναι
801 832 1026 895 τούτους
1073 831 1163 884 τὸν
1196 830 1392 901 χαλκόν
1413 846 1426 859 ·
1474 828 1611 900 μετὰ
1638 827 1760 881 τού-

168 943 295 990 τους
335 926 617 996 Ῥωμαῖοι,
643 923 849 995 κνῆμαι
881 923 1095 995 σιδηραῖ
1123 923 1223 992 τῆς
1255 922 1460 985 εἰκόνος
1488 921 1757 991 ὐράρχον-

166 1035 280 1081 τες,
316 1019 530 1088 ἰσχυροὶ
562 1017 735 1081 ὄντες,
765 1015 840 1080 ὡς
872 1014 1109 1087 σίδηρος·
1142 1014 1331 1067 ἔπειτα
1370 1012 1616 1067 δάκτυλοι
1656 1030 1757 1066 πο-

168 1106 274 1160 δῶν
307 1107 580 1179 ὄστρακον
622 1105 717 1159 καὶ
772 1105 1008 1176 σίδηρος,
1043 1105 1129 1157 ἴνα
1170 1101 1454 1173 δειχθῶσιν
1500 1102 1557 1154 αἱ
1584 1101 1757 1173 δημοηο

168 1197 395 1268 κρατίαι
420 1199 475 1251 αί
501 1196 789 1268 μέλλουσαι
820 1194 1102 1264 γίγνεσθαι
1130 1193 1503 1265 διαιρούμεναι
1530 1194 1611 1255 εἰς
1630 1192 1758 1255 τοὺς

170 1298 201 1343 ι’
228 1289 529 1353 δακτύλους
559 1288 661 1360 τῆς
684 1289 910 1353 είκόνος,
943 1289 1001 1342 ὲν
1034 1281 1116 1352 οἷς
1137 1285 1286 1339 ἔσται
1311 1285 1525 1358 σίδηρος
1553 1284 1757 1356 ἀναμε-

171 1382 441 1455 μιγμένος
471 1381 549 1453 τῷ
578 1382 852 1455 ὀστράκῳ.

235 1475 661 1543 λα’.Ὲθεὼρεις,
688 1496 740 1530 κ.
766 1494 819 1530 τ.
842 1476 892 1530 λ.
909 1472 1628 1543 Ἀπολλιναρίου.Ἕϐλεπεν,
1647 1472 1742 1526 καὶ

107 1604 126 1623 ο
167 1564 301 1619 ὡσεὶ
329 1567 553 1637 ἀνδριὰς
574 1563 673 1631 εἷς·
694 1563 761 1637 ἦν
793 1566 904 1639 γάρ
936 1566 1110 1638 τούτῳ
1146 1566 1220 1630 ὡς
1260 1565 1394 1637 πρὸς
1420 1565 1508 1617 τὸν
1533 1564 1741 1636 ὁρῶντα

169 1657 267 1726 οὐχ
281 1656 637 1727 ὑποκείμενόν
657 1674 731 1721 τι,
745 1656 857 1710 ἀλλ’
878 1655 1133 1727 ὁμοίωσις
1149 1654 1463 1725 φαινομένη·
1486 1655 1533 1706 εί
1555 1654 1609 1706 δὲ
1623 1653 1740 1724 (sic)

173 1748 267 1801 καὶ
306 1748 516 1800 πολλῶν
563 1748 672 1817 ἔχει
719 1748 909 1801 ἕνωσιν
957 1748 1015 1800 ὲν
1052 1746 1229 1817 ἑαυτῷ
1265 1746 1404 1799 ὥστε
1441 1746 1540 1799 ούκ
1576 1746 1743 1809 ὅντως

1863 566 1938 606 sa:
1963 551 2121 607 annis
2152 550 2403 605 ducentis
2422 548 2779 619 quadraginta
2801 548 3077 619 quinque;
3107 551 3313 606 indicat
3342 569 3438 608 eos

1861 654 2144 715 argentum
2187 660 2201 698 :
2244 631 2565 713 potestatem
2618 658 2747 697 vero
2800 644 3107 699 habuerunt
3150 645 3322 701 Graaci
3370 648 3440 703 ab

1861 737 2176 791 Alexandro
2207 735 2498 791 Macedone
2528 736 2687 790 annis
2713 737 3003 805 trecentis;
3034 736 3134 806 ipsi
3163 753 3238 792 aes
3262 746 3436 793 erant.

1860 825 1992 882 Post
2025 829 2126 883 hos
2153 827 2405 891 Romani,
2430 844 2588 883 crura
2634 828 2808 883 terrea
2840 838 3053 893 statuat,
3083 830 3292 885 robusti
3336 831 3439 886 viri

1862 930 1921 974 ut
1957 919 2159 975 ferrum
2188 940 2200 976 :
2236 920 2430 975 deinde
2461 921 2612 992 digiti
2651 923 2880 991 pedum,
2926 931 3060 977 testa
3092 931 3145 979 et
3188 924 3391 979 ferrum
3420 943 3436 980 :

1864 1020 1922 1065 ut
1954 1022 2391 1068 monstrarentur
2415 1013 2759 1067 democratia:
2783 1012 2978 1069 futurae
2997 1055 3011 1079 ,
3050 1016 3239 1070 divisae
3260 1016 3314 1070 in
3340 1018 3437 1071 de-

1859 1122 1976 1161 cem
2011 1108 2211 1178 digitos
2253 1115 2464 1171 statute,
2513 1106 2567 1159 in
2610 1106 2814 1176 quibus
2842 1108 2947 1161 erit
2978 1106 3181 1162 ferrum
3212 1108 3435 1163 mistum

1859 1208 2031 1254 ιθειίε.

1934 1472 1993 1528 V.
2024 1474 2109 1529 51.
2157 1476 2415 1540 Videbar,
2457 1489 2560 1534 etc.
2594 1478 2935 1548 Apollinarii.
2974 1478 3122 1549 (Non
3157 1496 3274 1533 vero
3302 1479 3435 1551 Hip-

1855 1564 2043 1637 polyti.
2086 1564 2192 1619 Hic
2228 1567 2292 1619 de
2327 1566 2421 1619 illo
2468 1568 2661 1621 mentio
2704 1578 2908 1622 tantum
2950 1569 3063 1640 ﬁt.)
3102 1571 3435 1639 Aspiciehat,

1854 1668 1907 1709 et
1955 1671 2080 1711 ecce
2119 1658 2274 1726 quasi
2315 1666 2491 1712 statua
2537 1674 2683 1713 una:
2727 1668 2844 1713 erat
2893 1662 3039 1713 enim
3074 1675 3254 1715 coram
3300 1662 3436 1729 illo,

1855 1764 1961 1801 non
1993 1758 2051 1802 ut
2080 1750 2253 1804 cuivis
2275 1750 2563 1819 spectatori
2598 1750 2800 1819 aliquid
2832 1751 3160 1819 expositum,
3200 1753 3291 1805 sed
3324 1762 3440 1807 erat

165 1828 265 1896 εἷς,
304 1836 473 1899 πολὺς
506 1837 535 1889 6
568 1836 789 1908 ἀνδριάς
822 1838 1049 1900 ἐκεῖνος·
1084 1835 1192 1889 τῶν
1226 1836 1333 1906 γάρ
1366 1835 1553 1888 πασῶν
1595 1835 1750 1905 βασι-

1858 1854 2123 1908 apparens
2172 1840 2380 1909 imago:
2430 1851 2483 1895 et
2532 1842 2825 1895 multorum
2878 1842 3039 1895 habet
3078 1843 3338 1896 unitatem
3382 1842 3436 1895 in

163 1923 326 1977 λειῶν
356 1923 504 1996 εἶχεν
536 1925 1035 1995 ἀνακεφαλαίωσιν·
1066 1926 1160 1977 καὶ
1190 1925 1420 1977 εύείδεια
1456 1923 1618 1976 αὑτοῦ
1649 1940 1749 1975 πε-

167 2016 331 2087 ρισσὴ
352 2016 441 2068 διὰ
472 2016 572 2088 τὴν
602 2017 758 2083 δόξαν
791 2016 898 2069 τῶν
930 2014 1212 2087 βασιλέων·
1244 2016 1337 2070 καὶ
1368 2018 1400 2087 ἡ
1438 2015 1618 2087 μορφὴ
1652 2017 1751 2069 αύ-

162 2106 258 2159 τοῦ
300 2107 508 2179 φοϐερὰ
536 2108 623 2162 διὰ
667 2109 765 2179 τὴν
800 2107 1064 2173 ἐξουσίαν.
1099 2106 1355 2171 Εὐσέϐιος
1394 2110 1421 2161 6
1465 2108 1750 2178 Παμφίλου

164 2199 261 2252 καὶ
305 2200 620 2264 Ἱππόλυτος
641 2203 669 2254 6
690 2198 991 2270 άγιὼτατος
1015 2200 1313 2263 ἐπίσκοπος
1352 2198 1567 2270 Ῥώμης
1597 2201 1753 2252 ἀπει-

163 2288 400 2353 κάζουσι
447 2291 545 2362 τὴν
577 2292 944 2363 προκειμένην
984 2290 1077 2344 τοῦ
1112 2290 1577 2363 Ναϐουχοδονόσορ
1617 2294 1748 2363 ὅρα-

164 2399 251 2435 σιν
299 2386 367 2454 τῇ
408 2382 502 2436 τοῦ
549 2384 829 2455 προφήτου
861 2382 1060 2455 Δανιὴλ
1101 2383 1354 2454 ὀπτασίᾳ·
1407 2383 1592 2453 ἐπειδὴ
1638 2383 1754 2436 δια-

163 2474 351 2545 φόρως
382 2476 483 2546 τὴν
518 2476 890 2548 προκειμένην
928 2476 1161 2548 θεωρίαν
1193 2476 1443 2543 ἐξέλαϐον
1471 2477 1520 2529 oi
1547 2477 1751 2547 ταύτην

166 2567 631 2638 ὲρμηνεύσαντες,
677 2571 974 2637 ἀναγκαῖον
1010 2569 1631 2641 ὲλογισάμηνΕύσεϐίου
1658 2569 1751 2624 τοῦ

166 2657 508 2728 Καισαρείας
538 2658 633 2710 τοῦ
677 2658 906 2730 ἐπίκλην
948 2658 1233 2729 Παμφίλου
1271 2659 1610 2731 παραθέσθαι
1642 2678 1753 2729 φω-

165 2749 263 2812 νάς
294 2750 592 2819 εἰρημένας
620 2749 677 2802 ὲν
704 2750 1173 2822 πεντεκαιδεκάτῳ
1216 2751 1367 2822 τόμῳ
1391 2752 1487 2822 τῆς
1515 2753 1753 2822 εὐαγγε-

162 2840 347 2909 λικῆς
378 2840 752 2907 Ἁποδείξεως
776 2842 914 2913 (72);
938 2836 1089 2906 οὗτος
1116 2842 1223 2915 γάρ
1254 2844 1435 2897 πᾶσαν
1466 2844 1753 2915 ἐκθέμενος

162 2932 265 3001 τὴν
284 2933 478 3006 ὅρασιν
499 2933 669 2997 οὕτως
699 2934 850 3005 φησί·
868 2935 1218 3006 -Ἡγοῦμαι
1238 2937 1410 2990 ταῦτα
1447 2936 1611 3008 μηδὲν
1640 2936 1754 2989 δια-

163 3023 357 3095 φέρειν
387 3024 490 3094 τῆς
518 3025 614 3078 τοῦ
642 3028 921 3099 προφήτου
954 3027 1207 3098 θεωρίας·
1234 3028 1309 3092 ὡς
1336 3028 1445 3100 γὰρ
1476 3032 1503 3083 6
1541 3031 1748 3103 προφή-

163 3131 265 3180 της
316 3114 593 3170 θάλασσαν
649 3115 797 3189 ἐώρα
851 3118 1128 3191 μεγάλην,
1192 3118 1364 3183 οὕτως
1414 3122 1443 3173 6
1498 3120 1749 3191 βασιλεὺς

162 3176 353 3257 εἰκόνα
399 3206 631 3279 πολλήν·
686 3176 779 3262 καὶ
818 3176 977 3262 πάλίν
1008 3176 1084 3274 ὡς
1114 3176 1157 3263 ’ό
1199 3176 1508 3284 προφητης.
1529 3213 1673 3284 ἑώρα
1776 3176 1816 3232 c

162 3297 350 3369 θηρία,
384 3299 530 3370 άπερ
577 3299 893 3370 ἑρμηνεύων
929 3300 1224 3371 μετέϐαλεν
1256 3306 1335 3367 εἰς
1376 3305 1417 3357 δ’
1452 3304 1749 3375 βασιλείας,

162 3388 345 3452 οὕτως
386 3390 416 3442 ὁ
466 3390 718 3460 βασιλεὺς
760 3392 859 3456 τὰς
890 3393 978 3447 διά
1008 3394 1101 3447 τοῦ
1147 3394 1347 3466 χρυσοῦ
1376 3397 1471 3449 καὶ
1508 3397 1750 3470 ἀργύρου

161 3481 257 3533 καὶ
302 3481 510 3552 χαλκοῦ
556 3484 650 3537 καὶ
693 3485 939 3556 σιδήρου,
976 3485 1248 3559 τέσσαρας
1296 3487 1570 3557 βασιλείας
1606 3490 1755 3560 ᾐνίτ-

159 3589 307 3625 τετο·
348 3573 442 3626 καὶ
490 3571 647 3639 αὖθις
691 3576 767 3641 ὼς
810 3579 840 3630 6
885 3578 1169 3650 προφήτης
1215 3578 1324 3633 τῶν
1374 3578 1468 3632 τοῦ
1520 3581 1751 3635 ὑστάτου

162 3663 360 3736 θηρίου
392 3667 639 3737 κεράτων
670 3668 807 3723 δέκα
837 3669 1102 3741 διαίρεσιν
1144 3668 1290 3741 ἑώρα
1313 3710 1328 3733 ,
1376 3671 1470 3724 καὶ
1503 3672 1627 3744 τρία
1659 3673 1753 3725 κέ·-

165 3773 305 3825 ρατα
335 3758 426 3827 ὑφ’
453 3760 570 3823 ἐνὸς
602 3760 1020 3833 συντριϐόμενα,
1047 3763 1141 3815 καὶ
1169 3763 1197 3815 6
1220 3762 1471 3833 βασιλεὺς
1493 3763 1754 3830 ὡσαύτως

161 3850 256 3903 ἐπὶ
298 3849 414 3904 τῶν
444 3851 770 3905 τελευταίων
801 3854 903 3924 τῆς
942 3854 1147 3918 εἰκόνος
1198 3854 1365 3926 μέρος
1403 3870 1455 3907 τι
1500 3855 1754 3927 σιδηροῦν

161 3945 257 3996 καὶ
293 3943 466 4015 μέρος
496 3944 812 4016 όστράκινον
850 3945 1091 4018 ἐθεώρει·
1136 3947 1231 3999 καὶ
1264 3948 1356 4000 ἐπὶ
1388 3948 1595 4012 τούτοις
1623 3949 1698 4012 ὡς
1725 3949 1754 4001 6

161 4036 460 4105 προφήτης
491 4035 630 4106 μετὰ
659 4038 758 4109 τὴν
791 4036 898 4090 τῶν
927 4039 1207 4109 τεσσάρων
1241 4039 1528 4109 βασιλειῶν
1564 4042 1753 4111 ὅρασιν

164 4126 314 4197 ἑώρα
346 4126 477 4178 Υἱὸν
528 4127 813 4199 ἀνθρώπου
861 4128 962 4202 τὴν
1003 4128 1145 4183 κατὰ
1192 4130 1408 4184 πάντων
1454 4130 1627 4204 ἀρχὴν
1659 4132 1754 4185 καὶ

163 4195 423 4282 ἐξουσίαν
471 4217 566 4271 καὶ
611 4195 883 4288 βασιλείαν
917 4195 1332 4293 παρειληφότα,
1378 4195 1695 4286 οὕτωςηκαὶ
1724 4226 1755 4280 6
1796 4195 1821 4225 .

164 4306 427 4376 βασιλεὺς
472 4307 618 4361 λίθον
662 4310 1011 4377 συντρίϐοντα
1057 4312 1157 4383 τὴν
1211 4312 1394 4365 εἰκόνα
1436 4315 1614 4366 πᾶσαν
1660 4314 1757 4368 καὶ

162 4400 455 4470 γινόμενον
494 4401 576 4462 είς
601 4400 725 4471 ὅρος
766 4401 907 4472 μέγα
935 4401 1031 4455 καὶ
1069 4402 1311 4475 πληροῦν
1350 4402 1619 4458 θάλασσαν
1644 4405 1757 4458 ὲδό·

162 4507 251 4543 κει
294 4491 458 4562 όρᾷν·
493 4490 589 4543 καὶ
637 4491 881 4556 εἰκότως·
913 4491 1119 4565 ἔπρεπε
1150 4492 1259 4566 γάρ
1296 4493 1374 4566 τῷ
1409 4495 1507 4566 μὲν
1536 4496 1752 4569 ἠπατη-

166 4582 317 4653 μένῳ
351 4582 485 4653 περὶ
516 4582 617 4653 τὴν
642 4583 737 4636 τοῦ
775 4583 891 4654 βίου
930 4586 1229 4655 φαντασίαν
1263 4586 1492 4657 βασιλεῖ,
1533 4589 1629 4642 καὶ
1654 4589 1753 4661 τὴν

161 4675 273 4730 τῶν
316 4675 597 4747 αἰσθητῶν
629 4672 716 4730 οἷα
749 4679 1056 4751 χρωμάτων
1094 4679 1404 4753 ὡραιότητα
1445 4682 1756 4753 ἐπιγραφῆς

161 4769 537 4840 ἀνακειμένης
566 4768 919 4841 θαυμάζοντι,
954 4771 1123 4825 εἰκόνι
1171 4772 1381 4846 μεγάλῃ
1422 4772 1513 4826 τὸν
1541 4774 1757 4828 πάντων

160 4859 477 4932 ἀνθρώπων
498 4860 817 4924 ἀπεικάζειν
843 4862 976 4933 βίον·
1002 4862 1095 4917 τὸν
1120 4862 1486 4937 δὲζπροφήτην
1515 4864 1636 4935 (διο)
1664 4867 1756 4919 τὸν

162 4954 336 5007 πολὺν
384 4954 481 5007 καὶ
529 4953 702 5025 μέγαν
752 4954 909 5008 σάλον
956 4954 1050 5008 τοῦ
1100 4955 1216 5025 βίου
1266 4954 1480 5027 μεγάλῃ
1510 4954 1756 5031 θαλάσσῃ

162 5044 565 5116 παραϐάλλειν·
602 5045 695 5098 καὶ
727 5044 805 5115 τῷ
840 5045 940 5116 μὲν
975 5043 1186 5115 βασιλεῖ
1225 5044 1324 5109 τὰς
1365 5044 1516 5117 παρά
1548 5044 1757 5119 ἀνθρὼ-

163 5154 291 5201 ποις
325 5136 645 5200 πολυτελεῖς
667 5136 967 5208 γενομένας
994 5137 1126 5200 ὔλας
1155 5134 1354 5210 χρυσοῦ
1379 5136 1470 5191 καὶ
1490 5139 1751 5212 ἀργύρου,

160 5227 379 5299 χαλκοῦ
428 5245 492 5280 τε
546 5229 639 5282 καὶ
684 5229 901 5300 σιδήρου
934 5226 1281 5299 θαυμάζοντι,
1316 5225 1414 5290 τὰς
1445 5229 1585 5281 κατά
1628 5230 1757 5300 χρό-

159 5340 293 5387 νους
329 5324 393 5375 ὲν
422 5319 503 5390 τῷ
531 5320 631 5391 βίῳ
662 5319 772 5373 τῶν
807 5318 1108 5391 ἀνθρώπων
1136 5320 1453 5390 ὲπικρατεῖς
1481 5318 1758 5390 βασιλείας

234 5457 357 5531 (72)
386 5455 485 5531 Est
514 5456 569 5509 in
604 5453 900 5524 deperditis
931 5454 1019 5531 hic
1046 5452 1266 5531 Eusebii
1307 5454 1460 5509 liber.
1494 5453 1757 5531 EAviginti

154 5524 337 5592 enim,
376 5528 566 5581 decem
615 5526 994 5579 tantummodo
1025 5525 1236 5594 priores
1265 5534 1498 5580 exstant.
1534 5524 1654 5592 Quo
1701 5528 1761 5581 tit

157 5598 467 5667 pretiosius
496 5597 602 5650 hoc
639 5594 1046 5667 decimiquinti
1081 5594 1476 5667 fragmentum;
1509 5598 1573 5650 ad
1610 5598 1758 5666 quod

157 5662 288 5723 sine
320 5668 495 5721 dubio
530 5665 769 5723 respexit
799 5662 1187 5719 'l‘héodoretus'
1210 5665 1265 5718 in
1306 5680 1405 5720 sua
1451 5681 1559 5720 non
1593 5662 1758 5721 dissi-

162 5684 288 5723 sme
320 5680 495 5721 dumo
530 5681 617 5720 res
690 5680 769 5718 xit
800 5680 1178 5719 'I'neoooretus
1210 5680 1265 5718 in
1306 5680 1405 5720 sua
1451 5681 1559 5720 non
1593 5680 1758 5721 mssr-

162 5738 288 5792 mili
313 5735 578 5806 Daniﬁelici
615 5680 780 5804 ﬁjus
806 5735 909 5788 loci
941 5735 1407 5806 interpretatione.
1430 5735 1616 5806 Neque
1646 5738 1760 5793 fere

159 5809 384 5865 abludit
413 5805 803 5878 Hieronymus,
838 5819 1001 5875 quem
1034 5805 1239 5879 alioqui
1290 5820 1397 5861 nou
1437 5806 1757 5878 infrequen-

1850 1930 2053 1999 seipsa,
2082 1931 2152 1984 ita
2190 1941 2245 1985 ut
2270 1947 2375 1985 non
2404 1931 2621 1986 realiter
2650 1947 2777 2000 una,
2810 1932 2904 1987 sed
2940 1934 3220 2003 multiplex
3258 1943 3439 1989 statua

1852 2020 1975 2075 ista.
2026 2019 2282 2076 Omnium
2314 2023 2458 2076 enim
2505 2039 2797 2092 regnorqu
2830 2040 3103 2079 summam
3144 2026 3375 2080 habebat
3420 2042 3436 2080 :

1849 2111 2197 2180 pulchritudo
2238 2114 2356 2181 ejus
2382 2115 2581 2167 decora
2616 2114 2779 2169 nimis
2827 2128 3048 2185 propter
3092 2117 3319 2186 gloriam
3360 2133 3440 2171 re.

1850 2217 1978 2271 gum
2003 2219 2016 2266 ;
2052 2212 2106 2255 et
2137 2212 2390 2271 aspectus
2417 2204 2537 2271 ejus
2567 2202 2822 2257 terribilis
2843 2244 2858 2270 ,
2876 2217 3095 2273 propter
3116 2206 3435 2274 potentiam.

1850 2291 2118 2347 Eusebius
2146 2291 2435 2362 Pamphili,
2476 2302 2531 2347 et
2560 2292 2897 2348 HIPI‘OLYTUS
2919 2296 3300 2351 sanctissimus
3331 2296 3446 2366 epi-

1850 2399 2048 2452 scopus
2068 2383 2252 2439 Romae
2280 2396 2733 2454 comparaverunt
2761 2384 3262 2443 Nabuchodonosor
3296 2405 3446 2444 som—

1852 2475 2003 2529 nium
2039 2477 2314 2546 propheta:
2362 2476 2600 2532 Dauielis
2630 2478 2848 2533 visioni.
2896 2479 3165 2545 Quoniam
3218 2480 3438 2535 diverso

1851 2565 1995 2621 hanc
2040 2568 2308 2623 visionem
2360 2570 2857 2639 interpretaverunt
2905 2571 2959 2625 in
3010 2571 3436 2626 Commentariis
3500 2586 3507 2593 °

1850 2660 1988 2723 suis,
2021 2661 2391 2715 necessarium
2414 2661 2651 2731 judicavi
2679 2662 2896 2717 Eusebii
2923 2663 3202 2725 Caesareae.
3234 2680 3438 2734 cogno-

1853 2750 2001 2804 mine
2038 2748 2307 2821 Pamphili
2341 2753 2705 2807 transcribere
2748 2753 2910 2808 verba
2953 2770 3078 2823 qua:
3105 2756 3313 2809 suntin
3344 2756 3441 2809 de-

1852 2841 1995 2896 cimo
2035 2843 2225 2912 quinto
2261 2844 2399 2898 libro
2434 2844 2765 2915 Evangelica:
2808 2848 3299 2902 demonstrationis.
3344 2846 3441 2901 llic

1851 2934 1994 2987 enim
2029 2943 2193 2987 totam
2222 2935 2497 3006 explicans
2524 2937 2789 2991 visionem
2817 2939 2895 2992 sic
2923 2939 3197 3007 loquitur:

1928 3043 1947 3076 ι
1999 3026 2260 3081 Existimo
2297 3030 2408 3082 hmo
2441 3030 2580 3093 (scil.
2613 3031 2877 3085 visionem
2910 3029 3438 3102 Nabuchodonosor)

1854 3132 1964 3171 non
1994 3118 2209 3173 differre
2239 3134 2269 3173 a
2306 3120 2516 3175 visione
2566 3122 2841 3192 prophetae
2888 3122 3137 3193 (Daniel).
3187 3122 3255 3176 Ut
3292 3125 3439 3176 enim

1855 3208 2110 3278 propheta
2136 3225 2286 3265 mare
2316 3212 2445 3266 vidit
2470 3229 2746 3284 magnum,
2774 3214 2853 3268 sic
2895 3228 2991 3267 rex
3026 3224 3261 3269 statuam
3304 3217 3441 3269 mul'

1854 3301 2129 3371 tiplicem:
2184 3312 2237 3357 et
2275 3304 2470 3358 iterum
2522 3308 2661 3360 sicut
2708 3305 2971 3375 propheta
3015 3306 3149 3361 vidit
3202 3318 3439 3378 quatuor

1853 3392 2077 3459 bestias,
2110 3410 2249 3465 quas
2291 3399 2655 3467 interpretans
2693 3398 3103 3453 transformavit
3129 3399 3183 3452 in
3209 3409 3442 3468 quatuor

1853 3498 2055 3553 regna;
2081 3486 2160 3539 sic
2185 3501 2277 3540 rex
2313 3503 2406 3556 per
2434 3503 2649 3553 aurum,
2680 3496 2731 3543 et
2760 3497 3122 3559 argentum,et
3151 3498 3306 3549 :es,et
3332 3488 3443 3544 fer-

1851 3589 2009 3641 rum,
2042 3586 2277 3645 quatuor
2322 3592 2487 3648 regna
2533 3579 2823 3649 allegorice
2870 3580 3157 3648 signiﬁcat.
3203 3577 3268 3633 Et
3317 3595 3441 3633 rur-

1853 3683 1973 3722 sum
2003 3676 2063 3721 ut
2088 3668 2349 3738 propheta
2380 3671 2580 3724 ultimae
2612 3671 2801 3725 bestiae
2838 3671 3024 3725 decem
3060 3686 3327 3726 cornuum
3359 3670 3442 3724 di-

1852 3760 2119 3815 visionem
2159 3763 2311 3828 vidit,
2360 3770 2414 3817 et
2462 3762 2565 3817 tria
2623 3778 2829 3818 cornua
2886 3764 2955 3817 ab
3001 3778 3111 3817 uno
3170 3763 3439 3829 contrita;

1854 3852 1928 3906 ita
1968 3868 2063 3906 rex
2108 3853 2299 3906 eodem
2345 3853 2507 3907 modo
2549 3855 2603 3907 in
2638 3855 2899 3909 membris
2940 3854 3293 3909 inferioribus
3330 3866 3441 3908 sta-

1856 3954 1961 3998 tuae
1992 3952 2199 4013 partem
2241 3942 2492 4006 ferream,
2520 3954 2572 3998 et
2604 3954 2811 4014 partem
2852 3954 3143 4000 testaceam
3174 3946 3329 3999 vidit.
3376 3944 3442 3998 Et

1854 4044 2043 4104 postea
2075 4047 2133 4089 ut
2166 4035 2428 4104 propheta
2473 4044 2598 4105 post
2642 4046 2879 4105 quatuor
2928 4051 3222 4106 regnorum
3271 4036 3442 4089 visio-

1853 4141 1999 4192 nem,
2028 4126 2160 4181 vidit
2178 4121 2371 4179 Filium
2408 4126 2644 4180 hominis
2676 4142 2839 4195 super
2871 4128 3050 4180 omnia
3076 4126 3361 4196 imperium
3387 4133 3442 4180 et

1860 4227 2175 4292 potestatem
2208 4230 2262 4274 et
2294 4234 2520 4290 regnum
2554 4218 2956 4285 possidentem;
2983 4219 3061 4273 sic
3087 4228 3140 4271 et
3166 4219 3271 4288 regi
3304 4219 3442 4288 iapi—

1854 4309 1975 4361 dem
2002 4310 2455 4365 comminuentem
2480 4317 2715 4363 statuam
2748 4318 2914 4364 totam
2940 4308 3252 4378 factumque
3281 4322 3440 4362 mon-

1855 4405 1963 4451 tem
2018 4413 2300 4469 magnum,
2354 4399 2667 4469 implentem
2702 4415 2851 4454 mare
2897 4399 3077 4454 videre
3122 4399 3299 4453 visum
3334 4408 3439 4453 est.

1856 4484 1922 4540 Et
1944 4486 2069 4558 jure
2101 4489 2318 4558 quidem
2356 4507 2370 4543 :
2396 4490 2622 4545 decebat
2646 4489 2791 4544 enim
2822 4504 3002 4563 regem
3034 4488 3177 4543 male
3206 4488 3444 4542 sentien-

1859 4590 1964 4634 tem
1992 4580 2058 4634 de
2082 4581 2200 4636 vita:
2227 4583 2562 4651 spectaculo,
2587 4592 2641 4637 et
2669 4582 3034 4644 sensibilium,
3062 4580 3291 4650 exempli
3317 4596 3441 4650 grao

1854 4672 1951 4740 tia,
2000 4674 2241 4730 colorum
2283 4675 2707 4745 pulchritudinis
2744 4677 2800 4730 in
2842 4676 3076 4745 pictura,
3119 4675 3221 4729 sub
3265 4673 3440 4729 oculis

1854 4769 2176 4837 spectatoris
2206 4769 2484 4839 exposita,
2528 4769 2946 4834 admiratorem,
2995 4777 3187 4824 statua:
3227 4782 3440 4837 magna;

1855 4860 2101 4914 omnium
2151 4860 2434 4915 hominum
2491 4862 2796 4917 assimilare
2844 4862 3056 4929 vitam;
3110 4860 3433 4931 prophetam

1853 4965 1985 5005 vero
2008 4951 2233 5006 decebat
2261 4952 2459 5007 multos
2491 4968 2828 5024 magnosque
2854 4953 3120 5008 tumultus
3146 4952 3271 5006 vitae
3297 4951 3436 5005 mari

1856 5057 2055 5113 magno
2083 5043 2439 5113 aequiparare.
2483 5042 2598 5097 Rex
2625 5046 2865 5114 quidem,
2896 5044 3076 5115 magni
3102 5044 3258 5113 pretii
3292 5043 3436 5112 apud

1856 5133 2135 5188 hominem
2192 5136 2409 5189 metalla
2453 5151 2678 5203 aurum,
2714 5146 2997 5205 argentum
3023 5177 3037 5201 ,
3075 5151 3183 5203 tes,
3231 5134 3434 5190 ferrum

1858 5226 2157 5293 admirans,
2196 5242 2360 5297 regna
2411 5227 2686 5281 variorum
2727 5235 3033 5297 temporum
3085 5228 3139 5280 in
3186 5226 3296 5280 vita
3334 5226 3437 5281 ho-

1857 5317 2068 5372 minum
2098 5318 2475 5387 potentissima
2515 5317 2599 5373 his
2636 5317 2866 5373 debebat
2895 5317 3200 5373 assimilare
3241 5316 3435 5371 metal-

1861 5466 1969 5510 tem
2022 5454 2243 5511 Eusebii
2295 5456 2561 5511 asseclam
2616 5471 2737 5511 esse
2791 5456 3019 5512 scimus.
3072 5452 3312 5522 Denique
3367 5469 3438 5508 ne

1858 5524 2280 5597 Chrysostomus
2322 5526 2540 5596 quidem
2587 5525 2804 5597 Eusebii
2844 5527 2989 5580 hunc
3031 5524 3213 5597 locum
3248 5526 3438 5597 uesci-

1858 5594 2004 5651 visse
2046 5597 2277 5651 videtur.
2325 5594 2591 5662 Caeterum
2631 5612 2696 5651 ex
2733 5596 2952 5650 Eusebii
2987 5594 3211 5650 scholiis
3243 5594 3295 5647 in
3336 5596 3438 5649 hac

1859 5676 2049 5721 catena
2100 5668 2547 5733 occurrentibus,
2597 5682 2660 5721 ea
2716 5666 2830 5721 fere
2874 5665 3174 5724 omittenda
3225 5665 3437 5732 curavi,

1860 5752 1981 5807 quae
2010 5738 2066 5793 in
2095 5738 2256 5795 editis
2278 5738 2390 5808 jam
2417 5737 2727 5793 exstabant.
2764 5736 2891 5792 MAI.
