3836 6500
407 309 514 367 675

1326 306 1384 361 S.
1422 302 1780 359 HlPPOLYTl
1818 301 1966 356 OPP.
1999 296 2178 353 PARS
2215 295 2256 351 Ι.
2291 321 2360 336 —-
2393 294 2803 352 EXEGETICA.

3545 301 3642 356 676

408 432 511 497 lis;
551 428 816 499 propheta
862 441 991 484 vero
1033 428 1088 483 in
1124 425 1313 482 formis
1357 426 1655 482 bestiarum
1702 427 1818 480 haec
1864 426 1979 494 ipsa

2089 419 2302 484 ταύταις
2347 418 2640 490 ἀφομοιοῦν
2684 421 2802 481 ταῖς
2843 417 3014 482 ὕλαις*
3071 418 3148 489 τῷ
3193 419 3249 473 δὲ
3296 421 3555 493 προφήτῃ
3594 425 3646 475 ὲν

411 545 575 601 regna
603 528 746 583 haud
786 527 944 581 aliter
983 542 1046 581 ac
1093 525 1424 580 narrationis
1473 524 1755 578 exordium
1793 522 1985 585 depin-

411 637 536 692 gere
561 621 860 675 tenebatur.
897 618 963 672 Et
983 633 1173 672 rursus
1200 617 1333 687 regi,
1358 625 1417 670 ut
1447 607 1681 678 videtur,
1711 613 1780 668 de
1808 613 1986 681 seipso

411 727 608 782 magna
655 709 939 779 c0gitanti,
981 718 1035 763 et
1065 709 1396 779 jactahundo
1437 707 1504 760 de
1548 705 1818 774 majorum
1857 717 1987 758 suo-

409 818 530 856 rum
561 801 810 870 imperio,
842 814 1024 854 rerum
1065 799 1427 852 humanarum
1477 797 1706 850 mutatio
1742 802 1984 864 apparet,

407 905 463 950 et
502 893 841 949 terrestrium
887 906 1177 961 regnorum
1209 891 1352 954 ﬁnis,
1386 899 1446 943 ut
1489 904 1643 944 suam
1675 887 1985 957 superbiam

409 989 643 1057 deponat
681 993 736 1041 et
770 984 905 1040 nihil
932 984 1154 1038 humani
1188 983 1434 1037 durabile
1473 982 1687 1046 credat,
1733 983 1827 1036 sed
1865 989 1986 1034 tan-

410 1089 524 1134 tum
547 1119 563 1144 ,
613 1079 760 1149 quod
799 1087 882 1133 est
913 1078 1155 1132 omnium
1187 1075 1334 1142 ﬁnis,
1359 1090 1583 1146 regnum
1615 1074 1730 1128 Dei.
1768 1103 1837 1113 —
1871 1071 1988 1126 Erit

412 1171 558 1226 enim
590 1181 712 1241 post
741 1170 1026 1240 imperium
1057 1170 1406 1239 Assyriorum
1437 1167 1580 1237 quod
1615 1167 1844 1236 primum
1881 1173 1984 1231 est,
2011 1211 2016 1218 .

414 1279 658 1334 auroque
692 1262 1051 1333 signiﬁcatum
1077 1303 1090 1326 ,
1128 1259 1416 1315 Persarum
1467 1258 1755 1328 imperium
1781 1299 1795 1322 ,
1840 1256 1985 1325 quod

413 1350 710 1409 secuhdum
743 1362 845 1418 est,
873 1362 927 1408 et
954 1365 1180 1423 argento
1203 1360 1587 1417 monstratum,
1615 1350 1704 1405 cui
1740 1350 1793 1404 in
1827 1351 1987 1404 tertio

410 1448 533 1502 loco
564 1446 920 1502 Macedonum
964 1446 1250 1514 imperium
1270 1486 1284 1510 ,
1330 1460 1436 1499 aere
1470 1444 1763 1498 indicatum
1795 1457 1983 1496 succe-

409 1538 520 1594 det.
561 1568 630 1580 —-
664 1539 795 1594 Post
827 1539 930 1593 hoc
951 1548 1144 1608 quarta
1171 1537 1492 1601 mutatione,
1524 1536 1810 1606 imperium
1839 1535 1984 1590 acci-

407 1634 556 1702 pient
579 1631 830 1698 Romani,
856 1632 1120 1696 omnium,
1152 1631 1245 1701 qui
1276 1638 1399 1684 ante
1429 1644 1524 1684 eos
1551 1628 1771 1684 fuerunt
1800 1637 1988 1698 poten-

2089 513 2320 580 μορφαῖς
2351 511 2552 582 θηρίων
2579 510 2676 574 τὰς
2700 509 2868 574 αὑτὰς
2899 508 3175 580 βασιλείας
3206 511 3554 582 καταλλήλως
3576 511 3647 584 τῷ

2085 600 2184 670 τῆς
2217 601 2390 672 ἀρχῆς
2434 601 2620 673 τρόπῳ
2663 601 3078 673 διαγράφεσθαιο
3124 603 3219 654 καὶ
3259 603 3421 656 πάλιν
3451 603 3528 673 τῷ
3556 604 3648 674 μὲν

2088 688 2312 758 βασιλεῖ,
2343 690 2483 760 μέγα
2517 691 2590 754 ὡς
2619 691 2762 750 εἰκὸς
2786 691 2870 759 ἐφ’
2891 690 3066 762 ἑαυτῷ
3091 692 3374 764 φρονοῦντι
3404 693 3501 746 καὶ
3527 693 3650 747 ἁλα-

2087 777 2418 851 ζονευομένῳ
2456 780 2548 833 ἐπὶ
2590 784 2656 852 τῇ
2687 781 2794 834 τῶν
2843 782 3120 852 προγόνων
3160 783 3428 855 βασιλείᾳ,
3468 787 3502 856 ή
3548 786 3648 838 τῶν

2086 874 2422 943 πραγμάτων
2472 873 2738 945 μεταϐολὴ
2782 874 3082 938 δείκνυται,
3129 877 3222 929 καὶ
3269 877 3379 929 τῶν
3418 878 3510 929 ἐπὶ
3552 878 3648 947 γῆς

2087 964 2373 1036 βασιλειῶν
2405 966 2466 1018 τὸ
2505 966 2688 1033 τέλος,
2720 969 2799 1031 εἰς
2832 967 3142 1038 καθαίρεσιν
3171 967 3264 1020 τοῦ
3294 971 3350 1022 ὲν
3384 969 3534 1040 αὐτῷ
3562 969 3649 1022 τύ-

2087 1075 2207 1126 φου,
2242 1058 2335 1110 καὶ
2379 1060 2458 1121 εἰς
2503 1057 2563 1110 τὸ
2610 1059 2774 1129 μηδὲν
2815 1060 3065 1131 ἡγεῖσθαι
3112 1060 3324 1131 βέϐαιον
3361 1061 3424 1113 τὸ
3464 1063 3523 1113 ὲν
3565 1063 3652 1114 ἁν-

2086 1149 2343 1220 θρώποις,
2373 1148 2404 1219 ἦ
2447 1150 2604 1220 μόνον
2648 1149 2709 1203 τὸ
2739 1152 2830 1204 ἐπὶ
2856 1153 3070 1205 πάντων
3097 1152 3247 1215 τέλος
3270 1152 3369 1222 τῆς
3401 1152 3496 1204 τοῦ
3523 1152 3649 1206 Θεοῦ

2088 1239 2373 1310 βασιλείαςσ
2412 1240 2628 1294 ἔσεσθαι
2662 1243 2769 1314 γὰρ
2805 1242 2941 1312 μετά
2965 1243 3312 1314 τὴνφπρὼτην
3357 1244 3650 1315 Ἀσσυρίων

2086 1328 2276 1399 ἀρχὴν,
2310 1330 2376 1400 ἣν
2407 1330 2434 1381 ὁ
2463 1330 2660 1401 χρυσὸς
2698 1331 2935 1402 ᾐνίξατο,
2963 1333 3218 1405 δευτέραν
3250 1333 3348 1404 τὴν
3381 1333 3491 1386 τῶν
3520 1335 3651 1403 Περ-

2087 1417 2229 1483 σῶν,
2279 1419 2377 1491 τὴν
2425 1418 2512 1472 διὰ
2568 1421 2662 1473 τοῦ
2717 1421 2956 1493 ἀργύρου
3008 1423 3415 1494 δεδηλωμένηνο
3469 1425 3652 1478 ἔπειτα

2083 1510 2272 1581 τρίτην
2299 1511 2394 1582 τὴν
2421 1512 2762 1578 Μακεδόνων,
2783 1515 2847 1584 ἣν
2877 1517 2905 1567 6
2934 1514 3128 1586 χαλκὸς
3161 1518 3424 1587 ἐσήμανεο
3454 1517 3571 1587 μεθ’
3590 1517 3652 1587 ἣν
3705 1575 3719 1594 ο

2085 1600 2351 1672 τετάρτην
2383 1602 2723 1667 διαδέξασθαι
2751 1605 2858 1659 τῶν
2899 1606 3202 1677 Ῥωμαίων,
3247 1609 3649 1678 κραταιωτέραν

408 1684 603 1790 ἷίονεε;
639 1723 994 1793 quamobrem
1033 1684 1186 1776 ferro
1209 1720 1605 1789 intelliguntur.
1649 1684 1860 1773 Dictum
1905 1725 1988 1773 est

2089 1684 2252 1743 οὖσαν
2281 1691 2388 1744 τῶν
2431 1693 2536 1764 πρὸ
2578 1694 2766 1765 αὐτῆςθ
2801 1696 2881 1749 διὸ
2905 1697 2999 1750 καὶ
3033 1699 3234 1770 σιδήρῳ
3266 1699 3646 1770 παρεϐάλλετο

409 1815 556 1869 enim
589 1787 787 1871 tle-isto
812 1814 1066 1884 imperio:
1100 1812 1167 1866 Et
1199 1787 1414 1883 regnum
1439 1820 1687 1881 quartum
1715 1810 1815 1863 erit
1843 1809 1979 1864 velut

2089 1787 2270 1855 εἴρητο
2301 1787 2428 1853 γοῦν
2457 1787 2551 1839 καὶ
2583 1788 2711 1858 περὶ
2742 1789 2932 1859 αὐτῆς,
2963 1791 3059 1844 καὶ
3087 1794 3379 1856 βασιλεία
3410 1793 3649 1861 τετάρτη

409 1908 638 1976 ferrum:
667 1908 924 1978 quomodo
945 1907 1142 1976 ferrum
1174 1905 1478 1958 conminuit
1510 1912 1558 1958 et
1582 1904 1760 1956 domat
1780 1904 1979 1966 omnia,

407 2001 485 2054 sic
515 2001 829 2054 comminuet
858 2009 907 2054 et
936 2008 1166 2053 conteret
1209 1999 1387 2052 omnia
1433 2004 1542 2053 Iuec
1567 1997 1731 2068 (Dan.
1778 2015 1838 2064 ιι,
1867 1997 1980 2068 40).

408 2093 475 2147 Et
504 2101 624 2162 post
646 2093 761 2148 haec
785 2093 968 2147 omnia
989 2093 1236 2162 imperia,
1265 2107 1492 2162 regnum
1511 2091 1606 2146 Dei
1631 2107 1727 2162 per
1749 2091 1982 2162 lapidem

407 2185 500 2253 qui
545 2193 711 2260 totam
764 2192 1001 2238 statuam
1062 2182 1388 2254 confringit,
1434 2191 1869 2253 repraesentatur.
1919 2182 1986 2238 Et

405 2274 669 2342 propheta
705 2273 921 2329 illarum
955 2289 1159 2341 rerum,
1200 2275 1390 2329 eodem
1429 2275 1610 2341 modo,
1643 2274 1698 2329 in
1726 2275 1832 2329 ﬁne
1865 2290 1984 2329 om-

413 2365 587 2432 nium,
637 2365 730 2420 Dei
778 2383 1003 2437 regnum
1071 2381 1180 2419 non
1229 2367 1383 2436 prius
1440 2366 1585 2420 videt
1640 2381 1803 2436 quam
1850 2367 1983 2421 istas

406 2467 642 2525 quatuor
676 2458 954 2530 dynastias
983 2459 1350 2528 descripserit,
1383 2458 1540 2528 juxta
1584 2459 1852 2525 ordinem,
1887 2475 1983 2528 per

345 2569 352 2576 ·
406 2559 642 2619 quatuor
669 2551 904 2618 bestias;
937 2561 1172 2620 quatuor
1203 2561 1382 2606 autem
1405 2552 1599 2606 horum
1627 2552 1982 2620 imperiorum

407 2650 618 2696 tantum
668 2651 722 2697 et
771 2659 879 2698 non
925 2643 1192 2708 aliorum,
1234 2651 1365 2712 puto
1412 2643 1647 2698 visiones
1681 2651 1736 2698 et
1771 2643 1880 2713 regi
1930 2653 1984 2698 et

405 2734 683 2804 prOphetae
728 2733 1105 2790 manifestatas
1156 2734 1364 2800 fuisse,
1417 2736 1545 2806 quia
1607 2736 1692 2791 his
1749 2745 1983 2806 quatuor

407 2824 652 2894 imperiis
679 2827 829 2881 natio
865 2825 1200 2894 Iudaeorum,
1234 2841 1266 2882 a
1299 2826 1577 2898 prophetae
1625 2827 1978 2896 temporibus,

411 2925 530 2971 erat
561 2919 850 2975 servitura.

480 3073 544 3128 V.
589 3075 678 3131 55.
706 3107 777 3117 —
802 3076 1006 3131 Pedum
1043 3078 1308 3148 quadam,
1339 3086 1444 3133 etc.
1492 3077 1781 3150 Hippolyti.
1820 3109 1890 3118 —-
1920 3078 1978 3134 ln

2083 1875 2253 1929 ἔσται
2296 1879 2516 1947 ἰσχυρὰ
2559 1881 2640 1946 ὠς
2680 1881 2947 1948 σίδηρος·
2995 1883 3067 1936 ὃν
3093 1887 3315 1952 τρόπον
3339 1889 3374 1939 ὀ
3411 1885 3651 1953 σίδηρος

2081 1969 2364 2022 λεπτύνει
2412 1971 2510 2023 καὶ
2559 1971 2794 2040 δαμάζει
2845 1973 3059 2040 πάντα,
3096 1977 3284 2042 οὕτως
3319 1975 3524 2030 πάντα
3561 1980 3650 2031 λε-

2083 2058 2299 2111 πτυνεῐ
2321 2060 2421 2114 καὶ
2446 2061 2715 2132 δαμάσει·
2745 2064 2838 2117 καὶ
2885 2065 3019 2136 μετά
3050 2066 3148 2129 τὰς
3179 2068 3478 2138 εἰρημένας
3509 2066 3650 2120 ἁπά-

2086 2165 2183 2213 σας
2208 2150 2304 2222 τὴν
2325 2152 2419 2204 τοῦ
2441 2149 2577 2206 Θεοῦ
2609 2153 2879 2224 βασιλείαν
2909 2157 2998 2210 διὰ
3032 2158 3123 2211 τοῦ
3163 2159 3542 2230 συντρίϐοντος
3565 2159 3652 2230 τὴν

2084 2242 2264 2295 πᾶσαν
2298 2243 2482 2296 εἰκόνα
2527 2243 2676 2298 λίθου
2717 2248 3147 2319 παρισταμένην·
3188 2250 3282 2303 καὶ
3313 2251 3342 2301 6
3373 2252 3651 2320 προφήτης

2087 2330 2292 2384 τούτων
2338 2333 2644 2399 ἀκολούθως
2673 2336 2769 2408 τὴν
2812 2339 2904 2391 ἐπὶ
2929 2339 3070 2392 τέλει
3099 2339 3190 2392 τοῦ
3220 2340 3328 2394 τῶν
3353 2340 3495 2394 ὅλων
3526 2339 3652 2393 Θεοῦ

2085 2422 2359 2492 βασιλείαν
2387 2427 2446 2478 οὑ
2477 2427 2738 2499 πρότερον
2763 2429 2984 2500 θεωρεῖ,
3015 2431 3048 2502 ἦ
3081 2432 3179 2496 τὰς
3208 2433 3507 2505 εἰρημένας
3543 2434 3654 2485 τέσ-

2084 2528 2257 2585 σαρας
2307 2514 2621 2580 δυναστείας
2653 2517 2944 2589 διαγράψαι
2979 2519 3068 2572 τὸν
3100 2521 3256 2589 λόγον
3282 2522 3372 2575 διὰ
3400 2523 3515 2576 τῶν
3539 2540 3652 2575 τεσ-

2057 2605 2264 2676 -σάρων
2299 2605 2535 2676 θηρίων·
2577 2607 2780 2662 τούτων
2812 2609 2868 2662 δὲ
2910 2611 3018 2664 τῶν
3057 2612 3338 2684 τεσσάρων
3372 2613 3651 2684 βασιλειῶν

2085 2697 2261 2764 μόνων
2305 2698 2400 2750 καὶ
2442 2698 2560 2751 οὐδὲ
2603 2699 2801 2772 ἑτέρων
2829 2703 3066 2774 ἡγοῦμαι
3089 2704 3190 2766 τὰς
3213 2706 3436 2776 ὁράσεις
3463 2707 3562 2760 καὶ
3587 2707 3650 2778 τῷ

2083 2791 2288 2862 βασιλεῖ
2333 2791 2426 2845 καὶ
2475 2791 2554 2863 τῷ
2598 2796 2850 2868 προφήτῃ
2896 2796 3184 2866 δεδεῖχθαι,
3215 2798 3302 2852 διὰ
3336 2799 3402 2852 τὸ
3437 2799 3651 2864 ταύταις

2081 2883 2553 2954 ηταδουλωθῆναι
2584 2885 2644 2938 τὸ
2680 2886 2943 2940 Ἰουδαίων
2967 2887 3116 2952 ἔθνος
3137 2889 3244 2941 ἀπὸ
3267 2889 3380 2943 τῶν
3404 2891 3502 2944 τοῦ
3531 2909 3651 2963 προ-

2083 2977 2251 3046 φήτου
2280 2975 2507 3048 χρόνων.

2153 3067 2254 3136 λγ’.
2292 3071 2354 3122 Οἱ
2397 3067 2602 3134 πόδεςζ
2642 3067 2979 3123 Ἱππολύτου.
3009 3070 3090 3124 Τά
3137 3073 3195 3126 ὲν
3239 3075 3306 3143 τῇ
3345 3074 3538 3144 ὁράσει
3569 3072 3649 3126 τοῦ

407 3166 618 3225 visione
645 3171 920 3241 prophetae
948 3171 1132 3226 decem
1158 3185 1364 3226 cornua
1390 3171 1698 3242 signiﬁcant
1724 3171 1869 3242 quod
1897 3170 1984 3226 fu-

2089 3129 2361 3231 προίρήτου
2391 3165 2420 3213 ι’
2446 3129 2654 3232 κέρατα
2685 3159 2753 3214 τὰ
2776 3161 3032 3232 μέλλοντα
3068 3129 3304 3218 ἔσεσθαί

406 3269 589 3314 turum
623 3271 724 3317 est.

482 3354 550 3408 V.
584 3353 673 3407 δι.
719 3383 789 3393 ——
847 3351 1070 3406 Videbas
1105 3351 1184 3404 ita
1221 3350 1384 3404 donec
1427 3349 1687 3404 abscissus
1717 3357 1792 3401 est
1825 3349 1979 3417 lapis.

409 3444 700 3516 Hippolyti.
756 3436 989 3498 Videbas
1039 3441 1194 3512 quasi
1240 3441 1473 3511 lapidem
1520 3439 1820 3494 abscissum
1869 3440 1986 3493 sine

407 3539 704 3602 manibus,
753 3545 808 3590 et
869 3536 1260 3608 percutientem
1322 3542 1555 3588 statuam
1611 3547 1775 3601 super
1823 3532 1984 3599 pedes

408 3629 567 3698 ejus;
616 3626 1047 3695 inseparabiliter
1090 3625 1234 3678 enim
1276 3624 1571 3678 discretum
1607 3632 1691 3676 est
1731 3637 1762 3674 a
1803 3622 1984 3675 divino

407 3732 576 3786 regno
621 3731 846 3786 regnum
871 3716 1191 3778 humanum,
1222 3715 1574 3784 quamobrem
1609 3714 1808 3768 dicitur
1833 3712 1984 3781 quasi

409 3810 743 3862 abscissum:
774 3808 914 3862 ictus
954 3822 1084 3861 vero
1121 3807 1178 3859 in
1225 3804 1572 3859 inferioribus
1617 3806 1675 3856 ﬁt
1719 3802 1982 3872 partibus,

407 3909 463 3954 et
501 3901 554 3952 in
611 3899 716 3954 illis
758 3913 920 3953 omne
965 3913 1192 3968 regnum
1231 3897 1462 3952 conterit
1498 3895 1644 3965 quod
1697 3905 1780 3948 est
1822 3909 1985 3963 super

410 4001 635 4045 terram.

486 4082 546 4138 ν.
581 4083 669 4137 45.
701 4111 771 4120 -
798 4080 868 4133 Et
904 4097 1078 4134 verum
1122 4090 1198 4134 est
1252 4081 1532 4133 somnium.
1588 4077 1880 4148 Hippolyti.
1918 4076 1986 4131 Ut

408 4189 540 4244 ergo
569 4190 728 4228 nemo
756 4173 961 4228 dubitet
994 4189 1062 4226 an
1091 4174 1209 4242 ejus
1242 4175 1385 4228 dicta
1415 4189 1539 4228 vera
1571 4175 1714 4238 sint,
1748 4189 1814 4226 an
1852 4189 1982 4240 non,

411 4267 702 4320 conﬁrmat
737 4282 798 4320 ea
833 4266 1091 4335 propheta
1133 4265 1350 4320 dicens:
1402 4265 1470 4318 Et
1517 4283 1691 4318 verum
1729 4275 1804 4318 est
1846 4281 1984 4319 som-

410 4359 559 4411 niant
597 4367 645 4410 et
679 4358 852 4426 ﬁdelis
887 4358 1247 4426 interpretatio
1277 4357 1390 4425 ejus
1423 4356 1586 4426 (Dan.
1625 4357 1794 4426 11,45)
1829 4376 1842 4410 :
1876 4373 1981 4411 non

412 4448 588 4502 erravi
612 4448 666 4501 in
699 4449 1138 4516 interpretatione
1161 4448 1409 4502 visionis.

485 4538 548 4592 V.
581 4538 669 4593 46.
722 4537 864 4592 Tunc
904 4553 994 4590 rea:
1030 4536 1517 4592 Nabuchodonosor
1567 4539 1749 4590 cecidit
1793 4538 1848 4590 in
1899 4538 1984 4607 fa-

411 4631 539 4684 ciem
569 4645 740 4683 suam.
774 4626 1285 4699 llippolyti.—ll:nc
1315 4629 1541 4684 audiens
1560 4627 1984 4684 Nabuchodono-

384 4729 385 4732 ‘
412 4734 526 4786 sor,
557 4737 680 4774 cum
707 4721 902 4774 somnii
930 4721 1284 4786 meminisset,
1307 4722 1524 4790 agnovit
1547 4739 1666 4792 qum
1695 4724 1836 4778 dicta
1867 4722 1983 4778 fue-

410 4819 534 4864 rant
560 4826 590 4864 a
625 4809 864 4874 Daniele,
893 4811 1171 4865 veritatem
1206 4826 1344 4866 esse.
1385 4841 1454 4850 —
1492 4811 1765 4877 Quantum
1809 4821 1982 4882 potest

412 4902 584 4971 gratia
627 4901 765 4967 Dei,
807 4902 1113 4957 charissimi
1142 4943 1157 4969 ,
1190 4911 1248 4955 ut
1299 4904 1477 4968 hunc,
1519 4903 1610 4972 qui
1656 4904 1816 4972 paulo
1856 4912 1981 4957 ante

412 4996 687 5064 periturus
721 5004 856 5060 erat,
888 5012 1009 5052 cum
1042 4995 1253 5050 caeteris
1311 4995 1646 5064 sapientibus
1692 4994 1982 5064 Babylonis

411 5087 580 5152 hunc,
613 5088 858 5155 inquam,
890 5104 984 5141 rex
1019 5103 1125 5142 non
1161 5097 1220 5141 ut
1245 5088 1515 5143 hominem
1543 5128 1557 5153 ,
1593 5088 1686 5141 sed
1719 5096 1780 5141 ut
1811 5086 1981 5139 Deum

415 5179 633 5234 adoret!
668 5179 865 5232 Manaa
903 5180 1027 5250 (hoc
1053 5191 1134 5234 est
1161 5181 1215 5234 in
1246 5181 1435 5235 Chald.
1472 5179 1693 5248 hostias)
1731 5188 1777 5231 et
1807 5179 1982 5230 incen-

413 5287 530 5324 sum
563 5272 808 5340 prmeepit
846 5279 903 5324 ut
945 5272 1306 5340 sacriﬁcarent
1343 5275 1389 5325 ei
1442 5273 1539 5340 (ιι,
1583 5272 1695 5342 46).
1745 5270 1811 5324 Ει
1854 5273 1980 5324 olim

415 5359 582 5430 Moysi
614 5362 790 5414 simile
829 5363 1245 5416 annuntiaverat
1282 5363 1546 5416 Dominus
1588 5363 1804 5416 dicens:
1850 5360 1982 5413 Ecce

415 5456 661 5506 constitui
691 5464 738 5507 te
765 5454 918 5508 deum
951 5453 1242 5508 Pharaonis
1275 5453 1473 5523 (Exod.
1505 5471 1578 5507 vn
1602 5496 1616 5520 ,
1662 5455 1713 5522 l)
1734 5495 1747 5518 ,
1802 5463 1858 5506 ut
1890 5469 1983 5522 per

416 5543 570 5614 signa
592 5546 659 5598 ab
680 5561 744 5600 eo
774 5548 912 5601 facta
943 5549 994 5600 in
1016 5557 1158 5601 terra
1180 5543 1416 5628 .{Egypth
1448 5545 1659 5616 Moyses
1690 5561 1795 5598 non
1823 5545 1982 5600 homo

417 5647 714 5704 putaretur,
738 5647 832 5695 sed
863 5650 921 5695 ut
946 5641 1078 5696 deus
1107 5641 1176 5694 ab
1207 5639 1469 5709 .‘Egyptiis
1493 5639 1826 5694 adoraretur.

2156 3352 2246 3405 λδ’.
2286 3353 2576 3423 Ἐθεὼρεις
2599 3354 2709 3422 ἕως
2736 3352 2808 3411 οὗ
2835 3357 3055 3426 ἐτμήθη
3083 3360 3272 3426 λίθος.
3319 3360 3644 3415 Ἱππολύτου.

2099 3445 2384 3517 Ἐθεώρεις
2406 3446 2604 3500 ὡσανεὶ
2629 3447 2903 3520 τμηθέντα
2929 3450 3073 3502 λίθον
3103 3452 3164 3503 ού
3193 3451 3282 3504 διὰ
3318 3453 3539 3523 χειρῶν,
3567 3451 3647 3505 καὶ

2086 3537 2363 3608 πλήξαντα
2392 3539 2482 3592 τὸν
2509 3539 2795 3611 ἀνδριάντα
2823 3542 2914 3594 ἐπὶ
2953 3544 3078 3606 τοὺς
3107 3543 3271 3606 πόδας
3299 3545 3486 3597 αὐτοῦ’
3520 3547 3649 3617 ἁμε-

2091 3629 2284 3699 ρίστως
2315 3629 2420 3702 γὰρ
2444 3629 2707 3703 ἐμερίσθη
2739 3631 2844 3683 ἀπὸ
2870 3632 2968 3702 τῆς
3002 3633 3151 3697 θείας
3196 3634 3473 3703 βασιλείας
3505 3639 3536 3705 ἡ
3563 3638 3651 3688 ἀν-

2087 3717 2354 3790 θρωπίνη·
2389 3721 2523 3790 πρὸς
2547 3720 2703 3774 τοῦτο
2737 3717 2827 3774 οῦν
2859 3721 2919 3774 τὸ
2943 3723 3163 3777 ὡσανεὶ
3192 3726 3506 3793 τμηθέντα·
3536 3729 3565 3796 ἡ
3591 3726 3649 3778 δὲ

2087 3810 2268 3881 πληγὴ
2312 3811 2452 3864 κατά
2494 3811 2602 3865 τῶν
2647 3813 2962 3866 τελευταίων
2992 3815 3090 3884 μὲν
3123 3815 3364 3884 γίνεται,
3396 3820 3454 3870 ἐν
3478 3818 3650 3878 αὐτοῖς

2085 3902 2140 3954 δὲ
2176 3903 2271 3974 τὴν
2297 3903 2421 3974 ὅλην
2444 3903 2719 3973 βασιλείαν
2752 3906 3028 3976 συνέτριϐε
3055 3907 3151 3978 τὴν
3182 3909 3273 3960 ἐπὶ
3299 3909 3419 3979 γῆς.

2159 4083 2261 4148 με’.
2292 4078 2400 4131 Καὶ
2432 4079 2722 4146 ἀληθινὸν
2745 4081 2810 4134 τὸ
2838 4082 3139 4137 ἐνύπνιον.
3178 4084 3510 4138 Ἱππολύτου.
3539 4085 3650 4138 Ἵνα

2089 4165 2180 4223 οὖν
2224 4171 2296 4240 μή
2332 4187 2414 4233 τις
2461 4169 2796 4242 δυσπιστήσῃ
2841 4174 2932 4226 ἐπὶ
2980 4177 3090 4237 τοῖς
3135 4177 3444 4246 εἰρημένοις
3471 4179 3515 4229 εί
3544 4177 3650 4244 ἄρα

2086 4263 2238 4317 ἔσται
2272 4263 2304 4334 ἢ
2351 4261 2437 4327 οὔ,
2479 4265 2879 4335 ἐπεσφράγισεν
2919 4267 2948 4318 ὁ
2981 4269 3265 4338 προφήτης
3308 4268 3508 4336 λέγων·
3543 4268 3650 4322 Καὶ

2083 4355 2372 4422 ἀληθινὸν
2421 4353 2488 4406 τὸ
2531 4355 2838 4418 ἐνύπνιον,
2886 4358 2982 4409 καὶ
3035 4358 3218 4426 πιστὴ
3258 4360 3297 4426 ἡ
3344 4361 3650 4428 σύγκρισις

2009 4469 2056 4526 D
2083 4445 2286 4499 αὐτοῦ·
2316 4446 2376 4498 ού
2405 4446 2701 4518 διήμαρτον
2728 4448 2782 4499 ἐν
2804 4450 2868 4518 τῇ
2899 4447 2990 4500 τοῦ
3024 4448 3275 4516 ὀφθέντος
3302 4452 3576 4522 ἑρμηνείᾳ.

2155 4544 2269 4608 pg’.
2310 4539 2444 4591 Τότε
2476 4541 2507 4590 ό
2541 4538 2842 4604 βασιλεὺς
2875 4539 3409 4608 Ναϐουχοδονόσορ
3439 4543 3648 4595 ἔπεσεν·

2079 4630 2176 4682 ἐπὶ
2221 4630 2561 4696 πρόσωπον.
2622 4629 2959 4684 Ἱππολύτου.
3004 4627 3218 4684 Τούτων
3257 4633 3497 4695 ἀκούσας
3540 4632 3650 4683 Να-

2081 4721 2488 4792 ϐουχοδονόσορ,
2528 4721 2896 4793 ὑπομνησθεὶς
2948 4723 3038 4775 τοῦ
3099 4723 3390 4787 ἐνυπνίου,
3448 4725 3648 4789 ἐπέγνω

2079 4816 2158 4872 ὅτι
2199 4817 2292 4868 καὶ
2329 4814 2396 4868 τὰ
2431 4814 2764 4884 λελαλημένα
2788 4813 2892 4866 ὑπὸ
2921 4813 3014 4866 τοῦ
3051 4815 3246 4884 Δανιὴλ
3280 4815 3430 4867 ἐστὶν
3463 4812 3644 4883 ἀληθῆ.

2079 4908 2339 4959 -Πόσον
2381 4905 2558 4977 ’ἰσχύει
2583 4907 2742 4977 χάρις
2785 4904 2941 4968 Θεοῦ,
2981 4907 3273 4976 ἀγαπητοὶ,
3309 4908 3398 4960 ἵνα
3441 4909 3524 4960 τὸν
3549 4905 3649 4975 πρὸ

2083 4997 2278 5070 μικροῦ
2324 4974 2583 5067 μέλλοντα
2627 4996 2963 5067 ἀναιρεῖσθαι
3026 4996 3163 5066 μετά
3203 4996 3312 5049 τῶν
3366 4998 3648 5050 ἐπιλοίπων

2083 5089 2263 5158 σοφῶν
2288 5089 2628 5151 Βαϐυλῶνος,
2655 5087 2841 5140 τοῦτον
2876 5090 2904 5140 6
2938 5087 3189 5157 βασιλεὺς
3234 5089 3430 5158 μηκέτι
3464 5089 3533 5151 ὡς
3565 5088 3653 5140 ἄν·

2080 5179 2316 5250 θρωπον,
2342 5180 2455 5232 ἁλλ’
2485 5179 2560 5241 ὡς
2583 5178 2714 5230 Θεὸν
2741 5180 3109 5250 προσκυνήσῃ.
3141 5209 3203 5218 ——
3236 5180 3452 5232 Μαι-αὰ
3481 5178 3652 5247 (Chal-

2080 5272 2255 5332 daire,
2305 5271 2357 5323 h.
2398 5287 2448 5323 e.
2489 5269 2789 5340 θυσίασμα)
2827 5268 2926 5322 καὶ
2968 5268 3217 5334 εὐωδίας
3248 5265 3379 5323 εἷπε
3416 5269 3652 5324 σπεῖσαι

2086 5362 2266 5426 αὐτῷ’
2297 5363 2389 5414 καὶ
2419 5362 2526 5430 γὰρ
2559 5361 2724 5414 πάλαι
2861 5363 3065 5432 Μωῦσῇ
3103 5361 3162 5413 τὸ
3200 5361 3386 5430 ὅμοιον
3413 5359 3655 5430 ἐπηγγεί-

2087 5453 2214 5507 λατο
2249 5457 2276 5507 6
2317 5455 2516 5525 Κύριος
2538 5454 2732 5522 λέγων·
2773 5453 2917 5507 Ἰδοὺ
2952 5451 3178 5506 δέδωκά
3203 5469 3276 5505 σε
3302 5458 3388 5520 εὶς
3420 5455 3545 5507 θεὸν
3568 5450 3654 5516 τῷ

2087 5546 2309 5613 Φαραὼ
2341 5547 2426 5598 ἴνα
2462 5545 2549 5599 διὰ
2594 5546 2700 5599 τῶν
2745 5545 2984 5617 σημείων
3032 5546 3138 5598 τῶν
3183 5547 3274 5598 ὑπ’
3310 5546 3471 5600 αὑτοῦ
3506 5559 3639 5612 γινο-

2091 5638 2264 5709 μένων
2318 5641 2375 5690 ὲν
2446 5641 2514 5708 γῇ
2587 5639 2862 5707 Αἰγύπτου
2909 5637 3104 5709 μηκέτι
3163 5637 3412 5708 Μωῡσῆς
3451 5635 3626 5706 ἄνθρω

417 5748 519 5796 πος
565 5735 823 5805 νομισθῇ,
889 5735 1002 5788 ἀλλ’
1060 5736 1135 5798 ὡς
1176 5735 1294 5798 θεὸς
1358 5735 1461 5788 ὑπὸ
1505 5733 1611 5788 τῶν
1677 5733 1983 5801 Αἰγυπτίων
2044 5733 2409 5805 προσκυνηθῇ.
