3836 6544
178 322 336 371 ’ϋιτ

1426 321 1726 378 SCHOLIA
1767 323 1832 379 IN
1875 326 2238 384 DANIELEM.

3367 342 3472 396 (373

301 437 414 504 μη⁹.
459 433 568 486 Kal
606 431 976 502 ἐμεγάλυνεν
1019 437 1052 489 ὀ
1091 435 1387 503 ,βασιλεὺς
1413 438 1519 491 τόν
1553 439 1772 507 Aen-an

1977 441 2040 495 V.
2079 443 2168 497 l8.
2203 473 2273 482 —
2310 443 2452 496 Tunc
2490 460 2581 498 rex
2615 444 2883 500 Danielem
2919 447 2973 499 in
3014 448 3234 504 sublime
3259 457 3468 508 extulit.

241 523 578 580 Ἱππολύτου.
621 525 836 596 Ἐπειδὴ
878 527 986 598 γὰρ
1041 528 1200 591 αὐτὸς
1254 529 1442 582 ἐαυτὸν
1479 531 1793 602 ἐσμίκρυνε,

229 617 320 669 καὶ
363 616 642 686 ἐλάχιστον
685 619 833 687 παρὰ
889 619 1092 682 πάντας
1131 619 1446 692 ἀνθρώπους
1485 617 1620 675 εἶναι
1661 624 1794 677 ἀττε-

227 707 453 776 φήνατο,
480 707 714 780 ηῦξησεν
735 709 892 762 αὑτὸν
921 711 949 761 6
977 710 1128 774 Θεὸς,
1160 712 1257 765 καὶ
1285 713 1657 780 κατέστησεν
1685 717 1792 767 αὺ-

222 797 328 850 τὸν
364 801 394 851 6
421 798 673 870 βασιλεὺς
710 800 970 868 ἄρχοντα
1010 801 1212 868 πάσης
1248 800 1355 869 τῆς
1380 803 1574 871 χώρας
1603 807 1793 857 Βαϐυ-

221 887 433 955 λῶνος-ο
466 890 523 942 ὃν
547 890 744 961 τρόπον
775 892 993 960 ἐποίησε
1025 891 1120 945 καὶ
1158 895 1186 946 6
1215 893 1413 964 Φαραὼ
1443 895 1530 948 τὸν
1575 895 1790 965 Ἰωσὴφ,

221 981 342 1034 τότε
380 985 728 1054 καταστήσας
777 982 937 1037 αὐτὸν
980 984 1212 1055 ἄρχοντα
1257 988 1436 1059 πάσης
1479 988 1576 1060 τῆς
1626 990 1792 1058 Αἰγύ-

222 1087 382 1126 πτου.

292 1162 402 1233 μθ’.
431 1164 540 1218 Καὶ
588 1163 808 1233 Δανιὴλ
857 1165 1140 1234 ᾐτήσατο.
1189 1169 1526 1223 Ἱππολύτου.
1573 1173 1791 1243 Ἐπειδὴ

219 1255 327 1326 γὰρ
382 1255 536 1308 αὐτοὶ
577 1258 635 1309 ἐν
684 1261 750 1328 τῇ
787 1263 1057 1335 προσευχῇ
1097 1262 1554 1332 συνηγορεύσαντο
1577 1264 1652 1334 τῷ
1689 1267 1791 1317 Δα-

214 1346 335 1415 νιὴλ
377 1348 514 1417 πρὸς
550 1349 642 1401 τὸν
675 1347 806 1402 Θεὸν
829 1351 913 1403 ἵνα
939 1351 997 1403 τὸ
1028 1353 1208 1423 ὅραμα
1232 1353 1379 1423 αὐτῷ
1411 1355 1784 1426 ἀποκαλυφθῇ,

217 1436 310 1488 καὶ
335 1437 500 1500 αὐτὸς
525 1439 722 1509 Δανιὴλ
746 1439 897 1503 ἀξίαν
925 1441 1085 1512 τιμὴν
1119 1441 1294 1494 λαϐὼν
1329 1445 1474 1514 παρὰ
1507 1445 1600 1496 τοῦ
1630 1446 1783 1515 βασι-

130 1599 139 1610 .
214 1526 352 1590 λέως
386 1529 634 1600 ἐμνήσθη
660 1530 884 1594 τούτων,
912 1533 1238 1603 ἀναθέμενος
1267 1535 1345 1604 τῷ
1373 1536 1576 1605 βασιλεῖ
1605 1537 1663 1589 τὸ
1697 1538 1786 1608 ἕρ-

213 1636 311 1687 γον
341 1621 402 1673 τὸ
431 1621 521 1674 ὑπ’
567 1622 746 1676 αὐτῶν
777 1625 1158 1695 γεγενημένον,
1195 1627 1280 1678 ἵνα
1312 1629 1406 1681 καὶ
1445 1628 1598 1680 αὐτοὶ
1622 1631 1784 1700 τιμῆς

212 1712 355 1774 τινὸς
385 1712 686 1777 ἀξιωθῶσιν
709 1715 783 1777 ὡς
818 1716 1130 1786 συμμύσται
1159 1720 1252 1771 καὶ
1283 1718 1550 1782 θεοσεϐεῖς
1573 1721 1781 1792 ἄνδρεςο

1898 531 2193 604 Hippolyti.
2243 533 2510 600 Quoniam
2547 552 2664 590 sese
2701 537 3074 604 humiliasset,
3121 549 3174 594 et
3214 544 3472 599 minimus

1895 627 2035 693 apud
2066 641 2254 680 omnes
2289 627 2537 680 homines
2562 628 2920 696 apparuisset,
2954 631 3318 700 magniﬁcavit
3345 651 3467 688 eum

1897 713 2073 777 Deus,
2103 725 2149 768 et
2176 717 2446 768 constituit
2475 734 2589 769 eum
2630 735 2723 771 rex
2771 720 3055 786 principem
3096 738 3250 790 super
3295 740 3470 776 omnes

1891 808 2185 872 prouincias
2222 806 2686 876 Babylonis(Dan.
2734 825 2808 874 ιι,
2850 810 2963 878 48).
2999 811 3467 876 Quemadmodum
3517 796 3523 802 ι

1891 894 2105 950 Pharao
2182 899 2536 952 constituerat
2617 898 2816 970 Joscph
2900 903 3200 974 principem
3286 906 3467 960 omnis

1895 987 2133 1059 Egypti.

1984 1170 2033 1228 ι’,
2082 1165 2170 1218 49.
2219 1193 2288 1204 ——
2331 1164 2516 1218 Daniel
2575 1174 2750 1218 autem
2807 1169 3114 1235 postulavit.
3169 1169 3460 1241 Hippolyti.

1892 1256 2158 1322 Quoniam
2185 1257 2398 1326 quidem
2432 1258 2530 1325 ipsi
2563 1258 2638 1322 (h.
2673 1271 2724 1312 c.
2759 1257 3004 1325 Sidrach,
3031 1259 3255 1323 Misach,
3287 1263 3463 1316 Abde-

1890 1348 2061 1417 nago)
2095 1347 2147 1400 in
2177 1346 2514 1400 orationibus
2540 1347 3082 1416 postulaverantcum
3104 1350 3291 1404 Daniel
3319 1352 3460 1419 apud

1889 1438 2088 1501 Deum,
2123 1447 2180 1490 ut
2207 1437 2466 1490 visionem
2509 1438 2584 1490 illi
2622 1439 3090 1506 manifestaretur,
3135 1451 3186 1494 et
3215 1442 3328 1509 ipse
3357 1440 3462 1492 Da-

1887 1528 1994 1581 niel
2031 1529 2238 1596 justum
2272 1528 2528 1580 honorem
2565 1530 2834 1598 accipiens
2865 1550 2893 1583 a
2926 1547 3046 1601 rege
3069 1573 3084 1597 ,
3127 1547 3312 1586 eorum
3342 1548 3459 1586 me-

1887 1619 2063 1684 minit,
2107 1633 2336 1671 narrans
2371 1619 2481 1687 regi
2525 1635 2661 1688 opus
2688 1621 2756 1673 ab
2791 1622 2870 1674 eis
2909 1622 3132 1686 factum,
3174 1631 3232 1675 ut
3266 1633 3318 1676 et
3353 1624 3455 1694 ipsi

1887 1709 2093 1763 honore
2114 1710 2260 1778 digni
2287 1709 2632 1776 haberentur,
2680 1712 2824 1765 velut
2851 1723 3158 1783 symmystze
3187 1724 3238 1767 et
3286 1714 3454 1767 Deum

211 1804 566 1873 αἰτησάμενοι
609 1805 716 1876 γὰρ
747 1805 816 1859 τά
849 1809 1141 1879 ἐπουράνια
1170 1809 1319 1881 παρά
1346 1811 1572 1882 Κυρίου,
1594 1811 1772 1884 ἔτυχον

1885 1800 2123 1854 colentes
2159 1800 2278 1852 viri.
2324 1799 2427 1864 Qui
2460 1817 2582 1854 cum
2615 1803 2980 1870 postulassent
3015 1820 3046 1858 a
3083 1804 3312 1859 Domino
3347 1820 3459 1860 etB-

211 1896 305 1948 κα“ι
336 1896 445 1948 τῶν
471 1897 726 1965 ἐπιγείων
750 1899 900 1970 παρά
927 1900 1018 1952 τοῦ
1051 1901 1332 1970 βασιλέως.

863 1994 1016 2046 ΚΕΦ.
1059 1995 1130 2045 Γ’.

281 2077 349 2132 α’.
392 2080 608 2147 Ἕτους
647 2083 1165 2138 ὀκτωκαιδεκάτου.
1213 2087 1544 2140 Ἱππολύτου.
1572 2089 1777 2160 Χρόνου

210 2172 309 2240 μὲν
341 2167 436 2225 οὖν
471 2172 652 2226 ἱκανοῦ
675 2174 1056 2247 διαδραμόντος
1083 2179 1176 2231 καὶ
1201 2181 1582 2251 ἐπιγενομένου
1609 2183 1778 2235 ὀκτω-

207 2262 532 2316 καιδεκάτου
567 2265 738 2330 ἔτους,
788 2268 1153 2338 ὑπομνησθεὶς
1181 2273 1209 2323 6
1245 2271 1493 2340 βασιλεὺς
1523 2272 1614 2324 τοῦ
1656 2275 1776 2326 ἐνυ-

206 2353 362 2407 πνίου
415 2355 614 2419 αὑτοῦ,
661 2357 947 2426 ἐποίησε-ν
995 2363 1194 2414 εἰκόνα
1243 2362 1500 2431 χρυσῆν,
1546 2364 1612 2416 τὸ
1659 2366 1778 2434 μὲν

205 2445 368 2512 ὕψος
415 2448 656 2516 πήχεων
694 2448 763 2512 ξ’,
796 2452 860 2503 τὸ
898 2451 965 2504 δὲ
998 2449 1173 2520 εὖρος
1203 2455 1442 2524 πήχεων
1469 2455 1556 2519 ἒξ·
1589 2457 1773 2529 ἐπειδὴ

203 2535 315 2606 γὰρ
339 2539 369 2589 6
404 2539 671 2609 μακάριος
708 2541 904 2610 Δανιὴλ
944 2543 1001 2594 ἐν
1038 2543 1113 2612 τῷ
1144 2549 1338 2598 συνιεῖν
1370 2545 1528 2598 αύτὸν
1559 2547 1620 2599 τὸ
1651 2547 1772 2600 ἐνύ-

201 2641 360 2680 πνιον
384 2628 659 2698 ἀπεκρίθη
691 2629 767 2698 τῷ
801 2629 1009 2698 βασιλεῖ
1040 2630 1234 2700 λέγων,
1270 2634 1350 2686 Σὺ
1381 2631 1439 2688 εἴ
1471 2637 1509 2702 ἡ
1539 2635 1772 2704 κεφαλὴ

201 2716 240 2783 ἠ
271 2715 479 2784 χρυσῆ
512 2717 610 2787 τῆς
635 2719 857 2783 εἰκόνος,
887 2721 943 2772 ἐν
976 2720 1146 2791 τούτῳ
1187 2721 1265 2792 τῷ
1299 2723 1439 2792 λόγῳ
1485 2725 1773 2793 φυσιωθεὶς

202 2807 230 2858 6
254 2806 512 2875 βασιλεὺς
541 2807 633 2860 καὶ
676 2811 742 2879 τῇ
778 2808 971 2880 καρδία
1003 2809 1280 2880 ἐπαρθεὶς,
1315 2810 1602 2864 ἀντίτυπον
1644 2810 1774 2864 ταύ-

199 2915 300 2970 της
339 2900 524 2953 εἰκόνα
549 2899 821 2972 ἐποίησεν,
855 2902 940 2956 ἵνα
965 2901 1042 2966 ὡς
1069 2902 1187 2965 θεὸς
1226 2903 1329 2956 ὑπὸ
1356 2903 1570 2959 πάντων
1607 2921 1774 2976 προσ-

139 2991 142 2997 ’
201 2991 480 3061 κυνῆται.,

267 3083 341 3147 ζ’.
375 3084 696 3148 Πιπτοντες
727 3085 781 3136 ol
801 3083 959 3137 λαοί.
999 3084 1332 3139 Ἱππολύτου.
1368 3087 1521 3151 Τινὲς
1550 3088 1646 3158 μὲν
1671 3089 1771 3142 αύ-

195 3174 286 3229 τέν
326 3175 420 3228 τὸν
464 3174 681 3245 βασιλέα
724 3175 1078 3246 φοϐούμενοι⁹
1114 3179 1162 3230 οἱ
1200 3178 1256 3231 δὲ
1298 3180 1497 3242 πάντες
1525 3179 1772 3235 ίδωλολά-

194 3283 322 3340 τραι
379 3267 677 3337 γενόμενοι,
714 3267 983 3338 ὑπήκουον
1025 3265 1102 3338 τῷ
1147 3269 1350 3339 ῥήματι
1382 3267 1460 3338 τῷ
1487 3268 1592 3321 ὑπὸ
1624 3269 1775 3340 βασι-

193 3357 332 3421 λέως
356 3359 828 3430 προστεταγμένῳ.

265 3457 367 3514 ις’.
399 3451 510 3503 Kal
553 3451 963 3518 ἀπεκρίθησαν
1009 3449 1258 3520 Σεδρὰχ,
1305 3452 1529 3520 Μισάχ,
1586 3451 1773 3506 Ἀϐδε-

193 3541 379 3611 ναγώ.
447 3542 782 3595 Ἱππολύτου.
836 3544 898 3595 υἱ
939 3543 994 3595 δὲ
1044 3546 1191 3613 τρεῖς
1235 3545 1420 3607 παῖδες
1470 3545 1771 3615 ὑπόδειγμα

194 3637 367 3687 πᾶσιν
421 3633 729 3704 ἀνθρώποις
793 3637 1002 3697 πιστοῖς
1061 3636 1352 3705 γινόμενοι,
1417 3636 1609 3700 οἵτινες
1671 3639 1771 3690 οὐκ

191 3726 351 3796 ὄχλον
395 3725 691 3796 σατραπῶν
735 3726 1100 3796 ἐφοϐήθησαν,
1128 3727 1246 3779 οὐδὲ
1278 3728 1346 3781 τά
1369 3725 1462 3780 τοῦ
1499 3728 1768 3799 βασιλέως

194 3820 420 3888 ῥήματα
451 3817 778 3879 ἀκούσαντες
810 3818 1130 3882 ἐδειλίασαν,
1157 3819 1276 3872 ούδέ
1312 3820 1371 3872 τὸ
1408 3821 1516 3892 πῦρ
1544 3822 1640 3892 τῆς
1667 3839 1767 3873 κα-

194 3909 354 3979 μίνου
404 3909 700 3980 καιομένης
743 3911 942 3973 εἰδότες
983 3911 1240 3981 ἔπτηξαν,
1274 3912 1409 3965 ἀλλά
1440 3913 1654 3966 πάντων
1678 3915 1770 3966 ἀν-

191 3999 432 4070 θρώπων
482 4001 574 4052 καὶ
619 4001 739 4052 ὅλου
789 4000 881 4053 τοῦ
931 4002 1133 4072 κόσμου
1186 4004 1630 4074 κατεφρόνησαν,
1678 4004 1766 4056 τὸν

191 4093 359 4160 φόϐον
416 4092 508 4144 τοῦ
563 4091 695 4145 Θεοῦ
749 4094 906 4162 μόνον
955 4094 1060 4164 πρὸ
1108 4093 1397 4165 ὀφθαλμῶν
1453 4096 1761 4165 ἐσχηκότες

191 4184 418 4246 τούτους
468 4182 664 4252 Δανιὴλ
716 4183 986 4254 μακρόθεν
1037 4184 1207 4248 ἑστὼς
1248 4187 1343 4238 καὶ
1381 4186 1598 4238 σιωπῶν
1631 4186 1764 4258 θαρ-

191 4277 305 4346 ρεῖν
334 4273 582 4326 ἐδίδασκε
620 4275 836 4345 μειδιῶν
871 4277 1006 4347 πρὸς
1048 4275 1244 4341 αύτούς
1267 4295 1279 4307 ’
1323 4279 1525 4350 χαίρων
1569 4279 1624 4331 δὲ
1673 4281 1764 4332 καὶ

188 4367 354 4428 αὐτὸς
384 4366 481 4419 ἐπὶ
519 4369 584 4436 τῇ
615 4367 815 4419 τούτων
843 4369 1139 4440 μαρτυρίᾳ,
1160 4369 1358 4441 ἐνορῶν
1390 4371 1536 4442 τρεῖς
1571 4369 1762 4434 παῖδας

190 4455 490 4526 μέλλοντας
512 4455 653 4508 κατὰ
685 4456 932 4510 διαϐόλου
963 4457 1373 4527 στεφανοῦσθαι.

261 4547 350 4601 ιθ¹.
385 4547 499 4601 Καὶ
527 4543 696 4600 εἶπεν
721 4547 1012 4600 ἐκκαῦσαι
1041 4547 1154 4615 τὴν
1183 4547 1433 4617 κάμινον
1459 4550 1762 4603 ἑπταπλα-

188 4640 361 4706 σίως.
412 4638 749 4692 Ἱππολύτου.
781 4641 1026 4710 Κάμινόν
1057 4657 1118 4707 γε
1147 4639 1276 4692 εῖδει
1307 4641 1650 4712 παμμεγέθει
1679 4642 1765 4694 λέ-

188 4747 275 4797 γει
326 4729 601 4783 ἐκκαῦσαι
668 4730 1086 4793 ἐπταπλασίως,
1133 4731 1348 4792 πάντως
1403 4731 1477 4794 ὡς
1524 4732 1624 4802 ἤδη
1673 4732 1762 4784 ὑπ’

185 4822 374 4874 αὐτῶν
422 4820 751 4892 ἡττώμενος·
795 4824 852 4875 ἐν
890 4822 990 4892 μὲν
1022 4817 1114 4874 οὖν
1145 4826 1256 4885 τοῖς
1302 4821 1561 4890 ἐπιγείοις
1593 4824 1762 4894 ὑπερ-

187 4915 412 4982 ίσχυσεν
458 4914 487 4965 6
527 4911 774 4982 βασιλεύς
796 4926 812 4944 ⁸
857 4915 914 4964 ἐν
947 4911 1002 4965 δὲ
1043 4916 1108 4984 τῇ
1141 4912 1318 4964 πίστει
1351 4915 1414 4983 τῇ
1450 4913 1584 4983 πρὸς
1633 4914 1764 4966 Θεὸν

185 5005 567 5074 ὑπερίσχυσαν
597 5005 646 5055 οι
674 5005 821 5074 τρεῖς
852 5003 1059 5067 παῖδες.
1081 5004 1301 5056 -Είπέ
1340 5007 1466 5074 μοι,¹
1484 4995 1761 5074 Ναϐουχοὲ

179 5095 433 5168 δονόσορ,
458 5096 564 5148 τίνι
597 5095 739 5166 λόγῳ
779 5097 1092 5167 δεδεμένους
1120 5095 1360 5160 κελεύεις
1391 5096 1648 5168 βληθῆναι
1682 5101 1762 5161 εἰς

181 5189 244 5242 τὸ
281 5187 430 5258 πῦρ;
467 5188 661 5256 μήπως
695 5187 960 5256 φύγωσιν,
991 5190 1039 5240 5i
1065 5188 1341 5257 λελυμένοι
1375 5191 1485 5252 τοῖς
1514 5190 1668 5241 ποσὶν
1701 5189 1761 5240 τὸ

180 5279 299 5351 πῦρ
337 5277 792 5343 κατασϐέσουσινς
826 5279 938 5332 ἀλλ’
986 5281 1044 5332 o6
1091 5281 1152 5333 σὺ
1197 5275 1274 5344 εἷς
1325 5281 1352 5332 6
1391 5281 1565 5334 ταῦτα
1598 5285 1762 5352 ἐργα-

183 5369 442 5440 ζόμενος,
485 5369 599 5421 ἀλλ’
631 5369 815 5437 ἕτερος
838 5372 894 5422 ἐν
922 5372 1002 5424 σοί
1023 5370 1193 5426 ταῦτα
1223 5372 1479 5442 ἐνεργῶν.

257 5461 373 5532 μζ.
409 5461 518 5514 Καὶ
557 5460 805 5528 διεχεῖτο
834 5463 870 5529 ἡ
900 5464 1075 5530 φλόξ,
1127 5465 1459 5518 Ἱππολύτου.
1509 5465 1761 5518 Ἐλασθὲν

177 5555 317 5624 γὰρ,
357 5555 513 5623 φησὶ,
541 5554 600 5606 τὸ
647 5553 758 5624 πῦρ
802 5533 1002 5608 ἔσωθεν
1051 5556 1154 5608 ὑπὸ
1199 5556 1290 5609 τοῦ
1337 5555 1604 5624 ἀγγέλου,
1657 5557 1761 5621 ἔξω

180 5645 479 5712 ἐξέϐλυσεν
499 5662 512 5674 ·
546 5646 707 5716 ὁρᾶτε
753 5645 869 5709 πῶς
899 5647 1028 5699 αύτὸ
1053 5647 1113 5698 τὸ
1146 5647 1256 5719 πῦρ
1290 5649 1549 5719 φρόνιμον
1588 5649 1760 5721 ὑπάρ-

177 5752 291 5804 χει,
331 5733 694 5802 ἐπιγινῶσκον
727 5737 819 5790 καὶ
848 5735 1073 5800 κολάζον
1104 5739 1230 5802 τοὺς
1259 5740 1462 5802 αἰτίους
1481 5757 1494 5770 ο
1524 5739 1630 5793 τῶν
1660 5741 1758 5810 μὲν

1884 1891 2060 1955 lestia,
2088 1893 2410 1949 invenerunt
2437 1910 2466 1947 a
2501 1911 2621 1964 rege
2649 1901 2946 1950 terrestria.

2548 1987 2678 2040 CAP
2719 1986 2805 2040 ΙΙΙ.

1950 2074 2016 2129 V.
2046 2077 2096 2132 1.
2115 2079 2340 2131 -Αηηο
2369 2079 2569 2132 decimo
2597 2093 2802 2134 octavo.
2824 2079 3136 2154 {Haacverba
3157 2081 3209 2134 in
3229 2079 3457 2150 Vulgata

1879 2167 2116 2240 desunt.)
2162 2169 2452 2241 Hippolyti.
2487 2200 2557 2212 ——
2594 2169 2856 2240 Tempore
2899 2173 3112 2240 quidem
3163 2172 3458 2226 sutIiciente

1879 2259 2083 2328 elapso,
2111 2271 2163 2315 et
2189 2276 2333 2315 anno
2361 2261 2570 2315 decimo
2600 2270 2790 2315 octavo
2813 2273 3082 2326 currente,
3121 2269 3330 2316 memor
3361 2279 3455 2317 rex

1878 2353 2076 2405 somnii
2134 2353 2253 2417 sui,
2311 2354 2434 2422 fecit
2484 2363 2718 2407 statuam
2771 2371 2986 2407 auream
3037 2353 3318 2406 altitudine
3364 2370 3456 2406 cu~

1877 2442 2103 2496 bitorum
2151 2445 2461 2513 sexaginta,
2513 2445 2794 2499 latitudine
2839 2447 3131 2498 cubitorum
3165 2461 3254 2498 sex
3289 2445 3451 2510 (Dan.

1877 2548 1962 2596 ιιι,
2007 2537 2028 2587 t
2075 2534 2116 2604 ).
2177 2534 2446 2600 Quoniam
2493 2538 2684 2592 beatus
2728 2538 2912 2592 Daniel
2989 2553 3111 2592 cum
3163 2539 3455 2608 explicaret

1875 2622 2148 2676 somnium
2171 2662 2185 2684 ,
2235 2625 2585 2692 responderat
2635 2628 2747 2697 regi
2774 2625 2992 2683 dicens:
3030 2628 3106 2680 Tu
3141 2644 3193 2680 es
3226 2639 3450 2696 caput...

1874 2729 2088 2766 aureum
2125 2714 2286 2786 (Dan.
2322 2733 2395 2778 ιι,
2431 2717 2522 2787 58)
2549 2727 2776 2785 statuze;
2814 2720 2958 2773 hunc
2985 2736 3292 2774 sermonem
3327 2737 3451 2775 cum

1874 2806 2134 2870 audisset,
2167 2809 2421 2877 superbia
2457 2819 2672 2865 tumens
2704 2827 2796 2865 rex
2821 2852 2837 2877 ,
2877 2822 2930 2865 et
2977 2814 3031 2866 in
3061 2814 3221 2866 corde
3253 2814 3449 2878 elatus,

1875 2897 2001 2952 huic
2030 2898 2259 2954 similem
2293 2909 2527 2956 statuam
2569 2902 2695 2957 fecit
2721 2942 2736 2968 ,
2776 2914 2836 2956 ut
2875 2904 3030 2973 quasi
3069 2904 3203 2958 deus
3232 2904 3300 2958 ab
3329 2919 3451 2958 om-

1873 2987 2036 3042 nibus
2066 2989 2403 3045 adoraretur.

1950 3080 2014 3135 ν.
2043 3080 2092 3133 7.
2122 3109 2195 3122 --
2225 3082 2481 3137 Cadentes
2536 3101 2712 3138 omnes
2742 3085 2943 3153 populi.
2976 3083 3267 3156 Hippolyti.
3317 3085 3450 3152 Qui-

1876 3171 1998 3226 dam
2032 3189 2141 3242 pra:
2169 3173 2360 3228 timore
2403 3175 2563 3244 regis,
2610 3175 2854 3244 plerique
2889 3185 3070 3243 autem
3127 3177 3449 3232 idololatria:

1876 3262 2092 3329 ati‘ectu,
2121 3265 2443 3320 obedierunt
2473 3267 2621 3335 regio
2648 3267 2889 3320 decreto.

1945 3460 2010 3517 V.
2047 3463 2134 3516 16.
2159 3492 2230 3501 -
2252 3461 2629 3532 Respondentes
2674 3462 2921 3527 Sidrach,
2955 3463 3180 3531 Misach,
3210 3475 3259 3519 et
3281 3466 3447 3520 Abde-

1873 3569 2027 3624 nago.
2064 3553 2352 3624 Hippolyti.
2391 3554 2523 3610 Tres
2551 3557 2706 3625 pueri
2730 3557 3036 3625 exemplum
3065 3557 3319 3612 omnibus
3346 3559 3446 3612 ho-

1871 3646 2109 3700 minibus
2142 3647 2389 3701 ﬁdelibus
2417 3657 2562 3710 sunt,
2595 3649 2689 3716 qui
2727 3665 2834 3702 non
2861 3649 3072 3702 turbam
3103 3657 3442 3720 satraparum

1873 3737 2210 3801 timuerunt,
2249 3753 2423 3806 neque
2460 3739 2602 3808 regis
2644 3740 2819 3792 edicta
2875 3739 3158 3794 audientes
3204 3753 3443 3794 tremue-

1869 3836 2034 3892 runt,
2103 3844 2278 3897 neque
2341 3831 2518 3897 ignem
2581 3828 2820 3883 fornacis
2894 3831 3132 3885 ardentis
3197 3831 3486 3885 videntes'

1866 3919 2155 3973 formidine
2176 3921 2332 3989 _capti
2373 3929 2537 3983 sunt,
2585 3922 2676 3974 sed
2704 3938 2892 3976 omnes
2925 3923 3172 3976 homines
3214 3931 3269 3976 et
3323 3923 3446 3974 uni-

1865 4027 2082 4065 versum
2120 4012 2380 4064 mundum
2411 4022 2887 4081 contempserunt,
2921 4013 3166 4067 timorem
3210 4013 3302 4066 Dei
3347 4028 3440 4065 so-

1868 4105 2146 4159 lummodo
2176 4121 2286 4174 prae
2314 4105 2486 4158 oculis
2513 4106 2774 4158 habentes
2803 4124 2814 4158 :
2847 4107 2947 4160 hos
2978 4107 3202 4174 juvenes
3255 4105 3440 4158 Daniel

1866 4215 1896 4252 a
1929 4199 2081 4267 longe
2107 4207 2256 4252 stans
2285 4209 2337 4251 et
2372 4198 2646 4252 silentium
2677 4214 2924 4262 servans,
2960 4199 3160 4251 bonum
3195 4197 3440 4251 animum

1866 4289 2065 4342 habere
2115 4288 2358 4353 monuit,
2397 4288 2681 4341 subridens
2716 4288 2842 4342 illis.
2872 4286 3108 4342 Lanatus
3142 4297 3224 4342 cst
3255 4296 3438 4341 autem

1865 4391 1918 4435 et
1948 4381 2060 4450 ipse
2092 4396 2254 4449 super
2290 4381 2505 4433 illorum
2533 4380 2797 4450 martyrio
2817 4421 2830 4444 ,
2873 4380 3059 4433 videns
3085 4387 3190 4433 tres
3217 4394 3434 4448 pueros,

1793 4471 1838 4526 D
1868 4472 2127 4526 adversus
2153 4471 2428 4524 diabolum
2457 4486 2714 4524 coronam
2746 4483 3081 4539 accepturos.

1943 4561 2005 4617 V.
2034 4563 2118 4616 l9.
2149 4591 2218 4600 --
2253 4561 2321 4615 Et
2355 4564 2599 4632 prtecepit
2631 4573 2686 4614 ut
2721 4565 3119 4617 succenderetur
3145 4562 3336 4630 [οι-παπ
3367 4578 3438 4614 se-

1866 4655 2126 4723 ptuplum.
2167 4653 2460 4725 Hippolyti.
2499 4655 2797 4710 Fornaccm
2831 4656 3048 4724 quidem
3094 4655 3209 4706 visu
3245 4654 3437 4706 innua-

1866 4760 1989 4798 nem
2033 4746 2195 4815 jussit
2232 4747 2452 4802 acccndi
2493 4747 2821 4816 septuplum,
2859 4756 2917 4799 ut
2943 4746 3054 4814 jam
3095 4744 3317 4797 omnino
3367 4743 3436 4796 ab

1865 4833 1972 4888 illis
2022 4836 2299 4902 devictus;
2361 4839 2416 4892 in
2487 4839 2831 4892 terrestribus
2887 4837 3104 4906 quidem
3165 4835 3436 4905 potentior

1863 4937 2000 4990 erat,
2024 4927 2074 4981 in
2107 4928 2209 4982 ﬁde.
2239 4945 2364 4983 vero
2395 4929 2572 4983 divina
2599 4930 2856 4998 majorem
2889 4929 2994 4981 vim
3027 4928 3296 4980 habebant
3323 4935 3434 4980 tres

1864 5017 2037 5084 pueri.
2075 5017 2172 5071 Dic
2210 5017 2366 5080 mihi,
2395 5016 2917 5080 Nabuchodonosor,
2942 5032 3050 5084 quo
3083 5015 3312 5069 consilio
3367 5015 3433 5067 li-

1864 5118 2019 5176 gatos
2044 5109 2204 5178 jubes
2235 5110 2424 5180 projici
2469 5111 2523 5164 in
2574 5110 2788 5180 ignem?
2820 5107 2897 5162 Ne
2935 5106 3174 5176 fugiant,
3233 5108 3277 5160 si
3336 5121 3431 5160 so-

1863 5202 1960 5255 luti
2003 5203 2230 5271 pedibus
2269 5204 2444 5271 ignem
2485 5201 2875 5256 exstinxerint?
2924 5200 3026 5254 Sed
3064 5215 3171 5254 non
3221 5209 3276 5252 tu
3317 5200 3432 5254 haec

1863 5292 2018 5359 iacis,
2051 5294 2144 5349 sed
2171 5295 2310 5349 alius
2334 5297 2386 5348 in
2418 5305 2489 5359 te,
2527 5295 2640 5348 haec
2669 5303 2842 5348 tecum
2874 5292 3095 5346 iaciens.

1934 5462 2000 5516 Υ.
2029 5464 2115 5518 47.
2143 5494 2214 5504 —
2245 5463 2312 5517 Et
2340 5464 2705 5533 effundebatur
2735 5464 2970 5534 flannnn.
3005 5461 3294 5533 Hippolyti.
3325 5462 3431 5516 Ex-

1861 5556 2076 5625 pulsum
2129 5557 2272 5609 enim
2327 5565 2514 5611 narrat
2556 5558 2730 5628 ignem
2775 5573 2841 5612 ex
2889 5557 3141 5610 interiore
3175 5566 3322 5624 parte
3363 5557 3430 5611 ab

1863 5648 2074 5716 angelo,
2104 5646 2156 5699 in
2181 5647 2408 5702 circuitu
2441 5658 2743 5704 eructasse:
2777 5649 2951 5702 videte
2983 5650 3256 5717 quomodo
3291 5649 3428 5716 ignis

1863 5740 1978 5809 ipse
2012 5739 2314 5810 intelligens
2355 5749 2469 5805 est;
2520 5741 2798 5810 cognoscit
2837 5748 2889 5794 et
2934 5739 3090 5810 punit
3132 5747 3422 5793 nocentes:
