  <div class='ocr_page' id='page_1' title='image "/cluster/home/n/w/nwhite01/storage/ocr_20150623/10/hvd.32044019207620/347.png"; bbox 0 0 3836 6518; ppageno 0'>
   <div class='ocr_carea' id='block_1_1' title="bbox 380 347 484 408">
    <p class='ocr_par' dir='ltr' id='par_1_1' title="bbox 380 347 484 408">
     <span class='ocr_line' id='line_1_1' title="bbox 380 347 484 408; baseline -0.058 0"><span class='ocrx_word' id='word_1_1' title='bbox 380 347 484 408; x_wconf 83' lang='lat'><strong>679</strong></span> 
     </span>
    </p>
   </div>
   <div class='ocr_carea' id='block_1_2' title="bbox 1323 320 2794 391">
    <p class='ocr_par' dir='ltr' id='par_1_2' title="bbox 1323 320 2794 391">
     <span class='ocr_line' id='line_1_2' title="bbox 1323 320 2794 391; baseline -0.012 0"><span class='ocrx_word' id='word_1_2' title='bbox 1323 337 1381 391; x_wconf 90' lang='lat' dir='ltr'><strong>S.</strong></span> <span class='ocrx_word' id='word_1_3' title='bbox 1430 329 1787 388; x_wconf 81' lang='lat' dir='ltr'><strong>HIPPOLYTI</strong></span> <span class='ocrx_word' id='word_1_4' title='bbox 1822 326 1972 384; x_wconf 84' lang='lat' dir='ltr'><strong>OPP.</strong></span> <span class='ocrx_word' id='word_1_5' title='bbox 2011 324 2190 381; x_wconf 79' lang='lat' dir='ltr'><strong>PARS</strong></span> <span class='ocrx_word' id='word_1_6' title='bbox 2219 323 2257 377; x_wconf 93' lang='lat' dir='ltr'><strong>l.</strong></span> <span class='ocrx_word' id='word_1_7' title='bbox 2293 356 2358 363; x_wconf 94' lang='lat'><strong>—</strong></span> <span class='ocrx_word' id='word_1_8' title='bbox 2386 320 2794 377; x_wconf 74' lang='lat' dir='ltr'><strong>EXEGETlCA.</strong></span> 
     </span>
    </p>
   </div>
   <div class='ocr_carea' id='block_1_3' title="bbox 3523 318 3619 373">
    <p class='ocr_par' dir='ltr' id='par_1_3' title="bbox 3523 318 3619 373">
     <span class='ocr_line' id='line_1_3' title="bbox 3523 318 3619 373; baseline 0 0"><span class='ocrx_word' id='word_1_9' title='bbox 3523 318 3619 373; x_wconf 78' lang='lat'><strong>680</strong></span> 
     </span>
    </p>
   </div>
   <div class='ocr_carea' id='block_1_4' title="bbox 380 432 1981 537">
    <p class='ocr_par' dir='ltr' id='par_1_4' title="bbox 380 449 1981 537">
     <span class='ocr_line' id='line_1_4' title="bbox 380 449 1981 537; baseline -0.012 -13"><span class='ocrx_word' id='word_1_10' title='bbox 380 483 570 524; x_wconf 90' lang='lat' dir='ltr'><strong>servos</strong></span> <span class='ocrx_word' id='word_1_11' title='bbox 598 465 813 537; x_wconf 85' lang='lat' dir='ltr'><strong>quidem</strong></span> <span class='ocrx_word' id='word_1_12' title='bbox 842 460 933 516; x_wconf 87' lang='lat' dir='ltr'><strong>Dei</strong></span> <span class='ocrx_word' id='word_1_13' title='bbox 964 474 1071 513; x_wconf 89' lang='lat' dir='ltr'><strong>non</strong></span> <span class='ocrx_word' id='word_1_14' title='bbox 1108 454 1301 527; x_wconf 88' lang='lat' dir='ltr'><strong>tangit,</strong></span> <span class='ocrx_word' id='word_1_15' title='bbox 1338 453 1578 508; x_wconf 78' lang='lat' dir='ltr'><strong>infideles</strong></span> <span class='ocrx_word' id='word_1_16' title='bbox 1604 465 1735 506; x_wconf 88' lang='lat' dir='ltr'><strong>vero</strong></span> <span class='ocrx_word' id='word_1_17' title='bbox 1762 459 1815 504; x_wconf 91' lang='lat' dir='ltr'><strong>et</strong></span> <span class='ocrx_word' id='word_1_18' title='bbox 1844 449 1949 502; x_wconf 89' lang='lat' dir='ltr'><strong>im-</strong></span> <span class='ocrx_word' id='word_1_19' title='bbox 1980 501 1981 505; x_wconf 45' lang='grc' dir='ltr'><strong>η</strong></span> 
     </span>
    </p>
   </div>
   <div class='ocr_carea' id='block_1_5' title="bbox 2071 432 3617 537">
    <p class='ocr_par' dir='ltr' id='par_1_5' title="bbox 2071 432 3617 516">
     <span class='ocr_line' id='line_1_5' title="bbox 2071 432 3617 516; baseline -0.009 -19"><span class='ocrx_word' id='word_1_20' title='bbox 2071 444 2161 516; x_wconf 63' lang='grc' dir='ltr'><strong>γὰρ</strong></span> <span class='ocrx_word' id='word_1_21' title='bbox 2186 442 2388 497; x_wconf 88' lang='grc' dir='ltr'>δούλων</span> <span class='ocrx_word' id='word_1_22' title='bbox 2415 440 2509 493; x_wconf 86' lang='grc' dir='ltr'><strong>τοῦ</strong></span> <span class='ocrx_word' id='word_1_23' title='bbox 2547 438 2681 492; x_wconf 99' lang='grc' dir='ltr'>Θεοῦ</span> <span class='ocrx_word' id='word_1_24' title='bbox 2729 438 2845 508; x_wconf 70' lang='grc' dir='ltr'>οὐχ’</span> <span class='ocrx_word' id='word_1_25' title='bbox 2889 435 3084 507; x_wconf 69' lang='grc' dir='ltr'>ἥψατο,</span> <span class='ocrx_word' id='word_1_26' title='bbox 3119 436 3242 498; x_wconf 75' lang='grc' dir='ltr'>τοὺς</span> <span class='ocrx_word' id='word_1_27' title='bbox 3269 434 3325 487; x_wconf 77' lang='grc' dir='ltr'>δὲ</span> <span class='ocrx_word' id='word_1_28' title='bbox 3364 432 3617 494; x_wconf 77' lang='grc' dir='ltr'>ἀπίστους</span> 
     </span>
    </p>
   </div>
   <div class='ocr_carea' id='block_1_6' title="bbox 382 538 1953 630">
    <p class='ocr_par' dir='ltr' id='par_1_6' title="bbox 382 538 1953 630">
     <span class='ocr_line' id='line_1_6' title="bbox 382 538 1953 630; baseline -0.017 -14"><span class='ocrx_word' id='word_1_29' title='bbox 382 561 501 630; x_wconf 84' lang='lat' dir='ltr'><strong>pios</strong></span> <span class='ocrx_word' id='word_1_30' title='bbox 516 576 581 614; x_wconf 88' lang='lat' dir='ltr'><strong>ex</strong></span> <span class='ocrx_word' id='word_1_31' title='bbox 602 555 868 613; x_wconf 71' lang='lat' dir='ltr'><strong>Chaldzeis</strong></span> <span class='ocrx_word' id='word_1_32' title='bbox 898 548 1213 607; x_wconf 87' lang='lat' dir='ltr'><strong>combussit.</strong></span> <span class='ocrx_word' id='word_1_33' title='bbox 1244 545 1345 612; x_wconf 89' lang='lat' dir='ltr'><strong>Qui</strong></span> <span class='ocrx_word' id='word_1_34' title='bbox 1378 551 1536 599; x_wconf 89' lang='lat' dir='ltr'><strong>erant</strong></span> <span class='ocrx_word' id='word_1_35' title='bbox 1561 543 1727 603; x_wconf 90' lang='lat' dir='ltr'><strong>intus,</strong></span> <span class='ocrx_word' id='word_1_36' title='bbox 1761 540 1813 594; x_wconf 91' lang='lat' dir='ltr'><strong>in</strong></span> <span class='ocrx_word' id='word_1_37' title='bbox 1844 538 1953 592; x_wconf 79' lang='lat' dir='ltr'><strong>for-</strong></span> 
     </span>
    </p>
   </div>
   <div class='ocr_carea' id='block_1_7' title="bbox 384 633 1949 719">
    <p class='ocr_par' dir='ltr' id='par_1_7' title="bbox 384 633 1949 719">
     <span class='ocr_line' id='line_1_7' title="bbox 384 633 1949 719; baseline -0.013 -13"><span class='ocrx_word' id='word_1_38' title='bbox 384 669 537 719; x_wconf 85' lang='lat' dir='ltr'><strong>nace,</strong></span> <span class='ocrx_word' id='word_1_39' title='bbox 570 652 638 705; x_wconf 92' lang='lat' dir='ltr'><strong>ab</strong></span> <span class='ocrx_word' id='word_1_40' title='bbox 674 648 862 719; x_wconf 79' lang='lat' dir='ltr'><strong>angelo</strong></span> <span class='ocrx_word' id='word_1_41' title='bbox 883 644 1027 700; x_wconf 90' lang='lat' dir='ltr'><strong>dulci</strong></span> <span class='ocrx_word' id='word_1_42' title='bbox 1055 658 1176 697; x_wconf 93' lang='lat' dir='ltr'><strong>rore</strong></span> <span class='ocrx_word' id='word_1_43' title='bbox 1202 635 1501 707; x_wconf 87' lang='lat' dir='ltr'><strong>refrigerati</strong></span> <span class='ocrx_word' id='word_1_44' title='bbox 1528 644 1676 690; x_wconf 92' lang='lat' dir='ltr'><strong>sunt.</strong></span> <span class='ocrx_word' id='word_1_45' title='bbox 1711 633 1815 701; x_wconf 85' lang='lat' dir='ltr'><strong>Qui</strong></span> <span class='ocrx_word' id='word_1_46' title='bbox 1846 648 1949 686; x_wconf 88' lang='lat' dir='ltr'><strong>au-</strong></span> 
     </span>
    </p>
   </div>
   <div class='ocr_carea' id='block_1_8' title="bbox 382 725 1953 800">
    <p class='ocr_par' dir='ltr' id='par_1_8' title="bbox 382 725 1953 800">
     <span class='ocr_line' id='line_1_8' title="bbox 382 725 1953 800; baseline -0.013 0"><span class='ocrx_word' id='word_1_47' title='bbox 382 756 490 800; x_wconf 85' lang='lat' dir='ltr'><strong>tem</strong></span> <span class='ocrx_word' id='word_1_48' title='bbox 549 742 870 797; x_wconf 78' lang='lat' dir='ltr'><strong>videbantur</strong></span> <span class='ocrx_word' id='word_1_49' title='bbox 916 746 1068 792; x_wconf 81' lang='lat' dir='ltr'><strong>extra</strong></span> <span class='ocrx_word' id='word_1_50' title='bbox 1122 735 1398 791; x_wconf 90' lang='lat' dir='ltr'><strong>caminum</strong></span> <span class='ocrx_word' id='word_1_51' title='bbox 1444 732 1622 788; x_wconf 88' lang='lat' dir='ltr'><strong>securi</strong></span> <span class='ocrx_word' id='word_1_52' title='bbox 1667 739 1850 794; x_wconf 85' lang='lat' dir='ltr'><strong>stare,</strong></span> <span class='ocrx_word' id='word_1_53' title='bbox 1898 725 1953 780; x_wconf 92' lang='lat' dir='ltr'><strong>hi</strong></span> 
     </span>
    </p>
   </div>
   <div class='ocr_carea' id='block_1_9' title="bbox 383 824 1953 897">
    <p class='ocr_par' dir='ltr' id='par_1_9' title="bbox 383 824 1953 897">
     <span class='ocr_line' id='line_1_9' title="bbox 383 824 1953 897; baseline -0.01 -4"><span class='ocrx_word' id='word_1_54' title='bbox 383 840 600 893; x_wconf 85' lang='lat' dir='ltr'><strong>ﬂamma</strong></span> <span class='ocrx_word' id='word_1_55' title='bbox 630 832 871 890; x_wconf 86' lang='lat' dir='ltr'><strong>devorati</strong></span> <span class='ocrx_word' id='word_1_56' title='bbox 898 840 1062 887; x_wconf 91' lang='lat' dir='ltr'><strong>sunt:</strong></span> <span class='ocrx_word' id='word_1_57' title='bbox 1088 829 1234 883; x_wconf 91' lang='lat' dir='ltr'><strong>viros</strong></span> <span class='ocrx_word' id='word_1_58' title='bbox 1264 826 1357 897; x_wconf 87' lang='lat' dir='ltr'><strong>qui</strong></span> <span class='ocrx_word' id='word_1_59' title='bbox 1386 824 1731 895; x_wconf 85' lang='lat' dir='ltr'><strong>projecerant</strong></span> <span class='ocrx_word' id='word_1_60' title='bbox 1758 837 1953 893; x_wconf 92' lang='lat' dir='ltr'><strong>pueros</strong></span> 
     </span>
    </p>
   </div>
   <div class='ocr_carea' id='block_1_10' title="bbox 382 914 1953 993">
    <p class='ocr_par' dir='ltr' id='par_1_10' title="bbox 382 914 1953 993">
     <span class='ocr_line' id='line_1_10' title="bbox 382 914 1953 993; baseline -0.013 -7"><span class='ocrx_word' id='word_1_61' title='bbox 382 926 749 986; x_wconf 82' lang='lat' dir='ltr'><strong>concremavit</strong></span> <span class='ocrx_word' id='word_1_62' title='bbox 780 924 919 993; x_wconf 87' lang='lat' dir='ltr'><strong>ignis</strong></span> <span class='ocrx_word' id='word_1_63' title='bbox 939 963 953 986; x_wconf 95' lang='lat'><strong>,</strong></span> <span class='ocrx_word' id='word_1_64' title='bbox 990 923 1134 987; x_wconf 90' lang='lat' dir='ltr'><strong>illos,</strong></span> <span class='ocrx_word' id='word_1_65' title='bbox 1171 920 1354 983; x_wconf 90' lang='lat' dir='ltr'><strong>credo,</strong></span> <span class='ocrx_word' id='word_1_66' title='bbox 1384 917 1795 988; x_wconf 85' lang='lat' dir='ltr'><strong>apprehendens</strong></span> <span class='ocrx_word' id='word_1_67' title='bbox 1822 914 1953 968; x_wconf 89' lang='lat' dir='ltr'><strong>dum</strong></span> 
     </span>
    </p>
   </div>
   <div class='ocr_carea' id='block_1_11' title="bbox 380 1013 1954 1083">
    <p class='ocr_par' dir='ltr' id='par_1_11' title="bbox 380 1013 1954 1083">
     <span class='ocr_line' id='line_1_11' title="bbox 380 1013 1954 1083; baseline -0.006 -8"><span class='ocrx_word' id='word_1_68' title='bbox 380 1020 658 1076; x_wconf 85' lang='lat' dir='ltr'><strong>caminum</strong></span> <span class='ocrx_word' id='word_1_69' title='bbox 704 1013 1146 1079; x_wconf 83' lang='lat' dir='ltr'><strong>circumdarent,</strong></span> <span class='ocrx_word' id='word_1_70' title='bbox 1191 1028 1301 1083; x_wconf 89' lang='lat' dir='ltr'><strong>quo</strong></span> <span class='ocrx_word' id='word_1_71' title='bbox 1346 1023 1715 1068; x_wconf 82' lang='lat' dir='ltr'><strong>convenerant</strong></span> <span class='ocrx_word' id='word_1_72' title='bbox 1754 1024 1954 1081; x_wconf 88' lang='lat' dir='ltr'><strong>pueros</strong></span> 
     </span>
    </p>
   </div>
   <div class='ocr_carea' id='block_1_12' title="bbox 381 1109 637 1165">
    <p class='ocr_par' dir='ltr' id='par_1_12' title="bbox 381 1109 637 1165">
     <span class='ocr_line' id='line_1_12' title="bbox 381 1109 637 1165; baseline -0.012 0"><span class='ocrx_word' id='word_1_73' title='bbox 381 1109 637 1165; x_wconf 84' lang='lat' dir='ltr'><strong>vincturi.</strong></span> 
     </span>
    </p>
   </div>
   <div class='ocr_carea' id='block_1_13' title="bbox 450 1189 1956 1268">
    <p class='ocr_par' dir='ltr' id='par_1_13' title="bbox 450 1189 1956 1268">
     <span class='ocr_line' id='line_1_13' title="bbox 450 1189 1956 1268; baseline -0.009 -12"><span class='ocrx_word' id='word_1_74' title='bbox 450 1200 517 1256; x_wconf 68' lang='grc' dir='ltr'><strong>ν.</strong></span> <span class='ocrx_word' id='word_1_75' title='bbox 550 1201 639 1255; x_wconf 70' lang='lat'><strong>92.</strong></span> <span class='ocrx_word' id='word_1_76' title='bbox 661 1228 731 1240; x_wconf 85' lang='lat'><strong>-—-</strong></span> <span class='ocrx_word' id='word_1_77' title='bbox 750 1197 819 1252; x_wconf 83' lang='lat' dir='ltr'><strong>Et</strong></span> <span class='ocrx_word' id='word_1_78' title='bbox 843 1198 1034 1268; x_wconf 78' lang='lat' dir='ltr'><strong>species</strong></span> <span class='ocrx_word' id='word_1_79' title='bbox 1059 1196 1240 1266; x_wconf 84' lang='lat' dir='ltr'><strong>quarti</strong></span> <span class='ocrx_word' id='word_1_80' title='bbox 1274 1193 1464 1249; x_wconf 76' lang='lat' dir='ltr'><strong>similis</strong></span> <span class='ocrx_word' id='word_1_81' title='bbox 1494 1191 1637 1247; x_wconf 83' lang='lat' dir='ltr'><strong>Filio</strong></span> <span class='ocrx_word' id='word_1_82' title='bbox 1666 1191 1783 1246; x_wconf 88' lang='lat' dir='ltr'><strong>Dei.</strong></span> <span class='ocrx_word' id='word_1_83' title='bbox 1818 1189 1956 1260; x_wconf 87' lang='lat' dir='ltr'><strong>Hip-</strong></span> 
     </span>
    </p>
   </div>
   <div class='ocr_carea' id='block_1_14' title="bbox 383 1274 1958 1363">
    <p class='ocr_par' dir='ltr' id='par_1_14' title="bbox 383 1274 1958 1363">
     <span class='ocr_line' id='line_1_14' title="bbox 383 1274 1958 1363; baseline -0.009 -16"><span class='ocrx_word' id='word_1_84' title='bbox 383 1292 572 1363; x_wconf 88' lang='lat' dir='ltr'><strong>polyti.</strong></span> <span class='ocrx_word' id='word_1_85' title='bbox 624 1289 720 1345; x_wconf 90' lang='lat' dir='ltr'><strong>Dic</strong></span> <span class='ocrx_word' id='word_1_86' title='bbox 755 1289 911 1353; x_wconf 90' lang='lat' dir='ltr'><strong>mihi,</strong></span> <span class='ocrx_word' id='word_1_87' title='bbox 975 1274 1497 1350; x_wconf 80' lang='lat' dir='ltr'><strong>Nabuchodonosor,</strong></span> <span class='ocrx_word' id='word_1_88' title='bbox 1543 1296 1851 1352; x_wconf 89' lang='lat' dir='ltr'><strong>unquamne</strong></span> <span class='ocrx_word' id='word_1_89' title='bbox 1878 1281 1958 1334; x_wconf 93' lang='lat' dir='ltr'><strong>vi-</strong></span> 
     </span>
    </p>
   </div>
   <div class='ocr_carea' id='block_1_15' title="bbox 387 1373 1958 1448">
    <p class='ocr_par' dir='ltr' id='par_1_15' title="bbox 387 1373 1958 1448">
     <span class='ocr_line' id='line_1_15' title="bbox 387 1373 1958 1448; baseline -0.008 -7"><span class='ocrx_word' id='word_1_90' title='bbox 387 1386 518 1441; x_wconf 89' lang='lat' dir='ltr'><strong>disti</strong></span> <span class='ocrx_word' id='word_1_91' title='bbox 568 1383 765 1439; x_wconf 89' lang='lat' dir='ltr'><strong>Filium</strong></span> <span class='ocrx_word' id='word_1_92' title='bbox 826 1381 943 1448; x_wconf 89' lang='lat' dir='ltr'><strong>Dei,</strong></span> <span class='ocrx_word' id='word_1_93' title='bbox 976 1389 1036 1434; x_wconf 91' lang='lat' dir='ltr'><strong>ut</strong></span> <span class='ocrx_word' id='word_1_94' title='bbox 1067 1378 1261 1433; x_wconf 89' lang='lat' dir='ltr'><strong>Filium</strong></span> <span class='ocrx_word' id='word_1_95' title='bbox 1299 1377 1392 1431; x_wconf 94' lang='lat' dir='ltr'><strong>Dei</strong></span> <span class='ocrx_word' id='word_1_96' title='bbox 1434 1377 1580 1431; x_wconf 88' lang='lat' dir='ltr'><strong>hunc</strong></span> <span class='ocrx_word' id='word_1_97' title='bbox 1617 1373 1958 1429; x_wconf 80' lang='lat' dir='ltr'><strong>conﬁtearis?</strong></span> 
     </span>
    </p>
   </div>
   <div class='ocr_carea' id='block_1_16' title="bbox 383 1465 1956 1544">
    <p class='ocr_par' dir='ltr' id='par_1_16' title="bbox 383 1465 1956 1544">
     <span class='ocr_line' id='line_1_16' title="bbox 383 1465 1956 1544; baseline -0.01 -13"><span class='ocrx_word' id='word_1_98' title='bbox 383 1476 520 1544; x_wconf 87' lang='lat' dir='ltr'><strong>Quis</strong></span> <span class='ocrx_word' id='word_1_99' title='bbox 560 1486 739 1530; x_wconf 89' lang='lat' dir='ltr'><strong>autem</strong></span> <span class='ocrx_word' id='word_1_100' title='bbox 787 1488 882 1527; x_wconf 89' lang='lat' dir='ltr'><strong>cor</strong></span> <span class='ocrx_word' id='word_1_101' title='bbox 925 1480 1080 1525; x_wconf 90' lang='lat' dir='ltr'><strong>tuum</strong></span> <span class='ocrx_word' id='word_1_102' title='bbox 1129 1467 1476 1536; x_wconf 80' lang='lat' dir='ltr'><strong>compunxit,</strong></span> <span class='ocrx_word' id='word_1_103' title='bbox 1505 1475 1564 1519; x_wconf 91' lang='lat' dir='ltr'><strong>ut</strong></span> <span class='ocrx_word' id='word_1_104' title='bbox 1599 1465 1703 1520; x_wconf 86' lang='lat' dir='ltr'><strong>tale</strong></span> <span class='ocrx_word' id='word_1_105' title='bbox 1730 1465 1956 1518; x_wconf 88' lang='lat' dir='ltr'><strong>verbum</strong></span> 
     </span>
    </p>
   </div>
   <div class='ocr_carea' id='block_1_17' title="bbox 390 1555 1956 1636">
    <p class='ocr_par' dir='ltr' id='par_1_17' title="bbox 390 1555 1956 1636">
     <span class='ocr_line' id='line_1_17' title="bbox 390 1555 1956 1636; baseline -0.009 -14"><span class='ocrx_word' id='word_1_106' title='bbox 390 1564 766 1636; x_wconf 82' lang='lat' dir='ltr'><strong>exprimeres?</strong></span> <span class='ocrx_word' id='word_1_107' title='bbox 830 1562 1043 1628; x_wconf 86' lang='lat' dir='ltr'><strong>Quibus</strong></span> <span class='ocrx_word' id='word_1_108' title='bbox 1112 1559 1284 1614; x_wconf 92' lang='lat' dir='ltr'><strong>oculis</strong></span> <span class='ocrx_word' id='word_1_109' title='bbox 1349 1556 1571 1627; x_wconf 88' lang='lat' dir='ltr'><strong>potuisti</strong></span> <span class='ocrx_word' id='word_1_110' title='bbox 1618 1556 1722 1610; x_wconf 91' lang='lat' dir='ltr'><strong>hoc</strong></span> <span class='ocrx_word' id='word_1_111' title='bbox 1773 1555 1956 1609; x_wconf 90' lang='lat' dir='ltr'><strong>lumen</strong></span> 
     </span>
    </p>
   </div>
   <div class='ocr_carea' id='block_1_18' title="bbox 387 1650 1959 1729">
    <p class='ocr_par' dir='ltr' id='par_1_18' title="bbox 387 1650 1959 1729">
     <span class='ocr_line' id='line_1_18' title="bbox 387 1650 1959 1729; baseline -0.01 -15"><span class='ocrx_word' id='word_1_112' title='bbox 387 1658 665 1729; x_wconf 83' lang='lat' dir='ltr'><strong>aspicere?</strong></span> <span class='ocrx_word' id='word_1_113' title='bbox 697 1672 797 1710; x_wconf 90' lang='lat' dir='ltr'><strong>cur</strong></span> <span class='ocrx_word' id='word_1_114' title='bbox 828 1654 925 1709; x_wconf 90' lang='lat' dir='ltr'><strong>tibi</strong></span> <span class='ocrx_word' id='word_1_115' title='bbox 967 1652 1089 1717; x_wconf 89' lang='lat' dir='ltr'><strong>soli,</strong></span> <span class='ocrx_word' id='word_1_116' title='bbox 1113 1659 1165 1705; x_wconf 91' lang='lat' dir='ltr'><strong>et</strong></span> <span class='ocrx_word' id='word_1_117' title='bbox 1196 1650 1329 1704; x_wconf 88' lang='lat' dir='ltr'><strong>nulli</strong></span> <span class='ocrx_word' id='word_1_118' title='bbox 1360 1657 1675 1703; x_wconf 73' lang='lat' dir='ltr'><strong>caeterorum</strong></span> <span class='ocrx_word' id='word_1_119' title='bbox 1715 1655 1959 1716; x_wconf 85' lang='lat' dir='ltr'><strong>satrapa-</strong></span> 
     </span>
    </p>
   </div>
   <div class='ocr_carea' id='block_1_19' title="bbox 387 1740 1951 1812">
    <p class='ocr_par' dir='ltr' id='par_1_19' title="bbox 387 1740 1951 1812">
     <span class='ocr_line' id='line_1_19' title="bbox 387 1740 1951 1812; baseline -0.009 -6"><span class='ocrx_word' id='word_1_120' title='bbox 387 1768 509 1806; x_wconf 89' lang='lat' dir='ltr'><strong>rum</strong></span> <span class='ocrx_word' id='word_1_121' title='bbox 543 1748 947 1804; x_wconf 79' lang='lat' dir='ltr'><strong>manifestatum</strong></span> <span class='ocrx_word' id='word_1_122' title='bbox 972 1746 1091 1801; x_wconf 87' lang='lat' dir='ltr'><strong>est?</strong></span> <span class='ocrx_word' id='word_1_123' title='bbox 1118 1740 1222 1798; x_wconf 86' lang='lat' dir='ltr'><strong>Sed</strong></span> <span class='ocrx_word' id='word_1_124' title='bbox 1253 1742 1508 1812; x_wconf 91' lang='lat' dir='ltr'><strong>quoniam</strong></span> <span class='ocrx_word' id='word_1_125' title='bbox 1542 1740 1802 1809; x_wconf 89' lang='lat' dir='ltr'><strong>scriptum</strong></span> <span class='ocrx_word' id='word_1_126' title='bbox 1840 1747 1951 1793; x_wconf 89' lang='lat' dir='ltr'><strong>est:</strong></span> 
     </span>
    </p>
   </div>
   <div class='ocr_carea' id='block_1_20' title="bbox 388 1832 1955 1912">
    <p class='ocr_par' dir='ltr' id='par_1_20' title="bbox 388 1832 1955 1912">
     <span class='ocr_line' id='line_1_20' title="bbox 388 1832 1955 1912; baseline -0.008 -15"><span class='ocrx_word' id='word_1_127' title='bbox 388 1842 495 1898; x_wconf 82' lang='lat' dir='ltr'><strong>Cor</strong></span> <span class='ocrx_word' id='word_1_128' title='bbox 518 1842 650 1912; x_wconf 77' lang='lat' dir='ltr'><strong>regis</strong></span> <span class='ocrx_word' id='word_1_129' title='bbox 679 1842 733 1894; x_wconf 85' lang='lat' dir='ltr'><strong>in</strong></span> <span class='ocrx_word' id='word_1_130' title='bbox 761 1855 920 1892; x_wconf 87' lang='lat' dir='ltr'><strong>manu</strong></span> <span class='ocrx_word' id='word_1_131' title='bbox 939 1836 1196 1906; x_wconf 83' lang='lat' dir='ltr'><strong>Dei:ipsa</strong></span> <span class='ocrx_word' id='word_1_132' title='bbox 1223 1842 1305 1889; x_wconf 87' lang='lat' dir='ltr'><strong>est</strong></span> <span class='ocrx_word' id='word_1_133' title='bbox 1334 1832 1425 1887; x_wconf 86' lang='lat' dir='ltr'><strong>Dei</strong></span> <span class='ocrx_word' id='word_1_134' title='bbox 1443 1848 1657 1895; x_wconf 87' lang='lat' dir='ltr'><strong>manus,</strong></span> <span class='ocrx_word' id='word_1_135' title='bbox 1676 1847 1769 1900; x_wconf 89' lang='lat' dir='ltr'><strong>per</strong></span> <span class='ocrx_word' id='word_1_136' title='bbox 1792 1846 1955 1902; x_wconf 88' lang='lat' dir='ltr'><strong>quam</strong></span> 
     </span>
    </p>
   </div>
   <div class='ocr_carea' id='block_1_21' title="bbox 396 1929 1956 2000">
    <p class='ocr_par' dir='ltr' id='par_1_21' title="bbox 396 1929 1956 2000">
     <span class='ocr_line' id='line_1_21' title="bbox 396 1929 1956 2000; baseline -0.008 -11"><span class='ocrx_word' id='word_1_137' title='bbox 396 1934 632 1990; x_wconf 82' lang='lat' dir='ltr'><strong>Verbum</strong></span> <span class='ocrx_word' id='word_1_138' title='bbox 681 1949 776 1989; x_wconf 91' lang='lat' dir='ltr'><strong>cor</strong></span> <span class='ocrx_word' id='word_1_139' title='bbox 804 1932 967 2000; x_wconf 88' lang='lat' dir='ltr'><strong>hujus</strong></span> <span class='ocrx_word' id='word_1_140' title='bbox 1002 1929 1355 1998; x_wconf 76' lang='lat' dir='ltr'><strong>compunxit;</strong></span> <span class='ocrx_word' id='word_1_141' title='bbox 1405 1935 1464 1979; x_wconf 92' lang='lat' dir='ltr'><strong>ut</strong></span> <span class='ocrx_word' id='word_1_142' title='bbox 1490 1940 1793 1994; x_wconf 77' lang='lat' dir='ltr'><strong>agnoscens</strong></span> <span class='ocrx_word' id='word_1_143' title='bbox 1830 1939 1956 1979; x_wconf 92' lang='lat' dir='ltr'><strong>eum</strong></span> 
     </span>
    </p>
   </div>
   <div class='ocr_carea' id='block_1_22' title="bbox 388 2012 1959 2095">
    <p class='ocr_par' dir='ltr' id='par_1_22' title="bbox 388 2012 1959 2095">
     <span class='ocr_line' id='line_1_22' title="bbox 388 2012 1959 2095; baseline -0.011 -12"><span class='ocrx_word' id='word_1_144' title='bbox 388 2029 444 2083; x_wconf 91' lang='lat' dir='ltr'><strong>in</strong></span> <span class='ocrx_word' id='word_1_145' title='bbox 489 2012 711 2081; x_wconf 86' lang='lat' dir='ltr'><strong>fornace</strong></span> <span class='ocrx_word' id='word_1_146' title='bbox 755 2024 1080 2095; x_wconf 87' lang='lat' dir='ltr'><strong>glorilicaret</strong></span> <span class='ocrx_word' id='word_1_147' title='bbox 1124 2035 1284 2084; x_wconf 91' lang='lat' dir='ltr'><strong>eum;</strong></span> <span class='ocrx_word' id='word_1_148' title='bbox 1343 2033 1444 2072; x_wconf 91' lang='lat' dir='ltr'><strong>nec</strong></span> <span class='ocrx_word' id='word_1_149' title='bbox 1469 2017 1677 2070; x_wconf 87' lang='lat' dir='ltr'><strong>ratione</strong></span> <span class='ocrx_word' id='word_1_150' title='bbox 1702 2023 1849 2070; x_wconf 88' lang='lat' dir='ltr'><strong>caret</strong></span> <span class='ocrx_word' id='word_1_151' title='bbox 1878 2016 1959 2069; x_wconf 92' lang='lat' dir='ltr'><strong>in-</strong></span> 
     </span>
    </p>
   </div>
   <div class='ocr_carea' id='block_1_23' title="bbox 387 2108 1959 2189">
    <p class='ocr_par' dir='ltr' id='par_1_23' title="bbox 387 2108 1959 2189">
     <span class='ocr_line' id='line_1_23' title="bbox 387 2108 1959 2189; baseline -0.009 -16"><span class='ocrx_word' id='word_1_152' title='bbox 387 2117 700 2189; x_wconf 85' lang='lat' dir='ltr'><strong>terpretatio</strong></span> <span class='ocrx_word' id='word_1_153' title='bbox 740 2126 959 2180; x_wconf 90' lang='lat' dir='ltr'><strong>nostra;</strong></span> <span class='ocrx_word' id='word_1_154' title='bbox 1000 2129 1123 2168; x_wconf 91' lang='lat' dir='ltr'><strong>nam</strong></span> <span class='ocrx_word' id='word_1_155' title='bbox 1155 2112 1415 2182; x_wconf 88' lang='lat' dir='ltr'><strong>quoniam</strong></span> <span class='ocrx_word' id='word_1_156' title='bbox 1463 2108 1707 2163; x_wconf 86' lang='lat' dir='ltr'><strong>futurum</strong></span> <span class='ocrx_word' id='word_1_157' title='bbox 1754 2116 1871 2161; x_wconf 87' lang='lat' dir='ltr'><strong>erat</strong></span> <span class='ocrx_word' id='word_1_158' title='bbox 1900 2113 1959 2160; x_wconf 90' lang='lat' dir='ltr'><strong>ut</strong></span> 
     </span>
    </p>
   </div>
   <div class='ocr_carea' id='block_1_24' title="bbox 387 2202 1960 2268">
    <p class='ocr_par' dir='ltr' id='par_1_24' title="bbox 387 2202 1960 2268">
     <span class='ocr_line' id='line_1_24' title="bbox 387 2202 1960 2268; baseline -0.01 -2"><span class='ocrx_word' id='word_1_159' title='bbox 387 2211 483 2266; x_wconf 84' lang='lat' dir='ltr'><strong>ﬁlii</strong></span> <span class='ocrx_word' id='word_1_160' title='bbox 524 2209 687 2265; x_wconf 89' lang='lat' dir='ltr'><strong>Israel</strong></span> <span class='ocrx_word' id='word_1_161' title='bbox 716 2208 913 2266; x_wconf 88' lang='lat' dir='ltr'><strong>Filium</strong></span> <span class='ocrx_word' id='word_1_162' title='bbox 946 2207 1036 2261; x_wconf 89' lang='lat' dir='ltr'><strong>Dei</strong></span> <span class='ocrx_word' id='word_1_163' title='bbox 1062 2206 1305 2259; x_wconf 87' lang='lat' dir='ltr'><strong>videntes</strong></span> <span class='ocrx_word' id='word_1_164' title='bbox 1334 2204 1387 2258; x_wconf 92' lang='lat' dir='ltr'><strong>in</strong></span> <span class='ocrx_word' id='word_1_165' title='bbox 1422 2202 1647 2268; x_wconf 90' lang='lat' dir='ltr'><strong>mundo,</strong></span> <span class='ocrx_word' id='word_1_166' title='bbox 1687 2215 1795 2254; x_wconf 90' lang='lat' dir='ltr'><strong>non</strong></span> <span class='ocrx_word' id='word_1_167' title='bbox 1841 2214 1960 2252; x_wconf 84' lang='lat' dir='ltr'><strong>cre-</strong></span> 
     </span>
    </p>
   </div>
   <div class='ocr_carea' id='block_1_25' title="bbox 385 2292 1960 2367">
    <p class='ocr_par' dir='ltr' id='par_1_25' title="bbox 385 2292 1960 2367">
     <span class='ocr_line' id='line_1_25' title="bbox 385 2292 1960 2367; baseline -0.009 -9"><span class='ocrx_word' id='word_1_168' title='bbox 385 2303 614 2366; x_wconf 86' lang='lat' dir='ltr'><strong>derent,</strong></span> <span class='ocrx_word' id='word_1_169' title='bbox 666 2299 923 2354; x_wconf 88' lang='lat' dir='ltr'><strong>revelavit</strong></span> <span class='ocrx_word' id='word_1_170' title='bbox 969 2298 1250 2367; x_wconf 87' lang='lat' dir='ltr'><strong>Scriptura</strong></span> <span class='ocrx_word' id='word_1_171' title='bbox 1295 2296 1439 2366; x_wconf 90' lang='lat' dir='ltr'><strong>quod</strong></span> <span class='ocrx_word' id='word_1_172' title='bbox 1486 2309 1705 2364; x_wconf 87' lang='lat' dir='ltr'><strong>operam</strong></span> <span class='ocrx_word' id='word_1_173' title='bbox 1753 2292 1960 2345; x_wconf 89' lang='lat' dir='ltr'><strong>dabunt</strong></span> 
     </span>
    </p>
   </div>
   <div class='ocr_carea' id='block_1_26' title="bbox 386 2382 1956 2463">
    <p class='ocr_par' dir='ltr' id='par_1_26' title="bbox 386 2382 1956 2463">
     <span class='ocr_line' id='line_1_26' title="bbox 386 2382 1956 2463; baseline -0.008 -17"><span class='ocrx_word' id='word_1_174' title='bbox 386 2401 573 2463; x_wconf 78' lang='lat' dir='ltr'><strong>gentes</strong></span> <span class='ocrx_word' id='word_1_175' title='bbox 600 2400 659 2446; x_wconf 85' lang='lat' dir='ltr'><strong>ut</strong></span> <span class='ocrx_word' id='word_1_176' title='bbox 695 2392 842 2446; x_wconf 91' lang='lat' dir='ltr'><strong>hunc</strong></span> <span class='ocrx_word' id='word_1_177' title='bbox 871 2392 1212 2445; x_wconf 86' lang='lat' dir='ltr'><strong>inearnatum</strong></span> <span class='ocrx_word' id='word_1_178' title='bbox 1253 2394 1602 2456; x_wconf 86' lang='lat' dir='ltr'><strong>cognoscant,</strong></span> <span class='ocrx_word' id='word_1_179' title='bbox 1630 2398 1791 2452; x_wconf 86' lang='lat' dir='ltr'><strong>quem</strong></span> <span class='ocrx_word' id='word_1_180' title='bbox 1826 2382 1956 2435; x_wconf 91' lang='lat' dir='ltr'><strong>olim</strong></span> 
     </span>
    </p>
   </div>
   <div class='ocr_carea' id='block_1_27' title="bbox 386 2466 1960 2554">
    <p class='ocr_par' dir='ltr' id='par_1_27' title="bbox 386 2466 1960 2554">
     <span class='ocr_line' id='line_1_27' title="bbox 386 2466 1960 2554; baseline -0.008 -15"><span class='ocrx_word' id='word_1_181' title='bbox 386 2486 769 2554; x_wconf 89' lang='lat' dir='ltr'><strong>incorporeum</strong></span> <span class='ocrx_word' id='word_1_182' title='bbox 793 2482 1007 2545; x_wconf 89' lang='lat' dir='ltr'><strong>videns,</strong></span> <span class='ocrx_word' id='word_1_183' title='bbox 1030 2466 1255 2550; x_wconf 79' lang='lat' dir='ltr'><strong>agnovit</strong></span> <span class='ocrx_word' id='word_1_184' title='bbox 1285 2478 1338 2532; x_wconf 92' lang='lat' dir='ltr'><strong>in</strong></span> <span class='ocrx_word' id='word_1_185' title='bbox 1368 2476 1586 2532; x_wconf 76' lang='lat' dir='ltr'><strong>fornace</strong></span> <span class='ocrx_word' id='word_1_186' title='bbox 1600 2474 1960 2528; x_wconf 82' lang='lat' dir='ltr'><strong>Nabuchodo-</strong></span> 
     </span>
    </p>
   </div>
   <div class='ocr_carea' id='block_1_28' title="bbox 386 2567 1781 2641">
    <p class='ocr_par' dir='ltr' id='par_1_28' title="bbox 386 2567 1781 2641">
     <span class='ocr_line' id='line_1_28' title="bbox 386 2567 1781 2641; baseline -0.007 -12"><span class='ocrx_word' id='word_1_187' title='bbox 386 2591 573 2641; x_wconf 88' lang='lat' dir='ltr'><strong>nosor,</strong></span> <span class='ocrx_word' id='word_1_188' title='bbox 602 2584 657 2628; x_wconf 91' lang='lat' dir='ltr'><strong>et</strong></span> <span class='ocrx_word' id='word_1_189' title='bbox 678 2574 877 2627; x_wconf 88' lang='lat' dir='ltr'><strong>Filium</strong></span> <span class='ocrx_word' id='word_1_190' title='bbox 903 2571 999 2627; x_wconf 86' lang='lat' dir='ltr'><strong>Dei</strong></span> <span class='ocrx_word' id='word_1_191' title='bbox 1044 2587 1165 2626; x_wconf 89' lang='lat' dir='ltr'><strong>esse</strong></span> <span class='ocrx_word' id='word_1_192' title='bbox 1192 2572 1337 2625; x_wconf 89' lang='lat' dir='ltr'><strong>hunc</strong></span> <span class='ocrx_word' id='word_1_193' title='bbox 1369 2567 1655 2623; x_wconf 85' lang='lat' dir='ltr'><strong>confessus</strong></span> <span class='ocrx_word' id='word_1_194' title='bbox 1678 2574 1781 2620; x_wconf 86' lang='lat' dir='ltr'><strong>est.</strong></span> 
     </span>
    </p>
   </div>
   <div class='ocr_carea' id='block_1_29' title="bbox 459 2745 1957 2816">
    <p class='ocr_par' dir='ltr' id='par_1_29' title="bbox 459 2745 1957 2816">
     <span class='ocr_line' id='line_1_29' title="bbox 459 2745 1957 2816; baseline -0.004 -11"><span class='ocrx_word' id='word_1_195' title='bbox 459 2752 527 2807; x_wconf 83' lang='lat' dir='ltr'><strong>V.</strong></span> <span class='ocrx_word' id='word_1_196' title='bbox 560 2754 651 2809; x_wconf 78' lang='lat'><strong>93.</strong></span> <span class='ocrx_word' id='word_1_197' title='bbox 676 2782 745 2792; x_wconf 91' lang='lat'><strong><em>—</em></strong></span> <span class='ocrx_word' id='word_1_198' title='bbox 767 2751 837 2804; x_wconf 82' lang='lat' dir='ltr'><strong>Et</strong></span> <span class='ocrx_word' id='word_1_199' title='bbox 883 2752 957 2806; x_wconf 88' lang='lat' dir='ltr'><strong>ait</strong></span> <span class='ocrx_word' id='word_1_200' title='bbox 984 2767 1004 2805; x_wconf 91' lang='lat'><strong><em>:</em></strong></span> <span class='ocrx_word' id='word_1_201' title='bbox 1046 2749 1272 2806; x_wconf 82' lang='lat' dir='ltr'><strong>Sidrach</strong></span> <span class='ocrx_word' id='word_1_202' title='bbox 1300 2788 1317 2813; x_wconf 94' lang='lat'><strong>,</strong></span> <span class='ocrx_word' id='word_1_203' title='bbox 1365 2748 1569 2802; x_wconf 70' lang='grc' dir='ltr'>Μίδαςή</span> <span class='ocrx_word' id='word_1_204' title='bbox 1594 2786 1609 2811; x_wconf 88' lang='grc'><strong>,</strong></span> <span class='ocrx_word' id='word_1_205' title='bbox 1656 2745 1957 2816; x_wconf 83' lang='lat' dir='ltr'><strong>Abdenago.</strong></span> 
     </span>
    </p>
   </div>
   <div class='ocr_carea' id='block_1_30' title="bbox 389 2838 1959 2917">
    <p class='ocr_par' dir='ltr' id='par_1_30' title="bbox 389 2838 1959 2917">
     <span class='ocr_line' id='line_1_30' title="bbox 389 2838 1959 2917; baseline -0.004 -18"><span class='ocrx_word' id='word_1_206' title='bbox 389 2844 686 2917; x_wconf 92' lang='lat' dir='ltr'><strong>Hippolyti.</strong></span> <span class='ocrx_word' id='word_1_207' title='bbox 758 2843 825 2897; x_wconf 86' lang='lat' dir='ltr'><strong>Et</strong></span> <span class='ocrx_word' id='word_1_208' title='bbox 883 2843 1051 2897; x_wconf 90' lang='lat' dir='ltr'><strong>trium</strong></span> <span class='ocrx_word' id='word_1_209' title='bbox 1100 2856 1394 2912; x_wconf 89' lang='lat' dir='ltr'><strong>puerorum</strong></span> <span class='ocrx_word' id='word_1_210' title='bbox 1452 2841 1671 2895; x_wconf 92' lang='lat' dir='ltr'><strong>nomina</strong></span> <span class='ocrx_word' id='word_1_211' title='bbox 1727 2838 1959 2905; x_wconf 87' lang='lat' dir='ltr'><strong>vocavit,</strong></span> 
     </span>
    </p>
   </div>
   <div class='ocr_carea' id='block_1_31' title="bbox 388 2932 1960 3006">
    <p class='ocr_par' dir='ltr' id='par_1_31' title="bbox 388 2932 1960 3006">
     <span class='ocr_line' id='line_1_31' title="bbox 388 2932 1960 3006; baseline -0.003 -15"><span class='ocrx_word' id='word_1_212' title='bbox 388 2936 570 3006; x_wconf 88' lang='lat' dir='ltr'><strong>quarti</strong></span> <span class='ocrx_word' id='word_1_213' title='bbox 593 2950 721 2990; x_wconf 90' lang='lat' dir='ltr'><strong>vero</strong></span> <span class='ocrx_word' id='word_1_214' title='bbox 752 2950 951 2990; x_wconf 88' lang='lat' dir='ltr'><strong>nomen</strong></span> <span class='ocrx_word' id='word_1_215' title='bbox 999 2950 1104 2988; x_wconf 92' lang='lat' dir='ltr'><strong>non</strong></span> <span class='ocrx_word' id='word_1_216' title='bbox 1139 2933 1345 2988; x_wconf 88' lang='lat' dir='ltr'><strong>invenit</strong></span> <span class='ocrx_word' id='word_1_217' title='bbox 1374 2934 1515 2987; x_wconf 89' lang='lat' dir='ltr'><strong>unde</strong></span> <span class='ocrx_word' id='word_1_218' title='bbox 1544 2932 1780 2999; x_wconf 89' lang='lat' dir='ltr'><strong>diceret;</strong></span> <span class='ocrx_word' id='word_1_219' title='bbox 1820 2947 1960 2987; x_wconf 90' lang='lat' dir='ltr'><strong>non-</strong></span> 
     </span>
    </p>
   </div>
   <div class='ocr_carea' id='block_1_32' title="bbox 389 3024 1571 3097">
    <p class='ocr_par' dir='ltr' id='par_1_32' title="bbox 389 3024 1571 3097">
     <span class='ocr_line' id='line_1_32' title="bbox 389 3024 1571 3097; baseline -0.003 -14"><span class='ocrx_word' id='word_1_220' title='bbox 389 3029 520 3084; x_wconf 90' lang='lat' dir='ltr'><strong>dum</strong></span> <span class='ocrx_word' id='word_1_221' title='bbox 552 3029 695 3083; x_wconf 90' lang='lat' dir='ltr'><strong>enim</strong></span> <span class='ocrx_word' id='word_1_222' title='bbox 719 3037 838 3083; x_wconf 90' lang='lat' dir='ltr'><strong>erat</strong></span> <span class='ocrx_word' id='word_1_223' title='bbox 863 3043 930 3083; x_wconf 74' lang='lat' dir='ltr'><strong>ex</strong></span> <span class='ocrx_word' id='word_1_224' title='bbox 944 3026 1163 3097; x_wconf 78' lang='lat' dir='ltr'><strong>Virgine</strong></span> <span class='ocrx_word' id='word_1_225' title='bbox 1201 3034 1362 3081; x_wconf 92' lang='lat' dir='ltr'><strong>natus</strong></span> <span class='ocrx_word' id='word_1_226' title='bbox 1391 3024 1571 3081; x_wconf 87' lang='lat' dir='ltr'><strong>Jesus.</strong></span> 
     </span>
    </p>
   </div>
   <div class='ocr_carea' id='block_1_33' title="bbox 2056 522 3619 596">
    <p class='ocr_par' dir='ltr' id='par_1_33' title="bbox 2056 522 3619 596">
     <span class='ocr_line' id='line_1_33' title="bbox 2056 522 3619 596; baseline -0.009 -9"><span class='ocrx_word' id='word_1_227' title='bbox 2056 534 2148 587; x_wconf 77' lang='grc' dir='ltr'><strong>καὶ</strong></span> <span class='ocrx_word' id='word_1_228' title='bbox 2178 534 2371 596; x_wconf 84' lang='grc' dir='ltr'><strong>ἀθέους</strong></span> <span class='ocrx_word' id='word_1_229' title='bbox 2409 532 2517 585; x_wconf 83' lang='grc' dir='ltr'><strong>τῶν</strong></span> <span class='ocrx_word' id='word_1_230' title='bbox 2547 530 2830 585; x_wconf 84' lang='grc' dir='ltr'>Χαλδαίων</span> <span class='ocrx_word' id='word_1_231' title='bbox 2859 526 3259 596; x_wconf 85' lang='grc' dir='ltr'>κατεφλόγησεν</span> <span class='ocrx_word' id='word_1_232' title='bbox 3277 541 3291 555; x_wconf 88' lang='grc'><strong>·</strong></span> <span class='ocrx_word' id='word_1_233' title='bbox 3319 522 3415 578; x_wconf 64' lang='grc' dir='ltr'><strong>κα)⁸</strong></span> <span class='ocrx_word' id='word_1_234' title='bbox 3444 524 3495 575; x_wconf 80' lang='grc' dir='ltr'><strong>οἱ</strong></span> <span class='ocrx_word' id='word_1_235' title='bbox 3531 524 3619 593; x_wconf 79' lang='grc' dir='ltr'>μὲν</span> 
     </span>
    </p>
   </div>
   <div class='ocr_carea' id='block_1_34' title="bbox 2053 614 3619 693">
    <p class='ocr_par' dir='ltr' id='par_1_34' title="bbox 2053 614 3619 693">
     <span class='ocr_line' id='line_1_34' title="bbox 2053 614 3619 693; baseline -0.01 -13"><span class='ocrx_word' id='word_1_236' title='bbox 2053 627 2161 680; x_wconf 74' lang='grc' dir='ltr'>ἔσω</span> <span class='ocrx_word' id='word_1_237' title='bbox 2197 626 2348 688; x_wconf 80' lang='grc' dir='ltr'>ὅντες</span> <span class='ocrx_word' id='word_1_238' title='bbox 2390 625 2447 675; x_wconf 82' lang='grc' dir='ltr'>ὲν</span> <span class='ocrx_word' id='word_1_239' title='bbox 2478 625 2546 693; x_wconf 80' lang='grc' dir='ltr'>τῇ</span> <span class='ocrx_word' id='word_1_240' title='bbox 2594 621 2809 691; x_wconf 84' lang='grc' dir='ltr'>καμίνῳ</span> <span class='ocrx_word' id='word_1_241' title='bbox 2855 618 2960 672; x_wconf 81' lang='grc' dir='ltr'><strong>ὑπὸ</strong></span> <span class='ocrx_word' id='word_1_242' title='bbox 3003 617 3098 670; x_wconf 86' lang='grc' dir='ltr'><strong>τοῦ</strong></span> <span class='ocrx_word' id='word_1_243' title='bbox 3140 614 3376 684; x_wconf 78' lang='grc' dir='ltr'><strong>ἀγγέλου</strong></span> <span class='ocrx_word' id='word_1_244' title='bbox 3422 614 3619 684; x_wconf 80' lang='grc' dir='ltr'>ἐδροσί-</span> 
     </span>
    </p>
   </div>
   <div class='ocr_carea' id='block_1_35' title="bbox 2053 706 3618 783">
    <p class='ocr_par' dir='ltr' id='par_1_35' title="bbox 2053 706 3618 783">
     <span class='ocr_line' id='line_1_35' title="bbox 2053 706 3618 783; baseline -0.01 -10"><span class='ocrx_word' id='word_1_245' title='bbox 2053 717 2237 783; x_wconf 74' lang='grc' dir='ltr'>ζοντοο</span> <span class='ocrx_word' id='word_1_246' title='bbox 2278 716 2326 769; x_wconf 81' lang='grc' dir='ltr'><strong>οἱ</strong></span> <span class='ocrx_word' id='word_1_247' title='bbox 2367 715 2424 769; x_wconf 83' lang='grc' dir='ltr'><strong>δὲ</strong></span> <span class='ocrx_word' id='word_1_248' title='bbox 2469 712 2751 776; x_wconf 86' lang='grc' dir='ltr'>δοκοῦντες</span> <span class='ocrx_word' id='word_1_249' title='bbox 2788 711 2892 778; x_wconf 76' lang='grc' dir='ltr'>ἔξω</span> <span class='ocrx_word' id='word_1_250' title='bbox 2932 711 3030 782; x_wconf 83' lang='grc' dir='ltr'>τῆς</span> <span class='ocrx_word' id='word_1_251' title='bbox 3063 710 3294 779; x_wconf 80' lang='grc' dir='ltr'>καμίνου</span> <span class='ocrx_word' id='word_1_252' title='bbox 3334 706 3618 778; x_wconf 83' lang='grc' dir='ltr'>ἁμέριμνοι</span> 
     </span>
    </p>
   </div>
   <div class='ocr_carea' id='block_1_36' title="bbox 2057 798 3615 877">
    <p class='ocr_par' dir='ltr' id='par_1_36' title="bbox 2057 798 3615 877">
     <span class='ocr_line' id='line_1_36' title="bbox 2057 798 3615 877; baseline -0.01 -13"><span class='ocrx_word' id='word_1_253' title='bbox 2057 811 2290 875; x_wconf 82' lang='grc' dir='ltr'>ἱστάναι,</span> <span class='ocrx_word' id='word_1_254' title='bbox 2324 807 2430 861; x_wconf 80' lang='grc' dir='ltr'><strong>ὑπὸ</strong></span> <span class='ocrx_word' id='word_1_255' title='bbox 2458 806 2551 859; x_wconf 88' lang='grc' dir='ltr'><strong>τοῦ</strong></span> <span class='ocrx_word' id='word_1_256' title='bbox 2585 804 2755 877; x_wconf 81' lang='grc' dir='ltr'>πυρὸς</span> <span class='ocrx_word' id='word_1_257' title='bbox 2782 800 2926 858; x_wconf 69' lang='grc' dir='ltr'>οὗτοι</span> <span class='ocrx_word' id='word_1_258' title='bbox 2950 801 3319 873; x_wconf 78' lang='grc' dir='ltr'><strong>διεφθάρησαν</strong></span> <span class='ocrx_word' id='word_1_259' title='bbox 3338 816 3352 829; x_wconf 88' lang='grc'><strong>·</strong></span> <span class='ocrx_word' id='word_1_260' title='bbox 3384 800 3512 859; x_wconf 69' lang='grc' dir='ltr'>τοὺς</span> <span class='ocrx_word' id='word_1_261' title='bbox 3538 798 3615 849; x_wconf 80' lang='grc' dir='ltr'><strong>ἅν-</strong></span> 
     </span>
    </p>
   </div>
   <div class='ocr_carea' id='block_1_37' title="bbox 2053 888 3616 971">
    <p class='ocr_par' dir='ltr' id='par_1_37' title="bbox 2053 888 3616 971">
     <span class='ocr_line' id='line_1_37' title="bbox 2053 888 3616 971; baseline -0.011 -19"><span class='ocrx_word' id='word_1_262' title='bbox 2053 899 2184 971; x_wconf 85' lang='grc' dir='ltr'>δρας</span> <span class='ocrx_word' id='word_1_263' title='bbox 2212 899 2337 961; x_wconf 83' lang='grc' dir='ltr'>τοὺς</span> <span class='ocrx_word' id='word_1_264' title='bbox 2359 894 2800 956; x_wconf 76' lang='grc' dir='ltr'>ὲνδιαὸάλλοντας</span> <span class='ocrx_word' id='word_1_265' title='bbox 2832 893 2957 955; x_wconf 80' lang='grc' dir='ltr'>τοὺς</span> <span class='ocrx_word' id='word_1_266' title='bbox 2991 890 3185 952; x_wconf 85' lang='grc' dir='ltr'>παῖδας</span> <span class='ocrx_word' id='word_1_267' title='bbox 3224 888 3557 959; x_wconf 82' lang='grc' dir='ltr'>ὲνεπύρησεν</span> <span class='ocrx_word' id='word_1_268' title='bbox 3587 888 3616 956; x_wconf 91' lang='grc' dir='ltr'><strong>ή</strong></span> 
     </span>
    </p>
   </div>
   <div class='ocr_carea' id='block_1_38' title="bbox 2054 977 3619 1061">
    <p class='ocr_par' dir='ltr' id='par_1_38' title="bbox 2054 977 3619 1061">
     <span class='ocr_line' id='line_1_38' title="bbox 2054 977 3619 1061; baseline -0.01 -17"><span class='ocrx_word' id='word_1_269' title='bbox 2054 990 2204 1061; x_wconf 78' lang='grc' dir='ltr'>φλὸξ,</span> <span class='ocrx_word' id='word_1_270' title='bbox 2238 987 2515 1043; x_wconf 86' lang='grc' dir='ltr'>κύκλωθεν</span> <span class='ocrx_word' id='word_1_271' title='bbox 2544 981 2695 1056; x_wconf 75' lang='grc' dir='ltr'>οἶμαι</span> <span class='ocrx_word' id='word_1_272' title='bbox 2725 981 2961 1055; x_wconf 79' lang='grc' dir='ltr'>εὑροῦσα</span> <span class='ocrx_word' id='word_1_273' title='bbox 2990 981 3129 1051; x_wconf 80' lang='grc' dir='ltr'>πρὸς</span> <span class='ocrx_word' id='word_1_274' title='bbox 3170 979 3265 1033; x_wconf 77' lang='grc' dir='ltr'><strong>τὸν</strong></span> <span class='ocrx_word' id='word_1_275' title='bbox 3302 978 3502 1048; x_wconf 81' lang='grc' dir='ltr'>δεσμὸν</span> <span class='ocrx_word' id='word_1_276' title='bbox 3532 977 3619 1030; x_wconf 83' lang='grc' dir='ltr'>αύ-</span> 
     </span>
    </p>
   </div>
   <div class='ocr_carea' id='block_1_39' title="bbox 2054 1077 2941 1148">
    <p class='ocr_par' dir='ltr' id='par_1_39' title="bbox 2054 1077 2941 1148">
     <span class='ocr_line' id='line_1_39' title="bbox 2054 1077 2941 1148; baseline -0.012 -12"><span class='ocrx_word' id='word_1_277' title='bbox 2054 1083 2162 1136; x_wconf 84' lang='grc' dir='ltr'>τῶν</span> <span class='ocrx_word' id='word_1_278' title='bbox 2189 1080 2297 1134; x_wconf 86' lang='grc' dir='ltr'><strong>τῶν</strong></span> <span class='ocrx_word' id='word_1_279' title='bbox 2330 1078 2533 1131; x_wconf 84' lang='grc' dir='ltr'>παίδων</span> <span class='ocrx_word' id='word_1_280' title='bbox 2566 1077 2941 1148; x_wconf 80' lang='grc' dir='ltr'>χωρήσαντας.</span> 
     </span>
    </p>
   </div>
   <div class='ocr_carea' id='block_1_40' title="bbox 2125 1157 3617 1247">
    <p class='ocr_par' dir='ltr' id='par_1_40' title="bbox 2125 1157 3617 1247">
     <span class='ocr_line' id='line_1_40' title="bbox 2125 1157 3617 1247; baseline -0.011 -20"><span class='ocrx_word' id='word_1_281' title='bbox 2125 1175 2231 1247; x_wconf 63' lang='grc' dir='ltr'>ιιβν.</span> <span class='ocrx_word' id='word_1_282' title='bbox 2254 1170 2364 1224; x_wconf 86' lang='lat' dir='ltr'><strong>Kal</strong></span> <span class='ocrx_word' id='word_1_283' title='bbox 2390 1172 2427 1239; x_wconf 77' lang='grc' dir='ltr'><strong><em>ἠ</em></strong></span> <span class='ocrx_word' id='word_1_284' title='bbox 2451 1169 2659 1237; x_wconf 80' lang='grc' dir='ltr'>ὅρασις</span> <span class='ocrx_word' id='word_1_285' title='bbox 2680 1165 2785 1219; x_wconf 88' lang='grc' dir='ltr'><strong>τοῦ</strong></span> <span class='ocrx_word' id='word_1_286' title='bbox 2811 1162 3089 1232; x_wconf 80' lang='grc' dir='ltr'><strong>τετάρτου</strong></span> <span class='ocrx_word' id='word_1_287' title='bbox 3114 1161 3287 1231; x_wconf 78' lang='grc' dir='ltr'>ὁμοία</span> <span class='ocrx_word' id='word_1_288' title='bbox 3318 1158 3432 1225; x_wconf 78' lang='grc' dir='ltr'><strong>Υἱῷ</strong></span> <span class='ocrx_word' id='word_1_289' title='bbox 3456 1157 3617 1212; x_wconf 85' lang='grc' dir='ltr'><strong>Θεοῦ.</strong></span> 
     </span>
    </p>
   </div>
   <div class='ocr_carea' id='block_1_41' title="bbox 2066 1248 3621 1329">
    <p class='ocr_par' dir='ltr' id='par_1_41' title="bbox 2066 1248 3621 1329">
     <span class='ocr_line' id='line_1_41' title="bbox 2066 1248 3621 1329; baseline -0.01 -12"><span class='ocrx_word' id='word_1_290' title='bbox 2066 1262 2403 1317; x_wconf 86' lang='grc' dir='ltr'>Ἱππολύτου.</span> <span class='ocrx_word' id='word_1_291' title='bbox 2441 1258 2578 1314; x_wconf 81' lang='grc' dir='ltr'><strong>Είπέ</strong></span> <span class='ocrx_word' id='word_1_292' title='bbox 2628 1275 2738 1329; x_wconf 85' lang='grc' dir='ltr'>μοι,</span> <span class='ocrx_word' id='word_1_293' title='bbox 2768 1254 3268 1325; x_wconf 76' lang='grc' dir='ltr'>Ναϐουχοδονόσορ,</span> <span class='ocrx_word' id='word_1_294' title='bbox 3316 1252 3451 1304; x_wconf 85' lang='grc' dir='ltr'>πότε</span> <span class='ocrx_word' id='word_1_295' title='bbox 3494 1248 3621 1312; x_wconf 79' lang='grc' dir='ltr'>εἶδες</span> 
     </span>
    </p>
   </div>
   <div class='ocr_carea' id='block_1_42' title="bbox 2056 1338 3625 1417">
    <p class='ocr_par' dir='ltr' id='par_1_42' title="bbox 2056 1338 3625 1417">
     <span class='ocr_line' id='line_1_42' title="bbox 2056 1338 3625 1417; baseline -0.01 -11"><span class='ocrx_word' id='word_1_296' title='bbox 2056 1352 2181 1405; x_wconf 80' lang='grc' dir='ltr'><strong>Υἱὸν</strong></span> <span class='ocrx_word' id='word_1_297' title='bbox 2209 1349 2364 1417; x_wconf 84' lang='grc' dir='ltr'>Θεοῦ,</span> <span class='ocrx_word' id='word_1_298' title='bbox 2398 1351 2483 1403; x_wconf 86' lang='grc' dir='ltr'><strong>ἴνα</strong></span> <span class='ocrx_word' id='word_1_299' title='bbox 2506 1348 2633 1402; x_wconf 85' lang='grc' dir='ltr'>Υίὸν</span> <span class='ocrx_word' id='word_1_300' title='bbox 2666 1346 2800 1399; x_wconf 88' lang='grc' dir='ltr'>Θεοῦ</span> <span class='ocrx_word' id='word_1_301' title='bbox 2827 1345 3013 1398; x_wconf 87' lang='grc' dir='ltr'>τοῦτον</span> <span class='ocrx_word' id='word_1_302' title='bbox 3040 1343 3418 1415; x_wconf 73' lang='grc' dir='ltr'>ὁμολογήσῃςς</span> <span class='ocrx_word' id='word_1_303' title='bbox 3455 1339 3538 1400; x_wconf 85' lang='grc' dir='ltr'><strong>τίς</strong></span> <span class='ocrx_word' id='word_1_304' title='bbox 3569 1338 3625 1390; x_wconf 71' lang='grc' dir='ltr'>δὲ</span> 
     </span>
    </p>
   </div>
   <div class='ocr_carea' id='block_1_43' title="bbox 2055 1430 3625 1514">
    <p class='ocr_par' dir='ltr' id='par_1_43' title="bbox 2055 1430 3625 1514">
     <span class='ocr_line' id='line_1_43' title="bbox 2055 1430 3625 1514; baseline -0.011 -16"><span class='ocrx_word' id='word_1_305' title='bbox 2055 1446 2084 1497; x_wconf 81' lang='grc' dir='ltr'><strong>ὁ</strong></span> <span class='ocrx_word' id='word_1_306' title='bbox 2130 1444 2227 1514; x_wconf 83' lang='grc' dir='ltr'>τὴν</span> <span class='ocrx_word' id='word_1_307' title='bbox 2268 1442 2489 1513; x_wconf 84' lang='grc' dir='ltr'>καρδίαν</span> <span class='ocrx_word' id='word_1_308' title='bbox 2541 1458 2632 1493; x_wconf 91' lang='grc' dir='ltr'><strong>σου</strong></span> <span class='ocrx_word' id='word_1_309' title='bbox 2680 1437 3004 1503; x_wconf 81' lang='grc' dir='ltr'>κατανύξας,</span> <span class='ocrx_word' id='word_1_310' title='bbox 3046 1436 3133 1487; x_wconf 84' lang='grc' dir='ltr'><strong>ἴνα</strong></span> <span class='ocrx_word' id='word_1_311' title='bbox 3180 1431 3425 1486; x_wconf 85' lang='grc' dir='ltr'>τοιοῦτον</span> <span class='ocrx_word' id='word_1_312' title='bbox 3482 1430 3625 1501; x_wconf 77' lang='grc' dir='ltr'>ῥῆμα</span> 
     </span>
    </p>
   </div>
   <div class='ocr_carea' id='block_1_44' title="bbox 2056 1521 3627 1606">
    <p class='ocr_par' dir='ltr' id='par_1_44' title="bbox 2056 1521 3627 1606">
     <span class='ocr_line' id='line_1_44' title="bbox 2056 1521 3627 1606; baseline -0.011 -16"><span class='ocrx_word' id='word_1_313' title='bbox 2056 1534 2403 1606; x_wconf 60' lang='grc' dir='ltr'>ἁποφθέγξγμ</span> <span class='ocrx_word' id='word_1_314' title='bbox 2449 1534 2621 1596; x_wconf 86' lang='grc' dir='ltr'>ποίοις</span> <span class='ocrx_word' id='word_1_315' title='bbox 2668 1531 2723 1583; x_wconf 80' lang='grc' dir='ltr'><strong>δὲ</strong></span> <span class='ocrx_word' id='word_1_316' title='bbox 2754 1529 3050 1599; x_wconf 65' lang='grc' dir='ltr'>ὀφθαλμοῖς</span> <span class='ocrx_word' id='word_1_317' title='bbox 3084 1524 3344 1595; x_wconf 79' lang='grc' dir='ltr'>ἐδυνήθης</span> <span class='ocrx_word' id='word_1_318' title='bbox 3378 1521 3539 1575; x_wconf 86' lang='grc' dir='ltr'>τοῦτο</span> <span class='ocrx_word' id='word_1_319' title='bbox 3572 1522 3627 1573; x_wconf 76' lang='grc' dir='ltr'>τὸ</span> 
     </span>
    </p>
   </div>
   <div class='ocr_carea' id='block_1_45' title="bbox 2059 1612 3629 1697">
    <p class='ocr_par' dir='ltr' id='par_1_45' title="bbox 2059 1612 3629 1697">
     <span class='ocr_line' id='line_1_45' title="bbox 2059 1612 3629 1697; baseline -0.01 -18"><span class='ocrx_word' id='word_1_320' title='bbox 2059 1625 2175 1697; x_wconf 83' lang='grc' dir='ltr'>φῶς</span> <span class='ocrx_word' id='word_1_321' title='bbox 2204 1623 2657 1697; x_wconf 84' lang='grc' dir='ltr'>ὲνοπτρίσασθαι;</span> <span class='ocrx_word' id='word_1_322' title='bbox 2690 1620 2778 1675; x_wconf 81' lang='grc' dir='ltr'>διὰ</span> <span class='ocrx_word' id='word_1_323' title='bbox 2821 1620 2873 1673; x_wconf 89' lang='grc' dir='ltr'><strong>τί</strong></span> <span class='ocrx_word' id='word_1_324' title='bbox 2914 1619 2970 1671; x_wconf 84' lang='grc' dir='ltr'>δὲ</span> <span class='ocrx_word' id='word_1_325' title='bbox 3001 1617 3082 1671; x_wconf 64' lang='grc' dir='ltr'><strong>σο)⁸</strong></span> <span class='ocrx_word' id='word_1_326' title='bbox 3135 1617 3279 1687; x_wconf 83' lang='grc' dir='ltr'><strong>μόνῳ</strong></span> <span class='ocrx_word' id='word_1_327' title='bbox 3322 1614 3419 1667; x_wconf 75' lang='grc' dir='ltr'><strong>καὶ</strong></span> <span class='ocrx_word' id='word_1_328' title='bbox 3460 1612 3629 1665; x_wconf 72' lang='grc' dir='ltr'>οὐδενὶ</span> 
     </span>
    </p>
   </div>
   <div class='ocr_carea' id='block_1_46' title="bbox 2058 1706 3631 1787">
    <p class='ocr_par' dir='ltr' id='par_1_46' title="bbox 2058 1706 3631 1787">
     <span class='ocr_line' id='line_1_46' title="bbox 2058 1706 3631 1787; baseline -0.011 -15"><span class='ocrx_word' id='word_1_329' title='bbox 2058 1719 2164 1772; x_wconf 82' lang='grc' dir='ltr'>τῶν</span> <span class='ocrx_word' id='word_1_330' title='bbox 2185 1717 2356 1772; x_wconf 79' lang='grc' dir='ltr'>ἄλλων</span> <span class='ocrx_word' id='word_1_331' title='bbox 2382 1714 2675 1787; x_wconf 80' lang='grc' dir='ltr'>σατραπῶν</span> <span class='ocrx_word' id='word_1_332' title='bbox 2699 1710 3018 1782; x_wconf 49' lang='grc' dir='ltr'>ἐπεδείχθης</span> <span class='ocrx_word' id='word_1_333' title='bbox 3043 1708 3155 1762; x_wconf 87' lang='grc' dir='ltr'>ἀλλ’</span> <span class='ocrx_word' id='word_1_334' title='bbox 3180 1706 3368 1774; x_wconf 76' lang='grc' dir='ltr'>ἐπειδὴ</span> <span class='ocrx_word' id='word_1_335' title='bbox 3392 1720 3631 1774; x_wconf 84' lang='grc' dir='ltr'>γεγραμ-</span> 
     </span>
    </p>
   </div>
   <div class='ocr_carea' id='block_1_47' title="bbox 1987 1793 3628 1881">
    <p class='ocr_par' dir='ltr' id='par_1_47' title="bbox 1987 1793 3628 1881">
     <span class='ocr_line' id='line_1_47' title="bbox 1987 1793 3628 1881; baseline -0.01 -19"><span class='ocrx_word' id='word_1_336' title='bbox 1987 1800 2028 1854; x_wconf 84' lang='grc' dir='ltr'><strong>Β</strong></span> <span class='ocrx_word' id='word_1_337' title='bbox 2060 1810 2216 1881; x_wconf 81' lang='grc' dir='ltr'>μένον</span> <span class='ocrx_word' id='word_1_338' title='bbox 2245 1808 2381 1873; x_wconf 73' lang='grc' dir='ltr'>ἐστὶ,</span> <span class='ocrx_word' id='word_1_339' title='bbox 2411 1808 2634 1874; x_wconf 80' lang='grc' dir='ltr'>Καρδία</span> <span class='ocrx_word' id='word_1_340' title='bbox 2655 1803 2962 1870; x_wconf 80' lang='grc' dir='ltr'>βασιλέως</span> <span class='ocrx_word' id='word_1_341' title='bbox 2994 1802 3063 1853; x_wconf 81' lang='grc' dir='ltr'>ἐν</span> <span class='ocrx_word' id='word_1_342' title='bbox 3105 1800 3252 1868; x_wconf 81' lang='grc' dir='ltr'>χειρί</span> <span class='ocrx_word' id='word_1_343' title='bbox 3287 1796 3460 1861; x_wconf 82' lang='grc' dir='ltr'>Θεοῦ,</span> <span class='ocrx_word' id='word_1_344' title='bbox 3496 1793 3628 1862; x_wconf 76' lang='grc' dir='ltr'>αὕτη</span> 
     </span>
    </p>
   </div>
   <div class='ocr_carea' id='block_1_48' title="bbox 2058 1887 3630 1976">
    <p class='ocr_par' dir='ltr' id='par_1_48' title="bbox 2058 1887 3630 1976">
     <span class='ocr_line' id='line_1_48' title="bbox 2058 1887 3630 1976; baseline -0.012 -19"><span class='ocrx_word' id='word_1_345' title='bbox 2058 1906 2092 1976; x_wconf 85' lang='grc' dir='ltr'><strong>ή</strong></span> <span class='ocrx_word' id='word_1_346' title='bbox 2125 1903 2216 1957; x_wconf 85' lang='grc' dir='ltr'><strong>τοῦ</strong></span> <span class='ocrx_word' id='word_1_347' title='bbox 2242 1901 2375 1956; x_wconf 84' lang='grc' dir='ltr'>Θεοῦ</span> <span class='ocrx_word' id='word_1_348' title='bbox 2399 1902 2537 1972; x_wconf 72' lang='grc' dir='ltr'>χεὶρ,</span> <span class='ocrx_word' id='word_1_349' title='bbox 2568 1900 2696 1971; x_wconf 72' lang='grc' dir='ltr'>περὶ</span> <span class='ocrx_word' id='word_1_350' title='bbox 2720 1894 2786 1969; x_wconf 76' lang='grc' dir='ltr'>ἧς</span> <span class='ocrx_word' id='word_1_351' title='bbox 2817 1899 2845 1950; x_wconf 86' lang='grc' dir='ltr'><strong>ό</strong></span> <span class='ocrx_word' id='word_1_352' title='bbox 2868 1895 3037 1963; x_wconf 80' lang='grc' dir='ltr'><strong>Λόγος</strong></span> <span class='ocrx_word' id='word_1_353' title='bbox 3059 1894 3160 1965; x_wconf 86' lang='grc' dir='ltr'>τὴν</span> <span class='ocrx_word' id='word_1_354' title='bbox 3185 1891 3415 1963; x_wconf 77' lang='grc' dir='ltr'>καρδίαν</span> <span class='ocrx_word' id='word_1_355' title='bbox 3444 1887 3630 1940; x_wconf 84' lang='grc' dir='ltr'>τούτου</span> 
     </span>
    </p>
   </div>
   <div class='ocr_carea' id='block_1_49' title="bbox 2057 1978 3630 2066">
    <p class='ocr_par' dir='ltr' id='par_1_49' title="bbox 2057 1978 3630 2066">
     <span class='ocr_line' id='line_1_49' title="bbox 2057 1978 3630 2066; baseline -0.013 -18"><span class='ocrx_word' id='word_1_356' title='bbox 2057 1995 2371 2066; x_wconf 81' lang='grc' dir='ltr'>κατήνυξεν,</span> <span class='ocrx_word' id='word_1_357' title='bbox 2424 1992 2509 2045; x_wconf 78' lang='grc' dir='ltr'><strong>ἵνα</strong></span> <span class='ocrx_word' id='word_1_358' title='bbox 2550 1992 2801 2059; x_wconf 76' lang='grc' dir='ltr'>ἐπιγνοὺς</span> <span class='ocrx_word' id='word_1_359' title='bbox 2842 1986 3029 2041; x_wconf 84' lang='grc' dir='ltr'>τοῦτον</span> <span class='ocrx_word' id='word_1_360' title='bbox 3073 1987 3130 2037; x_wconf 82' lang='grc' dir='ltr'><strong>ὲν</strong></span> <span class='ocrx_word' id='word_1_361' title='bbox 3179 1986 3245 2053; x_wconf 84' lang='grc' dir='ltr'>τῇ</span> <span class='ocrx_word' id='word_1_362' title='bbox 3296 1980 3517 2049; x_wconf 80' lang='grc' dir='ltr'>καμίνῳ</span> <span class='ocrx_word' id='word_1_363' title='bbox 3548 1978 3630 2029; x_wconf 84' lang='grc' dir='ltr'>δο-</span> 
     </span>
    </p>
   </div>
   <div class='ocr_carea' id='block_1_50' title="bbox 2059 2071 3631 2158">
    <p class='ocr_par' dir='ltr' id='par_1_50' title="bbox 2059 2071 3631 2158">
     <span class='ocr_line' id='line_1_50' title="bbox 2059 2071 3631 2158; baseline -0.014 -17"><span class='ocrx_word' id='word_1_364' title='bbox 2059 2087 2227 2158; x_wconf 75' lang='grc' dir='ltr'>ξάσῃο</span> <span class='ocrx_word' id='word_1_365' title='bbox 2277 2086 2370 2138; x_wconf 71' lang='grc' dir='ltr'><strong>καὶ</strong></span> <span class='ocrx_word' id='word_1_366' title='bbox 2410 2082 2564 2137; x_wconf 87' lang='grc' dir='ltr'>τοῦτο</span> <span class='ocrx_word' id='word_1_367' title='bbox 2605 2081 2661 2134; x_wconf 82' lang='grc' dir='ltr'><strong>δὲ</strong></span> <span class='ocrx_word' id='word_1_368' title='bbox 2698 2081 2799 2133; x_wconf 84' lang='grc' dir='ltr'>οὐκ</span> <span class='ocrx_word' id='word_1_369' title='bbox 2833 2077 2999 2150; x_wconf 82' lang='grc' dir='ltr'>ἀργὸν</span> <span class='ocrx_word' id='word_1_370' title='bbox 3033 2076 3094 2128; x_wconf 84' lang='grc' dir='ltr'><strong>τὸ</strong></span> <span class='ocrx_word' id='word_1_371' title='bbox 3136 2075 3225 2143; x_wconf 77' lang='grc' dir='ltr'><strong>ὑφ’</strong></span> <span class='ocrx_word' id='word_1_372' title='bbox 3258 2071 3417 2142; x_wconf 84' lang='grc' dir='ltr'>ήμῶν</span> <span class='ocrx_word' id='word_1_373' title='bbox 3450 2086 3631 2139; x_wconf 84' lang='grc' dir='ltr'>νενοη-</span> 
     </span>
    </p>
   </div>
   <div class='ocr_carea' id='block_1_51' title="bbox 2063 2160 3634 2251">
    <p class='ocr_par' dir='ltr' id='par_1_51' title="bbox 2063 2160 3634 2251">
     <span class='ocr_line' id='line_1_51' title="bbox 2063 2160 3634 2251; baseline -0.014 -19"><span class='ocrx_word' id='word_1_374' title='bbox 2063 2180 2221 2251; x_wconf 81' lang='grc' dir='ltr'>μένον</span> <span class='ocrx_word' id='word_1_375' title='bbox 2244 2194 2257 2208; x_wconf 80' lang='lat'><strong><em>°</em></strong></span> <span class='ocrx_word' id='word_1_376' title='bbox 2292 2174 2476 2247; x_wconf 73' lang='grc' dir='ltr'>ἐπειδὴ</span> <span class='ocrx_word' id='word_1_377' title='bbox 2520 2172 2628 2245; x_wconf 76' lang='grc' dir='ltr'>γὰρ</span> <span class='ocrx_word' id='word_1_378' title='bbox 2661 2170 2884 2242; x_wconf 78' lang='grc' dir='ltr'>ἔμελλον</span> <span class='ocrx_word' id='word_1_379' title='bbox 2918 2170 2966 2221; x_wconf 80' lang='grc' dir='ltr'><strong>οἱ</strong></span> <span class='ocrx_word' id='word_1_380' title='bbox 3002 2167 3108 2219; x_wconf 71' lang='grc' dir='ltr'>υἱοὶ</span> <span class='ocrx_word' id='word_1_381' title='bbox 3151 2162 3367 2236; x_wconf 81' lang='grc' dir='ltr'>Ἰσραὴλ</span> <span class='ocrx_word' id='word_1_382' title='bbox 3396 2162 3490 2215; x_wconf 79' lang='grc' dir='ltr'><strong>τὸν</strong></span> <span class='ocrx_word' id='word_1_383' title='bbox 3512 2160 3634 2212; x_wconf 85' lang='grc' dir='ltr'>Υίὸν</span> 
     </span>
    </p>
   </div>
   <div class='ocr_carea' id='block_1_52' title="bbox 2058 2249 3635 2331">
    <p class='ocr_par' dir='ltr' id='par_1_52' title="bbox 2058 2249 3635 2331">
     <span class='ocr_line' id='line_1_52' title="bbox 2058 2249 3635 2331; baseline -0.015 -9"><span class='ocrx_word' id='word_1_384' title='bbox 2058 2249 2152 2322; x_wconf 78' lang='grc' dir='ltr'><strong>τοῦ</strong></span> <span class='ocrx_word' id='word_1_385' title='bbox 2185 2265 2320 2321; x_wconf 88' lang='grc' dir='ltr'>Θεοῦ</span> <span class='ocrx_word' id='word_1_386' title='bbox 2360 2266 2557 2327; x_wconf 80' lang='grc' dir='ltr'>ἰδόντες</span> <span class='ocrx_word' id='word_1_387' title='bbox 2592 2264 2650 2315; x_wconf 79' lang='grc' dir='ltr'>ὲν</span> <span class='ocrx_word' id='word_1_388' title='bbox 2693 2262 2903 2331; x_wconf 87' lang='grc' dir='ltr'>κόσμῳ,</span> <span class='ocrx_word' id='word_1_389' title='bbox 2947 2257 3019 2329; x_wconf 84' lang='grc' dir='ltr'>μὴ</span> <span class='ocrx_word' id='word_1_390' title='bbox 3058 2253 3355 2317; x_wconf 82' lang='grc' dir='ltr'>πιστεύειν,</span> <span class='ocrx_word' id='word_1_391' title='bbox 3392 2249 3635 2322; x_wconf 83' lang='grc' dir='ltr'>προαπέ-</span> 
     </span>
    </p>
   </div>
   <div class='ocr_carea' id='block_1_53' title="bbox 2059 2343 3636 2429">
    <p class='ocr_par' dir='ltr' id='par_1_53' title="bbox 2059 2343 3636 2429">
     <span class='ocr_line' id='line_1_53' title="bbox 2059 2343 3636 2429; baseline -0.013 -16"><span class='ocrx_word' id='word_1_392' title='bbox 2059 2358 2228 2426; x_wconf 81' lang='grc' dir='ltr'>δειξεν</span> <span class='ocrx_word' id='word_1_393' title='bbox 2250 2359 2283 2429; x_wconf 83' lang='grc' dir='ltr'><strong>ἡ</strong></span> <span class='ocrx_word' id='word_1_394' title='bbox 2314 2356 2503 2429; x_wconf 83' lang='grc' dir='ltr'>Γραφὴ</span> <span class='ocrx_word' id='word_1_395' title='bbox 2532 2356 2614 2407; x_wconf 84' lang='grc' dir='ltr'><strong>ὅτι</strong></span> <span class='ocrx_word' id='word_1_396' title='bbox 2640 2351 2968 2424; x_wconf 79' lang='grc' dir='ltr'>μελλήσουσι</span> <span class='ocrx_word' id='word_1_397' title='bbox 2990 2348 3057 2401; x_wconf 80' lang='grc' dir='ltr'>τὰ</span> <span class='ocrx_word' id='word_1_398' title='bbox 3082 2346 3207 2417; x_wconf 75' lang='grc' dir='ltr'>ἔθνη</span> <span class='ocrx_word' id='word_1_399' title='bbox 3234 2344 3426 2397; x_wconf 88' lang='grc' dir='ltr'>τοῦτον</span> <span class='ocrx_word' id='word_1_400' title='bbox 3448 2343 3636 2413; x_wconf 83' lang='grc' dir='ltr'>ἕνσαρ-</span> 
     </span>
    </p>
   </div>
   <div class='ocr_carea' id='block_1_54' title="bbox 2060 2434 3634 2519">
    <p class='ocr_par' dir='ltr' id='par_1_54' title="bbox 2060 2434 3634 2519">
     <span class='ocr_line' id='line_1_54' title="bbox 2060 2434 3634 2519; baseline -0.013 -15"><span class='ocrx_word' id='word_1_401' title='bbox 2060 2468 2155 2504; x_wconf 88' lang='grc' dir='ltr'><strong>κον</strong></span> <span class='ocrx_word' id='word_1_402' title='bbox 2187 2447 2589 2519; x_wconf 77' lang='grc' dir='ltr'>ἐπιγινώσκειν,</span> <span class='ocrx_word' id='word_1_403' title='bbox 2624 2445 2681 2498; x_wconf 86' lang='grc' dir='ltr'>ὃν</span> <span class='ocrx_word' id='word_1_404' title='bbox 2722 2444 2890 2498; x_wconf 81' lang='grc' dir='ltr'>πάλαι</span> <span class='ocrx_word' id='word_1_405' title='bbox 2920 2444 3158 2510; x_wconf 84' lang='grc' dir='ltr'>ἄσαρκον</span> <span class='ocrx_word' id='word_1_406' title='bbox 3196 2436 3316 2490; x_wconf 81' lang='grc' dir='ltr'>ἰδὼν</span> <span class='ocrx_word' id='word_1_407' title='bbox 3338 2435 3558 2501; x_wconf 79' lang='grc' dir='ltr'>ἐπέγνω</span> <span class='ocrx_word' id='word_1_408' title='bbox 3582 2434 3634 2483; x_wconf 84' lang='grc' dir='ltr'>ὲν</span> 
     </span>
    </p>
   </div>
   <div class='ocr_carea' id='block_1_55' title="bbox 2063 2524 3634 2614">
    <p class='ocr_par' dir='ltr' id='par_1_55' title="bbox 2063 2524 3634 2614">
     <span class='ocr_line' id='line_1_55' title="bbox 2063 2524 3634 2614; baseline -0.011 -19"><span class='ocrx_word' id='word_1_409' title='bbox 2063 2542 2275 2614; x_wconf 86' lang='grc' dir='ltr'>καμίνῳ</span> <span class='ocrx_word' id='word_1_410' title='bbox 2303 2542 2330 2592; x_wconf 89' lang='grc' dir='ltr'>ὁ</span> <span class='ocrx_word' id='word_1_411' title='bbox 2361 2537 2848 2610; x_wconf 79' lang='grc' dir='ltr'>Ναϐουχοδονόσορ,</span> <span class='ocrx_word' id='word_1_412' title='bbox 2883 2536 2976 2589; x_wconf 72' lang='grc' dir='ltr'>καὶ</span> <span class='ocrx_word' id='word_1_413' title='bbox 3009 2533 3136 2586; x_wconf 81' lang='grc' dir='ltr'>Υίὸν</span> <span class='ocrx_word' id='word_1_414' title='bbox 3177 2528 3312 2584; x_wconf 86' lang='grc' dir='ltr'>Θεοῦ</span> <span class='ocrx_word' id='word_1_415' title='bbox 3347 2524 3493 2581; x_wconf 79' lang='grc' dir='ltr'>εἶναι</span> <span class='ocrx_word' id='word_1_416' title='bbox 3519 2524 3634 2578; x_wconf 85' lang='grc' dir='ltr'>τοῦ-</span> 
     </span>
    </p>
   </div>
   <div class='ocr_carea' id='block_1_56' title="bbox 2062 2633 2562 2705">
    <p class='ocr_par' dir='ltr' id='par_1_56' title="bbox 2062 2633 2562 2705">
     <span class='ocr_line' id='line_1_56' title="bbox 2062 2633 2562 2705; baseline -0.006 -18"><span class='ocrx_word' id='word_1_417' title='bbox 2062 2652 2155 2689; x_wconf 92' lang='grc' dir='ltr'><strong>τον</strong></span> <span class='ocrx_word' id='word_1_418' title='bbox 2189 2633 2562 2705; x_wconf 82' lang='grc' dir='ltr'>ὡμολόγησεν.</span> 
     </span>
    </p>
   </div>
   <div class='ocr_carea' id='block_1_57' title="bbox 2132 2710 3631 2798">
    <p class='ocr_par' dir='ltr' id='par_1_57' title="bbox 2132 2710 3631 2798">
     <span class='ocr_line' id='line_1_57' title="bbox 2132 2710 3631 2798; baseline -0.013 -16"><span class='ocrx_word' id='word_1_419' title='bbox 2132 2731 2238 2798; x_wconf 68' lang='grc' dir='ltr'>ιιγ⁰.</span> <span class='ocrx_word' id='word_1_420' title='bbox 2290 2725 2400 2780; x_wconf 83' lang='grc' dir='ltr'><strong>Καὶ</strong></span> <span class='ocrx_word' id='word_1_421' title='bbox 2454 2719 2643 2787; x_wconf 76' lang='grc' dir='ltr'>εἶπεν,</span> <span class='ocrx_word' id='word_1_422' title='bbox 2698 2720 2947 2789; x_wconf 81' lang='grc' dir='ltr'>Σεδρὰχ,</span> <span class='ocrx_word' id='word_1_423' title='bbox 3006 2716 3229 2785; x_wconf 80' lang='grc' dir='ltr'>Μισὰχ,</span> <span class='ocrx_word' id='word_1_424' title='bbox 3295 2710 3631 2780; x_wconf 64' lang='grc' dir='ltr'>Ἀϐδετπγώ.</span> 
     </span>
    </p>
   </div>
   <div class='ocr_carea' id='block_1_58' title="bbox 2074 2806 3633 2886">
    <p class='ocr_par' dir='ltr' id='par_1_58' title="bbox 2074 2806 3633 2886">
     <span class='ocr_line' id='line_1_58' title="bbox 2074 2806 3633 2886; baseline -0.012 -11"><span class='ocrx_word' id='word_1_425' title='bbox 2074 2818 2408 2875; x_wconf 90' lang='grc' dir='ltr'>Ἱππολύτου.</span> <span class='ocrx_word' id='word_1_426' title='bbox 2427 2820 2538 2871; x_wconf 73' lang='grc' dir='ltr'>Καὶ</span> <span class='ocrx_word' id='word_1_427' title='bbox 2559 2817 2666 2869; x_wconf 84' lang='grc' dir='ltr'><strong>τῶν</strong></span> <span class='ocrx_word' id='word_1_428' title='bbox 2694 2816 2791 2886; x_wconf 79' lang='grc' dir='ltr'><strong>μὲν</strong></span> <span class='ocrx_word' id='word_1_429' title='bbox 2811 2812 2977 2885; x_wconf 83' lang='grc' dir='ltr'>τριῶν</span> <span class='ocrx_word' id='word_1_430' title='bbox 2999 2811 3068 2864; x_wconf 75' lang='grc' dir='ltr'>τὰ</span> <span class='ocrx_word' id='word_1_431' title='bbox 3084 2810 3322 2880; x_wconf 85' lang='grc' dir='ltr'>ὀνόματα</span> <span class='ocrx_word' id='word_1_432' title='bbox 3343 2806 3603 2859; x_wconf 72' lang='grc' dir='ltr'>ἐκάλεσεν</span> <span class='ocrx_word' id='word_1_433' title='bbox 3617 2820 3633 2833; x_wconf 82' lang='grc'><strong>⁸</strong></span> 
     </span>
    </p>
   </div>
   <div class='ocr_carea' id='block_1_59' title="bbox 2061 2889 3634 2979">
    <p class='ocr_par' dir='ltr' id='par_1_59' title="bbox 2061 2889 3634 2979">
     <span class='ocr_line' id='line_1_59' title="bbox 2061 2889 3634 2979; baseline -0.013 -14"><span class='ocrx_word' id='word_1_434' title='bbox 2061 2909 2157 2965; x_wconf 83' lang='grc' dir='ltr'><strong>τοῦ</strong></span> <span class='ocrx_word' id='word_1_435' title='bbox 2193 2910 2250 2963; x_wconf 82' lang='grc' dir='ltr'><strong>δὲ</strong></span> <span class='ocrx_word' id='word_1_436' title='bbox 2277 2910 2533 2979; x_wconf 85' lang='grc' dir='ltr'>τετάρτου</span> <span class='ocrx_word' id='word_1_437' title='bbox 2557 2908 2654 2977; x_wconf 80' lang='grc' dir='ltr'><strong>οὐχ</strong></span> <span class='ocrx_word' id='word_1_438' title='bbox 2693 2899 2849 2976; x_wconf 77' lang='grc' dir='ltr'>εὗρεν</span> <span class='ocrx_word' id='word_1_439' title='bbox 2876 2902 3111 2969; x_wconf 77' lang='grc' dir='ltr'>ἐξειπεῖν</span> <span class='ocrx_word' id='word_1_440' title='bbox 3135 2916 3149 2930; x_wconf 88' lang='grc'><strong>·</strong></span> <span class='ocrx_word' id='word_1_441' title='bbox 3182 2898 3399 2952; x_wconf 83' lang='grc' dir='ltr'>οὐδέπω</span> <span class='ocrx_word' id='word_1_442' title='bbox 3439 2896 3550 2968; x_wconf 80' lang='grc' dir='ltr'>γὰρ</span> <span class='ocrx_word' id='word_1_443' title='bbox 3571 2889 3634 2966; x_wconf 74' lang='grc' dir='ltr'>ἦν</span> 
     </span>
    </p>
   </div>
   <div class='ocr_carea' id='block_1_60' title="bbox 2065 2992 3278 3074">
    <p class='ocr_par' dir='ltr' id='par_1_60' title="bbox 2065 2992 3278 3074">
     <span class='ocr_line' id='line_1_60' title="bbox 2065 2992 3278 3074; baseline -0.011 -18"><span class='ocrx_word' id='word_1_444' title='bbox 2065 3004 2131 3056; x_wconf 87' lang='grc' dir='ltr'>ὲκ</span> <span class='ocrx_word' id='word_1_445' title='bbox 2156 3002 2256 3072; x_wconf 82' lang='grc' dir='ltr'>τῆς</span> <span class='ocrx_word' id='word_1_446' title='bbox 2276 3001 2545 3074; x_wconf 76' lang='grc' dir='ltr'>Παρθένου</span> <span class='ocrx_word' id='word_1_447' title='bbox 2582 2997 2946 3068; x_wconf 80' lang='grc' dir='ltr'>γεγενημένος</span> <span class='ocrx_word' id='word_1_448' title='bbox 2981 2996 3010 3047; x_wconf 89' lang='grc' dir='ltr'>ὁ</span> <span class='ocrx_word' id='word_1_449' title='bbox 3051 2992 3278 3064; x_wconf 83' lang='grc' dir='ltr'>Ἰησοῦς.</span> 
     </span>
    </p>
   </div>
   <div class='ocr_carea' id='block_1_61' title="bbox 462 3080 1981 3191">
    <p class='ocr_par' dir='ltr' id='par_1_61' title="bbox 462 3080 1959 3191">
     <span class='ocr_line' id='line_1_61' title="bbox 462 3080 1959 3191; baseline -0.004 -16"><span class='ocrx_word' id='word_1_450' title='bbox 462 3120 527 3175; x_wconf 72' lang='lat' dir='ltr'><strong>V.</strong></span> <span class='ocrx_word' id='word_1_451' title='bbox 562 3122 650 3176; x_wconf 89' lang='lat'><strong>97.</strong></span> <span class='ocrx_word' id='word_1_452' title='bbox 670 3151 739 3163; x_wconf 91' lang='lat'><strong><em>—</em></strong></span> <span class='ocrx_word' id='word_1_453' title='bbox 764 3080 929 3189; x_wconf 46' lang='lat' dir='ltr'><strong>Tum;</strong></span> <span class='ocrx_word' id='word_1_454' title='bbox 948 3080 1354 3191; x_wconf 58' lang='lat' dir='ltr'><strong>rexupromovit.</strong></span> <span class='ocrx_word' id='word_1_455' title='bbox 1391 3118 1681 3191; x_wconf 81' lang='lat' dir='ltr'><strong>Hippolyti.</strong></span> <span class='ocrx_word' id='word_1_456' title='bbox 1718 3116 1787 3172; x_wconf 90' lang='lat' dir='ltr'><strong>Ut</strong></span> <span class='ocrx_word' id='word_1_457' title='bbox 1815 3115 1959 3171; x_wconf 90' lang='lat' dir='ltr'><strong>enim</strong></span> 
     </span>
    </p>
   </div>
   <div class='ocr_carea' id='block_1_62' title="bbox 2071 3080 3633 3191">
    <p class='ocr_par' dir='ltr' id='par_1_62' title="bbox 2135 3080 3633 3162">
     <span class='ocr_line' id='line_1_62' title="bbox 2135 3080 3633 3162; baseline -0.012 -13"><span class='ocrx_word' id='word_1_458' title='bbox 2135 3096 2238 3162; x_wconf 60' lang='grc' dir='ltr'>ιιςν.</span> <span class='ocrx_word' id='word_1_459' title='bbox 2286 3094 2422 3148; x_wconf 81' lang='grc' dir='ltr'>Τότε</span> <span class='ocrx_word' id='word_1_460' title='bbox 2448 3095 2479 3147; x_wconf 88' lang='grc' dir='ltr'><strong>ό</strong></span> <span class='ocrx_word' id='word_1_461' title='bbox 2520 3090 2820 3156; x_wconf 76' lang='grc' dir='ltr'>βασιλεὺς</span> <span class='ocrx_word' id='word_1_462' title='bbox 2866 3088 3261 3153; x_wconf 76' lang='grc' dir='ltr'>κατηύθυνεν.</span> <span class='ocrx_word' id='word_1_463' title='bbox 3298 3080 3633 3136; x_wconf 83' lang='grc' dir='ltr'>Ἱππολύτου.</span> 
     </span>
    </p>
   </div>
   <div class='ocr_carea' id='block_1_63' title="bbox 392 3207 1959 3283">
    <p class='ocr_par' dir='ltr' id='par_1_63' title="bbox 392 3207 1959 3283">
     <span class='ocr_line' id='line_1_63' title="bbox 392 3207 1959 3283; baseline -0.003 -18"><span class='ocrx_word' id='word_1_464' title='bbox 392 3211 563 3266; x_wconf 90' lang='lat' dir='ltr'><strong>Deum</strong></span> <span class='ocrx_word' id='word_1_465' title='bbox 592 3212 768 3282; x_wconf 90' lang='lat' dir='ltr'><strong>ipsum</strong></span> <span class='ocrx_word' id='word_1_466' title='bbox 804 3212 1243 3283; x_wconf 79' lang='lat' dir='ltr'><strong>glorificaverunt</strong></span> <span class='ocrx_word' id='word_1_467' title='bbox 1267 3210 1398 3265; x_wconf 90' lang='lat' dir='ltr'><strong>dum</strong></span> <span class='ocrx_word' id='word_1_468' title='bbox 1442 3225 1561 3265; x_wconf 90' lang='lat' dir='ltr'><strong>sese</strong></span> <span class='ocrx_word' id='word_1_469' title='bbox 1589 3210 1747 3263; x_wconf 87' lang='lat' dir='ltr'><strong>morti</strong></span> <span class='ocrx_word' id='word_1_470' title='bbox 1780 3207 1959 3261; x_wconf 86' lang='lat' dir='ltr'><strong>trade-</strong></span> 
     </span>
    </p>
   </div>
   <div class='ocr_carea' id='block_1_64' title="bbox 391 3298 1961 3373">
    <p class='ocr_par' dir='ltr' id='par_1_64' title="bbox 391 3298 1961 3373">
     <span class='ocr_line' id='line_1_64' title="bbox 391 3298 1961 3373; baseline -0.003 -17"><span class='ocrx_word' id='word_1_471' title='bbox 391 3312 533 3367; x_wconf 87' lang='lat' dir='ltr'><strong>rent,</strong></span> <span class='ocrx_word' id='word_1_472' title='bbox 574 3304 653 3358; x_wconf 88' lang='lat' dir='ltr'><strong>sic</strong></span> <span class='ocrx_word' id='word_1_473' title='bbox 688 3303 933 3358; x_wconf 82' lang='lat' dir='ltr'><strong>vicissim</strong></span> <span class='ocrx_word' id='word_1_474' title='bbox 984 3303 1204 3373; x_wconf 90' lang='lat' dir='ltr'><strong>ipsimet</strong></span> <span class='ocrx_word' id='word_1_475' title='bbox 1250 3318 1357 3357; x_wconf 87' lang='lat' dir='ltr'><strong>non</strong></span> <span class='ocrx_word' id='word_1_476' title='bbox 1398 3310 1609 3356; x_wconf 90' lang='lat' dir='ltr'><strong>tantum</strong></span> <span class='ocrx_word' id='word_1_477' title='bbox 1654 3317 1683 3354; x_wconf 93' lang='lat' dir='ltr'><strong>a</strong></span> <span class='ocrx_word' id='word_1_478' title='bbox 1714 3300 1844 3363; x_wconf 87' lang='lat' dir='ltr'><strong>Deo,</strong></span> <span class='ocrx_word' id='word_1_479' title='bbox 1864 3298 1961 3353; x_wconf 87' lang='lat' dir='ltr'><strong>sed</strong></span> 
     </span>
    </p>
   </div>
   <div class='ocr_carea' id='block_1_65' title="bbox 391 3392 1962 3465">
    <p class='ocr_par' dir='ltr' id='par_1_65' title="bbox 391 3392 1962 3465">
     <span class='ocr_line' id='line_1_65' title="bbox 391 3392 1962 3465; baseline -0.003 -15"><span class='ocrx_word' id='word_1_480' title='bbox 391 3396 557 3450; x_wconf 88' lang='lat' dir='ltr'><strong>etiam</strong></span> <span class='ocrx_word' id='word_1_481' title='bbox 589 3410 619 3449; x_wconf 92' lang='lat' dir='ltr'><strong>a</strong></span> <span class='ocrx_word' id='word_1_482' title='bbox 646 3410 771 3464; x_wconf 87' lang='lat' dir='ltr'><strong>rege</strong></span> <span class='ocrx_word' id='word_1_483' title='bbox 803 3393 1085 3465; x_wconf 79' lang='lat' dir='ltr'><strong>gloriﬁcati</strong></span> <span class='ocrx_word' id='word_1_484' title='bbox 1116 3399 1268 3460; x_wconf 89' lang='lat' dir='ltr'><strong>sunt,</strong></span> <span class='ocrx_word' id='word_1_485' title='bbox 1292 3399 1346 3446; x_wconf 89' lang='lat' dir='ltr'><strong>et</strong></span> <span class='ocrx_word' id='word_1_486' title='bbox 1374 3392 1563 3446; x_wconf 72' lang='lat' dir='ltr'><strong>aliena:</strong></span> <span class='ocrx_word' id='word_1_487' title='bbox 1610 3392 1962 3461; x_wconf 59' lang='lat' dir='ltr'><strong>barbaraque</strong></span> 
     </span>
    </p>
   </div>
   <div class='ocr_carea' id='block_1_66' title="bbox 393 3485 1344 3560">
    <p class='ocr_par' dir='ltr' id='par_1_66' title="bbox 393 3485 1344 3560">
     <span class='ocr_line' id='line_1_66' title="bbox 393 3485 1344 3560; baseline -0.004 -16"><span class='ocrx_word' id='word_1_488' title='bbox 393 3496 581 3560; x_wconf 83' lang='lat' dir='ltr'><strong>gentes</strong></span> <span class='ocrx_word' id='word_1_489' title='bbox 614 3487 783 3543; x_wconf 92' lang='lat' dir='ltr'><strong>Deum</strong></span> <span class='ocrx_word' id='word_1_490' title='bbox 815 3487 993 3542; x_wconf 89' lang='lat' dir='ltr'><strong>colere</strong></span> <span class='ocrx_word' id='word_1_491' title='bbox 1017 3485 1344 3541; x_wconf 85' lang='lat' dir='ltr'><strong>didicerunt.</strong></span> 
     </span>
    </p>
   </div>
   <div class='ocr_carea' id='block_1_67' title="bbox 1023 3656 1330 3713">
    <p class='ocr_par' dir='ltr' id='par_1_67' title="bbox 1023 3656 1330 3713">
     <span class='ocr_line' id='line_1_67' title="bbox 1023 3656 1330 3713; baseline 0.003 -1"><span class='ocrx_word' id='word_1_492' title='bbox 1023 3656 1177 3712; x_wconf 65' lang='lat' dir='ltr'><strong>CAP.</strong></span> <span class='ocrx_word' id='word_1_493' title='bbox 1222 3656 1330 3713; x_wconf 80' lang='lat' dir='ltr'><strong>VH.</strong></span> 
     </span>
    </p>
   </div>
   <div class='ocr_carea' id='block_1_68' title="bbox 466 3746 1963 3820">
    <p class='ocr_par' dir='ltr' id='par_1_68' title="bbox 466 3746 1963 3820">
     <span class='ocr_line' id='line_1_68' title="bbox 466 3746 1963 3820; baseline -0.003 -13"><span class='ocrx_word' id='word_1_494' title='bbox 466 3749 533 3807; x_wconf 67' lang='grc' dir='ltr'>γ.</span> <span class='ocrx_word' id='word_1_495' title='bbox 570 3750 699 3805; x_wconf 80' lang='grc'><strong>1.-</strong></span> <span class='ocrx_word' id='word_1_496' title='bbox 740 3748 804 3805; x_wconf 86' lang='grc' dir='ltr'>Ει</span> <span class='ocrx_word' id='word_1_497' title='bbox 851 3749 1111 3804; x_wconf 72' lang='lat' dir='ltr'><strong>somnium</strong></span> <span class='ocrx_word' id='word_1_498' title='bbox 1155 3750 1405 3802; x_wconf 79' lang='lat' dir='ltr'><strong>scribens.</strong></span> <span class='ocrx_word' id='word_1_499' title='bbox 1450 3746 1749 3820; x_wconf 79' lang='lat' dir='ltr'><strong>Hippolyti.</strong></span> <span class='ocrx_word' id='word_1_500' title='bbox 1800 3747 1963 3816; x_wconf 66' lang='lat' dir='ltr'><strong>Qua:-</strong></span> 
     </span>
    </p>
   </div>
   <div class='ocr_carea' id='block_1_69' title="bbox 397 3840 1967 3916">
    <p class='ocr_par' dir='ltr' id='par_1_69' title="bbox 397 3840 1967 3916">
     <span class='ocr_line' id='line_1_69' title="bbox 397 3840 1967 3916; baseline -0.004 -16"><span class='ocrx_word' id='word_1_501' title='bbox 397 3860 613 3916; x_wconf 88' lang='lat' dir='ltr'><strong>cunque</strong></span> <span class='ocrx_word' id='word_1_502' title='bbox 666 3858 796 3912; x_wconf 82' lang='lat' dir='ltr'><strong>ergo</strong></span> <span class='ocrx_word' id='word_1_503' title='bbox 841 3843 1026 3896; x_wconf 89' lang='lat' dir='ltr'><strong>omnia</strong></span> <span class='ocrx_word' id='word_1_504' title='bbox 1072 3857 1168 3912; x_wconf 91' lang='lat' dir='ltr'><strong>per</strong></span> <span class='ocrx_word' id='word_1_505' title='bbox 1198 3840 1456 3910; x_wconf 89' lang='lat' dir='ltr'><strong>Spiritum</strong></span> <span class='ocrx_word' id='word_1_506' title='bbox 1506 3842 1559 3894; x_wconf 92' lang='lat' dir='ltr'><strong>in</strong></span> <span class='ocrx_word' id='word_1_507' title='bbox 1604 3840 1831 3895; x_wconf 87' lang='lat' dir='ltr'><strong>somniis</strong></span> <span class='ocrx_word' id='word_1_508' title='bbox 1879 3855 1967 3895; x_wconf 87' lang='lat' dir='ltr'><strong>re-</strong></span> 
     </span>
    </p>
   </div>
   <div class='ocr_carea' id='block_1_70' title="bbox 399 3931 1967 4004">
    <p class='ocr_par' dir='ltr' id='par_1_70' title="bbox 399 3931 1967 4004">
     <span class='ocr_line' id='line_1_70' title="bbox 399 3931 1967 4004; baseline -0.001 -15"><span class='ocrx_word' id='word_1_509' title='bbox 399 3936 574 3991; x_wconf 86' lang='lat' dir='ltr'><strong>velata</strong></span> <span class='ocrx_word' id='word_1_510' title='bbox 608 3944 735 3989; x_wconf 91' lang='lat' dir='ltr'><strong>sunt</strong></span> <span class='ocrx_word' id='word_1_511' title='bbox 765 3934 924 3989; x_wconf 89' lang='lat' dir='ltr'><strong>beato</strong></span> <span class='ocrx_word' id='word_1_512' title='bbox 969 3934 1264 4004; x_wconf 63' lang='lat' dir='ltr'><strong>prophetia,</strong></span> <span class='ocrx_word' id='word_1_513' title='bbox 1314 3933 1430 3987; x_wconf 81' lang='lat' dir='ltr'><strong>haec</strong></span> <span class='ocrx_word' id='word_1_514' title='bbox 1467 3942 1520 3986; x_wconf 90' lang='lat' dir='ltr'><strong>et</strong></span> <span class='ocrx_word' id='word_1_515' title='bbox 1562 3931 1683 3986; x_wconf 90' lang='lat' dir='ltr'><strong>aliis</strong></span> <span class='ocrx_word' id='word_1_516' title='bbox 1711 3931 1967 3987; x_wconf 82' lang='lat' dir='ltr'><strong>munifice</strong></span> 
     </span>
    </p>
   </div>
   <div class='ocr_carea' id='block_1_71' title="bbox 397 4026 1969 4100">
    <p class='ocr_par' dir='ltr' id='par_1_71' title="bbox 397 4026 1969 4100">
     <span class='ocr_line' id='line_1_71' title="bbox 397 4026 1969 4100; baseline -0.003 -16"><span class='ocrx_word' id='word_1_517' title='bbox 397 4028 731 4100; x_wconf 76' lang='lat' dir='ltr'><strong>explicabat,</strong></span> <span class='ocrx_word' id='word_1_518' title='bbox 775 4036 837 4083; x_wconf 88' lang='lat' dir='ltr'><strong>ut</strong></span> <span class='ocrx_word' id='word_1_519' title='bbox 875 4043 983 4082; x_wconf 91' lang='lat' dir='ltr'><strong>non</strong></span> <span class='ocrx_word' id='word_1_520' title='bbox 1022 4035 1233 4082; x_wconf 85' lang='lat' dir='ltr'><strong>tantum</strong></span> <span class='ocrx_word' id='word_1_521' title='bbox 1276 4027 1391 4096; x_wconf 88' lang='lat' dir='ltr'><strong>ipse</strong></span> <span class='ocrx_word' id='word_1_522' title='bbox 1435 4026 1652 4081; x_wconf 85' lang='lat' dir='ltr'><strong>sibimet</strong></span> <span class='ocrx_word' id='word_1_523' title='bbox 1694 4026 1969 4096; x_wconf 89' lang='lat' dir='ltr'><strong>propheti-</strong></span> 
     </span>
    </p>
   </div>
   <div class='ocr_carea' id='block_1_72' title="bbox 406 4117 1969 4187">
    <p class='ocr_par' dir='ltr' id='par_1_72' title="bbox 406 4117 1969 4187">
     <span class='ocr_line' id='line_1_72' title="bbox 406 4117 1969 4187; baseline -0.001 -13"><span class='ocrx_word' id='word_1_524' title='bbox 406 4137 529 4177; x_wconf 75' lang='lat' dir='ltr'><strong>zare</strong></span> <span class='ocrx_word' id='word_1_525' title='bbox 571 4120 752 4176; x_wconf 83' lang='lat' dir='ltr'><strong>futura</strong></span> <span class='ocrx_word' id='word_1_526' title='bbox 784 4120 1077 4187; x_wconf 90' lang='lat' dir='ltr'><strong>videretur,</strong></span> <span class='ocrx_word' id='word_1_527' title='bbox 1111 4120 1204 4175; x_wconf 84' lang='lat' dir='ltr'><strong>sed</strong></span> <span class='ocrx_word' id='word_1_528' title='bbox 1242 4126 1295 4173; x_wconf 91' lang='lat' dir='ltr'><strong>et</strong></span> <span class='ocrx_word' id='word_1_529' title='bbox 1330 4119 1451 4173; x_wconf 87' lang='lat' dir='ltr'><strong>aliis</strong></span> <span class='ocrx_word' id='word_1_530' title='bbox 1480 4117 1785 4173; x_wconf 88' lang='lat' dir='ltr'><strong>volentibus</strong></span> <span class='ocrx_word' id='word_1_531' title='bbox 1814 4133 1969 4173; x_wconf 89' lang='lat' dir='ltr'><strong>scru-</strong></span> 
     </span>
    </p>
   </div>
   <div class='ocr_carea' id='block_1_73' title="bbox 402 4211 1756 4283">
    <p class='ocr_par' dir='ltr' id='par_1_73' title="bbox 402 4211 1756 4283">
     <span class='ocr_line' id='line_1_73' title="bbox 402 4211 1756 4283; baseline -0.001 -16"><span class='ocrx_word' id='word_1_532' title='bbox 402 4212 507 4267; x_wconf 89' lang='lat' dir='ltr'><strong>tari</strong></span> <span class='ocrx_word' id='word_1_533' title='bbox 530 4212 743 4268; x_wconf 84' lang='lat' dir='ltr'><strong>divinas</strong></span> <span class='ocrx_word' id='word_1_534' title='bbox 764 4213 1074 4283; x_wconf 90' lang='lat' dir='ltr'><strong>Scripturas</strong></span> <span class='ocrx_word' id='word_1_535' title='bbox 1104 4213 1363 4282; x_wconf 87' lang='lat' dir='ltr'><strong>propheta</strong></span> <span class='ocrx_word' id='word_1_536' title='bbox 1393 4211 1756 4266; x_wconf 78' lang='lat' dir='ltr'><strong>exhiberetur.</strong></span> 
     </span>
    </p>
   </div>
   <div class='ocr_carea' id='block_1_74' title="bbox 470 4300 1969 4375">
    <p class='ocr_par' dir='ltr' id='par_1_74' title="bbox 470 4300 1969 4375">
     <span class='ocr_line' id='line_1_74' title="bbox 470 4300 1969 4375; baseline 0.001 -19"><span class='ocrx_word' id='word_1_537' title='bbox 470 4300 537 4357; x_wconf 82' lang='lat' dir='ltr'><strong>V.</strong></span> <span class='ocrx_word' id='word_1_538' title='bbox 554 4302 755 4356; x_wconf 73' lang='lat' dir='ltr'><strong>2.—Et</strong></span> <span class='ocrx_word' id='word_1_539' title='bbox 774 4320 888 4357; x_wconf 81' lang='lat' dir='ltr'><strong>ecce</strong></span> <span class='ocrx_word' id='word_1_540' title='bbox 901 4315 1128 4375; x_wconf 86' lang='lat' dir='ltr'><strong>quatuor</strong></span> <span class='ocrx_word' id='word_1_541' title='bbox 1143 4304 1296 4357; x_wconf 86' lang='lat' dir='ltr'><strong>venti.</strong></span> <span class='ocrx_word' id='word_1_542' title='bbox 1317 4302 1606 4373; x_wconf 86' lang='lat' dir='ltr'><strong>Hippolyti.</strong></span> <span class='ocrx_word' id='word_1_543' title='bbox 1626 4301 1969 4357; x_wconf 84' lang='lat' dir='ltr'><strong>Creationem</strong></span> 
     </span>
    </p>
   </div>
   <div class='ocr_carea' id='block_1_75' title="bbox 403 4395 1967 4467">
    <p class='ocr_par' dir='ltr' id='par_1_75' title="bbox 403 4395 1967 4467">
     <span class='ocr_line' id='line_1_75' title="bbox 403 4395 1967 4467; baseline -0.001 -16"><span class='ocrx_word' id='word_1_544' title='bbox 403 4396 507 4451; x_wconf 90' lang='lat' dir='ltr'><strong>sub</strong></span> <span class='ocrx_word' id='word_1_545' title='bbox 541 4404 773 4467; x_wconf 87' lang='lat' dir='ltr'><strong>quatuor</strong></span> <span class='ocrx_word' id='word_1_546' title='bbox 796 4398 918 4451; x_wconf 69' lang='lat' dir='ltr'><strong>caeli</strong></span> <span class='ocrx_word' id='word_1_547' title='bbox 942 4397 1253 4451; x_wconf 90' lang='lat' dir='ltr'><strong>climatibus</strong></span> <span class='ocrx_word' id='word_1_548' title='bbox 1275 4396 1719 4465; x_wconf 88' lang='lat' dir='ltr'><strong>comprehensam</strong></span> <span class='ocrx_word' id='word_1_549' title='bbox 1746 4395 1967 4450; x_wconf 90' lang='lat' dir='ltr'><strong>indicat.</strong></span> 
     </span>
    </p>
   </div>
   <div class='ocr_carea' id='block_1_76' title="bbox 2066 3170 3637 3258">
    <p class='ocr_par' dir='ltr' id='par_1_76' title="bbox 2066 3170 3637 3258">
     <span class='ocr_line' id='line_1_76' title="bbox 2066 3170 3637 3258; baseline -0.011 -16"><span class='ocrx_word' id='word_1_550' title='bbox 2066 3187 2275 3258; x_wconf 83' lang='grc' dir='ltr'>Ὥσπερ</span> <span class='ocrx_word' id='word_1_551' title='bbox 2304 3186 2411 3257; x_wconf 83' lang='grc' dir='ltr'>γὰρ</span> <span class='ocrx_word' id='word_1_552' title='bbox 2434 3184 2593 3237; x_wconf 79' lang='grc' dir='ltr'>αὐτὸν</span> <span class='ocrx_word' id='word_1_553' title='bbox 2615 3183 2705 3235; x_wconf 83' lang='grc' dir='ltr'><strong>τὸν</strong></span> <span class='ocrx_word' id='word_1_554' title='bbox 2739 3181 2868 3235; x_wconf 85' lang='grc' dir='ltr'>Θεὸν</span> <span class='ocrx_word' id='word_1_555' title='bbox 2901 3180 3172 3246; x_wconf 78' lang='grc' dir='ltr'>ἐδόξασαν,</span> <span class='ocrx_word' id='word_1_556' title='bbox 3194 3178 3421 3237; x_wconf 75' lang='grc' dir='ltr'>ἑαυτοὺς</span> <span class='ocrx_word' id='word_1_557' title='bbox 3448 3172 3527 3243; x_wconf 78' lang='grc' dir='ltr'><strong>τῷ</strong></span> <span class='ocrx_word' id='word_1_558' title='bbox 3549 3170 3637 3225; x_wconf 79' lang='grc' dir='ltr'>θαο</span> 
     </span>
    </p>
   </div>
   <div class='ocr_carea' id='block_1_77' title="bbox 2065 3265 3637 3351">
    <p class='ocr_par' dir='ltr' id='par_1_77' title="bbox 2065 3265 3637 3351">
     <span class='ocr_line' id='line_1_77' title="bbox 2065 3265 3637 3351; baseline -0.013 -17"><span class='ocrx_word' id='word_1_559' title='bbox 2065 3280 2210 3351; x_wconf 85' lang='grc' dir='ltr'>νάτῳ</span> <span class='ocrx_word' id='word_1_560' title='bbox 2244 3277 2595 3350; x_wconf 85' lang='grc' dir='ltr'>παραδόντες,</span> <span class='ocrx_word' id='word_1_561' title='bbox 2635 3274 2776 3328; x_wconf 75' lang='grc' dir='ltr'>οὕτω</span> <span class='ocrx_word' id='word_1_562' title='bbox 2820 3273 2980 3328; x_wconf 77' lang='grc' dir='ltr'>πάλιν</span> <span class='ocrx_word' id='word_1_563' title='bbox 3029 3272 3124 3325; x_wconf 78' lang='grc' dir='ltr'>καὶ</span> <span class='ocrx_word' id='word_1_564' title='bbox 3172 3268 3328 3323; x_wconf 68' lang='grc' dir='ltr'>αὐτοὶ</span> <span class='ocrx_word' id='word_1_565' title='bbox 3370 3269 3432 3320; x_wconf 81' lang='grc' dir='ltr'><strong>ού</strong></span> <span class='ocrx_word' id='word_1_566' title='bbox 3484 3265 3637 3336; x_wconf 85' lang='grc' dir='ltr'>μόνον</span> 
     </span>
    </p>
   </div>
   <div class='ocr_carea' id='block_1_78' title="bbox 2066 3359 3633 3437">
    <p class='ocr_par' dir='ltr' id='par_1_78' title="bbox 2066 3359 3633 3437">
     <span class='ocr_line' id='line_1_78' title="bbox 2066 3359 3633 3437; baseline -0.013 -8"><span class='ocrx_word' id='word_1_567' title='bbox 2066 3373 2171 3429; x_wconf 79' lang='grc' dir='ltr'><strong>ὑπὸ</strong></span> <span class='ocrx_word' id='word_1_568' title='bbox 2201 3370 2358 3437; x_wconf 87' lang='grc' dir='ltr'>Θεοῦ,</span> <span class='ocrx_word' id='word_1_569' title='bbox 2386 3369 2522 3425; x_wconf 82' lang='grc' dir='ltr'>ἀλλὰ</span> <span class='ocrx_word' id='word_1_570' title='bbox 2549 3368 2645 3423; x_wconf 70' lang='grc' dir='ltr'><strong>καὶ</strong></span> <span class='ocrx_word' id='word_1_571' title='bbox 2674 3366 2778 3421; x_wconf 80' lang='grc' dir='ltr'><strong>ὑπὸ</strong></span> <span class='ocrx_word' id='word_1_572' title='bbox 2808 3367 2903 3420; x_wconf 88' lang='grc' dir='ltr'><strong>τοῦ</strong></span> <span class='ocrx_word' id='word_1_573' title='bbox 2947 3365 3209 3437; x_wconf 89' lang='grc' dir='ltr'>βασιλέως</span> <span class='ocrx_word' id='word_1_574' title='bbox 3238 3359 3633 3429; x_wconf 70' lang='grc' dir='ltr'>ὲδοξὰσθησαν*</span> 
     </span>
    </p>
   </div>
   <div class='ocr_carea' id='block_1_79' title="bbox 2064 3452 3637 3534">
    <p class='ocr_par' dir='ltr' id='par_1_79' title="bbox 2064 3452 3637 3534">
     <span class='ocr_line' id='line_1_79' title="bbox 2064 3452 3637 3534; baseline -0.011 -15"><span class='ocrx_word' id='word_1_575' title='bbox 2064 3466 2160 3519; x_wconf 70' lang='grc' dir='ltr'><strong>καὶ</strong></span> <span class='ocrx_word' id='word_1_576' title='bbox 2185 3463 2252 3517; x_wconf 85' lang='grc' dir='ltr'>τὰ</span> <span class='ocrx_word' id='word_1_577' title='bbox 2279 3462 2549 3534; x_wconf 81' lang='grc' dir='ltr'>ἀλλόφυλα</span> <span class='ocrx_word' id='word_1_578' title='bbox 2583 3461 2675 3516; x_wconf 63' lang='grc' dir='ltr'><strong>καλ⁵</strong></span> <span class='ocrx_word' id='word_1_579' title='bbox 2719 3459 2968 3532; x_wconf 77' lang='grc' dir='ltr'>βάρϐαρα</span> <span class='ocrx_word' id='word_1_580' title='bbox 3013 3457 3141 3528; x_wconf 76' lang='grc' dir='ltr'>ἔθνη</span> <span class='ocrx_word' id='word_1_581' title='bbox 3170 3456 3263 3509; x_wconf 80' lang='grc' dir='ltr'><strong>τὸν</strong></span> <span class='ocrx_word' id='word_1_582' title='bbox 3289 3454 3425 3507; x_wconf 84' lang='grc' dir='ltr'>Θεὸν</span> <span class='ocrx_word' id='word_1_583' title='bbox 3464 3452 3637 3505; x_wconf 77' lang='grc' dir='ltr'>σέὸειν</span> 
     </span>
    </p>
   </div>
   <div class='ocr_carea' id='block_1_80' title="bbox 2066 3556 2330 3623">
    <p class='ocr_par' dir='ltr' id='par_1_80' title="bbox 2066 3556 2330 3623">
     <span class='ocr_line' id='line_1_80' title="bbox 2066 3556 2330 3623; baseline -0.011 -10"><span class='ocrx_word' id='word_1_584' title='bbox 2066 3556 2330 3623; x_wconf 76' lang='grc' dir='ltr'>ἐδίδαξαν.</span> 
     </span>
    </p>
   </div>
   <div class='ocr_carea' id='block_1_81' title="bbox 2734 3644 3006 3698">
    <p class='ocr_par' dir='ltr' id='par_1_81' title="bbox 2734 3644 3006 3698">
     <span class='ocr_line' id='line_1_81' title="bbox 2734 3644 3006 3698; baseline 0 0"><span class='ocrx_word' id='word_1_585' title='bbox 2734 3645 2891 3698; x_wconf 80' lang='grc' dir='ltr'><strong>ΚΕΦ.</strong></span> <span class='ocrx_word' id='word_1_586' title='bbox 2935 3644 3006 3698; x_wconf 90' lang='lat' dir='ltr'><strong>Z&#39;.</strong></span> 
     </span>
    </p>
   </div>
   <div class='ocr_carea' id='block_1_82' title="bbox 2136 3727 3639 3806">
    <p class='ocr_par' dir='ltr' id='par_1_82' title="bbox 2136 3727 3639 3806">
     <span class='ocr_line' id='line_1_82' title="bbox 2136 3727 3639 3806; baseline -0.009 -13"><span class='ocrx_word' id='word_1_587' title='bbox 2136 3738 2194 3798; x_wconf 62' lang='grc' dir='ltr'>αἱ</span> <span class='ocrx_word' id='word_1_588' title='bbox 2206 3738 2393 3795; x_wconf 83' lang='grc' dir='ltr'>Καὶτὸ</span> <span class='ocrx_word' id='word_1_589' title='bbox 2415 3738 2702 3792; x_wconf 79' lang='grc' dir='ltr'>ἐνύπνιον</span> <span class='ocrx_word' id='word_1_590' title='bbox 2728 3737 3007 3806; x_wconf 69' lang='grc' dir='ltr'>ἔγραψεν.</span> <span class='ocrx_word' id='word_1_591' title='bbox 3026 3731 3361 3787; x_wconf 83' lang='grc' dir='ltr'>Ἱππολύτου.</span> <span class='ocrx_word' id='word_1_592' title='bbox 3385 3731 3525 3783; x_wconf 83' lang='grc' dir='ltr'>Ὀσα</span> <span class='ocrx_word' id='word_1_593' title='bbox 3545 3727 3639 3798; x_wconf 83' lang='grc' dir='ltr'>μὲν</span> 
     </span>
    </p>
   </div>
   <div class='ocr_carea' id='block_1_83' title="bbox 2068 3820 3637 3901">
    <p class='ocr_par' dir='ltr' id='par_1_83' title="bbox 2068 3820 3637 3901">
     <span class='ocr_line' id='line_1_83' title="bbox 2068 3820 3637 3901; baseline -0.01 -14"><span class='ocrx_word' id='word_1_594' title='bbox 2068 3830 2160 3887; x_wconf 79' lang='grc' dir='ltr'><strong>οῦν</strong></span> <span class='ocrx_word' id='word_1_595' title='bbox 2202 3832 2307 3887; x_wconf 76' lang='grc' dir='ltr'>ὑπὸ</span> <span class='ocrx_word' id='word_1_596' title='bbox 2338 3830 2432 3884; x_wconf 85' lang='grc' dir='ltr'><strong>τοῦ</strong></span> <span class='ocrx_word' id='word_1_597' title='bbox 2479 3829 2796 3901; x_wconf 87' lang='grc' dir='ltr'>Πνεύματος</span> <span class='ocrx_word' id='word_1_598' title='bbox 2837 3828 2902 3880; x_wconf 81' lang='grc' dir='ltr'>δι’</span> <span class='ocrx_word' id='word_1_599' title='bbox 2955 3826 3245 3898; x_wconf 83' lang='grc' dir='ltr'>ὁραμάτων</span> <span class='ocrx_word' id='word_1_600' title='bbox 3280 3820 3637 3888; x_wconf 71' lang='grc' dir='ltr'>ἀπεκαλύφθη</span> 
     </span>
    </p>
   </div>
   <div class='ocr_carea' id='block_1_84' title="bbox 2066 3914 3639 3999">
    <p class='ocr_par' dir='ltr' id='par_1_84' title="bbox 2066 3914 3639 3999">
     <span class='ocr_line' id='line_1_84' title="bbox 2066 3914 3639 3999; baseline -0.01 -20"><span class='ocrx_word' id='word_1_601' title='bbox 2066 3927 2145 3999; x_wconf 80' lang='grc' dir='ltr'>τῷ</span> <span class='ocrx_word' id='word_1_602' title='bbox 2188 3924 2440 3997; x_wconf 82' lang='grc' dir='ltr'>μακαρίῳ</span> <span class='ocrx_word' id='word_1_603' title='bbox 2485 3923 2761 3995; x_wconf 77' lang='grc' dir='ltr'>προφήτῃ,</span> <span class='ocrx_word' id='word_1_604' title='bbox 2805 3920 2978 3974; x_wconf 87' lang='grc' dir='ltr'>ταῦτα</span> <span class='ocrx_word' id='word_1_605' title='bbox 3017 3920 3111 3972; x_wconf 78' lang='grc' dir='ltr'><strong>καὶ</strong></span> <span class='ocrx_word' id='word_1_606' title='bbox 3159 3918 3366 3986; x_wconf 79' lang='grc' dir='ltr'>ἑτέροις</span> <span class='ocrx_word' id='word_1_607' title='bbox 3395 3914 3639 3983; x_wconf 77' lang='grc' dir='ltr'>ἀφθόνως</span> 
     </span>
    </p>
   </div>
   <div class='ocr_carea' id='block_1_85' title="bbox 2068 4008 3641 4092">
    <p class='ocr_par' dir='ltr' id='par_1_85' title="bbox 2068 4008 3641 4092">
     <span class='ocr_line' id='line_1_85' title="bbox 2068 4008 3641 4092; baseline -0.011 -18"><span class='ocrx_word' id='word_1_608' title='bbox 2068 4021 2383 4092; x_wconf 88' lang='grc' dir='ltr'>διηγήσατο,</span> <span class='ocrx_word' id='word_1_609' title='bbox 2421 4018 2507 4070; x_wconf 83' lang='grc' dir='ltr'><strong>ἵνα</strong></span> <span class='ocrx_word' id='word_1_610' title='bbox 2548 4016 2622 4087; x_wconf 86' lang='grc' dir='ltr'><strong>μὴ</strong></span> <span class='ocrx_word' id='word_1_611' title='bbox 2654 4016 2811 4086; x_wconf 89' lang='grc' dir='ltr'>μόνον</span> <span class='ocrx_word' id='word_1_612' title='bbox 2854 4014 3015 4077; x_wconf 78' lang='grc' dir='ltr'>αὐτὸς</span> <span class='ocrx_word' id='word_1_613' title='bbox 3062 4010 3237 4081; x_wconf 81' lang='grc' dir='ltr'>ἑαυτῷ</span> <span class='ocrx_word' id='word_1_614' title='bbox 3280 4008 3641 4080; x_wconf 71' lang='grc' dir='ltr'>προφητεύων</span> 
     </span>
    </p>
   </div>
   <div class='ocr_carea' id='block_1_86' title="bbox 2069 4100 3639 4181">
    <p class='ocr_par' dir='ltr' id='par_1_86' title="bbox 2069 4100 3639 4181">
     <span class='ocr_line' id='line_1_86' title="bbox 2069 4100 3639 4181; baseline -0.01 -16"><span class='ocrx_word' id='word_1_615' title='bbox 2069 4111 2136 4165; x_wconf 76' lang='grc' dir='ltr'>τὰ</span> <span class='ocrx_word' id='word_1_616' title='bbox 2167 4110 2425 4181; x_wconf 83' lang='grc' dir='ltr'>μέλλοντα</span> <span class='ocrx_word' id='word_1_617' title='bbox 2449 4110 2610 4178; x_wconf 80' lang='grc' dir='ltr'>φανῇ,</span> <span class='ocrx_word' id='word_1_618' title='bbox 2642 4107 2776 4160; x_wconf 78' lang='grc' dir='ltr'>ἀλλὰ</span> <span class='ocrx_word' id='word_1_619' title='bbox 2806 4108 2900 4160; x_wconf 71' lang='grc' dir='ltr'><strong>καὶ</strong></span> <span class='ocrx_word' id='word_1_620' title='bbox 2930 4104 3133 4178; x_wconf 79' lang='grc' dir='ltr'>ἑτέροις</span> <span class='ocrx_word' id='word_1_621' title='bbox 3155 4107 3264 4165; x_wconf 86' lang='grc' dir='ltr'>τοῖς</span> <span class='ocrx_word' id='word_1_622' title='bbox 3295 4100 3639 4171; x_wconf 74' lang='grc' dir='ltr'>βουλομένοις</span> 
     </span>
    </p>
   </div>
   <div class='ocr_carea' id='block_1_87' title="bbox 2071 4191 3535 4277">
    <p class='ocr_par' dir='ltr' id='par_1_87' title="bbox 2071 4191 3535 4277">
     <span class='ocr_line' id='line_1_87' title="bbox 2071 4191 3535 4277; baseline -0.01 -20"><span class='ocrx_word' id='word_1_623' title='bbox 2071 4205 2294 4277; x_wconf 78' lang='grc' dir='ltr'>ἐρευνᾷν</span> <span class='ocrx_word' id='word_1_624' title='bbox 2325 4202 2423 4264; x_wconf 83' lang='grc' dir='ltr'><strong>τὰς</strong></span> <span class='ocrx_word' id='word_1_625' title='bbox 2457 4200 2605 4263; x_wconf 87' lang='grc' dir='ltr'>θείας</span> <span class='ocrx_word' id='word_1_626' title='bbox 2630 4199 2871 4272; x_wconf 79' lang='grc' dir='ltr'>Γραφὰς,</span> <span class='ocrx_word' id='word_1_627' title='bbox 2905 4197 3186 4269; x_wconf 64' lang='grc' dir='ltr'>προφήτης</span> <span class='ocrx_word' id='word_1_628' title='bbox 3216 4191 3535 4263; x_wconf 75' lang='grc' dir='ltr'>ἀποδειχθῇ.</span> 
     </span>
    </p>
   </div>
   <div class='ocr_carea' id='block_1_88' title="bbox 2143 4282 3641 4365">
    <p class='ocr_par' dir='ltr' id='par_1_88' title="bbox 2143 4282 3641 4365">
     <span class='ocr_line' id='line_1_88' title="bbox 2143 4282 3641 4365; baseline -0.012 -16"><span class='ocrx_word' id='word_1_629' title='bbox 2143 4294 2209 4365; x_wconf 84' lang='grc' dir='ltr'>β’.</span> <span class='ocrx_word' id='word_1_630' title='bbox 2254 4293 2364 4348; x_wconf 88' lang='lat' dir='ltr'><strong>Kal</strong></span> <span class='ocrx_word' id='word_1_631' title='bbox 2408 4291 2536 4345; x_wconf 81' lang='grc' dir='ltr'><strong>ὶδοὺ</strong></span> <span class='ocrx_word' id='word_1_632' title='bbox 2578 4292 2632 4344; x_wconf 76' lang='grc' dir='ltr'>οἱ</span> <span class='ocrx_word' id='word_1_633' title='bbox 2678 4288 2970 4357; x_wconf 73' lang='grc' dir='ltr'>τέσσαρες</span> <span class='ocrx_word' id='word_1_634' title='bbox 3011 4288 3235 4355; x_wconf 80' lang='grc' dir='ltr'>ἄνεμοι.</span> <span class='ocrx_word' id='word_1_635' title='bbox 3301 4282 3641 4336; x_wconf 83' lang='grc' dir='ltr'>Ἱππολύτου.</span> 
     </span>
    </p>
   </div>
   <div class='ocr_carea' id='block_1_89' title="bbox 2073 4379 3110 4457">
    <p class='ocr_par' dir='ltr' id='par_1_89' title="bbox 2073 4379 3110 4457">
     <span class='ocr_line' id='line_1_89' title="bbox 2073 4379 3110 4457; baseline -0.009 -18"><span class='ocrx_word' id='word_1_636' title='bbox 2073 4385 2184 4457; x_wconf 81' lang='grc' dir='ltr'><strong>Τὴν</strong></span> <span class='ocrx_word' id='word_1_637' title='bbox 2204 4384 2607 4456; x_wconf 86' lang='grc' dir='ltr'>τετραπέρατον</span> <span class='ocrx_word' id='word_1_638' title='bbox 2633 4380 2810 4434; x_wconf 86' lang='grc' dir='ltr'>κτίσιν</span> <span class='ocrx_word' id='word_1_639' title='bbox 2838 4379 3110 4450; x_wconf 87' lang='grc' dir='ltr'>σημαίνει.</span> 
     </span>
    </p>
   </div>
   <div class='ocr_carea' id='block_1_90' title="bbox 474 4457 1981 4561">
    <p class='ocr_par' dir='ltr' id='par_1_90' title="bbox 474 4457 1965 4561">
     <span class='ocr_line' id='line_1_90' title="bbox 474 4457 1965 4561; baseline -0.001 -17"><span class='ocrx_word' id='word_1_640' title='bbox 474 4457 643 4544; x_wconf 52' lang='grc' dir='ltr'><strong>γίδ.</strong></span> <span class='ocrx_word' id='word_1_641' title='bbox 672 4517 745 4528; x_wconf 91' lang='lat'><strong>—-</strong></span> <span class='ocrx_word' id='word_1_642' title='bbox 784 4487 853 4542; x_wconf 87' lang='lat' dir='ltr'><strong>Et</strong></span> <span class='ocrx_word' id='word_1_643' title='bbox 897 4500 1126 4560; x_wconf 86' lang='lat' dir='ltr'><strong>quatuor</strong></span> <span class='ocrx_word' id='word_1_644' title='bbox 1174 4488 1349 4543; x_wconf 77' lang='lat' dir='ltr'><strong>bestia:</strong></span> <span class='ocrx_word' id='word_1_645' title='bbox 1393 4457 1637 4558; x_wconf 55' lang='lat' dir='ltr'><strong>grandes.</strong></span> <span class='ocrx_word' id='word_1_646' title='bbox 1673 4488 1965 4561; x_wconf 88' lang='lat' dir='ltr'><strong>Hippolyti.</strong></span> 
     </span>
    </p>
   </div>
   <div class='ocr_carea' id='block_1_91' title="bbox 2071 4457 3649 4561">
    <p class='ocr_par' dir='ltr' id='par_1_91' title="bbox 2142 4465 3649 4548">
     <span class='ocr_line' id='line_1_91' title="bbox 2142 4465 3649 4548; baseline -0.011 -16"><span class='ocrx_word' id='word_1_647' title='bbox 2142 4485 2211 4548; x_wconf 87' lang='grc' dir='ltr'>γ’.</span> <span class='ocrx_word' id='word_1_648' title='bbox 2228 4477 2338 4531; x_wconf 83' lang='grc' dir='ltr'><strong>Καὶ</strong></span> <span class='ocrx_word' id='word_1_649' title='bbox 2358 4476 2623 4542; x_wconf 80' lang='grc' dir='ltr'>τέσσαρα</span> <span class='ocrx_word' id='word_1_650' title='bbox 2651 4473 2821 4542; x_wconf 81' lang='grc' dir='ltr'>θηρία</span> <span class='ocrx_word' id='word_1_651' title='bbox 2836 4469 3088 4541; x_wconf 77' lang='grc' dir='ltr'>μεγάλα.</span> <span class='ocrx_word' id='word_1_652' title='bbox 3121 4468 3462 4521; x_wconf 86' lang='grc' dir='ltr'>Ἱππολύτου.</span> <span class='ocrx_word' id='word_1_653' title='bbox 3495 4465 3649 4518; x_wconf 74' lang='grc' dir='ltr'>Ἐπεὶ</span> 
     </span>
    </p>
   </div>
   <div class='ocr_carea' id='block_1_92' title="bbox 404 4580 1969 4651">
    <p class='ocr_par' dir='ltr' id='par_1_92' title="bbox 404 4580 1969 4651">
     <span class='ocr_line' id='line_1_92' title="bbox 404 4580 1969 4651; baseline 0.002 -17"><span class='ocrx_word' id='word_1_654' title='bbox 404 4580 675 4648; x_wconf 87' lang='lat' dir='ltr'><strong>Quoniam</strong></span> <span class='ocrx_word' id='word_1_655' title='bbox 710 4595 839 4651; x_wconf 90' lang='lat' dir='ltr'><strong>ergo</strong></span> <span class='ocrx_word' id='word_1_656' title='bbox 862 4581 1027 4635; x_wconf 76' lang='lat' dir='ltr'><strong>varia:</strong></span> <span class='ocrx_word' id='word_1_657' title='bbox 1055 4581 1241 4635; x_wconf 79' lang='lat' dir='ltr'><strong>bestiae</strong></span> <span class='ocrx_word' id='word_1_658' title='bbox 1293 4590 1607 4637; x_wconf 58' lang='lat' dir='ltr'><strong>monstrata;</strong></span> <span class='ocrx_word' id='word_1_659' title='bbox 1645 4594 1773 4637; x_wconf 89' lang='lat' dir='ltr'><strong>sunt</strong></span> <span class='ocrx_word' id='word_1_660' title='bbox 1810 4583 1969 4637; x_wconf 88' lang='lat' dir='ltr'><strong>beato</strong></span> 
     </span>
    </p>
   </div>
   <div class='ocr_carea' id='block_1_93' title="bbox 406 4670 1969 4741">
    <p class='ocr_par' dir='ltr' id='par_1_93' title="bbox 406 4670 1969 4741">
     <span class='ocr_line' id='line_1_93' title="bbox 406 4670 1969 4741; baseline 0 -16"><span class='ocrx_word' id='word_1_661' title='bbox 406 4671 620 4735; x_wconf 90' lang='lat' dir='ltr'><strong>Daniel,</strong></span> <span class='ocrx_word' id='word_1_662' title='bbox 654 4680 708 4726; x_wconf 92' lang='lat' dir='ltr'><strong>et</strong></span> <span class='ocrx_word' id='word_1_663' title='bbox 732 4670 814 4726; x_wconf 61' lang='lat' dir='ltr'><strong>ba:</strong></span> <span class='ocrx_word' id='word_1_664' title='bbox 847 4671 989 4726; x_wconf 88' lang='lat' dir='ltr'><strong>inter</strong></span> <span class='ocrx_word' id='word_1_665' title='bbox 1020 4686 1078 4725; x_wconf 91' lang='lat' dir='ltr'><strong>se</strong></span> <span class='ocrx_word' id='word_1_666' title='bbox 1109 4670 1357 4736; x_wconf 74' lang='lat' dir='ltr'><strong>diversze,</strong></span> <span class='ocrx_word' id='word_1_667' title='bbox 1386 4680 1598 4741; x_wconf 91' lang='lat' dir='ltr'><strong>oportet</strong></span> <span class='ocrx_word' id='word_1_668' title='bbox 1633 4687 1734 4726; x_wconf 90' lang='lat' dir='ltr'><strong>nos</strong></span> <span class='ocrx_word' id='word_1_669' title='bbox 1769 4672 1969 4726; x_wconf 90' lang='lat' dir='ltr'><strong>intelli-</strong></span> 
     </span>
    </p>
   </div>
   <div class='ocr_carea' id='block_1_94' title="bbox 405 4764 1971 4836">
    <p class='ocr_par' dir='ltr' id='par_1_94' title="bbox 405 4764 1971 4836">
     <span class='ocr_line' id='line_1_94' title="bbox 405 4764 1971 4836; baseline 0.001 -17"><span class='ocrx_word' id='word_1_670' title='bbox 405 4780 531 4836; x_wconf 88' lang='lat' dir='ltr'><strong>gere</strong></span> <span class='ocrx_word' id='word_1_671' title='bbox 572 4780 683 4820; x_wconf 91' lang='lat' dir='ltr'><strong>non</strong></span> <span class='ocrx_word' id='word_1_672' title='bbox 722 4765 868 4820; x_wconf 89' lang='lat' dir='ltr'><strong>circa</strong></span> <span class='ocrx_word' id='word_1_673' title='bbox 898 4764 1101 4819; x_wconf 88' lang='lat' dir='ltr'><strong>bestias</strong></span> <span class='ocrx_word' id='word_1_674' title='bbox 1138 4764 1403 4833; x_wconf 90' lang='lat' dir='ltr'><strong>quasdam</strong></span> <span class='ocrx_word' id='word_1_675' title='bbox 1440 4766 1615 4834; x_wconf 87' lang='lat' dir='ltr'><strong>reipsa</strong></span> <span class='ocrx_word' id='word_1_676' title='bbox 1639 4766 1845 4820; x_wconf 84' lang='lat' dir='ltr'><strong>versari</strong></span> <span class='ocrx_word' id='word_1_677' title='bbox 1876 4781 1971 4821; x_wconf 86' lang='lat' dir='ltr'><strong>ve-</strong></span> 
     </span>
    </p>
   </div>
   <div class='ocr_carea' id='block_1_95' title="bbox 407 4854 1974 4927">
    <p class='ocr_par' dir='ltr' id='par_1_95' title="bbox 407 4854 1974 4927">
     <span class='ocr_line' id='line_1_95' title="bbox 407 4854 1974 4927; baseline 0.001 -18"><span class='ocrx_word' id='word_1_678' title='bbox 407 4857 623 4912; x_wconf 86' lang='lat' dir='ltr'><strong>ritatem</strong></span> <span class='ocrx_word' id='word_1_679' title='bbox 658 4854 947 4923; x_wconf 85' lang='lat' dir='ltr'><strong>sermonis,</strong></span> <span class='ocrx_word' id='word_1_680' title='bbox 980 4855 1075 4910; x_wconf 88' lang='lat' dir='ltr'><strong>sed</strong></span> <span class='ocrx_word' id='word_1_681' title='bbox 1111 4855 1213 4910; x_wconf 91' lang='lat' dir='ltr'><strong>sub</strong></span> <span class='ocrx_word' id='word_1_682' title='bbox 1247 4864 1371 4926; x_wconf 88' lang='lat' dir='ltr'><strong>typo</strong></span> <span class='ocrx_word' id='word_1_683' title='bbox 1419 4865 1473 4909; x_wconf 87' lang='lat' dir='ltr'><strong>et</strong></span> <span class='ocrx_word' id='word_1_684' title='bbox 1509 4856 1742 4927; x_wconf 88' lang='lat' dir='ltr'><strong>imagine</strong></span> <span class='ocrx_word' id='word_1_685' title='bbox 1790 4856 1974 4911; x_wconf 80' lang='lat' dir='ltr'><strong>diver-</strong></span> 
     </span>
    </p>
   </div>
   <div class='ocr_carea' id='block_1_96' title="bbox 407 4946 1973 5018">
    <p class='ocr_par' dir='ltr' id='par_1_96' title="bbox 407 4946 1973 5018">
     <span class='ocr_line' id='line_1_96' title="bbox 407 4946 1973 5018; baseline 0.001 -16"><span class='ocrx_word' id='word_1_686' title='bbox 407 4964 591 5003; x_wconf 87' lang='lat' dir='ltr'><strong>sarum</strong></span> <span class='ocrx_word' id='word_1_687' title='bbox 644 4947 940 5002; x_wconf 86' lang='lat' dir='ltr'><strong>bestiarum</strong></span> <span class='ocrx_word' id='word_1_688' title='bbox 990 4947 1205 5002; x_wconf 88' lang='lat' dir='ltr'><strong>diversa</strong></span> <span class='ocrx_word' id='word_1_689' title='bbox 1252 4946 1590 5002; x_wconf 88' lang='lat' dir='ltr'><strong>manifestari</strong></span> <span class='ocrx_word' id='word_1_690' title='bbox 1644 4964 1810 5018; x_wconf 89' lang='lat' dir='ltr'><strong>regna</strong></span> <span class='ocrx_word' id='word_1_691' title='bbox 1851 4965 1973 5017; x_wconf 80' lang='lat' dir='ltr'><strong>quae</strong></span> 
     </span>
    </p>
   </div>
   <div class='ocr_carea' id='block_1_97' title="bbox 406 5031 1977 5106">
    <p class='ocr_par' dir='ltr' id='par_1_97' title="bbox 406 5031 1977 5106">
     <span class='ocr_line' id='line_1_97' title="bbox 406 5031 1977 5106; baseline -0.003 -17"><span class='ocrx_word' id='word_1_692' title='bbox 406 5035 644 5089; x_wconf 89' lang='lat' dir='ltr'><strong>humano</strong></span> <span class='ocrx_word' id='word_1_693' title='bbox 675 5035 859 5106; x_wconf 88' lang='lat' dir='ltr'><strong>generi</strong></span> <span class='ocrx_word' id='word_1_694' title='bbox 886 5033 1160 5090; x_wconf 87' lang='lat' dir='ltr'><strong>dominata</strong></span> <span class='ocrx_word' id='word_1_695' title='bbox 1194 5043 1337 5088; x_wconf 91' lang='lat' dir='ltr'><strong>sunt.</strong></span> <span class='ocrx_word' id='word_1_696' title='bbox 1371 5032 1513 5086; x_wconf 87' lang='lat' dir='ltr'><strong>Mare</strong></span> <span class='ocrx_word' id='word_1_697' title='bbox 1547 5031 1691 5086; x_wconf 92' lang='lat' dir='ltr'><strong>enim</strong></span> <span class='ocrx_word' id='word_1_698' title='bbox 1720 5046 1977 5102; x_wconf 90' lang='lat' dir='ltr'><strong>magnum</strong></span> 
     </span>
    </p>
   </div>
   <div class='ocr_carea' id='block_1_98' title="bbox 407 5126 1152 5181">
    <p class='ocr_par' dir='ltr' id='par_1_98' title="bbox 407 5126 1152 5181">
     <span class='ocr_line' id='line_1_98' title="bbox 407 5126 1152 5181; baseline 0 -1"><span class='ocrx_word' id='word_1_699' title='bbox 407 5126 725 5181; x_wconf 89' lang='lat' dir='ltr'><strong>universum</strong></span> <span class='ocrx_word' id='word_1_700' title='bbox 752 5126 940 5181; x_wconf 88' lang='lat' dir='ltr'><strong>orbem</strong></span> <span class='ocrx_word' id='word_1_701' title='bbox 977 5135 1152 5181; x_wconf 89' lang='lat' dir='ltr'><strong>vocat.</strong></span> 
     </span>
    </p>
   </div>
   <div class='ocr_carea' id='block_1_99' title="bbox 477 5210 1977 5282">
    <p class='ocr_par' dir='ltr' id='par_1_99' title="bbox 477 5210 1977 5282">
     <span class='ocr_line' id='line_1_99' title="bbox 477 5210 1977 5282; baseline -0.006 -9"><span class='ocrx_word' id='word_1_702' title='bbox 477 5217 543 5273; x_wconf 75' lang='grc' dir='ltr'><strong>ν.</strong></span> <span class='ocrx_word' id='word_1_703' title='bbox 584 5218 639 5270; x_wconf 74' lang='grc'>4.</span> <span class='ocrx_word' id='word_1_704' title='bbox 667 5249 741 5258; x_wconf 87' lang='grc'><strong>-</strong></span> <span class='ocrx_word' id='word_1_705' title='bbox 774 5216 949 5271; x_wconf 87' lang='lat' dir='ltr'><strong>Donec</strong></span> <span class='ocrx_word' id='word_1_706' title='bbox 988 5217 1174 5272; x_wconf 71' lang='lat' dir='ltr'><strong>evulsa:</strong></span> <span class='ocrx_word' id='word_1_707' title='bbox 1210 5224 1329 5269; x_wconf 78' lang='lat' dir='ltr'><strong>sunt</strong></span> <span class='ocrx_word' id='word_1_708' title='bbox 1368 5214 1470 5268; x_wconf 75' lang='lat' dir='ltr'><strong>ala:</strong></span> <span class='ocrx_word' id='word_1_709' title='bbox 1512 5213 1645 5282; x_wconf 83' lang='lat' dir='ltr'><strong>ejus.</strong></span> <span class='ocrx_word' id='word_1_710' title='bbox 1685 5210 1977 5281; x_wconf 84' lang='lat' dir='ltr'><strong>Hippolyti.</strong></span> 
     </span>
    </p>
   </div>
   <div class='ocr_carea' id='block_1_100' title="bbox 410 5300 1980 5370">
    <p class='ocr_par' dir='ltr' id='par_1_100' title="bbox 410 5300 1980 5370">
     <span class='ocr_line' id='line_1_100' title="bbox 410 5300 1980 5370; baseline -0.006 -7"><span class='ocrx_word' id='word_1_711' title='bbox 410 5308 525 5365; x_wconf 86' lang='lat' dir='ltr'><strong>Hoc</strong></span> <span class='ocrx_word' id='word_1_712' title='bbox 544 5309 689 5364; x_wconf 88' lang='lat' dir='ltr'><strong>enim</strong></span> <span class='ocrx_word' id='word_1_713' title='bbox 705 5308 920 5363; x_wconf 89' lang='lat' dir='ltr'><strong>realiter</strong></span> <span class='ocrx_word' id='word_1_714' title='bbox 937 5307 1431 5362; x_wconf 85' lang='lat' dir='ltr'><strong>Nabuchodonosor</strong></span> <span class='ocrx_word' id='word_1_715' title='bbox 1448 5302 1647 5365; x_wconf 91' lang='lat' dir='ltr'><strong>evenit,</strong></span> <span class='ocrx_word' id='word_1_716' title='bbox 1664 5301 1815 5370; x_wconf 81' lang='lat' dir='ltr'><strong>juxta</strong></span> <span class='ocrx_word' id='word_1_717' title='bbox 1837 5300 1980 5369; x_wconf 90' lang='lat' dir='ltr'><strong>quod</strong></span> 
     </span>
    </p>
   </div>
   <div class='ocr_carea' id='block_1_101' title="bbox 411 5392 1982 5471">
    <p class='ocr_par' dir='ltr' id='par_1_101' title="bbox 411 5392 1982 5471">
     <span class='ocr_line' id='line_1_101' title="bbox 411 5392 1982 5471; baseline -0.006 -16"><span class='ocrx_word' id='word_1_718' title='bbox 411 5400 467 5455; x_wconf 91' lang='lat' dir='ltr'><strong>in</strong></span> <span class='ocrx_word' id='word_1_719' title='bbox 491 5399 818 5471; x_wconf 69' lang='lat' dir='ltr'><strong>praecedenti</strong></span> <span class='ocrx_word' id='word_1_720' title='bbox 842 5398 980 5453; x_wconf 90' lang='lat' dir='ltr'><strong>libro</strong></span> <span class='ocrx_word' id='word_1_721' title='bbox 1008 5398 1312 5452; x_wconf 90' lang='lat' dir='ltr'><strong>nuntiatum</strong></span> <span class='ocrx_word' id='word_1_722' title='bbox 1343 5404 1454 5461; x_wconf 91' lang='lat' dir='ltr'><strong>est;</strong></span> <span class='ocrx_word' id='word_1_723' title='bbox 1483 5402 1538 5448; x_wconf 89' lang='lat' dir='ltr'><strong>et</strong></span> <span class='ocrx_word' id='word_1_724' title='bbox 1566 5394 1668 5447; x_wconf 89' lang='lat' dir='ltr'><strong>hoc</strong></span> <span class='ocrx_word' id='word_1_725' title='bbox 1696 5392 1875 5445; x_wconf 86' lang='lat' dir='ltr'><strong>statim</strong></span> <span class='ocrx_word' id='word_1_726' title='bbox 1905 5392 1982 5446; x_wconf 90' lang='lat' dir='ltr'><strong>sic</strong></span> 
     </span>
    </p>
   </div>
   <div class='ocr_carea' id='block_1_102' title="bbox 412 5484 1981 5563">
    <p class='ocr_par' dir='ltr' id='par_1_102' title="bbox 412 5484 1981 5563">
     <span class='ocr_line' id='line_1_102' title="bbox 412 5484 1981 5563; baseline -0.008 -15"><span class='ocrx_word' id='word_1_727' title='bbox 412 5491 469 5547; x_wconf 89' lang='lat' dir='ltr'><strong>in</strong></span> <span class='ocrx_word' id='word_1_728' title='bbox 507 5494 797 5563; x_wconf 88' lang='lat' dir='ltr'><strong>semetipso</strong></span> <span class='ocrx_word' id='word_1_729' title='bbox 826 5491 1115 5562; x_wconf 88' lang='lat' dir='ltr'><strong>contigisse</strong></span> <span class='ocrx_word' id='word_1_730' title='bbox 1156 5498 1402 5551; x_wconf 87' lang='lat' dir='ltr'><strong>testatur,</strong></span> <span class='ocrx_word' id='word_1_731' title='bbox 1436 5487 1639 5541; x_wconf 90' lang='lat' dir='ltr'><strong>scilicet</strong></span> <span class='ocrx_word' id='word_1_732' title='bbox 1667 5499 1830 5556; x_wconf 86' lang='lat' dir='ltr'><strong>regno</strong></span> <span class='ocrx_word' id='word_1_733' title='bbox 1860 5484 1981 5554; x_wconf 88' lang='lat' dir='ltr'><strong>pul-</strong></span> 
     </span>
    </p>
   </div>
   <div class='ocr_carea' id='block_1_103' title="bbox 415 5576 1997 5655">
    <p class='ocr_par' dir='ltr' id='par_1_103' title="bbox 415 5576 1997 5655">
     <span class='ocr_line' id='line_1_103' title="bbox 415 5576 1997 5655; baseline -0.006 -16"><span class='ocrx_word' id='word_1_734' title='bbox 415 5599 537 5639; x_wconf 83' lang='lat' dir='ltr'><strong>sum</strong></span> <span class='ocrx_word' id='word_1_735' title='bbox 575 5583 743 5639; x_wconf 83' lang='lat' dir='ltr'><strong>fuisse</strong></span> <span class='ocrx_word' id='word_1_736' title='bbox 787 5593 843 5639; x_wconf 91' lang='lat' dir='ltr'><strong>et</strong></span> <span class='ocrx_word' id='word_1_737' title='bbox 891 5582 1112 5655; x_wconf 88' lang='lat' dir='ltr'><strong>gloriam</strong></span> <span class='ocrx_word' id='word_1_738' title='bbox 1153 5596 1303 5635; x_wconf 90' lang='lat' dir='ltr'><strong>suam</strong></span> <span class='ocrx_word' id='word_1_739' title='bbox 1346 5579 1447 5633; x_wconf 89' lang='lat' dir='ltr'><strong>sibi</strong></span> <span class='ocrx_word' id='word_1_740' title='bbox 1486 5580 1749 5633; x_wconf 89' lang='lat' dir='ltr'><strong>sublatam</strong></span> <span class='ocrx_word' id='word_1_741' title='bbox 1780 5576 1997 5642; x_wconf 81' lang='lat' dir='ltr'><strong>fuisse,-</strong></span> 
     </span>
    </p>
   </div>
   <div class='ocr_carea' id='block_1_104' title="bbox 415 5668 1976 5744">
    <p class='ocr_par' dir='ltr' id='par_1_104' title="bbox 415 5668 1976 5744">
     <span class='ocr_line' id='line_1_104' title="bbox 415 5668 1976 5744; baseline -0.005 -15"><span class='ocrx_word' id='word_1_742' title='bbox 415 5689 520 5729; x_wconf 86' lang='lat' dir='ltr'><strong>nec</strong></span> <span class='ocrx_word' id='word_1_743' title='bbox 548 5689 659 5728; x_wconf 89' lang='lat' dir='ltr'><strong>non</strong></span> <span class='ocrx_word' id='word_1_744' title='bbox 686 5683 742 5730; x_wconf 88' lang='lat' dir='ltr'><strong>et</strong></span> <span class='ocrx_word' id='word_1_745' title='bbox 765 5675 1023 5744; x_wconf 64' lang='lat' dir='ltr'><strong>potentia;</strong></span> <span class='ocrx_word' id='word_1_746' title='bbox 1050 5672 1321 5744; x_wconf 88' lang='lat' dir='ltr'><strong>fastigium</strong></span> <span class='ocrx_word' id='word_1_747' title='bbox 1342 5711 1356 5735; x_wconf 90' lang='lat'><strong>,</strong></span> <span class='ocrx_word' id='word_1_748' title='bbox 1383 5672 1527 5740; x_wconf 88' lang='lat' dir='ltr'><strong>quod</strong></span> <span class='ocrx_word' id='word_1_749' title='bbox 1555 5678 1712 5724; x_wconf 91' lang='lat' dir='ltr'><strong>antea</strong></span> <span class='ocrx_word' id='word_1_750' title='bbox 1738 5668 1976 5722; x_wconf 89' lang='lat' dir='ltr'><strong>tenebat.</strong></span> 
     </span>
    </p>
   </div>
   <div class='ocr_carea' id='block_1_105' title="bbox 418 5760 1980 5839">
    <p class='ocr_par' dir='ltr' id='par_1_105' title="bbox 418 5760 1980 5839">
     <span class='ocr_line' id='line_1_105' title="bbox 418 5760 1980 5839; baseline -0.004 -20"><span class='ocrx_word' id='word_1_751' title='bbox 418 5763 487 5819; x_wconf 83' lang='lat' dir='ltr'><strong>Et</strong></span> <span class='ocrx_word' id='word_1_752' title='bbox 519 5764 680 5839; x_wconf 81' lang='lat' dir='ltr'><strong>paulo</strong></span> <span class='ocrx_word' id='word_1_753' title='bbox 708 5774 821 5836; x_wconf 68' lang='lat' dir='ltr'><strong>post</strong></span> <span class='ocrx_word' id='word_1_754' title='bbox 850 5782 867 5820; x_wconf 91' lang='lat'><strong><em>:</em></strong></span> <span class='ocrx_word' id='word_1_755' title='bbox 898 5765 1026 5821; x_wconf 69' lang='lat' dir='ltr'><strong>Haec</strong></span> <span class='ocrx_word' id='word_1_756' title='bbox 1058 5766 1239 5831; x_wconf 86' lang='lat' dir='ltr'><strong>verba,</strong></span> <span class='ocrx_word' id='word_1_757' title='bbox 1281 5779 1433 5834; x_wconf 75' lang='lat' dir='ltr'><strong>super</strong></span> <span class='ocrx_word' id='word_1_758' title='bbox 1473 5764 1623 5833; x_wconf 80' lang='lat' dir='ltr'><strong>pedes</strong></span> <span class='ocrx_word' id='word_1_759' title='bbox 1653 5760 1806 5833; x_wconf 77' lang='lat' dir='ltr'><strong>quasi</strong></span> <span class='ocrx_word' id='word_1_760' title='bbox 1831 5760 1980 5814; x_wconf 86' lang='lat' dir='ltr'><strong>homo</strong></span> 
     </span>
    </p>
   </div>
   <div class='ocr_carea' id='block_1_106' title="bbox 2073 4556 3644 4640">
    <p class='ocr_par' dir='ltr' id='par_1_106' title="bbox 2073 4556 3644 4640">
     <span class='ocr_line' id='line_1_106' title="bbox 2073 4556 3644 4640; baseline -0.01 -16"><span class='ocrx_word' id='word_1_761' title='bbox 2073 4566 2165 4624; x_wconf 77' lang='grc' dir='ltr'><strong>οὖν</strong></span> <span class='ocrx_word' id='word_1_762' title='bbox 2198 4570 2431 4640; x_wconf 78' lang='grc' dir='ltr'>διάφορα</span> <span class='ocrx_word' id='word_1_763' title='bbox 2465 4567 2628 4639; x_wconf 87' lang='grc' dir='ltr'>θηρία</span> <span class='ocrx_word' id='word_1_764' title='bbox 2670 4563 2953 4634; x_wconf 73' lang='grc' dir='ltr'>ἐπεδείχθη</span> <span class='ocrx_word' id='word_1_765' title='bbox 2997 4561 3074 4633; x_wconf 77' lang='grc' dir='ltr'>τῷ</span> <span class='ocrx_word' id='word_1_766' title='bbox 3122 4561 3375 4632; x_wconf 82' lang='grc' dir='ltr'>μακαρίῳ</span> <span class='ocrx_word' id='word_1_767' title='bbox 3422 4556 3644 4627; x_wconf 71' lang='grc' dir='ltr'>Δανιὴλ,</span> 
     </span>
    </p>
   </div>
   <div class='ocr_carea' id='block_1_107' title="bbox 2072 4649 3647 4729">
    <p class='ocr_par' dir='ltr' id='par_1_107' title="bbox 2072 4649 3647 4729">
     <span class='ocr_line' id='line_1_107' title="bbox 2072 4649 3647 4729; baseline -0.011 -14"><span class='ocrx_word' id='word_1_768' title='bbox 2072 4662 2168 4715; x_wconf 75' lang='grc' dir='ltr'><strong>καὶ</strong></span> <span class='ocrx_word' id='word_1_769' title='bbox 2199 4660 2373 4713; x_wconf 87' lang='grc' dir='ltr'>ταῦτα</span> <span class='ocrx_word' id='word_1_770' title='bbox 2398 4657 2640 4729; x_wconf 85' lang='grc' dir='ltr'>ἀλλήλων</span> <span class='ocrx_word' id='word_1_771' title='bbox 2670 4655 3015 4727; x_wconf 81' lang='grc' dir='ltr'>διαφέροντα,</span> <span class='ocrx_word' id='word_1_772' title='bbox 3044 4652 3125 4705; x_wconf 82' lang='grc' dir='ltr'>δεῖ</span> <span class='ocrx_word' id='word_1_773' title='bbox 3150 4652 3337 4721; x_wconf 78' lang='grc' dir='ltr'>νοῆσαι</span> <span class='ocrx_word' id='word_1_774' title='bbox 3363 4650 3534 4720; x_wconf 76' lang='grc' dir='ltr'>ἡμᾶς.</span> <span class='ocrx_word' id='word_1_775' title='bbox 3564 4649 3647 4699; x_wconf 79' lang='grc' dir='ltr'>ὅτι</span> 
     </span>
    </p>
   </div>
   <div class='ocr_carea' id='block_1_108' title="bbox 2072 4738 3649 4822">
    <p class='ocr_par' dir='ltr' id='par_1_108' title="bbox 2072 4738 3649 4822">
     <span class='ocr_line' id='line_1_108' title="bbox 2072 4738 3649 4822; baseline -0.011 -16"><span class='ocrx_word' id='word_1_776' title='bbox 2072 4753 2134 4806; x_wconf 82' lang='grc' dir='ltr'><strong>οὐ</strong></span> <span class='ocrx_word' id='word_1_777' title='bbox 2178 4752 2305 4822; x_wconf 71' lang='grc' dir='ltr'>περὶ</span> <span class='ocrx_word' id='word_1_778' title='bbox 2348 4749 2550 4822; x_wconf 88' lang='grc' dir='ltr'>θηρίων</span> <span class='ocrx_word' id='word_1_779' title='bbox 2578 4748 2740 4801; x_wconf 86' lang='grc' dir='ltr'>τινῶν</span> <span class='ocrx_word' id='word_1_780' title='bbox 2765 4750 2798 4818; x_wconf 79' lang='grc' dir='ltr'>ἡ</span> <span class='ocrx_word' id='word_1_781' title='bbox 2828 4744 3055 4817; x_wconf 83' lang='grc' dir='ltr'>ἀλήθεια</span> <span class='ocrx_word' id='word_1_782' title='bbox 3089 4742 3417 4810; x_wconf 83' lang='grc' dir='ltr'>διαλέγεται,</span> <span class='ocrx_word' id='word_1_783' title='bbox 3447 4738 3560 4792; x_wconf 75' lang='grc' dir='ltr'>ἀλλ’</span> <span class='ocrx_word' id='word_1_784' title='bbox 3593 4740 3649 4788; x_wconf 75' lang='grc' dir='ltr'>ἐν</span> 
     </span>
    </p>
   </div>
   <div class='ocr_carea' id='block_1_109' title="bbox 2072 4830 3650 4916">
    <p class='ocr_par' dir='ltr' id='par_1_109' title="bbox 2072 4830 3650 4916">
     <span class='ocr_line' id='line_1_109' title="bbox 2072 4830 3650 4916; baseline -0.013 -17"><span class='ocrx_word' id='word_1_785' title='bbox 2072 4845 2228 4916; x_wconf 87' lang='grc' dir='ltr'>τύπῳ</span> <span class='ocrx_word' id='word_1_786' title='bbox 2262 4844 2356 4898; x_wconf 72' lang='grc' dir='ltr'>καὶ</span> <span class='ocrx_word' id='word_1_787' title='bbox 2384 4843 2443 4895; x_wconf 84' lang='grc' dir='ltr'>ὲν</span> <span class='ocrx_word' id='word_1_788' title='bbox 2474 4841 2641 4894; x_wconf 86' lang='grc' dir='ltr'>εἰκόνι</span> <span class='ocrx_word' id='word_1_789' title='bbox 2674 4839 2913 4892; x_wconf 85' lang='grc' dir='ltr'>δείκνυσι</span> <span class='ocrx_word' id='word_1_790' title='bbox 2941 4836 3039 4899; x_wconf 78' lang='grc' dir='ltr'>τὰς</span> <span class='ocrx_word' id='word_1_791' title='bbox 3067 4837 3124 4889; x_wconf 84' lang='grc' dir='ltr'>ὲν</span> <span class='ocrx_word' id='word_1_792' title='bbox 3153 4834 3228 4904; x_wconf 83' lang='grc' dir='ltr'>τῷ</span> <span class='ocrx_word' id='word_1_793' title='bbox 3250 4833 3444 4903; x_wconf 85' lang='grc' dir='ltr'>κόσμῳ</span> <span class='ocrx_word' id='word_1_794' title='bbox 3473 4830 3650 4897; x_wconf 69' lang='grc' dir='ltr'>τούτῳ</span> 
     </span>
    </p>
   </div>
   <div class='ocr_carea' id='block_1_110' title="bbox 2072 4922 3651 5003">
    <p class='ocr_par' dir='ltr' id='par_1_110' title="bbox 2072 4922 3651 5003">
     <span class='ocr_line' id='line_1_110' title="bbox 2072 4922 3651 5003; baseline -0.01 -14"><span class='ocrx_word' id='word_1_795' title='bbox 2072 4935 2452 4997; x_wconf 73' lang='grc' dir='ltr'>ὲπαναστάσας</span> <span class='ocrx_word' id='word_1_796' title='bbox 2488 4931 2761 5003; x_wconf 84' lang='grc' dir='ltr'>βασιλείας</span> <span class='ocrx_word' id='word_1_797' title='bbox 2789 4929 2976 5000; x_wconf 83' lang='grc' dir='ltr'>ὥσπερ</span> <span class='ocrx_word' id='word_1_798' title='bbox 3002 4928 3165 5000; x_wconf 89' lang='grc' dir='ltr'>θηρία</span> <span class='ocrx_word' id='word_1_799' title='bbox 3191 4925 3514 4995; x_wconf 67' lang='grc' dir='ltr'>διαφέροντα</span> <span class='ocrx_word' id='word_1_800' title='bbox 3548 4922 3651 4990; x_wconf 67' lang='grc' dir='ltr'><strong>τὴν</strong></span> 
     </span>
    </p>
   </div>
   <div class='ocr_carea' id='block_1_111' title="bbox 2072 5014 3653 5099">
    <p class='ocr_par' dir='ltr' id='par_1_111' title="bbox 2072 5014 3653 5099">
     <span class='ocr_line' id='line_1_111' title="bbox 2072 5014 3653 5099; baseline -0.011 -17"><span class='ocrx_word' id='word_1_801' title='bbox 2072 5027 2493 5099; x_wconf 86' lang='grc' dir='ltr'>ἁνθρωπότητα·</span> <span class='ocrx_word' id='word_1_802' title='bbox 2542 5025 2639 5093; x_wconf 82' lang='grc' dir='ltr'><strong>τὴν</strong></span> <span class='ocrx_word' id='word_1_803' title='bbox 2680 5022 2788 5093; x_wconf 81' lang='grc' dir='ltr'>γὰρ</span> <span class='ocrx_word' id='word_1_804' title='bbox 2826 5021 3095 5075; x_wconf 83' lang='grc' dir='ltr'>θάλασσαν</span> <span class='ocrx_word' id='word_1_805' title='bbox 3136 5019 3233 5089; x_wconf 79' lang='grc' dir='ltr'>τὴν</span> <span class='ocrx_word' id='word_1_806' title='bbox 3280 5017 3526 5087; x_wconf 76' lang='grc' dir='ltr'>μεγάλην</span> <span class='ocrx_word' id='word_1_807' title='bbox 3562 5014 3653 5066; x_wconf 78' lang='grc' dir='ltr'>τὸν</span> 
     </span>
    </p>
   </div>
   <div class='ocr_carea' id='block_1_112' title="bbox 2074 5115 2793 5191">
    <p class='ocr_par' dir='ltr' id='par_1_112' title="bbox 2074 5115 2793 5191">
     <span class='ocr_line' id='line_1_112' title="bbox 2074 5115 2793 5191; baseline -0.008 -17"><span class='ocrx_word' id='word_1_808' title='bbox 2074 5121 2366 5191; x_wconf 88' lang='grc' dir='ltr'>σύμπαντα</span> <span class='ocrx_word' id='word_1_809' title='bbox 2390 5118 2593 5187; x_wconf 87' lang='grc' dir='ltr'>κόσμον</span> <span class='ocrx_word' id='word_1_810' title='bbox 2625 5115 2793 5183; x_wconf 84' lang='grc' dir='ltr'>λέγει.</span> 
     </span>
    </p>
   </div>
   <div class='ocr_carea' id='block_1_113' title="bbox 2143 5200 3652 5277">
    <p class='ocr_par' dir='ltr' id='par_1_113' title="bbox 2143 5200 3652 5277">
     <span class='ocr_line' id='line_1_113' title="bbox 2143 5200 3652 5277; baseline -0.009 -12"><span class='ocrx_word' id='word_1_811' title='bbox 2143 5211 2359 5277; x_wconf 85' lang='grc' dir='ltr'>δ’.Ἔως</span> <span class='ocrx_word' id='word_1_812' title='bbox 2403 5205 2475 5265; x_wconf 86' lang='grc' dir='ltr'>οὗ</span> <span class='ocrx_word' id='word_1_813' title='bbox 2504 5209 2740 5277; x_wconf 78' lang='grc' dir='ltr'>ἐξετίλῃ</span> <span class='ocrx_word' id='word_1_814' title='bbox 2770 5205 2841 5260; x_wconf 87' lang='grc' dir='ltr'>τὰ</span> <span class='ocrx_word' id='word_1_815' title='bbox 2869 5204 3051 5273; x_wconf 74' lang='grc' dir='ltr'>πτερὰ</span> <span class='ocrx_word' id='word_1_816' title='bbox 3082 5201 3287 5269; x_wconf 82' lang='grc' dir='ltr'>αὐτῆς.</span> <span class='ocrx_word' id='word_1_817' title='bbox 3306 5200 3652 5254; x_wconf 79' lang='grc' dir='ltr'>Ἱππολύτου.</span> 
     </span>
    </p>
   </div>
   <div class='ocr_carea' id='block_1_114' title="bbox 2074 5289 3659 5371">
    <p class='ocr_par' dir='ltr' id='par_1_114' title="bbox 2074 5289 3659 5371">
     <span class='ocr_line' id='line_1_114' title="bbox 2074 5289 3659 5371; baseline -0.01 -15"><span class='ocrx_word' id='word_1_818' title='bbox 2074 5303 2245 5356; x_wconf 89' lang='grc' dir='ltr'>Τοῦτο</span> <span class='ocrx_word' id='word_1_819' title='bbox 2289 5301 2399 5371; x_wconf 78' lang='grc' dir='ltr'><strong>γὰρ</strong></span> <span class='ocrx_word' id='word_1_820' title='bbox 2448 5298 2615 5361; x_wconf 76' lang='grc' dir='ltr'>ὅντως</span> <span class='ocrx_word' id='word_1_821' title='bbox 2659 5299 2750 5350; x_wconf 75' lang='grc' dir='ltr'><strong>ἐπὶ</strong></span> <span class='ocrx_word' id='word_1_822' title='bbox 2786 5296 2879 5349; x_wconf 90' lang='grc' dir='ltr'><strong>τοῦ</strong></span> <span class='ocrx_word' id='word_1_823' title='bbox 2921 5291 3389 5363; x_wconf 74' lang='grc' dir='ltr'>Ναϐουχοδονόσορ</span> <span class='ocrx_word' id='word_1_824' title='bbox 3425 5289 3659 5359; x_wconf 73' lang='grc' dir='ltr'>συνέϐη,</span> 
     </span>
    </p>
   </div>
   <div class='ocr_carea' id='block_1_115' title="bbox 2075 5383 3661 5463">
    <p class='ocr_par' dir='ltr' id='par_1_115' title="bbox 2075 5383 3661 5463">
     <span class='ocr_line' id='line_1_115' title="bbox 2075 5383 3661 5463; baseline -0.008 -17"><span class='ocrx_word' id='word_1_825' title='bbox 2075 5393 2255 5457; x_wconf 84' lang='grc' dir='ltr'>καθὼς</span> <span class='ocrx_word' id='word_1_826' title='bbox 2303 5396 2361 5446; x_wconf 86' lang='grc' dir='ltr'>ὲν</span> <span class='ocrx_word' id='word_1_827' title='bbox 2410 5394 2476 5463; x_wconf 79' lang='grc' dir='ltr'>τῇ</span> <span class='ocrx_word' id='word_1_828' title='bbox 2528 5391 2633 5462; x_wconf 84' lang='grc' dir='ltr'><strong>πρὸ</strong></span> <span class='ocrx_word' id='word_1_829' title='bbox 2681 5388 2884 5457; x_wconf 84' lang='grc' dir='ltr'>ταύτης</span> <span class='ocrx_word' id='word_1_830' title='bbox 2930 5386 3093 5457; x_wconf 78' lang='grc' dir='ltr'>βίϐλῳ</span> <span class='ocrx_word' id='word_1_831' title='bbox 3132 5386 3510 5455; x_wconf 79' lang='grc' dir='ltr'>σεσήμανται’</span> <span class='ocrx_word' id='word_1_832' title='bbox 3564 5383 3661 5436; x_wconf 67' lang='grc' dir='ltr'><strong>καὶ</strong></span> 
     </span>
    </p>
   </div>
   <div class='ocr_carea' id='block_1_116' title="bbox 2074 5475 3659 5548">
    <p class='ocr_par' dir='ltr' id='par_1_116' title="bbox 2074 5475 3659 5548">
     <span class='ocr_line' id='line_1_116' title="bbox 2074 5475 3659 5548; baseline -0.008 -10"><span class='ocrx_word' id='word_1_833' title='bbox 2074 5485 2205 5537; x_wconf 82' lang='grc' dir='ltr'>αὐτὸ</span> <span class='ocrx_word' id='word_1_834' title='bbox 2252 5484 2414 5548; x_wconf 77' lang='grc' dir='ltr'>εὐθὺς</span> <span class='ocrx_word' id='word_1_835' title='bbox 2449 5483 2606 5535; x_wconf 87' lang='grc' dir='ltr'>τοῦτο</span> <span class='ocrx_word' id='word_1_836' title='bbox 2637 5481 2809 5543; x_wconf 75' lang='grc' dir='ltr'>οὕτως</span> <span class='ocrx_word' id='word_1_837' title='bbox 2841 5480 2925 5531; x_wconf 78' lang='grc' dir='ltr'>ἐπ’</span> <span class='ocrx_word' id='word_1_838' title='bbox 2953 5478 3099 5548; x_wconf 85' lang='grc' dir='ltr'>αύτῷ</span> <span class='ocrx_word' id='word_1_839' title='bbox 3127 5475 3452 5546; x_wconf 83' lang='grc' dir='ltr'>γεγενῆσθαι</span> <span class='ocrx_word' id='word_1_840' title='bbox 3506 5492 3659 5544; x_wconf 80' lang='grc' dir='ltr'>μαρ-</span> 
     </span>
    </p>
   </div>
   <div class='ocr_carea' id='block_1_117' title="bbox 2074 5565 3657 5645">
    <p class='ocr_par' dir='ltr' id='par_1_117' title="bbox 2074 5565 3657 5645">
     <span class='ocr_line' id='line_1_117' title="bbox 2074 5565 3657 5645; baseline -0.008 -19"><span class='ocrx_word' id='word_1_841' title='bbox 2074 5577 2246 5645; x_wconf 86' lang='grc' dir='ltr'>τυρεῖ,</span> <span class='ocrx_word' id='word_1_842' title='bbox 2276 5574 2351 5637; x_wconf 85' lang='grc' dir='ltr'>ὡς</span> <span class='ocrx_word' id='word_1_843' title='bbox 2383 5570 2670 5642; x_wconf 78' lang='grc' dir='ltr'>ὲξεδιώχθη</span> <span class='ocrx_word' id='word_1_844' title='bbox 2714 5572 2778 5624; x_wconf 86' lang='grc' dir='ltr'>ὲκ</span> <span class='ocrx_word' id='word_1_845' title='bbox 2804 5570 2904 5640; x_wconf 80' lang='grc' dir='ltr'>τῆς</span> <span class='ocrx_word' id='word_1_846' title='bbox 2939 5567 3229 5639; x_wconf 86' lang='grc' dir='ltr'>βασιλείας,</span> <span class='ocrx_word' id='word_1_847' title='bbox 3264 5567 3356 5619; x_wconf 70' lang='grc' dir='ltr'><strong>καὶ</strong></span> <span class='ocrx_word' id='word_1_848' title='bbox 3396 5565 3657 5635; x_wconf 59' lang='grc' dir='ltr'>ἀφῃρέθη</span> 
     </span>
    </p>
   </div>
   <div class='ocr_carea' id='block_1_118' title="bbox 2076 5656 3661 5737">
    <p class='ocr_par' dir='ltr' id='par_1_118' title="bbox 2076 5656 3661 5737">
     <span class='ocr_line' id='line_1_118' title="bbox 2076 5656 3661 5737; baseline -0.007 -18"><span class='ocrx_word' id='word_1_849' title='bbox 2076 5667 2167 5719; x_wconf 83' lang='grc' dir='ltr'><strong>ἀπ’</strong></span> <span class='ocrx_word' id='word_1_850' title='bbox 2196 5665 2357 5718; x_wconf 77' lang='grc' dir='ltr'>αὐτοῦ</span> <span class='ocrx_word' id='word_1_851' title='bbox 2385 5667 2419 5737; x_wconf 80' lang='grc' dir='ltr'>ἡ</span> <span class='ocrx_word' id='word_1_852' title='bbox 2446 5664 2573 5730; x_wconf 78' lang='grc' dir='ltr'>δόξα</span> <span class='ocrx_word' id='word_1_853' title='bbox 2596 5662 2781 5725; x_wconf 80' lang='grc' dir='ltr'>αὑτοῦ,</span> <span class='ocrx_word' id='word_1_854' title='bbox 2814 5662 2905 5716; x_wconf 78' lang='grc' dir='ltr'><strong>καὶ</strong></span> <span class='ocrx_word' id='word_1_855' title='bbox 2927 5663 2959 5729; x_wconf 90' lang='grc' dir='ltr'><strong>ή</strong></span> <span class='ocrx_word' id='word_1_856' title='bbox 2999 5658 3354 5731; x_wconf 83' lang='grc' dir='ltr'>μεγαλωσύνη</span> <span class='ocrx_word' id='word_1_857' title='bbox 3389 5658 3454 5727; x_wconf 72' lang='grc' dir='ltr'>ἣν</span> <span class='ocrx_word' id='word_1_858' title='bbox 3489 5656 3661 5710; x_wconf 79' lang='grc' dir='ltr'><strong>ἐκέκ·</strong></span> 
     </span>
    </p>
   </div>
   <div class='ocr_carea' id='block_1_119' title="bbox 2077 5745 3658 5829">
    <p class='ocr_par' dir='ltr' id='par_1_119' title="bbox 2077 5745 3658 5829">
     <span class='ocr_line' id='line_1_119' title="bbox 2077 5745 3658 5829; baseline -0.005 -20"><span class='ocrx_word' id='word_1_859' title='bbox 2077 5772 2204 5827; x_wconf 87' lang='grc' dir='ltr'>τητο</span> <span class='ocrx_word' id='word_1_860' title='bbox 2224 5755 2285 5811; x_wconf 80' lang='grc' dir='ltr'><strong>τὸ</strong></span> <span class='ocrx_word' id='word_1_861' title='bbox 2314 5755 2596 5829; x_wconf 85' lang='grc' dir='ltr'>πρότερον.</span> <span class='ocrx_word' id='word_1_862' title='bbox 2625 5754 2734 5822; x_wconf 81' lang='lat' dir='ltr'><strong>Kal</strong></span> <span class='ocrx_word' id='word_1_863' title='bbox 2757 5754 2884 5823; x_wconf 83' lang='grc' dir='ltr'>μετ’</span> <span class='ocrx_word' id='word_1_864' title='bbox 2912 5754 3101 5823; x_wconf 70' lang='grc' dir='ltr'>ὀλίγα·</span> <span class='ocrx_word' id='word_1_865' title='bbox 3128 5750 3199 5804; x_wconf 85' lang='grc' dir='ltr'><strong>Τὸ</strong></span> <span class='ocrx_word' id='word_1_866' title='bbox 3224 5745 3532 5816; x_wconf 82' lang='grc' dir='ltr'>οὗνείπεῑν,</span> <span class='ocrx_word' id='word_1_867' title='bbox 3555 5750 3658 5801; x_wconf 70' lang='grc' dir='ltr'><strong>ἐπὶ</strong></span> 
     </span>
    </p>
   </div>
  </div>
