3836 6514
160 344 232 400 εει
1199 320 1622 379 FRAGMENTA
1653 321 1721 377 1N
1748 321 2109 377 DANIELEM.

3201 322 3308 378 682

158 454 314 515 ποδῶν
337 444 622 516 ἀνθρώπου
654 442 905 512 ἐστάθη,
943 442 1042 498 καὶ
1084 442 1301 511 καρδία
1339 439 1650 509 ἀνθρώπου

1762 443 1895 496 stetit
1932 450 1980 495 et
2015 457 2104 495 cor
2140 440 2363 494 hominis
2403 440 2586 494 datum
2638 450 2714 494 est
2750 440 2821 505 ei,
2871 439 3174 510 significant
3206 454 3309 494 nu~

156 552 292 616 ἐδόθη
326 542 483 607 αὐτῷ,
511 537 663 592 τοῦτο
700 537 851 610 δηλοῖ
894 537 976 590 ὅτι
1007 534 1503 606 ταπεινοφρονήσας
1533 533 1645 585 Να-

157 634 467 711 ϐουχοδονόσορ
488 631 574 684 καὶ
595 628 847 699 ἐπιγνοὺς
867 627 1055 682 ἑαυτὸν
1078 626 1161 681 ὅτι
1186 625 1281 680 ἄνθ
1291 626 1472 697 ρωπός
1500 626 1645 677 ἐστιν

157 730 237 785 ὑπὸ
253 726 330 796 τὴν
345 721 427 775 τοῦ
453 717 579 773 Θεοῦ
608 716 855 784 ἐξουσίαν
887 716 1157 788 κείμενος,
1182 715 1391 786 δεηθεὶς
1415 714 1507 767 τοῦ
1530 717 1644 768 Κυ-

158 820 261 891 ρίου,
289 815 421 883 ἔτυχε
446 810 540 879 τῆς
561 809 688 880 παρ’
710 806 873 861 αὐτοῦ
916 804 1331 877 εὐσπλαγχνίας,
1361 804 1454 858 καὶ
1482 803 1645 858 πάλιν

155 914 214 973 εἰς
231 907 307 979 τὴν
331 901 501 958 ἑαυτοῦ
534 900 807 970 βασιλείαν
831 899 926 953 καὶ
948 898 1105 963 δόξαν
1138 895 1629 958 ἀποκατασταθείς.

204 1004 252 1051 ε’.
295 993 488 1061 Θηρίον
510 990 786 1058 δεύτερον
837 989 1040 1057 ὅμοιον
1088 987 1266 1055 ἅρκῳ.
1308 984 1642 1039 Ἱππολύτου.

157 1090 243 1144 Ἵνα
268 1091 316 1142 ὲν
337 1085 493 1155 τούτῳ
512 1082 660 1151 δείξῃ
686 1081 783 1152 τὴν
807 1079 917 1134 τῶν
946 1078 1171 1150 Περσῶν
1211 1076 1504 1149 βασιλείαν.

202 1183 291 1239 Καὶ
328 1180 441 1249 τρία
486 1174 729 1243 πλευρά.
776 1173 1107 1227 Ἱππολύτου.
1151 1172 1292 1244 Τρία
1335 1171 1392 1223 δὲ
1440 1169 1648 1240 πλευρά

154 1276 271 1329 καλεῖ
290 1274 347 1326 τὰ
370 1270 485 1340 τρία
500 1269 623 1340 ἔθνη
644 1285 656 1298 ο
687 1267 835 1336 λέγει
859 1261 951 1320 οὖν
971 1253 1195 1339 ’Ἶῐρχεν
1210 1263 1340 1318 αύτὸ
1358 1262 1417 1316 τὸ
1440 1263 1643 1334 θηρίον,

152 1368 189 1420 οἶ
213 1362 323 1437 ἦσαν
339 1362 515 1432 Μῆδοι,
551 1358 841 1429 Ἀσσύριοι,
872 1357 963 1411 καὶ
984 1356 1332 1409 Βαϐυλώνιοι.

204 1458 289 1511 Καὶ
307 1456 439 1509 οὕτω
458 1454 668 1522 ἔλεγον
695 1449 849 1519 αὺτῇ
868 1467 882 1479 ⁸
920 1449 1244 1515 Ἀνάστηθι,
1264 1447 1430 1518 φάγε.
1467 1448 1648 1502 Ἰππο-

152 1550 289 1603 iam.
319 1548 373 1601 0i
414 1545 512 1617 γὰρ
558 1544 765 1615 Πέρσαι
814 1543 1216 1605 ἐπαναστάντες
1260 1544 1317 1595 ὲν
1365 1544 1477 1605 τοῖς
1527 1542 1648 1595 τότε

151 1641 315 1711 καιροῖς
348 1638 434 1710 τὴν
479 1638 657 1691 πᾶσαν
700 1636 883 1707 χώραν
928 1636 1253 1706 ἠρήμωσαν,
1297 1634 1388 1687 καὶ
1426 1634 1650 1696 πολλοὺς

151 1732 232 1784 τῶν
265 1729 535 1801 ἀνθρώπων
580 1728 906 1791 ὑποδούλους
945 1728 1155 1790 ἑαυτοῖς
1188 1727 1508 1797 ποιήσαντες
1538 1724 1648 1779 διέ-

1746 536 1944 590 militer
1977 536 2214 591 sensisse
2238 533 2761 601 Nabuchodonosor,
2791 534 3076 603 agnovisse
3117 550 3176 589 se
3204 535 3306 587 lm-

1745 626 1946 680 minem
1993 641 2147 690 esse,
2211 640 2275 681 ac
2315 624 2409 679 Dei
2465 625 2720 694 potentiae
2777 623 3120 692 subjectum;
3182 638 3307 677 cum

1745 715 1890 769 enim
1920 715 2277 785 supplicasset
2302 713 2614 783 Dominum,
2636 714 2839 769 invenit
2860 712 3307 777 misericordiam,

1744 814 1799 861 et
1831 806 2023 861 iterum
2070 806 2127 861 in
2169 822 2395 878 regnum
2447 822 2607 860 suum
2656 816 2708 861 et
2750 806 2977 878 gloriam
3029 805 3309 860 restitutus

1744 904 1846 951 est.

1820 986 1882 1040 V.
1917 986 1967 1040 5.
1994 1014 2065 1027 —
2087 985 2267 1040 Bestia
2300 986 2408 1039 alia
2435 986 2626 1040 similis
2655 1002 2796 1041 urso.
2825 984 3114 1057 Hippolyti.
3152 983 3222 1039 Ut
3254 986 3306 1038 in

1747 1078 1851 1133 hoc
1884 1077 2214 1148 signiﬁcaret
2242 1078 2527 1132 Persarum
2566 1078 2875 1148 imperium.

1818 1169 2139 1224 lbid.—Et
2183 1180 2282 1223 tres
2308 1171 2535 1225 ordines.
2576 1169 2868 1242 Hippolyti.
2916 1170 3047 1226 Tres
3094 1172 3311 1225 ordines

1746 1271 1905 1316 vocat
1928 1272 2036 1316 tres
2058 1272 2271 1332 gentes;
2304 1260 2436 1315 dicit
2464 1277 2615 1331 ergo:
2656 1263 2943 1331 Imperavit
2975 1264 3088 1317 lnee
3114 1263 3306 1317 bestia.

1748 1352 1919 1407 Erant
1944 1353 2158 1422 quidem
2190 1351 2351 1415 Medi,
2384 1352 2612 1423 Assyrii,
2643 1364 2695 1407 ct
2717 1352 3013 1424 Babylonii.

1822 1444 1966 1499 Ibid.
1985 1475 2054 1485 —
2074 1444 2142 1497 Et
2168 1446 2244 1497 sic
2265 1443 2509 1498 dicebant
2553 1446 2636 1498 ei:
2662 1444 2852 1514 Surge,
2870 1443 3095 1497 comede.
3111 1441 3311 1513 Hippo-

1748 1538 1863 1609 lyti.
1909 1537 2084 1591 Persa:
2124 1536 2268 1591 enim
2311 1546 2593 1606 surgentes
2624 1537 2677 1591 in
2721 1537 2827 1591 illis
2852 1536 3061 1597 diebus.
3090 1551 3309 1591 omnem

1749 1640 1945 1685 terram
1978 1638 2325 1683 vastaverunt
2355 1636 2409 1683 et
2440 1630 2638 1683 multos
2679 1628 2959 1683 hominum
2996 1628 3049 1681 in
3079 1628 3312 1682 servitu-

1750 1731 1855 1776 tem
1886 1721 2190 1791 redigentes
2212 1721 2625 1786 interfecerunt;
2665 1720 3115 1790 quemadmodum
3161 1719 3309 1774 enim

147 1798 554 1893 φθείρανίῶσπερ
579 1821 689 1892 γὰρ
713 1820 773 1873 τὸ
803 1818 988 1891 θηρίον
1013 1821 1046 1888 ἡ
1070 1818 1236 1888 ἄρκος
1262 1815 1501 1889 ῥυπαρόν
1529 1819 1645 1870 ἐστι

1762 1828 1911 1866 .ll‘SllS
1974 1813 2150 1866 bellua
2171 1822 2253 1867 est
2279 1812 2555 1868 sordidum
2612 1812 2833 1878 animal,
2860 1822 2914 1867 et
2945 1811 3309 1874 carnivorum,

148 1914 252 1985 ζῷον
271 1916 351 1969 καὶ
377 1914 720 1988 σαρκοϐόρον,
746 1914 1060 1983 σπαράσσον
1086 1911 1263 1976 ὄνυξιν
1292 1912 1386 1965 καὶ
1414 1909 1645 1975 ὀδοῦσιν,

144 2008 277 2071 οὕτως
310 2008 522 2078 ἐγενήθη
571 2008 665 2060 καὶ
695 2008 727 2076 ἠ
757 2004 865 2059 τῶν
896 2003 1120 2077 Περσῶν
1152 2002 1416 2074 βασιλεία,
1453 2002 1648 2064 οἵτινες

144 2098 445 2170 διεκράτησαν
473 2097 566 2149 ἐπὶ
590 2095 686 2165 ἔτη
708 2095 806 2147 σλ’.

196 2196 254 2255 ς’.
278 2191 372 2245 Kal
403 2189 526 2243 ἰδοὺ
562 2188 770 2257 θηρίον
796 2187 999 2253 ἕτερον
1025 2184 1166 2239 ὡσεὶ
1192 2184 1503 2252 πάρδαλις.
1539 2183 1649 2237 ἰπ-

143 2279 345 2335 πολύτου.
377 2278 642 2351 Πάρδαλιν
690 2273 783 2330 οὖν
812 2277 1082 2347 ὀνομάσας
1116 2277 1216 2347 τὴν
1248 2274 1354 2327 τῶν
1387 2274 1649 2345 Ἑλλήνων

144 2369 367 2438 βασιλείαν
395 2370 667 2442 σημαίνει,
696 2363 771 2423 ὧν
809 2365 974 2440 ἧρξεν
1027 2365 1366 2439 Ἀλέξανδρος
1408 2368 1436 2419 6
1460 2367 1646 2419 Μακε-

141 2459 244 2513 δών·
271 2463 577 2532 ἁφωμοίωσε
616 2462 672 2514 δὲ
702 2461 899 2524 αὐτοὺς
927 2458 1188 2531 παρδάλει
1216 2458 1304 2512 διὰ
1330 2457 1390 2510 τὸ
1424 2455 1650 2525 γεγενῆ-

142 2552 235 2605 σθαι
275 2554 452 2618 αὐτοὺς
486 2554 632 2621 ὀξεῖς
672 2554 769 2606 καὶ
806 2552 1220 2622 πολυμηχάνους
1256 2550 1314 2602 ὲν
1345 2550 1457 2612 τοῖς
1501 2549 1648 2618 λογι-

144 2645 265 2710 σμοῖς
301 2647 384 2702 κοὶ
417 2644 643 2716 πικροὺς
680 2645 737 2695 ἐν
764 2645 830 2713 τῇ
856 2642 1052 2712 καρδία
1077 2658 1090 2671 ·
1124 2641 1182 2693 ὃν
1211 2640 1408 2712 τρόπον
1455 2640 1546 2692 καὶ
1590 2640 1651 2691 τὸ

140 2731 246 2795 ζῶον
278 2736 500 2789 ποικίλον
526 2738 647 2789 ἐστὶ
677 2738 742 2806 τῇ
778 2735 914 2805 ἰδέᾳ,
948 2734 1040 2800 ὀξὺ
1068 2733 1124 2787 δὲ
1148 2734 1229 2797 εἰς
1266 2732 1328 2786 τδ
1351 2731 1650 2802 κακοποιῆ“

140 2823 304 2876 animi
339 2818 467 2895 αἷμα
497 2824 786 2896 ἀνθρώπου
822 2825 1054 2878 ἐκπιεῖν.

194 2912 455 2984 Τέσσαρες
480 2915 737 2985 κεφαλαὶ
764 2914 843 2982 τῷ
875 2914 1073 2982 θηρίῳ.
1120 2912 1455 2967 Ἱππολύτου.
1497 2912 1651 2966 Μετὰ

138 3004 220 3078 γὰρ
254 3007 307 3062 τὸ
346 3008 618 3080 ὑψωθῆναι
675 3006 773 3079 τὴν
831 3005 1104 3077 βασιλείαν
1167 3002 1504 3075 Ἀλεξάνδρου
1557 3003 1652 3057 καὶ

139 3094 384 3169 αὐξηθῆναι
411 3101 503 3154 καὶ
554 3098 637 3163 εἰς
678 3098 855 3152 πάντα
898 3097 987 3150 τὸν
1026 3096 1225 3166 κόσμον
1269 3097 1650 3167 ὀνομασθῆναι,

138 3187 397 3265 διεμερίσθη
442 3195 475 3265 ή
527 3192 776 3264 βασιλεία
817 3189 981 3243 αὐτοῦ
1024 3190 1105 3252 εἰς
1147 3188 1415 3258 τέσσαρας
1460 3189 1650 3261 ἀρχάςο

139 3276 353 3335 τελευτῶν
370 3282 474 3356 γὰρ
502 3286 531 3337 6
573 3280 918 3351 Ἀλέξανδρος
944 3278 1136 3331 διεῖλεν
1164 3279 1345 3341 αὐτοῖς
1373 3281 1485 3341 τοῖς
1533 3296 1657 3331 συν-

136 3371 312 3440 τρόφοις
346 3379 452 3440 τοῖς
492 3378 560 3431 ὲκ
599 3375 693 3429 τοῦ
720 3373 909 3443 γένους
940 3373 1036 3444 τὴν
1072 3373 1344 3444 βασιλείαν
1370 3373 1658 3444 τέσσαρσιν

137 3460 389 3533 ἀνθρώποις
417 3467 687 3539 Σελεύκῳ,
720 3465 1033 3538 Δημητρίῳ,
1059 3465 1402 3537 Πτολεμαίῳ,
1438 3466 1533 3520 καὶ
1568 3468 1659 3519 Φι-

135 3551 295 3626 λίππῳ*
324 3560 411 3612 καὶ
444 3561 703 3613 ἐπέθεντο
731 3560 928 3622 πάντες
953 3553 1096 3611 οὗτοι
1120 3557 1442 3628 διαδήματα,
1477 3556 1657 3621 καθὼς

136 3642 292 3716 Δανιὴλ
314 3648 464 3703 τοῦτο
490 3649 819 3723 προμηνύει,
841 3651 936 3703 καὶ
965 3650 1023 3702 ὲν
1049 3650 1119 3720 τῇ
1144 3648 1339 3720 πρώτῃ
1362 3649 1469 3702 τῶν
1503 3650 1659 3703 Μακ-

134 3733 332 3791 καὸαίων
390 3742 823 3813 ἀναγέγραπται.

186 3824 238 3889 ζ’.
267 3832 362 3883 Καὶ
399 3834 525 3887 ἰδοὺ
568 3834 775 3902 θηρίον
805 3834 1104 3903 τέταρτον.
1152 3832 1489 3887 Ἱππολύτου.
1539 3833 1658 3887 Ὅτι

135 3915 209 3983 μὲν
227 3916 307 3973 οὖν
335 3924 466 3993 μετὰ
482 3926 587 3996 τὴν
608 3925 715 3977 τῶν
746 3925 1011 3996 Ἑλλήνων
1044 3923 1339 3995 βασιλείαν,
1369 3924 1529 3994 ἑτέρα
1558 3925 1659 3978 οὐκ

132 4004 378 4081 ἐγήγερται
419 4016 553 4087 ἄλλη
611 4016 887 4086 βασιλεία,
948 4017 997 4069 εί
1049 4017 1122 4089 μὴ
1151 4018 1201 4088 ,ἡ
1244 4016 1522 4088 κρατοῦσα
1560 4016 1659 4071 νῦν

129 4094 305 4170 ἕπηκε,
329 4107 419 4158 καὶ
440 4108 603 4161 τοῦτο
630 4110 763 4161 πᾶσι
795 4107 1059 4178 πρόδηλόν
1082 4110 1247 4161 ἐστιν’
1287 4109 1410 4179 ἥτις
1440 4108 1658 4173 ὀδόντας

133 4187 207 4254 μὲν
228 4190 325 4261 ἔχει
360 4196 634 4268 σιδηροῦς,
676 4197 765 4252 διὰ
802 4198 863 4251 τὸ
903 4197 1108 4262 πάντας
1144 4198 1404 4270 δαμάζειν
1438 4197 1533 4252 καὶ
1566 4198 1657 4251 λε-

128 4280 306 4339 πτύνειν
339 4290 403 4359 τῇ
459 4291 570 4363 ἰδίᾳ.
610 4290 802 4362 ἰσχύει,
845 4290 1032 4363 ὥσπερ
1068 4308 1131 4360 γε
1173 4294 1203 4345 6
1243 4292 1476 4364 σίδηρος*
1504 4294 1573 4347 τὰ
1599 4293 1657 4347 δὲ

128 4370 341 4432 ἐπίλοιπα
384 4385 496 4447 τοῖς
542 4384 673 4436 ποσὶ
712 4383 1021 4450 συνεπάτει,
1075 4383 1165 4437 διὰ
1202 4384 1264 4438 τὸ
1297 4384 1371 4457 μὴ
1404 4384 1655 4438 καταλεί-

1746 1902 2049 1957 dilacerans
2090 1902 2307 1972 ungulis
2348 1918 2413 1957 ac
2453 1903 2738 1968 dentibus,
2778 1903 2858 1957 sie
2894 1900 2996 1956 fuit
3022 1900 3312 1956 Persarum

1748 2010 2003 2066 regnum,
2050 1996 2144 2065 qui
2188 1996 2349 2051 rebus
2380 1996 2537 2066 potiti
2578 2006 2703 2050 sunt
2754 1995 2912 2051 annis
2951 1995 3173 2065 triginta
3211 1994 3312 2048 du-

1749 2087 2045 2157 centisque.

1822 2173 1885 2233 ν.
1914 2179 1965 2232 6.
1992 2208 2062 2216 —
2082 2177 2151 2231 Et
2208 2194 2321 2232 ecce
2350 2177 2460 2231 alia
2496 2176 2705 2248 (bestia)
2732 2178 2883 2240 quasi
2916 2182 3132 2246 pardus.
3183 2175 3314 2247 Hip-

1750 2270 1936 2339 polyti,
1987 2270 2221 2325 Pardum
2252 2270 2461 2336 dicens,
2497 2286 2722 2339 regnum
2762 2270 2965 2325 indicat
2997 2268 3309 2323 Graecorum

1748 2360 1946 2430 quibus
1982 2361 2264 2430 imperavit
2288 2362 2591 2416 Alexander
2619 2360 2867 2427 Macedo;
2910 2359 3175 2415 assimilat
3212 2375 3313 2412 au-A

1751 2462 1858 2507 tem
1892 2468 1986 2507 eos
2035 2453 2238 2522 pardo.
2272 2453 2395 2521 quia
2449 2450 2667 2506 veloces
2711 2462 2765 2508 et
2802 2452 3132 2507 dolosissimi
3185 2458 3313 2506 sunt

1751 2553 1949 2607 mente,
1980 2552 2034 2597 et
2062 2558 2156 2596 eor
2183 2544 2444 2599 habentes
2492 2543 2855 2599 amaritudine
2886 2543 3125 2611 plenum,
3166 2540 3314 2594 haud

1751 2647 1910 2687 secus
1949 2648 2013 2686 ac
2057 2632 2185 2687 illud
2218 2633 2441 2697 animal,
2480 2633 2788 2687 multicolor
2811 2641 2894 2687 est
2944 2639 3188 2701 aspectu,
3224 2645 3314 2683 ve.

1751 2723 1843 2778 lox
1894 2739 2022 2778 vero
2072 2725 2127 2778 in
2169 2726 2308 2780 male
2357 2726 2585 2797 agendo,
2620 2733 2676 2780 et
2708 2740 2956 2780 cruorem
3015 2725 3313 2779 humanum

1751 2815 2007 2870 bibendo.

1830 2906 2317 2974 Ibid.-—Quatuor
2339 2911 2515 2980 capita
2572 2921 2723 2965 erant
2773 2909 2968 2965 bestia.
3022 2908 3312 2981 Hippolyti.

1752 2998 2049 3070 Postquam
2103 3002 2157 3055 in
2202 3002 2369 3056 altum
2418 3001 2676 3057 crevisset
2710 3001 2994 3070 imperium
3024 3001 3316 3055 Alexandri

1755 3103 2212 3163 augmentumque
2250 3094 2507 3164 cepisset,
2554 3109 2619 3148 ac
2648 3108 2740 3163 per
2779 3094 3092 3147 universum
3127 3095 3314 3145 orbem

1758 3200 1953 3240 nomen
1986 3185 2331 3248 obtinuisset,
2379 3185 2613 3239 divisum
2643 3195 2725 3239 est
2759 3185 2811 3238 in
2840 3194 3073 3254 quatuor
3115 3199 3312 3254 regna;

1762 3276 2003 3330 moriens
2058 3277 2203 3330 enim
2272 3277 2576 3331 Alexander
2623 3275 2806 3331 divisit
2854 3275 3316 3330 conmilitonibus

1756 3368 1892 3434 suis,
1923 3369 2144 3422 natione
2171 3366 2395 3434 Graecis,
2433 3383 2652 3437 regnum
2700 3383 2881 3431 suum,
2913 3376 3143 3436 quatuor
3182 3355 3316 3421 vitis

1757 3460 1965 3515 scilicet
2012 3459 2261 3524 Seleuco,
2310 3458 2603 3523 Demetrio,
2627 3457 2921 3520 Ptolemaeo
2966 3469 3018 3511 et
3044 3456 3313 3525 Philippo,

1756 3561 1809 3605 et
1834 3552 1935 3606 sibi
1961 3552 2307 3605 vindicarunt
2343 3565 2531 3605 omnes
2559 3549 2650 3604 isti
2679 3550 3003 3614 diademata,
3039 3557 3098 3602 ut
3127 3545 3316 3600 Daniel

1758 3644 1889 3699 illud
1930 3643 2250 3713 praedixerat
2283 3652 2339 3699 et
2378 3644 2433 3697 in
2469 3642 2646 3713 primo
2669 3642 3130 3698 Macchabazorum
3179 3641 3317 3694 libro

1757 3729 2022 3799 scriptum
2052 3737 2156 3784 est.

1828 3817 1893 3871 ν.
1924 3818 1979 3873 7.
2003 3849 2075 3858 —
2098 3817 2169 3873 Et
2194 3836 2308 3873 ecce
2340 3821 2505 3874 bestia
2544 3831 2757 3890 quarta.
2814 3820 3105 3892 Hippolyti.
3171 3816 3319 3885 Quo-

1757 3912 1903 3966 niam
1936 3912 2153 3983 quidem
2191 3922 2314 3985 post
2337 3913 2650 3969 Graacorum
2700 3916 2986 3985 imperium
3029 3914 3175 3969 aliud
3207 3929 3314 3967 non

1758 4004 1994 4057 surrexit
2050 4002 2361 4073 imperium,
2392 4005 2515 4069 ,nisi
2569 4016 2763 4077 potens
2811 4002 2929 4063 hoc
2970 4006 3115 4077 quod
3172 4022 3320 4060 nunc

1758 4101 1887 4159 stat,
1917 4102 1971 4147 et
1999 4093 2104 4147 hoc
2129 4094 2347 4163 quidem
2375 4096 2629 4152 omnibus
2652 4099 3007 4167 conspicuum
3044 4110 3160 4164 est;
3214 4098 3319 4151 hoc

1758 4184 1948 4239 dentes
1973 4186 2190 4255 quidem
2207 4187 2367 4243 habet
2398 4189 2626 4254 ferreos,
2650 4190 2778 4260 quia
2810 4191 2992 4244 omnia
3034 4190 3237 4252 domat,
3266 4199 3322 4242 et

1757 4276 2080 4332 comminuit
2107 4278 2322 4347 prOprio
2354 4280 2567 4345 robore,
2594 4291 2653 4335 ut
2679 4280 2880 4335 ferrum
2905 4300 2919 4347 ;
2950 4281 3156 4351 reliqua
3187 4296 3318 4336 vero

1757 4368 1987 4437 pedibus
2007 4369 2313 4436 conculcat,
2338 4371 2465 4441 quia
2482 4386 2592 4425 non
2609 4371 2717 4426 erit
2736 4372 2879 4428 aliud
2896 4372 3181 4443 imperium
3197 4379 3322 4443 post

125 4466 282 4523 πεσθαι
307 4473 492 4546 ἑτέραν
520 4476 794 4546 βασιλείαν
821 4476 900 4530 ἐτι
931 4476 1069 4548 μετὰ
1088 4478 1310 4549 ταύτην,
1339 4479 1453 4534 ἀλλ’
1476 4479 1537 4545 ἐξ
1563 4480 1650 4533 αὑ-

1762 4458 1909 4528 illud,
1931 4459 2024 4516 sed
2054 4477 2121 4516 ex
2150 4461 2242 4516 illo
2267 4477 2471 4518 cornua
2492 4462 2675 4520 decem
2699 4474 2962 4521 crescent.

124 4554 200 4624 τῆς
219 4561 403 4634 ταύτης
424 4566 635 4638 κέρατα
658 4567 790 4620 δέκα
809 4568 1163 4637 ἀναφύεσθαι.

175 4649 267 4703 Καὶ
303 4655 516 4723 κέρατα
568 4659 718 4714 δέκα
770 4657 951 4724 αὐτῷ.
1006 4658 1216 4731 Ὥσπερ
1259 4659 1368 4732 γὰρ
1419 4662 1513 4715 ἐπὶ
1557 4661 1653 4732 τῆς

122 4738 394 4809 παρδάλεως
415 4752 680 4819 προεῖπεν
697 4752 725 4803 6
747 4750 1029 4821 προφήτης
1056 4751 1137 4803 ὅτι
1172 4750 1436 4822 τέσσαρες
1479 4766 1651 4821 κεφα-

122 4832 271 4904 λαὶτῷ
290 4836 475 4911 θηρίῳ·
504 4841 603 4895 καὶ
629 4842 865 4910 ἐγένετο,
903 4844 997 4896 καὶ
1041 4844 1303 4915 ἐμερίσθη
1338 4847 1373 4914 ἡ
1412 4844 1651 4915 βασιλεία

128 4919 433 5001 Ἀλεξάνδρου
458 4935 539 4999 εἰς
568 4935 839 5006 τέσσαρας
863 4935 1056 5008 όιρχόις⁹
1092 4937 1233 4990 οὕτω
1256 4936 1348 4991 καὶ
1369 4937 1465 4991 νῦν
1493 4954 1654 5009 προσ.

121 5011 249 5087 ὗοκᾷν
284 5021 378 5089 δεῖ,
426 5027 537 5091 ἕως
585 5027 915 5099 ἀναϐήσεται
955 5030 1086 5084 δέκα
1129 5029 1334 5101 κέρατα
1376 5029 1436 5094 ἐξ
1482 5032 1650 5101 αὐτῆς

114 5105 300 5178 ταύτης,
331 5116 458 5168 ὅταν
492 5119 523 5170 ὀ
556 5119 752 5188 χρόνος
794 5119 887 5173 τοῦ
921 5120 1110 5190 θηρίου
1149 5121 1427 5193 πληρωθῇ,
1472 5124 1566 5176 καὶ
1590 5124 1650 5176 τὸ

118 5200 277 5270 μικρὸν
304 5204 489 5276 κέρας,
514 5208 654 5279 ὅπερ
676 5209 821 5262 ἐστὶν
837 5212 867 5263 6
889 5208 1268 5281 Ἀντίχριστος,
1289 5212 1347 5263 ἐν
1367 5213 1549 5277 αὐτοῖς
1569 5216 1652 5267 αἱ-

115 5291 278 5357 φνίδιος
311 5299 587 5370 ἀναφανῇ,
616 5300 709 5353 καὶ
727 5303 761 5372 ἡ
796 5300 1106 5372 δικαιοσύνη
1129 5302 1194 5356 ὲκ
1222 5303 1322 5373 τῆς
1350 5304 1456 5374 γῆς
1484 5305 1645 5377 ἀρθῇ,

117 5382 186 5434 cui
207 5387 231 5437 6
250 5390 351 5453 πᾶς
380 5391 595 5462 κόσμος
630 5394 708 5457 είς
733 5394 1038 5449 συντέλειαν
1062 5398 1228 5467 παρῇ·
1253 5395 1394 5450 ὥστε
1419 5396 1481 5449 οὐ
1513 5414 1646 5469 προ-

113 5472 369 5546 λαμϐάνειν
398 5486 558 5557 ἡμᾶς
595 5484 677 5538 δεῖ
711 5485 808 5557 τὴν
831 5486 924 5539 τοῦ
943 5485 1076 5540 Θεοῦ
1116 5485 1332 5558 βουλὴν,
1370 5486 1505 5541 ἀλλὰ
1539 5504 1645 5557 μα-

114 5568 367 5643 κροθυμεῖν
409 5578 509 5631 καὶ
549 5578 777 5642 δεῖσθαι,
815 5580 903 5632 ἴνα
940 5579 1012 5649 μὴ
1035 5581 1113 5642 είς
1133 5578 1402 5642 τοιούτους
1422 5579 1646 5649 χρόνους

111 5654 421 5735 ἐμπέσωμεν*
460 5667 593 5721 οὔτε
629 5668 733 5739 μὴν
773 5669 1021 5721 ἀπιστεῖν
1059 5667 1133 5730 ὡς
1170 5668 1243 5740 μὴ
1279 5668 1534 5738 μέλλοντα
1558 5668 1643 5736 γί-

111 5749 279 5805 νεσθαι·
311 5759 358 5808 εἰ
390 5757 502 5829 γὰρ
536 5757 607 5808 τὰ
632 5756 821 5828 πρῶτα
845 5758 943 5809 ὅσα
982 5760 1234 5815 προεῖπον
1261 5760 1307 5810 οἱ
1345 5755 1640 5827 προφῆται,

388 5875 663 5935 ΡΔἹἚΟΙ..
710 5874 825 5935 Gn.
860 5875 944 5933 Χ.

1828 4657 1971 4712 Ibid.
2009 4690 2078 4699 —
2119 4659 2188 4714 Et
2237 4662 2457 4716 habebat
2502 4679 2699 4718 cornua
2773 4666 2968 4719 decem.
3021 4663 3314 4735 Hippolyti.

1753 4747 2219 4815 Quemadmodum
2236 4752 2383 4806 enim
2400 4753 2465 4807 de
2490 4753 2657 4822 pardo
2683 4756 2943 4824 propheta
2976 4755 3133 4823 dixit,
3161 4756 3305 4807 hanc

1754 4839 1983 4894 bestiam
2011 4850 2246 4911 quatuor
2274 4843 2453 4914 capita
2499 4844 2720 4910 habere,
2749 4847 2894 4914 quod
2924 4846 3101 4914 reipsa
3139 4846 3312 4901 conti-

1753 4930 1850 5002 git,
1887 4947 2013 4985 nam
2067 4932 2302 4987 divisum
2332 4945 2416 4987 est
2444 4934 2728 5003 imperium
2758 4936 3048 4990 Alexandri
3092 4936 3145 4989 in
3172 4951 3311 5005 qua-

1754 5031 1877 5077 tuor
1906 5038 2111 5093 regna;
2147 5024 2224 5079 sic
2255 5034 2308 5078 et
2344 5040 2489 5080 nunc
2534 5036 2845 5095 exspectare
2870 5036 3083 5096 oportet
3141 5041 3315 5096 usquo

1753 5115 1882 5169 dum
1931 5125 2158 5186 surgant
2210 5117 2396 5171 decem
2446 5132 2651 5173 cornua
2701 5134 2768 5172 ex
2814 5120 2917 5173 ista
2966 5120 3160 5181 bestia,
3188 5134 3315 5174 cum

1754 5216 1966 5275 tempus
2035 5207 2153 5276 ejus
2196 5208 2520 5277 completum
2574 5209 2711 5272 erit,
2765 5217 2820 5264 et
2869 5223 3093 5277 parvum
3121 5225 3314 5274 cornu,

1752 5296 1897 5364 quod
1943 5304 2027 5351 est
2072 5294 2643 5363 Antichristus,~inter
2692 5300 2783 5353 illa
2834 5314 3039 5354 cornua
3091 5310 3313 5369 repente

1755 5399 2033 5459 appareat,
2077 5400 2130 5445 et
2173 5391 2384 5461 iustitia
2415 5394 2482 5447 de
2525 5400 2666 5447 terra
2710 5392 3007 5457 auferatur,
3036 5391 3313 5460 totiusque

1751 5481 1898 5535 orbis
1926 5483 2323 5538 consummatio
2350 5484 2776 5554 appropinquet;
2808 5489 2879 5539 ita
2919 5493 2980 5539 ut
3019 5498 3129 5539 non
3173 5483 3312 5537 anti-

1751 5571 1932 5639 cipare
1984 5583 2229 5642 oporteat
2256 5573 2349 5630 Dei
2396 5576 2812 5647 providentiam,
2861 5577 2971 5632 sed
3001 5575 3312 5646 patientiam

1752 5663 1970 5728 habere,
2002 5676 2055 5720 et
2098 5668 2288 5723 timere
2326 5684 2395 5724 ne
2441 5670 2560 5725 istis
2609 5670 2944 5741 temporibus
2976 5668 3312 5729 incidamus,

1753 5770 1860 5811 non
1881 5772 2008 5813 vero
2043 5759 2354 5814 incredulos
2386 5775 2506 5817 esse
2535 5761 2689 5830 quasi
2718 5762 2828 5815 hate
2842 5776 2949 5813 non
2979 5758 3158 5813 futura
3183 5756 3310 5812 sint.

2848 5876 2929 5937 22
