3836 6502
527 313 633 369 683

1404 314 1460 368 S.
1499 314 1855 370 HIPPOLYTI
1888 314 2035 370 OPP.
2074 314 2250 371 PARS
2293 315 2332 371 Ι.
2374 345 2444 355 --
2480 315 2887 372 EXEGETICA.

3638 318 3725 376 686

530 430 588 485 Si
621 432 762 487 enim
822 448 1156 504 quaecunque
1211 436 1481 490 anteriora
1528 452 1558 491 a
1608 438 1888 506 prOphetis
1946 453 2072 507 prae-

2188 438 2284 491 ούκ
2342 438 2575 506 ἐγένετο,
2641 440 2774 509 μήτε
2833 436 3005 491 ταῦτα
3036 438 3362 510 προσδοκᾷν·
3400 440 3451 492 εἰ
3480 439 3534 491 δὲ
3572 440 3725 493 ἐκεῖνα

526 524 671 579 dicta
740 540 847 578 non
907 536 1235 591 evenerunt,
1284 543 1458 597 neque
1512 529 1628 583 haac
1678 539 2083 599 exspectemus;

2188 528 2431 596 ἐγένοντο
2470 530 2609 583 κατὰ
2674 529 2899 601 καιροὺς
2944 529 3141 597 ίδίους,
3181 528 3359 593 καθὼς
3414 530 3723 602 προείρηται,

524 619 619 674 sed
663 622 707 679 si
743 630 943 675 contra
972 622 1061 675 illa
1091 623 1271 675 Omnia
1307 624 1581 693 contigere
1610 625 1907 680 secundum
1952 632 2072 678 tem-

2186 619 2402 682 πάντως
2436 619 2722 673 καὶταῦτα
2751 619 3151 690 τελεσθήσεται.

520 726 622 781 pus
676 712 781 767 illis
801 715 1159 784 assignatum,
1194 724 1254 770 ut
1301 715 1616 785 prmdictum
1653 725 1755 785 est,
1784 716 1899 773 haec
1929 732 2084 787 pror-

518 822 613 861 sus
644 806 1026 875 implebuntur.

591 895 653 951 V.
683 897 739 951 8.
760 929 830 938 ——
851 898 1257 953 Considerabam
1282 915 1499 953 cornua.
1529 897 1821 968 Hippolyti.
1857 897 1973 953 Hoc
1998 908 2082 954 est

2248 912 2316 975 η’.
2340 907 2719 973 Προσενόουν
2746 904 2870 971 τοῖς
2892 904 3152 973 κέρασιν.
3194 906 3529 960 Ἱππολύτου.
3556 908 3723 963 Τουτι-

513 995 714 1041 attente
747 987 1098 1044 considerans
1130 989 1378 1054 bestiam,
1415 997 1469 1043 et
1511 989 1787 1043 admirans
1820 1004 1943 1045 cum
1974 990 2072 1044 alia

2181 1012 2295 1049 στιν
2320 997 2503 1060 ἀτενὲς
2540 996 2725 1067 ἐώρων
2772 997 2909 1067 πρὸς
2957 998 3016 1052 τὸ
3057 998 3261 1070 θηρίον,
3318 1000 3412 1051 καὶ
3450 998 3724 1069 ἐθαύμαζον

514 1077 718 1142 omnia,
766 1085 877 1141 tum
912 1093 1176 1133 cornuum
1222 1070 1510 1133 numerum
1550 1097 1563 1133 :
1609 1079 1886 1134 dill‘erebat
1932 1080 2076 1134 enim

514 1183 545 1221 ιι
571 1160 895 1250 camerarum
921 1170 1215 1224 bestiarum
1241 1179 1437 1225 natura
1469 1169 1631 1239 hujus
1658 1170 1815 1227 visio.

580 1342 648 1399 ν.
683 1344 770 1397 15.
810 1373 880 1383 —
906 1342 977 1397 Et
1001 1360 1161 1414 usque
1188 1344 1257 1397 ad
1287 1344 1567 1415 Antiquam
1595 1346 1794 1401 dierum
1823 1348 2071 1416 pervenit.

514 1432 803 1505 Hippolyti.
870 1435 1167 1499 Antiquum
1213 1436 1429 1505 quidem
1477 1436 1686 1491 dierum
1746 1454 1855 1491 non
1906 1440 2071 1493 alium

523 1526 655 1579 dicit
684 1527 787 1581 nisi
809 1526 1091 1581 Dominum
1109 1526 1388 1597 Deumque
1416 1528 1784 1598 arbitrumque
1804 1530 2069 1594 omnium,

511 1618 820 1687 Christique
859 1618 1049 1687 ipsius,
1092 1619 1184 1687 qui
1222 1618 1504 1675 sencScere
1545 1618 1673 1674 facit
1705 1620 1839 1686 dies,
1879 1630 1933 1675 et
1960 1636 2067 1676 non

510 1716 812 1777 temporum
844 1709 1036 1765 diebus
1074 1711 1187 1781 ipse
1218 1726 1528 1768 senescens.

2182 1087 2318 1158 μετὰ
2343 1087 2446 1141 τῶν
2481 1087 2682 1141 λοιπῶν
2707 1089 2957 1144 ἁπάντων
2981 1089 3199 1143 καὶτῶν
3225 1090 3472 1162 κεράτων
3493 1090 3579 1143 τὸν
3601 1091 3725 1157 ἁριθ·

2180 1180 2296 1249 μόψ
2323 1179 2692 1252 ἐξηλλαγμένη
2736 1180 2841 1253 γὰρ
2880 1181 3030 1254 παρὰ
3061 1182 3158 1252 τὴν
3181 1180 3288 1234 τῶν
3314 1181 3515 1234 λοιπῶν
3543 1182 3720 1251 Θηρίων

2172 1274 2334 1344 φύσιν
2359 1270 2425 1344 ἦν
2455 1276 2487 1346 ἡ
2512 1273 2699 1327 τούτου
2727 1273 2945 1346 θεωρία.

2244 1373 2312 1435 γ’.
2342 1368 2489 1431 Ἕως
2507 1366 2613 1419 τοῦ
2626 1366 2895 1421 Halaton
2912 1364 3029 1419 τῶν
3056 1366 3542 1437 ἡμερῶνὲφθασε.
3571 1369 3721 1421 Ἰππο-

2173 1460 2350 1513 λύτου.
2405 1459 2636 1513 Παλαιὸν
2676 1460 2770 1529 μὲν
2814 1456 2905 1514 οὖν
2954 1460 3175 1532 ἡμερῶν
3223 1462 3323 1533 οὐχ
3364 1462 3551 1533 ἕτερον
3578 1463 3718 1530 λέγει,

2171 1552 2283 1605 ἀλλ’
2312 1553 2345 1622 ἢ
2370 1552 2459 1605 τὸν
2503 1552 2756 1606 ἁπάντων
2786 1552 2986 1624 Κύριον
3031 1556 3123 1607 καὶ
3147 1553 3278 1607 Θεὸν
3314 1554 3410 1608 καὶ
3452 1556 3718 1626 Δεσπότην,

2168 1644 2259 1697 τὸν
2282 1644 2373 1697 καὶ
2397 1644 2561 1697 αὐτοῦ
2592 1643 2851 1715 Χριστοῦ,
2885 1644 2978 1697 τὸν
3017 1644 3352 1699 παλαιοῦντα
3388 1644 3491 1710 τὰς
3518 1646 3718 1718 ἡμέρας,

2168 1734 2262 1787 καὶ
2286 1734 2375 1786 τὸν
2402 1733 2505 1786 ὑπὸ
2534 1733 2739 1805 χρόνων
2763 1732 2984 1803 ἡμερῶν
3021 1735 3094 1805 μὴ
3122 1734 3543 1806 παλαιούμενον.

583 1800 646 1853 ν.
674 1802 757 1857 M.
781 1803 1112 1858 ——Patestas
1137 1804 1270 1873 ejus,
1308 1814 1538 1874 potestas
1592 1814 1807 1861 attenta.
1865 1804 2067 1876 [lippo-

2250 1826 2313 1882 Ἡ
2335 1789 2585 1889 ἐξουσίᾶ
2605 1789 3066 1891 αὐτοῦ’ἐέουσίια
3083 1789 3369 1893 ἰιὶώννος.ι
3408 1789 3715 1881 Ἱππολύτου.

509 1892 623 1963 lyti.
646 1894 870 1965 Proprio
898 1895 1034 1967 Filio
1066 1896 1225 1951 Pater
1253 1898 1434 1952 omnia
1462 1898 1771 1968 subjiciens,
1796 1908 1842 1954 et
1862 1915 1923 1953 ea
1949 1916 2069 1969 qua:

510 1995 637 2040 sunt
693 1987 747 2040 in
790 1988 963 2053 caelis,
1008 1996 1061 2042 et
1102 2003 1223 2057 quze
1271 2003 1433 2059 super
1482 1998 1715 2054 terram,
1764 2006 1858 2060 per
1886 1990 2067 2044 omnia

505 2077 878 2134 manifestavit
932 2095 1058 2133 eum
1106 2079 1523 2150 primogenitum
1572 2095 1637 2135 ex
1676 2080 1804 2145 Deo,
1850 2090 1910 2135 ut
1943 2096 2066 2135 cum

503 2166 663 2223 Patre
716 2168 885 2226 Filius
913 2169 1003 2226 Dei
1039 2185 1159 2225 esse
1187 2170 1625 2225 manifestaretur
1658 2180 1781 2225 ante
1824 2171 2063 2240 angelos,

504 2266 565 2313 ut
625 2260 937 2329 angelorum
1015 2261 1275 2317 Dominus
1337 2271 1653 2330 appareret;
1742 2261 2066 2332 primogeni-

502 2359 617 2404 tum
675 2366 740 2405 ex
793 2351 1035 2421 virgine,
1094 2363 1151 2406 ut
1192 2354 1586 2421 protOplastum
1639 2349 1811 2403 Adam
1876 2351 1929 2405 in
1979 2365 2065 2405 se-

503 2442 622 2511 ipso
688 2441 992 2497 reformans
1045 2443 1460 2509 ostenderetur;
1516 2441 1934 2511 primogenitum
1994 2458 2063 2496 ex

503 2532 753 2599 mortuis,
790 2542 850 2587 ut
884 2533 1208 2603 principium
1252 2544 1453 2587 nostrae
1498 2534 1911 2588 resurrectionis
1947 2533 2062 2603 ipse

504 2625 677 2678 ﬁeret.

572 2716 704 2780 Qua:
755 2733 856 2771 non
905 2716 1195 2780 auferetur.
1257 2713 1550 2786 Hippolyti.
1593 2714 1919 2772 Potestatem
1948 2732 2059 2771 om-

499 2824 624 2863 nem
685 2808 918 2885 a_Patre
974 2806 1110 2861 Filio
1166 2806 1346 2861 datam
1410 2807 1665 2874 ostendit,
1709 2808 1803 2876 qui
1861 2808 2057 2862 coeles-

500 2898 634 2954 tium
655 2938 671 2963 ,
706 2898 1041 2955 terrestrium
1071 2904 1124 2953 et
1163 2896 1496 2952 infernarum
1545 2912 1641 2953 rex
1669 2907 1722 2953 et
1747 2899 1907 2969 judex
1941 2914 2058 2953 om-

498 2992 650 3045 nium
711 2989 1089 3046 manifestatus
1137 2998 1260 3044 est:
1296 2989 1595 3043 cmlestium
1641 2990 1878 3058 quidem,
1927 2990 2054 3059 quia

2171 1917 2260 1986 Τῷ
2286 1912 2378 1971 οῦν
2423 1916 2533 1987 ἰδίῳ
2570 1916 2682 1988 Υίῷ
2715 1919 2744 1970 ὁ
2782 1917 2972 1988 Πατὴρ
3000 1918 3175 1972 πάντα
3204 1918 3477 1983 ὑποτάξας
3504 1919 3573 1972 τά
3597 1935 3648 1971 τε
3670 1920 3719 1971 ἐν

2168 2007 2549 2077 τοίςτούρανοῖς
2575 2008 2669 2059 καὶ
2706 2006 2773 2059 τὰ
2801 2006 2893 2059 ἐπὶ
2927 2007 3025 2077 τῆς
3045 2006 3169 2077 γῆς,
3218 2008 3307 2063 διὰ
3346 2009 3571 2063 πάντων
3606 2011 3719 2061 ἁπε-

2166 2095 2335 2161 δειξεν
2364 2097 2525 2150 αὐτὸν
2556 2096 2893 2169 πρωτότοκον
2914 2098 2977 2150 ἐκ
2998 2096 3154 2163 Θεοῦ,
3181 2098 3268 2153 ἵνα
3298 2100 3437 2170 μετὰ
3456 2094 3717 2154 τοῦῖῐατέ-

2169 2205 2258 2260 ρος
2282 2188 2409 2253 Υἱὸς
2438 2189 2571 2242 Θεοῦ
2621 2188 2695 2244 ῶν
2738 2190 3029 2263 ἀποδειχθῇ
3064 2194 3172 2265 πρὸ
3220 2193 3486 2263 ἀγγέλων,
3525 2193 3607 2246 ἵνα
3641 2193 3717 2244 καὶ

2164 2278 2407 2347 ἀγγέλων
2436 2279 2621 2350 κύριος
2652 2284 2809 2353 φανῇ·
2836 2283 3177 2353 πρωτότοκον
3199 2284 3264 2336 ἐκ
3304 2281 3599 2351 παρθένου,
3646 2281 3715 2331 ἴνα

2162 2369 2252 2422 τὸν
2276 2371 2695 2441 πρωτόπλαστον
2749 2374 2919 2444 Ἀδάμ
2959 2376 3016 2428 ἐν
3058 2372 3207 2445 αὐτῷ
3246 2373 3604 2427 ἀναπλάσσων
3628 2371 3717 2424 δει-

2162 2459 2285 2530 χθῇ·
2319 2460 2659 2531 πρωτότοκον
2694 2463 2759 2516 ἐκ
2788 2462 3017 2535 νεκρῶν,
3051 2464 3140 2519 ἴνα
3168 2462 3392 2534 ἀπαρχὴ
3417 2462 3521 2532 τῆς
3543 2459 3714 2533 ἡμετέ-

2163 2566 2263 2620 ρας
2299 2550 2644 2615 ἀναστάσεως
2672 2552 2834 2617 αὐτὸς
2870 2552 3098 2625 γενηθῇ.

2233 2723 2373 2778 Ibid.
2408 2725 2567 2791 Ἦτις
2613 2728 2684 2780 οὐ
2727 2728 3187 2795 παρελεύσεται.
3229 2726 3568 2780 Ἱππολύτου.
3620 2727 3714 2797 Τὴν

2160 2816 2407 2882 ἐξουσίαν
2422 2820 2599 2872 πᾶσαν
2612 2817 2708 2889 τὴν
2726 2836 2799 2871 πα
2808 2818 2873 2891 ρά
2889 2818 2979 2872 τοῦ
3000 2820 3210 2891 Πατρδς
3224 2819 3516 2890 δεδομένην
3531 2819 3604 2889 τῷ
3617 2817 3712 2886 Υίῷ

2159 2908 2451 2975 ὑπέδειξεν,
2483 2909 2543 2973 ὃς
2570 2910 2902 2981 ἐπουρανίων
2930 2912 3023 2965 καὶ
3057 2911 3314 2979 ἐπιγείων
3344 2912 3442 2964 καὶ
3466 2908 3711 2979 καταχθο-

2156 2998 2282 3053 νίων
2314 2999 2568 3069 βασιλεὺς
2593 3001 2685 3054 καὶ
2702 3000 2890 3072 κριτὴς
2919 3001 3133 3055 πάντων
3152 3000 3548 3055 ἀποδέδεικται’
3577 3003 3712 3054 ἐπουο

498 3080 735 3135 ‘Verbum
769 3095 833 3135 ex
875 3080 1036 3135 corde
1082 3078 1259 3134 Patris
1303 3087 1428 3133 ante
1480 3079 1663 3133 omnia
1714 3090 1896 3135 natum
1936 3092 2052 3147 est;

2163 3092 2358 3163 ρανίων
2390 3092 2507 3163 μὲν,
2539 3094 2621 3147 ὃτι
2653 3094 2823 3169 Λόγος
2855 3096 2918 3147 ἐκ
2949 3094 3177 3167 καρδίας
3208 3096 3425 3166 Πατρὸς
3456 3096 3562 3167 πρὸ
3592 3094 3709 3146 πάνυ

494 3172 830 3226 terrestrium
867 3182 1065 3236 autem,
1092 3171 1219 3240 quia
1245 3170 1407 3223 homo
1439 3168 1577 3224 inter
1605 3171 1851 3225 homines
1883 3170 2056 3226 factus

2163 3202 2264 3237 των
2292 3186 2649 3257 γεγενημένος
2676 3182 2743 3257 ἦν
2762 3168 2774 3217 έ
2795 3185 3045 3255 ἐπιγείων
3072 3187 3149 3250 δέ,
3174 3184 3556 3259 ὄτιάνθρωπος
3580 3188 3710 3253 ἐγεν-

493 3272 599 3329 est,
636 3279 729 3333 per
748 3264 996 3333 seipsum
1030 3262 1330 3316 reformans
1345 3262 1542 3327 Adam;
1577 3261 1908 3315 infernorum
1941 3271 2060 3315 tan-

2163 3276 2315 3347 νὴθη,
2346 3278 2700 3331 ἀναπλάσσων
2722 3278 2786 3331 δι’
2814 3278 2976 3330 αὐτοῦ
3005 3278 3093 3331 τὸν
3137 3278 3327 3348 Ἀδάμ·
3361 3276 3709 3347 καταχθονίων

494 3356 638 3422 dem,
671 3356 799 3425 quia
850 3356 988 3408 inter
1038 3362 1280 3408 mortuos
1327 3362 1674 3423 compulatus
1711 3364 1814 3419 est,
1842 3369 2055 3408 annun-

494 3445 637 3499 tians
668 3472 671 3475 ι
705 3444 1013 3499 felicitatem
1067 3454 1383 3499 sanctorum
1450 3445 1677 3513 animis,
1710 3446 1827 3515 ipse
1880 3453 2055 3500 morte

494 3535 687 3591 mortis
712 3538 904 3592 victor.
1410 3545 1414 3548 ’

568 3621 631 3679 V.
661 3626 747 3679 l7.
776 3655 843 3665 —
873 3625 1003 3690 Quae
1041 3639 1371 3698 consurgent.
1408 3627 1697 3700 Hippolyti.
1738 3627 1871 3683 Cum
1908 3629 2051 3683 enim

496 3723 603 3771 tres
644 3716 831 3772 bestiae
876 3734 1095 3773 cursum
1142 3720 1508 3790 impleverint,
1547 3728 1601 3774 et
1626 3720 1897 3775 translatae
1936 3720 2050 3775 fue-

492 3809 621 3876 rint,
653 3810 699 3865 si
738 3809 924 3864 ultima
942 3826 1062 3880 qua:
1088 3825 1233 3866 nunc
1250 3811 1427 3866 adhuc
1461 3812 1627 3880 viget,
1676 3810 1793 3880 ipsa
1838 3812 2046 3865 sublata

490 3900 677 3968 fuerit,
708 3903 1005 3957 cessabunt
1040 3900 1257 3957 tandem
1285 3902 1583 3967 terrestria,
1614 3901 1873 3971 incipient
1899 3903 2049 3957 deni-

490 4008 596 4064 que
610 3995 870 4062 cmlestia,
889 4004 943 4050 ut
960 4005 1270 4051 sanctorum
1294 3996 1666 4050 indissolubile
1678 4004 2047 4065 aeternumque

489 4102 718 4157 regnum
752 4089 1086 4155 ostendatur,
1117 4097 1172 4143 et
1198 4103 1292 4142 rex
1323 4088 1561 4144 cmlestis
1590 4088 1765 4156 palam
1790 4088 2044 4142 omnibus

489 4178 885 4247 manifestetur,
918 4194 1025 4233 non
1052 4180 1166 4249 jam
1195 4194 1290 4249 per
1324 4180 1544 4251 ﬁguras,
1578 4180 1804 4249 quasiin
1839 4181 2046 4236 visione

488 4281 777 4341 aspectus,
827 4288 1004 4343 neque
1070 4273 1124 4326 in
1171 4274 1424 4329 columna
1472 4274 1631 4328 nubis
1679 4290 1840 4344 super
1884 4290 2046 4331 cacu-

486 4364 633 4417 mine
671 4364 871 4419 montis
915 4364 1180 4430 occultus,
1229 4366 1323 4421 sed
1369 4368 1511 4421 inter
1554 4377 1848 4439 potestates
1890 4385 2043 4426 exer-

2155 3366 2231 3429 δέ,
2266 3369 2347 3419 ὃτι
2376 3368 2467 3421 καὶ
2498 3369 2555 3421 ἐν
2585 3371 2796 3439 νεκροῖς
2825 3368 3199 3440 κατελογίσθη,
3241 3369 3708 3438 εὐαγγελιζόμενος

2154 3460 2273 3522 ταῖς
2300 3457 2409 3513 τῶν
2429 3458 2597 3527 ἁγίων
2628 3458 2844 3529 ψυχαῖς,
2879 3458 2966 3513 διὰ
3004 3459 3232 3513 θανάτου
3266 3460 3498 3513 θάνατον
3540 3456 3706 3510 νικῶν.

2224 3638 2309 3704 ιζ’.
2334 3639 2407 3694 At
2421 3639 2814 3709 ἀρθήσονται.
2835 3637 3168 3691 Ἱππολύτου.
3186 3636 3308 3690 Τῶν
3323 3637 3433 3708 γάρ
3450 3635 3615 3707 τριῶν
3625 3634 3706 3701 θη·-

2152 3730 2281 3802 ρίων
2328 3731 2426 3802 ἤδη
2480 3729 2875 3802 διαδραμόντων
2907 3730 3000 3783 καὶ
3048 3730 3450 3800 μεταστάντων,
3498 3730 3592 3781 καὶ
3624 3727 3705 3779 τοῦ

2150 3820 2266 3883 ἐνὸς
2310 3820 2494 3891 ἀκμὴν
2524 3818 2602 3872 ἐτι
2643 3818 2956 3883 ἐνεστῶτος,
2991 3819 3085 3871 ἐὰν
3129 3820 3221 3871 καὶ
3255 3816 3413 3871 τοῦτο
3457 3815 3705 3888 μεταρθῇ.

2149 3908 2378 3963 παύεται
2409 3908 2591 3962 λοιπὸν
2612 3907 2680 3961 τὰ
2719 3906 2954 3975 ἐπίγεια,
2988 3907 3213 3978 ἄρχεται
3243 3906 3430 3959 λοιπὸν
3459 3907 3534 3959 τά
3562 3909 3709 3959 ἐπου-

2150 4002 2326 4073 ράνια,
2362 4001 2448 4054 ἵνα
2480 4002 2540 4053 τὸ
2572 4000 2680 4053 τῶν
2711 4000 2879 4068 ἁγίων
2905 3999 3238 4053 ἀκατάλυτον
3258 3999 3353 4051 καὶ
3387 3997 3605 4052 αίὼνιον
3628 3996 3709 4065 βα-

2147 4092 2341 4145 σίλειον
2384 4091 2589 4162 δειχθῇ”
2638 4090 2730 4144 καὶ
2778 4092 2808 4142 ὁ
2847 4089 3097 4158 βασιλεὺς
3139 4088 3386 4160 οὐράνιος
3426 4084 3708 4159 προφανῶς

2145 4186 2308 4238 πᾶσιν
2349 4182 2659 4253 ἐπιδειχθῇ,
2709 4182 2903 4253 μηκέτι
2948 4181 3037 4235 διὰ
3076 4180 3270 4244 εἴδους,
3310 4180 3387 4243 ὡς
3432 4181 3492 4233 ἐν
3538 4178 3710 4251 ὁράσει

2146 4276 2494 4347 βλεπόμενος,
2545 4275 2682 4345 μήτε
2724 4275 2782 4326 ἐν
2834 4272 3007 4343 στύλῳ
3048 4271 3276 4343 νεφέλης
3330 4271 3426 4324 ἐπὶ
3475 4269 3708 4342 κορυφῆς

2143 4368 2301 4439 ὅρους
2353 4365 2885 4435 ἀποκαλυπτόμενος,
2932 4363 3067 4416 ἀλλὰ
3120 4362 3256 4432 μετὰ
3301 4361 3587 4432 δυνάμεων
3628 4362 3711 4413 καὶ

486 4456 731 4525 οἰιιιεςννε
756 4456 1028 4526 angelicas
1060 4457 1373 4512 incarnatus
1404 4457 1546 4513 Deus
1575 4468 1628 4514 et
1653 4460 1839 4526 homo,
1872 4460 2039 4515 Filius
2071 4470 2072 4474 ‘

2163 4458 2409 4529 ςτρατιῶν
2452 4456 2754 4526 ἀγγελικῶν
2795 4455 3054 4527 ἐνσαρκος
3104 4455 3236 4517 Θεὸς
3280 4455 3376 4506 καὶ
3411 4453 3706 4525 ἄνθρωπος,

482 4543 579 4600 Dei
620 4553 674 4600 et
720 4543 891 4602 Filius
930 4546 1188 4613 hominis,
1229 4562 1258 4601 a
1298 4548 1453 4604 caelis
1494 4549 1665 4618 judex
1725 4551 1916 4606 mundi
1948 4552 2045 4607 ad-

482 4639 724 4691 veniens.

552 4726 740 4784 v.19.
778 4727 1005 4783 -Ροδι
1066 4728 1161 4781 hoc
1215 4728 1354 4783 volui
1408 4728 1683 4799 diligenter
1738 4730 1936 4785 discere
1980 4733 2045 4786 de

481 4820 647 4872 bestia
705 4830 917 4889 quarta.
978 4816 1265 4889 Hippolyti.
1324 4816 1400 4873 De
1440 4827 1635 4890 quarto
1675 4820 1939 4890 imperio,
1983 4830 2040 4876 ut

479 4926 642 4980 supra
675 4911 913 4966 diximus
935 4952 950 4978 ,
985 4912 1244 4981 loquitur,
1282 4911 1410 4965 illud
1432 4912 1639 4967 scilicet
1662 4912 1906 4968 indicans
1932 4928 2042 4982 quo

477 5003 654 5072 majus
683 5003 832 5057 aliud
887 5019 996 5057 non
1061 5003 1338 5063 surrexit;
1380 5018 1447 5058 ex
1492 5018 1601 5073 quo
1650 5002 1858 5057 oritura
1908 5014 2035 5059 sunt

473 5096 657 5148 decem
694 5108 932 5160 cornua,
967 5103 1021 5148 et
1061 5092 1367 5147 dividentur
1395 5093 1449 5147 in
1481 5092 1665 5147 decem
1706 5092 2034 5148 diademata.

473 5184 615 5240 Inter
672 5186 761 5241 illa
839 5200 1042 5242 cornua
1093 5185 1238 5241 aliud
1277 5200 1502 5255 parvum
1584 5200 1753 5251 cornu
1807 5195 2037 5256 surget,

474 5278 619 5348 quod
683 5286 767 5333 est
823 5292 993 5332 cornu
1058 5277 1402 5341 Antichristi,
1459 5285 1515 5331 et
1583 5276 1879 5332 eradicabit
1937 5278 2038 5333 tria

474 5384 681 5424 cornua
734 5384 764 5423 a
829 5368 965 5425 facie
1029 5368 1185 5439 ejus,
1247 5368 1350 5423 hoc
1408 5377 1493 5421 est
1556 5367 1662 5421 tria
1720 5382 1884 5438 regna
1945 5368 2039 5422 de-

478 5472 651 5518 struet
675 5460 894 5533 .Egypti
922 5502 937 5527 ,
973 5461 1189 5533 Libyae,
1224 5460 1514 5531 Aitlniopire
1539 5502 1553 5528 ,
1599 5461 1786 5516 volens
1814 5461 1917 5516 sibi
1947 5477 2035 5515 ar-

476 5565 669 5620 rogare
736 5568 951 5608 omnem
1044 5552 1490 5608 dominationem.
1573 5552 1709 5607 Cum
1774 5552 2035 5608 devicerit

475 5642 681 5712 reliqua
736 5661 939 5701 cornua
997 5655 1245 5717 septem,
1292 5646 1511 5717 incipiet
1568 5646 1809 5713 demum,
1858 5646 2036 5700 alieno

471 5746 525 5790 ct
564 5737 707 5792 malo
754 5739 947 5808 spiritu
975 5748 1210 5809 tumens,
1242 5739 1507 5796 suscitare
1538 5740 1735 5796 bellum
1774 5738 2033 5795 adversns

2149 4550 2274 4612 Υἱὸς
2305 4548 2439 4602 Θεοῦ
2486 4549 2580 4602 καὶ
2612 4547 2724 4610 υἱὸς
2763 4546 3068 4618 ἀνθρώπου,
3114 4547 3210 4600 ἀπ’
3251 4544 3498 4618 οὐρανῶν
3533 4543 3710 4616 κριτὴς

2144 4640 2220 4713 τῷ
2245 4642 2431 4712 κόσμῳ
2451 4640 2899 4711 παραγινόμενος.

2212 4732 2297 4786 ιθ’.
2325 4732 2433 4786 Καὶ
2464 4730 2706 4797 ἐζήτουν
2730 4731 2862 4798 περὶ
2897 4727 3003 4783 τοῦ
3033 4728 3238 4796 θηρίου
3268 4726 3377 4781 τοῦ
3413 4726 3709 4796 τετάρτου.

2153 4823 2487 4877 Ἱππολύτου.
2533 4820 2731 4886 Καθὼς
2776 4821 3079 4891 φθάσαντες
3114 4818 3213 4889 τὴν
3249 4817 3527 4889 τετάρτην
3576 4817 3712 4869 εἶπο-

2142 4933 2239 4987 μεν
2263 4914 2554 4985 βασιλείαν,
2583 4912 2784 4985 ταύτην
2806 4912 2981 4985 δηλῶν
3003 4913 3132 4983 παρ’
3166 4912 3231 4983 ἢν
3256 4910 3423 4981 ἐτέρα
3443 4908 3584 4978 ἄλλη
3615 4907 3715 4977 μεέ-

2138 5008 2246 5072 ζων
2281 5007 2373 5061 καὶ
2403 5006 2621 5076 τοιαύτη
2658 5005 2901 5076 βασιλεία
2930 5006 3019 5057 ἐπὶ
3049 5005 3146 5075 τῆς
3190 5003 3294 5072 γῆς
3349 5002 3452 5054 ούκ
3489 5001 3713 5069 ἐγήγερ-

2136 5111 2247 5157 ται,
2284 5093 2344 5158 ἐξ
2371 5088 2440 5165 ἦς
2466 5093 2649 5163 μέλλει
2680 5091 3012 5161 ἀναφύεσθαι
3048 5092 3182 5144 δέκα
3215 5090 3445 5160 κέρατα,
3486 5087 3587 5143 καὶ
3634 5100 3714 5157 με·

2139 5186 2454 5260 ρισθήσεται
2485 5189 2565 5249 είς
2589 5187 2718 5239 δέκα
2745 5185 3063 5256 διαδήματα*
3099 5183 3192 5237 καὶ
3221 5185 3278 5235 ἐν
3308 5182 3492 5243 αὐτοῖς
3532 5180 3710 5249 ἕτερον

2140 5278 2331 5351 μικρὸν
2350 5278 2520 5349 κέρας
2543 5276 2895 5349 ἀναϐήσεται,
2920 5276 3058 5345 ὅπερ
3091 5274 3207 5327 ἐστὶ
3242 5274 3304 5327 τὸ
3347 5272 3437 5326 τοῦ
3475 5270 3711 5341 ἀντιχρξο

2142 5388 2283 5424 στουο
2311 5370 2406 5423 καὶ
2426 5367 2710 5439 ἐκριζὼσει
2734 5368 2861 5433 τρία.
2875 5367 2981 5419 τῶν
3006 5365 3314 5436 ἔμπροσθεν
3345 5364 3536 5417 αὐτοῦ’
3561 5379 3709 5415 τουτ-

2137 5463 2251 5517 έστι
2305 5463 2429 5525 τοὺς
2459 5462 2604 5531 τρεῖς
2652 5460 2887 5529 βασιλεῖς
2922 5457 3119 5519 ἀνελεῖ,
3164 5455 3462 5525 Αἰγύπτου,
3497 5453 3708 5507 Λιϐύων

2137 5571 2215 5617 τε,
2262 5552 2355 5606 καὶ
2406 5551 2697 5613 Αἰθιόπων,
2734 5547 3051 5619 βουλόμενος
3079 5543 3254 5615 ἐαυτῷ
3306 5541 3705 5614 περιποιεῖσθαι

2135 5646 2232 5716 τὴν
2278 5646 2458 5697 πᾶσαν
2512 5642 2801 5713 βασιλείαν·
2853 5641 3025 5711 ὅσπερ
3066 5638 3347 5708 κρατήσας
3369 5635 3477 5688 τῶν
3503 5631 3706 5685 λοιπῶν

2137 5738 2379 5808 κεράτιον
2414 5734 2570 5800 ἑπτὰ,
2604 5735 2826 5805 ἄρχεται
2859 5731 3062 5796 λοιπὸν,
3099 5730 3202 5785 ὑπὸ
3245 5726 3339 5782 τοῦ
3378 5725 3527 5797 αὐτῷ
3554 5723 3707 5779 ἀλλο-
