3836 6512
184 390 266 444 685

1269 381 1688 439 FRAGMENTA
1715 380 1782 435 IN
1822 381 1955 436 DAN
1961 381 2185 438 lELEM.

3237 378 3344 434 686

183 509 302 578 τρίου
345 503 426 557 καὶ
473 501 697 575 πονηροῦ
739 503 1044 574 πνεύματος
1095 504 1402 576 φυσιωθεὶς,
1451 506 1682 574 πόλεμον

1818 516 2002 560 auctos
2025 547 2041 572 ,
2091 514 2147 558 et
2185 520 2373 560 omnes
2409 505 2607 576 ubique
2651 512 3030 574 persequetur,
3060 503 3246 559 volens
3277 502 3346 556 ab

181 599 372 670 ἐγείρειν
401 594 526 648 κατὰ
548 595 655 648 τῶν
682 596 872 665 ἁγίων,
906 599 1000 651 καὶ
1029 599 1234 663 πάντας
1257 600 1531 670 πανταχοῦ
1563 600 1682 654 διώ-

180 707 289 752 κειν,
319 687 611 758 βουλόμενος
647 686 752 740 ὑπὸ
784 687 998 743 πάντων
1024 687 1338 757 δοξάζεσθαι
1386 693 1479 746 καὶ
1517 709 1684 764 προσ-

179 779 410 835 κυνεῖσθαι
435 778 506 843 ὡς
527 769 705 842 Θεός.’

227 867 315 935 κβ’.
339 872 469 936 Ἕως
492 867 689 940 ἦλθεν.
720 865 1051 927 Ἱππολύτου.
1111 875 1552 946 Παραγινομένου
1579 874 1686 927 λοι-

175 966 251 1016 πῦν
272 964 362 1016 ἀπὸ
387 964 599 1034 ούρανοῦ
621 965 816 1036 Κριτοῦ
841 966 946 1020 τῶν
976 967 1174 1038 κριτῶν
1196 967 1289 1021 καὶ
1311 966 1402 1021 τοῦ
1417 967 1684 1030 Βασιλέως

172 1046 256 1107 τῶν
288 1053 543 1124 βασιλέων,
577 1053 635 1115 ὃς
665 1057 987 1126 μεταστήσει
1010 1057 1187 1109 πᾶσαν
1211 1055 1308 1128 τὴν
1335 1055 1428 1108 τοῦ
1450 1055 1685 1108 ἀντικει-

178 1147 308 1215 μένου
355 1146 516 1219 ἀρχὴν
560 1147 654 1200 καὶ
685 1147 933 1219 δύναμιν,
957 1148 1064 1201 καὶ
1109 1144 1436 1215 καταφλέξει
1479 1147 1686 1209 πάντας

174 1239 338 1308 αἰωνίῳ
367 1239 488 1308 πυρὶ
514 1237 772 1302 κολάζων⁸
796 1241 910 1302 τοῖς
941 1238 998 1291 δὲ
1027 1237 1230 1301 δούλοις
1257 1237 1420 1290 αὐτοῦ
1448 1238 1542 1291 καὶ
1575 1241 1685 1301 τοῖς

176 1332 430 1400 προφήταις
459 1330 548 1383 καὶ
583 1330 850 1402 μάρτυρσι
884 1331 978 1384 καὶ
1019 1332 1151 1384 πᾶσι
1175 1333 1285 1394 τοῖς
1339 1329 1687 1401 φοϐουμένοις

172 1422 300 1474 αὑτὸν
325 1420 471 1473 δώσει
505 1421 564 1474 τὸ
605 1421 816 1475 αίώνιον
849 1421 1137 1491 βασίλειον.
1171 1453 1239 1462 --
1269 1421 1525 1474 Τουτὲστι
1566 1422 1689 1474 ἀτεσ

170 1508 383 1579 λεύτητον
411 1509 582 1575 ἕξουσι
610 1509 720 1563 τῶν
752 1511 971 1578 ἀγαθῶν
991 1511 1089 1582 τὴν
1115 1511 1431 1565 ἀπόλαυσιν.

226 1606 306 1651 κε’.
335 1601 468 1666 Ἕως
491 1602 719 1669 καιροῦ,
741 1602 837 1657 καὶ
862 1601 1100 1670 καιρῶν,
1127 1603 1227 1655 καὶ
1249 1601 1437 1672 ἣμισυ
1463 1600 1686 1669 καιροῦ.

178 1690 468 1745 Ἱππολύτου.
502 1694 678 1765 Ὅπερ
707 1695 958 1766 σημαίνει
978 1695 1100 1765 τρία
1132 1695 1227 1766 ἔτη
1253 1696 1347 1748 καὶ
1372 1696 1560 1766 ἥμισυ.

759 1873 917 1929 ΚΕΦ.
955 1873 1031 1929 9'.
1720 1883 1764 1937 Β

221 1970 309 2018 κα’,
339 1965 440 2019 Kal
458 1965 585 2019 ἰδοὺ
603 1965 755 2034 ἀνὴρ
788 1965 1115 2035 Γαϐριὴλ...
1141 1969 1482 2037 πετόμενος.
1507 1969 1689 2021 Ἱππο-

163 2051 312 2109 λύτου.
347 2057 504 2128 Ὀρᾷς
531 2056 697 2120 πῶςό
731 2061 1010 2130 προφήτης
1048 2061 1144 2131 τὴν
1176 2060 1408 2132 ὀξύτητα
1441 2061 1548 2114 τῶν
1597 2062 1694 2130 ἀγ-

163 2146 307 2212 γέλων
330 2149 552 2220 πετεινῷ
605 2154 866 2222 πτερωτῷ
920 2155 1094 2223 ὁμοιοῖ
1123 2153 1210 2207 διὰ
1255 2153 1317 2208 τὸ
1362 2156 1556 2223 κουφὸν
1600 2156 1694 2208 καὶ

162 2238 379 2310 ἐλαφρὸν,
405 2241 563 2295 ἅτινα
595 2243 882 2313 πνεύματα
910 2246 1183 2317 πετόμενα
1208 2245 1417 2317 ταχέως
1452 2247 1587 2318 πρὸς
1624 2248 1694 2301 τὰ

163 2331 450 2404 κελευόμενα
476 2335 829 2391 ὺπακούουσι.

791 2431 946 2484 ΚΕΦ.
983 2432 1039 2485 1'.

219 2517 383 2580 ς¹.Καὶ
402 2520 436 2586 ἡ
451 2520 623 2591 φωνὴ
642 2521 760 2576 τῶν
776 2524 992 2592 λόγων.
1017 2522 1347 2578 Ἱππολύτου.
1365 2525 1570 2589 Πάντες
1589 2525 1698 2598 γὰρ

161 2607 371 2678 σήμερον
394 2613 443 2664 οἰ
486 2615 571 2678 εἰς
615 2614 776 2668 αὐτὸν
808 2614 1148 2679 πιστεύοντες
1179 2615 1248 2668 τά
1274 2615 1429 2684 λόγια
1459 2616 1696 2689 Χριστοῦ

162 2697 490 2772 φθεγγόμεθα,
517 2705 598 2769 ὡς
618 2704 704 2758 διὰ
734 2704 994 2777 πόματος
1018 2705 1181 2762 αὑτοῦ
1201 2706 1485 2770 λαλοῦντες
1515 2708 1584 2762 τά
1606 2707 1698 2760 ὑπ’

159 2791 296 2844 αὐτοῦ
318 2797 784 2867 προστεταγμένα.

215 2876 272 2940 ζ’.
303 2882 402 2936 Kal
448 2883 587 2939 ἴδον
635 2885 762 2956 ἐγώ.
822 2886 1155 2941 Ἱππολύτου.
1191 2889 1317 2954 Τοῖς
1365 2888 1482 2961 γὰρ’
1525 2889 1699 2958 ἁγίοις

159 2962 484 3035 φοδουμένοις
512 2971 702 3036 αὑτὸν,
736 2975 918 3039 αὐτοῖς
963 2975 1143 3045 μόνοις
1185 2977 1375 3030 ἑαυτὸν
1420 2967 1698 3032 ἀποκαλύέ

156 3064 278 3140 πτει-
299 3059 342 3110 sl
368 3059 476 3132 γάρ
498 3079 587 3126 τις
617 3062 762 3117 δοκεῖ
780 3065 872 3119 καὶ
893 3067 952 3119 ὲν
989 3067 1280 3140 Ἐκκλησία
1300 3066 1392 3122 νῦν
1421 3069 1699 3123 πολιτεύε-

155 3139 276 3208 σθαι,
303 3145 462 3214 φόϐον
483 3150 543 3204 δὲ
565 3151 704 3204 Θεοῦ
732 3154 805 3225 μὴ
852 3154 982 3221 ἕξει,
1028 3155 1176 3210 οὐδὲν
1209 3139 1396 3211 τοῦτον
1443 3159 1624 3232 ὠφελῇ
1665 3161 1698 3232 ἡ

155 3233 270 3303 πρὸς
299 3239 419 3302 τοὺς
455 3241 656 3310 ἁγίους
689 3243 922 3308 σύνοδος.

197 3324 289 3395 κβ’.
328 3328 751 3397 Ἠκούσθησαν
778 3337 832 3386 οἱ
856 3337 1023 3404 λόγοι
1047 3352 1183 3390 σου.
1200 3335 1532 3390 Ἱππολύτου.
1561 3337 1702 3409 Ὅρα

1782 596 2038 651 omnibus
2073 597 2362 666 gloriﬁcari
2399 607 2452 652 et
2482 597 2696 651 adorari
2727 596 2867 650 velut
2898 592 3060 650 Deus.

1855 877 1919 931 V.
1950 879 2039 932 22.
2068 909 2138 918 —
2168 879 2337 934 Donec
2390 880 2528 933 venit
2561 875 2824 950 Antiquae
2871 881 3094 932 dierum.
3145 877 3349 946 Hippo-

1784 970 1898 1041 lyti.
1940 969 2093 1025 Venit
2126 971 2339 1025 tandem
2368 987 2399 1026 e
2437 973 2574 1027 cmlo
2622 970 2795 1026 Judex
2833 969 3102 1040 judicum,
3149 978 3202 1023 et
3234 968 3346 1022 Rex

1785 1075 1994 1130 regum,
2039 1059 2132 1130 qui
2179 1062 2418 1116 destruet
2457 1076 2676 1117 omnem
2725 1061 2936 1115 Inimici
2976 1059 3261 1128 imperium
3297 1066 3352 1112 et

1784 1159 2126 1220 potestatem,
2160 1159 2210 1204 et
2247 1152 2529 1206 comburet
2577 1166 2766 1207 omnes
2814 1159 3017 1205 αξιοι-[ιο
3066 1150 3189 1220 igne
3245 1165 3350 1218 pu~

1787 1241 1977 1307 nicns;
2011 1243 2180 1296 servis
2213 1250 2392 1296 autem
2414 1243 2553 1312 ejus,
2589 1251 2642 1297 et
2668 1242 2969 1312 prophetis,
3012 1250 3067 1296 et
3099 1241 3354 1313 martyri-

1795 1331 1916 1394 bus,
1947 1339 2000 1384 et
2021 1332 2275 1387 omnibus
2306 1333 2620 1389 timentibus
2651 1350 2774 1389 eum
2800 1335 2951 1389 dabit
2978 1345 3238 1388 mternum
3267 1350 3354 1388 re-

1797 1437 1998 1492 gnum;
2051 1422 2153 1477 hoc
2186 1432 2268 1477 est
2309 1432 2570 1479 aeternam
2610 1425 2888 1480 habebunt
2921 1425 3189 1480 bonorum
3225 1441 3352 1496 pos-

1790 1515 2109 1569 sessionem.

1864 1603 1930 1660 ν.
1967 1605 2060 1660 ‘25.
2106 1635 2173 1643 —
2214 1604 2384 1674 Usque
2412 1606 2481 1658 ad
2513 1614 2710 1674 tempus
2747 1614 2797 1660 et
2829 1617 3062 1675 tempora
3105 1617 3155 1660 et
3192 1607 3354 1660 dimi-

1791 1698 1937 1750 dium
1963 1701 2224 1767 temporis.
2257 1697 2546 1768 Hippolyti.
2589 1697 2746 1765 Quod
2805 1699 3075 1770 signiﬁcat
3118 1708 3228 1754 tres
3257 1715 3356 1753 an-

1794 1804 1897 1844 nos
1924 1805 2048 1845 cum
2076 1790 2322 1844 dimidio.

2437 1879 2586 1934 CAP.
2613 1879 2703 1936 IX.

1865 1969 1930 2024 V.
1964 1969 2054 2023 21.
2088 1998 2158 2008 —
2190 1966 2321 2022 Ecce
2347 1969 2428 2022 vir
2475 1967 2754 2023 Gabriel...
2801 1968 2904 2024 cito
2960 1970 3208 2025 uolans...
3249 1979 3355 2026 etc.

1797 2061 2084 2131 Hippolyti.
2135 2057 2298 2116 Vides
2349 2059 2629 2130 quomodo
2685 2063 2948 2131 prOpheta
3013 2063 3355 2118 velocitatem

1795 2152 2108 2222 angelorum
2147 2152 2234 2205 avi
2279 2151 2583 2222 pennigerze
2605 2152 2889 2219 assimilat,
2922 2163 3140 2222 propter
3170 2155 3357 2209 levita-

1798 2253 1901 2298 tem
1923 2253 1976 2299 et
1998 2243 2360 2313 rapiditatem,
2387 2259 2513 2300 cum
2547 2245 2748 2316 quibus
2773 2245 2827 2298 bi
2862 2245 3086 2315 spiritus
3110 2247 3358 2302 celeriter

1792 2334 1961 2406 jussis
1997 2335 2274 2390 obediunt.

2447 2425 2598 2482 CAP.
2639 2425 2710 2480 X.

1818 2588 1821 2589 ν
1865 2513 1931 2569 ν.
1983 2515 2035 2572 6.
2073 2514 2140 2571 Et
2171 2533 2271 2571 vox
2307 2534 2626 2572 sermonum.
2663 2515 2958 2591 Hippolyti.
2988 2520 3190 2576 Omnes
3215 2521 3362 2575 enim

1799 2604 1960 2660 hodie
1997 2605 2091 2675 qui
2141 2608 2196 2660 in
2235 2623 2360 2661 eum
2401 2607 2703 2674 credimus,
2737 2607 2956 2662 oracula
2989 2607 3194 2662 Christi
3224 2622 3367 2678 pra:-

1797 2696 2064 2764 dicamus,
2094 2699 2252 2768 quasi
2274 2715 2369 2770 per
2392 2713 2455 2755 os
2484 2699 2603 2769 ejus
2629 2699 2912 2770 loquentes
2932 2700 3050 2770 ejus
3071 2709 3361 2772 praecepta.

1869 2870 1935 2927 ν.
2000 2872 2047 2926 7.
2087 2876 2174 2912 '—
2225 2871 2346 2927 Vidi
2403 2884 2577 2927 autem
2625 2890 2738 2945 ego.
2794 2872 3084 2948 Hippolyti.
3149 2876 3366 2932 Sanctis

1800 2964 1942 3019 enim
1968 2964 2280 3020 timentibus
2309 2980 2431 3019 eum
2459 2965 2589 3020 solis
2610 2981 2728 3021 sese
2754 2968 2984 3034 revelat;
3019 2985 3142 3023 nam
3169 2971 3214 3024 si
3241 2972 3367 3041 quis

1802 3055 2015 3110 videtur
2035 3065 2089 3110 et
2109 3057 2164 3110 in
2185 3055 2427 3111 Ecclesia
2447 3055 2556 3127 jam
2569 3057 2768 3123 vivere,
2792 3058 3040 3113 timorem
3063 3069 3242 3114 autem
3271 3061 3364 3117 Dei

1803 3161 1914 3201 non
1963 3146 2144 3212 habet,
2192 3147 2331 3202 nihil
2387 3146 2437 3202 ei
2496 3148 2711 3218 expedit
2747 3159 3061 3205 sanctorum
3107 3152 3366 3225 societas.

1875 3323 1942 3378 ν.
1999 3324 2088 3379 12.
2117 3354 2188 3364 -
2216 3323 2490 3380 Exaudita
2539 3337 2662 3381 sunt
2707 3330 2861 3382 verba
2912 3337 3022 3385 tua.
3072 3329 3365 3404 Hippolyti.

152 3413 292 3467 πόσον
322 3418 496 3488 ισχύει
519 3421 780 3476 εύλάσεια
819 3423 1008 3500 ἀνδρὸς
1040 3425 1267 3490 δικαίου,
1319 3427 1405 3480 ἵνα
1434 3426 1501 3479 τὰ
1539 3427 1697 3496 μήπω

1818 3414 1941 3471 Vide
1959 3425 2223 3487 quantum
2254 3427 2428 3488 potest
2455 3420 2629 3475 oratio
2655 3421 2754 3476 viri
2791 3422 2946 3492 justi,
2982 3431 3044 3478 ut
3070 3440 3190 3494 quae
3233 3442 3373 3481 non-

152 3501 382 3569 μέλλοντα
429 3510 806 3582 φανεροῦσθαι
851 3515 909 3568 ὲν
954 3514 1161 3586 κόσμῳ,
1213 3513 1384 3584 τούτῳ
1451 3515 1596 3587 μόνῳ
1629 3515 1697 3580 ὡς

1818 3506 1934 3562 dum
1971 3507 2370 3565 manifestanda
2403 3519 2532 3566 sunt
2569 3511 2624 3565 in
2679 3512 2919 3578 mundo,
2959 3511 3087 3569 huic
3140 3512 3241 3568 soli
3309 3525 3372 3569 ut

149 3593 264 3665 ἀξίῳ
291 3599 770 3672 ἀποκαλυφθῆναι.

1818 3608 2005 3656 sancto
2039 3601 2367 3657 revelentur.

209 3691 286 3752 ιγ’.
311 3691 419 3744 Kal
477 3693 618 3747 ἰδοὺ
642 3693 899 3764 Μιχαὴλ.
933 3695 1264 3752 Ἱππολύτου.
1289 3699 1354 3751 Τί
1387 3698 1442 3751 δέ
1476 3699 1697 3753 ὲστιΜι·

1879 3691 1943 3747 ν.
1982 3693 2068 3747 15.
2101 3724 2173 3734 -
2200 3691 2268 3745 Ει
2314 3710 2427 3748 ecce
2469 3692 2716 3750 Michael.
2769 3693 3061 3768 Hippolyti.
3113 3697 3246 3764 Quis
3293 3709 3378 3754 est

149 3777 287 3847 Χαὴλ,
309 3781 472 3856 ἀλλ’ἢ
505 3789 536 3839 ὁ
575 3788 808 3855 ἄγγελος
845 3790 873 3841 ό
894 3789 968 3860 τῷ
996 3789 1108 3860 λαῷ
1139 3790 1602 3862 παραδεδομένος;
1631 3789 1697 3855 ὡς

1818 3783 2079 3852 Michael,
2131 3787 2236 3842 nisi
2268 3787 2491 3858 angelus
2536 3787 2735 3856 populo
2770 3788 2928 3844 datus
2966 3799 3024 3844 ut
3057 3791 3278 3845 custos?
3306 3790 3379 3845 Ut

149 3863 273 3936 λέγει
309 3875 385 3946 τῷ
419 3879 693 3932 Μωῦσεῖο
728 3881 801 3933 Ού
840 3883 914 3953 μὴ
947 3883 1194 3952 πορευθῶ
1229 3885 1346 3954 μεθ’
1377 3885 1528 3956 ὑμῶν
1561 3887 1618 3939 ὲν

1818 3875 1946 3931 dixit
1973 3876 2162 3946 (Deus)
2195 3877 2366 3946 Moysi
2398 3894 2411 3930 :
2447 3873 2565 3931 Non
2589 3877 2860 3932 ambulavi
2898 3879 3038 3934 inter
3067 3895 3164 3934 vos
3185 3879 3240 3934 in
3265 3881 3375 3945 via,

147 3962 252 4032 ὁδῷ,
282 3967 368 4021 διὰ
411 3971 478 4024 τὸ
533 3973 636 4026 τὸν
671 3973 797 4027 λαὸν
843 3976 1311 4050 σκληροτράχηλον
1344 3976 1502 4033 εἶναι’
1535 3980 1650 4035 ἀλλ’
1682 3983 1697 4036 ι

1818 3965 1937 4034 quia
1968 3967 2202 4034 populus
2233 3966 2321 4019 hic
2349 3966 2486 4020 dura
2507 3966 2716 4022 cervice
2734 3975 2836 4032 est,
2860 3968 2954 4023 sed
2967 3969 3191 4040 angelus
3220 3985 3376 4025 meus

147 4052 350 4123 ἄγγελός
381 4079 488 4132 μου
517 4064 852 4135 πορεύσεται
880 4067 996 4138 μεθ’
1020 4068 1193 4139 ὑμῶν.
1808 4056 2106 4111 θιηδυιθδίῑ
2133 4055 2272 4110 inter
2299 4071 2418 4112 V05-

207 4151 565 4225 ις’.Ἐτράς;η
597 4158 671 4212 τὰ
696 4158 866 4224 ἐντός
899 4178 1037 4229 μου.
1071 4161 1402 4216 Ἱππολύτου.
1435 4164 1580 4218 Ἔδει
1603 4164 1710 4238 γὰρ

147 4239 224 4292 ἐπὶ
247 4247 308 4314 τῇ
339 4249 630 4320 παρουσίᾳ.
673 4249 764 4301 τοῦ
800 4250 1004 4321 Κυρίου
1035 4251 1102 4305 τά
1125 4254 1236 4307 ἀνω
1263 4253 1412 4306 κάτω
1446 4255 1708 4323 γίνεσθαι·

1885 4145 1948 4201 ν.
1989 4147 2075 4202 16.
2109 4175 2181 4187 -
2220 4145 2507 4202 Dissolutw
2533 4157 2654 4202 sunt
2687 4166 2958 4220 compages
2993 4166 3139 4204 meaz.
3169 4147 3378 4220 Hippo-

1809 4236 1931 4309 lyti.
1964 4235 2192 4307 Oportet
2242 4238 2476 4293 adventu
2524 4238 2739 4294 Domini
2804 4257 2926 4312 quae
2972 4257 3190 4296 sursum
3249 4252 3379 4297 sunt

143 4330 216 4384 ἶνα
250 4335 339 4388 καὶ
367 4340 440 4393 τά
474 4341 640 4394 κάτω
671 4341 750 4402 εἷς
771 4342 838 4394 τὰ
876 4343 988 4395 ἄνω
1020 4343 1190 4397 ἐλθεῖν
1228 4344 1450 4416 δυνηθῇ.
1485 4375 1556 4385 —
1579 4347 1714 4416 Χρό-

142 4433 242 4481 νου,
271 4426 425 4496 φησι,
455 4427 660 4499 δέομαι
682 4429 760 4492 είς
785 4430 846 4482 τὸ
875 4431 1156 4486 ἀναλαϐεῖν
1177 4433 1432 4503 ἐμαυτὸν,
1453 4435 1546 4489 καὶ
1565 4436 1716 4506 δυνη-

141 4511 282 4581 θῆναι
314 4521 559 4591 ἀρκέσαι
608 4537 670 4573 τε
698 4523 834 4595 πρὸς
864 4526 990 4589 τοὺς
1028 4525 1238 4594 λόγους,
1285 4529 1379 4581 καὶ¹
1411 4529 1710 4601 ἀποκρίνα-

143 4604 251 4657 σθαι
297 4614 437 4681 πρὸς
482 4612 561 4665 τὰ
595 4613 973 4684 λεγόμενα.-
1019 4618 1157 4671 Ἀλλ’
1203 4620 1261 4672 ὲν
1290 4619 1518 4686 τούτοις,
1553 4623 1709 4691 φησὶ,

137 4693 219 4760 ὢν,
253 4703 380 4772 παρ’
415 4704 658 4767 ἐλπίδας
685 4707 1055 4778 ὲρῤωννύμηψ
1081 4712 1108 4763 ὀ
1137 4709 1210 4781 μὴ
1248 4709 1359 4782 γὰρ
1397 4711 1578 4780 ὀφθεὶς
1604 4715 1712 4786 ἧπ·

135 4800 260 4841 τετο’
292 4795 498 4850 αὐτίκα
541 4797 608 4850 δὲ
662 4797 805 4866 μάλα
837 4800 871 4868 ἡ
923 4799 1021 4878 μὲν
1057 4800 1306 4856 ἀσθένεια
1355 4803 1712 4874 ἀπηλαύνετο,

133 4878 202 4940 είς
243 4882 298 4934 δὲ
345 4887 452 4956 τὴν
498 4887 786 4959 προτέραν
822 4888 1162 4961 καθιστάμην
1207 4892 1376 4964 ἰσχύν.
1403 4926 1472 4935 -
1525 4896 1715 4949 Ὁπότε

134 4968 230 5039 γὰρ
259 4975 512 5047 παρέλθῃ
549 4977 709 5029 πᾶσα
739 4977 774 5047 ὴ
793 4977 888 5030 τοῦ
920 4977 1033 5046 βίου
1063 4979 1220 5051 ἡμῶν
1255 4981 1406 5052 ἰσχὺς
1442 4985 1537 5037 καὶ
1563 4984 1711 5051 δόξα,

132 5059 237 5114 τότε
263 5063 676 5138 δυναμούμεθα
703 5067 808 5120 ὑπὸ
832 5067 925 5120 τοῦ
953 5069 1188 5140 Χριστοῦ
1221 5071 1502 5142 ὀρέγοντος
1534 5077 1712 5146 χεῖρα,

132 5153 213 5203 καὶ
238 5156 561 5226 ἐγείροντος
599 5160 667 5210 ὲκ
696 5159 904 5233 νεκρῶν
934 5161 1161 5226 ζῶντας,
1191 5164 1286 5216 καὶ
1315 5163 1392 5228 ὡς
1440 5165 1548 5218 ἀπὸ
1587 5165 1712 5236 ᾅδου

129 5241 198 5306 εἱς
224 5244 534 5302 ἀνάστασιν
563 5242 736 5319 ζωῆς.

192 5345 277 5408 ιη’.
325 5342 447 5395 Kal
477 5341 790 5408 ἑνίσχυσέ
823 5359 919 5409 με.
974 5343 1314 5399 Ἱππολύτου.
1371 5345 1563 5398 Ὁπότε
1602 5344 1711 5418 γὰρ

127 5425 401 5493 εύελπίδας
436 5432 713 5501 ἐποίησεν
740 5434 886 5502 ἡμᾶς
909 5434 939 5486 ὁ
972 5434 1142 5504 Λόγος
1167 5435 1303 5505 πρὸς
1331 5435 1400 5490 τὰ
1433 5437 1712 5507 μέλλοντα,

127 5519 350 5586 εὐκόλως
383 5525 490 5578 καὶ
520 5523 637 5593 τῆς
661 5523 850 5577 τούτου
871 5525 1052 5595 φωνῆς
1075 5526 1292 5580 ἀκούειν
1312 5527 1605 5599 δυνάμεθα.

127 5703 366 5760 mrem.
433 5708 568 5775 Ἀφ’
607 5701 677 5777 ἧς
706 5706 815 5779 γὰρ
843 5709 1056 5781 ἡμέρας
1089 5709 1295 5773 ἔδωκας
1325 5711 1386 5763 τὸ
1428 5710 1713 5781 πρόσωπόν

127 5807 209 5848 σῦυ
233 5799 574 5873 κακωθῆναι
614 5799 851 5857 ἐναντίον
880 5802 1082 5872 Κυρίου
1111 5803 1203 5859 τοῦ
1237 5803 1370 5858 Θεοῦ
1409 5821 1525 5875 σου,
1552 5801 1712 5876 ἡκούη

1808 4329 2066 4385 deorsum
2094 4331 2233 4396 ﬁeri,
2258 4339 2319 4385 ut
2349 4345 2470 4400 qua:
2490 4331 2745 4387 deorsum
2780 4347 3000 4388 sursum
3030 4333 3108 4388 ire
3146 4335 3375 4404 possint.

1811 4451 1884 4462 —
1924 4419 2214 4491 Tempore,
2273 4421 2488 4492 inquit,
2516 4423 2652 4477 mihi
2701 4438 2838 4494 opus
2880 4433 2984 4491 est,
3029 4435 3089 4480 ut
3129 4426 3380 4495 colligam

1815 4511 2102 4581 meipsum,
2121 4513 2434 4584 possimque
2447 4515 2716 4569 sustinere
2745 4531 3047 4582 sermones,
3079 4526 3133 4572 et
3150 4533 3379 4588 respon-

1814 4603 1943 4658 dere
1965 4604 2051 4660 his
2074 4621 2194 4674 qua
2225 4604 2371 4661 dicta
2405 4607 2765 4662 sunt.—Sed
2798 4607 2851 4660 in
2884 4608 3000 4672 his,
3033 4609 3228 4677 inquit,
3254 4625 3379 4664 cum

1814 4711 2016 4761 essem,
2035 4705 2229 4766 praeter
2251 4712 2402 4768 spem
2422 4698 2711 4754 roboratus
2726 4714 2846 4753 sum
2883 4717 2898 4754 :
2924 4700 3213 4754 invisibilis
3233 4701 3383 4754 enim

1815 4787 2000 4859 (Deus)
2025 4804 2110 4844 me
2154 4791 2431 4860 tangebat,
2485 4800 2541 4845 et
2589 4791 2840 4861 protinus
2882 4791 3099 4860 quidem
3130 4792 3383 4845 debilitas

1815 4896 1936 4935 mea
1988 4881 2168 4936 ablata
2215 4890 2329 4948 est,
2375 4891 2429 4936 et
2467 4881 2522 4936 in
2565 4884 2748 4952 priore
2783 4882 3066 4937 restitutus
3104 4898 3223 4937 sum
3286 4897 3382 4936 ro-
3460 4905 3464 4912 ν

1817 4973 1970 5027 bore.
2001 4972 2228 5040 Quoties
2258 4973 2401 5027 enim
2437 4974 2653 5028 transiit
2680 4988 2842 5028 omne
2880 4974 3004 5026 vita:
3044 4983 3245 5028 nostra
3285 4989 3381 5027 ro-

1814 5065 1941 5132 bur,
1990 5073 2120 5120 tunc
2163 5071 2406 5135 potentes
2461 5079 2652 5120 sumus
2685 5078 2781 5133 per
2825 5063 3102 5118 Christum
3157 5078 3380 5118 manum

1815 5157 2146 5220 tendentem,
2190 5165 2246 5210 et
2277 5155 2620 5225 evigilantem
2662 5170 2730 5208 ex
2763 5155 2996 5210 mortuis
3030 5156 3293 5221 viventes,
3327 5164 3384 5211 et

1815 5248 1975 5318 quasi
2002 5247 2070 5302 ab
2100 5245 2289 5301 inferis
2320 5246 2373 5298 in
2401 5245 2851 5299 resurrectionem
2882 5244 3024 5298 vitae.

1890 5338 1955 5394 V.
1985 5339 2072 5394 18.
2109 5339 2176 5393 Et
2199 5338 2514 5408 confortavit
2546 5353 2644 5392 me.
2670 5335 2959 5409 Hippolyti.
2988 5336 3213 5404 Quoties
3234 5337 3382 5392 enim

1819 5447 1914 5503 spe
1949 5448 2053 5488 nos
2091 5432 2334 5502 implevit
2363 5430 2601 5486 Verbum
2633 5444 2732 5499 pro
2775 5429 2938 5484 rebus
2972 5427 3197 5498 futuris,
3223 5426 3383 5483 lacilo

1736 5531 1776 5581 ξ’
1819 5540 2006 5581 vocem
2031 5523 2151 5581 eius
2177 5522 2485 5579 auscultare
2506 5535 2819 5581 possumus.

179 5531 350 5586 ικόλως
383 5531 490 5578 καὶ
520 5531 637 5593 τῆς
661 5531 850 5577 τούτου
871 5531 1052 5595 φωνῆς
1075 5531 1292 5580 ἀκούειν
1312 5531 1605 5599 δυνάμεθα.
1819 5540 2006 5581 vocem
2031 5531 2151 5592 ejus
2177 5531 2485 5579 auscultare
2506 5535 2576 5591 po

179 5608 243 5670 κ’.
276 5612 398 5671 Τοῦ
431 5613 796 5683 πολεμῆσαι
813 5616 962 5685 μετὰ
983 5617 1273 5686 ἄρχοντος
1292 5617 1557 5687 Περσῶν.
1602 5619 1708 5673 Ἰπ-
1756 5651 1763 5658 -
1875 5615 1940 5671 ν.
1977 5616 2068 5671 20.
2096 5647 2166 5656 --
2197 5614 2258 5669 Ut
2286 5617 2500 5684 prwlier
2549 5629 2576 5666 a

1875 5615 1940 5671 V.
1977 5616 2068 5671 20.
2096 5647 2166 5656 —
2197 5614 2258 5669 Ut
2286 5617 2500 5684 prelier
2549 5615 2823 5666 adversum
2858 5613 3145 5685 principem
3186 5614 3386 5668 Persa-

1809 5726 1944 5764 rum.
1979 5706 2274 5779 Hippolyti.
2310 5707 2390 5762 Ex
2422 5708 2510 5762 illa
2559 5707 2647 5763 die
2690 5722 2794 5777 qua
2844 5705 3136 5762 humiliasti
3174 5707 3386 5760 vultum

1814 5811 1963 5858 tuum
1995 5815 2025 5855 a
2057 5799 2194 5856 facie
2229 5799 2443 5856 Domini
2479 5799 2574 5856 Dei
2605 5799 2721 5868 tui,
2750 5799 2931 5856 audita
2959 5807 3043 5855 est
3072 5808 3243 5854 oratio
3274 5810 3381 5852 tua.
