3836 6506
493 394 600 451 63⁸1
1372 399 1429 454 S.
1471 396 1829 453 HIPPOLYTI
1868 396 2014 451 OPP.
2058 392 2234 446 PARS
2268 394 2307 448 1.
2340 427 2408 435 -
2443 396 2855 455 EXEGETICA.
3604 402 3687 459 688

493 530 549 574 et
576 520 770 574 missus
806 536 927 577 sum
971 537 1070 593 ego
1118 524 1415 590 ut‘prwlier
1456 527 1729 574 adversum
1759 523 2038 590 {principen

2155 516 2308 589 σθηὴ
2351 518 2531 588 δέησίς
2555 537 2668 583 σου,
2701 522 2793 574 καὶ
2820 522 3129 593 ἀπεστάλην
3164 522 3274 593 ἐγὼ
3303 522 3396 579 τοῦ
3425 523 3684 595 πολεμῆσαι

495 613 818 679 Persarum;
844 613 1109 682 quoddam
1156 611 1298 664 enim
1340 610 1621 665 consilium
1667 609 1841 664 fuerat
1874 626 1939 662 ne
1971 602 2038 656 di-

2158 609 2296 680 μετά
2329 610 2587 681 ἄρχοντος
2632 612 2875 683 Περσῶν·
2922 613 3083 686 βουλὴ
3120 614 3226 686 γάρ
3275 633 3356 680 τις
3396 614 3592 682 ἐγένετο
3628 618 3683 687 μὴ

494 703 806 757 mitteretur
833 702 1065 772 populus
1097 717 1109 751 :
1146 710 1203 753 ut
1227 716 1353 771 ergo
1377 700 1535 754 citius
1557 698 1709 753 ﬁeret
1731 698 1916 768 petitio
1942 714 2038 764 tua,

2153 700 2497 753 ἀποστέλλειν
2522 702 2611 755 τὸν
2637 702 2782 755 λαόν’
2816 703 2904 757 ἵνα
2934 700 3025 757 οὖν
3050 706 3297 777 ἐν.τάχει
3320 705 3382 759 τὸ
3404 705 3596 777 αἴτημά
3614 723 3683 759 σοι

494 794 671 848 restiti
698 810 795 865 ego
821 794 1079 848 adversus
1107 793 1273 845 illum.

2153 790 2394 861 γένηται,
2425 792 2685 863 ἀντέστην
2721 792 2893 864 τούτῳ
2923 793 3051 863 ἐγώ.

1112 879 1267 936 CAP.
1308 879 1423 935 ΧΠ.

2792 886 2948 938 ΚΕΦ.
2989 886 3087 938 IB'.

552 974 619 1030 ν.
646 975 699 1030 1.
730 1005 803 1017 -—
833 976 901 1029 Et
926 975 1089 1029 veniet
1120 984 1318 1045 tempus
1357 976 1512 1046 quale
1544 993 1645 1031 non
1684 978 1783 1047 fuit
1813 978 1890 1049 (in
1918 986 2038 1034 text,

2221 976 2289 1024 α’.
2330 971 2536 1025 Ἔσται
2561 973 2766 1041 καιρὸς
2800 976 3074 1043 θλίψεως.
3108 975 3444 1031 Ἱππολύτου.
3466 976 3581 1030 Τότε
3598 977 3683 1049 γὰρ

465 1072 689 1147 βιαιο,
731 1080 932 1139 tempus
975 1069 1319 1140 aﬂh’ctionis).
1359 1068 1892 1135 Tunc‘eritaﬂlictio
1935 1086 2038 1124 ma-

2153 1061 2302 1114 ἔσται
2331 1061 2506 1131 θλίψις
2534 1065 2764 1136 μεγάλη,
2805 1066 2895 1147 οἵα
2940 1066 3001 1118 ού
3040 1067 3228 1137 γέγονε
3256 1068 3476 1137 τοιαύτη
3496 1069 3589 1122 ἀπὸ
3613 1086 3684 1121 κα.

483 1178 609 1233 gna,
664 1161 841 1231 qualis
882 1176 993 1216 non
1036 1160 1140 1216 fuit
1181 1162 1306 1216 talis
1348 1177 1380 1217 a
1425 1163 1810 1218 constitutione
1843 1162 2038 1217 mundi,

2153 1152 2379 1224 ταϐολῆς
2422 1156 2648 1227 κόσμου,
2691 1158 2864 1212 ἄλλων
2899 1158 3105 1231 ἀλλαχῆ
3160 1159 3304 1213 κατὰ
3345 1162 3517 1214 πᾶσαν
3564 1162 3683 1213 πόλιν

483 1256 606 1311 aliis
654 1257 761 1312 alio
794 1273 890 1327 per
936 1266 1188 1313 cunctam
1232 1255 1503 1311 civitatem
1541 1262 1596 1309 et
1638 1255 1946 1323 regionem,
1985 1256 2038 1309 ac

2153 1248 2242 1300 καὶ
2273 1246 2454 1319 χώραν
2480 1250 2558 1313 είς
2587 1250 2648 1303 τὸ
2698 1251 3037 1322 ἀναιρεῖσθαι
3081 1252 3207 1318 τοὺς
3250 1254 3475 1314 πιστοὺς
3511 1270 3685 1325 πεμπο-

483 1348 784 1415 perdendos
828 1348 1014 1404 fideles
1052 1346 1303 1413 emissis;
1354 1354 1410 1401 et
1443 1345 1647 1399 sanctis
1678 1360 1744 1399 ex
1773 1344 2038 1399 occidente

2154 1337 2348 1407 μένων·
2376 1340 2595 1394 καὶτῶν
2627 1340 2796 1409 ἁγίων
2821 1343 2928 1397 ἀπὸ
2961 1344 3165 1408 δύσεως
3205 1346 3284 1409 είς
3327 1346 3576 1417 ἀνατολὴν
3612 1362 3684 1400 πο-

482 1438 536 1491 in
588 1439 852 1495 orientem
899 1439 1349 1504 transeuntibus;
1401 1436 1770 1492 habitantibus
1814 1451 1943 1490 vero
1995 1437 2038 1490 ir

2155 1430 2478 1499 ρευομένων,
2514 1432 2608 1486 καὶ
2632 1433 2737 1487 τῶν
2768 1434 2825 1487 δὲ
2847 1435 2952 1488 ἀπὸ
2974 1436 3245 1491 ἀνατολῶν
3274 1439 3353 1501 είς
3384 1438 3686 1509 μεσημϐρίαν

483 1532 689 1587 oriente
729 1532 1240 1601 transmigrantibus
1289 1532 1343 1584 in
1368 1531 1682 1599 meridiem;
1713 1531 1835 1587 aliis
1868 1540 2038 1587 autem

2153 1521 2511 1592 διωκομένων,
2560 1523 2731 1578 ἄλλων
2775 1524 2831 1579 δὲ
2864 1526 2922 1579 ἐν
2958 1530 3070 1591 τοῖς
3098 1527 3248 1599 ὄρεσι
3305 1529 3403 1581 καὶ
3448 1529 3685 1600 σπηλαίοις

483 1624 538 1677 in
573 1623 847 1677 montibus
886 1632 939 1677 ct
973 1622 1244 1692 speluncis
1278 1621 1651 1689 latitantibus;
1696 1624 1897 1694 ubique
1930 1623 2038 1678 illo:

2153 1614 2559 1684 κρυπτομένων·
2595 1618 2870 1688 πανταχοῦ
2915 1618 2971 1671 δὲ
3013 1620 3209 1683 αὐτοὺς
3238 1620 3330 1674 τοῦ
3364 1620 3685 1691 βδελύγματος

480 1715 886 1770 abominatione
912 1722 1295 1784 persequente;
1320 1729 1415 1783 per
1429 1715 1623 1779 maria,
1646 1730 1741 1785 per
1761 1726 1932 1770 terras
1958 1730 2038 1770 eos

2153 1704 2530 1777 πολεμοῦντος,
2565 1709 2657 1762 καὶ
2677 1710 2763 1764 διά
2784 1709 3056 1783 θαλάσσης
3082 1713 3173 1766 καὶ
3197 1712 3284 1767 διά
3311 1712 3481 1784 ξηρᾶς
3508 1714 3685 1776 τούτους

482 1820 578 1873 per
630 1805 845 1859 decreta
895 1804 1134 1859 crudelia
1165 1804 1527 1868 interimente,
1566 1813 1621 1859 et
1651 1805 1965 1862 omnimodo
1985 1822 2038 1861 ex

2153 1804 2239 1858 διὰ
2269 1804 2362 1859 τοῦ
2406 1806 2824 1879 προστάγματος
2857 1808 3223 1880 ἀναιροῦντος,
3259 1809 3351 1863 καὶ
3378 1808 3519 1863 κατά
3545 1811 3687 1863 πάντα

481 1897 587 1950 hoc
612 1895 814 1951 mundo
846 1911 939 1951 eos
966 1905 1392 1967 conquassante;
1424 1912 1531 1952 non
1565 1897 1869 1955 valentibus
1914 1894 2038 1970 ipsis

2153 1897 2350 1969 τρόπον
2375 1900 2438 1952 ἐκ
2452 1864 2554 1953 ,τοῦ
2580 1864 2784 1972 κόσμου
2804 1864 3168 1966 ἐκθλίέοντος·
3302 1901 3594 1972 δυναμένων
3618 1902 3689 1954 αὖ·

480 1988 697 2057 propria
758 1988 1008 2054 vendere,
1052 2003 1226 2058 neque
1282 2003 1460 2043 emere
1499 1993 1642 2060 apud
1683 1992 1907 2059 alienos,
1941 1992 2047 2047 nisi

480 2081 835 2149 quis‘nomcn
873 2082 1057 2136 bestiae
1079 2082 1273 2138 habeat
1297 2094 1350 2139 et
1377 2085 1744 2151 circumferat,
1772 2085 1857 2140 vel
1886 2084 2050 2155 hujus

478 2168 692 2238 signum
720 2170 773 2224 in
808 2170 983 2226 fronte
1027 2183 1204 2243 gerat;
1252 2189 1442 2231 omnes
1474 2174 1619 2230 enim
1655 2184 1785 2231 tunc
1809 2192 1875 2230 ex
1901 2176 2049 2230 omni

484 2262 609 2315 loco
640 2264 1119 2333 propulsabuntur,
1156 2274 1299 2321 etex
1349 2269 1635 2338 penatibus
1691 2269 2047 2333 abducentur,

476 2352 609 2407 etin
640 2355 948 2410 carceribus
973 2356 1273 2423 trahentur,
1299 2366 1352 2412 et
1384 2358 1531 2412 omni
1556 2359 1797 2413 cruciatu
1821 2358 2039 2427 punien-

476 2456 585 2512 tur,
616 2456 670 2501 et
695 2463 763 2502 ex
790 2456 901 2503 toto
938 2449 1140 2504 mundo
1168 2449 1471 2520 ejicientur.

547 2620 618 2677 ν.
651 2623 703 2679 2.
739 2654 810 2664 —
836 2624 1174 2694 Evigilabunt
1200 2626 1296 2679 alii
1326 2626 1381 2679 in
1411 2626 1576 2680 vitam
1609 2635 1884 2681 arternam.
1918 2624 2049 2697 Hip-

474 2715 663 2787 polyti.
703 2716 807 2783 Qui
858 2733 1000 2772 verte
1066 2718 1193 2773 vitae
1244 2719 1510 2785 credunt,
1563 2727 1617 2775 et
1657 2719 1710 2772 in
1754 2719 1891 2773 libro
1923 2719 2049 2773 vitae

476 2812 661 2879 scripti
710 2821 857 2865 sunt.
903 2809 1043 2865 Ibid.
1074 2819 1094 2859 .'
1124 2809 1190 2864 Et
1230 2812 1324 2865 alii
1367 2812 1423 2864 in
1461 2812 1814 2882 opprobrium.
1847 2810 2048 2882 Hippo-

476 2902 592 2973 lyti.
631 2901 733 2968 Qui
766 2917 889 2958 cum
933 2902 1268 2958 Antichristo
1297 2903 1664 2968 consentiunt,
1698 2912 1752 2957 et
1790 2919 1914 2958 eum
1953 2904 2047 2959 illo

474 2994 529 3048 in
559 2995 734 3065 paenis
760 2995 976 3049 mternis
999 2995 1251 3065 conjecti.

2150 1990 2257 2045 τῶν
2289 1992 2483 2063 μηκέτι
2506 1992 2613 2048 τῶν
2647 1994 2789 2048 ίδίων
2820 1994 3088 2065 πωλῆσαι,
3120 1995 3253 2065 μήτε
3284 1996 3545 2067 ἀγοράσαι
3572 1993 3688 2063 παρὰ

2149 2083 2257 2137 τῶν
2285 2084 2597 2158 ἀλλοτρίων,
2622 2086 2791 2158 χωρὶς
2820 2087 2914 2141 ἐὰν
2940 2089 3101 2159 μήτις
3123 2088 3182 2140 τὸ
3206 2088 3375 2159 ὄνομα
3408 2089 3498 2141 τοῦ
3531 2088 3588 2159 θη
3596 2089 3686 2158 ρίου

2149 2174 2246 2246 ἔχῃ
2273 2176 2365 2229 καί
2387 2176 2675 2249 περιφέρῃ,
2701 2177 2735 2248 ἢ
2763 2177 2826 2231 τὸ
2845 2178 3034 2232 τούτου
3063 2178 3323 2250 χάραγμα
3356 2179 3453 2232 ἐπὶ
3478 2176 3687 2249 μετώπιον

2151 2265 2413 2340 βαστάσῃσ
2449 2267 2647 2331 πάντες
2674 2266 2783 2339 γὰρ
2820 2268 2940 2323 τότε
2983 2271 3047 2322 ἐκ
3094 2269 3297 2333 παντὸς
3335 2268 3499 2322 τόπου
3532 2269 3687 2321 ἐκδιωο

2150 2358 2458 2429 χθήσονται,
2503 2359 2597 2413 καὶ
2642 2360 2708 2413 ἐκ
2746 2359 2854 2414 τῶν
2897 2360 3111 2415 οἰκείων
3158 2360 3687 2431 κατασπασθήςονται,

2149 2448 2244 2501 καὶ
2292 2451 2350 2502 ἐν
2383 2448 2461 2519 τῷ
2491 2448 2734 2523 δημοσίῳ
2772 2449 3151 2521 συρθήσονται,
3188 2451 3282 2506 καὶ
3316 2449 3467 2523 πάσῃ
3509 2451 3687 2504 κολάσει

2150 2539 2589 2611 κολασθήσονται,
2617 2542 2710 2595 καὶ
2730 2542 2796 2595 ἐκ
2818 2543 3016 2607 παντὸς
3044 2544 3246 2614 κόσμου
3278 2543 3686 2616 ἐκϐληθήσονται.
3718 2592 3719 2595 η

2221 2631 2287 2701 β’.
2318 2631 2837 2703 Ἑξεγερθήσονται
2859 2631 3021 2690 οὗτοι
3047 2638 3133 2700 είς
3152 2635 3304 2704 ζωὴν
3326 2634 3578 2689 αἰώνιον.
3610 2634 3691 2686 Ἱπ-

2150 2722 2399 2777 πολύτου.
2451 2726 2515 2777 Οί
2562 2729 2628 2797 τῇ
2675 2727 2842 2790 ὅντως
2878 2726 2989 2798 ζωῇ
3031 2726 3482 2793 πεπιστευκότες,
3527 2725 3608 2779 καὶ
3644 2725 3689 2775 ἐν

2151 2814 2319 2885 βίϐλῳ
2342 2814 2489 2885 ζωῆς
2514 2816 2974 2888 ἐγγεγραμμένοι.

2214 2906 2325 2960 Καὶ
2375 2902 2541 2962 οὗτοι
2589 2910 2677 2974 εἰς
2732 2907 3091 2978 ὀνειδισμόν.
3164 2909 3502 2964 Ἱππολύτου.
3542 2909 3597 2961 Οἱ
3630 2904 3689 2974 τῷ

2148 2996 2470 3070 ἀντιχρίστῳ
2493 3000 2853 3070 συνερώμενοι
2874 3004 2915 3065 ⁹,
2934 3000 3026 3053 καὶ
3059 3000 3157 3053 σὺν
3185 3000 3333 3072 αύτῷ
3362 3002 3447 3066 εἰς
3474 2999 3563 3070 τὴν
3588 2995 3692 3051 αἰώ-

2147 3104 2259 3143 νιον
2285 3089 2503 3143 κόλασιν
2531 3090 2867 3161 βαλλόμενοι.

546 3173 609 3228 γ.
640 3174 693 3229 3.
724 3202 795 3215 —-
822 3172 930 3240 Qui
955 3182 1129 3228 autem
1158 3173 1305 3228 docti
1333 3173 1563 3243 fuerint,
1594 3173 1885 3245 fulgebunt.
1910 3172 2038 3245 Hip-

2214 3186 2285 3249 γ’.
2316 3182 2427 3236 Καὶ
2480 3184 2534 3235 οἱ
2565 3180 2879 3247 συνιέντες
2903 3182 3343 3253 ἐκλάμψουσιν.
3390 3180 3688 3235 Ἱππολύτου.

466 3268 658 3339 polyti.
704 3265 919 3321 Etenim
963 3266 1228 3323 Dominus
1264 3267 1317 3321 in
1361 3266 1653 3337 Evangelio
1690 3268 1829 3323 idem
1861 3267 2037 3325 dixit:

473 3360 617 3414 Tunc
638 3360 776 3429 justi
816 3360 1089 3431 fulgebunt
1115 3360 1254 3415 sicut
1283 3360 1363 3414 sol
1386 3359 1601 3431 (Matth.
1635 3378 1758 3427 xui,
1790 3361 1901 3433 45).

538 3450 605 3505 ν.
639 3452 691 3506 7.
734 3480 793 3491 —
824 3451 892 3506 In
922 3461 1143 3522 tempus,
1172 3462 1220 3507 et
1250 3462 1502 3521 tempora,
1534 3462 1583 3506 et
1614 3453 1889 3507 dimidium
1913 3461 2043 3507 tem-

467 3545 633 3614 poris.
660 3543 954 3615 Hippolyti.
976 3544 1111 3601 Tres
1133 3560 1307 3602 annos
1331 3556 1385 3601 et
1410 3546 1695 3601 dimidium
1723 3548 2041 3605 Antichristi

466 3637 742 3706 praedixit;
797 3648 999 3707 tempus
1058 3638 1261 3694 indicat
1300 3654 1469 3693 unum
1512 3654 1753 3707 annum;
1808 3650 2041 3709 tempora

468 3729 606 3784 duos
651 3743 859 3797 annos;
898 3729 1179 3782 dimidium
1238 3730 1485 3799 temporis
1529 3729 1814 3785 dimidium
1860 3731 2037 3785 anni:

468 3819 524 3874 hi
558 3829 685 3875 sunt
721 3820 831 3874 dies
877 3820 1023 3874 mille
1048 3820 1257 3874 ducenti
1290 3822 1578 3891 nonaginta
1622 3835 1762 3891 quos
1792 3820 2042 3890 praedixit

466 3909 655 3966 Daniel
691 3912 790 3981 (xu
806 3953 819 3977 ,
854 3912 966 3984 11).

535 4001 606 4059 γ.
634 4000 688 4059 9.
707 4001 893 4061 Clausi
931 4014 1053 4059 sunt
1094 4004 1391 4075 signatique
1455 4018 1738 4056 sermones.
1766 4002 2035 4069 Quoniam

465 4108 588 4163 qua:
632 4095 955 4163 praeparavit
997 4094 1141 4149 Deus
1169 4095 1374 4150 sanctis
1405 4093 1704 4167 intelligere
1730 4094 1897 4150 homo
1925 4109 2036 4150 non

464 4193 675 4255 potest;
702 4201 877 4257 neque
894 4187 1039 4241 enim
1064 4188 1256 4243 oculus
1278 4187 1367 4241 illa
1393 4187 1543 4255 vidit,
1568 4201 1744 4258 neque
1768 4187 1918 4243 auris
1945 4203 2039 4242 au-

465 4276 620 4343 divit,
654 4292 829 4349 neque
860 4280 915 4333 in
939 4295 1034 4335 cor
1060 4281 1295 4335 hominis
1314 4281 1671 4336 ascenderunt
1700 4296 1839 4351 quae,
1872 4282 2035 4337 etiam

464 4376 598 4423 tunc
613 4368 995 4425 desiderabunt
1009 4372 1183 4426 sancti
1200 4369 1574 4441 contemplari;
1594 4369 1673 4427 sic
1691 4372 1829 4427 dixit
1847 4371 2034 4442 (Deus)

461 4458 513 4513 ei
549 4457 802 4529 (Daniel),
861 4460 988 4531 quia
1017 4462 1185 4514 clausi
1228 4470 1371 4528 sunt,
1427 4462 1721 4533 signatique
1770 4477 2032 4517 sermones

2144 3269 2255 3323 Καὶ
2279 3269 2387 3342 γὰρ
2407 3270 2435 3323 ὁ
2458 3269 2662 3343 Κύριος
2688 3272 2746 3323 ἐν
2769 3270 2845 3341 τῷ
2864 3268 3178 3342 Εὗαγγελίῳ
3197 3273 3258 3325 τὸ
3286 3272 3475 3342 ὅμοιον
3512 3271 3687 3341 εἴρηκε.

2150 3363 2297 3415 Τότε
2330 3363 2384 3414 οἱ
2416 3359 2629 3415 δίκαιοι
2665 3360 3086 3431 ἐκλάμψουσιν
3112 3364 3191 3429 ὡς
3217 3361 3410 3431 ἥλιος.

2212 3449 2275 3514 ζ’.
2306 3452 2411 3516 Εἰς
2448 3449 2654 3522 καιρὸν
2679 3450 2776 3504 καὶ
2816 3450 3061 3519 καιροὺς
3096 3451 3194 3505 καὶ
3242 3453 3331 3517 εις
3368 3450 3559 3520 ἣμισυ
3591 3463 3690 3501 και-

2136 3540 2272 3609 ροῦ.
2334 3540 2664 3594 Ἱππολύτου.
2712 3540 2793 3593 Τὰ
2826 3541 2954 3613 τρία
3000 3542 3092 3612 ἔτη
3124 3542 3218 3595 καὶ
3251 3539 3691 3615 ἧμισυτοῦἈντι-

2144 3632 2365 3702 κρίστου
2403 3633 2666 3704 ἰί⁴²δ’”θί¹·ί³ινε’
2715 3632 2905 3706 καιρὸν
2957 3632 3066 3705 γὰρ
3104 3632 3253 3701 λέγει
3307 3630 3574 3685 ἐνιαυτόν·
3602 3644 3693 3679 και·

2158 3726 2284 3796 ροὺς
2316 3726 2394 3788 δὲ,
2419 3725 2510 3778 δύο
2536 3725 2648 3796 ἐτη
2673 3724 2844 3796 ἥμισυ
2871 3724 3085 3796 καιροῦ,
3124 3725 3294 3795 ἥμισυ
3322 3720 3585 3776 ἐνιαυτοῦ·
3616 3718 3691 3772 αὐ·

2140 3819 2236 3871 ταί
2262 3820 2419 3871 εἰσιν
2446 3821 2505 3873 αἱ
2528 3823 2661 3889 cast;
2684 3817 2909 3890 ἡμέραι,
2937 3816 3004 3881 ἃς
3033 3819 3257 3887 προεῖπε
3292 3814 3515 3882 Δανιήλ.

2211 3909 2277 3963 θ’.
2310 3909 2807 3979 Ἐμπεφραγμένοι
2833 3911 2931 3964 καὶ
2954 3909 3426 3978 ἑσφραγισμέτόι
3454 3910 3507 3960 ci
3532 3905 3691 3973 λόγοι.

2148 4001 2486 4057 Ἱππολύτου.
2560 4002 2777 4072 Ἐπειδὴ
2828 4002 2937 4074 γὰρ
2975 4000 3011 4055 δι
3037 4000 3329 4071 ἡτοίμασεν
3364 4001 3395 4053 ὁ
3432 3998 3561 4060 Θεὸς
3600 3995 3690 4055 τοῖς

2138 4096 2312 4164 ἁγίοις
2334 4094 2758 4165 ἐκδιηγήσασθαι
2777 4094 3058 4166 ἄνθρωπος
3088 4093 3148 4145 ού
3169 4093 3413 4145 δύναται·
3443 4090 3563 4143 οὔτε
3603 4086 3696 4155 γὰρ

2135 4184 2410 4256 ὀφθαλμὸς
2431 4186 2570 4239 αὐτὰ
2599 4181 2758 4252 εἶδεν,
2783 4184 2906 4238 οὕτε
2929 4180 3020 4249 οὖς
3041 4185 3289 4256 ἡκουσεν,
3306 4182 3435 4236 οὔτε
3458 4181 3551 4235 ἐπὶ
3583 4192 3697 4246 καρ-

2136 4274 2252 4329 δίαν
2280 4276 2565 4348 ἀνθρώπου
2608 4274 2797 4347 ἀνέϐη,
2841 4276 2921 4338 εἰς
2962 4274 2999 4327 ἃ
3044 4274 3137 4326 καὶ
3167 4271 3566 4343 ἐπιθυμήσουσι
3594 4266 3693 4318 τότε

2137 4368 2279 4439 ἅγιοι
2309 4368 2561 4439 ἐγκύψαι·
2592 4368 2762 4432 οὓτως
2783 4366 2885 4437 ἔφη
2924 4364 3059 4435 πρὸς
3084 4363 3265 4426 αὐτὸν,
3306 4362 3398 4415 ὅτι
3433 4363 3695 4431 ἐμπεφρα·

2136 4460 2338 4533 γμὲνοι
2368 4462 2527 4516 εἰσὶν
2568 4463 2623 4515 οἱ
2657 4461 2824 4529 λόγοι
2867 4454 3053 4521 οὗτοι,
3104 4455 3215 4520 ἕως
3252 4454 3467 4522 καιροῦ
3514 4451 3690 4519 πέρας·

462 4548 555 4601 isti
581 4566 742 4621 usque
773 4551 843 4603 ad
868 4551 1189 4619 pne/initum
1216 4560 1415 4620 tempus
1439 4591 1455 4617 ,
1490 4552 1663 4608 donec
1693 4553 1960 4623 eligantur
1980 4562 2035 4609 et

2153 4556 2241 4619 ita;
2268 4554 2335 4609 ἂν
2364 4553 2647 4621 ἐκλεγῶσι,
2681 4552 2775 4604 καὶ
2796 4546 3154 4620 ἐκπυρωθιῖωι
3178 4546 3380 4598 πολλοί*
3410 4544 3557 4607 τινὲς
3581 4543 3631 4594 δὲ
3656 4538 3697 4590 oi

463 4638 586 4709 igne
608 4641 909 4710 probentur
938 4642 1129 4708 multi;
1154 4642 1375 4713 quidam
1402 4653 1583 4698 autem
1609 4644 1787 4711 electi,
1814 4646 1907 4700 sed
1939 4647 2033 4716 qui

453 4731 704 4787 veritatis
751 4734 916 4790 verbo
960 4734 1329 4799 crediderunt,
1381 4744 1441 4789 ut
1486 4734 1803 4791 dealbentur
1848 4753 1944 4807 per
1972 4738 2036 4792 il-

452 4821 580 4889 lud,
638 4831 692 4879 et
744 4825 990 4880 mundati
1019 4839 1051 4880 a
1096 4826 1351 4881 sordibus
1384 4828 1609 4896 peccati,
1653 4828 1880 4884 induant
1916 4844 2031 4886 cm-

451 4915 650 4970 lestem
673 4955 690 4981 ,
718 4929 917 4985 purum
947 4926 1001 4970 et
1028 4916 1318 4987 fulgentem
1348 4928 1599 4973 sanctum
1630 4918 1915 4991 Spiritum,
1950 4931 2029 4989 ut,

450 5006 516 5059 ad
534 5005 787 5060 veniente
814 5022 1040 5076 sponso,
1068 5011 1253 5065 statim
1285 5010 1493 5066 intrent
1518 5026 1643 5066 cum
1668 5026 1756 5066 eo.

528 5097 595 5153 V.
632 5099 825 5162 H.2—
855 5099 1045 5155 Posita
1083 5103 1242 5171 fuerit
1290 5104 1612 5159 abominatio
1654 5107 1709 5159 in
1747 5105 2032 5159 desolatioo

455 5206 595 5243 nent.
633 5188 934 5261 Hippolyti.
978 5191 1125 5249 Duas
1149 5210 1280 5265 ergo
1308 5196 1743 5252 abominationes
1766 5197 1899 5252 dicit
1925 5196 2034 5251 Da-

457 5283 565 5337 niel
598 5301 614 5338 :
645 5298 753 5337 una
776 5284 995 5354 quidem
1049 5283 1153 5341 fuit
1181 5289 1674 5356 exterminationis,
1707 5304 1872 5360 quam
1906 5306 2030 5345 sus-

458 5375 645 5432 citavit
700 5376 1023 5446 Antiochus,
1076 5390 1129 5435 et
1183 5380 1251 5435 ad
1298 5382 1758 5439 abominationem
1816 5384 2031 5438 desola-

457 5467 623 5522 tionis
645 5467 916 5536 refertur;
956 5470 1059 5526 alia
1090 5487 1217 5527 vero
1236 5476 1509 5540 universa,
1542 5490 1667 5531 cum
1707 5475 1883 5531 veniet
1912 5475 2028 5530 An-

461 5559 776 5627 tichristus;
812 5577 961 5630 nam,
991 5571 1051 5616 ut
1078 5561 1205 5618 dicit
1236 5563 1445 5633 Daniel,
1476 5575 1529 5623 et
1558 5566 1647 5623 ille
1674 5576 1893 5638 propter
1917 5570 2031 5623 rui-

460 5666 585 5705 nam
632 5654 928 5711 multorum
952 5656 1347 5727 constituetur.

2138 4646 2511 4718 ἐκλεγόμενοι,
2543 4645 2660 4699 ἀλλ’
2689 4642 2739 4696 οί
2765 4640 2843 4713 τῷ
2871 4642 2971 4711 τῆς
2993 4638 3249 4709 ἀληθείας
3271 4637 3417 4707 λόγῳ
3449 4632 3698 4690 πιστεύον-

2132 4757 2244 4805 τες,
2272 4740 2358 4792 ῖνα
2380 4735 2714 4791 λευκανθῶσι
2736 4734 2803 4788 δι’
2836 4730 3023 4799 αὐτοῦ,
3046 4731 3141 4785 καὶ
3180 4729 3577 4790 ἀποϐάλλοντες
3608 4723 3696 4776 τῶν

2132 4831 2231 4901 τῆς
2260 4829 2530 4902 ἁμαρτίας
2562 4827 2768 4901 ρύπων,
2794 4824 3120 4881 ἐνδύσωνται
3148 4823 3209 4875 τὸ
3242 4820 3584 4893 ἐπουράνιον,
3615 4832 3698 4913 καῖ

2133 4919 2316 4992 θαρὸν,
2355 4920 2448 4973 καὶ
2484 4918 2703 4987 διαυγὲς
2739 4918 2895 4986 ἆγιον
2931 4912 3177 4983 Πνεῦμα,
3208 4912 3294 4966 ἴνα
3329 4912 3599 4983 παρόντος
3620 4912 3695 4959 τον

2133 5011 2391 5081 νυμφίου,
2420 5009 2621 5072 εὐθέως
2649 5006 3060 5061 συνεισέλθωσιν
3086 5002 3256 5073 αὐτῷ.

2208 5096 2300 5149 ια’.
2335 5094 2662 5162 Δοθήσεται
2708 5095 2771 5147 τὸ
2822 5093 3141 5163 ,βδέλυγμα
3182 5089 3294 5158 τῆς
3340 5086 3696 5157 ἑρκτυιώσεως.

2144 5186 2479 5242 Ἱππολύτου.
2512 5186 2616 5241 Δύο
2657 5181 2752 5240 οὖν
2796 5184 3137 5255 βδελύγματα
3174 5182 3362 5252 εἴρηκε
3390 5176 3608 5245 Δανιὴλ
3650 5176 3697 5225 ἒν

2136 5278 2235 5349 μὲν
2260 5279 2588 5349 ἀφανισμοῦ,
2612 5279 2641 5332 δ
2667 5277 2862 5349 ἔστησε
2890 5276 3028 5330 κατὰ
3055 5275 3242 5345 καιρὸν
3278 5272 3551 5342 Ἀντίοχος
3574 5264 3698 5321 κατὰ

2130 5372 2191 5423 τὸ
2226 5371 2327 5441 τῆς
2351 5370 2702 5443 ἐρημώσεως
2727 5370 2854 5424 ἄλλο
2882 5367 3133 5431 καθόλου,
3157 5366 3232 5429 ὡς
3256 5365 3525 5436 παρέσται
3562 5358 3700 5413 όἈν-

2131 5463 2417 5535 τίχριστος·
2447 5465 2520 5527 ὡς
2546 5465 2602 5516 δὲ
2627 5463 2773 5532 λέγει
2801 5461 2996 5533 Δανιὴλ
3023 5460 3114 5514 καὶ
3150 5459 3311 5525 αὐτὸς
3343 5458 3432 5512 ἐπ’
3469 5447 3701 5523 amt;

2131 5553 2339 5608 πολλῶν
2373 5556 2713 5626 συστήσεται.
