3836 6494
515 333 613 390 691
1392 330 1445 386 S.
1488 330 1849 390 HlPPOLYTI
1882 333 2031 390 OPP.
2072 336 2248 393 PARS
2283 338 2325 392 1.
2366 370 2435 379 -
2470 337 2873 397 EXEGETICA.
3581 348 3658 407 692

514 454 770 515 struunt;
799 446 1023 502 alterum
1058 446 1151 517 qui
1174 463 1239 502 ex
1262 448 1699 517 circumcisione,
1732 450 1963 507 alterum
1984 468 2029 523 ψ

2145 492 2155 515 ,
2187 472 2406 508 κνυνται
2427 456 2535 510 τῶν
2558 457 2651 510 δύο
2691 457 2835 511 λαῶν
2867 456 2975 510 τῶν
3021 454 3447 512 ἐπιϐουλευόντων
3481 463 3536 532 τῇ
3574 463 3660 518 Ἐκ-

512 552 581 592 ex
616 536 885 609 gentibus.
915 534 1052 590 Nam
1084 536 1230 606 quod
1262 537 1337 592 ait
1359 537 1525 610 (v.'5)
1574 539 1735 607 fuisse
1770 543 2027 594 constitut.

2184 546 2379 619 κλησίᾳ
2404 566 2415 578 ·
2449 544 2530 613 εἷς
2557 549 2675 620 μὲν,
2699 551 2727 602 ὁ
2747 551 2810 603 ἐκ
2832 549 3149 621 περιτομῆς,
3178 551 3268 602 καὶ
3293 544 3383 615 εἷς,
3412 554 3438 604 ὁ
3454 552 3502 617 ἐξ
3518 554 3658 611 ἐθνῶν.

512 627 694 699 populi
730 626 981 698 prmsides
1019 636 1174 698 atque
1205 629 1450 699 judices;
1489 630 1609 685 ideo
1660 640 1773 695 est,
1805 633 1950 701 quod
1977 634 2027 688 ιι(

2181 640 2254 693 Τὸ
2287 640 2394 712 γὰρ
2421 638 2594 709 λέγειν
2617 682 2632 706 ,
2664 642 3104 714 ἀπεδείχθησαν
3136 642 3404 711 ἄρχοντες
3431 645 3519 699 τοῦ
3549 650 3661 703 λαοῦ

512 737 631 775 sevo
676 729 998 791 potestatem
1039 730 1296 777 exercent
1322 721 1716 793 praesidemque
1752 723 1952 794 injuste
1992 724 2027 796 jl

2182 733 2278 785 καὶ
2305 733 2515 800 κριταί·
2559 735 2639 787 ὅτι
2675 735 2732 787 ὲν
2760 733 2837 804 τῷ
2868 734 3021 788 αἰῶνι
3053 734 3225 805 τούτῳ
3249 734 3571 801 ὲξουσιάζουσι
3595 742 3661 795 καὶ

517 814 628 868 lica
638 815 742 867 udo
761 812 958 883 justos.

2182 824 2426 895 ἄρχουσι,
2454 824 2729 896 κρίνοντες
2761 826 2957 889 ἀδίκως
2988 825 3244 889 δικαίους.

582 902 647 957 ν.
673 903 737 959 8:
770 903 838 957 Et
864 904 1106 959 videbant
1130 921 1244 959 eam
1266 905 1371 959 duo
1386 906 1633 960 seniores.
1658 905 1783 963 Hmc
1804 909 2079 963 enimvero

2253 916 2358 971 Kal
2398 916 2690 985 ἐθεώρουν
2714 918 2907 985 αὐτὴν
2927 920 2978 971 ol
3001 917 3108 971 δύο
3123 918 3499 986 πρεσϐύτεροι.
3527 920 3663 973 Ταῦτα

508 993 819 1050 Judreorum
845 996 1118 1066 principes
1155 1012 1301 1052 nunc
1321 1013 1350 1051 e
1381 998 1520 1051 libro
1554 999 1742 1053 volunt
1773 1010 2023 1069 amputar

2184 1006 2280 1076 μὲν
2302 1003 2394 1060 οὖν
2422 1011 2471 1061 οί
2502 1008 2609 1061 τῶν
2657 1008 2917 1061 Ἰουδαίων
2944 1009 3198 1080 ἄρχοντες
3223 1008 3478 1079 βούλονται
3494 1010 3569 1064 νῦν
3592 1030 3662 1064 πε-

510 1085 753 1142 dicentes
781 1103 842 1141 ea
875 1104 981 1141 non
1019 1098 1170 1156 gesta
1212 1104 1334 1144 esse
1370 1087 1670 1160 Babylone:
1708 1105 1847 1159 quos
1887 1106 2025 1158 nem]

2181 1099 2457 1170 ρικὸπτειν
2489 1100 2590 1169 τῆς
2616 1099 2814 1169 βίϐλου,
2845 1100 3143 1169 φάσκοντες
3181 1101 3253 1172 μὴ
3285 1101 3507 1170 γενέσθαι
3537 1104 3663 1155 ταῦτα

414 1192 425 1232 '.
510 1177 711 1245 pudeat
740 1180 876 1234 tanti
924 1180 1069 1235 illius
1100 1195 1194 1249 per
1242 1181 1295 1235 id
1344 1188 1555 1250 tempus
1610 1181 1885 1235 seniorum

2179 1193 2236 1244 ἐν
2265 1190 2541 1245 Βαϐυλῶνι
2561 1209 2574 1223 ο
2605 1192 2976 1263 αἰσχυνόμενοι
3006 1193 3067 1246 τὸ
3089 1193 3194 1246 ὑπὸ
3222 1194 3327 1247 τῶν
3356 1194 3665 1267 πρεσϐυτέρων

508 1270 679 1324 noris.
2172 1284 2294 1336 κατ’
2324 1285 2527 1338 ἐκεῖνον
2549 1285 2639 1338 τὸν
2672 1285 2857 1357 καιρὸν
2881 1286 3258 1357 γεγενημένον.

577 1358 645 1414 ν.
678 1361 744 1416 9:
780 1360 847 1415 Et
884 1372 1173 1416 everterant
1209 1378 1421 1417 sensum
1455 1379 1629 1416 suum.
1660 1361 1763 1428 Qui
1795 1364 1940 1421 enim
1974 1362 2077 1418 Ec-

2245 1373 2354 1427 Kal
2382 1372 2870 1443 διέστρεψαντόν
2898 1376 3124 1429 ἑαυτῶν
3163 1376 3330 1430 νοῦν.
3364 1377 3422 1429 Οἱ
3455 1376 3548 1447 γὰρ
3582 1377 3666 1430 ἐπί-

508 1450 685 1503 οιεείαξ
753 1450 982 1507 insidias
1045 1459 1366 1506 struxerunt
1429 1451 1656 1521 ejusque
1727 1460 2023 1522 corruptor.

2177 1463 2361 1516 ϐουλοι
2406 1466 2501 1517 καὶ
2543 1464 2759 1535 φθορεῖς
2786 1466 2887 1536 τῆς
2923 1466 3244 1537 Ἐκκλησίας
3264 1466 3552 1535 γενόμενοι,
3581 1466 3665 1529 πῶς

506 1538 747 1606 fuerunt,
776 1556 1015 1610 quonam
1048 1542 1209 1596 modo
1233 1542 1381 1612 justa
1416 1542 1665 1612 judicare
1702 1544 1949 1612 possint;
1983 1560 2021 1598 at

2177 1554 2426 1610 δύνανται
2451 1556 2634 1610 δίκαια
2658 1558 2881 1629 κρίνειν,
2905 1559 2938 1630 ἢ
2964 1559 3178 1630 καθαρᾷ
3197 1559 3389 1630 καρδίᾳ
3411 1558 3666 1612 ἀναϐλέπειν

504 1631 710 1684 mundo
733 1632 895 1685 corde
921 1632 975 1685 in
1000 1633 1198 1686 caelum
1226 1632 1524 1701 suspicere,
1541 1633 1634 1702 qui
1659 1632 1891 1702 principi
1911 1632 2019 1701 hujl

2175 1648 2256 1711 είς
2287 1648 2378 1700 τὸν
2404 1648 2649 1720 οὐρανὸν,
2674 1649 2748 1720 τῷ
2779 1650 2996 1722 ἄρχοντι
3028 1651 3121 1704 τοῦ
3145 1650 3335 1713 αἰῶνος
3352 1648 3519 1703 τούτου
3536 1650 3668 1702 65600-

499 1722 689 1776 saaculi
720 1723 830 1777 sint
865 1724 1157 1793 mancipati
1179 1724 1202 1777 ?

924 1724 1157 1793 ancipati
1179 1724 1202 1777 ?
2103 1794 2143 1809 ῃ
2172 1738 2402 1809 λωμένοι
2422 1755 2436 1804 ;

574 1811 641 1867 ν.
678 1802 779 1868 i0:
812 1813 1085 1883 Erantque
1115 1815 1268 1868 ambo
1300 1832 1425 1886 erga
1456 1833 1570 1870 eam
1600 1816 1830 1870 stimulis
1862 1817 2068 1887 agitati.

2243 1794 2354 1886 lial
2384 1794 2549 1901 ἦσαν
2576 1831 2894 1900 ἀμφότεροι
2923 1836 3416 1906 κατανενυγμένοι
3450 1836 3560 1903 περὶ
3594 1836 3668 1891 αὐ-

502 1900 644 1958 V'ere
672 1906 815 1958 enim
847 1905 1019 1974 accipi
1055 1914 1232 1976 potest
1260 1908 1402 1975 quod
1434 1908 1507 1961 ita
1533 1908 1736 1962 dictum
1776 1918 1859 1964 est
1886 1928 1899 1971 ;
1930 1925 2017 1964 seu

2171 1919 2301 1989 τῆς.
2334 1900 2445 1975 Kal.
2467 1921 2576 1993 γὰρ
2609 1922 2752 1976 ἐστιν
2798 1923 3012 1993 άληθῶς
3050 1900 3442 1981 καταλαϐέσθαι
3557 1928 3670 1998 εἱρηο

501 2010 599 2063 per
628 1996 772 2049 enim
796 1996 905 2050 duo
929 1998 1137 2066 populi,
1172 1996 1386 2052 Satanae
1406 1999 1562 2068 cujus
1592 1998 1771 2054 aﬂlatu
1813 2009 2016 2070 aguntu

2175 2015 2353 2086 μένον,
2387 2016 2470 2069 ὅτι
2503 2016 2732 2070 πάντοτε
2765 2018 2815 2070 οί
2848 2017 2940 2071 δύο
2970 2018 3089 2072 λαοὶ
3140 2020 3567 2090 κατανυσσόμενοι
3595 2019 3669 2072 inab

501 2089 738 2143 stimulis
759 2088 989 2153 incitati,
1022 2090 1456 2158 persecutionum
1479 2092 1743 2162 procellas
1767 2107 2016 2146 aerumna:

2170 2108 2261 2162 τοῦ
2302 2110 2359 2163 ὲν
2393 2109 2577 2173 αὐτοῖς
2615 2110 2965 2181 ἐνεργοῦντος
2995 2112 3207 2166 Σατανᾶ
3229 2151 3245 2177 ,
3298 2088 3547 2183 βούλονται
3578 2112 3670 2165 Euv-

498 2192 605 2245 que
631 2178 891 2232 adversus
926 2178 1224 2235 Ecclesiam
1250 2183 1515 2236 suscitare
1542 2184 1794 2248 student;
1826 2198 2013 2250 qurere]

2170 2200 2346 2269 γμοὺς
2395 2200 2490 2253 καὶ
2533 2178 3014 2274 θλίψειςὲγείρειν
3059 2203 3197 2257 κατὰ
3241 2178 3340 2276 τῆς
3393 2203 3668 2273 Ἐκκλησίας,

499 2278 581 2322 tes
616 2284 722 2338 qua
755 2269 973 2323 demum
1000 2273 1211 2327 ratione
1240 2287 1359 2327 eam
1402 2284 1777 2344 corrumpant,
1827 2288 1952 2328 cum
1985 2289 2011 2327 s

2170 2289 2457 2361 ζητοῦντες
2480 2269 3025 2367 ὅπωςνδιαφθείρωσιν
3047 2297 3238 2369 αὐτὴν,
3264 2269 3464 2360 ἑαυτοῖς
3487 2269 3669 2367 μὲι-συμ-

497 2376 623 2414 cum
651 2362 749 2431 ipsi
776 2377 884 2416 non
913 2364 1277 2418 consentiant.

973 2364 1277 2418 .nsentiant.
2168 2382 2488 2451 φωνοῦντες.

569 2454 635 2508 ν.
666 2453 772 2507 12ε
806 2452 878 2506 Et
906 2455 1248 2508 observabant
1276 2454 1523 2508 sollicite.
1566 2453 1623 2509 ld
1651 2470 1780 2509 vero
1819 2456 2066 2511 animad-

2238 2474 2348 2529 Καὶ
2406 2477 2847 2546 παρετηροῦντο
2902 2482 3241 2550 φιλοτίμως.
3294 2478 3595 2553 Σημειωτέον
3630 2476 3670 2530 δὲ

496 2554 772 2601 vertamus
799 2561 976 2615 operae
1007 2549 1240 2615 pretium
1269 2557 1386 2602 est:
1416 2548 1677 2602 hactenus
1721 2548 1924 2603 scilicet
1968 2550 2011 2603 ο]

2166 2566 2325 2620 τοῦτο
2348 2585 2363 2597 ο
2388 2568 2471 2621 ὅτι
2498 2568 2601 2632 ἕως
2628 2569 2723 2624 νῦν
2746 2572 3186 2645 παρατηροῦνται
3229 2574 3322 2628 καὶ
3349 2573 3672 2645 περιεργάζον-

497 2652 717 2691 servare
743 2654 805 2691 ac
832 2639 1100 2693 curiosius
1130 2639 1406 2708 inquirere
1422 2655 1541 2709 qute
1566 2639 1618 2693 in
1642 2638 1879 2694 Ecclesia
1910 2640 2012 2695 ﬁan

2164 2676 2257 2712 ται
2278 2661 2346 2714 τὰ
2369 2663 2427 2714 ὲν
2452 2665 2521 2734 τῇ
2570 2638 2865 2737 Ἐκκλησία
2893 2638 3242 2737 πραττόμενα
3259 2707 3274 2731 ,
3305 2667 3359 2720 οῖ
3391 2638 3447 2719 τε
3472 2638 3676 2729 ὲξνὲθνῶν

501 2742 617 2783 tum
645 2731 902 2798 gentiles,
956 2740 1067 2783 tum
1102 2746 1168 2783 ex
1210 2732 1625 2787 circumcisione
1673 2732 1918 2800 Judzcos;
1971 2751 2016 2804 qi

2166 2751 2259 2803 καὶ
2282 2751 2332 2804 οί
2386 2752 2452 2806 ὲκ
2495 2731 2797 2827 περιτομῆς
2840 2731 3133 2821 τἸουδαῖοιη,
3176 2757 3481 2829 βουλόμενοι
3512 2754 3673 2825 ψευδεῖς

494 2820 746 2875 videlicet
762 2820 928 2875 falsos
952 2830 1115 2876 testes
1138 2820 1425 2877 adversum
1448 2838 1548 2878 nos
1565 2823 2009 2881 velintsubornar

2167 2844 2451 2917 μάρτυρας
2478 2820 2804 2921 καταφέρειν
2835 2849 2955 2903 καθ’
2988 2820 3187 2921 ἡμῶν,
3225 2851 3304 2915 ὡς
3420 2820 3674 2905 EAM-31010;

496 2911 955 2980 quemadmodum
987 2913 1409 2982 aitApostolus:
1458 2913 1682 2983 PrOpter
1728 2925 1903 2968 autem
1938 2931 2011 2969 sui

2162 2911 2363 3005 λέγει·-
2382 2937 2485 2991 Διὰ
2529 2938 2597 2991 δὲ
2632 2911 2779 3006 ’τοὺς
2819 2911 3333 3010 παρεισίαχθέντας
3371 2934 3676 3009 ψευδοαδέλ-

495 3004 822 3059 iutroductos
851 3006 1015 3074 falsos
1045 3006 1259 3075 fratres,
1307 3008 1397 3077 qui
1431 3008 1841 3061 subintroierunt
1888 3008 2007 3078 expl

2162 3004 2334 3098 φους,
2364 3030 2581 3097 οἵτινες
2608 3004 3395 3103 είσῆλθοννκαταοκοπιῆααί
3420 3034 3524 3100 τὴν
3556 3030 3676 3083 ἐλευ-

495 3112 614 3149 rare
636 3096 928 3151 libertatem
952 3108 1208 3165 nostram,
1238 3115 1394 3169 quam
1426 3098 1670 3152 habemus
1708 3100 1763 3152 in
1783 3098 1991 3154 Christo

2014 3101 2058 3155 δ’
2088 3130 2130 3189 C
2164 3096 2366 3190 θερίαν
2390 3121 2577 3192 ἡμῶν,
2601 3123 2681 3191 ἢν
2707 3096 2925 3194 ἔχομεν
2952 3125 3021 3179 ἐν
3043 3096 3280 3195 Χριστῷ
3318 3096 3517 3193 Ἰησοῧ.

566 3187 778 3244 Peccati
826 3206 998 3261 genus
1043 3200 1156 3258 est,
1193 3205 1435 3261 quaerere
1461 3199 1521 3245 ut
1563 3190 1781 3246 feminis
1816 3194 2062 3248 attendas

2053 3210 2062 3247 ί
2102 3187 2118 3189 -
2224 3187 2387 3277 ⁷Εἶδος
2403 3187 2696 3285 άμαρτίας,
2808 3187 2989 3285 ζητεῖν
3016 3187 3305 3286 προσέχειν
3330 3187 3568 3285 γυναιξίν.

452 3313 457 3318 ⁸
492 3296 758 3337 animum.

563 3394 629 3450 ν.
668 3395 763 3450 l5:
798 3395 870 3450 Et
909 3398 1100 3466 egressi
1140 3407 1456 3452 recesserunt
1500 3416 1533 3452 a
1560 3415 1614 3453 se
1653 3409 1856 3453 mutuo.
1908 3398 2063 3465 Quod

2234 3396 2342 3451 Kal
2360 3395 2714 3464 ἐξελθόντες
2727 3396 3206 3466 διεχωρισθησαν
3217 3395 3321 3449 ἀπ’
3339 3391 3610 3460 αλλήλων.
3626 3385 3676 3438 Τὸ

491 3502 619 3555 ergo
648 3502 678 3540 a
723 3502 780 3542 se
807 3499 996 3543 mutuo
1019 3498 1362 3544 recesserunt
1404 3488 1538 3544 hora
1567 3491 1802 3560 prandii,
1834 3491 1938 3546 hoc
1988 3507 2006 3545 s

2165 3484 2274 3552 οὖν,
2322 3487 2802 3559 διεχωρίσθησαν
2825 3488 2926 3543 ἀπ’
2944 3486 3231 3555 ἀλλήλων
3258 3486 3337 3557 τῇ
3355 3484 3471 3554 ὥρᾳ
3489 3479 3680 3581 τοῦὰρί-

490 3578 711 3646 gnillcat
736 3579 790 3633 in
818 3580 1050 3635 terrenis
1067 3581 1285 3650 quidem
1310 3582 1449 3636 cibis
1478 3597 1585 3636 non
1614 3584 1926 3638 consentire
1959 3582 2005 3638 Jt

2165 3596 2336 3647 στου,
2364 3579 2521 3635 τοῦτο
2545 3580 2796 3651 σημαίνει
2815 3596 2829 3610 ο
2856 3579 2938 3632 ὅτι
2969 3578 3027 3631 ὲν
3067 3580 3162 3649 μὲν
3191 3581 3308 3641 τοῖς
3333 3575 3564 3648 βρώμασι
3599 3575 3680 3626 τῶς

489 3667 638 3723 daeos
667 3684 789 3723 cum
812 3669 1098 3740 gentibus;
1128 3670 1184 3725 in
1218 3687 1381 3726 sensu
1405 3686 1533 3725 vero
1553 3673 1872 3742 cunctisque
1899 3674 2004 3728 reb:

2165 3672 2425 3741 ἐπιγείοις
2447 3672 2498 3725 οί
2543 3671 2785 3725 Ἰουδαῖοι
2816 3669 2924 3725 τῶν
2948 3670 3117 3723 ἐθνῶν
3148 3670 3207 3723 οὐ
3228 3666 3614 3740 συμφωνοῦσιν·
3638 3660 3680 3709 ἐν

490 3759 557 3813 ad
589 3761 772 3815 saeculi
805 3778 966 3817 usum
1001 3763 1391 3832 spectantibus,
1416 3764 1703 3818 convenire
1728 3779 1792 3818 ac
1816 3779 2005 3822 comm:

2164 3763 2214 3816 δὲ
2251 3765 2370 3827 ταῖς
2393 3762 2645 3834 θεωρίαις
2672 3761 2769 3816 καὶ
2800 3761 2963 3815 παντὶ
2986 3759 3233 3832 κοσμικῷ
3269 3760 3561 3833 πράγματι,
3589 3768 3679 3804 του·

489 3851 693 3906 nicare.
2156 3872 2271 3919 τοις
2301 3855 2679 3927 συνερχόμενοι
2704 3853 3065 3909 κοινωνοῦσιν.

560 3940 625 3997 ν.
659 3943 760 3997 M:
794 3944 865 3999 Et
892 3947 1217 4001 sciscitantes
1239 3946 1307 3999 ad
1332 3946 1552 4000 invicem
1573 3963 1810 4013 causam,
1833 3948 2056 4012 confessi

2227 3946 2337 4002 Καὶ
2366 3945 2746 4011 ἀνετάζοντες
2766 3944 3080 4011 ἀλλήλους
3109 3942 3224 4011 τὴν
3260 3942 3485 4003 αἰτίαν,
3508 3931 3683 4036 ὡμολό-

487 4043 611 4089 sunt
646 4053 795 4090 suam
828 4040 1330 4109 concupiscentiam.
1381 4039 1486 4109 Ipsi
1536 4039 1640 4094 sibi
1668 4041 1998 4095 vaticinantu

2167 4052 2357 4110 Γησαν
2388 4036 2503 4107 τὴν
2530 4037 2867 4106 ἐπιθυμίαν.
2890 4036 3054 4089 Αὐτοὶ
3096 4036 3314 4099 ἑαυτοῖς
3370 4038 3682 4103 προφητευον-

489 4127 896 4185 sciscitantibus
945 4131 1370 4202 cogitationibus
1420 4130 1728 4187 reddituros
1776 4147 1899 4188 esse
1941 4132 2004 4187 Dt

2169 4146 2265 4192 rat,
2297 4127 2372 4192 ὡς
2400 4128 2753 4199 μελλήσουσιν
2778 4127 2881 4181 ὑπὸ
2903 4124 3177 4197 λογισμῶν
3216 4124 3527 4195 ἐταζόμενοι
3566 4117 3684 4182 λόγον

484 4217 752 4271 rationem
784 4218 805 4248 ⁸
832 4233 929 4288 pro
952 4220 1204 4273 omnibus
1247 4236 1367 4291 qua:
1398 4222 1760 4290 peccaverint,
1787 4237 1999 4291 quemat

2166 4218 2338 4273 δοῦναι
2366 4218 2446 4290 τῷ
2468 4217 2587 4289 Θεῷ
2640 4219 2781 4291 ὑπὲρ
2811 4219 2993 4288 πάσης
3037 4217 3312 4290 ἁμαρτίας
3359 4213 3428 4289 ἧς
3468 4209 3681 4312 ἐπρξξξξ,

486 4306 709 4360 modum
746 4305 1003 4363 Salomon
1027 4312 1133 4363 ait:
1166 4309 1470 4365 Sciscitatio
1509 4310 1637 4380 (seu
1655 4314 1997 4384 examen)pe

2169 4311 2230 4375 ὣς
2258 4310 2508 4382 Σολομὼν
2534 4310 2681 4380 λέγει
2706 4328 2719 4341 ·
2751 4309 3035 4379 Ἐτασμὸς
3063 4309 3130 4363 δὲ
3144 4308 3387 4375 ἀσεϐεῖς
3410 4305 3543 4361 ὀλεῖ.
3580 4302 3684 4354 Ἀλί-

487 4399 574 4452 det
613 4399 800 4465 impios
837 4401 879 4453 ⁸.
914 4401 1219 4471 Capiuntur
1243 4405 1386 4458 enim
1420 4404 1475 4458 hi
1506 4404 1893 4461 sciscitatione.

1579 4404 1893 4461 scitatione.
2159 4421 2377 4457 σκονται
2406 4401 2512 4475 γὰρ
2537 4396 2682 4457 οὗτοι
2703 4401 2808 4456 ὑπὸ
2838 4402 3094 4465 ὲτάσεως.

561 4488 619 4544 ν.
665 4491 761 4545 15ε
793 4491 934 4546 Dum
963 4493 1291 4549 observarent
1313 4495 1451 4549 diem
1470 4505 1672 4566 aptum.
1696 4496 1869 4563 Quem
1887 4512 2049 4567 porro

2238 4497 2333 4549 Ἐν
2398 4495 2479 4561 τῷ
2518 4494 2877 4564 παρατηρεῖν
2926 4494 3147 4559 αὐτοὺς
3189 4494 3422 4564 ἡμέραν
3467 4490 3680 4543 εὔθετον.

485 4581 591 4634 nisi
622 4581 765 4637 diem
796 4582 1039 4650 Paschaa,
1089 4601 1184 4654 per
1208 4602 1367 4655 quem
1398 4587 1674 4642 lavacrum
1714 4590 1769 4643 in
1807 4604 1998 4658 pomar

2169 4591 2320 4645 Ποίαν
2353 4589 2591 4655 εὔθετον,
2617 4588 2779 4658 ἀλλ’ἢ
2811 4587 2911 4659 τὴν
2938 4587 3030 4639 τοῦ
3062 4586 3274 4655 Πάσχα,
3300 4588 3360 4639 ὲν
3429 4583 3488 4635 τὸ
3508 4574 3684 4645 λουτρδν

481 4676 838 4731 aestuantibus
886 4688 1130 4747 paratur,
1180 4688 1233 4733 et
1277 4677 1526 4734 Susanna
1579 4682 1800 4749 lavans,
1845 4698 1996 4737 munt

2172 4702 2214 4739 εν
2243 4684 2553 4755 παραδείσῳ
2582 4685 2696 4745 τοῖς
2740 4681 3047 4751 καιομένοις
3067 4679 3410 4749 ὲτοιμάζεται
3433 4715 3448 4738 ,
3484 4673 3569 4727 καὶ
3603 4668 3687 4719 Συ-

480 4766 592 4822 Deo
615 4784 816 4837 sponsa
841 4772 1083 4827 sistitur?

2167 4778 2324 4830 σάννα
2350 4774 2739 4844 ἀπολουομένη,
2763 4771 2978 4841 καθαρά
2998 4771 3182 4841 νύμφη
3217 4769 3338 4838 Θεῷ
3364 4766 3682 4837 παρίσταταις

549 4861 683 4915 Cum
709 4863 913 4918 duabus
934 4866 1061 4921 solis
1090 4867 1300 4935 puellis.
1352 4865 1579 4933 Quando
1623 4870 1765 4923 enim
1810 4868 2049 4925 Ecclesia

2224 4869 2387 4922 Μετὰ
2428 4866 2537 4920 δύο
2562 4867 2755 4935 μόνον
2789 4864 3108 4932 κορασίων.
3166 4862 3366 4914 Ἠνίκα
3419 4857 3523 4929 γὰρ
3554 4855 3609 4908 ἂν
3644 4848 3687 4900 τὺ

474 4968 543 5008 ex
580 4968 733 5009 more
757 4956 905 5025 cupit
946 4958 1221 5013 lavacrum
1250 4960 1547 5029 suscipere,
1582 4963 1716 5015 duas
1744 4976 1989 5015 necessar

2167 4960 2293 5031 ιατὰ
2325 4959 2551 5030 σύνηθες
2575 4958 2812 5029 ἐπιθυμῇ
2838 4956 3057 5027 λουτρὸν
3090 4953 3272 5006 λαϐεῖν
3312 4954 3347 5023 ἡ
3414 4940 3682 5050 Ἐκκλησία.

471 5047 702 5101 ancillas
744 5037 970 5102 comites
1009 5048 1190 5103 habet.
1236 5049 1446 5105 Etenim
1496 5051 1732 5106 Ecclesia
1763 5068 1855 5121 per
1888 5053 1986 5107 ﬁde

2169 5053 2209 5119 ιξ
2242 5051 2486 5122 ἀνάγκης
2509 5050 2683 5123 ταύτῃ
2708 5049 2802 5102 δύο
2842 5048 3129 5109 παιδίσκας
3167 5045 3245 5098 δεῖ
3277 5037 3684 5115 παρακολουθεῖν·

474 5138 526 5190 in
555 5138 838 5193 Christum
868 5149 922 5194 et
940 5155 1035 5209 per
1062 5141 1380 5196 charitatem
1414 5143 1468 5196 in
1496 5142 1663 5197 Deum
1689 5141 1933 5197 confessa
1960 5160 1987 5197 r

2172 5144 2236 5197 ἱιὰ
2263 5145 2367 5215 γὰρ
2386 5144 2485 5213 τῆς
2508 5143 2743 5205 πίστεως
2765 5144 2846 5204 είς
2867 5138 3120 5211 Χριστὸν,
3139 5139 3233 5191 καὶ
3265 5137 3361 5190 διὰ
3387 5136 3487 5205 τῆς
3505 5131 3687 5232 ἀγάπης

472 5230 606 5300 cipit
635 5230 935 5286 lavacrum.
2149 5236 2246 5306 τῆς
2279 5237 2414 5305 πρὸς
2432 5235 2524 5287 τὸν
2548 5234 2681 5287 Θεὸν
2700 5232 2966 5303 λαμϐάνει
2989 5230 3050 5282 τὸ
3068 5228 3292 5299 λουτρὸν
3330 5228 3642 5299 ὁμολογοῦσα
3661 5233 3687 5287 η

2162 5329 2473 5400 Ἐκκλησία.
2752 5328 2786 5365 ⁸

548 5405 618 5461 ν.
666 5408 761 5463 18;
826 5409 1078 5481 Dixitque
1129 5414 1349 5482 puellis:
1405 5415 1602 5484 Aﬂ‘erte
1656 5415 1785 5467 mihi
1850 5414 2042 5467 oleum.

2220 5422 2332 5475 Καὶ
2380 5418 2510 5475 εἷπε
2563 5420 2693 5488 τοῖς
2743 5420 3078 5489 κορασίοιςο
3146 5414 3461 5485 Ἐνέγκατε
3510 5408 3578 5475 δή
3610 5420 3688 5476 μοι

467 5499 705 5557 Proinde
726 5504 859 5560 ﬁdes
887 5514 942 5560 ct
970 5506 1228 5573 Charitas,
1248 5508 1428 5562 oleum
1454 5516 1506 5561 et
1534 5516 1831 5577 smegmata
1855 5508 1982 5562 lava:

2173 5516 2371 5571 τλαιον.
2418 5515 2507 5579 Ὦς
2531 5514 2712 5578 πίστις
2736 5515 2825 5567 καί
2848 5513 3033 5581 ἀγάπη
3064 5510 3125 5564 τὸ
3144 5510 3322 5563 ἔλαιον
3365 5510 3461 5563 καὶ
3493 5505 3556 5559 τὰ
3578 5500 3688 5572 alii?

476 5593 622 5647 tibus
653 5606 864 5662 parant.
906 5596 1167 5663 Quaenam
1201 5614 1332 5654 veto
1363 5611 1697 5673 smegmata,
1734 5602 1843 5658 nisi
1881 5602 1988 5660 Ver

2174 5627 2335 5681 ’ματα
2364 5610 2475 5671 τοῖς
2508 5607 2814 5677 λουομένοις
2853 5603 3215 5675 ἑτοιμάζουσι.
3266 5602 3404 5656 Τίνα
3443 5600 3499 5655 δὲ
3544 5592 3602 5667 ἦν
3636 5589 3689 5645 τά

416 5752 446 5790 ν’
529 5746 562 5809 ,⁵
589 5745 707 5803 Gal.
737 5763 799 5816 tt,
830 5749 881 5803 4.
940 5752 980 5829 7'
1022 5751 1180 5807 Rom.
1226 5769 1297 5821 ιι,
1331 5753 1415 5808 15.
1494 5756 1513 5785 ⁸³
1542 5752 1707 5810 Prov.
1743 5770 1799 5825 ι,
1829 5755 1915 5811 52.
