3836 6538
141 389 235 447 693

1276 378 1697 437 FRAGMENTA
1734 377 1805 432 ΙΝ
1839 380 2200 437 DANIELEM.

3236 376 3340 435 695

141 510 452 584 σμήγματα,
479 508 588 562 ἀλλ’
613 507 647 578 ἢ
675 504 768 561 τοῦ
802 505 954 575 ἀγίου
982 504 1153 573 Λόγου
1178 502 1418 568 ἐντολαί;
1467 502 1519 555 τί
1549 501 1605 555 δὲ
1628 500 1688 553 τὸ

1797 504 2045 559 mandata
2062 506 2087 558 ?
2118 503 2388 573 quodnam
2416 510 2593 558 autem
2614 500 2813 566 oleum,
2839 500 2944 555 nisi
2965 498 3137 555 virtus
3165 496 3339 568 Spiri-

139 605 328 666 ἔλαιον,
372 601 487 655 ἀλλ’
531 601 565 672 ἢ
612 598 720 668 τοῖ’)ἰ
746 598 902 666 ἁγίου
945 596 1256 667 Πνεύματος
1300 593 1553 663 δύναμις;
1602 587 1689 655 αἶς

134 694 273 769 μετά
310 691 374 747 τδ
410 692 629 763 λουτρὸν
666 690 741 754 ὡς
777 690 947 760 μύρου
990 689 1228 759 χρίονται
1255 687 1303 739 οἱ
1328 684 1684 748 πιστεύοντες.

130 788 200 840 Τα
212 784 313 838 ὖτα
338 784 513 837 πάντα
534 780 845 835 διετυπούτο
865 779 952 832 διὰ
971 779 1073 849 τῆς
1102 778 1375 849 μακαρίας
1405 776 1688 845 Σωσάννης

129 879 185 931 δι’
214 877 394 946 ἡμᾶς·
421 875 510 929 ἵνα
530 872 624 928 νῦν
646 874 826 944 ἡμεῖς,
850 872 899 925 οἱ
922 870 1000 941 τῷ
1035 868 1155 939 Θεῷ
1198 869 1557 933 πιστεύοντες,
1612 869 1689 939 μὴ

130 968 194 1031 ὼς
230 966 357 1033 ξένα
385 965 453 1020 τὰ
478 965 572 1019 νῦν
598 964 858 1035 γενόμενα
878 965 936 1016 ἐν
962 964 1030 1033 τῇ
1066 961 1356 1032 Ἐκκλησία
1389 963 1685 1031 νοήσωμεν,

132 1059 232 1113 ἀλλ’
268 1059 303 1130 ἢ
336 1057 513 1113 πάντα
552 1055 724 1110 ταῦτα
766 1054 855 1107 διὰ
902 1052 1007 1106 τῶν
1050 1050 1394 1123 πατριαρχῶν
1432 1067 1691 1120 προτετυ-

134 1165 209 1201 πω
220 1150 361 1220 μένα
391 1146 785 1215 πιστεύσωμεν,
814 1142 953 1197 καθά
976 1143 1070 1197 καὶ
1094 1145 1123 1196 ό
1167 1141 1480 1206 ’Δπόστολος
1510 1141 1682 1210 λέγει’

141 1242 325 1297 Ταῦτα
351 1240 421 1294 δὲ
448 1239 706 1304 τυπικῶς
743 1237 1095 1292 συνέϐαινεν
1140 1235 1416 1301 ἐκείνοις·
1465 1233 1691 1304 ἐγράφη

136 1332 195 1385 δὲ
229 1332 383 1400 πρὸς
423 1331 745 1386 νουθεσίαν
789 1326 991 1397 ήμῶν,
1018 1330 1104 1394 εὶς
1133 1326 1242 1395 οὓς
1280 1326 1355 1381 τὰ
1393 1326 1536 1395 τέλη
1570 1324 1692 1380 τῶν

133 1421 353 1475 αἰώνων
384 1420 786 1489 κατήντησαν.

195 1512 305 1566 Καὶ
338 1512 601 1580 ἐξῆλθον
624 1512 771 1567 κατὰ
796 1514 901 1581 τὰς
924 1513 1181 1585 πλαγίας
1224 1513 1423 1581 θύρας.
1463 1512 1688 1584 Προμη-

135 1601 371 1669 νύουσαι,
409 1606 488 1657 ὅτι
512 1606 540 1657 ό
566 1604 887 1676 βουλόμενος
912 1604 1003 1658 τοῦ
1030 1607 1085 1658 ἐν
1108 1604 1185 1675 τῷ
1215 1604 1526 1675 παραδείσῳ
1559 1602 1687 1656 ὓδα-

134 1710 214 1755 τος
247 1694 593 1763 μεταλαϐεῖν,
626 1695 994 1761 ἀποτάξασθαι
1020 1695 1116 1767 μὲν
1140 1695 1339 1765 ὀφείλει
1370 1698 1436 1765 τῇ
1462 1693 1689 1763 πλατείᾳ

134 1782 265 1855 θύρᾳ.
284 1800 301 1815 ⁸
330 1784 419 1837 διὰ
440 1784 495 1837 δὲ
528 1786 625 1855 τῆς
657 1787 851 1856 στενῆς
878 1787 972 1840 καὶ
1004 1785 1363 1855 τεθλιμμένης
1408 1784 1683 1837 εἰσελθεῖν.

1792 604 1876 650 tus
1907 598 2113 651 sancti?
2138 598 2335 667 quibus
2351 607 2471 669 pust
2499 598 2771 651 lavacrum
2790 604 3047 664 tanquam
3066 599 3345 662 unguento

1789 688 1973 745 ﬁdeles
1994 700 2388 763 perunguntur.
2416 692 2618 747 Cuncta
2641 690 2754 745 haec
2782 703 2875 759 per
2894 688 3107 742 beatam
3130 684 3341 741 Susan-

1790 796 1914 836 nam
1943 784 2117 837 nostri
2161 799 2326 838 causa
2366 783 2770 853 ﬁgurabantur:
2820 795 2887 835 ne
2921 779 3083 834 modo
3112 778 3339 842 scilicet,

1788 874 1880 943 qui
1911 872 2020 929 Deo
2049 875 2342 939 credimus,
2368 889 2431 928 ea
2460 889 2579 943 qua:
2620 870 3101 942 impraesentiarum
3151 868 3205 923 in
3241 866 3345 922 Ec-

1789 965 1952 1021 clesia
1977 964 2133 1029 fiunt,
2170 973 2425 1035 tanquam
2464 980 2601 1020 nova
2646 980 2708 1020 ac
2747 963 3029 1034 peregrina
3064 959 3344 1015 existime-

1790 1072 1941 1119 mus;
1973 1056 2068 1111 sed
2098 1065 2291 1112 cuncta
2318 1057 2431 1111 haec
2461 1057 2588 1111 olim
2614 1070 2709 1125 per
2736 1053 3074 1125 patriarchas
3116 1051 3342 1121 ﬁgurata

1791 1148 2110 1211 credamus,
2182 1148 2639 1217 quemadmodum
2678 1146 2839 1201 etiam
2893 1142 3183 1213 Apostolus
3233 1142 3341 1193 ait:

1796 1237 1925 1293 Haec
1953 1238 2317 1309 contingebant
2345 1238 2454 1292 illis
2480 1238 2534 1292 in
2556 1238 2775 1308 figuris;
2803 1236 2998 1305 scripta
3017 1243 3192 1287 autem
3221 1241 3346 1285 sunt

1793 1329 1861 1382 ad
1895 1338 2129 1383 nostram
2158 1329 2592 1395 exhortationem,
2614 1330 2668 1383 in
2686 1344 2813 1399 quos
2837 1329 2963 1397 lines
2986 1325 3165 1380 saeculi
3196 1322 3345 1376 deve-

1789 1432 1974 1476 nerunt
2011 1421 2053 1474 '.

1863 1513 1930 1567 ν.
1960 1514 2055 1569 18ε
2098 1513 2168 1567 Et
2197 1514 2435 1568 exierunt
2478 1529 2569 1584 per
2594 1513 2872 1582 posticum.
2914 1509 3118 1580 Nempe
3160 1508 3345 1578 praesi-

1791 1615 2043 1676 guantes,
2075 1608 2167 1677 qui
2205 1607 2334 1662 velit
2363 1607 2417 1661 in
2439 1607 2685 1677 pomario
2724 1620 2862 1676 aqua
2901 1604 3123 1674 intingi,
3152 1603 3348 1657 debere

1792 1696 2044 1749 nuntium
2069 1696 2347 1751 remittere
2377 1706 2546 1766 portae
2587 1696 2708 1751 lata:
2731 1696 2782 1764 ³,
2820 1704 2873 1750 et
2914 1709 3011 1764 per
3048 1705 3250 1748 arctam
3295 1699 3348 1746 et

1790 1798 2192 1859 coangustatam
2228 1789 2457 1859 ingredi.

194 1844 304 1931 lia!
332 1878 446 1931 οὐκ
480 1844 642 1931 εἶδον
660 1844 1284 1946 τοὺςᾶρεσϐυτέριους.
1319 1844 1541 1947 ι’ίΩσπερ
1581 1876 1688 1946 γὰρ

1860 1879 1931 1934 Et
1976 1897 2080 1935 non
2119 1882 2359 1935 viderunt
2407 1881 2653 1934 seniores.
2695 1874 3159 1946 Quemadmodum
3202 1876 3349 1931 enim

132 1967 239 2021 τότε
268 1970 330 2021 ἐν
352 1967 434 2039 τῷ
467 1969 776 2041 παραδείσῳ
823 1970 1123 2041 συνεκρύϐη
1157 1972 1185 2024 ὁ
1231 1969 1471 2033 διάϐολος
1508 1971 1565 2023 ἐν
1611 1969 1690 2041 τῷ

132 2056 263 2126 ὕφει,
292 2056 552 2111 οὕτωκαὶ
587 2057 680 2111 νῦν
710 2061 767 2112 ἐν
801 2062 913 2122 τοῖς
960 2060 1347 2132 πρεσϐυτέροις
1382 2059 1686 2132 ἐγκρυϐεὶς,

132 2150 221 2219 τὴν
240 2148 442 2203 ἐαυτοῦ
468 2150 813 2222 ἐνεκίσσησεν
841 2150 1153 2221 ἐπιθυμίαν,
1184 2151 1272 2206 ἵνα
1301 2150 1459 2207 πάλιν
1487 2152 1552 2204 ἐκ
1573 2150 1691 2205 δευ-

129 2238 283 2309 τέρου
315 2238 602 2312 διαφθείρῃ
633 2240 732 2311 τὴν
764 2238 927 2294 Εὕαν.

204 2330 357 2385 Ἰδοὺ
401 2333 462 2385 αι
497 2332 664 2398 θύραι
703 2330 808 2385 τοῦ
850 2332 1212 2400 παραδείσου
1236 2332 1587 2389 κέκλεινται.
1615 2328 1687 2385 το

129 2422 459 2494 παρανόμων
473 2422 747 2493 ἀρχόντων
776 2424 871 2477 καὶ
898 2424 1203 2497 διαϐολικῆς
1217 2424 1493 2496 ἐνεργείας
1520 2442 1688 2496 μεμε-

132 2514 422 2585 στωμένων
440 2531 454 2545 ·
480 2514 651 2568 ταῦτα
682 2515 809 2585 ὑμῖν
830 2517 1114 2587 παρέδωκε
1150 2517 1424 2587 Μωῦσῆς;
1464 2516 1604 2571 οὕτω
1632 2516 1691 2571 δέ

128 2605 212 2658 τὸν
251 2605 426 2676 νόμον
446 2605 904 2674 ἀναγινώσκοντες
928 2608 1144 2680 ἐτέρους
1166 2608 1442 2662 διδάσκετε
1463 2626 1477 2675 ;
1522 2608 1579 2663 Ὀ
1600 2608 1690 2662 λέ-

130 2717 232 2767 γων
268 2701 349 2771 μὴ
370 2699 633 2770 φονεύειν,
666 2701 827 2764 αὐτὸς
853 2700 1126 2772 φονεύειςς
1170 2701 1227 2755 '0
1256 2701 1427 2771 λέγων
1464 2702 1537 2772 μὴ
1568 2704 1691 2755 ἐπι-

129 2789 339 2861 θυμεῖν,
368 2791 533 2855 αὐτὸς
558 2791 655 2862 τὴν
683 2795 914 2860 γυναῖκα
956 2790 1051 2845 τοῦ
1096 2791 1321 2863 πλησίον
1360 2791 1691 2863 διαφθείρειν

129 2881 297 2945 θέλεις
323 2899 339 2947 ;

191 2976 300 3031 Καὶ
323 2975 681 3045 ἐνέπιθυμίᾳ
704 2989 817 3030 σου
835 2975 1107 3045 ἐσμέν.Τί
1127 2974 1464 3041 ἀναπείθετε,
1481 2975 1687 3046 ἄνομοι,

130 3067 381 3140 σώφρονα
406 3067 499 3121 καὶ
522 3067 777 3139 ἀκέραιον
804 3066 977 3138 ψυχὴν
996 3066 1175 3135 λόγοις
1190 3066 1460 3136 ψευδέσιν,
1484 3066 1571 3119 ἵνα
1591 3065 1691 3135 τὴν

1789 1980 1921 2027 tunc
1945 1972 1999 2026 in
2025 1972 2273 2042 pomario
2300 1971 2615 2043 (paradiso)
2651 1970 2863 2025 delituit
2884 1969 3129 2024 diabolus
3156 1968 3207 2021 in
3236 1982 3352 2022 ser-

1788 2071 1948 2135 pente
1972 2064 2024 2130 ’;
2050 2065 2131 2120 sic
2161 2080 2306 2119 nunc
2334 2078 2552 2133 quoque
2579 2064 2631 2116 in
2659 2062 2965 2119 senioribus
2992 2062 3228 2122 latitans,
3249 2075 3348 2114 sua

1789 2156 1915 2224 illos
1944 2155 2383 2226 concupiscentia
2413 2153 2679 2221 accendit,
2710 2161 2769 2208 ut
2804 2166 2996 2207 rursus
3024 2152 3201 2208 denuo
3229 2166 3351 2207 cor-

1789 2257 2003 2318 rumpat
2036 2246 2223 2302 Evam.

1858 2336 1925 2392 Υ.
1962 2337 2059 2391 i9:
2098 2336 2232 2392 Ecce
2258 2338 2396 2392 ostia
2424 2337 2646 2404 pomarii
2673 2336 2852 2390 clausa
2873 2344 3016 2390 sunt.
3048 2333 3093 2389 Ο
3123 2334 3351 2390 scelera-

1788 2437 1875 2484 tos
1898 2408 2111 2498 iudices
2154 2428 2448 2497 plenosque
2488 2427 2755 2482 diabolico
2806 2425 3023 2480 alllatu!
3060 2422 3199 2479 Num
3234 2424 3357 2477 baec-

1790 2519 1944 2574 vobis
1975 2518 2197 2573 tradidit
2234 2517 2482 2589 Moyses?
2515 2517 2675 2573 Sicne
2725 2517 2961 2587 legentes
3006 2517 3175 2586 legem
3211 2512 3351 2567 alios

1791 2610 2035 2666 docetis?
2066 2609 2170 2676 Qui
2196 2610 2458 2679 praedicas
2486 2624 2594 2665 non
2635 2607 2941 2665 faciendum
2974 2604 3348 2668 homicidium,

1790 2702 2143 2759 homicidium
2174 2701 2345 2758 facis?
2373 2701 2476 2768 Qui
2508 2703 2645 2758 dicis
2685 2719 2790 2758 nou
2838 2698 3349 2770 concupiscendum,

1789 2792 1905 2864 ipse
1926 2808 2148 2849 uxorem
2175 2792 2407 2863 proximi
2440 2808 2784 2863 corrumpere
2808 2791 3001 2862 cupis?

1778 2900 1786 2944 ξ
1860 2881 1930 2937 Et
1963 2884 2019 2937 in
2045 2884 2460 2953 concupiscentia
2494 2884 2798 2939 tui-sumus.
2835 2882 3057 2954 thuid,
3112 2880 3352 2948 scelesti,

1790 2982 1999 3029 castam
2020 2974 2255 3029 animam
2287 2982 2449 3044 atque
2467 2975 2765 3045 simplicem
2788 2975 2967 3030 verbis
2990 2973 3351 3029 mendacibus

1789 3078 1823 3119 ι
1853 3064 2049 3119 mentis
2094 3063 2359 3141 sententia
2400 3065 2669 3132 avocatis,
2697 3072 2759 3119 ut
2794 3064 3071 3120 libidinem
3112 3072 3350 3119 vestram

126 3163 232 3214 οίκε
242 3162 331 3213 ίαν
361 3159 653 3230 ἐπιθυμίαν
690 3161 922 3231 στήσητε
942 3176 956 3225 ;

1797 3156 2077 3211 statuatis?

188 3255 258 3306 Εί
284 3252 360 3306 δὲ
381 3251 490 3321 μὴ,
521 3251 1125 3321 καταμαρτυρήσομέν
1152 3265 1287 3306 σου.
1320 3249 1523 3317 Ταῦτα,
1541 3250 1689 3321 ὑμῶν

1867 3244 1932 3300 Υ.
1967 3246 2064 3301 2i:
2100 3244 2257 3311 Quod
2278 3247 2325 3300 si
2349 3245 2598 3312 nolueris,
2626 3247 2858 3301 dicemus
2890 3255 3072 3301 contra
3116 3257 3163 3301 te
3199 3248 3349 3300 testi-

128 3342 188 3395 τά
216 3345 312 3396 ἀπ’
339 3344 516 3415 ἀρχῆς
534 3344 678 3397 δεινά
700 3344 1039 3415 τολμήματα,
1071 3343 1159 3397 διὰ
1180 3343 1273 3397 τὸν
1304 3345 1397 3397 ἀπ’
1438 3343 1610 3415 ἀρχῆς
1638 3345 1689 3396 ἐν

1797 3338 2050 3391 monium.
2085 3335 2208 3391 Haec
2235 3346 2411 3391 vestra
2437 3338 2505 3392 ab
2527 3338 2681 3393 initio
2707 3338 2960 3408 proiecta:
2996 3338 3192 3393 mentis
3216 3351 3349 3391 ausa

126 3434 247 3503 ὑμῖν
287 3434 721 3505 ἐμφωλεύσαντα
764 3435 981 3489 πλάνον.
1006 3436 1113 3489 Ἦν
1171 3434 1281 3506 γὰρ
1338 3435 1505 3498 ὅντως
1559 3434 1689 3505 μετὰ

1798 3428 2081 3499 improba,
2128 3429 2430 3485 seductoris
2475 3430 2645 3500 gratia
2692 3431 2865 3499 quiin
2892 3430 3046 3484 vobis
3090 3431 3157 3484 ab
3197 3429 3350 3485 initio

55 3574 63 3587 ,
126 3530 326 3597 ταύτης
350 3528 631 3590 νεανίσκος
656 3528 747 3580 ἀπ’
778 3527 1019 3598 οὐρανῶν
1048 3527 1307 3597 ὑμέτερος
1334 3526 1431 3595 (l),
1463 3526 1522 3577 οὐ
1559 3542 1691 3595 συγ-

125 3616 409 3687 γινόμενος
433 3615 588 3688 αὺτῇ,
618 3616 752 3669 ἀλλά
784 3615 1184 3688 συμμαρτυρῶν
1214 3618 1279 3685 τῇ
1309 3614 1552 3685 ἀληθείᾳ.

189 3790 302 3844 Καὶ
344 3790 749 3854 ἀνεστέναξεν
777 3788 1083 3844 Σωσὰννα.
1112 3787 1327 3842 Τούτων
1346 3782 1439 3842 οὖν
1464 3786 1571 3841 τῶν
1603 3790 1697 3859 ρη-

127 3880 309 3951 μάτων
349 3881 631 3935 ἀκούσασα
660 3884 693 3952 ἡ
733 3882 975 3953 μακαρία
1007 3881 1281 3947 Σωσάννα,
1316 3879 1583 3951 κατενύγη
1599 3880 1696 3951 τὴν

123 3972 382 4042 καρδίαν,
421 3974 519 4027 καὶ
570 3972 772 4044 ἔφραξε
805 3973 865 4026 τὸ
891 3974 1062 4044 στόμα
1088 4012 1102 4038 ,
1152 3972 1225 4044 μὴ
1265 3971 1558 4042 βουλομένη
1592 3971 1697 4025 ὑπὸ

120 4063 341 4134 ἀνόμων
371 4066 756 4137 πρεσϐυτέρων
789 4068 1089 4139 μιανθῆναι.
1128 4071 1360 4124 Ἐστιδέ
1396 4073 1493 4126 καὶ
1531 4090 1696 4127 κατα-

120 4152 383 4208 λαϐέσθαι
406 4155 625 4227 άληθῶς
650 4160 711 4210 τὸ
736 4158 946 4229 συμϐὰν
970 4161 1061 4213 ἐπὶ
1088 4163 1152 4231 τῇ
1199 4162 1473 4235 Σωσάννῃ.
1526 4164 1697 4218 Τοῦτο

120 4244 224 4313 γὰρ
254 4246 360 4299 νῦν
388 4247 485 4300 καὶ
516 4247 610 4300 ἐπὶ
629 4250 694 4319 τῇ
745 4249 1039 4322 Ἐκκλησία
1080 4252 1453 4324 πληρούμενον
1493 4254 1691 4327 εὕροις.

129 4333 321 4390 Ήνίκα
350 4335 462 4406 γὰρ
487 4338 535 4390 oi
563 4336 655 4390 δύο
684 4339 802 4392 λαοὶ
829 4342 1244 4413 συμφωνήσουσι
1275 4344 1578 4416 διαφθεῖραί
1610 4364 1693 4399 τι-

116 4444 208 4489 νας
230 4428 347 4480 τῶν
374 4426 567 4495 ἁγίων,
612 4431 1051 4502 παρατηροῦνται
1081 4432 1295 4504 ἡμέραν
1325 4434 1561 4500 εὔθετον,
1600 4436 1695 4490 καὶ

1796 3521 2052 3578 latitaret.
2083 3519 2213 3575 Erat
2234 3536 2469 3591 namque
2498 3537 2623 3577 vere
2660 3537 2783 3577 cum
2821 3537 2885 3576 ea
2916 3532 3092 3577 vester
3123 3538 3154 3577 e
3198 3521 3351 3577 ccelis

1792 3613 2027 3683 juvenis,
2074 3627 2183 3667 non
2204 3613 2298 3683 qui
2329 3628 2454 3669 cum
2485 3614 2574 3668 illa
2603 3614 3066 3681 commisceretur,
3113 3613 3207 3668 sed
3254 3614 3348 3683 qui

1795 3705 1953 3759 testis
1976 3703 2114 3759 foret
2140 3704 2372 3760 veritati.

1870 3792 1931 3847 V.
1959 3794 2062 3848 22:
2102 3794 2171 3849 Et
2196 3796 2447 3867 ingemuit
2487 3795 2751 3850 Susanna.
2794 3795 2890 3851 His
2936 3798 3117 3867 itaque
3170 3797 3348 3851 verbis

1796 3886 2013 3951 auditis,
2040 3888 2194 3944 beata
2244 3889 2495 3944 Susanna
2522 3889 2726 3944 doloris
2750 3890 2995 3945 aculeum
3020 3890 3203 3943 animo
3225 3904 3349 3943 sen-

1796 3977 1885 4042 sit,
1934 3994 2104 4050 osque
2146 3980 2438 4047 obturavit,
2466 3996 2587 4051 quae
2632 3981 2797 4037 nollet
2842 3981 3347 4037 scclestissimorum

1795 4071 2065 4125 seniorum
2096 4071 2289 4141 injuria
2313 4058 2679 4141 constuprari.
2710 4071 2860 4126 Licet
2885 4086 3013 4126 vero
3035 4072 3195 4125 etiam
3224 4085 3350 4124 vere

1796 4160 2107 4232 intelligere,
2135 4163 2280 4233 quod
2320 4164 2375 4218 in
2436 4161 2685 4218 Susanna
2746 4161 2987 4232 contigit.
3040 4159 3153 4215 Hoc
3200 4161 3347 4217 enim

1794 4268 1938 4309 nunc
1990 4270 2204 4324 quoque
2252 4255 2307 4310 in
2353 4253 2592 4310 Ecclesia
2648 4254 2856 4325 impleri
2900 4254 3161 4310 invenias.
3212 4253 3351 4307 Cum

1793 4347 1936 4399 enim
1975 4346 2082 4401 duo
2110 4348 2290 4416 populi
2324 4345 2721 4412 consenserint,
2752 4354 2811 4401 ut
2838 4346 3103 4416 quosdam
3142 4348 3208 4402 de
3246 4346 3350 4402 Ec-

1794 4434 1954 4489 clesia
1982 4434 2230 4504 perdant,
2258 4434 2399 4489 diem
2427 4444 2611 4505 aptum
2641 4434 2962 4497 observant;
3010 4434 3350 4503 ingressique

114 4514 460 4581 είσελθόντες
484 4520 562 4582 είς
595 4520 686 4572 τὸν
716 4516 860 4574 οἷκον
891 4523 985 4575 τοῦ
1028 4524 1194 4588 Θεοῦ,
1246 4529 1689 4599 προσευχομένων

1797 4529 1849 4581 ἰη
1874 4530 2094 4581 domum
2123 4526 2238 4593 Dei,
2267 4530 2475 4583 cunctis
2499 4528 2571 4583 ibi
2609 4530 2894 4583 orantibus
2926 4529 3202 4597 Deumque
3226 4528 3348 4581 lau-

114 4606 228 4658 ἐκεί
250 4608 481 4661 πάντων
510 4611 604 4663 καὶ
631 4612 721 4664 τὸν
752 4613 883 4666 Θεὸν
912 4614 1223 4685 ὑμνούντων
1246 4657 1259 4681 ,
1313 4619 1691 4690 ἐπιλαϐόμενοι

112 4699 333 4755 ἕλκουσί
356 4720 509 4767 τινας
531 4705 625 4757 καὶ
650 4707 931 4777 κρατοῦσι,
961 4708 1208 4778 λέγοντες
1229 4728 1242 4741 °
1289 4712 1463 4767 Δεῦτε
1484 4753 1498 4777 ,
1540 4730 1688 4784 συγ-

111 4792 455 4847 κατάθεσθε
481 4796 644 4863 ἡμῖν,
669 4798 923 4866 καὶτοὺς
939 4800 1110 4868 θεοὺς
1131 4804 1513 4870 θρησκεύετε·
1548 4806 1599 4857 εὶ
1622 4804 1690 4857 δὲ

105 4881 209 4951 μὴ,
259 4886 882 4957 καταμαρτυρήσομεν
904 4891 1087 4960 ὑμῶν.
1114 4894 1251 4956 Τοὺς
1286 4894 1342 4947 δὲ
1385 4895 1458 4966 μὴ
1502 4895 1686 4965 βουλο-

113 4973 334 5040 μένους,
367 4974 735 5045 προσάγουσιν
758 4979 951 5046 αὑτοὺς
974 4982 1108 5054 πρὸς
1126 4983 1193 5037 τὰ
1210 4984 1428 5055 βήματα
1441 4989 1536 5040 καὶ
1556 5005 1687 5041 κατ-

107 5065 433 5136 ηγοροῦσιν,
465 5066 541 5129 ὡς
563 5069 778 5122 ἐναντία
804 5071 898 5124 τοῦ
930 5072 1197 5145 δόγματος
1223 5076 1499 5148 Καίσαρος
1514 5079 1688 5149 πράτ-
1730 5072 1735 5075 ἠ

106 5170 327 5221 νοντας,
365 5160 464 5211 καὶ
491 5160 871 5231 κατακρίνουσι
898 5162 1128 5236 θανάτῳ.

172 5243 378 5298 Στενὰ
398 5262 503 5315 μοι
540 5246 849 5304 πάντοθεν.
882 5252 1046 5307 Ἴδετε
1072 5257 1287 5327 ῥήματα
1309 5260 1686 5331 σωφρονούσης

104 5334 397 5400 γυναικὸς,
430 5336 527 5390 καὶ
557 5336 673 5408 Θεῷ
704 5340 1100 5416 μεμελημένης.
1133 5348 1320 5402 Στενά
1351 5367 1483 5418 μοι,
1530 5352 1683 5420 φησὶ,

104 5422 417 5481 πάντοθεν
437 5441 453 5454 ’
473 5427 507 5495 ἡ
533 5426 638 5499 γὰρ
682 5429 974 5501 Ἐκκλησία
998 5434 1059 5486 ού
1096 5434 1252 5504 μόνον
1275 5436 1379 5490 ὑπὸ
1421 5439 1685 5495 Ἰουδαίων

1792 4619 2064 4686 dantibus,
2088 4619 2455 4689 apprehensos
2488 4621 2751 4691 quosdam
2789 4622 3031 4687 trahunt,
3056 4629 3349 4685 tenentque

1791 4710 2063 4765 dicentes:
2102 4710 2301 4775 Venite,
2320 4711 2556 4781 idemque
2584 4713 2683 4779 ipsi
2710 4728 2770 4765 ac
2801 4728 2892 4764 nos
2925 4712 3132 4775 sentite,
3158 4725 3219 4761 ac
3240 4709 3346 4762 diis

1792 4802 1991 4855 cultum
2011 4803 2266 4857 adhibete.
2291 4801 2442 4867 Quod
2464 4804 2508 4856 si
2547 4802 2843 4869 nolueritis,
2872 4801 3223 4856 testimonium
3248 4798 3349 4851 ad-

1790 4911 1993 4948 uersum
2027 4912 2113 4951 vos
2156 4896 2407 4950 dicemus.
2438 4894 2546 4951 Eos
2578 4906 2758 4950 autem
2798 4895 2892 4963 qui
2936 4892 3237 4957 noluerint,
3276 4890 3347 4944 ad

1791 4984 2081 5039 tribunalia
2127 4986 2436 5050 adducunt,
2480 4995 2533 5039 et
2581 4996 2837 5040 accusant
2871 4984 3015 5039 velut
3048 4984 3141 5054 qui
3184 4992 3348 5053 agant

1792 5084 1978 5129 contra
2006 5077 2277 5131 decretum
2302 5076 2552 5143 Caesaris,
2583 5092 2648 5132 ac
2680 5087 2852 5132 morte
2878 5093 2973 5132 eos
3002 5076 3280 5131 damnant.

1856 5256 2129 5327 Augustin:
2156 5267 2276 5311 sunt
2306 5258 2430 5311 mihi
2472 5257 2713 5327 undique.
2753 5255 2938 5311 Videte
2978 5257 3142 5311 verba
3181 5264 3351 5311 casta:

1787 5350 2052 5416 mulieris,
2079 5365 2143 5404 ac
2185 5350 2340 5418 cujus
2388 5348 2497 5403 Deo
2531 5364 2659 5403 cura
2687 5358 2787 5404 est.
2814 5349 3105 5419 Angustia,
3140 5347 3349 5416 inquit,

1788 5456 1907 5494 sunt
1936 5441 2062 5494 mihi
2098 5439 2341 5509 undique.
2384 5439 2626 5495 Ecclesia
2667 5438 2809 5495 enim
2840 5440 3037 5496 nedum
3067 5453 3099 5494 ι
3143 5433 3353 5495 intimis

102 5511 358 5568 θλίϐεται
389 5514 487 5568 καὶ
512 5522 940 5590 στενοχωρεῖται,
964 5522 1098 5577 ἀλλὰ
1126 5526 1218 5578 καὶ
1238 5526 1340 5581 ὑπὸ
1371 5527 1559 5595 ἐθνῶν,
1591 5534 1685 5586 καὶ

1797 5531 2043 5603 allligitur
2076 5548 2139 5588 ac
2165 5534 2442 5603 angustias
2472 5535 2694 5603 patitur,
2718 5550 2906 5590 verum
2934 5534 3097 5592 etiam
3122 5547 3138 5590 ε
3173 5547 3241 5606 ιο
3290 5535 3347 5588 ti-

166 5654 189 5684 '
226 5654 250 5711 Ι
281 5655 422 5712 Cor.
454 5673 511 5726 x,
543 5659 629 5715 il.
706 5662 727 5694 ⁸
755 5661 942 5719 Matth.
977 5681 1072 5730 vn,
1106 5668 1189 5734 15,
1222 5668 1304 5726 14.
1380 5673 1402 5706 ⁹
1428 5672 1560 5729 Gen.
1593 5690 1675 5744 tu,
1720 5674 1768 5730 1.

166 5809 249 5881 (ι)
296 5812 639 5884 Νεανίσκος
670 5816 979 5887 ὑμέτερος.
1012 5821 1065 5876 ld
1113 5830 1193 5878 est
1224 5824 1436 5895 Daniel,
1480 5830 1672 5901 Spiritu

1797 5832 2012 5903 ιρίιοιίο(
2054 5846 2310 5905 theseus.
2340 5830 2570 5887 (longe.
