3836 6524
508 355 614 413 695

1379 356 1433 410 5.
1477 353 1836 412 HIPPOLYTI
1865 354 2013 411 ΟΡΡ.
2052 353 2231 409 PARS
2262 354 2303 410 ῐ.
2344 384 2412 395 -—
2444 351 2852 409 EXEGETICA.
3608 347 3693 403 696

508 475 650 539 bus;
678 484 885 527 necnon
925 471 994 528 ab
1020 470 1088 527 iis
1108 469 1201 543 qui
1226 469 1521 528 Christiani
1549 472 1821 536 dicuntur,
1847 486 1947 526 nec
1980 480 2045 524 ta-

2170 470 2273 522 ὑπὸ
2308 468 2415 522 τῶν
2455 468 2756 538 λεγομένων
2802 468 2917 537 μὲν,
2965 466 3062 520 οὐκ
3089 464 3253 519 ὄντων
3275 464 3330 518 ὦ
3357 464 3690 536 Χριστιανῶν

507 578 631 621 men
660 572 810 618 sunt.
836 560 967 630 Ejus
994 562 1138 617 enim
1170 561 1482 631 pudicitiam
1505 578 1568 617 ac
1585 561 1897 618 felicitatem
1920 561 2066 616 velut

506 662 847 719 contuentes,
878 667 1223 722 corrumpere
1253 667 1374 709 eam
1416 653 1683 708 nituntur.

574 741 695 804 Sive
720 743 857 797 enim
881 743 975 805 hoc
1001 758 1171 812 egero,
1218 760 1355 797 mors
1384 744 1516 797 mihi
1542 754 1639 798 est.
1668 743 1778 799 Deo
1804 743 1946 798 enim
1978 742 2059 796 in«

504 835 850 897 obedientem
883 848 1022 899 esse,
1068 848 1132 888 ac
1176 833 1490 893 hominibus
1528 835 1777 901 obedire,
1807 844 2063 890 aeternam

504 937 729 981 mortem
767 941 833 979 ac
862 925 1189 999 supplicium
1219 928 1380 995 parit.

574 1013 634 1069 Si
664 1026 839 1069 autem
869 1032 972 1081 non
1001 1033 1147 1087 egero
1166 1055 1181 1080 ,
1219 1034 1323 1071 non
1346 1016 1594 1088 e/Tugiam
1628 1032 1814 1071 manus
1842 1026 2059 1071 vestras.

503 1104 619 1161 lloc
650 1121 867 1176 quoque
894 1123 1020 1163 vere
1048 1109 1204 1165 dixit.
1248 1108 1354 1176 Qui
1384 1110 1528 1164 enim
1568 1109 1909 1175 adducuntur
1938 1124 2063 1178 pro-

501 1206 621 1268 pter
660 1213 854 1254 nomen
891 1198 1009 1266 Dei,
1044 1199 1310 1270 siquidem
1356 1199 1585 1261 fecerint
1626 1200 1766 1270 quod
1804 1200 2063 1269 jubentur

502 1287 572 1342 ab
620 1288 962 1357 hominibus,
996 1288 1106 1344 Deo
1150 1290 1493 1358 moriuntur,
1540 1306 1605 1346 ac
1646 1291 1702 1345 in
1742 1291 1949 1349 mundo
1977 1290 2060 1344 vi-

499 1387 667 1444 vunt;
696 1379 743 1434 si
772 1388 948 1434 autem
982 1396 1090 1435 non
1120 1382 1329 1452 egerint
1355 1382 1498 1451 quod
1531 1382 1608 1436 illi
1638 1383 1926 1451 imperant,
1951 1395 2060 1435 non

500 1468 764 1539 eli‘ugiunt
810 1470 1075 1540 judicium
1128 1487 1343 1541 manus,
1391 1488 1422 1527 a
1467 1474 1669 1543 quibus
1710 1473 1842 1543 ipsis
1888 1480 2062 1526 morte

427 1610 431 1614 .
501 1561 851 1617 damnantur.

570 1649 637 1706 ν.
669 1651 739 1704 25
774 1671 787 1706 :
829 1651 1021 1707 Melius
1047 1662 1124 1707 est
1160 1654 1290 1708 mihi
1320 1654 1433 1709 sine
1469 1670 1638 1725 opere.
1675 1652 1790 1709 Hoc
1826 1668 2061 1724 namque

497 1744 868 1811 praestantius,
905 1745 973 1799 ab
1018 1745 1220 1815 iniquis
1251 1746 1566 1801 hominibus
1614 1747 1786 1812 mori,
1832 1757 1891 1803 ut
1931 1761 2056 1809 cum

498 1831 610 1887 Deo
651 1832 864 1901 vivant;
904 1850 1068 1904 quam
1102 1836 1210 1890 illis
1240 1837 1630 1893 consentiendo
1658 1846 1713 1892 et
1741 1837 1810 1895 ab
1841 1837 1921 1893 eis
1962 1852 2053 1893 so-
2088 1806 2130 1866 Β

497 1922 666 1993 lutos,
698 1924 935 1981 incidere
963 1927 1019 1983 in
1054 1941 1250 1983 manus
1274 1927 1391 1983 Dei.

566 2096 630 2153 V.
656 2099 727 2155 24
758 2119 772 2155 :
808 2099 879 2154 Et
904 2101 1148 2158 clamavit
1170 2119 1286 2159 voce
1309 2119 1526 2175 magna.
1561 2103 1642 2175 Ad
1668 2118 1860 2175 quem,
1888 2117 2051 2175 rogo,

494 2192 750 2249 clamavit
793 2193 1063 2261 Susanna,
1105 2197 1210 2249 nisi
1252 2196 1319 2250 ad
1361 2195 1569 2251 Deum?
1594 2197 2054 2265 quemadmodum

492 2285 570 2340 ait
593 2285 759 2341 Isaias
787 2306 800 2342 :
848 2288 991 2342 Tunc
1027 2288 1302 2351 clamabis,
1329 2297 1377 2342 et
1409 2288 1550 2342 Deus
1579 2289 1826 2343 exaudiet
1849 2298 1930 2353 te;
1955 2291 2053 2343 ad-

492 2378 590 2431 huc
612 2378 851 2449 loquente
872 2390 919 2433 te
936 2381 1070 2434 dicet
1094 2396 1113 2434 :
1148 2379 1281 2433 Ecce
1332 2381 1519 2434 adsum
1546 2380 1609 2434 ⁸ο.

564 2470 935 2526 Clamaverunt
974 2483 1023 2526 et
1060 2473 1164 2525 duo
1202 2473 1427 2527 seniores
1467 2480 1650 2525 contra
1690 2489 1825 2527 eam.
1876 2471 2052 2544 Iniqui

491 2562 637 2633 enim
683 2570 736 2621 et
782 2562 1013 2632 improbi
1061 2578 1171 2617 non
1223 2574 1445 2623 cessant
1476 2565 1714 2623 clamare
1759 2566 2051 2623 adversum

491 2668 613 2718 nos,
654 2661 709 2708 et
750 2654 971 2710 dicere:
1010 2654 1153 2709 Tolle
1193 2672 1221 2709 e
1256 2664 1418 2724 terra,
1458 2658 1547 2727 qui
1595 2656 1725 2712 tales
1770 2658 1912 2722 sint;
1945 2672 2050 2713 non

482 2748 626 2797 enim
647 2746 789 2799 decet
811 2763 895 2800 eos
919 2749 1107 2803 vivere.
1638 2768 1639 2771 ‘

558 2835 879 2911 Evangelico
931 2855 1093 2911 sensu
1145 2839 1398 2909 Susanna
1442 2841 1770 2908 contempsit
1816 2855 1912 2899 eos
1953 2840 2047 2910 qui

488 2930 745 2999 occidunt
786 2933 1077 3000 corpus“,
1131 2942 1190 2987 ut
1238 2934 1477 2988 salvaret
1522 2934 1763 2991 animam
1814 2949 1970 2988 suam
2018 2948 2047 2985 a

485 3032 680 3078 morte.
730 3023 864 3078 Nam
887 3035 1165 3095 peccatum
1196 3041 1345 3080 mors
1379 3025 1574 3081 animae
1602 3035 1715 3091 est;
1746 3025 2046 3096 praesertim

2163 559 2323 612 οἱονεὶ
2363 559 2423 611 τὸ
2473 556 2687 630 σῶφρον
2736 558 2828 610 καὶ
2883 555 3113 620 εὐπαθὲς
3154 555 3353 625 ταύτης
3403 554 3692 624 ἐνορῶντες,

2166 650 2403 720 φθείρειν
2426 650 2627 720 ταύτην
2656 649 2945 719 βιάζονται.

2228 736 2361 796 Ἐάν
2404 758 2467 794 τε
2505 741 2616 810 γὰρ
2650 740 2823 795 τοῦτο
2864 737 3086 807 πράξω,
3113 736 3368 803 θάνατός
3395 734 3501 805 μοι
3528 735 3691 791 ἐστιν.

2163 830 2236 883 Τὸ
2275 830 2382 902 γὰρ
2426 830 2765 902 παρακοῦσαι
2814 828 2978 895 Θεοῦ,
3022 828 3114 882 καὶ
3159 826 3471 882 ὑπακοῦσαι
3514 826 3693 898 ἀνθρὼ-

2162 938 2304 986 ποις,
2338 922 2561 975 θάνατον
2592 922 2685 976 καὶ¹
2706 921 2923 976 κόλασιν
2950 918 3161 973 αἰώνιον
3188 917 3499 990 ἐργάζεται.

2242 1012 2382 1067 Ἐὰν
2407 1011 2474 1064 δὲ
2490 1011 2575 1082 μὴ
2590 1010 2811 1080 πράξω,
2833 1013 2945 1066 οὐκ
2975 1008 3372 1079 ἐκφευξοῦμαι
3392 1008 3501 1073 τὰς
3523 1004 3695 1076 χεῖρας

2161 1102 2341 1173 ὑμῶν.
2370 1103 2476 1156 Καὶ
2504 1102 2660 1157 τοῦτο
2685 1101 2879 1173 ἀληθὲς
2908 1100 3143 1171 εἴρηκεν.
3162 1101 3224 1151 0i
3249 1099 3357 1170 γάρ
3375 1098 3694 1168 προσαγόμε-

2160 1213 2240 1248 νοι
2267 1194 2448 1247 ’ἐνεκεν
2468 1194 2560 1247 τοῦ
2586 1194 2842 1264 ὀνόματος
2858 1190 2948 1245 τοῦ
2981 1190 3137 1254 Θεοῦ,
3168 1191 3263 1244 ἐὰν
3278 1192 3376 1261 μὲν
3394 1190 3633 1261 πράξωσι
3649 1190 3695 1242 τὸ

2160 1289 2252 1340 ὐπ’
2286 1285 2580 1357 ἀνθρώπων
2620 1285 2988 1349 κελευόμενον,
3018 1284 3418 1354 ἀποθνήσκουσι
3447 1281 3528 1350 τῷ
3562 1280 3688 1350 Θεῷ·

2160 1378 2379 1448 ζήσουσι
2409 1378 2463 1432 δὲ
2485 1380 2541 1431 ἐν
2570 1379 2776 1449 κόσμῳ·
2823 1376 2916 1432 ἐὰν
2946 1378 3004 1431 δὲ
3032 1376 3105 1449 μὴ
3120 1377 3367 1448 πράξωσι
3396 1376 3461 1429 τὸ
3490 1376 3593 1428 ὑπὸ
3621 1378 3693 1428 ἀν-

2159 1468 2389 1541 θρώπων
2417 1469 2784 1541 κελευόμενον,
2809 1470 2909 1522 οὐκ
2934 1468 3258 1539 ἐκφεύγουσι
3274 1468 3373 1533 τάς
3394 1471 3582 1540 χεῖρας
3609 1470 3692 1523 τῶν

2157 1558 2443 1624 δικαστῶν,
2475 1560 2564 1613 ὐπ’
2598 1560 2774 1613 αὐτῶν
2806 1560 3026 1613 ἐκείνων
3054 1559 3522 1630 κατακρινόμενοι.

2229 1650 2476 1718 Αἱρετόν
2494 1651 2599 1720 μοί
2625 1651 2757 1704 ἐστι
2784 1650 2870 1719 μὴ
2898 1644 3236 1718 πράξασαν.
3273 1650 3447 1703 Τοῦτο
3471 1650 3579 1721 γάρ
3605 1650 3695 1702 δια-

2158 1741 2486 1813 φορώτερον,
2536 1742 2823 1795 ἀποθανεῖν
2856 1743 2959 1795 ὑπὸ
3003 1742 3302 1814 ἀνθρώπων
3349 1742 3552 1796 ἀδίκων
3574 1780 3591 1805 ,
3628 1742 3694 1794 ἵνα

2156 1832 2307 1905 παρὰ
2335 1832 2452 1903 Θεῷ
2482 1831 2749 1905 ζήσωσινσ
2780 1833 2813 1905 ἢ
2844 1833 3198 1904 συνθεμένους
3220 1832 3423 1897 αὐτοῖς,
3456 1833 3551 1885 καὶ
3583 1834 3693 1885 ἀπο-

2156 1923 2409 1988 λυθέντας
2455 1924 2545 1978 ὑπ’
2583 1922 2780 1990 αὐτῶν,
2826 1925 3085 1995 ἐμπεσεῖν
3123 1924 3203 1988 εἱς
3245 1922 3345 1987 τὰς
3400 1925 3586 1994 χεῖρας
3620 1920 3692 1974 τοῦ

2158 2013 2313 2071 Θεοῦ.

2222 2106 2330 2163 Kal
2360 2103 2648 2174 ἀνεϐόησε
2668 2103 2836 2175 φωνῇ
2853 2105 3109 2176 μεγάλῃ.
3134 2105 3277 2177 Πρὸς
3305 2103 3428 2171 τίνα
3458 2098 3552 2156 οὖν
3588 2104 3690 2157 ἁνε-

2154 2199 2346 2271 6όησεν
2398 2200 2431 2269 ἡ
2468 2199 2742 2262 Σωσάννα,
2775 2200 2889 2253 ἀλλ’
2924 2199 2958 2269 ἢ
2994 2198 3130 2271 πρὸς
3162 2194 3327 2264 Θεόν;
3373 2197 3448 2261 ὡς
3492 2197 3693 2258 Ἡσαΐας

2153 2290 2331 2359 λέγει·
2384 2294 2521 2347 Τότε
2559 2292 2834 2360 βοήσας,
2882 2293 2982 2347 καὶ
3029 2295 3064 2347 ό
3108 2291 3253 2358 Θεὸς
3296 2290 3693 2347 εὶσακούσετοὶ

2152 2397 2287 2439 σου’
2310 2384 2400 2438 ἔτι
2428 2384 2765 2450 λαλοῦντός
2784 2376 2923 2446 σου,
2946 2383 3101 2453 ἐρεῖ·
3143 2384 3288 2439 Ἰδοὺ
3316 2383 3577 2453 πάρειμι.

2236 2475 2586 2544 Ἀνεόόησακ
2620 2477 2719 2530 καὶ
2748 2479 2801 2533 ol
2829 2476 2938 2531 δύο
2977 2478 3362 2545 πρεσϐύτεροι
3404 2475 3692 2529 κατέναντι

2149 2565 2358 2635 αὐτῆς.
2410 2568 2473 2620 Οἱ
2520 2566 2628 2639 γὰρ
2671 2567 2859 2639 ἄνομοι
2901 2568 2963 2621 οὐ
3004 2568 3267 2625 παύονται
3311 2566 3545 2637 βοῶντες
3594 2565 3691 2618 καθ’

2148 2661 2183 2730 η
2193 2659 2328 2730 μῶν,
2377 2659 2471 2713 καὶ
2508 2658 2781 2728 λέγοντες’
2809 2655 2949 2728 Αἶρε
2978 2660 3053 2714 ἐκ
3084 2658 3193 2727 τῆς
3217 2657 3331 2728 τῆς
3356 2658 3499 2725 τοὺς
3524 2658 3691 2711 τοιού·

2149 2767 2312 2819 τους,
2339 2752 2411 2804 οὺ
2438 2748 2549 2820 γὰρ
2571 2748 2838 2818 καθῆκον
2864 2751 3083 2817 αὐτοὺς
3113 2749 3238 2819 ζῇν.

2220 2841 2601 2910 Εὐαγγελικῶς
2621 2842 2655 2912 ἡ
2675 2842 2926 2896 Σωσάννα
2941 2842 3309 2913 κατεφρόνησε
3327 2838 3439 2893 τῶν
3465 2840 3694 2893 ἀποκτει-

2147 2932 2344 2997 νόντων
2371 2933 2431 2986 τὸ
2461 2932 2638 3003 σῶμα,
2671 2932 2757 2997 ἵνα
2790 2932 2938 3006 σώσῃ
2969 2932 3067 3005 τὴν
3094 2931 3269 3003 ψυχὴν
3302 2932 3507 3001 ἐαυτῆς
3542 2933 3605 2983 ἐκ
3620 2928 3693 2980 θαι-

2148 3023 2327 3077 νάτου.
2360 3023 2597 3088 Θάνατος
2626 3024 2689 3076 δὲ
2710 3024 2908 3095 ψυχῆς,
2954 3025 2987 3096 ὴ
3020 3023 3293 3095 ἁμαρτία,
3330 3024 3617 3094 ἐξαιρέτως
3646 3022 3690 3073 δὲ

485 3123 666 3168 autem
696 3115 950 3171 mmcliia.
983 3116 1120 3181 Quia
1150 3117 1292 3171 enim
1319 3116 1502 3171 anima
1526 3116 1743 3171 Christo
1766 3117 2042 3185 cepulata,

2167 3117 2179 3187 ᾗ
2226 3116 2453 3187 μοιχεία.
2516 3117 2730 3189 Ἐπειδὴ
2775 3118 2883 3188 γὰρ
2926 3118 2960 3189 ή
3007 3115 3337 3185 συναφθεῖσα
3377 3116 3456 3187 τῷ
3496 3114 3690 3187 Χριστῷ

484 3205 816 3260 discessione
852 3222 885 3260 a
925 3205 1028 3275 lide
1059 3207 1114 3261 iu
1154 3222 1443 3276 perennem
1492 3207 1724 3267 traditur
1774 3218 2038 3273 mortem,

482 3310 699 3364 poenam
728 3298 935 3353 scilicet
962 3309 1250 3365 :eternam;
1282 3300 1350 3354 ad
1375 3300 1493 3368 ejus
1524 3299 1600 3353 rei
1628 3298 1807 3364 ﬁdem,
1842 3299 2041 3355 violato

480 3403 697 3458 quoque
730 3392 1090 3459 corporalium
1135 3393 1447 3462 nuptiarum
1496 3391 1701 3450 foedere
1742 3395 2042 3463 perversis-

480 3492 587 3547 que
619 3479 893 3547 thalamis,
925 3481 1010 3536 lex
1041 3498 1257 3553 poenam
1288 3486 1480 3541 mortis
1509 3486 1725 3545 indixit.

550 3650 615 3705 ν.
650 3652 721 3705 25
748 3671 762 3706 :
793 3651 861 3708 Et
888 3656 1122 3709 cucurrit
1150 3674 1307 3722 unus,
1343 3668 1393 3712 et
1415 3660 1619 3731 aperuit
1658 3660 1815 3715 ostia.
1838 3658 2041 3729 Nempe

478 3740 645 3795 latam
695 3751 749 3797 et
788 3745 1083 3812 spatiosam
1131 3749 1423 3805 ostendens
1467 3751 1631 3815 viam,
1676 3766 1841 3821 quam
1888 3752 2041 3806 ince-‘

477 3833 675 3901 dendo,
709 3837 801 3904 qui
832 3836 937 3892 illis
970 3854 1175 3894 morem
1208 3851 1421 3911 gerunt,
1449 3852 1697 3913 pereunt.

553 3922 615 3978 V.
642 3926 711 3979 50
751 3944 766 3980 :
798 3926 970 3983 Porro
1015 3928 1264 3987 Susanna
1303 3942 1417 3987 erat
1454 3935 1685 3989 delicata
1715 3935 1884 3990 valde.
1918 3933 2036 3991 Non

476 4010 621 4077 quod
648 4014 986 4071 meretricios
1022 4017 1176 4075 fucos
1204 4021 1420 4090 corpori
1460 4022 1751 4093 adspersos
1792 4024 2035 4093 haberet,

476 4100 555 4153 uti
609 4102 843 4158 habebat
879 4103 1112 4174 Iezabel,
1167 4120 1261 4165 aut
1298 4112 1487 4168 oculos
1532 4114 1699 4169 variis
1750 4114 2036 4185 pigmentis

475 4202 805 4259 cerussaque
834 4206 897 4246 ac
933 4194 1103 4248 minio
1146 4196 1374 4263 oblitos;
1410 4200 1506 4254 sed
1537 4200 1660 4254 lidei
1687 4208 1742 4255 et
1768 4203 2036 4258 castitatis

474 4290 539 4330 ac
568 4280 942 4336 sanctimoniae
967 4284 1162 4338 decore
1188 4287 1439 4353 pollebat.

546 4366 611 4423 V.
641 4370 708 4423 54
737 4388 749 4425 :
775 4369 846 4424 Et
875 4386 1156 4441 posuerunt
1198 4395 1383 4435 manus
1423 4399 1578 4452 super
1602 4396 1759 4455 caput
1791 4388 1924 4456 ejus.
1965 4385 2035 4442 Ut

473 4458 557 4512 vel
584 4458 703 4527 ejus
729 4471 1004 4531 contactu,
1037 4465 1312 4523 libidinem
1344 4486 1501 4526 suam
1532 4476 1880 4532 exsatiarent.

542 4635 607 4692 V.
639 4638 707 4694 ’55
736 4658 752 4695 :
783 4641 853 4696 At
893 4643 993 4699 illa
1040 4647 1218 4715 ﬂebat.
1268 4649 1550 4723 Lacrymis
1581 4658 1729 4710 enim
1764 4667 1816 4713 et
1840 4657 1969 4714 ﬂetu
2007 4675 2039 4715 e

471 4727 626 4785 cmlis
654 4728 885 4788 Verbum
910 4736 1141 4801 excibat,
1178 4740 1320 4808 quod
1355 4741 1611 4814 lacrymis
1642 4747 2035 4805 suscitaturum

471 4826 591 4871 erat
619 4834 893 4878 mortuum
939 4824 1207 4882 Lazarum
1236 4830 1295 4881 ¹³.

538 4907 606 4965 ν.
642 4913 706 4967 41
736 4934 751 4969 :
790 4915 859 4969 Et
888 4920 1111 4973 credidit
1133 4923 1207 4975 eis
1244 4922 1549 4980 multitudo.
1578 4925 1767 4997 Opera!
1801 4931 2033 5000 pretium

467 4999 630 5070 igitur
651 5015 757 5073 est,
785 5016 846 5062 ut
866 5009 921 5063 in
946 5012 1093 5065 omni
1111 5013 1251 5067 ﬁrmi
1277 5019 1512 5086 negotio,
1536 4999 1885 5076 mendacibus
1918 5023 2033 5076 ani-

468 5115 617 5154 mum
650 5116 759 5154 non
785 5103 1164 5173 attendamus;
1204 5124 1302 5164 nec
1328 5109 1751 5180 facilejudieum
1782 5116 2031 5183 personis

465 5200 524 5245 ut
568 5192 941 5264 obsequamur
974 5198 1169 5253 adduci
1211 5216 1321 5255 non
1353 5202 1621 5271 sinamus,
1657 5207 1749 5274 qui
1780 5221 1880 5262 nos
1924 5206 2030 5262 Deo

464 5283 731 5340 rationem
773 5287 1083 5344 reddituros
1119 5306 1239 5347 esse
1262 5307 1371 5347 non
1405 5295 1712 5351 nesciamus
1755 5315 1768 5351 :
1811 5298 1905 5352 sed
1944 5313 2027 5353 se-

464 5374 661 5430 ctando
704 5376 1005 5444 veritatem,
1038 5391 1353 5439 accuratam
1383 5383 1508 5440 ﬁdei
1540 5387 1808 5443 rationem
1849 5389 2031 5459 inqui-

466 5468 650 5533 rendo,
682 5466 792 5523 Deo
820 5472 1023 5540 accepti
1052 5474 1275 5530 erimus.

538 5555 604 5612 V.
637 5559 708 5612 44
734 5578 748 5613 :
774 5559 847 5613 Et
868 5564 1137 5617 exaudivit
1164 5564 1304 5621 Deus
1342 5584 1514 5624 vocem
1550 5575 1682 5641 ejus.
1714 5572 2037 5647 Quicunque

2144 3201 2311 3275 ψυχὴ,
2355 3205 2634 3260 ἀποστᾶσα
2662 3207 2760 3279 τῆς
2792 3207 3025 3271 πίστεως
3054 3208 3133 3270 εἰς
3164 3204 3256 3259 τὸν
3288 3206 3513 3277 διηνεκῆ
3538 3221 3690 3274 παρα-

2148 3292 2421 3362 πέμπεται
2455 3296 2700 3361 θάνατον,
2722 3298 2820 3369 τὴν
2844 3296 3059 3350 αἰώνιον
3091 3297 3312 3351 κόλασιν
3331 3315 3345 3327 ·
3374 3297 3510 3368 πρὸς
3533 3296 3690 3349 πίστιν

2146 3380 2354 3448 τούτου,
2389 3386 2483 3439 καὶ
2513 3386 2606 3440 ἐπὶ
2635 3386 2747 3443 τῶν,
2786 3387 3114 3459 σωματικῶν
3140 3388 3333 3459 γάμων
3375 3387 3692 3457 παραλυομέ-

2146 3488 2250 3526 νων
2277 3475 2371 3528 καὶ
2398 3475 2839 3549 διορυττομὲνων,
2869 3478 3095 3534 θάνατον
3120 3478 3319 3553 ὥρισεν
3348 3480 3377 3531 ὁ
3404 3479 3564 3549 νόμος
3591 3480 3690 3531 ἐπι-

2144 3562 2342 3635 τίμιον.

2214 3656 2324 3710 Καὶ
2361 3654 2596 3726 δραμὼν
2628 3659 2661 3711 ὁ
2690 3651 2799 3724 εἷς,
2832 3657 3040 3727 ἤνοιξε
3066 3660 3172 3725 τὰς
3197 3658 3400 3727 θύρας.
3433 3656 3546 3726 Τὴν
3574 3653 3690 3707 πλα-

2144 3754 2292 3805 τεῖαν
2325 3750 2418 3804 καὶ
2446 3747 2754 3821 εὐρύχωρον
2775 3750 2892 3804 ὁδὸν
2920 3749 3292 3817 ἐπιδεικνύων,
3324 3750 3392 3803 δι’
3420 3744 3490 3821 ἦς
3517 3750 3566 3802 οἱ
3587 3746 3694 3801 τού-

2145 3860 2259 3907 τοις
2287 3840 2597 3913 πειθόμενοι
2629 3841 2973 3895 ἀπόλλυνται.

2223 3933 2286 3988 Ἠ
2319 3931 2387 3986 δὲ
2412 3930 2703 3987 Σωσάννα
2726 3928 2806 4003 ἦν
2838 3931 3095 4001 τρυφερά
3114 3930 3367 4001 σφόδρα.
3402 3929 3476 3984 Οὐ
3515 3927 3691 3988 κάλλος

2142 4025 2271 4097 περὶ
2304 4023 2463 4096 σῶμα
2494 4024 2768 4097 πορνικὸν,
2795 4024 2853 4078 ὂν
2882 4024 3081 4097 τρόπον
3108 4024 3413 4099 περιέκειτο
3432 4025 3498 4094 τῇ
3539 4020 3689 4083 Ἰεζά-

2143 4118 2257 4183 6ελ,
2290 4117 2411 4170 οὐδέ
2441 4116 2561 4187 δψις
2594 4116 2857 4182 ποικίλοις
2887 4115 3140 4188 χρώμασι
3168 4114 3566 4185 πεφυκωμένη·

2142 4206 2256 4280 εἶχε
2300 4209 2495 4273 κάλλος
2540 4208 2776 4273 πίστεως
2820 4210 2912 4263 κο)⁸
2958 4208 3311 4282 σωφροσύνης
3362 4206 3457 4261 καὶ
3506 4206 3688 4274 ἁγιασ-

2144 4323 2266 4376 μου.

2214 4397 2474 4463 Ἔθηκαν
2524 4395 2633 4462 τὰς
2676 4395 2880 4464 χεῖρας
2925 4396 3022 4450 ἐπὶ
3046 4395 3159 4465 τῆς
3198 4394 3467 4465 κεφαλῆς
3493 4389 3686 4459 αὐτῆς·

2065 4520 2110 4575 D
2143 4487 2259 4540 Ἵνα
2290 4487 2394 4542 κᾶν
2420 4490 2479 4541 ἐν
2515 4488 2592 4558 τῷ
2619 4488 2859 4557 ἅψασθαι
2890 4488 3080 4559 αὐτῆς,
3108 4488 3210 4558 τῆς
3240 4487 3378 4551 ιδίας
3413 4483 3688 4554 ἐπιθυμίας

2137 4577 2229 4633 τὸν
2263 4580 2423 4651 κόρον
2449 4579 2727 4632 τελέσωσι.

2220 4673 2281 4727 Ἡ
2312 4670 2381 4724 δὲ
2403 4667 2482 4741 ἦν
2508 4673 2825 4726 κλαίουσα.
2855 4670 2955 4726 Διὰ
2984 4670 3090 4743 γὰρ
3119 4670 3227 4725 τῶν
3254 4670 3501 4741 δακρύων
3524 4665 3689 4736 ἐφείλ-

2137 4781 2262 4817 κετο
2305 4763 2396 4817 τὸν
2424 4763 2521 4816 ἀπ’
2559 4762 2801 4833 οὐρανῶν
2839 4764 3031 4832 Λόγον,
3066 4762 3157 4816 τὸν
3188 4762 3449 4834 μέλλοντα
3489 4761 3573 4815 διὰ
3608 4760 3691 4812 δα-

2137 4855 2317 4925 κρύων
2347 4853 2578 4925 ἐγείρειν
2606 4853 2697 4907 τὸν
2729 4853 2978 4926 Λάζαρον
3007 4852 3320 4924 τεθνηκότα.

2201 4948 2313 5002 Καὶ
2359 4948 2721 5002 ἐπίστευσεν
2762 4947 2967 5014 αὐτοῖς
3007 4948 3046 5015 ἡ
3090 4946 3432 5015 συναγωγή.
3471 4945 3556 4998 Δεῖ
3601 4938 3691 4995 οὖν

2134 5042 2282 5112 ἡμᾶς
2322 5043 2381 5095 ἐν
2412 5043 2576 5096 παντὶ
2616 5041 2899 5113 πράγματι
2937 5038 3181 5111 ἑδραίους
3227 5038 3578 5107 γενομένους,
3618 5034 3687 5104 μὴ

2131 5136 2241 5197 τοῖς
2285 5132 2533 5202 ψευδέσιν
2564 5133 2869 5205 προσέχειν,
2904 5132 3035 5202 μηδὲ
3074 5128 3387 5200 προσώποις
3426 5127 3688 5199 ἀρχόντων

2131 5225 2367 5289 εὐκόλως
2406 5223 2913 5298 συναρπαζομένους
2964 5222 3265 5285 πείθεσθαι,
3297 5221 3682 5290 γινώσκοντας,

2127 5314 2210 5367 ὅτι
2241 5314 2395 5383 λόγον
2439 5314 2632 5386 ἔχομεν
2678 5315 2859 5369 δοῦναι
2904 5313 2983 5385 τῷ
3022 5312 3166 5383 Θεῷ’
3199 5312 3340 5366 ἀλλὰ
3365 5316 3432 5383 τῇ
3466 5307 3687 5379 ἀληθείᾳ

2132 5406 2483 5477 στοιχοῦντες,
2520 5407 2615 5461 καὶ
2645 5407 2707 5460 τὸ
2738 5407 2965 5479 ἀκριϐὲς
2986 5406 3085 5477 τῆς
3108 5406 3345 5468 πίστεως
3376 5400 3685 5473 ἐπιζητοῦν-

2127 5513 2238 5559 τες,
2266 5498 2546 5569 εὐάρεστοι
2576 5499 2811 5570 ἐσόμεθα
2834 5500 2911 5571 τῷ
2937 5499 3074 5571 Θεῷ.
3712 5502 3716 5509 ’

2195 5589 2303 5643 Καὶ
2327 5589 2689 5655 εὶσήκουσεν
2717 5595 2750 5645 ὀ
2775 5591 2918 5659 Θεὸς
2935 5589 3043 5659 τῆς
3065 5588 3269 5661 φωνῆς
3285 5588 3486 5658 αὐτῆς.
3526 5586 3684 5639 Ὅσοι

465 5647 606 5703 enim
654 5649 912 5710 invocant
953 5670 1080 5710 eum
1124 5671 1189 5713 ex
1244 5661 1410 5716 corde
1458 5678 1616 5734 puro,
1668 5666 1769 5721 llOS
1812 5671 2034 5725 exaudit

2167 5678 2232 5751 ὰρ
2261 5680 2640 5737 ἐπικαλοῦνται
2672 5684 2834 5739 αὐτὸν
2887 5687 2950 5739 ἐκ
2978 5684 3222 5755 καθαρᾶς
3265 5683 3502 5753 καρδίας,
3555 5676 3684 5733 τού·

510 5760 583 5838 ¹ιο
607 5760 713 5821 15³.
748 5781 825 5834 ιι,
855 5769 909 5827 9.
985 5772 1027 5804 υ
1050 5770 1252 5846 Μειῑιίι.
1294 5794 1351 5847 x,
1378 5779 1467 5837 28.
1551 5784 1593 5815 ¹²
1625 5782 1779 5841 Juan.
1826 5800 1903 5858 χι,
1937 5786 2024 5844 55.
