3836 6524
188 327 293 382 697

1356 326 1779 384 FRAGMENTA
1816 328 1887 385 IN
1927 329 2293 388 DANIELEM.

3304 326 3309 333 ’
3329 330 3434 390 698

184 458 297 495 σίων
322 441 352 494 6
388 439 519 503 Θεὸς
561 438 854 493 ὑπαιὶούειο
889 441 1003 494 ὅσοι
1035 440 1093 494 δὲ
1136 442 1193 493 ὲν
1228 440 1365 512 δόλῳ
1414 442 1509 495 καὶ
1540 442 1767 513 ὑποκρί-

1870 443 2044 510 Deus;
2080 445 2394 515 quicunque
2421 459 2551 499 vero
2584 443 2640 498 in
2673 444 2801 500 dolo
2829 452 2885 499 et
2912 444 3220 515 hypocrisi,
3249 444 3317 500 ab
3350 448 3434 506 eis

188 550 292 601 σει,
324 534 657 603 ἀποστρέφει
687 532 750 585 τὸ
778 533 1065 604 πρόσωπον
1096 534 1263 587 αὐτοῦ
1297 536 1389 588 ἀπ’
1422 535 1620 589 αὐτῶν.

252 626 716 695 Πεπαλαιωμένε
745 624 983 696 ἡμερῶν
1007 625 1227 679 κακῶν.
1273 626 1490 699 Ἐπειδὴ
1519 626 1576 681 δὲ
1623 627 1763 697 φθά-

185 734 379 782 σαντες
400 720 457 771 ὲν
476 716 554 789 τῷ
576 717 861 789 προοιμίῳ,
892 717 1286 789 διηγησάμεθα,
1316 719 1397 774 ὅτι
1418 720 1468 772 οἱ
1489 720 1581 773 δύο
1598 737 1763 791 πρεσ-

183 810 402 880 ϐύτεροι
429 812 509 873 είς
535 810 704 863 τύπον
726 809 1087 881 ἀναφέρονται
1121 810 1229 865 τῶν
1262 811 1354 865 δύο
1380 811 1545 875 λαῶν,
1577 812 1673 866 τοῦ
1702 830 1762 867 τε

180 900 241 951 ὲκ
272 899 582 970 περιτομῆς
619 899 827 954 καὶτοῦ
858 898 918 965 ἐξ
949 898 1140 965 ὲθνῶν,
1174 901 1223 954 οἳ
1254 902 1347 955 καὶ
1371 903 1459 957 ἀεὶ
1491 902 1764 957 ἐπίϐουλοι

179 991 428 1057 γίνονται
476 993 575 1063 τῆς
630 992 983 1063 Ἐκκλησίαςο
1017 991 1215 1063 ἴδωμεν
1248 994 1317 1048 τὰ
1347 996 1564 1066 ῥήματα
1596 996 1762 1050 αὐτοῦ

177 1082 269 1134 τοῦ
307 1085 534 1154 Δανιὴλ,
577 1085 671 1138 καὶ
713 1086 994 1156 μάθωμεν,
1024 1087 1106 1140 ὅτι
1138 1087 1197 1140 ὲν
1240 1088 1430 1159 μηδενὶ
1462 1090 1609 1160 ἡμᾶς
1646 1090 1763 1144 δια-

178 1174 437 1244 ψεύδεται
469 1180 503 1249 ἡ
533 1178 740 1250 Γραφή.
778 1178 868 1249 Τῷ
895 1179 1005 1251 γὰρ
1034 1179 1236 1252 πρώτῳ
1260 1181 1612 1255 πρεσϐυτέρῳ
1641 1184 1760 1238 δια⁹

176 1267 494 1339 λεγόμενος,
526 1270 602 1333 ὡς
633 1271 897 1345 νομοθέτῃ
928 1274 1189 1344 ἐπιτιμᾷ’
1238 1271 1318 1343 τῷ
1359 1272 1414 1326 δὲ
1446 1276 1649 1346 ἑτέρῳ,
1683 1275 1761 1340 ὡς

178 1361 378 1432 ὲθνικῷ
408 1364 735 1431 διαλέγεται,
771 1363 1007 1436 σπέρμα
1022 1364 1265 1420 Χαναὰν
1282 1365 1574 1422 ἀποκαλῶν
1592 1386 1606 1399 ·
1633 1367 1759 1422 καί-

176 1469 253 1505 τοι
285 1454 423 1507 ὄντα
453 1456 513 1506 ὲν
541 1457 832 1526 περιτομῇ.

244 1543 404 1612 Ἤδη
440 1544 553 1614 γὰρ
596 1545 852 1615 ἅγγελος
896 1546 1065 1602 Θεοῦ.
1115 1548 1278 1619 Δηλοί
1330 1547 1410 1616 δὲ,
1460 1550 1542 1604 ὅτι
1594 1550 1759 1624 ἠνίκα

175 1636 588 1709 προσηύξατοή
640 1639 897 1693 Σωσάννα
935 1644 1074 1715 πρὸς
1109 1643 1204 1697 τὸν
1252 1641 1415 1707 Θεὸν,
1463 1642 1559 1698 καὶ
1603 1645 1757 1715 εἰση-

172 1728 405 1801 κούσθη,
440 1730 560 1785 τότε
594 1728 936 1803 ἐξαπεστάλη
968 1736 999 1788 6
1028 1734 1257 1804 ἄγγελος
1289 1732 1570 1805 βοηθήσων
1593 1733 1753 1805 αὐτῇ,

1864 534 2008 592 Deus
2037 536 2233 593 faciem
2262 552 2415 591 suam
2451 536 2667 591 avertit.

1936 624 2001 679 ν.
2053 626 2124 682 52
2170 644 2186 682 :
2224 624 2517 681 Inveterate
2561 626 2770 680 dierum
2815 626 3099 682 malorum.
3146 625 3282 695 Quia
3317 628 3430 699 jam

1861 715 2018 771 initio
2034 716 2263 786 ipsoque
2275 717 2499 773 exordio
2511 718 2884 787 exposuimus.
2909 718 3049 774 duos
3081 720 3321 775 seniores
3342 736 3433 775 as-

1862 806 2007 861 sumi
2032 807 2086 860 in
2114 816 2297 878 typum
2325 808 2557 862 duorum
2582 810 2929 878 populorum,
2959 809 3079 879 ejus
3109 811 3430 883 scilicetqui

1860 912 1927 954 ex
1960 898 2374 954 circumcisione
2406 910 2458 955 et
2480 901 2624 956 illius
2653 902 2746 971 qui
2769 916 2834 958 ex
2857 902 3128 973 gentibus,
3158 903 3252 973 qui
3285 920 3430 959 sem-

1860 1006 1958 1062 per
1987 991 2246 1048 Ecclesia:
2274 992 2505 1049 insidias
2540 1003 2797 1062 struunt;
2830 996 3116 1053 videamus
3145 996 3293 1066 ipsas
3328 996 3433 1051 Da-

1860 1084 2018 1141 nielis
2052 1100 2235 1147 voces,
2266 1101 2331 1140 ac
2356 1085 2721 1157 intelligamus
2758 1087 2905 1142 nulla
2934 1101 2993 1142 re
3041 1104 3139 1143 nos
3167 1088 3422 1158 Scriptu—

1859 1191 1976 1230 ram
2014 1175 2222 1232 fallere.
2258 1174 2395 1232 Nam
2440 1177 2675 1247 primum
2724 1179 2994 1235 seniorem
3029 1168 3343 1249 alloquens,
3372 1190 3433 1235 ut

1859 1266 2231 1338 legisperitum
2274 1285 2400 1323 eum
2445 1270 2691 1340 increpat
2733 1289 2747 1325 :
2794 1272 2954 1328 alteri
2990 1287 3119 1326 vero
3149 1283 3208 1326 ut
3242 1275 3429 1345 gentili

1858 1357 2121 1430 loquitur,
2150 1376 2205 1415 ν.
2241 1360 2332 1427 56,
2369 1377 2541 1415 semen
2575 1360 2835 1417 Chanaan
2866 1364 3045 1433 ipsum
3077 1378 3313 1433 vocans,
3349 1373 3432 1420 ta-

1859 1452 2019 1506 metsi
2050 1453 2102 1505 in
2138 1452 2560 1508 circumcisione
2587 1462 2643 1507 et
2670 1452 2891 1510 Judaaus
2917 1463 3056 1509 erat.

1936 1541 1995 1597 V.
2031 1544 2147 1599 55:
2190 1542 2318 1598 Jam
2357 1545 2495 1599 enim
2537 1544 2755 1616 angelus
2798 1545 2917 1602 Dei.
2957 1548 3129 1604 Porro
3158 1548 3429 1615 ostendit,

1858 1649 1970 1706 quo
2018 1644 2262 1706 tempore
2323 1634 2579 1693 Susanna
2627 1638 2695 1692 ad
2750 1636 2921 1694 Deum
2976 1643 3178 1709 oravit,
3224 1642 3432 1713 fuitque

1858 1726 2137 1790 exaudita,
2174 1726 2401 1781 missum
2436 1728 2485 1782 ei
2510 1727 2679 1784 fuisse
2707 1730 2959 1800 angelum
2994 1733 3088 1801 qui
3114 1748 3236 1788 eam
3268 1734 3429 1803 adju-

170 1818 227 1872 ὃν
269 1821 481 1892 τρόπον
518 1822 607 1876 ἐπὶ
636 1822 730 1876 τοῦ
764 1824 949 1879 Τωϐία
991 1825 1089 1879 καὶ
1134 1825 1236 1895 τῆς
1282 1825 1500 1896 Σάρρας
1534 1824 1753 1895 συνέϐη.
1786 1814 1787 1865 ξ

1861 1828 2030 1882 varet,
2066 1818 2210 1873 haud
2254 1834 2415 1875 secus
2448 1836 2512 1876 ac
2538 1836 2598 1877 se
2624 1838 2712 1879 res
2749 1823 2804 1877 in
2830 1822 3002 1879 Tobia
3032 1834 3087 1880 et
3122 1824 3289 1881 Sarra
3332 1828 3433 1881 ha-

169 1910 642 1982 Προσευξαμένων
662 1914 768 1987 γάρ
791 1916 989 1977 αὐτῶν,
1024 1920 1091 1990 τῇ
1126 1918 1265 1988 αὐτῇ
1296 1916 1479 1988 ἡμέρᾳ
1504 1916 1599 1970 καὶ
1618 1917 1755 1988 αὐτῇ

168 2003 290 2074 ὥρᾳ.
321 2005 656 2077 εἰσηκούσθη
689 2008 721 2076 ἡ
751 2007 936 2078 δέησις
965 1993 1313 2080 ἀμφοτέρων,
1345 2008 1442 2062 καὶ
1479 2008 1755 2081 ἀπεστάλη

167 2098 195 2149 ὁ
223 2096 469 2167 ἄγγελος
514 2099 757 2169 Ῥαφαὴλ
786 2100 1042 2155 ἰάσασθαι
1070 2103 1195 2165 τοὺς
1222 2099 1334 2156 δύο.

232 2191 350 2249 Καὶ
373 2192 729 2260 ἀνέστησαν
747 2192 844 2246 ἐπὶ
868 2192 1009 2259 τοὺς
1024 2191 1133 2248 δύο
1153 2194 1612 2263 πρεσϐυτέρους.
1639 2194 1757 2248 Ἵνα

164 2283 437 2354 πληρωθῇ
476 2283 539 2337 τὸ
576 2284 897 2356 είρημὲνον’
958 2283 1023 2339 '0
1067 2285 1354 2353 ὀρύσσων
1399 2285 1630 2355 ,ϐόθρον
1674 2285 1758 2353 τῷ

164 2376 443 2442 πλησίον
461 2376 669 2443 αὐτοῦ.
702 2380 789 2444 εἰς
816 2377 1003 2432 αὑτὸν
1027 2378 1389 2447 ἐμπεσεῖται.

230 2467 539 2541 Προσέχειν
569 2463 663 2523 οὖν
695 2470 981 2540 ὀφείλομεν
1011 2472 1199 2535 πᾶσιν,
1230 2470 1527 2543 ἀγαπητοὶ,
1561 2470 1757 2541 φοϐού-

166 2577 319 2630 μενοι
348 2561 429 2632 μή
452 2576 537 2624 τις
567 2561 624 2613 ἐν
653 2578 760 2614 τινι
795 2560 1203 2633 παραπτώματι
1239 2563 1551 2635 κρατηθεὶς,
1592 2563 1757 2628 αὐτὸς

162 2655 261 2723 ’τῆς
310 2654 484 2708 αὖτοῦ
524 2653 703 2725 ψυχῆς
744 2653 926 2724 ἔνοχος
971 2654 1219 2725 γένηται,
1264 2656 1626 2724 γινώσκοντες
1671 2656 1754 2710 ὅτι

161 2744 382 2808 ἔκδικος
410 2747 440 2798 6
468 2745 601 2809 θεὸς
631 2744 759 2817 περὶ
788 2745 1010 2799 πάντων
1036 2747 1277 2815 γίνεται·
1310 2746 1475 2811 αὐτὸς
1497 2747 1573 2803 ὢν
1602 2750 1631 2802 6
1652 2748 1755 2802 A6-

162 2852 258 2905 γος
286 2836 573 2907 ὀφθαλμός
600 2836 674 2905 (‘2)
693 2854 706 2867 ·
749 2836 1002 2890 λανθάνει
1035 2836 1090 2889 δὲ
1124 2837 1311 2891 τοῦτον
1331 2837 1440 2891 τῶν
1465 2838 1523 2891 ὲν
1556 2839 1754 2911 κόσμῳ

159 2928 560 2999 πραττομένων
589 2929 761 2982 οὐδέν.
790 2929 867 2981 Δι’
892 2929 919 2981 ὃ
937 2928 1024 2982 ἀεὶ
1044 2930 1334 3000 ὲγρήγοροι
1374 2930 1605 3002 καρδίας
1638 2932 1749 3002 (to.

160 3022 365 3093 καρδίᾳ
409 3023 448 3090 ῆ
500 3021 773 3093 καρδίαις)
810 3022 902 3077 καὶ
928 3023 1218 3095 σωφρόνως
1235 3022 1493 3093 βιοῦντες,
1518 3026 1618 3097 τὴν
1636 3026 1752 3079 Σω-

1856 1910 2040 1967 buit"
2075 1928 2090 1975 ;
2128 1910 2396 1967 ambobus
2428 1912 2573 1967 enim
2607 1913 2798 1968 eadem
2837 1914 2927 1969 die
2958 1914 3261 1985 eademque
3301 1916 3433 1971 hora

1856 2002 2162 2069 orantibus,
2187 2003 2443 2058 exaudita
2471 2013 2555 2059 est
2579 2004 2866 2060 amborum
2895 2008 3094 2073 oratio,
3122 2008 3433 2079 missusque

1855 2104 1943 2151 est
1966 2098 2193 2164 angelus
2227 2093 2468 2166 Rapliael
2502 2096 2596 2166 qui
2627 2112 2724 2153 eos
2751 2110 2991 2153 sanaret.

1928 2186 1994 2242 ν.
2028 2189 2089 2242 (il
2123 2206 2135 2242 :
2168 2186 2237 2241 Et
2279 2200 2724 2244 consurrexerunt
2747 2192 2998 2246 adversus
3025 2191 3158 2244 duos
3178 2192 3429 2257 seniores,

1857 2276 1926 2334 Ut
1956 2279 2273 2350 impleretur
2301 2280 2445 2351 quod
2481 2280 2688 2337 dictum
2732 2291 2817 2338 est
2846 2288 2875 2338 :'
2917 2282 3021 2349 Qui
3057 2284 3192 2353 fodit
3226 2284 3431 2355 foveam

1854 2372 2095 2441 proximo
2119 2388 2238 2438 suo,
2272 2372 2467 2428 incidet
2491 2375 2545 2428 in
2583 2392 2699 2429 eam
2728 2376 2794 2430 ¹δ.

1922 2460 1983 2517 In
2006 2464 2262 2519 omnibus
2292 2464 2474 2535 itaque
2503 2466 2781 2521 attendere
2824 2465 3105 2531 debemus,
3156 2466 3423 2522 charissi-

1854 2555 1953 2620 mi,
1990 2553 2243 2611 timentes
2282 2572 2351 2611 ne
2379 2555 2503 2628 quis
2532 2558 2587 2612 in
2622 2559 2805 2629 aliquo
2834 2560 3030 2615 delicto
3056 2560 3428 2629 deprehensus

1854 2663 1969 2703 sure
2005 2648 2176 2719 ipsius
2202 2650 2399 2706 animae
2426 2651 2696 2708 obnoxius
2724 2653 2835 2717 ﬁat,
2863 2655 3099 2709 scientes
3133 2653 3261 2724 quia
3302 2653 3425 2707 vin-

1853 2736 1955 2791 dex
1984 2749 2068 2792 est
2096 2737 2237 2792 Deus
2266 2738 2334 2794 de
2370 2741 2664 2808 omnibus;
2696 2757 2822 2797 cum
2864 2741 3098 2798 Verbum
3137 2742 3317 2813 ipsum
3352 2743 3426 2798 sit

1853 2830 2069 2894 oculus,
2119 2820 2281 2901 quem
2334 2834 2470 2888 nihil
2519 2834 2649 2889 latet
2676 2851 2865 2891 eorum
2923 2852 3045 2907 quae
3101 2836 3156 2891 in
3220 2837 3428 2892 mundo

1852 2924 2008 2979 ﬁunt.
2045 2922 2251 2981 idcirco
2281 2942 2496 2996 semper
2526 2928 2815 3000 pervigiles
2846 2930 3030 2985 animo
3064 2947 3129 2987 ac
3168 2940 3319 2987 caste
3349 2932 3429 2986 vi-

1852 3026 2061 3085 ventes,
2100 3016 2410 3075 Susannam
2438 3020 2739 3076 imitemur.

162 3118 363 3170 σάνναν
381 3133 525 3187 μιμη
535 3114 772 3186 σώμεθα.

163 3315 277 3371 Τοῦ
322 3315 657 3387 ἁγιώτατον
707 3318 1061 3373 Ἱππολύτου
1106 3319 1445 3376 ἐπισκόπου
1498 3324 1744 3396 Ῥώμης.

2008 3330 2351 3385 Sanctissimi
2382 3328 2655 3400 Hippolyti
2685 3329 2867 3384 Roma
2891 3327 3121 3399 episcopi
3145 3329 3221 3401 (5)
3247 3370 3264 3386 .

228 3431 345 3502 Τὴν
377 3432 668 3502 ἀκρίϐειαν
699 3431 806 3485 τῶν
837 3432 1065 3503 χρόνων,
1098 3449 1153 3485 κ.
1185 3449 1237 3487 τ.
1268 3432 1316 3486 λ.

1925 3441 2026 3497 Cui
2052 3443 2409 3498 constitutum
2439 3444 2511 3499 sit
2548 3453 2627 3507 ut,
2655 3453 2760 3499 etc.

1474 3635 1902 3697 FRAGMENTA
1950 3644 2131 3699 ALIA.

1587 3758 1690 3829 (Ex
1715 3760 2017 3835 GALLAND.)

1004 3970 1159 4039 Apud
1182 3968 1525 4024 Anastasium
1549 3972 1835 4043 Sinaitam,
1865 3986 2057 4049 quaest.
2085 3994 2273 4046 xum,
2309 3997 2429 4051 pag.
2456 3981 2579 4035 527.

513 4078 830 4134 Ἱππολύτου
858 4080 939 4144 είς
964 4080 1056 4135 τὸν
1081 4082 1280 4152 Δανιήλ
1311 4081 1406 4153 (4).

2291 4094 2562 4166 Hippolyti
2592 4096 2645 4151 in
2680 4097 2977 4154 Danielem.

218 4169 348 4223 Τῶν
378 4169 489 4241 γὰρ
519 4170 751 4241 σιδηρῶν
793 4171 1017 4245 κνημῶν
1048 4174 1156 4226 τῶν
1193 4175 1289 4229 νῦν
1325 4179 1736 4249 ὲπικρατουσῶν
1766 4172 1787 4229 <

1914 4182 2054 4239 Cum
2102 4186 2249 4241 enim
2298 4188 2448 4242 tibia:
2496 4188 2689 4245 ferrea:
2732 4208 2855 4261 quae
2898 4205 3046 4246 nunc
3080 4190 3421 4247 dominatum

150 4260 243 4316 ἐπὶ
271 4261 343 4314 τὰ
365 4260 488 4332 ἴχνη
511 4262 621 4313 τῶν
650 4262 846 4327 ποδῶν,
876 4263 969 4316 καὶ
992 4266 1117 4328 τοὺς
1136 4264 1432 4334 δακτύλους
1458 4272 1739 4341 χωρησάν-

1861 4277 2110 4343 )btineut,
2138 4280 2205 4333 ad
2235 4281 2457 4352 vestigia
2494 4282 2691 4353 pedum
2718 4260 2773 4339 et
2804 4284 3001 4355 digitos
3034 4286 3421 4355 processerint,

146 4372 278 4420 των,
308 4356 456 4408 κατά
482 4355 580 4424 τὴν
601 4353 695 4407 τοῦ
726 4354 957 4424 φοϐεροῦ
998 4354 1188 4427 θηρίου
1228 4357 1422 4425 δεῖξιν,
1459 4361 1651 4426 καθὼς
1675 4364 1736 4416 ὲν

146 4452 265 4512 τοῖς
293 4448 609 4519 ἔμπροσθεν
635 4450 847 4520 καιροῖς
869 4450 1222 4519 σεσήμανται,
1250 4450 1472 4522 ﬁgatur!
1492 4454 1737 4526 οὐρανῶν

143 4546 173 4595 6
192 4544 346 4607 λίθος
372 4544 403 4596 6
430 4543 677 4608 πατάξας
704 4542 802 4612 τὴν
829 4541 1035 4606 εἰκόνα,
1065 4544 1159 4596 καὶ
1202 4545 1500 4617 συντρίψας
1540 4546 1731 4619 αὐτὴν,

144 4636 240 4687 καὶ
268 4634 602 4705 μεταστήσει
624 4632 804 4696 πάσας
822 4632 920 4698 τὰς
946 4633 1221 4703 βασιλείας
1239 4674 1253 4698 ,
1296 4638 1388 4691 καὶ
1430 4638 1589 4693 δώσει
1632 4640 1731 4713 τὴν

94 4708 105 4719 ’
144 4724 624 4796 βατάείανξάγίοις
655 4725 929 4795 Ὑψίστου.
945 4722 1111 4791 Οὗτος
1124 4730 1152 4781 6
1170 4728 1415 4801 γενηθεὶς
1429 4731 1552 4803 ὅρος
1569 4708 1732 4803 μέγα.

140 4820 241 4871 καὶ
271 4816 576 4889 πληρώσας
600 4818 699 4890 τὴν
722 4818 847 4890 γῆν,
878 4820 1007 4892 περὶ
1028 4814 1095 4881 ,οὗ
1119 4819 1332 4893 εἴρηται
1352 4839 1366 4853 ’
1420 4824 1735 4895 Ἐθεώρουν

60 4966 75 4983 ι
137 4908 212 4959 ἐν
240 4905 498 4977 ὁράματι
523 4907 635 4977 τῆς
665 4909 905 4977 νυκτὸς,
932 4909 1032 4963 καὶ
1062 4909 1189 4965 ιδοὺ
1227 4911 1378 4979 μετὰ
1412 4912 1532 4967 τῶν
1568 4932 1736 4985 νεφε-

138 4998 404 5053 λῶντοῦ
436 5000 700 5068 οὐρανοῦ
736 5001 1059 5071 ἐρχόμενος
1085 5002 1165 5069 ὠς
1198 5004 1339 5071 Υἱὸς
1383 5004 1727 5074 ἀνθρώπου’

138 5091 242 5145 καὶ
276 5091 394 5159 ἕως
426 5091 533 5145 τοῦ
562 5092 826 5147 Παλαιοῦ
861 5093 982 5148 τῶν
1020 5094 1255 5163 ἡμερῶν
1288 5097 1585 5166 ἔφθασενο
1613 5100 1735 5155 ’καὶ

214 5206 261 5236 ³³
290 5203 435 5260 Tob.
472 5220 557 5273 ιιι,
586 5204 678 5261 9-4.
758 5204 982 5261 “Prov.
1017 5224 1166 5275 xxvr,
1200 5207 1289 5263 27.

1844 4377 2209 4437 congruenter
2250 4372 2509 4430 terribilis
2555 4374 2743 4430 bestiae
2791 4376 3125 4442 ostensioni,
3166 4377 3305 4430 sicut
3340 4383 3424 4430 est

1844 4460 2205 4530 signiﬁcatum
2240 4463 2515 4533 prioribus
2551 4467 2887 4536 temporibus
2913 4509 2928 4534 ,
2977 4481 3008 4522 e
3050 4468 3203 4523 caelis
3246 4467 3423 4521 veniet

1844 4553 2019 4622 lapis,
2065 4553 2193 4624 qui,
2222 4569 2482 4625 percussa
2517 4566 2696 4612 statua
2731 4566 2786 4613 et
2829 4559 3100 4624 contrita,
3133 4556 3423 4612 transferet

1841 4650 2025 4706 omnia
2074 4667 2280 4723 regna,
2322 4656 2377 4707 et
2408 4654 2559 4708 dabit
2604 4669 2830 4725 regnum
2870 4656 3074 4711 sanctis
3131 4653 3418 4709 Altissimi.

1836 4737 1937 4795 Hic
1978 4749 2064 4797 est
2102 4743 2197 4813 qui
2236 4744 2414 4799 factus
2446 4753 2530 4799 est
2570 4760 2731 4800 mons
2773 4761 3039 4815 magnus,
3084 4754 3139 4799 et
3181 4745 3421 4813 implevit

1834 4840 2060 4901 terram,
2086 4834 2154 4889 de
2182 4850 2290 4905 quo
2317 4835 2522 4891 dictum
2549 4844 2633 4891 est
2656 4855 2669 4891 :
2707 4834 3114 4906 Contemptabar
3140 4838 3195 4890 in
3224 4838 3420 4891 visione

1838 4922 2037 4989 noctis,
2080 4933 2129 4977 et
2170 4941 2285 4979 ecce
2326 4941 2445 4978 cum
2487 4925 2712 4980 nubibus
2757 4926 2872 4980 σαείί
2916 4928 3118 4979 veniens
3167 4936 3421 4997 tanquam

1840 5012 2017 5069 Filius
2052 5014 2297 5084 hominis,
2321 5026 2369 5071 et
2404 5033 2565 5087 usque
2598 5018 2666 5071 ad
2693 5018 2982 5089 Antiquam
3012 5021 3215 5073 dierum
3248 5037 3421 5085 perve-

1842 5109 1948 5173 nit;
1982 5117 2033 5162 et
2066 5109 2114 5163 ei
2136 5111 2297 5163 datus
2327 5118 2403 5163 est
2441 5110 2766 5179 principatus
2794 5119 2842 5164 et
2874 5110 3039 5164 honor
3078 5119 3129 5164 et
3165 5126 3416 5180 regnum:

210 5390 554 5477 (ἓὶηΑξξτὸς
602 5390 704 5477 ὢνΔ
740 5395 775 5448 ὁ
802 5393 1378 5477 Λόγοςωρςεῖθατλμός.
1404 5395 1722 5477 .Cotelerius

1896 5400 1976 5477 (ι)
2016 5402 2270 5477 εις-τὼς
2302 5402 2546 5477 uarum.
2595 5386 2887 5458 Memincre
2927 5403 3415 5477 Hippolytiéppn-

133 5460 357 5544 tomall
383 5461 749 5544 illonumentq
786 5460 910 5535 pag.
954 5460 1264 5537 525,103“,
1297 5460 1461 5531 αὐτὸς
1502 5467 1577 5522 ὢν
1606 5470 1724 5534 ὅλος

1861 5460 1976 5536 eius
2025 5460 2430 5544 inLDanielem,
2468 5460 2829 5544 Hieronymus
2890 5460 3148 5542 capyin
3195 5460 3282 5528 De.
3311 5460 3406 5529 ὶνὶιί.

129 5532 447 5608 ὀφθαλμός.
482 5531 703 5587 Fannia.
744 5603 758 5608 _
787 5531 804 5535 ⁷
861 5531 884 5535 ”
1027 5605 1041 5608 Α
1171 5531 1195 5537 ⁷
1248 5531 1266 5608 ί
1339 5607 1344 5608 ί
1704 5531 1717 5534 ⁷
1825 5531 2028 5595 illustr.
2057 5539 2323 5607 ,°Photius
2354 5531 2513 5598 codd.
2558 5531 2688 5599 ceu”
2730 5553 2785 5597 et
2842 5531 2998 5608 ccni;
3041 5544 3410 5601 (Ecumenius

210 5604 299 5671 (3)
331 5603 721 5685 Fragmentum
744 5603 1054 5685 h.oc,_quod.
1076 5604 1724 5685 Hippolyti_commenta_—
1828 5603 2095 5685 prensatio
2119 5630 2181 5685 in
2200 5613 2562 5685 Apocalypsin
2592 5656 2605 5677 ,
2630 5614 2791 5685 edito
2815 5615 2868 5669 in
2902 5603 3032 5669 bibl.
3075 5615 3409 5671 Coisliniana

128 5672 356 5754 r_iorum
376 5672 746 5754 .in’Dauielem.
775 5672 1000 5754 initium
1014 5677 1125 5731 sive
1145 5672 1469 5754 protémium
1493 5695 1614 5735 esse
1642 5681 1725 5754 ‘vi-
1828 5672 1951 5754 pag.
1984 5684 2089 5754 278
2116 5672 2349 5748 ;Suidas
2375 5672 2802 5749 iti"lnn6)tu1o;,
2824 5686 3043 5754 aliique.
3079 5685 3294 5744 FABRIC.
3338 5718 3409 5729 —-

127 5744 328 5806 detur,
372 5742 691 5809 fragmentis
734 5744 785 5800 in
818 5746 1091 5803 Danielem
1122 5742 1287 5819 supra
1320 5750 1727 5821 editispraami-

129 5813 352 5867 simus.
382 5813 541 5867 Enn.
581 5812 752 5867 Pun.

1861 5742 1965 5810 {ide
1989 5742 2127 5809 infra
2159 5756 2300 5811 inter
2330 5755 2682 5810 Homitiarum
2715 5742 3013 5828 fragmenta
3044 5756 3071 5829 ς
3102 5771 3195 5830 ιι.⁴

129 5826 352 5870 unius.
382 5826 541 5869 ινιτ.
581 5826 752 5873 γΑτιι.
