3836 6534
445 303 551 360 eos
1311 301 1370 358 s.
1408 301 1778 359 HIPPOLYTI
1820 280 1972 359 ore.
2017 303 2283 373 PARS}.
2311 336 2381 349 —
2409 302 2819 362 EXECETICA.
3573 307 3655 363 no

442 430 495 475 et
521 436 696 474 omnes
733 419 949 489 populi,
980 419 1147 476 tribus
1191 432 1239 476 et
1278 421 1473 493 lingua:
1501 426 1723 478 servient
1754 426 1890 494 ipsi:
1924 443 1957 495 p

2137 427 2281 495 ιῠτῷ
2308 428 2481 497 ἐδόθη
2513 430 2551 497 ἠ
2581 428 2759 499 ἀρχὴ,
2790 426 2891 481 καὶ
2918 428 2957 495 ἠ
2987 425 3145 497 τιμὴ,
3175 425 3272 481 καὶ
3296 426 3337 495 ἠ
3364 426 3652 489 ,Βασι.ιεείιι⁹

445 521 607 565 testas
633 511 765 581 ejus,
803 520 1032 581 potestas
1053 524 1248 568 «eterna
1278 533 1395 587 quia
1424 534 1526 571 non
1553 520 1829 587 transibit,
1856 530 1905 573 et
1940 537 1960 571 r

2142 520 2224 574 ιαὶ
2256 518 2481 587 πάντες
2506 522 2665 588 λαοὶ,
2685 519 2894 591 φυλαὶ,
2917 521 3012 574 καὶ
3034 518 3305 589 γλῶσσαι
3325 517 3657 572 δουλεύσου-

442 620 605 677 gnum
632 604 746 675 ejus
780 620 882 658 non
908 606 1145 660 interibit
1178 606 1240 661 ".

2143 629 2224 665 nr
2247 609 2406 676 αὐτῷ
2425 629 2438 641 ·
2468 613 2508 681 ἡ
2527 612 2779 677 ἐξουσία
2797 612 2985 666 αὐτοῦ
3012 610 3263 676 ἐξουσία
3288 608 3540 673 αἰώνιος,
3560 608 3658 674 ἥτις

2114 703 2187 755 οὐ
2221 702 2673 769 παρελεύσεται,
2702 701 2803 756 καὶ
2837 698 3181 769 ήβασιλεία
3216 696 3403 752 αὑτοῦ
3451 694 3525 749 οὐ
3562 692 3658 748 δια-

2111 790 2500 863 φθαρήσεται.

2033 882 2099 938 ll.

548 975 616 1029 In
643 975 923 1030 Canticum
949 976 1109 1029 trium
1134 991 1436 1046 puerorum.
1460 976 1545 1029 Ea:
1570 975 1768 1049 Catena
1791 977 2011 1031 Patrum
2037 981 2091 1032 in
2122 979 2366 1036 Psalmos
2382 990 2429 1035 et
2460 979 2682 1035 Cantica
2702 996 2867 1036 sacra:
2888 977 3177 1049 Scriptura:
3204 988 3331 1032 tom.
3361 972 3428 1030 Ill
3458 975 3581 1029 edit.

1567 1048 1927 1114 Corderiame,
1976 1066 2099 1120 pag.
2141 1051 2265 1115 951,
2294 1051 2361 1104 ad
2393 1054 2445 1121 ᾖ.
2476 1052 2566 1108 87.

510 1138 831 1207 Benedicite,
872 1142 1083 1195 Anania
1111 1183 1126 1206 ,
1198 1142 1399 1195 Azaria
1434 1182 1449 1206 ,
1508 1142 1720 1209 Misael,
1756 1143 2021 1199 Domino;

2201 1146 2538 1215 Εὑλοτε-ἷτε,
2584 1146 2835 1209 Ἀνανία,
2865 1142 3102 1211 Ἀζαρία,
3131 1138 3378 1206 Μισαὴλ
3396 1178 3412 1202 ,
3446 1137 3554 1191 τὸν
3581 1140 3664 1191 Κύ-

438 1230 725 1285 benedicite
770 1233 1042 1301 apostoli,
1092 1233 1355 1302 propheta:
1398 1242 1447 1287 et
1498 1244 1753 1304 martyres
1805 1235 1953 1290 Domi

2151 1254 2286 1291 νιον·
2318 1237 2637 1306 εὐλογεῖτε,
2676 1238 3024 1300 ἀπόστολοι,
3074 1230 3369 1301 προφῆται
3406 1229 3505 1283 καί
3541 1228 3666 1298 [μάρ-

440 1320 667 1377 Dontino
684 1339 703 1377 :
730 1322 943 1377 laudate
968 1335 1013 1379 et
1046 1325 1433 1394 superexaltate
1452 1343 1569 1380 eum
1595 1328 1648 1379 in
1672 1329 1887 1383 sa'cula.

2151 1346 2299 1397 ὐρες
2315 1330 2534 1398 Κυρίου
2552 1328 2661 1382 τὸν
2677 1333 2916 1397 Κύριον,
2934 1325 3175 1398 ὑμνεῖτε
3194 1320 3666 1391 καίύπερυψοῦτε

827 1438 1096 1510 Hippolyti
1125 1440 1363 1510 episcopi
1396 1440 1645 1496 Romani.
2120 1420 2306 1476 αὑτὸν
2330 1439 2342 1474 ε

1328 1442 1363 1495 )ί
1396 1440 1645 1496 Romani.
2120 1420 2306 1476 αὑτὸν
2330 1423 2419 1487 είς
2451 1419 2591 1487 τοὺς
2609 1420 2843 1487 αἰῶνας.

507 1550 840 1607 Admiranda
885 1563 1047 1618 sunt,
1087 1567 1122 1607 0
1162 1554 1377 1619 dilecti,
1417 1570 1537 1625 quae
1570 1571 1600 1610 a
1632 1554 1807 1611 tribus
1834 1557 2019 1626 pueris

1859 1557 2019 1614 meris
2444 1531 2758 1587 Ἱππολύτου
2802 1529 3099 1592 ἐπισκόπου
3138 1527 3374 1598 Ῥώμης,

437 1641 492 1694 in
516 1642 733 1697 camino
758 1643 898 1697 dicta
926 1651 1084 1699 sunt:
1109 1646 1382 1713 quomodo
1417 1646 1550 1699 nihil
1576 1660 1641 1700 ex
1670 1647 1831 1702 rebus
1860 1664 1948 1703 ere

2189 1643 2476 1716 Θαυμάσαι
2505 1646 2563 1699 δὲ
2587 1644 2755 1709 ἔστιν,
2785 1642 3091 1714 ἀγαπητοὶ,
3119 1640 3190 1693 τὰ
3229 1640 3335 1693 ὑπὸ
3376 1637 3487 1691 τῶν
3526 1635 3665 1709 τριῶν

437 1737 511 1789 tis
575 1735 971 1804 pmlerierunt,
1047 1746 1105 1790 ut
1149 1752 1341 1806 nempe
1382 1737 1517 1791 nihil
1590 1740 1744 1808 quasi
1786 1740 1952 1795 liberu

2148 1738 2322 1793 παίδων
2346 1739 2402 1791 ὲν
2432 1740 2497 1809 τῇ
2523 1738 2735 1809 καμίνῳ
2758 1736 3023 1807 λεγόμενα
3041 1753 3055 1765 ·
3080 1735 3196 1797 πῶς
3215 1732 3368 1786 οὐδὲν
3395 1730 3663 1802 παρέλιπον

439 1828 524 1880 γει
556 1829 640 1882 sui
668 1828 809 1898 juris
844 1844 963 1883 esse
993 1838 1304 1899 putaretur:
1334 1831 1425 1885 sed
1452 1846 1619 1899 quum
1658 1832 1837 1887 omnia
1863 1846 1954 1885 cox:

2151 1828 2225 1881 ὦν
2250 1830 2581 1900 ὲκτισμένων
2605 1867 2621 1893 ,
2667 1829 2753 1883 ἵνα
2794 1828 2867 1899 μὴ
2907 1829 2981 1892 ὡς
3031 1828 3309 1899 ἐλεύθερον
3348 1823 3664 1888 αὐτεξούσιον

440 1922 855 1990 prehendissem
885 1938 948 1977 ac
981 1923 1383 1986 nominassent,
1424 1922 1696 1985 ccelestia,
1738 1932 1955 1976 terrestr

2150 1921 2344 1992 ομισοῇ
2366 1938 2380 1950 ο
2408 1920 2542 1974 ἀλλὰ
2565 1920 2741 1975 πάντα
2767 1938 2827 1974 συ
2836 1937 2943 1991 μπε
2953 1920 3257 1992 ριλαϐόντες
3277 1918 3373 1970 καὶ
3394 1916 3665 1985 ὀνομάσαν-

437 2023 491 2066 et
523 2012 911 2078 subterranea,
949 2014 1131 2068 omnia
1175 2013 1285 2068 Deo
1324 2015 1562 2083 subjecta
1608 2029 1729 2069 esse
1769 2016 1952 2069 OSlCﬂtl

2147 2030 2203 2076 ες
2221 2012 2290 2066 τὰ
2317 2012 2613 2083 ἐπουράνια
2645 2013 2739 2065 καὶ
2763 2012 2833 2065 τὰ
2869 2013 3088 2081 ἐπίγεια
3110 2011 3205 2064 καὶ
3236 2009 3303 2063 τὰ
3339 2006 3662 2076 καταχθόνια,

438 2114 587 2169 runt,
618 2113 678 2158 ut
701 2105 792 2174 qui
824 2104 1005 2159 omnia
1038 2120 1133 2174 per
1168 2104 1405 2161 Verbum
1442 2106 1738 2161 creaverit:
1791 2120 1859 2159 ne
1892 2122 1953 2175 qu

2149 2106 2291 2160 τὰντα
2314 2105 2473 2160 δοῦλα
2492 2104 2696 2172 ἔδειξαν
2720 2100 2983 2178 εἴναιῄτοῦ
3010 2102 3143 2157 Θεοῦ
3166 2102 3259 2155 τοῦ
3290 2101 3468 2155 πάντα
3489 2098 3574 2151 διὰ
3588 2097 3664 2151 τοῦ

437 2194 606 2249 ullam
643 2206 947 2251 creaturam
989 2197 1076 2253 vel
1116 2197 1411 2253 increatam
1458 2198 1538 2253 vel
1580 2198 1698 2253 sine
1746 2198 1952 2269 princip

2153 2197 2287 2269 όγου
2316 2196 2618 2261 κτίσαντος,
2649 2196 2735 2249 ἵνα
2766 2195 2839 2266 μή
2863 2196 2949 2258 τις
2968 2194 3307 2265 καυχήσηται
3334 2191 3411 2255 ὡς
3431 2188 3667 2259 ἀγένητόν

436 2300 559 2341 esse
589 2287 932 2357 gloriaretur.

2107 2310 2160 2345 τι
2186 2294 2281 2347 καὶ
2305 2284 2539 2362 ἇιαρχον
2566 2294 2652 2363 em
2681 2286 3016 2361 κτισμάτων.

444 2495 3623 2524 -—————————————————-—————————————-—-—A_——_—-

1570 2668 1695 2759 IN
1789 2668 2542 2761 MATTHIEUM.

1375 2858 1481 2920 (De
1522 2857 1802 2918 ΜΑοιςτιιιε,
1829 2860 1948 2908 Λεία
1970 2858 2245 2924 Martyrum
2256 2855 2512 2920 'Ostieus.,
2536 2872 2585 2921 p.
2611 2858 2746 2921 405.)

578 3002 643 3057 In
675 3002 917 3057 Mattlimi
946 3020 1066 3073 cap.
1095 3020 1171 3070 γι,
1204 3004 1291 3059 11.
1324 3033 1392 3045 -
1420 3002 1749 3059 Sententiam
1777 3020 1931 3059 suam
1957 3021 2093 3075 expo

2027 3006 2169 3075 ponit
2194 3005 2327 3074 περὶ
2354 3006 2461 3061 τοῦ
2485 3006 2798 3061 ἐπιουσίου
2820 3007 2896 3061 vel
2919 3008 2981 3061 de
3022 3023 3155 3075 pane
3180 3006 3542 3062 substantia“.

504 3344 628 3400 Ideo
663 3361 906 3415 quaerere
939 3345 1082 3416 jussi
1130 3359 1320 3399 sumus
1351 3345 1497 3415 quod
1531 3344 1599 3399 ad
1640 3346 2011 3401 conservatio—

2180 3352 2278 3407 Διὰ
2316 3350 2472 3406 τοῦτο
2500 3348 2681 3421 ζητεῖν
2726 3346 3066 3422 προσετάχθη
3077 3363 3175 3419 μεν
3203 3345 3264 3398 τὸ
3293 3346 3430 3418 πρὸς
3454 3338 3664 3416 τηρησιν

432 3453 557 3491 nem
581 3427 889 3507 lorporalis
942 3438 1256 3493 substantiae
1304 3438 1533 3493 sufﬁciat
1566 3453 1709 3492 :non
1754 3438 1947 3508 pulmo]

2148 3444 2370 3518 Ξαρκοῦν
2417 3445 2516 3515 τῆς
2558 3442 2877 3515 σωματικῆς
2921 3439 3134 3503 οὐσίας·
3180 3440 3242 3492 οὺ
3285 3437 3494 3510 τρυφὴν
3543 3436 3663 3491 ἀλλὰ

436 3541 550 3585 tum
579 3574 595 3597 ,
633 3532 727 3586 sed
762 3532 1079 3586 alimentum
1102 3573 1116 3599 ,
1149 3532 1296 3602 quod
1326 3531 1509 3587 deﬁcit
1541 3532 1758 3601 corpori
1797 3541 1951 3585 resta:

2147 3540 2328 3610 ροφὴν,
2357 3536 2417 3589 τὸ
2445 3524 2687 3588 ἐλλεῖπον
2712 3532 3133 3604 ἀναπληροῦσαν
3162 3530 3255 3585 τοῦ
3285 3527 3550 3601 σώματος,
3581 3527 3662 3580 καὶ

436 3640 597 3689 rans,
630 3636 967 3695 mortemque
995 3640 1059 3679 ex
1088 3622 1229 3677 fame
1263 3624 1559 3693 prohibens
1589 3640 1608 3691 ;
1647 3639 1755 3678 non
1788 3637 1951 3678 mens:

2147 3632 2201 3702 ὴν
2235 3632 2299 3684 ὲκ
2330 3628 2422 3682 τοῦ
2456 3626 2614 3698 λιμοῦ
2653 3625 2966 3681 κωλύουσαν
3000 3624 3257 3677 θάνατον·
3298 3623 3361 3675 οὐ
3402 3620 3662 3693 τραπέζας

434 3719 689 3789 Opiparas
710 3730 763 3774 et
792 3719 845 3771 in
876 3718 1178 3787 voluptates
1203 3715 1404 3772 eil‘usas
1422 3756 1436 3782 ,
1464 3731 1640 3786 neque
1665 3730 1949 3786 quincuan

2147 3720 2559 3793 λεγμαινούσας,
2583 3720 2677 3773 καὶ
2710 3719 2791 3781 είς
2821 3716 3012 3789 ἡδονὰς
3038 3714 3426 3785 ὲκμαινούσας,
3452 3712 3554 3765 οὐδ’
3573 3712 3662 3762 ὅσα

432 3826 631 3880 corpus
680 3804 944 3865 insultare
977 3810 1160 3863 animo
1208 3807 1486 3875 eﬂieiunt,
1541 3808 1633 3864 sed
1689 3823 1914 3877 panem,

2144 3815 2336 3886 κιρτᾷν
2380 3812 2442 3865 τὸ
2490 3810 2649 3882 σῶμα
2685 3809 2827 3864 κατὰ
2868 3810 2967 3879 τῆς
3011 3807 3189 3877 ψυχῆς
3228 3801 3658 3877 παρασκευάζει,

434 3901 578 3955 hunc
627 3915 734 3954 non
781 3901 834 3954 in
878 3900 1172 3954 multorum
1223 3913 1494 3954 annorum
1541 3912 1857 3962 numerum,
1905 3911 1949 3952 δε

2146 3906 2221 3959 λλ’
2254 3908 2440 3978 ἄρτον,
2466 3904 2563 3959 καὶ
2591 3902 2777 3957 τοῦτον
2804 3902 2904 3958 οὐκ
2935 3904 3015 3965 είς
3049 3901 3215 3954 πολὺν
3244 3899 3379 3954 ὲτῶν
3405 3896 3626 3970 ἀριθμὸν
3647 3934 3661 3959 ,

433 3990 594 4048 hodie
625 3993 781 4048 nobis
814 3991 1188 4047 sullicientem.

2104 3999 2242 4054 ἀλλὰ
2265 3999 2355 4053 τὸν
2383 3998 2621 4070 σήμερον
2648 3998 2779 4068 ἡμῖν
2806 3995 3096 4068 ἀρκοῦντα.

632 4232 645 4249 Ι

1734 4350 1860 4465 ‘IN
1937 4375 2377 4466 LUCAM.

1086 4566 1222 4631 (MAI,
1260 4565 1567 4632 Scriptorum
1600 4573 1693 4619 vet.
1738 4564 1967 4618 Cottectio
2010 4576 2150 4623 nova,
2176 4568 2293 4613 tom.
2321 4560 2403 4625 IX,
2427 4562 2612 4623 Romae,
2632 4561 2771 4623 1857,
2792 4575 2840 4625 p.
2867 4554 3000 4626 645.)

1099 4866 1251 4922 CAP.
1305 4868 1370 4922 ll.
2027 4874 2072 4929 D

2027 4874 2072 4929 ι)
2748 4861 2906 4914 ΚΕΦ.
2946 4859 3019 4913 B'.

497 4957 650 5014 Vers.
680 4957 1243 5032 7.—Hippolyti.—-Si
1275 4960 1358 5017 vis
1390 4970 1567 5015 autem
1589 5001 1605 5026 ,
1632 4958 1871 5014 Verbum
1900 4958 1995 5013 Dei

2235 4954 2521 5009 ππολύτου.
2552 4953 2615 5007 Εἰ
2643 4952 2699 5006 δὲ
2730 4952 2940 5023 βούλει,
2984 4950 3158 5018 Λόγος
3201 4948 3338 5002 Θεοῦ
3368 4945 3438 5021 ἦν
3472 4950 3660 5021 πρωτόο
3737 4948 3750 4963 ⁵

422 5059 541 5102 erat
591 5050 1046 5121 primogenitum,
1109 5068 1139 5105 ο
1194 5053 1333 5107 cmlo
1380 5052 1445 5106 ad
1500 5052 1715 5107 beatam
1766 5050 1935 5105 Maria

2140 5065 2272 5112 axoc,
2298 5047 2394 5099 ἀπ’
2418 5042 2662 5117 οὐρανῶν
2684 5044 2777 5096 ἐπὶ
2797 5041 2892 5112 τὴν
2924 5039 3194 5112 μακαρίαν
3222 5039 3443 5109 Μαρίαν
3472 5054 3655 5109 κατερ-

422 5140 769 5207 descensum,
799 5155 852 5197 et
878 5144 1039 5199 homo
1072 5145 1471 5213 primogenitus
1501 5144 1555 5197 in
1590 5152 1749 5197 utero
1783 5142 1937 5196 form:

2141 5141 2325 5212 ὑμενος
2344 5179 2358 5203 ,
2389 5139 2481 5192 καὶ
2504 5137 2788 5209 ἄνθρωπος
2818 5134 3157 5205 πρωτότοκος
3189 5134 3246 5185 ὲν
3286 5133 3468 5205 κοιλία
3496 5132 3656 5184 πλασ-

421 5246 607 5300 tus,ut
636 5238 1029 5308 primogenitus
1058 5238 1153 5295 Dei
1186 5238 1544 5311 primogenito
1568 5237 1776 5293 homini
1809 5236 1936 5292 uniti

2143 5232 2446 5304 5μενος,ἴνα
2468 5232 2497 5284 ὁ
2522 5228 2858 5301 πρωτότοκος
2881 5222 3014 5277 Θεοῦ
3044 5224 3375 5296 πρωτοτόκῳ
3400 5222 3658 5296 ἀνθρώπῳ

421 5328 885 5385 manifestaretur.
1569 5394 1580 5405 ο

1569 5394 1580 5405 ο
2097 5325 2502 5395 συναπτόμενος
2528 5320 2732 5392 δειχθῇ.

496 5419 651 5477 Vers.
681 5421 846 5477 2‘2.—
865 5420 1230 5493 Hippolyti.—
1251 5421 1388 5478 Cum
1418 5422 1569 5477 illum
1602 5420 1828 5493 (Jesum)
1860 5422 1995 5476 tule-

2170 5417 2506 5474 Ἱππολύτου.
2559 5417 2686 5469 Ὅτε
2731 5414 2894 5468 αὐτὸν
2933 5414 3205 5485 ἀνήγαγον
3256 5413 3337 5477 είς
3381 5412 3442 5466 τὺ
3483 5408 3654 5481 ἱερὸν,

421 5521 551 5566 runt
579 5512 633 5567 in
660 5515 919 5585 templum
944 5524 1005 5569 ut
1028 5516 1283 5570 sisterent
1304 5530 1427 5570 eum
1458 5516 1709 5581 Domine,
1738 5513 1936 5586 puritic:

2140 5510 2437 5584 αραστῆσαι
2466 5508 2542 5579 τῷ
2570 5507 2784 5578 Κυρίῳ,
2813 5505 2911 5569 τὰς
2942 5506 3267 5579 καθαρσίους
3294 5502 3655 5562 ἐπιτελοῦντες

424 5604 706 5659 solverunt
734 5607 1069 5669 oblationes;
1102 5607 1147 5662 si
1171 5609 1311 5664 enim
1332 5609 1556 5680 puriﬁea
1590 5624 1815 5666 munera
1838 5607 1933 5679 jux

2139 5604 2369 5677 ναφοράς
2388 5621 2402 5635 ο
2436 5605 2483 5658 εἰ
2512 5603 2621 5675 γὰρ
2648 5602 2715 5657 τὰ
2744 5602 3016 5675 καθάρσια
3034 5598 3181 5672 δῶρα
3211 5598 3355 5653 κατὰ
3381 5596 3473 5651 τὸν
3494 5594 3654 5662 νόμον

529 5719 573 5753 ¹¹
596 5719 727 5777 Dan.
761 5724 960 5793 vu,l'5,
996 5722 1078 5778 Η.
