3836 6538
159 422 258 480 705

996 421 1418 478 FRAGMENTA
1444 422 1673 480 DUBIA.
1713 456 1780 466 —
1812 424 2292 483 PENTATEUCH.
2332 427 2536 483 ARAB.

3282 427 3385 483 706

218 534 287 590 Et
322 542 599 605 arreptum
637 534 835 590 librum
872 536 1005 607 legis
1046 536 1280 619 conjeeit
1309 538 1361 591 in
1407 538 1568 592 altam
1610 536 1719 591 fos-
1750 545 1794 600 Α
1887 538 2009 593 ΠίΒο
2044 540 2221 610 itaque
2258 541 2523 611 expositio
2555 539 2672 595 libri
2703 538 2885 611 primi.
2921 538 3024 606 Qui
3057 538 3275 610 quidem
3303 548 3387 597 est

150 642 289 693 sam,
321 638 375 681 et
400 628 621 682 immisit
652 643 812 697 super
841 628 988 681 illam
1027 644 1203 699 ignem
1238 638 1290 684 et
1316 629 1526 683 eineres
1551 628 1717 682 fervi-

148 720 265 785 dos,
307 736 404 789 per
430 729 630 788 septem
659 721 795 776 dies.
825 720 961 775 Tum
991 733 1180 791 postea
1206 722 1477 791 praecepit,
1501 731 1559 776 ut
1588 738 1715 776 con-

145 813 373 884 jicerent
404 813 574 867 lutum
603 814 836 869 civitatis
872 814 926 868 in
952 815 1098 869 illam
1131 814 1358 879 fossam,
1386 815 1439 868 in
1462 830 1567 884 qua
1602 823 1718 869 erat

150 905 286 959 liber
325 905 483 975 legis.
534 904 599 960 Et
637 906 854 977 impleta
901 906 1004 961 fuit
1049 906 1193 963 fossa
1242 921 1414 976 usque
1457 906 1525 961 ad
1567 922 1718 961 sum-

148 1015 319 1057 mum.
570 1056 573 1061 Α

215 1092 424 1148 Mansit
450 1093 539 1148 lex
570 1092 671 1147 sub
703 1101 941 1147 stercore
975 1092 1028 1145 in
1065 1091 1154 1145 illa
1192 1090 1336 1145 fossa
1376 1106 1471 1161 per
1500 1099 1717 1160 septua-

146 1188 295 1253 ginta
341 1201 534 1248 annos,
586 1191 638 1237 et
673 1198 781 1236 non
828 1184 1009 1252 periit,
1048 1199 1223 1254 neque
1261 1190 1575 1253 corruptum
1616 1182 1719 1237 fuit

147 1297 205 1334 ex
238 1296 306 1333 ea
336 1280 421 1332 vel
457 1294 623 1332 unum
654 1278 869 1332 folium.

210 1369 374 1424 Anno
415 1370 677 1441 vigesimo
708 1368 883 1437 primo
917 1367 1068 1438 regni
1106 1366 1359 1437 Apianuti
1403 1366 1545 1433 regis
1584 1366 1717 1420 edu-

148 1472 345 1517 xerunt
390 1464 590 1516 librum
633 1463 766 1532 legis
807 1478 837 1516 e
876 1462 1046 1526 fossa,
1087 1470 1141 1518 et
1184 1478 1252 1517 ne
1295 1478 1460 1516 unum
1496 1462 1713 1532 quidem

147 1554 336 1609 folium
371 1570 435 1608 ex
471 1571 531 1609 ea
564 1565 678 1608 erat
703 1566 1039 1623 corruptum.

212 1648 303 1713 Et,
330 1658 455 1719 post
481 1650 848 1703 ascensionem
879 1648 1079 1703 Christi
1119 1646 1172 1701 in
1196 1647 1418 1710 cmlum,
1442 1647 1589 1700 venit
1622 1663 1715 1702 rex

147 1739 325 1806 Titus,
361 1742 511 1797 ﬁlius
542 1740 855 1811 .AspaSiani,
886 1741 1027 1810 regis
1056 1739 1258 1801 Rom-.13,
1296 1740 1347 1792 in
1388 1737 1714 1801 Jerusalem,

144 1836 466 1905 obseditque
511 1844 563 1889 et
609 1835 750 1903 cepit
802 1834 967 1887 illam.
1020 1832 1083 1886 Et
1127 1833 1391 1887 destruxit
1431 1833 1712 1887 :ediﬁeium

148 1929 344 1982 domus
397 1929 681 1991 secundm,
731 1943 892 1997 quam
944 1924 1341 1979 aediﬁcaverant
1386 1924 1481 1978 ﬁlii
1532 1924 1713 1980 Israel.

145 2018 428 2074 Destruxit
474 2017 630 2074 Titus
673 2035 767 2073 rex
810 2018 1033 2072 domum
1079 2017 1418 2083 sanctuarii;
1452 2015 1720 2073 interiecit

146 2128 332 2167 omnes
379 2110 477 2178 qui
515 2120 668 2166 erant
701 2111 752 2166 in
776 2127 837 2166 ea
860 2127 921 2165 ex
955 2109 1175 2176 ludatis,
1199 2118 1250 2164 et
1271 2110 1723 2167 tediﬁcavithio-

146 2221 262 2259 nem
290 2206 417 2275 (sic)
437 2206 488 2258 in
525 2204 785 2273 sanguine
817 2218 1025 2257 eorum.
1049 2202 1114 2255 Et
1140 2212 1263 2273 post
1294 2204 1438 2258 illam
1467 2205 1719 2274 deporta-

146 2296 351 2350 tionem
388 2284 801 2366 (captivitatem)
833 2296 1061 2364 dispersi
1093 2307 1219 2351 sunt
1255 2296 1425 2351 Judzei
1458 2297 1511 2351 in
1550 2298 1719 2353 servi-

145 2397 332 2442 tutem.
384 2388 569 2457 Neque
601 2388 830 2457 amplius
868 2389 1175 2458 congregati
1210 2400 1335 2443 sunt
1362 2392 1414 2443 in
1447 2390 1718 2447 civitatem

143 2477 474 2541 Jerusalem,
508 2495 681 2548 neque
712 2496 938 2549 usquam
968 2481 1265 2535 revertendi
1291 2497 1415 2550 spes
1436 2491 1537 2536 est.

209 2571 519 2641 Postquam
560 2572 722 2641 igitur
744 2581 955 2626 vastata
1001 2572 1096 2626 fuit
1129 2571 1462 2635 Jerusalem.
1496 2574 1717 2629 tradidit

146 2663 538 2736 (tradiderunt)
571 2665 711 2717 illam
747 2666 963 2736 (legem)
998 2666 1250 2720 Shemaia
1273 2676 1326 2721 et
1353 2667 1563 2721 Antalia
1588 2668 1718 2736 (Ab-

148 2757 338 2825 talion)
382 2772 538 2823 reges
570 2756 836 2810 Baalbach
877 2757 950 2825 (7)
992 2758 1246 2824 civitatis,
1283 2774 1441 2827 quam
1481 2759 1717 2813 :ediﬁca-

146 2857 294 2901 verat
332 2848 466 2900 olim
504 2846 741 2901 Soliman
776 2845 1063 2917 (Salonio),
1107 2848 1251 2904 ﬁlius
1299 2848 1516 2903 Davidis
1550 2850 1714 2919 regis,

144 2954 377 3011 quasque
427 2941 604 2995 denuo
655 2948 957 2998 restaurata
1007 2942 1107 2996 fuit
1149 2943 1201 2996 in
1246 2942 1436 2997 diebus
1475 2942 1718 2999 Menasse

145 3036 311 3104 regis,
352 3034 453 3104 qui
492 3034 725 3089 medium
755 3035 927 3090 secuit
961 3033 1179 3087 Esaiam
1225 3035 1540 3103 prophetam
1589 3048 1714 3089 cum

144 3142 319 3181 serra.

1819 629 1954 684 liber
1984 633 2293 697 ereationis,
2325 634 2528 687 entinm
2559 641 2888 689 creatorum.

2342 788 2585 845 SECTIO
2616 789 2849 844 PRlMA.

1816 898 1893 954 De
1908 903 2168 957 creatione
2186 904 2295 956 caeli
2308 912 2355 956 et
2374 893 2718 958 terrteJnitio
2740 905 2933 958 creavit
2950 902 3158 972 Deus",
3172 902 3386 975 etc.(8).

1883 1014 2165 1085 Expositio
2193 1016 2246 1070 in
2286 1016 2437 1081 illud,
2463 1017 2607 1087 quod
2635 1017 2771 1072 dixit
2800 1016 2964 1073 Deus.

1885 1107 1950 1162 Et
1979 1110 2194 1179 quidem
2226 1109 2416 1164 beatus
2459 1112 2750 1180 propheta,
2798 1129 3029 1183 magnus
3059 1112 3149 1168 ille
3185 1111 3385 1182 Moses,

1816 1202 2033 1269 scripsit
2057 1202 2251 1256 librum
2277 1202 2441 1269 hunc,
2469 1205 2861 1274 appellavitque
2892 1214 2943 1259 et
2971 1206 3126 1260 titulo
3155 1206 3386 1277 insigni-

1816 1291 1891 1345 vit
1918 1292 2109 1345 librum
2145 1291 2318 1359 Emis,
2345 1294 2395 1347 id
2422 1294 2760 1359 est,‘Entium
2788 1305 3117 1364 creatorum,
3145 1307 3251 1353 etc.
3285 1298 3383 1367 t9).

2380 1426 2621 1481 SECTIO
2660 1426 2826 1486 ll-lll.

1880 1530 1946 1587 Et
1978 1533 2113 1588 dixit
2161 1533 2463 1591 Dominus:
2501 1538 2570 1591 Et
2618 1556 2708 1609 ego
2764 1542 3021 1595 missurus
3067 1559 3182 1596 sum
3223 1559 3386 1611 aqua;

1815 1623 2001 1678 diluvii
2047 1643 2202 1697 super
2244 1638 2438 1682 terram
2496 1631 2565 1683 ad
2610 1633 2927 1699 perdendum
2972 1649 3120 1687 omne
3164 1650 3385 1705 corpus.

1815 1715 1870 1768 in
1902 1733 2003 1786 quo
2028 1718 2091 1782 ",
2125 1726 2230 1773 etc.

1889 1826 2028 1882 Dixit
2054 1827 2371 1902 Hippolytus
2392 1833 2665 1903 expositor
2703 1832 3083 1903 Targhumista
3111 1856 3124 1887 :
3148 1834 3385 1893 Nomina

1824 1933 2051 1973 uxorum
2104 1920 2334 1976 ﬁliorum
2382 1921 2532 1977 Noah
2579 1925 2693 1978 inec
2737 1934 2914 1978 sunt:
2962 1941 3157 1979 nomen
3201 1927 3391 1981 uxoris

1821 2008 1943 2065 Sem
1970 2011 2236 2067 Nalialath
2262 2014 2519 2078 Mahnuk,
2544 2027 2596 2069 et
2616 2031 2809 2071 nomen
2844 2020 3029 2071 uxoris
3051 2018 3221 2073 Cham
3252 2018 3390 2073 Ζοά-

1817 2101 2109 2171 katNabu,
2139 2114 2192 2160 et
2230 2123 2426 2161 nomen
2459 2108 2647 2161 uxoris
2690 2106 2917 2177 Japhetb
2961 2109 3220 2165 Arathka.
3264 2110 3390 2167 ":I‘C

1818 2205 1997 2273 autem
2048 2207 2174 2251 sunt
2222 2199 2441 2252 nomina
2492 2215 2679 2254 earum
2728 2202 2780 2253 in
2836 2200 3060 2270 Syriaco
3113 2200 3388 2271 Targhum

1820 2286 1954 2356 (qua
1994 2300 2282 2357 sequuntur
2317 2290 2393 2343 sic
2431 2306 2581 2346 erant
2624 2307 2867 2360 expressa
2909 2302 2965 2345 ut
3007 2303 3131 2360 puto
3169 2292 3390 2362 Syriaca

1817 2381 1874 2434 in
1912 2384 2139 2435 versione
2188 2383 2369 2453 aliqua
2416 2383 2699 2455 Syriaca):
2744 2385 2939 2442 Uxoris
2993 2385 3151 2455 Sem,
3188 2404 3389 2443 nomen

1816 2468 2079 2525 Nahalath
2099 2472 2351 2530 Mahnuk.
2376 2474 2571 2532 Uxoris
2585 2478 2753 2531 Clzam
2778 2495 2971 2533 nomen
2990 2477 3194 2535 Zedkat
3208 2478 3386 2537 Nabu.

1818 2559 2015 2617 UXoris
2046 2561 2273 2633 Japheth
2305 2581 2499 2621 nomen
2532 2569 2791 2627 Arathka.

1890 2653 2149 2709 Indicavit
2180 2656 2359 2725 itaque
2380 2656 2523 2714 Deus
2549 2658 2790 2726 Noacho,
2819 2662 3211 2732 certioremqne
3236 2663 3387 2717 illum

1816 2739 1945 2797 fecit
1974 2744 2041 2798 de
2077 2746 2311 2801 adventu
2352 2748 2538 2804 diluvii
2584 2760 2636 2806 et
2684 2754 2750 2808 de
2796 2753 3015 2808 interitu
3052 2764 3385 2809 vastatorum

1818 2830 2177 2902 (impiorum).

1886 2922 2165 2994 Jussitque
2185 2925 2324 2982 Deus
2340 2928 2660 2997 altissimus,
2679 2940 2739 2987 ut
2754 2932 3103 2989 descenderet
3118 2935 3184 2989 de
3205 2945 3389 2990 monte

1818 3026 2026 3083 saneto,
2068 3019 2183 3087 ipse
2210 3029 2263 3073 et
2304 3020 2396 3073 lilii
2434 3021 2553 3091 ejus
2584 3032 2637 3077 et
2669 3040 2869 3079 uxores
2896 3026 3128 3080 ﬁliorum
3160 3026 3300 3095 ejus,
3333 3038 3387 3081 et

1818 3116 1879 3159 ut
1910 3105 2199 3163 fabricaret
2228 3126 2419 3165 navem
2457 3112 2682 3185 (arcam)
2719 3115 2884 3170 trium
2920 3116 3385 3187 contignaticnum

206 3212 331 3268 Rex
362 3212 638 3269 Adrianus
664 3229 730 3268 ex
769 3213 895 3267 ﬁliis
939 3212 1108 3266 Edom
1153 3212 1364 3268 obsedit
1409 3212 1713 3281 Baalbaclt,
1742 3240 1783 3298 ρ
1819 3199 2390 3298 (5‘1013P018l_0rl_lln)-

142 3306 397 3374 cepitque
431 3306 575 3359 illam
604 3316 657 3359 et
682 3308 877 3360 occidit
900 3320 1089 3359 omnes
1124 3304 1216 3377 qui
1262 3315 1414 3359 erant
1441 3306 1492 3358 in
1534 3305 1621 3358 illa
1648 3322 1710 3359 ex

140 3395 370 3462 ludatis,
398 3407 668 3468 quotquot
689 3406 845 3452 erant
866 3399 932 3453 de
960 3399 1213 3468 prosapia
1247 3397 1488 3466 Davidis,
1524 3399 1577 3452 in
1602 3415 1717 3454 ser-

139 3491 372 3546 vitutem
408 3493 631 3561 redegit.

207 3582 280 3637 Et
327 3584 563 3652 dispersi
608 3591 735 3639 sunt
774 3582 945 3637 Judtni
992 3599 1087 3654 per
1130 3583 1439 3637 universam
1482 3590 1715 3647 terram,

141 3676 604 3744 quemadmodum
651 3676 971 3745 prmdixcrat
1028 3674 1170 3730 Deus
1219 3676 1506 3730 excelsus:
1536 3673 1603 3727 Et
1634 3674 1718 3727 di-

141 3782 392 3837 spergam
417 3782 505 3820 ros
543 3767 677 3821 inter
708 3777 902 3837 gentes,
932 3776 982 3821 et
1023 3766 1289 3836 dissipabo
1318 3783 1405 3821 vos
1448 3768 1585 3821 inter
1618 3784 1715 3837 po-

138 3856 316 3920 pulos.

208 3948 393 4015 Atque
437 3945 552 4000 hzec
583 3956 729 4011 sunt,
765 3962 885 4015 qua:
917 3946 982 3999 ad
1011 3961 1111 4000 nos
1143 3954 1503 4016 pervenerunt
1530 3946 1596 4003 de
1627 3947 1715 4003 hi-

138 4039 314 4091 storia
347 4037 507 4092 istius
537 4038 658 4091 libri
685 4038 1144 4106 prmstautissimi.

672 4129 905 4198 Explicit
936 4129 1201 4199 prtefatt'o.

213 4221 273 4276 ln
304 4221 529 4277 nomine
561 4220 651 4277 Dei
678 4223 885 4288 mterni,
914 4222 1521 4294 sempiternihmaximi,
1549 4222 1713 4280 mise-

140 4312 403 4377 rieordis,
432 4312 791 4367 miseratoris.

208 4404 513 4475 lncipimns
542 4420 665 4460 cum
701 4404 901 4461 auxilio
927 4405 1019 4461 Dei
1058 4405 1363 4463 describere
1400 4407 1598 4463 librum
1636 4409 1715 4465 le-

138 4498 243 4568 gis,
274 4508 332 4551 et
362 4497 757 4566 expositionem
788 4513 906 4567 ejus
938 4506 1099 4567 prout
1124 4510 1489 4568 exposuerunt
1521 4500 1712 4558 Patres

135 4591 262 4658 puri
290 4589 536 4661 (sancti),
565 4588 731 4655 docti,
757 4589 967 4658 optimi.

208 4730 256 4761 “
274 4729 418 4787 Gen.
440 4744 480 4797 ι,
506 4729 558 4783 1.
634 4730 676 4761 ³⁷
702 4730 836 4785 Gen.
872 4745 945 4796 vr,
984 4730 1069 4786 I7.

203 4872 286 4943 (7)
330 4870 626 4945 lleliopolis
658 4872 844 4945 Syriae.

204 4941 286 5011 (8)
331 4941 388 4994 In
422 4958 522 5017 m_s.
544 4941 1040 5017 _codiée_l..a_udiano
1063 4945 1233 5012 (num.
1258 4946 1473 5017 11.182)
1523 4950 1711 5006 eadem

132 5013 594 5088 exs_tat_pr_a:fatio
623 5015 874 5088 Arabicis
903 5015 1114 5081 litteris,
1147 5032 1271 5070 cum
1305 5034 1390 5083 ea,
1424 5013 1586 5088 quam
1614 5022 1712 5075 de-

134 5084 359 5151 scripsi.
394 5081 502 5135 Sed
546 5084 677 5136 nulli
721 5096 848 5139 sunt
887 5089 1259 5140 commentarii
1287 5089 1352 5141 ad
1378 5081 1708 5147 versionem.

132 5151 298 5206 Hunc
330 5153 575 5206 codicem
606 5153 788 5208 laudat
816 5154 1120 5211 Pokockins
1164 5158 1215 5209 in
1265 5174 1361 5211 sua
1390 5159 1711 5215 Prwl‘atione

130 5225 197 5273 ad
232 5222 514 5275 variantes
529 5223 796 5295 lectiones
820 5224 1034 5279 Arabici
1062 5226 1407 5282 Pentateuchi
1433 5230 1708 5295 Saadiani,

131 5302 303 5367 tumo
336 5300 493 5345 sexto
517 5292 677 5367 Bibl.
712 5292 992 5367 Polyglott.
1039 5295 1293 5360 Londin.,
1338 5308 1499 5367 atque
1543 5292 1705 5355 etiam

130 5363 474 5435 mentionem
511 5362 637 5418 facit
667 5362 824 5418 istius
852 5362 1215 5421 Successionis
1261 5362 1573 5435 pontiﬁcum
1610 5386 1706 5425 us-

129 5446 243 5497 que
276 5432 591 5505 adAAnuam
625 5447 679 5488 et
704 5435 1001 5505 fCaipham.
1038 5435 1111 5489 lbi
1146 5432 1363 5505 quoque
1395 5440 1576 5493 laudat
1609 5456 1709 5494 no-

125 5509 304 5554 stram
341 5498 602 5555 Catenam
633 5504 733 5556 sub
765 5498 980 5559 nomine
1012 5498 1243 5561 duorum
1272 5498 1707 5563 Commentario-

126 5572 372 5647 rum_in
431 5568 859 5628 Pentateucbum
923 5577 1115 5630 litteris
1177 5576 1415 5647 Syriacis
1472 5580 1704 5633 dialecto

125 5639 557 5765 ihabica,;tc.,
600 5658 833 5712 quorum
880 5648 1142 5703 versionis
1184 5639 1454 5717 specimen
1487 5650 1707 5705 exhibet

125 5726 185 5763 in
220 5726 379 5762 num.
448 5750 462 5764 .

122 5726 185 5763 ω
220 5726 379 5762 num.
406 5726 462 5764 ὃ.

202 5780 295 5855 (9)⁵
324 5779 549 5835 Patrum
593 5783 833 5855 nomina,
868 5800 933 5838 ex
980 5786 1178 5855 quibus
1225 5788 1578 5845 concinnatus
1621 5796 1705 5844 est

124 5850 225 5905 hic
257 5850 697 5909 Commentarius
740 5855 854 5911 sive
891 5850 1093 5912 Catena
1140 5861 1192 5913 in
1240 5857 1700 5925 l’entateuchutn,

1888 3287 2232 3359 Contignatio
2266 3290 2487 3346 inferior
2519 3302 2636 3349 erat
2668 3311 2768 3364 pro
2797 3295 2989 3351 bestiis
3019 3295 3193 3367 (feris)
3226 3313 3385 3369 rapa-

1818 3379 1992 3446 cibus,
2027 3384 2349 3451 agrestibus,
2390 3387 2588 3441 noxiis.
2631 3387 2773 3442 lnter
2814 3389 2934 3444 illas
2974 3398 3131 3444 erant
3172 3406 3383 3446 asseres

1816 3471 1933 3527 sive
1962 3474 2142 3528 trabes
2175 3474 2382 3544 ligneae,
2416 3493 2535 3547 quae
2560 3494 2653 3533 cas
2683 3480 2750 3533 ab
2780 3480 3009 3536 invicem
3051 3493 3380 3552 separarent,

1817 3564 2111 3633 quominus
2130 3576 2317 3620 mutuo
2332 3568 2539 3622 coirent
2560 3570 2692 3641 {10).
2712 3570 3059 3642 Contignatio
3079 3574 3253 3630 media
3269 3585 3378 3631 erat

1815 3669 1915 3724 pro
1938 3656 2127 3712 avibus
2150 3658 2423 3729 variisque
2453 3677 2639 3715 earum
2671 3665 2981 3732 generibus.

1886 3746 2236 3819 COntignatio
2284 3751 2519 3822 denique
2562 3755 2810 3824 superior
2852 3765 2971 3811 erat
3015 3773 3115 3828 pro
3160 3757 3381 3814 Noacho

1816 3837 1957 3907 ipso,
1994 3841 2227 3911 ﬁliisque
2259 3842 2400 3913 ejus,
2429 3860 2529 3915 pro
2558 3846 2786 3918 conjuge
2810 3848 3003 3919 ipsius,
3030 3861 3085 3907 et
3118 3854 3380 3908 uxoribus

1816 3942 2066 3988 natorum
2096 3935 2235 4004 ejus.

1886 4024 2035 4081 Ferit
2062 4027 2224 4082 etiam
2256 4028 2410 4084 Noah
2442 4030 2638 4086 ostium
2670 4031 2793 4086 navi
2818 4048 2849 4087 a
2885 4033 3051 4089 latere
3076 4035 3344 4091 orientali.

1882 4117 2192 4175 Fabricavit
2220 4122 2383 4177 etiam
2422 4124 2724 4180 conditoria
2752 4141 2909 4197 aquae
2930 4135 2984 4182 et
3008 4130 3378 4199 promptuaria

1814 4210 2081 4269 ciborum.

1882 4321 2178 4395 Postquam
2214 4327 2379 4399 igitur
2401 4328 2659 4401 imposuit
2681 4331 2840 4387 ﬁnem
2867 4332 3196 4389 fabricandre
3230 4333 3373 4395 navi.

1813 4415 2092 4486 ingressus
2119 4426 2203 4475 est
2227 4419 2378 4475 Noah
2426 4438 2549 4478 cum
2590 4423 2715 4481 ﬁliis
2756 4426 2870 4481 suis
2919 4426 3075 4491 Sem,
3118 4426 3286 4482 Cham
3326 4436 3378 4482 et

1812 4505 2045 4576 Japheth
2075 4508 2127 4563 in
2158 4525 2446 4567 cavernam
2476 4513 2878 4570 thesaurorum.

1739 4576 1784 4634 Ῑ)
1881 4598 1946 4653 Et
1976 4602 2195 4671 quidem
2231 4606 2406 4679 primo
2442 4607 2591 4663 aditu
2634 4606 2863 4663 feliciter
2900 4609 3221 4664 invenerunt
3257 4626 3379 4664 cor-

1815 4895 1944 4941 sunt
1972 4886 2397 4961 haecprteeipua,
2426 4905 2547 4958 qua:
2579 4892 2666 4946 hic
2690 4905 2977 4961 apponam,
3006 4899 3378 4961 proutoccur-

1818 4966 1945 5029 [unt
1979 4957 2304 5029 inrdeeursu
2355 4957 2554 5028 operis.
2599 4957 2811 5015 Primus
2856 4974 2936 5015 est
2978 4957 3091 5014 Mar
3142 4959 3373 5029 Ephrem

1816 5022 2007 5099 Syrus,
2029 5022 2478 5099 deindeBasijius
2504 5030 2739 5099 episcop.
2766 5031 3042 5096 Οευείιιδρω,
3074 5022 3376 5083 Μαι-’.ἰδρε-

1812 5094 1915 5170 bns
1947 5094 2334 5170 Boltaviensis,
2361 5098 2446 5153 Jo.
2475 5094 2917 5170 Chrysostnmus,
2950 5094 3225 5170 Origenes.
3259 5099 3377 5155 Mar

1810 5163 2068 5242 iambus
2091 5170 2276 5242 epi‘sc;
2296 5163 2671 5242 _Serugiensis,
2704 5163 3375 5242 Epiphaniusvepiscows

1811 5234 2556 5311 itisula:_Cypt'i,_l)ionysius,
2588 5238 2694 5311 lbn
2719 5234 2909 5311 5-Clith
2939 5234 3195 5311 Cyrinus.
3223 5234 3372 5311 uter-

1807 5320 1913 5379 que
1941 5307 2179 5375 episcop.
2212 5306 2568 5379 Hierosolym.
2594 5318 2647 5361 et
2670 5308 2846 5379 Δίοις,
2874 5308 2964 5361 Ibo
2987 5306 3203 5369 ’Batt‘ik,
3244 5309 3376 5377 Ilip-

1807 5376 2175 5447 polytusdlui
2211 5378 2412 5447 ubique
2455 5376 2756 5447 appellatur
2800 5378 3085 5447 Expositor
3133 5384 3246 5432 sive
3292 5376 3379 5432 ln-

1809 5455 2015 5519 terpres
2058 5445 2337 5519 Targum,
2383 5445 2711 5503 Philoxenes
2760 5445 3038 5518 episcop.,
3075 5447 3377 5519 Evagrius,

1804 5517 2137 5571 Athanasius
2178 5519 2481 5587 patriarcha
2514 5517 2934 5581 Alexandrinus,
2953 5517 3068 5574 etc.
3116 5517 3376 5587 llippolyo

1809 5595 1895 5640 tus
1931 5597 2111 5640 noster
2140 5587 2356 5641 circiter
2391 5589 2603 5644 dO‘loca
2635 5598 3027 5644 commentatus
3054 5598 3136 5642 est
3187 5592 3239 5641 in
3270 5589 3375 5642 hoc

1806 5670 1988 5730 opere.
2011 5656 2240 5730 _Primus
2268 5658 2563 5730 locusaubi
2595 5661 2833 5714 occurrit
2858 5674 3052 5715 nomen
3077 5656 3370 5730 Hippolyti,

1804 5737 1888 5780 es:
1912 5725 1971 5798 in
2000 5725 2132 5798 Gen.
2161 5743 2283 5798 cap.
2311 5745 2381 5792 vr,
2411 5728 2494 5791 l7,
2527 5738 2584 5782 ut
2614 5730 2879 5798 sequitur.

1878 5796 1990 5866 (ill)
2030 5796 2245 5853 Confer
2266 5798 2420 5854 Pirke
2452 5798 2516 5852 R.
2549 5796 2754 5854 Eliezer
2786 5815 2903 5870 cap.
2935 5799 3024 5852 23.
