3836 6534
480 365 579 422 707

1347 364 1403 419 S.
1443 362 1800 419 HIPPOLYTI
1833 362 1982 418 OPP.
2023 361 2203 417 PARS
2239 362 2280 416 l.
2313 390 2382 401 -——
2410 361 2820 419 EXEGETICA.
3598 368 3687 424 708

477 501 613 559 pora
660 485 912 552 Patrum,
955 486 1183 552 Adami,
1217 484 1366 541 Sethi
1389 529 1404 554 ,
1454 486 1692 554 Enoshi,
1742 484 2034 551 Kainanis,
2065 487 2112 544 A
2138 484 2283 554 pisse
2308 482 2551 549 Noacbo,
2577 492 2642 539 ut
2668 484 2858 540 ordine
2900 483 3212 553 disponeret
3250 483 3454 541 bestias
3502 484 3689 545 feroces

478 578 863 646 Mabalalielis,
904 577 1108 643 Jaredi,
1141 577 1558 643 Mathusalachi,
1601 577 1876 633 Lamechi.
1909 577 2043 634 Octo

478 672 570 725 illa
600 686 829 741 corpora
862 679 1016 726 erant
1042 671 1097 724 in
1130 670 1436 726 conditorio
1469 671 1869 733 thesaurorum,
1895 671 2045 724 vide-

476 761 607 817 licet
636 762 847 827 Adami,
888 761 1059 824 Sethi,
1090 761 1316 827 Enoshi,
1351 761 1632 828 Kainanis,
1670 761 2042 839 Mahaialielis,

475 848 680 915 Jaredi,
707 851 1123 917 Mathusalachi,
1148 850 1426 904 Lamechi.

548 943 698 999 Tulit
748 954 928 999 autem
972 942 1122 997 Noah
1172 958 1368 1011 corpus
1413 941 1627 996 Adami.
1675 939 2046 1010 Tuleruntque

476 1038 572 1093 lilii
605 1039 724 1107 ejus
753 1052 998 1091 munera.
1031 1035 1285 1091 Portabat
1315 1033 1440 1089 Sem
1468 1049 1685 1097 aurum,
1711 1033 1880 1088 Cham
1907 1051 2046 1105 myr-

476 1131 655 1195 rham,
681 1128 910 1199 Japheth
949 1129 1095 1182 thus.
1132 1126 1335 1181 Deinde
1369 1126 1569 1194 egressi
1598 1142 1628 1180 e
1658 1140 1887 1179 caverna
1928 1126 2046 1179 the—

475 1236 791 1280 saurorum.
816 1219 1213 1275 transtulerunt
1255 1233 1482 1274 munera
1522 1227 1577 1273 et
1614 1232 1809 1288 corpus
1850 1218 2044 1273 Adami

475 1313 530 1367 in
560 1324 796 1369 montem
822 1323 1087 1367 sanctum.

548 1406 796 1475 Cumque
826 1404 1261 1473 sedissentjuxta
1290 1417 1487 1472 corpus
1510 1400 1701 1456 Adami
1724 1417 1789 1457 ex
1816 1401 2042 1457 adverso

476 1499 736 1567 paradisi,
766 1507 1049 1569 coeperunt
1087 1497 1367 1552 lamentari
1402 1505 1456 1552 et
1494 1495 1623 1551 ﬂere
1644 1496 1911 1567 jacturam
1946 1512 2043 1566 pa-

477 1590 671 1645 radisi.

547 1680 688 1735 Tum
720 1681 1109 1736 descendentes
1132 1680 1215 1734 ‘de
1251 1687 1436 1734 monte
1474 1687 1665 1734 sancto
1710 1678 2047 1748 sublatisque

477 1772 651 1826 oculis
703 1786 891 1825 versus
938 1770 1249 1840 paradisum
1297 1756 1747 1837 redintegrarunf
1772 1766 1954 1820 ﬂetum
1994 1772 2046 1819 et

476 1860 763 1929 ejulatum,
795 1870 1055 1913 aeternum
1082 1859 1200 1911 vale
1230 1857 1485 1911 dixerunt
1532 1857 1617 1911 his
1655 1856 1870 1911 verbis:
1913 1852 2046 1909 Vale

478 1953 605 2022 (pax
629 1951 767 2020 tibi),
786 1950 1079 2020 eparadise
1101 1950 1217 2004 Dei.
1240 1948 1385 2012 Vale,
1414 1962 1447 2003 ο
1471 1947 1802 2003 domicilium
1830 1947 2046 2017 religio-

476 2044 564 2099 nis
580 2052 633 2097 et
653 2044 924 2113 puritatis.
944 2042 1094 2107 Vale,
1112 2058 1145 2097 ο
1166 2042 1318 2097 sedes
1335 2042 1621 2111 voluptatis
1638 2050 1690 2094 et
1707 2040 2042 2095 deliciarum.

551 2134 691 2189 Tum
726 2135 960 2204 amplexi
990 2144 1118 2190 sunt
1147 2132 1352 2203 lapides
1383 2132 1583 2188 montis
1608 2132 1783 2187 sancti
1808 2141 1861 2186 et
1890 2132 2046 2185 arbo-

475 2240 585 2290 res,
611 2226 984 2295 ﬂeveruntque
1021 2235 1074 2281 et
1117 2226 1413 2281 dixerunt:
1446 2223 1597 2291 Vale,
1638 2240 1671 2280 0
1709 2225 2043 2279 domicilium

475 2317 768 2373 bonorum.
808 2316 955 2381 Vale,
987 2332 1019 2373 o
1051 2318 1262 2373 mansio
1285 2332 1575 2387 corporum
1602 2325 1938 2371 sanctorum.

546 2408 751 2464 Deinde
801 2410 981 2464 triduo
1031 2410 1330 2479 completo,
1365 2407 1643 2463 descendit
1686 2405 1876 2471 Noah,
1919 2420 2045 2460 cum

474 2498 603 2553 ﬂliis
642 2500 756 2554 suis
792 2510 844 2553 et
886 2500 1149 2555 uxoribus
1192 2512 1443 2556 natorum
1489 2516 1715 2556 suorum
1756 2501 1824 2555 de
1862 2508 2046 2555 monte

477 2597 667 2643 sancto
701 2590 765 2643 ad
810 2588 1022 2645 radices
1063 2591 1266 2645 montis
1308 2590 1481 2646 sancti
1527 2590 1594 2644 ad
1638 2590 1816 2645 locum
1864 2589 2043 2644 navis.

477 2680 607 2734 Erat
645 2682 790 2735 enim
820 2682 992 2752 (arca)
1019 2681 1122 2736 sub
1150 2681 1513 2751 prominentia
1555 2677 1755 2753 (l‘abri)
1775 2689 1802 2705 '
1841 2681 2045 2736 montis

478 2772 675 2828 sancti.

548 2864 615 2917 Et
659 2865 937 2933 ingressus
979 2872 1063 2920 est
1108 2860 1264 2919 Noah
1314 2865 1371 2919 iu
1417 2878 1639 2931 navem;
1689 2863 2046 2934 deposuitque

476 2970 675 3023 corpus
728 2954 923 3009 Adami
967 2963 1033 3025 et~
1061 2970 1294 3012 munera
1333 2956 1391 3010 in
1438 2955 1618 3009 medio
1667 2956 1823 3010 navis
1881 2970 2045 3024 super

475 3045 679 3101 feretro
716 3046 917 3118 ligneo,
958 3049 1107 3119 quod
1147 3049 1462 3121 recipiendo
1504 3048 1722 3118 corpori
1774 3063 2044 3119 praepara-

474 3145 649 3193 verat.

542 3227 947 3299 Admonuitque
999 3230 1139 3287 Deus
1182 3230 1465 3287 Noachum
1505 3215 1745 3287 dicens:
1787 3229 1899 3286 Fac
1944 3231 2042 3286 tibi

474 3324 803 3392 crepitacula
834 3338 863 3377 e
890 3326 1035 3396 ligno
1075 3327 1204 3383 buxi
1237 3328 1340 3397 (vel
1366 3327 1652 3398 cupressi).
1681 3334 1915 3386 nitamur
1948 3340 2044 3379 au-

477 3421 582 3467 tem
613 3422 694 3467 est
728 3413 934 3483 lignum
976 3416 1181 3472 dictum
1214 3416 1519 3487 Sagh,i.e.
1555 3418 1805 3486 platanus
1839 3414 2042 3470 Indica.

548 3501 777 3557 Fabriea
809 3504 972 3559 etiam
1005 3507 1313 3560 malleolum
1343 3508 1458 3576 ejus
1481 3506 1946 3579 (tintinnabulum)
1977 3521 2046 3562 ex

476 3594 667 3649 eodem
719 3595 952 3667 (ligno).
1006 3596 1311 3668 Longitudo
1348 3608 1528 3654 autem
1578 3602 1894 3671 crepitaculi
1942 3603 2047 3657 erit

478 3685 645 3739 t'rium
685 3689 992 3743 cubitorum
1027 3690 1357 3761 integrorum
1390 3701 1445 3748 et
1475 3692 1705 3748 latitudo
1735 3695 1854 3765 ejus
1880 3696 2046 3753 unius

477 3777 646 3831 cubiti
682 3793 805 3833 cum
838 3781 1086 3835 dimidio.

550 3867 617 3923 Et
647 3874 899 3941 prtecepit
939 3874 987 3927 ei
1028 3874 1189 3936 Deus,
1222 3882 1283 3929 ut
1314 3875 1554 3945 pulsaret
1584 3878 1912 3949 crepitacula
1949 3895 2047 3950 per

478 3960 722 4032 singulos
766 3965 881 4019 dies
924 3966 1098 4023 tribus
1142 3968 1369 4023 vicibus.
1413 3967 1671 4025 Videlicet
1715 3973 1885 4041 prima
1930 3974 2046 4028 vice

478 4053 1002 4135 summoﬂdilueulo;
1043 4058 1279 4112 secunda
1308 4059 1447 4124 vice,
1491 4058 1547 4114 in
1589 4063 1767 4118 medio
1812 4064 1949 4129 diei;
1991 4072 2045 4120 et

474 4145 634 4199 tertia
672 4143 789 4200 vice
821 4148 887 4200 ad
918 4163 1168 4203 occasum
1199 4150 1350 4205 solis.

547 4235 757 4290 Accidit
783 4246 983 4305 autem,
1014 4240 1195 4294 statim
1239 4250 1401 4310 atque
1437 4243 1707 4312 pulsasset
1738 4243 1893 4301 Noah
1928 4262 2045 4302 cre-

478 4327 734 4397 pitacula,
764 4338 825 4384 ut
856 4332 1102 4399 protinus
1135 4336 1482 4390 accurrerent
1510 4336 1605 4389 ﬂlii
1649 4334 1833 4391 Cainis
1866 4347 1920 4392 et
1948 4338 2044 4394 ﬁlii

478 4414 692 4471 Vahimi
724 4421 789 4474 ad
818 4421 1028 4489 ipsum;
1060 4440 1197 4493 quos
1219 4425 1500 4481 admonuit
1527 4435 1581 4482 et
1604 4428 1889 4496 perterruit
1914 4444 2044 4483 nar-

2143 576 2202 631 in
2234 577 2639 648 contignatione
2670 578 2785 634 sive
2805 577 3046 633 tabulato
3071 579 3344 643 inferiore,
3368 588 3421 635 et
3448 580 3691 637 divideret

2142 684 2322 724 mares
2353 685 2383 724 a
2416 668 2664 734 iemellis,
2690 669 2967 725 asseribus
2993 671 3189 741 ligneis
3214 672 3571 741 interpositis.

2213 758 2391 829 Atque
2435 760 2510 815 ita
2552 760 2966 818 fecit'omnibus
2996 763 3184 818 bestiis
3211 763 3383 836 (feris)
3408 764 3689 835 jumentis;

2142 862 2197 906 et
2227 852 2387 906 etiam
2420 853 2733 909 volucribus
2756 854 2808 908 in
2835 854 3075 909 tabulato
3102 856 3302 909 medio.

2212 940 2386 997 Jussit
2420 954 2600 997 autem
2635 943 2821 1014 (Deus)
2853 945 2926 999 ita
2956 946 3410 1015 separarimares
3434 961 3465 998 a
3494 944 3688 1000 feminis

2144 1029 2400 1087 decentite
2425 1041 2479 1087 et
2510 1033 2805 1091 honestatis
2829 1051 3015 1101 causa,
3046 1051 3114 1091 ne
3145 1037 3354 1092 scilicet
3388 1038 3689 1091 commisce

2143 1134 2331 1175 remur
2363 1121 2682 1177 adinvicem.
2955 1109 2987 1122 ”

2218 1211 2361 1266 Dixit
2390 1228 2549 1282 porro
2578 1213 2718 1269 Deus
2741 1213 2872 1269 Mosi
2897 1233 2911 1269 :
2940 1212 3168 1270 Provide
3212 1215 3417 1270 cibaria
3461 1214 3558 1268 tibi
3605 1211 3690 1282 ipsi

2142 1312 2198 1358 et
2226 1306 2366 1362 natis
2392 1306 2519 1359 tuis.
2545 1304 2611 1358 Et
2638 1306 2744 1360 sint
2767 1322 2833 1359 ex
2860 1307 3038 1359 tritico
3060 1307 3269 1370 molito,
3292 1308 3458 1376 pisto,
3485 1307 3689 1361 subacto

2144 1412 2305 1467 aqua,
2335 1395 2628 1449 exsiccato.
2672 1394 2735 1448 Et
2766 1394 2929 1464 jussit
2968 1395 3111 1449 illico
3135 1393 3316 1449 Noach
3349 1396 3571 1464 conjugi
3599 1412 3691 1450 sua

2143 1495 2197 1540 et
2228 1485 2490 1540 uxoribus
2525 1484 2760 1538 ﬁliorum
2794 1500 3042 1551 suorum,
3080 1493 3139 1538 ut
3174 1495 3392 1539 strenue
3430 1484 3691 1539 incumbe-

2144 1588 2264 1633 rent
2304 1577 2601 1648 subigendo
2647 1592 2883 1632 massam
2928 1586 2982 1632 et
3024 1577 3381 1632 reconderent
3422 1577 3479 1630 in
3527 1575 3688 1631 furno.

2146 1670 2485 1739 Subegerunt
2539 1685 2669 1739 ergo
2726 1685 2999 1735 massam,
3048 1678 3103 1723 et
3151 1672 3505 1740 pinsuerunt
3541 1668 3691 1724 ferme

2146 1771 2407 1832 quantum
2458 1761 2591 1830 ipsis
2634 1760 2929 1826 suﬂiceret,
2974 1761 3109 1816 adeo
3152 1770 3209 1816 ut
3250 1777 3360 1817 non
3404 1770 3692 1816 remaneret

2074 1838 2118 1899 Β
2146 1854 2249 1908 nisi
2278 1868 2589 1922 perparum.

2216 1946 2281 2000 Et
2315 1944 2596 1999 admonuit
2621 1941 2763 1997 Deus
2791 1940 3069 1997 Noachum
3104 1943 3289 1999 dicens
3321 1944 3371 1998 ei
3399 1961 3413 1998 :
3449 1942 3690 2013 Quisquis

2144 2037 2548 2093 annuntiaverit
2576 2036 2671 2091 tihi
2702 2035 2770 2091 de
2792 2036 3023 2090 adventu
3051 2035 3232 2090 diluvii
3261 2036 3493 2105 primus,
3518 2035 3690 2101 perdes

2145 2133 2293 2188 illum
2323 2135 2441 2204 ipso
2474 2141 2769 2186 momento.
2802 2129 3008 2182 Interea
3029 2142 3159 2182 vero
3182 2144 3322 2182 uxor
3345 2127 3538 2183 Cbami
3565 2136 3691 2181 asta-

2143 2224 2237 2277 bat
2282 2224 2593 2277 immissura
2635 2237 2831 2292 panem
2879 2223 3113 2287 ingentis
3145 2220 3307 2276 molis
3356 2219 3412 2273 in
3462 2218 3688 2272 furnum.

2144 2299 2212 2369 Et
2244 2316 2424 2371 subito
2458 2314 2713 2385 proﬂuxit
2747 2328 2885 2381 aqua
2913 2330 2941 2367 e
2973 2313 3131 2368 furno
3166 2313 3313 2380 juxta
3340 2311 3567 2366 verbum
3602 2310 3689 2363 Do.

2143 2407 2298 2472 mini,
2320 2415 2373 2461 et
2396 2405 2718 2477 penetravit,
2741 2404 2988 2459 dissolvit
3017 2404 3290 2473 scaturigo
3312 2418 3471 2473 aqua:
3493 2417 3687 2471 panem.

2142 2500 2481 2555 Exclamavit
2515 2500 2697 2569 itaque
2730 2514 2867 2553 uxor
2905 2497 3073 2552 Cham
3111 2496 3176 2551 ad
3213 2496 3498 2550 Noachum
3526 2496 3690 2548 dicens

2142 2593 2193 2649 ei
2211 2591 2285 2647 :0
2306 2593 2543 2657 domine,
2560 2596 2699 2650 venit
2715 2593 2936 2647 verbum
2957 2588 3073 2655 Dei,
3095 2590 3228 2643 venit
3260 2589 3394 2643 illud
3425 2589 3563 2658 quod
3591 2604 3691 2657 pro-

2144 2686 2289 2738 misit
2313 2685 2599 2755 (prwdixit)
2619 2684 2779 2740 Deus.
2801 2682 3105 2753 Exsequere
3130 2682 3294 2751 igitur
3321 2680 3376 2734 id
3406 2681 3547 2749 quod
3574 2696 3691 2750 pra:-

2144 2776 2286 2847 cepit
2312 2775 2595 2831 Dominus.

2214 2865 2461 2936 Cumque
2485 2864 2780 2921 audivisset
2796 2863 2947 2918 Noah
2972 2863 3131 2918 verba
3155 2862 3344 2918 uxoris
3361 2860 3552 2926 Cham,
3574 2860 3693 2915 dixit

2144 2959 2195 3014 ei
2223 2976 2237 3014 :
2273 2956 2392 3012 Jam
2422 2973 2550 3028 ergo
2575 2958 2725 3014 venit
2756 2955 3044 3013 diluvium?
3072 2953 3218 3009 Dixit
3244 2954 3293 3009 ei
3323 2970 3466 3009 uxor
3499 2953 3689 3007 Citam:

2144 3049 2225 3105 Tu
2259 3050 2443 3106 dixisti
2475 3050 2598 3106 hoc.

2069 3175 2112 3232 ο
2213 3143 2508 3198 Admonuit
2535 3150 2710 3196 autem
2742 3138 3003 3195 Dominus
3027 3139 3316 3209 derepente
3351 3137 3539 3192 dicens
3564 3134 3692 3189 Nea-

2144 3236 2269 3299 cho,
2302 3232 2387 3289 Ne
2422 3233 2631 3303 perdas
2673 3248 2896 3288 uxorem
2929 3232 3150 3294 Chami;
3199 3245 3325 3283 nam
3361 3229 3430 3282 ab
3478 3242 3569 3282 ore
3612 3237 3693 3280 tuo

2145 3326 2307 3395 cmpit
2336 3300 2562 3394 perditio
2598 3322 2828 3394 (primus
2860 3322 3041 3377 dixisti
3070 3338 3083 3375 :
3115 3318 3277 3375 Venit
3297 3319 3600 3389 diluvium).
3623 3317 3692 3369 Ad

2149 3433 2336 3473 vocem
2383 3415 2588 3471 Noachi
2620 3416 2770 3469 venit
2811 3413 3091 3477 diluvium,
3125 3420 3180 3466 et
3221 3410 3694 3478 subitoscaturigo

2145 3506 2393 3564 dissolvit
2417 3507 2565 3561 illum
2594 3522 2809 3577 panem.

2215 3597 2283 3652 Et
2319 3607 2517 3667 aperta:
2557 3609 2682 3653 sunt
2731 3605 3013 3652 cataracue
3053 3593 3196 3661 cteli,
3234 3601 3290 3649 et
3326 3606 3487 3664 aqua:
3519 3591 3696 3661 pluvia

2145 3690 2464 3761 ingruerunt
2498 3706 2659 3761 super
2685 3699 2904 3745 terram.
2936 3687 3135 3757 Nempe
3167 3688 3257 3741 illa
3283 3702 3409 3752 vox,
3433 3701 3555 3756 quae
3581 3684 3691 3737 olim

2146 3780 2357 3836 dixerat
2382 3800 2396 3835 :
2434 3781 2823 3853 Congregeutur
2845 3797 2992 3851 aqua:
3015 3782 3067 3833 in
3096 3780 3265 3832 locum
3286 3795 3449 3832 unum
3470 3789 3519 3831 et
3548 3792 3696 3844 appa-

2146 3882 2257 3927 reat
2312 3883 2452 3928 terra
2477 3874 2543 3941 ⁸⁸,
2573 3875 2759 3929 eadem
2796 3889 2901 3929 vox
2953 3872 3225 3942 permisit,
3268 3880 3328 3924 ut
3373 3879 3563 3939 sponte
3608 3880 3693 3921 sua

2146 3976 2456 4037 erumperet
2484 3968 2756 4038 scaturigo
2791 3982 3054 4039 aquarum
3106 3975 3159 4021 et
3188 3965 3366 4020 ﬂuxus
3391 3965 3621 4019 marium
3649 3970 3697 4014 et

2111 4114 2119 4128 ,
2143 4060 2330 4116 eduxit
2357 4074 2548 4130 aquas.

2214 4154 2470 4225 Recogita
2498 4152 2627 4222 quid
2658 4151 2853 4207 dixerit
2882 4149 3023 4206 Deus
3048 4151 3113 4205 de
3136 4148 3337 4204 mundo
3365 4166 3380 4202 :
3409 4144 3696 4203 llumilien-

2144 4254 2235 4300 tur
2268 4247 2449 4300 omnia
2482 4244 2691 4299 excelsa
2733 4244 2874 4313 ejus,
2904 4252 2958 4297 et
2986 4242 3267 4296 humiliata
3291 4249 3454 4306 sunt;
3496 4249 3551 4296 et
3590 4238 3693 4293 ele-

2142 4349 2340 4395 ventur
2372 4336 2598 4393 humilia
2624 4337 2743 4407 ejus
2767 4336 2833 4390 de
2859 4332 3140 4405 profundis
3171 4331 3361 4401 ipsius.

2214 4432 2281 4487 Et
2331 4432 2469 4487 facta
2509 4428 2610 4484 fuit
2658 4438 2801 4482 terra
2843 4441 3016 4481 vacua
3057 4425 3267 4496 privata
3314 4421 3537 4477 entibus
3579 4420 3689 4477 suis

448 4500 653 4562 ‘rando
695 4510 761 4565 de
792 4512 1023 4568 adventu
1057 4517 1308 4584 proximo
1350 4517 1568 4586 diluvii,
1617 4526 1672 4575 et
1708 4521 1774 4576 de
1820 4522 2040 4578 interitu
2073 4518 2119 4574 D
2146 4523 2598 4595 quemadmodum
2623 4530 2738 4576 erat
2761 4518 2932 4573 initio.

474 4599 700 4670 jamjam
728 4602 1013 4662 festinante
1040 4616 1094 4662 et
1122 4608 1455 4664 imminente.

548 4692 623 4747 Ea
653 4710 781 4749 vero
808 4696 912 4750 fuit
948 4699 1314 4756 misericordia
1347 4701 1442 4757 Dei
1476 4718 1603 4774 erga
1642 4703 1782 4769 illos,
1817 4713 1879 4759 ut
1905 4720 2041 4761 con-

478 4793 818 4841 verterentur
846 4798 899 4843 et
923 4791 1321 4860 resipiscerent;
1352 4798 1445 4849 sed
1475 4810 1583 4849 non
1624 4811 1828 4851 morem
1859 4810 2042 4867 gesse-

477 4886 607 4930 runt
639 4879 729 4932 lilii
757 4880 943 4936 Cainis
974 4880 1217 4949 Noacho,
1258 4885 1315 4938 in
1360 4900 1426 4940 eo
1458 4887 1600 4955 quod
1640 4887 1746 4943 illis
1778 4888 2039 4958 praedica-

478 4966 588 5021 bat.
634 4966 701 5022 Et
742 4972 1091 5040 congregavit
1129 4970 1281 5031 Noah
1324 4988 1391 5028 ex
1430 4975 1684 5031 omnibus
1727 4975 2041 5033 volucribus

476 5054 655 5109 omnis
686 5060 897 5126 generis
928 5061 1078 5128 paria
1120 5075 1300 5117 mares
1339 5069 1393 5117 et
1434 5064 1704 5131 femellas;
1751 5074 1914 5136 atque
1964 5067 2040 5123 ita

473 5146 644 5200 etiam
677 5162 744 5201 ex
775 5149 1026 5206 omnibus
1060 5151 1270 5221 bestiis,
1311 5161 1424 5209 tam
1463 5156 1720 5215 cicuratis
1753 5173 1916 5230 quam
1945 5160 2041 5216 sil-

470 5236 770 5311 vestribus,
797 5241 949 5309 paria
978 5248 1033 5295 et
1059 5242 1235 5311 paria.

1069 5355 1312 5413 SECTIO
1357 5358 1450 5415 IV.

898 5447 981 5502 Ad
1017 5447 1200 5505 Gener.
1227 5467 1340 5520 cap.
1369 5468 1466 5519 vn,
1493 5469 1541 5508 υ.
1570 5454 1624 5510 6.

548 5534 694 5593 Dixit
720 5537 1040 5613 Hippolytus
1066 5543 1341 5613 expositor
1370 5541 1539 5617 Syrus
1572 5542 1810 5625 Targum
1837 5569 1850 5605 :
1888 5545 2041 5605 Inve-

480 5627 662 5686 nimus
689 5630 745 5685 in
775 5635 1067 5706 exemplari
1100 5636 1324 5709 antiquo
1351 5633 1599 5711 Hebraeo,
1629 5639 1800 5699 Deum
1838 5655 2040 5714 praece~

551 5772 596 5804 ¹⁸
631 5770 767 5831 Gen.
799 5790 838 5844 ι,
879 5777 933 5835 9.

2212 4616 2279 4672 Et
2307 4615 2523 4686 quidem
2548 4614 2729 4683 pluvia
2761 4611 3119 4667 descendebat
3147 4610 3455 4676 desursum,
3483 4616 3538 4663 et
3564 4616 3697 4661 terra

2144 4706 2462 4776 erumpebat
2497 4706 2772 4759 deorsum.
2808 4703 2874 4757 Et
2904 4704 3066 4773 periit
3109 4701 3433 4770 compositio
3484 4700 3695 4759 mundi,

2143 4799 2407 4869 abruptus
2440 4796 2554 4861 ,l‘uit
2594 4796 2728 4849 ordo
2752 4795 2857 4848 ille
2902 4793 3229 4863 primitivds.
3277 4790 3582 4860 Factusque
3622 4798 3702 4842 est

2145 4890 2403 4951 mundus,
2430 4885 2607 4957 qualis
2644 4893 2761 4938 erat
2802 4884 2870 4938 ab
2911 4883 3066 4937 initio
3097 4882 3376 4937 desolatus
3421 4882 3491 4935 ab
3530 4882 3704 4950 aquis.

2145 4996 2269 5050 qua:
2315 4979 2467 5032 illum
2512 4974 2929 5031 inundaverunt.
2975 4971 3159 5042 Neque
3192 4972 3444 5027 relictum
3491 4969 3591 5026 fuit
3641 4985 3704 5023 ex

2147 5073 2266 5143 ejus
2292 5070 2510 5127 entibus
2542 5068 2842 5139 quidquam
2868 5065 2922 5119 in
2956 5064 3262 5135 integritate
3292 5080 3415 5119 sua.

2216 5163 2572 5219 Pessumdata
2608 5159 2710 5214 fuit
2736 5166 3005 5214 structura
3036 5158 3202 5227 prior,
3231 5167 3284 5210 et
3310 5154 3567 5210 deformis
3606 5151 3709 5205 fuit

2148 5265 2293 5312 terra
2322 5253 2488 5307 ﬂuctu
2518 5265 2785 5320 aquarum
2833 5248 3194 5318 ingruentium
3241 5262 3407 5317 super
3447 5247 3612 5309 illam,
3655 5255 3707 5297 rt

2064 5406 2067 5407 ν
2151 5344 2527 5416 magnitudine
2556 5340 2969 5396 inundationum
2995 5339 3133 5410 ejus,
3158 5349 3212 5395 et
3234 5338 3576 5394 multitudine
3604 5336 3707 5389 im-

2146 5438 2351 5503 brium,
2374 5444 2429 5492 et
2464 5434 2747 5506 eruptione
2785 5433 3104 5505 abyssorum
3141 5432 3279 5501 ejus,
3318 5431 3478 5502 aquis
3514 5442 3704 5498 perpe-

2146 5540 2243 5586 tuo
2283 5527 2710 5602 erumpentibus.
2756 5528 2996 5599 Denique
3028 5525 3216 5583 relicta
3250 5522 3352 5581 fuit
3385 5522 3556 5597 qualis
3581 5525 3708 5578 erat

2149 5631 2305 5680 antea
2314 5663 2327 5677 .
