3836 6518
790 489 1033 548 SECTlO
1071 490 1138 547 ν.

576 582 662 636 Ad
693 580 876 639 Cenes.
908 600 1024 652 cap.
1057 598 1176 649 vut,
1205 601 1251 639 υ.
1284 584 1336 639 1.

239 671 393 728 Dixit
424 671 768 745 Hippolytus,
797 676 1075 744 expositor
1104 674 1365 746 Targum,
1394 684 1447 731 et
1480 675 1743 731 Dominus

168 779 345 827 meus,
378 763 616 821 Iacobus
651 765 1007 821 Rohaviensis
1044 783 1056 819 :
1090 768 1364 838 Vigesimo
1399 768 1630 837 septimo
1657 768 1743 823 die

166 856 372 909 mensis
401 854 535 920 .Iiar,
566 856 658 924 qui
691 864 774 910 est
804 858 1009 910 mensis
1038 857 1311 911 secundus
1331 855 1607 921 Hebraeus,
1628 860 1740 913 ele-

166 958 290 1002 vata
345 947 446 1002 fuit
497 964 623 1003 arca
679 949 748 1003 ab
800 948 1021 1004 introitu
1074 957 1137 1019 (a
1184 951 1486 1024 radicibus)
1540 955 1741 1009 montis

166 1040 364 1105 sancti,
394 1040 619 1110 jamque
650 1042 794 1094 illam
824 1042 1113 1110 portabant
1143 1058 1315 1112 aquae,
1351 1053 1403 1098 et
1445 1061 1605 1115 super
1636 1047 1740 1102 illis

164 1133 216 1187 in
257 1128 455 1203 gyrum
503 1132 832 1187 circumacta
877 1130 980 1186 fuit
1032 1149 1223 1188 versus
1272 1145 1503 1204 quatuor
1552 1143 1739 1195 mundi

164 1226 441 1280 cardines.
476 1225 617 1278 Area
646 1225 807 1295 igitur
833 1242 864 1280 a
894 1237 1075 1281 monte
1108 1239 1298 1282 saneto
1320 1230 1541 1284 tetendit
1562 1232 1740 1286 orien-

164 1327 270 1371 tem
310 1332 527 1381 versus,
561 1325 673 1370 tum
711 1333 925 1373 reversa
954 1328 1035 1373 est
1069 1318 1123 1372 in
1153 1319 1509 1384 occidentem,
1547 1323 1740 1379 deinde

162 1423 433 1463 conversa
467 1408 568 1462 fuit
611 1408 677 1462 ad
706 1410 1009 1474 meridiem,
1040 1409 1275 1479 denique
1315 1412 1575 1468 orientem
1616 1430 1737 1469 ver-

162 1514 255 1553 sus
295 1501 527 1553 tendens
558 1502 766 1569 appulit
809 1502 875 1555 ad
921 1512 1157 1556 montem
1196 1503 1394 1569 Kardu,
1432 1505 1518 1558 die
1562 1507 1755 1575 primo‘

164 1589 375 1642 mensis
408 1588 604 1643 decimi
636 1590 964 1661 (li).Atque
996 1592 1041 1647 is
1064 1601 1146 1648 est
1188 1595 1392 1649 mensis
1425 1593 1613 1650 Kanun
1649 1613 1737 1653 se-

160 1678 403 1733 cundus.
1148 1746 1158 1753 .

224 1769 295 1822 Et
331 1784 589 1839 egressus
617 1778 699 1824 est
724 1766 879 1824 Noah
924 1769 995 1825 ab
1034 1785 1160 1827 arca
1202 1771 1463 1843 vigesimo
1506 1775 1736 1844 septimo

1016 370 1445 429 FRAGMENTA
1481 370 1709 430 DUBIA.
1748 400 1818 412 —-
1842 369 2323 427 PENTATEUCH.
2360 367 2566 424 ARAB.

1774 498 1827 556 Α
1924 490 2122 545 Deinde
2151 489 2428 545 admonuit
2451 488 2593 544 Deus
2625 487 2825 543 Mosem
2850 488 3037 545 dicens
3060 488 3143 544 ei:
3171 489 3417 546 Ascende

3313 372 3416 426 710

1844 581 1900 635 in
1938 594 2174 636 montem
2201 580 2373 647 Nebo,
2405 581 2499 649 qui
2532 580 2748 650 quidem
2784 580 3029 649 cognitus
3068 588 3153 635 est
3194 581 3421 634 nomine

1843 673 2045 727 montis
2086 671 2452 737 Hebraeorum,
2478 672 2570 741 qui
2613 680 2698 726 est
2747 670 2801 725 in
2851 679 2992 726 terra
3026 670 3183 725 Moab
3224 680 3420 727 contra

1844 762 2036 817 faciem
2066 762 2304 839 Iericho.

1913 854 1977 909 Et
2006 856 2141 909 dixit
2168 856 2217 909 ei
2246 874 2257 909 :
2287 854 2670 923 Contemplare
2697 862 2895 909 terram
2923 853 3205 923 Chanaan,
3245 871 3414 926 quam

1842 959 1940 1015 ego
1969 944 2194 999 daturus
2244 958 2364 997 sum
2416 942 2540 997 ﬁliis
2583 942 2745 996 Israel
2796 943 2849 995 in
2895 942 3285 996 haereditatem.
3335 941 3414 995 Tu

1839 1055 1970 1094 vero
2014 1054 2357 1109 nequaquam
2411 1038 2731 1107 ingredieris
2776 1038 2832 1091 in
2875 1037 3041 1102 illam,
3085 1046 3414 1105 quapropter

1842 1130 2051 1185 intuere
2068 1131 2211 1183 illam
2231 1145 2257 1182 a
2281 1132 2455 1198 longe.
2476 1128 2611 1181 Cum
2638 1143 2768 1197 ergo
2791 1120 3248 1198 contemplaretur
3264 1128 3411 1181 illam

1840 1220 2041 1285 Moses,
2082 1222 2217 1274 vidit
2252 1221 2399 1273 illam
2436 1229 2631 1272 terram
2655 1260 2669 1284 ,
2705 1229 2900 1272 terram
2929 1220 3190 1274 virentem
3214 1262 3228 1283 ,
3262 1219 3410 1273 oumi

1839 1314 1993 1382 cepia
2024 1322 2078 1367 et
2102 1313 2346 1366 ubertate
2388 1312 2749 1365 abundantem
2771 1354 2785 1376 ,
2822 1310 3198 1381 frequentibus
3229 1313 3411 1367 consi-

1841 1417 1946 1461 tam
1977 1406 2283 1468 arboribus,
2310 1414 2361 1459 et
2387 1404 2665 1472 obstupuit
2688 1403 2862 1458 Moses
2884 1414 2939 1457 et
2973 1404 3134 1457 ﬂevit.

1910 1497 2119 1551 Etcum
2156 1496 2526 1551 descendisset
2560 1494 2733 1549 Moses
2777 1496 2844 1549 de
2893 1503 3073 1548 monte
3107 1492 3274 1557 Nebo,
3313 1509 3409 1548 vo-

1836 1588 1979 1643 cavit
2017 1587 2240 1641 Josuam
2275 1588 2442 1640 lilium
2476 1585 2618 1651 Nun,
2671 1595 2725 1639 et
2771 1585 2908 1639 dixit
2958 1586 3007 1638 ei
3054 1601 3235 1639 coram
3284 1585 3409 1639 ﬁliis

1836 1680 2039 1735 Israel:
2072 1678 2390 1734 Confortare
2438 1688 2489 1732 et
2524 1688 2640 1731 esto
2680 1680 2957 1733 robustus.
3007 1679 3086 1731 Tu
3132 1679 3275 1733 enim
3326 1680 3410 1731 in-

1836 1773 2186 1827 troducturus
2209 1787 2265 1825 es
2289 1772 2428 1824 ﬁlios
2452 1769 2614 1825 Israel
2649 1771 2701 1823 in
2728 1780 2928 1824 terram
2969 1785 3130 1839 quam
3158 1771 3411 1839 promisit

158 1861 240 1915 die
270 1863 487 1916 mensis
525 1860 638 1917 Iiar
684 1879 827 1917 anno
866 1864 1137 1929 secundo;
1171 1868 1297 1918 nam
1350 1881 1476 1921 arca
1528 1878 1736 1923 morata
1768 1842 1808 1895 Β
1840 1864 1981 1917 Deus
2010 1864 2253 1932 patribus
2282 1878 2492 1927 eorum,
2526 1878 2584 1916 se
2615 1864 2722 1916 illis
2752 1863 3004 1915 daturum
3039 1862 3090 1914 in
3126 1861 3408 1915 hic-redita-

156 1970 247 2023 per
280 1955 530 2023 quinque
555 1971 769 2011 menses
804 1958 1042 2027 integros
1073 1962 1309 2015 natando
1338 1961 1617 2016 ﬂuctuavit
1644 1980 1735 2017 su-

154 2061 245 2114 per
279 2063 480 2115 aquas,
508 2057 560 2102 et
602 2050 777 2117 spatio
820 2050 1029 2103 dierum
1064 2055 1458 2123 quinquaginta
1488 2066 1540 2109 et
1571 2056 1736 2110 unius

154 2139 367 2207 appulit
412 2139 479 2192 ad
516 2148 736 2193 terram.
776 2139 962 2211 Neque
994 2152 1181 2211 postea
1215 2146 1392 2200 adhuc
1432 2144 1732 2200 fluctuavit.

154 2230 257 2283 Sed
318 2232 702 2285 tantummodo
752 2234 1062 2289 successive
1105 2236 1334 2291 obversa
1392 2237 1493 2293 fuit
1543 2254 1735 2294 versus

151 2331 397 2391 quatuor
424 2324 670 2378 cardines
703 2333 879 2392 terrae,
905 2341 969 2381 ac
994 2327 1229 2398 denique
1262 2330 1456 2384 iterum
1495 2333 1737 2387 substitit

149 2415 427 2467 orientem
466 2428 676 2472 versus.
720 2416 959 2473 Dicimus
997 2430 1175 2474 autem
1217 2420 1269 2474 id
1311 2420 1481 2477 fuisse
1519 2424 1732 2495 signum

151 2506 354 2559 crucis.
393 2504 538 2560 Area
574 2517 751 2561 autem
790 2507 894 2563 fuit
942 2510 1115 2565 instar
1154 2512 1377 2580 Christi,
1407 2515 1499 2584 qui
1537 2532 1734 2587 exspe-

150 2596 435 2650 ctabatur.
468 2596 561 2650 Illa
599 2599 743 2652 enim
788 2614 913 2654 arca
955 2600 1057 2657 fuit
1102 2618 1266 2657 causa
1298 2605 1487 2659 salutis
1529 2606 1732 2664 Noachi

146 2697 199 2740 et
228 2688 479 2741 ﬁliorum
516 2690 670 2759 ejus;
705 2692 946 2762 itemque
972 2695 1364 2765 jumentorum,
1398 2699 1658 2768 ferarum,
1682 2715 1735 2759 et

147 2780 483 2834 volatilium.
512 2780 761 2838 Christus
799 2795 1012 2849 autem,
1059 2789 1277 2856 quando
1307 2804 1502 2859 passus
1539 2790 1640 2847 fuit
1676 2795 1730 2848 in

149 2886 337 2937 truce,
393 2875 648 2933 liberavit
699 2894 798 2934 nos
845 2894 876 2934 a
924 2880 1246 2935 criminibus
1291 2890 1345 2935 et
1389 2885 1645 2952 peccatis,
1677 2894 1732 2941 et

147 2960 323 3015 abluit
354 2980 461 3019 nos
498 2966 553 3019 in
586 2970 850 3038 sanguine
884 2986 985 3026 suo
1012 2971 1327 3040 purissimo.

217 3054 285 3107 Et
311 3058 777 3125 quemadmodum
807 3077 1019 3116 reversa
1053 3062 1151 3117 fuit
1182 3079 1308 3118 arca
1344 3065 1399 3119 in
1442 3066 1727 3136 orientem,

144 3144 475 3243 appulitque
492 3147 562 3200 ad
589 3159 822 3202 montem
839 3148 1017 3204 Kardu
1043 3150 1177 3222 (12);
1202 3153 1275 3207 ita
1297 3156 1456 3208 etiam
1476 3155 1727 3213 Christus
1756 3186 1797 3243 ο

146 3236 396 3303 perlecto
438 3248 491 3291 et
519 3241 786 3309 completo
808 3258 989 3311 opere,
1022 3244 1167 3313 quod
1209 3246 1312 3300 sibi
1346 3262 1724 3318 proposuerat,

146 3342 411 3389 reversus
439 3340 524 3384 est
549 3332 601 3384 in
625 3332 819 3387 coelum
855 3335 907 3387 in
941 3336 1119 3390 sinum
1151 3335 1324 3393 Patris
1353 3340 1459 3405 sui,
1486 3351 1553 3412 ,ει
1591 3344 1729 3399 sedit

144 3442 315 3494 super
345 3424 491 3478 Solio
526 3425 709 3493 gloriae
735 3442 847 3479 suae
873 3427 936 3480 ad
964 3427 1204 3483 dextram
1228 3429 1424 3486 Patris.

212 3517 418 3585 Quoad
450 3526 686 3569 montem
706 3514 909 3581 Kardu,
935 3518 981 3571 is
1006 3528 1088 3573 est
1112 3520 1164 3572 in
1190 3522 1396 3575 oriente
1430 3522 1484 3576 in
1507 3523 1727 3595 regione

140 3610 392 3665 filiorum
426 3609 634 3671 Rabaa,
670 3610 1046 3680 appellantque
1070 3612 1220 3665 illum
1241 3610 1543 3670 Orientales
1570 3631 1726 3670 mon-

140 3718 252 3761 tem
289 3706 521 3761 Godash
553 3706 933 3780 (Gordywum),
976 3718 1173 3763 vocant
1203 3718 1382 3765 autem
1422 3710 1629 3768 Arabes
1672 3721 1726 3767 et

136 3797 329 3853 Persae
362 3798 562 3852 Ararat
585 3800 719 3871 (15).

211 3891 281 3945 Et
312 3902 405 3945 est
433 3891 644 3953 civitas,
679 3891 765 3945 cui
795 3905 990 3945 nomen
1023 3898 1106 3946 est
1136 3889 1342 3958 Kardu,
1363 3900 1417 3947 et
1438 3908 1597 3948 mons
1624 3894 1725 3948 iste

138 3987 206 4041 ab
235 4002 304 4040 ea
350 3985 433 4039 sic
472 3984 790 4052 appellatur,
822 3984 914 4054 qui
952 3984 1168 4054 quidem
1213 3985 1511 4041 altissimus
1545 3995 1626 4041 est
1667 3997 1722 4044 et

138 4074 572 4140 inaccessibilis,
607 4074 671 4127 ad
701 4075 856 4143 cujus
885 4074 1140 4129 verticem
1173 4090 1332 4129 nemo
1358 4091 1597 4146 unquam
1626 4095 1723 4149 po-

136 4171 244 4224 tuit
278 4166 587 4221 ascendere
618 4176 836 4234 propter
869 4166 978 4218 vim
1011 4174 1295 4219 ventorum
1328 4175 1382 4221 et
1415 4169 1557 4223 aeris
1589 4185 1720 4239 pro-

136 4262 443 4322 cellarum,
479 4274 599 4328 quze
631 4258 702 4311 ibi
738 4266 997 4327 perpetuo
1032 4266 1275 4328 regnant.
1323 4259 1475 4325 Quod
1509 4260 1554 4315 si
1596 4262 1720 4330 quis

133 4367 330 4412 autem
376 4353 723 4409 attentaverit
764 4352 1159 4415 conscendere,
1203 4352 1416 4408 irruunt
1461 4354 1519 4409 in
1567 4355 1717 4410 illum

132 4449 458 4509 damones,
486 4442 635 4497 etde
668 4442 869 4496 montis
896 4441 1026 4511 jugo
1064 4442 1117 4494 in
1158 4441 1433 4512 planitiem
1467 4446 1715 4515 praacipi-

1838 1964 1969 2009 tem.
2001 1953 2080 2007 Ne
2111 1970 2239 2023 ergo
2268 1954 2459 2007 timeas
2486 1969 2515 2006 a
2543 1954 2778 2022 populis,
2812 1968 2986 2023 neque
3014 1952 3337 2008 reformides
3376 1970 3407 2008 a

1837 2045 2116 2115 gentibus;
2146 2059 2270 2097 nam
2302 2043 2442 2097 Deus
2469 2044 2571 2096 erit
2604 2053 2802 2097 tecum.

1908 2136 1971 2188 Et
2001 2134 2221 2203 scripsit
2248 2132 2423 2189 Moses
2448 2134 2591 2188 illam
2621 2132 2857 2186 Sennam
2886 2131 2998 2202 (Η)
3026 2130 3211 2200 (Hebr.
3238 2145 3407 2194 nam:

1835 2227 2213 2283 secundariam
2246 2227 2440 2297 legem,
2478 2228 2589 2280 sive
2616 2224 3137 2295 Deuteronomium),
3162 2225 3409 2279 tradidit-

1833 2336 1940 2390 que
1975 2321 2119 2373 illam
2152 2320 2524 2374 sacerdotibus
2555 2319 2678 2373 filiis
2718 2318 2866 2385 Levi,
2913 2320 3272 2388 praecepitque
3302 2320 3407 2375 illis

1832 2412 2055 2467 dicens:
2085 2410 2266 2480 Usque
2283 2412 2347 2465 ad
2368 2422 2571 2480 septem
2603 2426 2777 2465 annos
2808 2411 3077 2465 occultate
3108 2410 3248 2465 hanc
3270 2412 3407 2464 Sen-

1834 2519 1981 2571 nam,
2026 2519 2200 2573 neque
2239 2502 2596 2557 manifestetis
2627 2502 2773 2555 illam
2815 2502 2870 2555 in
2916 2501 3128 2571 integro
3171 2502 3405 2556 decursu

1833 2602 2038 2664 septem
2056 2610 2343 2648 annorum.
2366 2592 2652 2663 (Tuncque)
2676 2594 2729 2647 in
2756 2593 2891 2648 festo
2908 2591 3404 2648 Tabernaculorum

1832 2686 2010 2758 legent
2042 2687 2350 2742 sacerdotes
2377 2686 2468 2739 lilii
2504 2684 2629 2738 Levi
2675 2686 2815 2739 banc
2847 2684 3018 2755 legem
3049 2699 3232 2739 coram
3280 2685 3405 2739 liliis

1833 2779 2020 2843 Israel,
2050 2788 2108 2833 ut
2145 2780 2451 2842 observent,
2485 2777 2663 2832 omnis
2690 2777 2939 2846 populus,
2965 2785 3071 2830 tam
3099 2778 3219 2841 viri,
3241 2793 3405 2847 quam

1832 2869 2074 2934 feminae,
2113 2886 2393 2924 sermones
2421 2868 2537 2922 Dei.
2566 2867 2826 2938 Pra‘cipe,
2860 2879 2916 2922 ut
2946 2870 3257 2923 custodiant
3288 2884 3407 2923 ver-

1830 2961 1957 3016 bum
1986 2961 2097 3025 Dei,
2118 2962 2261 3030 quod
2288 2970 2370 3015 est
2398 2962 2449 3014 in
2479 2960 2564 3014 illa
2592 2960 3008 3029 lege.'Quisquis
3035 2970 3212 3015 autem
3238 2961 3407 3016 viola-

1830 3054 1968 3107 verit
1993 3068 2156 3106 unum
2196 3068 2261 3104 ex
2306 3052 2425 3106 istis
2453 3052 2754 3121 praeceptis,
2783 3059 2901 3106 esto
2926 3052 3261 3106 maledictus.

1902 3141 2196 3213 Postquam
2223 3143 2403 3210 itaque
2435 3143 2819 3211 complevisset
2848 3141 3026 3197 Moses
3051 3143 3402 3213 scriptionem

1828 3234 1984 3305 legis,
2027 3234 2244 3287 tradidit
2286 3234 2431 3286 illam
2478 3231 2658 3287 Josuaa
2698 3233 2810 3289 filio
2842 3231 2981 3293 Nun,
3026 3237 3394 3301 praecepitque

1828 3337 1887 3382 ut
1931 3326 2165 3381 traderet
2208 3341 2326 3379 eam
2368 3324 2491 3381 filiis
2533 3325 2661 3380 Levi
2699 3326 3091 3381 sacerdotibus.
3138 3323 3401 3393 Prweeptt

1826 3433 2043 3488 quoque
2076 3416 2179 3471 illis
2220 3416 2395 3471 Moses
2438 3426 2493 3470 et
2529 3416 2715 3485 jussit,
2750 3426 2809 3471 ut
2855 3424 3174 3485 reponerent
3202 3416 3398 3469 librum

1826 3508 1959 3577 legis
1998 3507 2140 3561 intra
2178 3520 2362 3577 arcam
2392 3505 2613 3562 foederis
2651 3507 2896 3575 Domini,
2938 3516 3000 3562 ut
3039 3508 3113 3563 ibi
3157 3516 3402 3563 maneret

1825 3602 1880 3657 in
1915 3598 2288 3653 testimonium
2322 3598 2373 3651 in
2400 3607 2683 3652 aeternum.

1892 3689 2141 3760 Cumque
2179 3691 2340 3744 ﬁnem
2371 3690 2716 3759 praecipiendi
2757 3688 2975 3745 fecisset
3007 3688 3204 3756 Moses,
3230 3690 3398 3761 jussit

1822 3782 1872 3838 ei
1902 3780 2045 3842 Deus
2083 3792 2146 3837 ut
2192 3782 2505 3835 ascenderet
2538 3781 2589 3834 in
2620 3791 2858 3836 montem
2892 3779 3065 3848 Nebo,
3096 3782 3189 3851 qui
3216 3791 3298 3836 est
3328 3798 3395 3836 ex

1824 3873 2055 3928 adverso
2090 3870 2327 3927 Iericho.
2377 3869 2625 3925 Ostendit
2662 3872 2736 3926 illi
2785 3871 3046 3927 Dominus
3086 3875 3397 3928 universam

1824 3974 2023 4019 terram
2070 3964 2447 4033 promissionis
2493 3978 2523 4017 a
2571 3972 2805 4033 quatuor
2834 3965 3149 4019 cardinibus
3186 3964 3326 4032 ejus,
3366 3980 3398 4018 a

1822 4056 2035 4111 deserto
2064 4072 2235 4125 usque
2261 4057 2327 4110 ad
2358 4072 2526 4120 mare,
2562 4066 2613 4111 et
2659 4071 2690 4109 a
2735 4057 2872 4109 mari
2911 4071 3081 4124 usque
3112 4055 3179 4108 ad
3224 4071 3389 4108 mare.

1822 4146 2073 4216 Dixitque
2106 4148 2181 4200 illi
2217 4146 2359 4201 Deus
2392 4166 2405 4201 :
2438 4146 2519 4200 Tu
2566 4147 2782 4217 quidem
2820 4146 2967 4199 illam
3000 4146 3181 4200 vidisti
3223 4146 3395 4202 oculis

1823 4239 1951 4306 tuis,
1983 4248 2038 4293 at
2060 4254 2187 4294 vero
2213 4254 2558 4309 nequaquam
2601 4237 2920 4308 ingredieris
2950 4238 3002 4291 in
3044 4238 3214 4294 illam.
3253 4237 3396 4291 Mor-

1819 4340 1947 4385 tuus
1986 4340 2071 4386 est
2111 4332 2293 4401 itaque
2334 4332 2444 4386 illic
2485 4331 2683 4388 Moses.
2717 4345 2907 4385 servus
2946 4329 3060 4395 Dei,
3086 4330 3243 4399 jussu
3275 4330 3390 4384 Dei.

1820 4419 1888 4475 Et
1915 4421 2241 4490 sepelierunt
2280 4436 2402 4474 eum
2440 4419 2615 4487 angeli
2658 4418 2713 4472 in
2746 4426 2930 4473 monte
2958 4415 3139 4482 Nebo,
3170 4417 3265 4487 qui
3309 4425 3394 4471 est

129 4551 243 4594 tem
290 4535 586 4607 dejiciuut,
615 4543 668 4588 et
703 4534 951 4588 moritur.
978 4532 1148 4588 Nemo
1171 4545 1349 4588 autem
1376 4511 1525 4591 novit
1543 4578 1557 4603 ,
1591 4511 1720 4609 quid
1753 4538 1798 4596 D
1822 4513 2143 4609 “fdvcrso
2164 4511 2297 4567 Bem
2318 4511 2549 4609 m'egorf

126 4635 199 4687 sit
254 4631 316 4683 in
377 4626 663 4695 superﬁcie
707 4626 929 4691 montis,
959 4627 1065 4679 nisi
1112 4626 1256 4694 quod
1302 4628 1547 4696 quaedam
1594 4631 1723 4684 reli-

123 4723 279 4790 quiae
312 4716 456 4785 ligni
494 4715 649 4770 Area:
676 4715 852 4771 adhuc
875 4716 1060 4786 jacent
1100 4716 1151 4769 in
1185 4717 1468 4786 superficie
1505 4719 1724 4774 verticis

122 4810 372 4864 montis.

762 4896 1007 4953 SECTIO
1043 4897 1112 4953 Χ.

528 4988 615 5041 Ad
648 4987 802 5043 Deut.
836 5006 950 5059 cap.
983 5006 1184 5054 xxxm.
1211 5008 1257 5046 υ.
1293 4993 1345 5047 1.

193 5082 371 5137 Dixit
402 5078 726 5150 Hippolytus
755 5080 1030 5152 expositor
1058 5081 1315 5154 Targum,
1345 5085 1487 5154 quod
1522 5084 1719 5148 Moses,

119 5191 255 5230 cum
290 5172 634 5229 absolvisset
668 5174 808 5228 hanc
847 5175 1207 5243 prophetiam,
1244 5176 1517 5231 benedixit
1558 5176 1718 5230 etiam

119 5281 301 5337 super
346 5278 547 5320 omnes
585 5264 722 5320 ﬁlios
748 5264 933 5331 Israel,
963 5282 1056 5336 per
1086 5269 1328 5340 singulas
1364 5268 1537 5324 tribus
1572 5284 1721 5323 seor-

118 5359 257 5424 sim,
291 5365 360 5412 et
392 5365 648 5425 precatus
673 5365 757 5411 est
782 5370 881 5426 pro
909 5357 1034 5413 illis.

194 5555 327 5624 (il)
364 5556 447 5607 ita
472 5551 707 5621 Targum
732 5553 1110 5609 OukelosGen.
1142 5569 1259 5617 vm,
1287 5555 1341 5608 4.
1369 5552 1601 5623 Targum
1628 5552 1722 5607 Jo-

118 5626 377 5710 nathan‘

192 5710 329 5779 (12)
359 5705 439 5761 Ita
472 5705 708 5778 Targum
735 5705 971 5762 Onkelos
1002 5708 1135 5762 Gen.
1167 5722 1287 5770 vm,
1315 5706 1368 5761 4.

189 5793 330 5865 (15)
352 5789 421 5844 V.
442 5789 644 5848 Fuller.
671 5789 821 5845 Iliso.
849 5789 1023 5856 Sacr.,
1045 5791 1137 5847 lib.
1167 5806 1202 5858 ι,
1230 5807 1280 5846 c.
1306 5790 1360 5855 ι,
1386 5797 1436 5847 ct
1462 5788 1712 5847 Bochart.

1896 4604 1961 4659 Et
2006 4619 2165 4658 nemo
2214 4603 2364 4657 novit
2410 4601 2716 4672 sepulcrum
2758 4599 2876 4668 ejus
2916 4613 3091 4668 usque
3135 4597 3202 4652 ad
3247 4595 3391 4649 hunc

1825 4696 1987 4752 diem.
2014 4696 2315 4750 Occultavit
2348 4694 2491 4748 enim
2522 4692 2664 4747 Deus
2697 4690 3004 4759 sepulcrum
3039 4688 3179 4756 ejus.

1895 4783 2043 4839 Vixit
2069 4795 2251 4840 autem
2282 4783 2459 4837 Moses
2486 4790 2702 4837 centum
2733 4789 2785 4836 et
2824 4778 3011 4849 viginti
3052 4790 3261 4842 annos;
3295 4792 3388 4829 ne-
3476 4810 3481 4817 -

1820 4892 1929 4946 que
1974 4878 2301 4946 caligaverat
2343 4875 2491 4930 visus
2536 4872 2675 4942 ejus,
2724 4885 2899 4940 neque
2942 4877 3229 4937 corrugata
3271 4874 3390 4920 erat

1821 4970 1975 5041 pellis
2000 4969 2181 5023 vultus
2209 4967 2346 5038 ejus.

1891 5062 2142 5117 Mortuus
2173 5059 2274 5113 fuit
2303 5058 2477 5114 Moses
2518 5057 2605 5112 die
2641 5054 2878 5125 quodam
2909 5053 3042 5107 hora
3075 5051 3231 5106 tertia
3257 5051 3385 5116 diei,

1821 5159 2053 5229 septimo
2082 5157 2168 5211 die
2195 5153 2398 5210 mensis
2434 5150 2678 5216 secundi,
2707 5150 2797 5218 qui
2822 5157 2905 5204 est
2930 5147 3130 5202 mensis
3152 5143 3283 5199 Jiar.

1893 5259 1959 5314 Et
1984 5256 2259 5313 lamentati
2288 5263 2415 5311 sunt
2444 5269 2608 5323 super
2627 5267 2692 5308 eo
2719 5251 2811 5306 filii
2839 5249 3052 5306 Israelis
3081 5247 3135 5302 in
3170 5260 3389 5315 campe-

1820 5353 2021 5409 stribus
2044 5351 2200 5405 Moab
2226 5365 2321 5420 per
2345 5358 2453 5403 tres
2478 5347 2614 5401 dies.

1819 5554 2041 5624 Phaleg.
2074 5568 2127 5620 p.
2155 5550 2248 5607 ‘22.

1891 5691 2004 5761 (I4)
2040 5688 2154 5743 Hoc
2169 5682 2852 5761 nomineMohammedani
2884 5692 3011 5738 suas
3041 5673 3385 5732 Traditioncs

1820 5757 2087 5845 appellant
2120 5766 2314 5845 praeter
2346 5757 2702 5844 .Alkorauum.
