3836 6520
187 337 290 391 ῗιὸ

1161 335 1585 398 FRAGMENTA
1637 337 1864 398 DUBIA.
1894 373 1966 382 ——
2003 341 2074 398 ΙΝ
2103 342 2437 400 PSALMOS.

3319 351 3419 406 7H
3476 321 3484 326 ’

185 457 471 530 ἐπιγραφὴ
486 457 549 514 οὐ
579 457 870 532 πρόκειται
902 463 1100 526 αὐτῶν,
1131 465 1251 535 ἥτις
1278 464 1448 527 οὕτως
1479 464 1610 535 ἔχει,
1647 467 1726 517 To;

1829 465 2190 534 .prazponitur
2239 466 2323 521 vel
2373 465 2779 536 simplicissima
2832 468 3115 540 inscriptio
3157 471 3214 526 in
3275 447 3422 529 hunc

181 551 366 604 Δαυὶδ
389 553 651 623 ψαλμὸς,
683 554 716 625 ἢ
754 554 867 608 Τοῦ
892 555 1090 621 Δαυὶδ,
1116 558 1285 629 χωρὶς
1315 558 1494 628 πάσης
1520 558 1756 629 προσθήο

182 659 317 713 κης;
366 642 772 716 ’Υπενοήσαμεν
818 646 875 700 δὲ
913 647 1047 701 ὅπου
1092 648 1231 720 αὕτη
1285 649 1417 720 μόνη
1475 650 1751 721 ἐπιγραφή

178 736 348 801 ἐστιν,
381 737 463 790 ὅτι
493 736 617 791 οὔτε
646 738 858 809 ψαλμός
884 739 998 792 ἐστι
1031 738 1092 793 τὸ
1123 739 1430 814 λεγόμενον,
1463 741 1585 794 οὔτε
1619 743 1750 814 ᾠδὴ,

177 825 313 878 ἀλλὰ
341 827 500 896 λόγος
531 846 616 891 τις
644 830 701 896 ἐξ
732 831 888 895 ἁγίου
912 833 1245 904 Πνεύματος,
1271 834 1536 904 ὡφελείας
1567 836 1751 889 ’ἑνεκεν
1793 864 1799 870 ι

173 919 275 988 τῆς
303 919 402 972 τοῦ
429 921 724 991 δυναμένου
752 923 986 977 συνιέναι
1019 925 1525 997 ἀναγεγραμμένος.
1547 924 1750 980 Ἦλθεν

173 1010 228 1063 δὲ
289 1014 374 1075 είς
434 1013 536 1082 ἐμὲ
596 1013 848 1087 Ἑϐραίου
904 1015 1047 1079 τινὸς
1106 1018 1405 1089 παράδοσις
1450 1020 1576 1089 περὶ
1639 1019 1748 1071 τῶν

169 1097 520 1153 τελευταίων·
552 1101 672 1154 ἐπεὶ
705 1103 813 1176 γὰρ
842 1105 1025 1159 πολλοὶ
1064 1103 1202 1178 ἦσαν
1231 1106 1590 1180 ἀνεπίγραφοι
1615 1150 1629 1173 ,
1668 1103 1748 1172 εἷς

167 1189 224 1243 δὲ
256 1194 286 1244 6
335 1193 444 1264 πρὸ
470 1195 670 1250 τούτων
694 1198 801 1250 τῶν
840 1199 1223 1272 ἀνεπιγράφων
1259 1202 1566 1273 ἐπιγραφὴν
1612 1202 1742 1274 ἔχει,

174 1283 289 1336 Τοῦ
320 1284 535 1350 Δαυίδ,
575 1286 758 1356 ἔλεγεν
800 1289 1084 1355 κάκείνους
1115 1294 1222 1346 ἀπὸ
1259 1294 1436 1348 κοινοῦ
1476 1292 1743 1365 λαμϐανο-

168 1374 402 1442 μένους,
450 1376 544 1430 τοῦ
589 1379 752 1432 Δαυὶδ
794 1382 988 1446 αὐτοὺς
1035 1383 1143 1437 δεῖν
1185 1386 1516 1456 νομίζεσθαι.
1553 1389 1661 1441 Καὶ
1695 1391 1742 1440 εί

164 1465 312 1518 τοῦθ’
357 1467 564 1534 οὕτως,
619 1471 905 1528 ἀκόλουθόν
953 1477 1140 1539 ἐστιν,
1172 1479 1298 1541 τοὺς
1343 1480 1742 1551 ἀνεπιγράφους

164 1555 395 1611 ἐκείνων
423 1555 582 1624 εἶναι,
606 1554 682 1616 ὧν
714 1565 764 1616 οί
793 1565 898 1636 πρὸ
930 1567 1108 1620 αὐτῶν
1138 1568 1278 1622 κατὰ
1302 1570 1403 1640 τὴν
1432 1573 1739 1644 ἐπιγραφὴν

164 1647 348 1713 καλῶς
381 1653 519 1704 είσὶν
568 1657 960 1728 νενομισμένοι.
1011 1660 1316 1732 Ψαλτήριον
1355 1663 1412 1716 δὲ
1450 1664 1548 1736 τὴν
1595 1685 1736 1738 παρ-

161 1739 329 1793 οὖσαν
389 1742 496 1795 τῶν
540 1745 783 1817 Ψαλμῶν
830 1749 1009 1818 βίϐλον
1056 1754 1084 1806 6
1117 1754 1406 1826 Προφήτης
1449 1757 1733 1829 ὠνόμασε,
1769 1808 1810 1862 Β

161 1829 352 1862 ιρι-,χιι
405 1832 559 1862 ηιμ-..
610 1837 736 1862 .-...\
808 1840 892 1862 a-\
959 1845 1065 1862 --νγ
1365 1849 1387 1862 .
1497 1850 1508 1862 .
1603 1851 1614 1862 .

161 1829 353 1903 ἐπειδὴ
401 1832 559 1903 μόνον
609 1837 741 1905 φασὶ
806 1840 898 1893 ἐπὶ
954 1845 1067 1906 τοῖς
1139 1849 1415 1914 μουσικοῖς
1486 1850 1734 1920 ὀργάνοις

161 1921 371 1975 ἄνωθεν
405 1924 724 1997 ἐπιφέρεται
753 1927 844 1981 τὸν
873 1931 1196 2002 ἐνεργοῦντα
1223 1933 1421 2003 χαλκὸν
1453 1936 1548 2007 τὴν
1590 1937 1734 2010 ἀπή-

160 2031 341 2086 χησιν,
371 2017 466 2070 καὶ
494 2017 591 2071 οὐκ
631 2018 695 2072 ἐκ
732 2019 838 2074 τῶν
881 2021 1057 2088 κάτω,
1087 2028 1198 2089 τοῖς
1232 2025 1409 2090 ἄλλοις
1440 2030 1731 2100 παραπλη-

162 2105 311 2168 σίως.
335 2107 452 2160 ’Ἰνα
473 2104 565 2162 οὖν
594 2109 693 2181 τὴν
719 2111 1006 2180 ἀναλογίαν
1036 2116 1132 2186 τῆς
1160 2118 1411 2188 τοιαύτης
1440 2120 1732 2189 ὀνομασίας

156 2197 202 2249 οἱ
250 2199 636 2272 μεμαθηκότες
694 2204 824 2257 αὐτὸ
875 2205 1156 2274 φυλάττειν
1222 2210 1589 2275 σπουδάζωσι,
1638 2213 1730 2265 καὶ

159 2291 300 2360 πρὸς
326 2291 397 2344 τὰ
428 2292 540 2346 ἄνω
579 2293 868 2363 βλέπωσιν,
906 2298 1026 2350 ὅθεν
1053 2301 1325 2373 ἀπηχήθη,
1358 2304 1547 2357 τούτου
1574 2307 1728 2376 χάριν

159 2382 474 2456 Ψαλτήριον
504 2389 927 2461 προσηγόρευσε.
959 2393 1063 2446 Τοῦ
1107 2394 1212 2466 γὰρ
1260 2397 1523 2464 παναγίου
1559 2399 1726 2450 Πνεύ-

157 2490 330 2542 ματος
349 2478 627 2550 ἀπήχησίς
649 2483 794 2534 ἐστιν
824 2483 964 2548 ὅλον,
989 2488 1081 2539 καὶ
1115 2487 1368 2557 φθόγγος.

221 2722 298 2776 I".
335 2724 493 2778 Διατί
521 2726 577 2780 δέ
616 2730 752 2783 εἰσιν
779 2732 971 2787 ἕκατον
1000 2738 1331 2809 πεντήκοντα
1363 2739 1722 2814 ἐξετάσωμεν.

162 2811 220 2869 '0
243 2819 588 2888 πεντήκοντα
619 2822 850 2894 ἀριθμὸς
872 2825 953 2878 δτι
983 2827 1129 2880 ἔστιν
1163 2831 1325 2900 ἱερὸς,
1360 2833 1416 2884 ἐν
1451 2834 1546 2904 μὲν
1590 2811 1727 2906 ἦμέ-

156 2922 273 2975 ραις
301 2906 467 2978 δῆλον
507 2910 606 2981 τῆς
651 2913 1085 2989 πολυθρυλλήτου
1135 2921 1539 2994 Πεντηκοστῆς,
1574 2925 1724 2980 λύσιν

153 2997 366 3062 πόνων,
429 3001 524 3054 καὶ
559 3005 895 3078 εὐφροσύνην
937 3014 1324 3084 σημαινούσης.
1368 3017 1566 3089 Διόπερ
1606 3019 1725 3073 οὐδὲ

1859 558 2077 612 modum
2105 568 2401 629 concepta,
2456 559 2678 614 Davidis
2723 561 2957 630 psalmus
3005 564 3118 618 sive
3163 563 3420 631 Davidis,

1856 646 2060 718 absque
2094 649 2204 703 ullo
2227 665 2456 720 prorsus
2485 651 2892 707 additamento?
2919 653 3094 724 Atque
3144 654 3260 710 haec
3299 657 3420 712 ubi-

1853 751 2068 806 cunque
2110 737 2222 793 sola
2271 740 2511 795 occurrit
2541 741 2854 812 inscriptio,
2899 743 3157 811 suspicati
3189 759 3415 809 sumus,

1854 842 2030 897 neque
2067 830 2334 898 psalmum
2383 831 2688 901 subjectum
2733 847 2875 896 esse,
2915 848 3088 903 neque
3118 836 3415 901 canticum,

1851 927 1907 972 at
1952 934 2257 974 sermonem
2309 923 2597 991 quemdam
2655 923 2715 977 S.
2765 923 3000 995 Spiritus
3030 926 3215 990 ductu,
3269 928 3416 982 illius

1849 1012 2022 1080 gratia
2048 1013 2403 1084 divulgatum,
2421 1015 2514 1084 qui
2541 1016 2824 1070 utilitatem
2853 1014 3198 1086 intelligendo
3219 1032 3415 1088 capere

1848 1111 2049 1171 posset.
2085 1102 2158 1159 De
2195 1107 2485 1174 postremis
2518 1107 2736 1177 quidem
2767 1108 2939 1170 hisce,
2977 1108 3042 1162 ad
3073 1124 3158 1162 me
3201 1108 3413 1165 Hebraei

1847 1194 2130 1262 cujusdam
2162 1199 2496 1265 permanavit
2537 1199 2723 1268 opinio
2750 1215 2780 1253 a
2821 1201 3120 1270 majoribus
3153 1209 3410 1270 accepta:

1846 1301 1972 1340 nam
1995 1289 2214 1356 quando
2238 1298 2364 1343 sunt
2395 1290 2576 1358 plures
2604 1291 2810 1358 absque
2845 1291 3000 1345 titulo
3026 1291 3244 1360 psalmi,
3267 1307 3411 1346 unus

1845 1385 2026 1431 autem
2076 1393 2185 1446 pra:
2233 1379 2443 1434 caneris
2487 1380 2892 1448 inscriptionem
2941 1380 3103 1434 habet
3151 1380 3407 1446 Doridis,

1842 1467 2047 1533 aiebat,
2082 1469 2204 1523 illos
2245 1471 2407 1524 etiam
2454 1471 2730 1525 communi
2790 1487 2954 1526 sensu
2989 1472 3056 1525 ad
3091 1472 3268 1541 ipsum
3304 1471 3409 1526 Da-

1841 1557 2016 1611 videm
2050 1558 2239 1612 referri
2265 1569 2535 1629 Oportere.
2571 1557 2726 1624 Quod
2773 1559 2815 1612 si
2857 1574 3042 1614 verum
3067 1569 3173 1623 est,
3209 1575 3407 1616 conse-

1839 1662 2012 1716 quens
2061 1646 2249 1713 fuerit,
2283 1665 2377 1703 eos
2426 1651 2631 1718 pariter
2668 1651 2762 1719 qui
2816 1651 2973 1704 titulo
3011 1651 3402 1716 destituuntur,

1840 1740 2054 1793 illorum
2106 1754 2262 1802 esse,
2311 1741 2403 1809 qui
2460 1741 2875 1810 praecedentium
2933 1750 3184 1796 auctores
3245 1742 3403 1810 juxta

1837 1829 2240 1898 inscriptionem
2269 1829 2391 1898 jure
2443 1831 2649 1900 optimo
2695 1840 3032 1900 reputantur.
3080 1831 3402 1887 Psalterium

1834 1931 2011 1975 autem
2052 1937 2082 1975 a
2121 1920 2388 1989 PrOpheta
2437 1931 2809 1990 nuncupatum
2862 1933 2946 1977 est
2979 1923 3084 1978 hoc
3120 1923 3401 1986 volumen,

1832 2022 2115 2083 propterea
2153 2013 2320 2082 quod,
2360 2013 2535 2076 aiunt,
2565 2014 2741 2067 solum
2771 2013 2910 2068 inter
2938 2015 3146 2069 musica
3191 2015 3399 2069 instru-

1834 2111 2014 2157 menta
2046 2118 2076 2156 e
2110 2102 2374 2171 superiori
2404 2111 2578 2172 parte,
2614 2102 2839 2156 minime
2870 2118 3000 2157 vero
3029 2119 3098 2159 ex
3128 2103 3398 2168 inferiori,

1831 2193 2288 2263 quemadmodum
2320 2193 2378 2246 [it
2406 2195 2461 2246 in
2501 2194 2731 2257 caneris,
2773 2203 2990 2249 resonet
3020 2195 3236 2264 pulsato
3264 2211 3394 2251 aere.

1833 2282 1903 2339 Ut
1928 2301 2056 2356 ergo
2077 2285 2454 2355 appellationis
2477 2287 2744 2356 ejusmodi
2773 2288 3062 2350 rationem,
3089 2289 3182 2358 qui
3212 2289 3394 2344 edocti

1831 2389 1976 2443 sunt,
2009 2393 2224 2434 servare
2243 2379 2650 2444 contenderent,
2682 2394 2746 2435 ac
2784 2394 2978 2449 supera
3015 2382 3157 2436 unde
3177 2389 3398 2438 resonat

1831 2473 2190 2537 intuerentur,
2225 2472 2426 2526 idcirco
2478 2469 2799 2526 Psalterium
2852 2472 3243 2527 denominavit.
3297 2471 3395 2528 Est

1827 2562 2105 2616 enimvero
2137 2571 2308 2616 totum
2348 2563 2551 2618 reddita
2580 2576 2704 2625 vox,
2739 2571 2792 2616 et
2834 2562 3013 2617 littera
3058 2564 3392 2620 sanctissimi

1831 2651 2087 2723 Spiritus.

1901 2745 1987 2802 Ill.
2029 2747 2141 2802 Cur
2169 2756 2349 2802 autem
2379 2754 2596 2802 centum
2625 2746 3016 2818 quinquaginta
3054 2744 3166 2801 sint
3191 2744 3394 2802 Psalmi

1827 2838 2198 2908 dispiciamus.
2262 2838 2785 2908 Quinquagesimum
2849 2853 3137 2892 numerum
3174 2853 3394 2893 sacrum

1828 2929 2034 2991 haberi,
2075 2944 2139 2982 ex
2184 2929 2378 2982 diebus
2423 2929 2865 2983 celebratissima:
2901 2925 3249 2982 Pentecostes
3277 2943 3396 2982 ma-

1827 3020 2084 3076 nifestum
2136 3031 2238 3086 est,
2280 3020 2525 3074 laborum
2579 3021 2738 3074 linem
2773 3030 2826 3074 et
2877 3019 3118 3074 laetitiam
3172 3028 3393 3088 porten-

151 3090 437 3159 νηστεύειν
465 3094 524 3145 ἐν
551 3095 776 3160 ταύταις
803 3100 1084 3172 κέκριται,
1120 3104 1239 3156 ούδέ
1271 3105 1471 3160 κλίνειν
1499 3108 1721 3176 γόνατα.

151 3181 356 3202 “1,,0,‘
503 3185 514 3202 Ὁ
678 3189 704 3198 ⁸*
947 3195 981 3202 ’⁵
1303 3199 1311 3202 ‘

1829 3113 2046 3167 dentis:
2098 3112 2324 3180 ideoque
2367 3127 2466 3166 nec
2512 3111 2780 3180 jejunium
2828 3126 2894 3165 eo
2931 3120 3169 3180 tempore
3203 3111 3427 3166 decre-'

150 3181 406 3252 Σύμϐολα
455 3185 564 3258 γάρ
605 3189 776 3243 ταῦτα
823 3195 1064 3267 μεγάλης
1101 3199 1460 3271 πανηγύρεως
1502 3203 1722 3255 ἀποκει-

154 3273 322 3365 μένης
352 3277 413 3327 ἐν
450 3281 563 3341 τοῖς
594 3279 890 3349 μέλλουσιν.
921 3282 1020 3338 Ὦν
1055 3289 1181 3342 σκιά
1208 3291 1348 3343 κατὰ
1375 3291 1466 3344 τὸν
1509 3293 1722 3365 Ἰσραὴλ

147 3360 212 3458 ᾖν
242 3369 342 3420 ἐπὶ
387 3371 494 3440 γῆς
528 3373 771 3439 ἐνιαυτὸς
815 3379 844 3430 6
888 3377 1217 3451 καλούμενος
1266 3387 1394 3456 παρ’
1454 3360 1720 3458 Ἑϐραίοις

158 3455 387 3528 Ἰωϐὴλ,
415 3463 446 3514 6
496 3469 859 3538 πεντηκοστὸς
886 3470 1102 3542 ἀριθμῷ
1145 3455 1388 3539 ἐνιαυτὸς
1425 3455 1715 3547 τυγχάνει,

142 3546 352 3604 δούλων
391 3552 724 3627 ἐλευθερίας,
759 3561 854 3613 καὶ
899 3563 1073 3634 χρεῶν
1115 3566 1402 3631 ἀποκοπὰς
1435 3546 1592 3639 ἔχων,
1625 3573 1718 3626 καὶ

142 3640 195 3692 si
217 3660 274 3695 τι
302 3644 456 3698 ἄλλο.
489 3646 562 3700 Τὸ
588 3649 731 3719 ἱερὸν
757 3650 814 3703 δὲ
841 3653 1170 3723 Εὐαγγέλιον
1197 3655 1336 3711 οἶδεν
1366 3659 1559 3730 ἄφεσιν
1587 3679 1718 3716 πεν-

139 3739 494 3807 τηκοντάδος,
529 3742 626 3795 καὶ⁹
657 3743 750 3796 τοῦ
786 3749 1078 3815 συγγενοῦς
1107 3751 1255 3821 αὐτῷ
1279 3789 1297 3813 ,
1328 3755 1422 3807 καὶ
1448 3772 1715 3826 παρακει-

143 3829 309 3897 μένου
340 3831 577 3902 ἀριθμοῦ
604 3841 1052 3894 πεντακοσιοστοῢ
1079 3857 1091 3871 ·
1124 3843 1186 3895 ού
1228 3845 1336 3916 γὰρ
1382 3847 1556 3917 μάτην
1589 3865 1716 3901 πεν-

137 3922 383 3991 τήκοντα
414 3924 703 3997 δηναρίων,
736 3932 830 3984 καὶ
867 3934 1232 3988 πεντακοσίων
1260 3938 1451 4005 ἄφεσις
1493 3937 1711 3994 δίδοται.

135 4011 334 4069 Οὕτως
384 4011 514 4080 οὖν,
545 4020 638 4071 καὶ
682 4022 807 4084 τοὺς
861 4020 1060 4092 ὕμνους
1116 4027 1240 4088 τοὺς
1284 4029 1364 4090 εἰς
1413 4028 1575 4093 Θεὸν,
1624 4030 1714 4082 ἐπὶ

133 4106 466 4178 καθαιρέσει
494 4109 722 4181 ἐχθρῶν,
750 4113 842 4165 καὶ
877 4114 1195 4187 εὐχαριστίᾳ
1220 4119 1287 4188 τῇ
1315 4118 1454 4171 κατὰ
1483 4119 1580 4183 τάς
1619 4121 1710 4174 τοῦ

131 4196 268 4251 Θεοῦ
299 4200 643 4271 εὐεργεσίας,
677 4204 843 4275 ἐχρῆν
880 4207 1149 4277 περιέχειν
1177 4209 1238 4262 οὐ
1268 4211 1392 4280 μίαν
1423 4228 1716 4281 πεντηκον-

130 4291 290 4354 τάδα,
326 4291 468 4344 ἀλλὰ
496 4297 668 4364 τρεῖς,
696 4297 774 4359 είς
801 4297 970 4368 ὄνομα
1011 4299 1251 4372 Πατρὸς,
1291 4303 1382 4355 καὶ
1413 4304 1542 4356 Υἱοῦ
1562 4347 1575 4369 ,
1620 4308 1714 4360 καὶ

130 4382 292 4450 ἁγίου
319 4381 657 4453 Πνεύματος.

1828 3214 1940 3257 tum
1967 3212 2070 3267 est,
2108 3219 2207 3257 nec
2234 3204 2290 3256 in
2329 3218 2503 3272 genua
2543 3203 2886 3272 supplicatio.
2924 3201 3088 3273 Signa
3129 3202 3391 3259 nimirum

1824 3297 1936 3348 haec
1985 3304 2110 3348 sunt
2156 3309 2366 3362 magna:
2411 3294 2742 3348 celebritatis
2779 3293 3160 3363 in,posterum
3205 3308 3390 3350 reser-

1822 3393 1977 3450 vatae,
2009 3384 2166 3454 cujus
2201 3385 2544 3439 adumbratio
2592 3384 2646 3438 in
2679 3385 2838 3438 terris
2879 3384 3022 3454 apud
3062 3385 3228 3440 israel
3273 3392 3393 3440 erat

1820 3490 1995 3530 annus
2025 3473 2266 3530 Hebraeis
2309 3475 2488 3530 dictus
2513 3471 2686 3537 Jobel,
2714 3473 2808 3542 qui
2846 3488 3076 3529 numero
3116 3474 3390 3545 quinqua-

1820 3568 2057 3637 gesimus
2095 3575 2178 3621 est
2227 3581 2442 3629 annus,
2490 3563 2663 3620 servis
2713 3564 3053 3630 libertatem,
3109 3579 3389 3634 novasque

1819 3660 2064 3723 tabulas,
2101 3675 2165 3713 ac
2200 3659 2244 3711 si
2288 3657 2417 3727 quid
2471 3656 2618 3710 aliud
2650 3657 2947 3711 adducens.
2995 3654 3160 3710 Novit
3200 3666 3386 3710 autem

1821 3753 1878 3806 S.
1910 3752 2261 3822 Evangelium
2304 3749 2757 3805 condonationem
2801 3748 3262 3818 quinquagesimi,
3291 3762 3386 3803 co-

1818 3845 2073 3914 gnatique
2128 3841 2230 3911 ipsi
2290 3856 2355 3896 ac
2419 3839 2654 3910 appositi
2711 3839 2926 3894 numeri
2995 3831 3384 3910 quingenarii:

1818 3950 1994 4004 neque
2033 3934 2179 3988 enim
2223 3933 2340 3987 sine
2379 3945 2543 3986 causa
2598 3919 2992 4001 quinquaginta
3029 3930 3383 3986 denariorum

1817 4021 2091 4082 remissio,
2129 4029 2187 4074 et
2224 4020 2648 4089 quingentorum
2694 4019 2952 4072 tribuitur
2974 4020 3018 4072 ’.
3064 4019 3156 4075 Sic
3198 4019 3383 4089 itaque

1816 4123 1870 4169 et
1902 4114 2132 4185 hymnos
2163 4127 2290 4182 erga
2328 4110 2495 4166 Deum
2532 4124 2632 4179 pro
2671 4110 2864 4165 deletis
2904 4110 3174 4176 hostibus,
3219 4126 3384 4182 agen-

1815 4207 2008 4275 disque
2039 4203 2150 4257 Deo
2192 4202 2383 4273 gratiis
2422 4211 2643 4272 propter
2689 4211 2908 4272 accepta
2939 4202 3232 4268 beneﬁcia,
3272 4219 3382 4257 non

1818 4314 1980 4351 unam
2043 4297 2326 4365 complecti
2400 4296 2625 4349 decebat
2684 4296 3228 4366 quinquagesimam,
3287 4297 3382 4351 sed

1817 4399 1948 4450 tres,
1988 4391 2060 4443 ob
2091 4405 2288 4443 nomen
2318 4389 2515 4453 Patris,
2546 4389 2671 4443 Filii
2701 4400 2754 4446 et
2783 4388 3022 4460 Spiritus
3047 4390 3246 4445 sancti.

197 4477 276 4528 A'.
328 4475 582 4546 Περιέχει
620 4478 740 4549 δέὴ
790 4483 1154 4552 πεντηκοντὰς
1205 4484 1344 4537 ἑπτὰ
1383 4484 1707 4557 ἑϐδομάδας,

1885 4482 1972 4537 IV.
2005 4481 2261 4537 Continet
2292 4496 2418 4536 vero
2459 4483 2907 4552 quinquagesima
2939 4491 3146 4552 septem
3177 4480 3383 4537 hebdo-

125 4569 390 4622 σάδϐατα
423 4570 725 4636 σαϐϐάτων,
757 4573 850 4625 καὶ
880 4573 1051 4644 ἀρχὴν
1085 4574 1220 4645 μετὰ
1243 4576 1419 4628 τέλεια
1449 4577 1710 4644 σάϐϐατα,

124 4660 270 4731 ὑπὲρ
305 4661 382 4712 τά
415 4660 659 4715 σάϐϐατα
690 4666 747 4717 ἐν
777 4665 986 4731 ὀγδοάδι
1016 4665 1229 4736 άληθῶς
1260 4668 1449 4737 καινῆς
1470 4670 1714 4724 ἀναπαύ-

123 4768 289 4816 σεως.
344 4753 456 4804 Καὶ
485 4752 642 4805 τοῦτο
679 4755 772 4807 ἐπὶ
803 4755 910 4809 τῶν
938 4756 1182 4827 Ψαλμῶν
1209 4759 1238 4811 ὁ
1283 4759 1574 4829 δυνάμενος
1617 4779 1713 4832 τη-

122 4846 295 4914 ρείτω
329 4843 518 4914 μεῖζον
550 4845 582 4916 ἢ
613 4847 734 4899 κατ’
782 4847 1085 4919 ἄνθρωπον,
1116 4851 1185 4902 τὸ
1214 4850 1306 4903 ἐπὶ
1343 4853 1557 4905 πάντων
1587 4854 1713 4916 τοὺς

116 4934 323 5004 λόγους
357 4937 536 5007 εὑρεῖν
577 4937 652 5000 ὼς
684 4939 1136 5010 παραθησόμεθα.
1164 4936 1288 4995 Οἷον
1323 4943 1405 4996 ὅτι
1440 4944 1501 4996 οὑ
1535 4944 1709 5015 μάτην

113 5030 145 5082 6
182 5029 390 5098 ὄγδοος
423 5028 557 5096 περὶ
588 5029 708 5082 τῶν
749 5030 954 5097 ληνῶν
999 5033 1436 5104 ἐπιγέγραπται,
1483 5037 1710 5108 καρπῶν

117 5121 408 5192 περιέχων
453 5120 512 5171 ἐν
553 5119 765 5187 ὀγδοάδι
799 5120 891 5173 τὸν
930 5121 1304 5193 ἀπαρτισμόν·
1351 5123 1560 5176 οὐδέπω
1600 5125 1708 5196 γὰρ

113 5209 322 5284 καιρὸς
367 5209 468 5279 τῆς
515 5209 867 5275 ἀπολαύσεως
898 5209 1006 5263 τῶν
1043 5211 1269 5282 καρπῶν
1309 5211 1407 5281 τῆς
1450 5213 1709 5284 ἀληθινῆς

111 5301 384 5371 ἀμπέλου
424 5299 646 5352 ἐδύνατο
671 5295 809 5354 εἶναι
842 5301 898 5351 ἐν
929 5299 1042 5362 τοῖς
1086 5300 1191 5371 πρὸ
1230 5300 1324 5353 τοῦ
1362 5301 1566 5368 ὀγδόου.
1598 5304 1707 5356 Καὶ

110 5394 192 5445 δτι
222 5394 254 5443 6
286 5391 550 5461 δεύτερος
576 5379 727 5458 ὑπὲρ
757 5388 876 5443 τῶν
901 5389 1124 5457 ληνῶν,
1156 5389 1505 5462 ὀγδοηκοστός
1538 5394 1702 5457 ἐστιν,

108 5483 286 5552 ἄλλην
321 5482 557 5550 ὀγδοάδα
585 5482 871 5553 περιέχων,
895 5481 993 5552 τὴν
1026 5485 1084 5534 ἐν
1105 5482 1350 5536 δεκάσιν’
1379 5483 1406 5534 ὁ
1433 5482 1491 5535 δὲ
1521 5483 1706 5555 ὀγδοη-

111 5577 321 5638 κοστὸς
372 5575 576 5646 τρίτος,
614 5573 1058 5644 ἐπιπλεκομένων
1108 5573 1203 5628 δύο
1240 5573 1408 5642 ἁγίων
1439 5575 1702 5646 ἀριθμῶν,

104 5668 204 5722 τοῦ
241 5667 451 5736 ὀγδόου
489 5669 548 5720 ἐν
577 5667 783 5729 δεκάσι,
817 5667 910 5720 καὶ
945 5665 1038 5719 τοῦ
1061 5667 1242 5737 τρίτου
1271 5669 1328 5720 ἐν
1357 5667 1580 5738 μονάσι-
1613 5668 1706 5722 καὶ

196 5786 224 5819 ³
241 5786 394 5841 Luc.
429 5801 529 5848 vu,
556 5785 615 5839 41
630 5826 643 5837 .

460 5877 731 5945 Parum.
775 5878 890 5938 Gn.
924 5878 1007 5940 Χ,

1816 4575 2040 4634 madas,
2107 4573 2459 4628 sabbatorum
2508 4574 2762 4640 sabbata,
2830 4574 3023 4644 hisque
3078 4574 3380 4639 absolutis,

1815 4665 2029 4720 initium
2071 4667 2212 4719 ultra
2251 4665 2476 4720 sabbata
2508 4667 2560 4718 in
2613 4664 2892 4719 octonario
2925 4679 3051 4720 vere
3094 4679 3248 4719 novze
3291 4679 3381 4718 re-

1814 4758 2032 4827 quietis.
2064 4755 2228 4827 ldque
2268 4758 2322 4810 in
2375 4755 2606 4812 Psalmis
2632 4757 3037 4824 quammaxime
3089 4764 3296 4819 teneat,
3331 4756 3379 4810 si

1813 4848 1938 4916 quis
1986 4856 2198 4916 potest,
2247 4846 2425 4913 majus
2455 4844 2698 4914 profecto
2752 4860 2916 4914 quam
2970 4859 3071 4913 pro
3119 4845 3377 4910 homine,

1815 4938 2055 4992 rationes
2084 4937 2331 4992 videlicet
2361 4938 2412 4988 in
2441 4937 2696 4990 omnibus
2721 4944 2780 4990 ut
2816 4935 3074 5001 inveniat,
3107 4936 3376 5005 quemad-

1815 5029 2037 5084 modum
2093 5042 2477 5097 proponemus.
2503 5026 2674 5091 Quale
2714 5035 2798 5081 est
2828 5026 2981 5090 illud,
3007 5026 3156 5082 verbi
3187 5041 3377 5093 causa,

1813 5137 1922 5176 non
1951 5131 2154 5176 temere
2185 5129 2436 5175 octavum
2467 5119 2735 5188 psalmum
2765 5136 2860 5189 pro
2909 5119 3261 5173 torcularibus
3295 5121 3378 5173 in-

1813 5213 2074 5280 scriptum
2110 5227 2252 5273 esse,
2287 5225 2410 5264 cum
2454 5211 2509 5263 in
2551 5210 2834 5264 octonario
2865 5210 3228 5265 maturitatem
3261 5210 3378 5265 fru-

1815 5315 1999 5359 ctuum
2055 5302 2506 5372 comprehendat;
2560 5301 2800 5355 nondum
2856 5302 3000 5356 enim
3047 5302 3103 5356 in
3144 5303 3231 5358 his
3283 5305 3375 5373 qui

1814 5405 2065 5451 octavum
2107 5394 2433 5463 praecedunt,
2462 5395 2829 5464 perceptionis
2865 5403 3079 5464 tempus
3118 5411 3237 5452 esse
3279 5413 3375 5467 po-

1811 5497 1951 5543 terat
1985 5487 2261 5541 l'ructuum
2284 5500 2426 5540 verae
2454 5485 2600 5540 vitis.
2633 5485 2943 5552 Quinetiam
2970 5488 3243 5542 secundus
3277 5504 3375 5558 pro

1814 5577 2187 5642 torcularibus,
2213 5576 2574 5645 octogesimus
2591 5585 2693 5638 est,
2716 5576 2883 5629 alium
2911 5577 3374 5644 comprehendens

1815 5667 2173 5731 octonarium,
2199 5667 2290 5736 qui
2313 5678 2394 5722 est
2421 5668 2474 5721 in
2493 5666 2821 5731 decadibus;
2854 5668 3222 5736 octogesimus
3251 5683 3381 5731 vero

2867 5874 2952 5939 23
