3836 6530
469 327 574 384 713

1304 323 1360 378 s.
1402 321 1562 378 HIPP
1573 321 1778 378 own
1833 319 1984 378 OPP.
2035 321 2221 379 rans
2287 321 2330 376 ι.
2364 305 2436 368 -ἑ-
2471 319 2882 380 EXEGETICA.

3577 323 3665 382 716

469 438 1230 512 tertius,conjunctisduohus
1245 439 1416 494 sacris
1445 441 1709 506 numeris,
1749 438 2028 495 octonario

2131 438 2260 512 περὶ
2285 437 2529 508 ἀφέσεως
2554 437 2967 510 ἁμαρτημάτων
2995 435 3180 503 ἀξιῶν,
3202 435 3298 491 καὶ
3321 437 3672 512 ἐξομολόγησιν

466 535 523 590 in
553 535 868 598 deeadihus,
915 549 978 587 ac
1020 531 1257 586 ternario
1287 530 1344 584 in
1388 530 1715 585 monadibus
1763 531 2025 600 exsurgit.

470 627 579 684 Sed
618 636 668 681 et
713 642 810 696 pro
857 632 1198 694 peccatorum
1243 621 1564 678 remissione
1613 621 1938 691 deprecans,
1977 629 2032 676 et

467 715 930 786 exhomologesim
959 714 1322 784 complectens
1342 753 1357 776 ,
1389 712 1872 782 quinquagesimus
1905 721 1987 766 est
2012 727 2028 766 ι

465 809 612 866 sicut
642 809 787 863 enim
831 806 1319 876 quinquagesimus
1358 805 1512 872 juxta
1551 802 1900 872 Evangelium
1944 818 2030 856 re-

463 899 787 954 missionem
851 896 1142 959 obtinuit,
1191 892 1600 962 intelligentiam
1662 891 1867 962 jubilaei
1927 891 2030 946 hoc

462 990 778 1046 testimonio
809 987 1170 1052 confirmans;
1195 986 1269 1040 ita
1296 984 1390 1054 qui
1420 999 1601 1053 parem
1627 983 2032 1053 appetiitexho-

463 1082 788 1152 mologesim
825 1081 879 1134 in
911 1081 1018 1136 alio
1047 1080 1198 1134 nullo
1227 1088 1586 1148 praeterquam
1611 1077 1664 1130 in
1699 1077 2031 1146 quinquage-

461 1173 602 1226 simo
636 1185 865 1225 numero
891 1186 950 1224 se
992 1170 1203 1224 veniam
1222 1177 1598 1223 assecuturum
1621 1167 1860 1220 conlidit.
1894 1167 2032 1221 Sunt

460 1264 578 1318 oda:
593 1263 852 1334 graduum
873 1271 1128 1332 prazterea
1146 1259 1438 1324 nonnullas,
1457 1257 1764 1327 quindecim
1785 1271 2028 1323 numero,

460 1365 596 1426 quot
625 1357 786 1410 etiam
815 1356 998 1424 templi
1032 1353 1230 1424 gradus
1259 1351 1476 1406 fuerunt
1497 1369 1511 1416 ;
1531 1365 1652 1420 quae
1679 1349 1818 1404 forte
1847 1357 2032 1402 ostenv

461 1449 618 1511 dunt,
638 1448 870 1518 septimo
885 1455 938 1500 et
961 1452 1153 1500 octavo
1179 1457 1407 1498 numero
1419 1443 1616 1512 gradus
1638 1441 1924 1496 contineri.
1941 1440 2033 1494 Ha:

460 1553 594 1593 vero
612 1553 732 1608 quae
752 1537 1012 1606 graduum
1031 1535 1306 1597 dicuntur,
1327 1532 1539 1585 initium
1569 1539 1791 1586 sumunt
1810 1545 1840 1584 a
1859 1539 2034 1584 cente-

463 1631 606 1684 simo
625 1629 908 1693 vicesimo,
937 1625 1030 1696 qui
1061 1624 1361 1693 simplicius
1387 1634 1732 1690 nuncupatur
1758 1621 1993 1690 psalmus
2014 1661 2029 1686 ,

463 1719 924 1791 quemadmodum
965 1716 1329 1771 emendatiora
1362 1714 1560 1767 habent
1599 1713 1947 1782 exemplaria.
1983 1713 2032 1766 Is

2131 530 2401 603 περιέχων
2419 532 2447 583 ὁ
2471 530 2828 602 πεντηκοστὸς
2857 531 3023 584 ἐστιν.
3052 529 3140 594 Ὠς
3159 529 3266 600 γὰρ
3287 531 3316 582 ὁ
3343 533 3676 601 πεντηκοστὸς

2131 623 2270 676 κατά
2329 621 2386 674 τὸ
2438 623 2766 692 Εὑαγγέλιον
2817 623 3006 692 ἄφεσιν
3063 623 3238 692 ἔσχεν,
3299 625 3577 696 μαρτυρῶν
3616 629 3676 698 τῇ

2131 717 2312 787 νοήσει
2340 717 2406 786 τῇ
2439 717 2566 786 περὶ
2597 714 2688 768 τοῦ
2728 715 3037 786 ἱωϐηλαὶου,
3075 715 3248 780 οὕτως
3279 716 3482 781 ἐλπίζει
3512 719 3602 770 οὐκ
3626 719 3673 770 ἐν

2131 805 2350 876 ἄλλῳ,ἢ
2388 807 2445 859 ἐν
2477 806 2553 877 τῷ
2593 807 2940 878 πεντηκοστῷ
2973 807 3163 876 ἄφεσιν
3200 807 3465 878 λήψεσθαι
3489 810 3516 860 ὁ
3542 809 3674 878 εὖχὸ-

2135 913 2292 968 μενος
2317 897 2441 950 τάδε
2477 897 2598 950 τινὰ
2631 899 2727 968 τῆς
2757 897 3210 968 ὲξομολογήσεως.
3249 899 3416 953 Πάλιν
3447 916 3505 951 τε
3533 899 3671 952 αὑτοῦ

2131 987 2236 1040 εἰσί
2263 1003 2408 1050 τινες
2434 988 2551 1040 τῶν
2576 987 2928 1056 ἀναϐαθμῶν
2947 987 3100 1056 ᾠδαὶ,
3131 989 3221 1040 τὸν
3251 989 3480 1059 ἀριθμὸν
3511 1006 3672 1042 πεντε-

2131 1078 2393 1140 καίδεκα,
2443 1079 2555 1131 ὅσοι
2611 1079 2706 1130 καὶ
2739 1081 2786 1130 οἱ
2833 1078 3138 1148 ἀναϐαθμοὶ
3192 1078 3286 1132 τοῦ
3345 1079 3506 1144 ναοῦ,
3557 1079 3676 1149 τάχα

2131 1170 2386 1241 δηλοῦσαι
2418 1172 2522 1237 τὰς
2547 1170 2867 1237 ἀναϐάσεις
2898 1171 3244 1244 περιέχεσθαι
3275 1173 3330 1224 ἐν
3357 1173 3437 1243 τῷ
3469 1173 3672 1243 ἑϐδόμῳ,

2133 1260 2226 1314 καὶ
2251 1261 2417 1332 ὀγδόῳ
2445 1262 2679 1332 ἀριθμῷ.
2720 1263 2782 1314 Ἠ
2821 1262 2877 1315 δὲ
2902 1263 3042 1333 ἁρχὴ
3073 1261 3188 1316 τῶν
3219 1263 3568 1332 ἀναϐαθμῶν
3587 1265 3675 1316 ἀπὺ

2131 1352 2421 1406 ἐκατοστοῦ
2442 1354 2708 1418 εἰκοστοῦ,
2729 1355 3091 1426 ἁπλούστερον
3117 1354 3410 1424 λεγομένου
3437 1355 3672 1423 ψαλμοῦ,

2133 1444 2209 1508 ὼς
2239 1445 2308 1498 τὰ
2339 1445 2536 1516 ἀκριϐῆ
2574 1445 2684 1516 ἔχει
2713 1447 2819 1500 τῶν
2855 1445 3222 1517 ἀντιγράφων.
3257 1439 3428 1508 Οὗτος
3459 1444 3515 1496 δέ
3553 1446 3676 1496 ἐστιν

2132 1533 2361 1604 ἀριθμὸς
2387 1533 2716 1606 τελειότητος
2748 1529 2890 1606 ζωῆς
2913 1533 3218 1606 ἀνθρώπου.
3248 1535 3357 1587 Καὶ
3391 1534 3674 1598 ἑκατοστὺς,

2133 1617 2192 1676 οὗ
2221 1625 2253 1692 ἡ
2285 1624 2454 1694 ἀρχή·
2493 1625 2698 1690 Ἔλεος
2731 1627 2826 1677 καὶ
2877 1625 3104 1693 κρίσεις
3133 1623 3352 1692 ᾷσομαί
3374 1623 3676 1690 σοι,Κύριε,

2135 1716 2379 1786 περιέχει
2435 1717 2544 1787 βίον
2593 1719 2746 1786 ἁγίου
2779 1717 3200 1788 κοινωνουμένου
3231 1715 3334 1770 ὑπὸ
3365 1715 3523 1768 Θεοῦ.
3561 1715 3611 1768 '0
3631 1714 3678 1765 ἃ

460 1823 641 1868 autem
676 1821 759 1866 est
797 1825 1056 1864 numerus
1099 1807 1348 1878 perfecta:
1377 1806 1746 1874 absolutmque
1776 1806 2028 1859 humana:

2132 1807 2420 1870 ὲκατοστὸς
2483 1807 2843 1879 πεντηκοστὸς
2893 1807 3189 1879 καταλήγει
3237 1807 3317 1869 εἰς
3384 1807 3480 1858 τό·
3529 1801 3678 1858 Πᾶσα

455 1907 582 1960 vitae
605 1905 646 1961 ³.
692 1903 1032 1957 Centesimus
1058 1901 1316 1970 quidem,
1367 1901 1524 1969 cujus
1569 1897 1854 1952 exordium
1901 1905 2022 1952 est:

2130 1899 2288 1967 πνοὴ
2319 1901 2612 1953 αὶνεσάτω
2639 1900 2744 1954 τὸν
2761 1901 2998 1968 Κύριον.

456 1996 879 2052 Misericordiam
932 2003 982 2048 et
1029 1993 1229 2058 iudicia
1285 1992 1506 2046 cantabo
1561 1991 1678 2054 tibi,
1735 1989 1978 2057 Domine,
2035 1993 2210 2046 sancti
2249 1993 2414 2046 vitam
2445 1995 2844 2062 complectitur,
2886 2009 2916 2046 a
2945 1991 3056 2046 Deo
3084 1991 3138 2044 in
3184 2005 3338 2046 suam
3385 1988 3675 2045 societatem

454 2089 612 2146 asciti
644 2107 660 2144 :
689 2087 1016 2143 centesimus
1043 2097 1222 2141 autem
1251 2087 1737 2158 quinquagesimus
1775 2085 1830 2139 in
1860 2100 1926 2140 ea
1951 2085 2112 2140 verba
2147 2085 2348 2140 desinit
2375 2107 2387 2141 :
2429 2087 2611 2142 Omnis
2653 2089 2873 2158 spiritus
2907 2086 3086 2140 laudet
3109 2086 3418 2140 Dominum.

520 2179 588 2235 V.
627 2181 698 2234 At
725 2179 984 2250 quoniam
1017 2179 1072 2240 in
1103 2193 1430 2248 unoquoque
1463 2177 1674 2246 psalmo
1705 2175 1756 2228 id
1787 2173 2016 2240 edicere,

451 2287 756 2342 causasque
787 2271 1052 2330 invenire,
1087 2270 1250 2324 sicuti
1279 2267 1488 2338 praefati
1523 2281 1736 2332 sumus,
1763 2264 2018 2319 difﬁcilli-

448 2381 599 2422 mum
629 2373 734 2428 est,
757 2371 1118 2431 naturamque
1151 2361 1434 2414 hominum
1455 2357 1760 2421 excedens;
1791 2356 1876 2410 his
1903 2355 2018 2408 vel-

445 2459 529 2513 uti
563 2455 906 2512 lineamentis
953 2452 1276 2523 quibusdam
1312 2448 1609 2519 pr0positis
1649 2446 1884 2502 contenti
1913 2447 2018 2500 eri-

447 2563 592 2602 mus.
629 2544 810 2600 Unum
848 2543 980 2596 illud
1011 2541 1350 2610 adjiciamus,
1381 2537 1528 2606 quod
1573 2551 1680 2590 non
1717 2535 1902 2589 eodem
1934 2549 2020 2588 0r-

447 2639 578 2694 dine
604 2651 714 2706 quo
737 2635 942 2704 scripta
967 2632 1192 2686 historia
1217 2638 1322 2692 est,
1352 2628 1548 2699 psalmi
1578 2627 1670 2697 qui
1698 2627 1766 2680 ab
1792 2626 2020 2680 historia

444 2729 680 2802 pendere
709 2725 980 2789 videntur,
1014 2734 1142 2778 sunt
1173 2721 1452 2791 inscripti;
1491 2719 1719 2788 ejusque
1764 2717 1842 2772 rei
1889 2733 2019 2772 cau-

446 2835 564 2876 sam
610 2819 813 2873 nullam
867 2816 1150 2878 habemus,
1178 2814 1286 2868 nisi
1336 2827 1592 2867 numeros
1637 2810 1729 2879 qui
1784 2818 1911 2864 sunt
1961 2808 2015 2862 in

443 2911 788 2968 Psalmorum
823 2909 962 2964 serie
999 2905 1296 2962 constituti.
1322 2903 1568 2973 Namque
1599 2901 1825 2956 historia
1853 2900 2015 2970 quin-

445 2999 746 3072 quagesimi
779 2998 958 3068 primi,
991 2997 1138 3066 prior
1179 3005 1260 3049 est
1302 2995 1390 3048 illa
1439 2989 1898 3063 quinquagesimi;
1935 2973 2014 3043 si-

443 3093 660 3163 quidem
718 3105 781 3144 ca
838 3103 958 3158 qua:
1005 3087 1148 3157 Doeg
1197 3085 1491 3140 ldumaeum
1549 3084 1864 3153 respiciunt,
1921 3081 2012 3152 qui

2191 2179 2268 2230 E'.
2302 2177 2440 2230 Ἀλλ’
2464 2179 2691 2250 ἐπείπερ
2719 2179 2792 2240 ὡς
2825 2177 3182 2249 προείπαμεν,
3214 2178 3298 2246 ἐφ’
3321 2175 3438 2238 ἑνὸς
3477 2175 3675 2229 ἑκάστου

2121 2267 2279 2320 τοῦτο
2329 2269 2569 2339 ποιῆσαι,
2606 2270 2699 2321 καὶ
2733 2268 2909 2338 εὑρεῖν
2955 2267 3054 2332 τὰς
3095 2265 3294 2330 αἰτίας,
3343 2265 3546 2337 σφῶρα
3583 2263 3676 2318 ἐστὶ

2121 2362 2522 2432 χαλεπώτατον,
2565 2361 2658 2416 καὶ
2707 2360 3022 2429 δυσέφικτον
3064 2362 3130 2430 τῇ
3174 2357 3478 2429 ἀνθρώπων
3523 2357 3674 2426 φύσει,

2122 2453 2328 2517 τούτοις
2361 2453 2828 2526 ἀρκεσθησόμεθα,
2861 2452 3185 2524 ὑπογραφῆς
3245 2451 3404 2522 χάριν
3437 2467 3454 2480 ·
3533 2449 3676 2520 μόνον

2121 2544 2468 2616 προσθέντες,
2498 2546 2579 2598 ὅτι
2611 2546 2669 2598 οὐ
2705 2545 2846 2598 κατὰ
2891 2545 2984 2615 τὴν
3026 2543 3178 2609 τάξιν
3218 2545 3316 2614 τῆς
3360 2542 3574 2614 γραφῆς
3594 2539 3676 2610 τῆς

2124 2638 2382 2709 ἱστορίας,
2417 2641 2464 2691 οἱ
2493 2637 2773 2701 δοκοῦντες
2805 2637 3070 2710 ἠρτῆσθαι
3104 2637 3204 2706 τῆς
3235 2637 3482 2706 ἱστορίας
3503 2633 3676 2705 ψαλμοὶ

2120 2731 2514 2802 ἐνεγράφησαν.
2551 2731 2659 2784 Καὶ
2691 2731 2866 2784 αἰτίαν
2897 2731 3096 2783 τούτων
3129 2728 3273 2798 ἔχει’
3309 2729 3410 2781 οὐκ
3445 2725 3620 2796 ἄλλην,
3647 2723 3674 2792 ἧ

2117 2822 2242 2884 τοὺς
2272 2821 2534 2891 ἀριθμοὺς
2571 2823 2626 2872 ἐν
2655 2815 2733 2884 οἷς
2763 2821 2865 2873 εἰσι
2891 2820 3207 2889 τεταγμένοι
3235 2819 3284 2870 οἱ
3311 2817 3536 2888 ψαλμοί.
3573 2809 3674 2868 υῗον

2117 2912 2151 2981 ἡ
2179 2910 2381 2980 ἱστορία
2409 2909 2500 2962 τοῦ
2528 2909 2888 2980 πεντηκοστοῦ
2921 2908 3156 2980 πρώτου,
3179 2909 3422 2980 προτέρα
3455 2905 3566 2960 ἐστὶ
3593 2903 3672 2970 τῆς

2122 3003 2362 3072 ἱστορίας
2405 3001 2497 3054 τοῦ
2534 3001 2928 3072 πεντηκοστοῦ·
2969 3002 3037 3054 τὰ
3079 3000 3187 3071 γὰρ
3237 3001 3367 3070 περὶ
3417 2999 3574 3068 Atei}:
3601 2995 3674 3048 τὸν

2131 3093 2423 3164 Ἰδουμαῖον
2475 3093 2822 3148 διαϐάλλοντα
2871 3095 2960 3148 τὸν
3013 3092 3176 3145 Δαυὶδ
3220 3091 3299 3162 τῷ
3347 3092 3542 3154 Σαοὺλ,
3583 3091 3673 3150 πᾶς

445 3185 585 3255 apud
619 3183 748 3236 Saul
783 3181 1036 3236 Davidcm
1071 3179 1430 3234 calumniatus
1455 3187 1556 3240 est,
1589 3191 1748 3230 nemo
1787 3189 2014 3242 negave-

2117 3183 2364 3252 ὁμολογεῖ
2412 3185 2648 3255 πρότερα
2691 3179 2828 3236 εἷναι
2879 3185 2975 3254 τῆς
3029 3183 3164 3254 πρὸς
3211 3183 3308 3252 τὴν
3357 3182 3456 3236 τοῦ
3505 3181 3672 3252 Οὐρίου

443 3279 514 3330 rit
545 3277 726 3346 priora
759 3290 880 3328 esse
909 3281 1132 3344 peccato
1165 3286 1287 3325 cum
1318 3285 1486 3324 uxore
1515 3267 1680 3322 Urite.
1703 3266 1858 3321 Haud
1885 3281 2014 3320 vero

443 3371 562 3424 sine
609 3367 818 3422 ratione
866 3366 1007 3436 quod
1045 3365 1100 3418 in
1143 3363 1369 3418 historia
1417 3361 1688 3432 posterius
1729 3367 1831 3425 est,
1867 3357 2012 3428 quod

441 3464 595 3532 prius
637 3461 694 3513 in
747 3459 934 3514 eadem
985 3468 1086 3524 est,
1129 3456 1430 3520 antecedit;
1457 3452 1896 3524 quandoquidem
1927 3452 2013 3504 in-

441 3555 732 3626 dulgentia:
765 3555 940 3616 locus,
967 3560 1028 3606 ut
1073 3553 1236 3621 paulo
1285 3561 1410 3605 ante
1457 3551 1716 3610 diximus,
1747 3556 2010 3618 cognatus

441 3656 522 3704 est
575 3661 802 3700 numero
849 3645 1325 3714 quinquagesimo.
1355 3641 1614 3712 Quisquis
1664 3656 1793 3710 ergo
1848 3639 2006 3694 venia

437 3737 694 3808 indignus
728 3735 912 3812 fuerit,
961 3735 1006 3787 is
1053 3734 1564 3803 quinquagesimum
1601 3745 1888 3784 numerum
1922 3745 2010 3784 cx-

440 3823 623 3886 eessit,
659 3821 1115 3890 quemadmodum
1163 3819 1308 3889 Doeg
1333 3819 1638 3882 ldummus;
1670 3818 2006 3888 quinquage-

437 3915 611 3968 simus
645 3913 855 3982 primus
883 3911 1027 3965 enim
1056 3919 1138 3966 est
1162 3911 1424 3980 psalmus,
1459 3911 1512 3964 in
1542 3925 1652 3979 quo
1689 3924 1751 3962 ea
1785 3924 1908 3978 qua:
1935 3909 2002 3962 ad

435 4003 613 4072 ipsum
665 4003 930 4072 pertinent
975 4011 1316 4055 enarrantur.
1352 4000 1514 4068 Atqui
1553 3999 1744 4052 tertius
1790 4014 2008 4068 quoque

432 4095 678 4150 eamdem
711 4095 872 4148 habet
902 4093 1335 4148 observationem
1373 4111 1384 4144 :
1421 4106 1530 4160 quo
1570 4091 1714 4144 enim
1764 4099 2007 4160 tempore

433 4187 602 4242 David
641 4185 878 4260 profugit
928 4201 960 4239 e
1011 4191 1302 4253 conspectu
1335 4181 1572 4236 Absalon
1605 4181 1698 4236 lilii
1744 4181 1828 4234 sui
1883 4197 2007 4249 pro-

433 4280 716 4334 nuntiatus
755 4289 854 4342 cst,
889 4277 1032 4347 quod
1067 4277 1231 4346 probe
1281 4283 1502 4336 norunt,
1553 4273 1644 4342 qui
1691 4271 2000 4343 Regnorum

432 4369 602 4424 libros
648 4368 1002 4438 perlegerim;
1034 4367 1278 4435 adeoque
1310 4371 1432 4433 post
1482 4361 1996 4433 quinquagesimum

2120 3277 2412 3346 ἁμαρτίας.
2449 3278 2561 3330 Οὐκ
2593 3277 2800 3344 ἀλόγως
2841 3277 2897 3330 δὲ
2936 3277 2996 3329 τὸ
3027 3278 3126 3348 τῆς
3155 3277 3394 3347 ἱστορίας
3423 3277 3670 3346 δεύτερον,

2121 3367 2509 3439 πρότερόνὲστι
2539 3369 2631 3420 τοῦ
2657 3369 2754 3438 τῆς
2787 3369 3024 3440 ἱστορίας
3056 3368 3342 3440 προτέρου,
3377 3369 3582 3438 ἐπειδὴ.
3613 3366 3674 3428 ὡς

2119 3461 2543 3529 προειρήκαμεν,
2567 3461 2594 3510 ὁ
2643 3462 2767 3531 περί
2805 3462 3048 3529 ἀφέσεως
3075 3461 3238 3522 τόπος
3271 3459 3546 3528 συγγενής
3577 3459 3672 3508 ἐστι

2115 3547 2192 3618 τῷ
2241 3551 2586 3622 πεντηκοστῷ
2635 3551 2871 3622 ἀριθμῷ.
2905 3554 2963 3604 Ὁ
3009 3552 3064 3606 δὲ
3109 3552 3207 3605 οὐκ
3252 3551 3402 3618 ἄξιος
3453 3551 3674 3620 ἀφέσεως

2111 3639 2414 3710 ὑπερέπεσε
2473 3642 2562 3696 τὸν
2615 3645 2975 3715 πεντηκοστὸν
3030 3643 3278 3716 ἀριθμὸν,
3327 3643 3404 3705 ὡς
3457 3642 3608 3710 Δωὴκ
3649 3639 3676 3690 ὁ

2121 3726 2416 3799 Ἰδουμαῖος
2437 3747 2448 3760 ·
2484 3733 2846 3802 πεντηκοστὸς
2883 3733 2990 3804 γὰρ
3031 3733 3242 3804 πρῶτός
3283 3733 3432 3784 ἐστιν
3467 3733 3496 3782 ὁ
3519 3732 3672 3795 ἀπαγ-

2106 3817 2309 3886 γέλλων
2336 3821 2405 3874 τὰ
2432 3825 2559 3893 περὶ
2587 3823 2772 3878 αὐτοῦ.
2790 3824 2948 3879 ’Λλλά
2985 3825 3088 3896 μὴν
3123 3825 3215 3878 καὶ
3247 3824 3454 3894 τρίτος,
3503 3818 3671 3888 ἐπειδή

2105 3909 2192 3962 ὅτε
2246 3911 2440 3979 ἔφευγε
2488 3915 2649 3968 Δαυ“ιδ
2697 3915 2804 3969 ἀπὸ
2858 3916 3148 3988 προσώπου
3191 3913 3546 3984 Ἀϐεσσαλὼμ
3587 3909 3668 3963 τοῦ

2109 3999 2225 4052 υἱοῦ
2245 4003 2419 4054 ἀὑτοῦ
2453 4005 2688 4076 εἴρηται,
2718 4009 2875 4078 δῆλον
2906 4011 3016 4071 τοῖς
3033 4007 3367 4076 ἀνεγνωκόσι
3400 4007 3502 4068 τὰς
3529 4005 3672 4058 Βασι-

2107 4091 2366 4156 λείας,ὄτι
2399 4097 2536 4166 μετά
2563 4099 2652 4151 τὸν
2683 4107 2761 4152 να⁹
2783 4102 2918 4164 ἐστὶ,
2955 4101 3048 4153 καὶ
3073 4100 3164 4152 τὸν
3189 4105 3255 4150 ν’.
3283 4098 3392 4151 Καὶ
3411 4097 3483 4150 τὰ
3509 4092 3669 4149 τοιαῦ-

2105 4199 2172 4234 τα
2223 4182 2268 4234 δ’
2301 4187 2350 4238 εί
2405 4188 2680 4242 ὲπιπλείόν
2709 4209 2792 4253 τις
2825 4190 3108 4262 διατρίψας
3139 4191 3377 4262 τηρήσῃ,
3412 4189 3518 4259 τῆς
3555 4189 3672 4239 ἱστο-

2106 4272 2247 4342 ρίας,
2275 4276 2369 4328 καὶ
2399 4277 2508 4330 τῶν
2547 4281 2866 4351 ἐπιγραφῶν
2903 4279 3288 4351 ἀκριϐέστερον
3333 4280 3556 4350 εὑρήσει
3583 4273 3668 4335 τὰς

2105 4364 2302 4430 αἰτίας,
2334 4368 2433 4438 τῆς
2460 4387 2518 4421 τε
2549 4371 2752 4437 τάξεως
2779 4371 2885 4424 τῶν
2911 4371 3174 4442 Ψαλμῶν.
3225 4407 3232 4414 -

432 4475 486 4520 et
525 4465 1039 4535 quinquagesimum
1074 4463 1310 4532 primum
1365 4469 1512 4515 esset
1566 4457 1950 4514 recensendas.
1992 4455 2123 4522 Qua:
2149 4461 2390 4528 quidem,
2425 4465 2636 4535 aliaque
2671 4467 2982 4535 hujusmodi
3033 4467 3076 4522 si
3125 4467 3250 4534 quis
3298 4465 3532 4520 ulterius
3559 4475 3668 4534 per-

432 4559 711 4628 sequendo
745 4555 1168 4621 animadvertat,
1205 4569 1310 4608 non
1343 4555 1524 4608 minus
1558 4552 1800 4607 historiae
1834 4561 1995 4620 atque
2029 4549 2465 4624 inscriptionum,
2492 4575 2654 4628 quam
2681 4539 2890 4617 ordinis
2919 4560 3260 4616 Psalmorum
3307 4561 3556 4616 rationes
3587 4573 3668 4614 ac-

431 4649 676 4703 curatius
705 4645 1088 4718 deprehendet.

500 4739 589 4794 Vl.
631 4738 764 4794 illud
793 4755 1008 4810 quoque
1041 4753 1149 4792 non
1180 4738 1500 4792 dissimilem
1549 4743 1852 4806 respectum
1889 4733 1985 4788 ha-
2019 4737 2029 4790 l

2162 4737 2256 4800 ς’.
2301 4737 2460 4801 Εἰκὸς
2489 4738 2530 4791 δ’
2562 4739 2704 4810 ἔχειν
2732 4739 3020 4808 ἀναλογίαν
3033 4740 3126 4795 καὶ
3159 4741 3240 4804 τὸ,
3279 4740 3438 4810 μόνον
3469 4757 3670 4810 προφη-

424 4831 552 4886 here
580 4839 1005 4887 consentaneum
1035 4837 1137 4894 est,
1165 4829 1340 4884 solum
1390 4829 1596 4883 scilicet
1627 4843 1690 4882 ex
1717 4825 1995 4896 prophetis

423 4925 678 4978 Davidem
711 4925 927 4978 oracula
969 4923 1174 4978 fudisse
1205 4938 1328 4976 cum
1369 4922 1729 4976 instrumento
1759 4921 1988 4981 musico,

421 5019 566 5086 quod
615 5032 645 5070 a
677 5016 878 5070 Graecis
909 5017 1126 5084 quidem
1163 5013 1476 5084 psalterium
1510 5011 1834 5081 appellatur,
1881 5007 1987 5064 He-

423 5107 582 5162 braeis
628 5122 755 5161 vero
804 5109 978 5168 nabla,
1012 5121 1288 5176 unumque
1337 5103 1476 5158 inter
1521 5101 1730 5157 musica
1775 5101 1984 5156 instru-

419 5209 602 5254 menta
633 5199 997 5252 rectissimum
1032 5206 1134 5260 est,
1162 5195 1294 5250 nihil
1333 5195 1536 5250 habens
1571 5193 1847 5248 inflexum.
1877 5190 1982 5246 Ne-

417 5309 526 5362 que
555 5307 684 5346 vero
705 5292 1001 5361 quidquam
1037 5291 1100 5343 ad
1124 5304 1318 5342 sonum
1343 5287 1622 5342 confertur
1644 5301 1710 5340 ex
1737 5285 1982 5340 inferiori

417 5393 591 5453 parte,
621 5392 680 5438 ut
721 5383 774 5437 in
801 5383 1008 5437 cithara
1035 5381 1318 5450 contingit,
1345 5379 1578 5449 aliisque
1603 5378 1901 5440 nonnullis,
1929 5386 1984 5432 at

417 5491 448 5528 e
479 5475 768 5544 superiori.
801 5473 900 5528 1E5
929 5473 1186 5527 nimirum
1217 5473 1272 5525 in
1300 5471 1506 5526 cithara
1531 5480 1586 5526 et
1615 5471 1730 5542 lyra
1755 5469 1981 5524 inferius

418 5575 638 5620 resonat
663 5567 922 5620 adversus
950 5566 1210 5636 plectrum
1235 5583 1248 5630 ;
1277 5565 1590 5634 psalterium
1627 5574 1806 5618 autem
1837 5563 1982 5632 ejus-

418 5655 586 5718 modi,
617 5658 866 5726 superius
899 5657 1201 5714 harmonici
1231 5657 1444 5714 numeri
1473 5657 1636 5714 habet
1665 5673 1892 5726 causas;
1921 5667 1979 5713 ut

491 5750 510 5781 '
544 5747 677 5804 Gen.
703 5767 777 5809 vt.
805 5751 856 5806 5.

2091 4827 2198 4879 τῶν
2229 4829 2319 4881 τὸν
2348 4832 2508 4884 Δαυὶδ
2541 4834 2638 4886 σὺν
2668 4834 2881 4904 ὀργάνῳ
2913 4835 3437 4904 πεπροφητευκέναι,
3479 4835 3556 4904 τῷ
3579 4850 3664 4886 πα-

2092 4919 2162 4992 ρὰ
2225 4922 2323 4992 μὲν
2359 4922 2581 4992 Ἕλλησι
2654 4925 2968 4996 καλουμένῳ
3029 4923 3349 4996 ψαλτηρίιρ,
3412 4925 3566 4998 παρά
3615 4923 3664 4975 δὲ

2101 5013 2370 5085 Ἑϐραίοις
2391 5014 2604 5080 νάϐλα,
2637 5016 2772 5086 ὅπερ
2809 5017 2966 5086 μόνον
2996 5016 3240 5088 ὀργάνων
3275 5015 3550 5085 μουσικῶν
3579 5013 3662 5082 ὀρ-

2089 5107 2304 5180 θότερον
2349 5103 2508 5172 εἶναι,
2541 5107 2689 5160 οὐδὲν
2735 5108 2856 5178 ἔχον
2897 5107 3224 5178 ἐπικαμπές.
3259 5109 3370 5159 Καὶ
3404 5107 3510 5178 μὴν
3551 5103 3662 5158 οὐδὲ

2095 5205 2429 5274 συνεργεῖ-ται
2459 5204 2537 5264 εἱς
2570 5196 2703 5270 ἦχον
2743 5201 2806 5252 ὲκ
2836 5199 2944 5253 τῶν
2983 5200 3134 5252 κάτω
3164 5197 3367 5269 μερῶν,
3410 5197 3490 5261 ὡς
3533 5213 3660 5264 συμ-

2093 5295 2266 5348 ϐαίνει
2295 5295 2387 5347 ἐπὶ
2408 5293 2656 5365 κιθάρας,
2680 5293 2772 5346 καὶ
2801 5291 2976 5346 ἄλλων
3002 5291 3184 5352 τινῶν,
3215 5290 3330 5344 ἀλλ’
3352 5289 3660 5358 ἄνωθεν.Τῇ

2089 5384 2290 5457 κιθάρᾳ
2324 5385 2420 5454 μὲν
2450 5384 2554 5456 γάρ
2585 5384 2677 5436 καὶ
2708 5385 2772 5454 τῇ
2809 5381 2946 5454 λύρᾳ
2971 5381 3212 5436 κάτωθεν
3239 5384 3268 5434 ὁ
3291 5381 3493 5452 χαλκὸς
3527 5381 3660 5447 ὑπη-

2087 5481 2174 5548 χεῖ
2217 5478 2346 5548 πρὺς
2383 5475 2441 5530 τὸ
2471 5475 2741 5546 πλῆκτρον
2768 5491 2780 5503 ·
2824 5473 2884 5526 τὸ
2915 5473 3209 5545 ψαλτήριον
3256 5473 3310 5526 δὲ
3357 5470 3518 5525 τοῦτο
3557 5467 3658 5523 τῶν

2089 5565 2395 5640 ἁρμονικῶν
2427 5563 2644 5636 ῥυθμῶν
2668 5563 2867 5618 ἄνωθεν
2899 5562 3010 5632 ἔχει
3034 5563 3132 5624 τὰς
3157 5561 3426 5634 ἀφορμὰς,
3453 5561 3546 5613 ἵνα
3571 5559 3660 5612 καὶ

2088 5659 2246 5729 ἡμεῖς
2276 5659 2342 5712 τὰ
2367 5655 2476 5710 ἄνω
2501 5653 2678 5724 ζητεῖν
2709 5651 3038 5725 μελετῶμεν,
3069 5652 3161 5706 καί
3185 5651 3260 5723 μὴ
3286 5655 3350 5724 τῇ
3381 5649 3546 5722 ἡδονῇ
3567 5645 3654 5700 τοῦ
