3836 6526
178 309 281 364 717

1167 316 1594 374 FRAGMENTA
1628 318 1855 376 DUBlA.
1893 350 1962 360 —
1998 319 2067 376 IN
2104 321 2441 379 PSALMOS.

3318 325 3425 382 718

175 428 375 500 μέλους
399 430 494 484 ἐπὶ
519 430 588 485 τὰ
618 431 719 502 τῆς
752 433 952 505 σαρκὸς
979 433 1125 506 πάθη
1155 438 1613 510 καταφερώμεθα.
1635 439 1743 492 Κά-

1854 455 1954 496 nos
1983 439 2145 496 etiam
2194 457 2392 512 supera
2433 450 2735 513 quaerentes
2763 451 3217 508 commentemur,
3251 459 3427 514 neque

174 525 322 576 κεῖνο
352 521 411 574 δέ
436 520 589 594 οἶμαι
610 524 702 577 τὸν
729 527 1062 596 προφητικὸν
1089 527 1242 597 λόγον
1273 528 1481 600 βαθέως
1503 531 1633 602 ἡμῖν
1659 529 1756 585 καὶ

175 613 358 683 σοφῶς
404 615 492 668 διὰ
535 615 632 686 τῆς
660 614 751 670 τοῦ
781 617 1010 689 ὀργάνου
1038 621 1380 693 κατασκευῆς
1407 622 1750 694 ἐνδεδεῖχθαι,

171 703 255 757 ὅτι
307 705 357 758 οἱ
400 708 680 792 ἐμμελεῖς,
714 708 806 762 καὶ
839 709 1161 783 εὐάρμοστοι
1200 713 1299 778 τὰς
1334 715 1531 785 ψυχὰς,
1566 717 1753 787 ραδίαν

171 796 354 867 ἔχουσι
382 799 482 871 τὴν
509 802 588 864 είς
617 801 681 854 τὰ
710 802 821 856 ἄνω
866 804 1386 878 πορείαν.¹’οργανον
1415 807 1473 860 δὲ
1503 807 1662 862 πάλιν
1687 810 1753 863 ἐκ

172 890 282 941 τῶν
313 890 428 944 ἄνω
456 893 555 964 τὴν
578 894 831 967 ἀφορμὴν
855 895 948 950 τοῦ
974 899 1126 967 ⁴ίγχεῖν
1155 901 1210 951 ἐν
1242 898 1432 970 ῥυθμῷ
1457 899 1748 970 λαμϐάνον,

172 982 325 1032 ποῖον
359 980 426 1034 ἂν
473 983 558 1054 εἴη
591 984 649 1037 τὸ
681 985 838 1056 σῶμα
880 987 974 1040 τοῦ
1018 989 1275 1060 Χριστοῦ,
1305 991 1400 1044 καὶ
1443 991 1550 1044 τῶν
1579 993 1750 1061 ἁγίων

170 1072 370 1126 αὐτοῦ’
429 1074 660 1146 ὄργανον
726 1078 820 1150 τὴν
886 1080 1152 1153 εὐθύτητα
1208 1083 1364 1154 μόνον
1414 1085 1748 1158 τετηρηκός*

181 1164 496 1234 Ἁλιαρτίαν
532 1170 640 1238 γὰρ
672 1172 782 1224 οὐκ
809 1172 1115 1239 ἐποιήσεν,
1143 1175 1286 1228 οὐδὲ
1321 1176 1530 1245 εὑρέθη
1569 1177 1750 1245 δόλος

167 1255 236 1307 ἐν
269 1257 351 1323 τῷ
390 1262 639 1328 στόματι
665 1262 1146 1336 αὐτοῦ.’οργανον
1175 1266 1481 1338 σύμφωνον,
1514 1270 1748 1341 ἐναρμό-

163 1364 301 1411 νιον,
332 1350 590 1420 ἐμμελὲς,
619 1353 872 1424 οὐδεμίαν
910 1355 1256 1429 ἀνθρωπίνην
1290 1359 1644 1429 ἀσυμφωνίαν
1674 1363 1750 1414 si-

162 1439 358 1512 ληφὸς,
385 1441 506 1494 οὐδέ
547 1444 696 1514 παρά
736 1443 894 1514 μέλος
918 1446 972 1498 τὶ
1001 1449 1316 1518 πεποιηκὸς,
1351 1451 1524 1522 πάντη
1565 1452 1623 1505 δέ
1650 1451 1749 1524 τὴν

161 1534 455 1604 ἁρμονίαν,
483 1535 579 1606 τὴν
607 1535 746 1608 πρὸς
785 1537 874 1590 τὸν
918 1538 1136 1610 Πατέρα
1167 1542 1498 1612 τετηρηκός·
1533 1545 1609 1606 ὡς
1639 1545 1747 1616 γάρ

163 1644 332 1696 φησιν
366 1627 531 1691 αὐτὸς
549 1645 562 1658 ·
606 1629 660 1680 '0
687 1627 773 1682 ὢν
798 1631 866 1684 ἐκ
898 1630 1010 1699 τῆς
1035 1633 1167 1701 τῆς,
1195 1633 1264 1686 ἐκ
1307 1633 1414 1702 τῆς
1451 1633 1563 1705 γῆς
1591 1637 1742 1701 ἐστι,

161 1720 262 1773 καὶ
287 1721 358 1773 ἐκ
391 1719 501 1787 τῆς
528 1718 641 1790 γῆς
665 1722 871 1776 λαλεῐο
909 1726 942 1777 ὀ
977 1723 1044 1778 ἐκ
1082 1724 1188 1778 τοῦ
1220 1727 1480 1793 οὐρανοῦ
1507 1728 1747 1798 ἐρχόμε-

160 1829 291 1879 νος,
322 1812 356 1866 ὃ
382 1814 625 1882 ἑώρακε,
653 1813 752 1869 καὶ
786 1813 1017 1885 ἤκουσε
1033 1818 1336 1887 μαρτυρεῖ.

229 2079 311 2134 Ζ’.
352 2079 554 2133 Λοιπόν
586 2081 702 2134 ἐστι
732 2080 1021 2147 διαλαϐεῖν,
1053 2081 1222 2136 ὅντων
1253 2082 1503 2155 ψαλμῶν,
1537 2085 1628 2138 καὶ
1651 2088 1743 2140 οὐ-

159 2170 274 2223 σῶν
306 2171 479 2241 ᾠδῶν,
510 2172 602 2226 καὶ
623 2172 852 2244 ψαλμῶν
879 2175 1042 2246 ᾠδῆς,
1076 2177 1169 2229 καὶ
1199 2175 1352 2246 ᾠδῶν
1382 2177 1618 2248 ψαλμοῦ,
1647 2195 1745 2231 πε-

159 2263 212 2330 ρὶ
245 2263 350 2334 τῆς
382 2263 589 2317 τούτων
627 2265 1237 2338 διαφορᾶς.⁶Ηγούμεθα
1281 2268 1460 2322 τοίνυν
1499 2269 1745 2340 ψαλμοὺς

157 2355 260 2423 μὲν
313 2348 455 2406 εἶναι
501 2353 625 2416 τοὺς
673 2354 811 2426 πρὸς
856 2355 918 2407 τὸ
963 2355 1193 2426 ὄργανον
1238 2355 1418 2426 μόνον,
1458 2356 1642 2426 φωνῆς
1683 2357 1742 2408 οὐ

157 2446 692 2517 συνεζευγνυμένης,
721 2447 1106 2518 κρουομένους,
1140 2450 1235 2502 καὶ
1261 2448 1327 2500 δι’
1355 2449 1585 2522 ὀργάνου
1615 2467 1746 2519 μου-

157 2541 322 2612 σικὴν
365 2541 630 2612 μελῳδίαν
652 2558 666 2571 ·
719 2541 861 2612 ᾠδὰς
897 2542 953 2594 δέ
983 2543 1082 2606 τὰς
1120 2546 1184 2614 τῇ
1229 2545 1377 2614 φωνῇ
1418 2544 1745 2617 ἐκδεχομένη

152 2637 232 2698 είς
261 2633 331 2687 τὸ
362 2635 540 2704 στόμα
569 2635 900 2704 ἐπαγγελίας
931 2635 1196 2706 μουσικῆς
1225 2635 1541 2708 ἐναρμόνιον
1569 2638 1746 2704 ἐκφω-

153 2725 367 2779 νείσθαι
409 2726 709 2797 λεγομένας
754 2727 1017 2799 ὑπάρχειν
1040 2744 1054 2758 ·
1094 2727 1341 2798 ψαλμοὺς
1372 2727 1429 2780 δὲ
1454 2726 1626 2796 ᾠδῶν,
1653 2728 1744 2780 ὅτε

151 2819 530 2889 προτέτακται
569 2819 666 2890 μὲν
695 2821 728 2890 ἡ
754 2819 926 2892 φωνὴ,
953 2820 1156 2890 ταύτης
1197 2820 1252 2873 δὲ
1287 2821 1520 2892 ἤρτηται
1549 2822 1577 2873 ὁ
1601 2819 1744 2874 ἐκεί-

151 2929 258 2964 νων
305 2915 579 2983 συγγενὴς
611 2907 763 2982 ἦχος,
799 2912 1179 2983 ἀποδιδόμενος
1205 2911 1494 2984 εὐρύθμως
1521 2912 1606 2965 διὰ
1634 2912 1744 2964 τῶν

149 3003 409 3076 ὀργάνων
429 3020 442 3033 ·
477 3003 618 3073 ᾠδὰς
648 3004 706 3056 δὲ
735 3003 984 3074 ψαλμῶν,
1009 3005 1136 3057 ὅταν
1163 3004 1527 3075 προτάσσεται
1564 3004 1660 3075 μὲν
1685 3004 1744 3058 τὸ

149 3098 410 3167 δργανον,
437 3095 620 3168 χώραν
641 3097 698 3149 δὲ
717 3095 980 3166 λαμϐάνει
1005 3096 1258 3169 δευτέραν
1289 3099 1323 3167 ἡ
1349 3098 1520 3170 φωνὴ,
1556 3099 1588 3168 ἡ
1618 3098 1743 3150 ἐπο-

152 3191 292 3262 μένη
343 3193 411 3259 τῇ
461 3189 570 3243 τῶν
615 3189 821 3262 χορδῶν
869 3193 1122 3262 μουσικῇ.
1167 3191 1278 3244 Καὶ
1322 3191 1493 3244 ταῦτα
1528 3190 1627 3262 μὲν
1664 3191 1740 3254 ὡς

150 3282 292 3352 πρὸς
335 3282 396 3334 τὸ
433 3281 596 3352 ῥητὸν
622 3281 728 3334 τῶν
763 3282 1175 3352 σημαινομένων
1195 3298 1207 3311 ·
1238 3282 1378 3336 κατά
1410 3281 1468 3335 δέ
1494 3283 1618 3345 τοὺς
1644 3281 1741 3352 τῆς

147 3374 453 3444 ἀναγωγῆς
476 3373 687 3442 λόγους,
707 3374 919 3445 ψαλμὺς
955 3374 1051 3445 μὲν
1081 3373 1148 3428 ἂν
1177 3374 1285 3446 εἴη,
1315 3375 1401 3427 ὅτε
1427 3374 1488 3427 τὸ
1513 3374 1742 3446 ὄργανον

146 3465 209 3520 τὸ
253 3466 428 3537 σῶμα
467 3465 755 3537 κρούοντες
802 3466 890 3520 διὰ
926 3465 1035 3519 τῶν
1074 3465 1251 3519 καλῶν
1297 3465 1494 3536 ἔργων,
1545 3465 1743 3537 πρᾶξιν

145 3560 372 3631 ἀγαθὴν
423 3559 799 3629 ἐπιτελοῦμεν,
833 3561 884 3613 κ’
919 3559 984 3613 ἂν
1037 3559 1110 3630 μὴ
1144 3560 1284 3613 πάνυ
1333 3561 1390 3611 ἐν
1441 3561 1506 3628 τῇ
1539 3557 1743 3630 θεωρίᾳ

147 3656 594 3727 προκόπτοντες·
649 3654 760 3725 ᾠδὴ
809 3654 888 3719 δὲ,
939 3655 1029 3707 ὅτε
1082 3655 1250 3725 χωρὶς
1293 3653 1388 3707 τοῦ
1437 3651 1742 3725 πρακτικοῦ

149 3745 544 3819 θεωρήσαντες
606 3747 674 3799 τὰ
724 3746 822 3818 τῆς
869 3745 1128 3817 ἀληθείας
1179 3749 1488 3818 μυστήρια,
1537 3746 1744 3809 τούτοις

152 3839 686 3910 συγκατατιθέμενοι
722 3881 738 3906 ,
787 3839 1090 3910 φρονοῦμεν
1146 3839 1216 3892 τὰ
1275 3838 1534 3892 κάλλιστα
1616 3839 1745 3910 περὶ

148 3932 314 3998 Θεοῦ,
345 3934 446 3986 καὶ
495 3933 603 3986 τῶν
657 3933 852 4001 λογίων
896 3932 1083 3996 αὐτοῦ,
1115 3931 1367 4000 γνώσεώς
1393 3948 1450 3985 τε
1478 3931 1743 4000 φωτιζού-

149 4040 273 4096 σης,
311 4026 413 4077 καὶ
444 4024 636 4093 σοφίας
681 4027 740 4077 ἐν
775 4027 894 4087 ταῖς
925 4023 1124 4094 ψυχαῖς
1148 4024 1303 4095 ἡμῶν
1333 4023 1738 4095 τρανουμένης·

144 4116 258 4190 ᾠδὴ
300 4116 363 4170 δὲ
411 4114 652 4186 ψαλμοῦ,
699 4117 786 4168 ὅτε
831 4115 1177 4189 προαγούσης
1221 4114 1468 4186 πράξεως
1509 4114 1742 4184 ἀγαθῆς,

146 4211 294 4264 κατὰ
342 4210 404 4263 τὸ
439 4210 870 4280 προειρημένον·
919 4207 1320 4278 Ἐπιθυμήσας
1357 4208 1581 4276 σοφίαν
1627 4207 1748 4262 δια-

143 4303 431 4372 τήρησον
465 4302 741 4367 ἐντολὰς,
769 4301 868 4354 καὶ
897 4301 1110 4368 Κύριος
1140 4301 1464 4370 χορηγήσει
1497 4319 1614 4365 σοι,
1645 4303 1743 4355 αὐ-

141 4393 242 4464 τὴν
281 4391 568 4462 συνίεμεν,
592 4391 868 4466 κριθέντες
896 4390 1036 4456 ἄξιοι
1061 4391 1166 4445 ὑπὸ
1190 4393 1323 4446 Θεοῦ
1349 4393 1446 4464 τῆς
1466 4391 1741 4463 ἀληθείας,

1858 533 2065 590 musica
2098 535 2454 590 delectatione
2504 536 2842 606 abripiamur
2875 536 2941 590 ad
2973 538 3155 592 carnis
3183 537 3425 594 affectio-

1854 642 1972 683 nes.
1997 628 2137 695 Quin
2157 629 2316 684 etiam
2352 629 2501 695 illud,
2533 629 2747 699 opinor,
2782 629 3094 700 prophetica
3123 632 3308 686 eadem
3340 648 3429 685 ra-

1857 720 2020 786 tione,
2054 737 2161 792 qua
2194 721 2540 777 instrumenti
2571 723 2933 787 constructio,
2963 724 3095 778 scite
3126 725 3430 793 sapienter-

1853 828 1960 882 que
1988 814 2420 870 demonstratum
2442 815 2608 870 .nobis
2636 814 2826 878 fuisse,
2855 816 3000 885 quod
3027 815 3120 886 qui
3146 816 3428 870 modifica-

1852 913 1908 959 to
1938 913 2065 960 sunt
2098 906 2300 970 animo,
2328 905 2574 976 beneque
2596 907 2912 972 constituto,
2948 905 3160 961 facilem
3189 907 3426 964 habeant

1851 995 2058 1050 aditum
2109 997 2174 1050 ad
2232 998 2494 1052 cmlestia.
2528 998 2903 1068 Prmtereaque
2933 999 3359 1054 instrumentum
3392 1017 3424 1055 ο

1851 1088 2064 1155 superis
2100 1103 2321 1143 causam
2349 1089 2640 1144 desumens
2680 1087 2746 1142 ad
2781 1103 3066 1142 numerum
3110 1090 3426 1155 resonandi,

1851 1178 1961 1232 tale
1992 1187 2095 1242 est,
2130 1178 2290 1246 quale
2321 1178 2507 1248 utique
2537 1178 2701 1232 fuerit
2733 1193 2933 1247 corpus
2949 1179 3174 1241 Christi,
3203 1191 3425 1235 sancto-

1851 1281 2081 1336 rumque
2106 1267 2310 1336 ipsius;
2348 1269 2770 1321 instrumentum
2797 1268 3092 1336 singulare,
3123 1284 3153 1322 a
3179 1285 3289 1338 quo
3311 1284 3428 1326 uno

1848 1368 2056 1412 rectum
2086 1368 2356 1413 servatum
2389 1366 2473 1414 est
2502 1379 2514 1412 :
2539 1357 2817 1411 Peccatum
2841 1359 2987 1414 enim
3030 1375 3135 1413 non
3168 1360 3311 1428 fecit,
3335 1375 3430 1414 nec

1848 1451 2086 1504 inventus
2105 1459 2184 1504 est
2204 1450 2359 1505 dolus
2382 1451 2436 1503 in
2455 1467 2542 1504 ore
2561 1449 2674 1518 ejus
2690 1449 2710 1480 ⁸
2735 1467 2750 1515 ;
2779 1450 3199 1505 instrumentum
3229 1466 3429 1508 conso-

1848 1558 2000 1608 num,
2053 1542 2452 1606 harmonicum,
2515 1542 2862 1605 concinnum,
2920 1542 3065 1612 quod
3128 1544 3426 1599 humanam

1847 1633 2053 1688 nullam
2100 1634 2341 1702 suscepit
2379 1632 2735 1699 discordiam,
2770 1647 2946 1700 neque
2977 1642 3170 1701 praeter
3201 1634 3426 1688 modum

1847 1725 2142 1796 quidquam
2185 1725 2312 1794 egit,
2350 1724 2444 1779 sed
2491 1739 2707 1778 omnem
2754 1724 2912 1793 quasi
2946 1732 3269 1778 concentum
3297 1740 3425 1780 cum

1848 1817 2007 1872 Patre
2044 1818 2277 1872 servavit
2307 1837 2319 1871 :
2350 1825 2408 1871 ut
2433 1818 2574 1871 enim
2604 1817 2679 1870 ait
2706 1816 2822 1885 ipse
2855 1834 2870 1870 :
2900 1816 3004 1880 Qui
3043 1827 3118 1869 est
3161 1817 3224 1870 de
3263 1827 3425 1886 terra,

1846 1912 1910 1965 de
1953 1921 2091 1965 terra
2133 1920 2230 1973 est,
2255 1919 2304 1963 et
2348 1910 2411 1962 de
2455 1919 2595 1963 terra
2628 1910 2892 1979 loquitur;
2915 1908 3005 1978 qui
3024 1910 3086 1962 de
3114 1909 3241 1962 caelo
3266 1910 3424 1977 venit,

1845 2005 1983 2073 quod
2011 2005 2140 2057 uidit
2161 2015 2210 2057 et
2233 2003 2435 2056 audivit
2458 2011 2681 2056 testatur
2696 2003 2738 2055 ⁸.

1922 2097 2030 2151 \‘ll.
2069 2097 2339 2164 Quoniam
2370 2113 2500 2152 vero
2529 2105 2657 2153 sunt
2684 2098 2901 2168 psalmi.
2931 2107 3168 2169 suntque
3199 2101 3337 2166 odae,
3369 2108 3426 2154 et

1845 2192 2041 2262 psalmi
2069 2191 2222 2256 odes,
2260 2200 2422 2261 atque
2455 2190 2570 2245 oda:
2594 2191 2952 2260 psalmorum,
2985 2200 3236 2260 superest
3268 2200 3327 2245 ut
3357 2191 3426 2245 de

1846 2283 1949 2337 hac
1974 2282 2274 2337 dilferentia
2317 2282 2497 2336 dicere
2543 2281 2942 2352 aggrediamur.
2978 2281 3088 2338 Nos
3123 2283 3305 2352 itaque
3331 2297 3423 2336 ar-

1844 2373 2028 2428 bitrati
2057 2389 2268 2438 sumus,
2304 2388 2398 2426 eos
2419 2372 2636 2442 quidem
2663 2373 2902 2442 psalmos
2929 2387 3051 2427 esse
3075 2373 3169 2442 qui
3199 2373 3266 2427 ad
3297 2388 3423 2426 mu-

1845 2465 2018 2520 sicum
2054 2466 2476 2518 instrumentum
2527 2464 2905 2518 tantummodo
2939 2465 3058 2518 sine
3089 2464 3238 2518 vocis
3269 2478 3421 2518 com-

1846 2556 2094 2625 plexione
2121 2555 2320 2624 pulsati
2359 2556 2468 2609 sint
2491 2555 2586 2618 ita,
2612 2565 2671 2610 ut
2690 2572 2784 2626 per
2811 2557 2987 2626 ipsum
3017 2556 3423 2625 quodammodo

1846 2647 2190 2716 praenuntiati
2243 2645 2466 2713 fuerint,
2514 2663 2611 2716 per
2656 2648 2920 2702 musicam
2970 2663 3163 2717 nempe
3216 2648 3423 2702 instru-

1846 2739 2011 2793 menti
2042 2739 2417 2804 harmoniam;
2449 2738 2583 2794 odas
2615 2755 2742 2794 vero
2775 2755 2918 2803 esse,
2954 2757 3076 2810 qua:
3119 2741 3424 2810 excipiente

1842 2845 1978 2885 voce
2015 2839 2143 2885 sunt
2191 2830 2415 2885 redditae
2456 2846 2552 2900 per
2583 2845 2779 2886 sonum
2806 2832 2940 2899 oris,
2974 2834 3270 2902 pulsationi
3302 2849 3425 2889 mo-

1844 2925 2027 2980 dulate
2091 2925 2544 2994 respondentem;
2614 2926 2856 2995 psalmos
2923 2937 3102 2981 autem
3169 2929 3422 2991 odarum,

1843 3017 2063 3086 quando
2117 3033 2220 3070 vox
2267 3016 2482 3086 quidem
2519 3018 2811 3085 praecessit,
2842 3017 2967 3071 huic
3001 3026 3179 3072 tamen
3207 3028 3422 3087 aptatus

1843 3118 1928 3164 est
1960 3124 2190 3163 concors
2237 3123 2588 3162 numerorum
2622 3108 2854 3173 sonitus,
2887 3109 3152 3164 concinne
3180 3109 3424 3166 redditus

1845 3215 1940 3270 per
1988 3199 2387 3265 instrumenta;
2440 3199 2574 3254 odas
2619 3200 2854 3269 denique
2908 3200 3264 3267 psalmorum,
3295 3216 3424 3256 cum

1843 3299 2118 3360 praaeunte
2148 3289 2510 3344 instrumento
2543 3290 2840 3345 secundum
2888 3290 3068 3345 locum
3117 3306 3224 3345 vox
3267 3307 3427 3347 occu-

1847 3392 1955 3452 pat,
1991 3396 2113 3451 qua:
2171 3381 2406 3436 chordas
2465 3381 2519 3435 in
2573 3381 2784 3437 musica
2840 3383 3212 3452 subsequitur.
3241 3383 3422 3453 Atque

1847 3475 1962 3528 haec
2001 3472 2252 3543 equidem
2285 3472 2449 3526 veluti
2497 3472 2563 3526 ad
2609 3472 2844 3527 litteram
2896 3488 2960 3527 ea
3011 3482 3421 3543 persequentes,

1845 3580 1967 3636 quae
1998 3565 2201 3620 indicio
2230 3573 2442 3618 tantum
2477 3563 2778 3634 signiﬁcata
2810 3573 2969 3630 sunt;
2999 3565 3297 3620 secundum
3327 3580 3427 3618 au-

1846 3667 1954 3713 tem
2007 3658 2332 3729 anagogicas
2377 3657 2640 3722 rationes,
2673 3666 2787 3711 tum
2819 3657 3065 3726 psalmus
3093 3657 3274 3721 fuerit,
3301 3672 3426 3711 cum

1846 3763 2133 3816 organum,
2166 3762 2367 3816 corpus
2406 3747 2666 3802 nimirum
2697 3747 2944 3802 honestis
2969 3748 3276 3803 actionibus
3306 3749 3428 3816 pul-

1847 3853 2053 3904 santes,
2081 3841 2224 3910 quod
2255 3850 2461 3894 rectum
2511 3846 2596 3893 est
2641 3839 2976 3909 perticimus,
3001 3841 3253 3910 quamvis
3279 3839 3425 3894 haud

1846 3932 2072 3988 omnino
2115 3933 2171 3985 in
2219 3931 2678 4000 contemplatione
2707 3931 3091 4000 proficiamus;
3147 3932 3250 3986 ode
3295 3947 3426 3987 vero

1847 4042 1971 4080 cum
2007 4025 2296 4094 separatim
2342 4025 2410 4077 ab
2447 4023 2661 4078 actione
2700 4024 3037 4080 revolventes
3066 4025 3250 4078 animo
3281 4027 3426 4078 veri—

1847 4118 1974 4172 tatis
1995 4116 2274 4188 mysteria,
2293 4116 2486 4185 hisque
2507 4116 2855 4182 inhaerentes,
2875 4115 3072 4169 eximia
3093 4115 3237 4171 circa
3255 4113 3427 4170 Deum

1847 4207 2129 4276 ipsiusque
2169 4207 2388 4260 oracula
2430 4207 2718 4271 sentimus,
2750 4207 3072 4276 producente
3095 4207 3344 4275 scientia,
3373 4216 3428 4262 et

1847 4300 2112 4370 sapientia
2145 4307 2360 4354 nostros
2404 4297 2618 4352 animos
2665 4298 3008 4355 manifestius
3037 4299 3424 4364 collustrante;

1847 4393 1950 4447 ode
1984 4401 2164 4447 autem
2206 4391 2422 4461 psalmi,
2457 4407 2579 4446 cum
2622 4391 2849 4446 honesta
2897 4401 3170 4462 praeeunte
3213 4394 3428 4448 actione

141 4483 212 4536 τὰ
245 4483 394 4546 τέως
427 4484 561 4553 ἡμῖν
592 4483 1060 4555 ἀποκεκρυμμένα
1083 4499 1096 4513 ο
1130 4483 1342 4555 ψαλμὸς
1373 4484 1430 4538 δὲ
1461 4484 1622 4555 ᾠδῆς,
1653 4485 1742 4537 ὅτε

1848 4485 1999 4556 iuxta
2043 4484 2176 4539 illud
2224 4484 2445 4540 effatum
2477 4503 2491 4539 :
2528 4483 2912 4554 Concupiscens
2939 4486 3255 4554 sapientiam
3279 4502 3430 4539 serva

139 4573 566 4644 τεθεωρηκότες
605 4573 704 4642 τῆς
735 4572 988 4641 γνώσεως
1023 4575 1422 4646 σαφηνιζούσης
1470 4575 1592 4628 τινὰ
1636 4574 1746 4628 τῶν

139 4659 560 4732 κεκρυμμένων
591 4660 818 4729 ἠθικῶν,
849 4663 1112 4735 πρότερον
1145 4664 1236 4716 ἐπὶ
1264 4665 1323 4716 τὸ
1355 4665 1618 4735 πράττειν
1655 4683 1745 4734 γε-

135 4753 377 4824 νώμεθα
409 4753 703 4818 συνιέντες,
727 4755 822 4807 καὶ
843 4755 870 4808 δ
896 4757 1182 4828 πρακτέον,
1202 4757 1296 4811 καὶ
1329 4759 1415 4810 ὅτε
1444 4761 1742 4830 πρακτέον,

136 4850 236 4904 καὶ
273 4849 362 4912 ὡς
392 4849 686 4919 πρακτέον.
717 4850 821 4902 Καὶ
847 4851 988 4919 τάχα
1017 4851 1104 4904 διὰ
1135 4850 1292 4904 τοῦτο
1309 4853 1364 4904 αἱ
1390 4853 1601 4924 πρῶται
1628 4855 1744 4907 ἐπι-

136 4939 368 5014 γραφαὶ
411 4941 664 5011 οὐδαμῶς
707 4944 1051 5016 περιέχουσιν
1082 4944 1181 5006 τὰς
1229 4947 1344 4998 κατ’
1375 4946 1543 5010 αὐτὰς
1575 4947 1738 5018 ᾠδὰς,

135 5035 282 5088 ἀλλά
334 5034 502 5104 μόνον
540 5033 773 5104 ψαλμὸν,
801 5034 833 5105 ἢ
867 5035 1060 5105 μόνους
1089 5035 1366 5106 ψαλμούς·
1399 5037 1460 5090 οὐ
1494 5038 1602 5110 γάρ
1633 5039 1742 5092 ἀπὸ

135 5126 392 5199 θεωρίας
440 5125 668 5195 ἄρχεται
711 5127 740 5178 ὁ
769 5126 942 5194 ἅγιος,
973 5127 1087 5180 ἀλλ’
1118 5127 1484 5201 ἁπλούστερον
1518 5130 1739 5184 πιστεύ-

138 5236 239 5282 σας
297 5217 455 5272 κατά
503 5217 834 5289 ὀρθοδοξίαν,
869 5222 989 5283 ταῖς
1037 5221 1432 5290 πραττομέναις
1480 5221 1740 5292 πράξεσιν

134 5312 348 5367 ἑαυτὸν
401 5310 700 5364 ἐπιδίδωσι.
737 5313 836 5365 Διὰ
867 5312 1025 5365 τοῦτο
1052 5313 1146 5366 ἐπὶ
1174 5313 1318 5366 τέλει
1367 5313 1560 5369 πολλαὶ
1583 5315 1738 5385 ᾠδαὶ,

133 5409 232 5459 καὶ
288 5407 436 5458 ὅπου
486 5405 837 5473 ἁναϐαθμοὶ,
873 5405 1110 5475 οὐδαμοῦ
1154 5405 1421 5475 agt-aclyde,
1451 5405 1577 5459 οὔτε
1619 5409 1741 5460 κατ’

133 5499 332 5562 αὐτὸν,
369 5497 497 5549 οὐτε
531 5498 670 5567 μετά
695 5515 840 5561 τινος
883 5499 1206 5572 ἐπιπλοκῆς,
1235 5499 1372 5553 ἀλλὰ
1402 5501 1573 5554 πᾶσαι
1607 5501 1744 5570 ᾠδαὶ

133 5595 261 5647 κατ’
297 5592 498 5654 αὐτάς.
517 5591 606 5646 Ἑν
634 5593 744 5662 γὰρ
771 5592 900 5658 ταῖς
928 5592 1298 5663 ἀναϐάσεσεν
1330 5593 1465 5666 πρὸς
1489 5593 1665 5647 οὐδενὶ⁵
1692 5596 1742 5648 ot

207 5781 234 5813 ⁸
266 5781 380 5836 Ιει.
417 5796 542 5848 LIII,
577 5781 632 5836 9.
707 5781 728 5815 '
763 5779 923 5838 Joan.
960 5795 1044 5847 Ill,
1072 5781 1163 5837 5t.
1253 5779 1274 5812 ⁸
1308 5777 1480 5836 Eccli.
1509 5794 1552 5846 ι,
1579 5777 1670 5834 23.

1843 4579 2118 4642 mandata,
2144 4586 2194 4632 et
2229 4576 2487 4630 Dominus
2512 4578 2730 4631 deducet
2753 4585 2801 4630 te
2815 4577 2856 4642 ⁸,
2883 4577 3055 4646 ipsam
3081 4577 3428 4646 assequimur

1844 4670 2165 4740 sapientiam
2197 4688 2210 4724 :
2244 4669 2393 4739 digni
2424 4685 2455 4724 a
2479 4669 2590 4724 Deo
2624 4667 2790 4723 habiti
2824 4669 3070 4724 veritatis
3096 4669 3427 4738 cognitione,

1843 4780 1964 4833 qua:
2014 4763 2279 4817 hactenus
2334 4761 2512 4815 fuerat
2557 4761 2715 4816 nobis
2769 4761 3133 4825 abscondita;
3184 4760 3428 4829 psalmus

1843 4856 2058 4909 tandem
2093 4855 2244 4917 odcs,
2273 4869 2400 4907 eum
2449 4853 2630 4921 aliqua
2661 4852 3028 4921 recogitantes
3066 4850 3426 4917 abstrusiora,

1847 4959 1969 5012 quae
1999 4943 2067 4996 ad
2099 4957 2280 4997 mores
2313 4941 2640 5011 pertineant,
2674 4941 2901 4996 scientia
2951 4941 3286 5006 declarante,
3314 4941 3430 5010 pri-

1850 5048 1998 5086 mum
2027 5031 2093 5086 ad
2118 5031 2385 5103 agendum
2430 5030 2725 5100 prudentes
2756 5029 3042 5095 efﬁcimur,
3069 5029 3263 5084 deinde
3293 5029 3428 5099 quid

1849 5121 2114 5193 agendum
2160 5130 2214 5175 et
2242 5121 2482 5190 quando,
2512 5131 2562 5174 et
2597 5121 2870 5189 quomodo
2916 5119 3184 5190 agendum
3230 5121 3428 5175 edoce-

1849 5233 1992 5270 mur.
2023 5217 2200 5285 Atque
2226 5215 2353 5269 hinc
2381 5213 2569 5282 primae
2597 5212 2831 5268 fortasse
2864 5213 3272 5283 inscriptiones,
3300 5213 3425 5267 nul-

1849 5308 2049 5362 limode
2078 5324 2173 5362 eas
2207 5307 2507 5370 continent,
2535 5321 2657 5375 quae
2684 5306 2737 5359 in
2773 5305 2894 5360 odis
2925 5305 3296 5371 inveniuntur,
3329 5305 3424 5360 sed

1848 5407 2006 5461 unice
2030 5407 2324 5476 psalmum,
2356 5403 2440 5457 vel
2471 5403 2712 5472 psalmos
2743 5401 3029 5456 duntaxat.
3056 5399 3244 5470 Neque
3276 5401 3421 5456 enim

1846 5515 1875 5551 a
1901 5496 2352 5565 contemplatione
2378 5503 2602 5550 sanctus
2629 5493 2930 5561 exorditur,
2955 5492 3047 5548 sed
3070 5500 3424 5563 posteaquam

1845 5589 2166 5660 simpliciter
2205 5587 2432 5644 credidit
2455 5587 2611 5658 juxta
2649 5585 3012 5644 orthodoxam
3046 5584 3228 5654 fidem,
3263 5584 3331 5641 ad
3358 5597 3423 5640 ea
