3836 6502
418 381 520 447 πει

420 511 542 566 quae
579 493 783 564 agenda
832 497 959 545 sunt
988 500 1106 541 sese
1141 481 1396 556 traducit.
1425 478 1768 546 Quapropter
1804 471 1857 522 in
1889 465 1996 520 ﬁne
2027 473 2070 526 Α

422 561 764 643 multat—sunt
794 584 930 645 udae,
965 590 1128 649 atque
1159 575 1250 630 ubi
1281 573 1497 645 gradus,
1524 565 1716 645 nullibi
1741 561 1999 632 psalmus,

424 696 600 750 neque
627 677 942 746 singulatim
976 687 1070 741 per
1093 685 1171 734 se,
1196 681 1372 736 neque
1393 679 1515 721 eum
1540 661 1645 713 alia
1675 649 2006 722 complexio-

423 791 512 840 ne,
543 783 600 828 at
647 786 838 826 omnes
887 761 1294 819 odae'seorsum
1350 757 1644 812 collocatze.
1686 750 1742 802 In
1776 757 1992 799 ascensu
2045 752 2112 791 en

423 881 586 937 quam
642 863 754 918 sola
807 854 1280 924 contemplatione.
1315 851 1489 918 Atque
1537 849 1649 900 haec
1683 841 1935 896 universe
1969 847 1998 885 a
2041 842 2109 881 no

425 952 875 1027 interpretatione
905 947 1238 1001 indicantur.

494 1087 628 1142 VIII.
671 1085 791 1141 Jam
840 1097 968 1138 vero
1017 1097 1143 1141 cum
1189 1078 1531 1133 inveniamus
1585 1072 1723 1141 apud
1776 1082 1881 1122 LXX
1945 1077 2005 1118 ac

425 1181 853 1236 Theodotionem
884 1185 953 1230 et'
980 1172 1370 1245 Symmachum
1410 1184 1464 1222 ιη
1498 1163 1826 1236 quibusdam
1860 1157 2005 1227 psal-

424 1274 551 1336 mis,
586 1271 781 1339 hisque
829 1284 936 1334 non
967 1265 1179 1336 paucis,
1213 1264 1266 1316 in
1297 1254 1476 1315 medio
1504 1257 1738 1327 positum
1767 1246 2007 1319 diapsal-

425 1381 534 1428 ma,
561 1360 821 1432 suspicati
846 1373 1066 1420 sumus,
1107 1371 1174 1408 an
1209 1352 1352 1406 forte
1389 1345 1782 1404 subindicarint
1818 1341 1908 1410 qui
1944 1338 2007 1392 il-

428 1453 519 1506 lud
553 1463 875 1521 apposuere,
903 1446 988 1501 vel
1022 1443 1236 1498 numeri
1257 1442 1340 1496 vel
1373 1439 1516 1494 modi
1549 1435 1744 1489 factam
1771 1447 1888 1486 esse
1911 1443 2010 1499 pro

431 1546 518 1600 his
553 1542 688 1597 locis
722 1539 1076 1594 mutationem
1106 1554 1118 1589 :
1145 1535 1260 1588 sive
1289 1533 1449 1587 etiam
1481 1526 1777 1595 disciplinae
1799 1522 2013 1577 traden-

429 1641 514 1694 da:
559 1638 791 1693 formam
826 1636 880 1689 in
921 1633 1104 1696 aliam,
1141 1631 1254 1686 sive
1281 1627 1707 1696 intelligentiam,
1745 1621 1857 1674 sive
1890 1634 2014 1671 ora-

430 1729 599 1784 tionis
625 1727 736 1781 vim
765 1739 886 1780 esse
917 1724 1278 1789 immutatam.
1326 1718 1428 1771 Sed
1466 1730 1641 1783 neque
1669 1711 1810 1782 apud
1840 1707 2006 1777 Aqui-

433 1820 551 1876 lam
592 1817 887 1881 invenitur,
925 1825 1101 1881 neque
1136 1811 1188 1864 in
1229 1808 1512 1867 Hebraico,
1550 1813 1606 1857 at
1639 1818 1736 1872 pro
1779 1795 2022 1866 diapsal—'
2053 1824 2092 1878 Β

431 1919 574 1966 male
589 1909 850 1980 scriptum
873 1916 957 1962 est
976 1900 1310 1973 semper.Nec
1325 1900 1480 1958 illud,
1495 1912 1527 1949 o
1541 1895 1778 1951 scientiae
1793 1899 2024 1948 amator,

435 2013 491 2058 te
518 1979 824 2072 praetereat,
852 1997 998 2068 quod
1029 1993 1237 2049 IIebrzei
1266 1989 1586 2045 Psalterium
1617 1987 1670 2039 in
1697 1985 1940 2053 quinque
1961 1979 2027 2032 li-

437 2068 570 2148 bros
597 2093 930 2154 diviserunt,
957 2097 1016 2142 ut
1064 2088 1240 2142 instar
1287 2083 1358 2137 sit
1392 2079 1618 2134 alterius
1647 2068 2021 2129 Pentateuchi.

437 2183 685 2254 Namque
711 2197 742 2236 a
774 2182 949 2251 primo
980 2177 1189 2248 psalmo
1219 2174 1286 2230 ad
1313 2189 1405 2235 XL,
1440 2184 1608 2225 unum
1644 2167 1843 2221 librum
1871 2177 2023 2218 com—

437 2283 730 2348 putarunt;
779 2289 809 2327 a
847 2287 937 2326 xu
981 2271 1045 2324 ad
1089 2282 1240 2332 Lm,
1302 2263 1533 2318 alterum
1579 2259 1954 2329 deduxerunt;
1994 2268 2024 2306 a

443 2385 594 2424 Lxxn
626 2368 694 2422 ad
729 2380 994 2427 Lxxxvtn,
1025 2362 1244 2416 tertium
1280 2357 1577 2412 effecerunt
1602 2352 1800 2405 librum
1821 2365 1836 2412 ;
1859 2362 2025 2417 quar-

442 2471 560 2516 tum
610 2460 680 2514 ab
715 2473 916 2512 LXXXIX
967 2455 1032 2508 ad
1085 2469 1187 2518 ev;
1228 2466 1257 2519 a
1295 2464 1382 2502 ενι
1422 2446 1488 2501 ad
1516 2461 1578 2499 et.
1607 2444 2027 2511 composuerunt

443 2556 697 2625 quintum
721 2568 735 2616 ;
759 2550 860 2604 rati
889 2547 1094 2603 scilicet
1119 2555 1390 2614 quemque
1412 2539 1684 2609 psalmum
1713 2533 1808 2603 qui
1833 2532 1886 2584 in
1917 2529 2024 2583 line

441 2624 687 2710 haberet,
721 2642 1034 2696 Benedictus
1061 2639 1224 2703 Deus,
1263 2635 1381 2705 ﬁat,
1424 2632 1538 2702 ﬁat,
1575 2631 1718 2683 hunc
1755 2624 1877 2679 libri
1907 2636 2026 2676 esse

444 2742 802 2807 postremum.
834 2733 892 2786 In
940 2733 1026 2786 his
1070 2737 1249 2784 autem
1278 2725 1530 2797 precatio,
1565 2719 1872 2776 est-oblata
1917 2714 2026 2769 Deo

446 2826 770 2898 supplicatio
802 2841 901 2895 pro
930 2824 1110 2892 aliqua
1141 2820 1357 2874 uti-lium
1393 2831 1574 2870 rerum
1601 2831 1615 2876 ;
1649 2822 1826 2864 votum
1869 2807 2026 2877 equis

447 2921 569 2975 dem
603 2916 925 2989 promissio;
974 2914 1196 2983 hymnus
1239 2918 1324 2965 est
1369 2921 1470 2976 pro
1497 2903 1676 2965 bonis,
1712 2915 1833 2970 qum
1860 2898 2027 2952 habe-

413 3052 416 3056 .
449 3023 590 3075 mus,
624 3009 801 3063 fausta
829 3003 1150 3060 acclamatio
1179 3000 1290 3056 Deo
1318 2996 1558 3054 exhibita
1582 3010 1596 3060 ;
1633 2993 1750 3046 laus
1773 2991 1887 3046 sive
1909 2990 2028 3043 lau-

449 3102 620 3167 datio,
652 3097 1052 3155 admirabilium
1090 3093 1183 3150 Dei
1206 3105 1431 3162 operum
1460 3084 1882 3143 commendatio.
1918 3080 2025 3135 Ne-

451 3209 557 3264 que
582 3192 726 3248 enim
763 3187 1160 3245 commendatio
1197 3193 1280 3238 est
1307 3181 1474 3247 aliud,
1509 3193 1672 3248 quam
1712 3175 1887 3228 laudis
1918 3189 2034 3227 am-
2064 3165 2109 3223 C

451 3284 734 3357 pliticatio.
755 3303 758 3307 ’

525 3419 616 3473 ΙΧ.
659 3417 778 3484 Quo
809 3425 988 3470 autem
1022 3423 1283 3481 tempore,
1310 3421 1487 3477 quove
1511 3389 1670 3475 pacto
1710 3403 1851 3456 hanc
1885 3397 2037 3454 Psal‘

458 3524 674 3564 morum
707 3507 973 3563 rationem
1012 3502 1230 3558 divinus
1257 3488 1795 3565 David'excogitarit;
1828 3492 2038 3561 primus

458 3602 677 3671 quidem
706 3614 770 3672 ac
800 3598 951 3652 solus
979 3593 1145 3648 fuisse
1173 3591 1404 3652 videtur,
1431 3589 1595 3657 idque
1626 3587 1693 3640 ab
1713 3585 1887 3664 initio,
1913 3597 2038 3635 cum

461 3666 777 3762 psalterium
808 3685 1250 3744 concinnandam
1297 3681 1479 3752 digitis
1506 3659 1872 3750 praecipiebat.
1904 3672 2037 3728 Nam

462 3790 510 3845 si
543 3788 665 3858 quis
707 3787 845 3841 alius
888 3783 1127 3854 psalterii
1167 3794 1326 3835 usum
1355 3787 1409 3832 et
1433 3776 1654 3831 citharae
1683 3773 1832 3842 prior
1857 3779 2042 3824 osten-

468 3879 569 3945 dit,
602 3878 650 3933 is
676 3864 837 3947 plane
865 3876 1100 3938 diverse,
1134 3873 1280 3925 iners
1308 3867 1565 3939 quiddam
1587 3873 1640 3918 et
1659 3864 1881 3932 vulgare
1904 3876 2045 3914 com-

467 3981 686 4027 mentus
722 3970 807 4024 vel
838 3969 891 4022 in
937 3969 1054 4036 ipso
1090 3961 1432 4018 instrumenti
1459 3967 1740 4028 apparatu,
1777 3953 1949 4022 neque
1977 3952 2046 4007 ad

465 4075 686 4116 carmen
748 4057 1064 4117 concinens,
1106 4064 1279 4120 neque
1339 4046 1407 4102 ad
1463 4057 1794 4103 sermonem,
1847 4037 2046 4108 agresti

467 4152 705 4223 quodam
739 4150 865 4203 lusu
896 4145 1193 4200 delectatus
1241 4149 1343 4197 est.
1377 4138 1468 4193 Ille
1507 4144 1709 4198 autem,
1751 4141 1873 4202 post
1903 4129 2050 4199 ejus—

473 4244 642 4307 modi,
678 4229 886 4309 primus
915 4237 982 4291 ad
1015 4247 1322 4294 numerum,
1354 4235 1515 4298 atque
1534 4225 1810 4286 .ordinem,
1845 4227 2048 4274 artem-

472 4348 577 4403 que
621 4345 759 4408 opns
809 4316 1082 4381 revocavit
1123 4341 1136 4376 :
1170 4329 1534 4390 praetereaque
1561 4313 1792 4369 carmini
1827 4318 2050 4366 cantum

474 4405 792 4480 immiscuit.
826 4419 1080 4496 quodque
1121 4414 1383 4469 eximium
1436 4416 1541 4474 est,
1568 4423 1695 4477 erga
1744 4405 1934 4469 Deum,
1967 4403 2052 4456 vel

475 4514 644 4568 Deum
683 4513 860 4582 ipsum
893 4507 1161 4569 canendo,
1201 4505 1339 4558 idem
1379 4500 1726 4556 divinissimo
1767 4505 2050 4565 correptus
2082 4500 2129 4558 ι)

475 4606 679 4665 aﬂlatu,
707 4581 834 4658 cum
869 4608 1055 4677 pastor
1100 4613 1165 4651 ac
1216 4592 1346 4665 puer
1369 4600 1514 4648 esset
1542 4581 1815 4661 privatum
1848 4586 2052 4657 aliquid

455 4689 542 4754 'ac
584 4697 882 4754 demissum
927 4707 1178 4754 exorsus,
1207 4697 1561 4757 posteaquam
1595 4684 1647 4736 in
1680 4683 1858 4738 virum
1887 4690 1940 4735 et
1965 4695 2052 4734 re-

479 4807 601 4861 gem
627 4785 820 4851 evasit,
850 4783 1116 4839 illustrius
1141 4779 1396 4848 quiddam
1430 4791 1494 4830 ac
1520 4774 1738 4845 dignius
1767 4772 2053 4826 hominum

465 4878 787 4956 frequentia
821 4874 1079 4944 suscepit.
1108 4869 1263 4938 Quod
1291 4868 1667 4939 qualecunque
1699 4862 1882 4923 fuerit,
1913 4875 2059 4915 sum-

483 4974 660 5045 psisse
691 4981 822 5024 tunc
851 4967 1086 5022 maxime
1114 4955 1508 5016 incrementum
1541 4956 1730 5021 fertur,
1760 4969 1884 5009 cum
1933 4967 2057 5006 arca

485 5076 568 5121 est
610 5064 678 5118 ab
721 5063 839 5137 ipso
890 5060 944 5113 in
1000 5056 1192 5128 urbem
1240 5062 1451 5120 recepta
1483 5068 1497 5103 :
1529 5064 1635 5119 qua
1683 5059 1868 5101 coram
1918 5058 2060 5113 saepe

488 5159 717 5213 ehoreas
746 5153 974 5214 ducens,
1004 5148 1206 5221 pluries
1227 5158 1443 5215 quoque
1468 5139 1533 5194 ad
1561 5137 1857 5210 gratiarum
1887 5136 2059 5190 actio-

489 5265 636 5316 nem,
670 5249 1022 5326 faustumque
1051 5241 1213 5296 simul
1240 5245 1513 5305 receptum
1545 5229 1948 5290 celebrandum,
1968 5225 2063 5279 ad-

491 5313 670 5398 hibuit
709 5323 960 5390 cantum.
993 5329 1112 5384 Mox
1159 5329 1468 5381 universam
1520 5319 1833 5389 Levitarum
1861 5313 2060 5366 tribum

497 5434 552 5486 in
582 5436 784 5486 sortem
823 5422 1144 5493 conjiciens,
1174 5405 1443 5488 principes
1476 5409 1693 5483 quidem
1733 5405 1825 5476 qui
1867 5405 2063 5459 choros

497 5525 777 5582 ducerent,
807 5525 1040 5586 quatuor
1069 5508 1286 5578 delegit,
1330 5499 1533 5574 ASaph,
1584 5500 1801 5560 Eman,
1840 5494 2062 5557 Aithan,

501 5613 758 5672 Idithum,
786 5603 1222 5679 quandoquidem
1250 5607 1373 5654 sunt
1403 5604 1636 5666 quatuor
1663 5590 1928 5649 omnium,
1946 5601 2067 5654 quae

504 5705 607 5761 sub
632 5709 909 5771 aspectum
937 5697 1156 5759 cadunt,
1184 5705 1368 5747 rerum
1396 5684 1654 5757 principia
1682 5701 1695 5748 ;
1727 5690 1840 5735 tum
1872 5678 2066 5732 choros

503 5814 571 5856 ex
597 5792 911 5852 hominibus
937 5786 1215 5847 constituit
1237 5800 1304 5840 ex
1334 5781 1562 5837 aliorum
1583 5787 1807 5832 numero
1831 5768 2063 5834 selectis,

1294 367 1350 420 S.
1391 357 1747 417 IIIPPOLYTI
1781 353 1928 408 OI’P.
1967 348 2161 420 IPARS
2212 345 2252 398 I.
2291 377 2360 384 ——
2401 337 2812 396 EXEGETICA.

2101 463 2245 529 ἆγιοι
2277 459 2511 520 ἔσονται,
2541 456 2573 527 ἦ
2620 453 2755 525 πρὸς
2792 451 2934 522 μόνῳ
2967 445 3044 518 τῷ
3072 445 3315 516 θεωρεῖν.
3356 440 3470 492 Καὶ
3515 436 3665 490 ταῦτα

3575 320 3662 376 7‘20

2111 527 2352 625 είρήσθω
2373 553 2502 621 ἡμῖν
2531 545 2809 609 καθολικὰ,
2835 539 3169 596 δουλεύουσιν
3203 537 3313 598 τοῖς
3351 527 3668 603 σημαινομέ-

2113 661 2221 708 νοις
2247 643 2343 714 τῆς
2377 639 2669 714 ἑρμηνείας
2699 638 2805 690 τῶν
2849 632 3269 703 Ἑϐδομήκοντα.

2119 736 2190 790 im
2238 737 2410 790 sancti
2469 735 2619 788 nullo
2657 738 2818 786 erunt
2865 726 3081 795 negotio
3110 715 3412 790 ‘implicati,
3474 721 3671 782 prater.

2115 828 2197 883 bis
2249 829 2394 882 dicta
2426 827 2554 888 sint,
2588 825 2673 878 his
2729 817 3076 889 obsequendo
3129 828 3252 884 quae
3292 812 3345 864 in
3403 821 3507 860 ωε
3535 799 3670 858 virali

2184 1051 2264 1103 ΗΖ
2310 1045 2460 1098 Ἐπεὶ
2493 1043 2549 1096 δὲ
2579 1041 2812 1113 εὕρομεν
2840 1037 2992 1108 παρὰ
3014 1040 3123 1099 τοῖς
3155 1033 3580 1102 Ἐϐδομήκοντα,
3599 1027 3676 1080 καὶ

2113 1142 2446 1200 Θεοδοτίωνι,
2476 1137 2571 1190 καὶ
2593 1135 2875 1205 Συμμὰχῳ
2908 1130 2998 1184 ἐπί
3029 1147 3187 1182 τινων
3215 1126 3467 1196 κείμενον
3503 1125 3561 1174 ὲν
3599 1121 3676 1192 μὲ-

2117 1255 2192 1307 σῳ
2215 1230 2444 1304 ψαλμῶν
2478 1229 2576 1281 οὐκ
2606 1227 2800 1294 ὀλίγων
2832 1224 2891 1278 τὸ
2917 1221 3245 1290 διάψαλμα.
3280 1213 3677 1286 ὲστοχασὰμεθα

2119 1333 2324 1400 μήποτε
2351 1323 2714 1392 ιὺπεσήμαναν
2750 1319 2797 1369 οἱ
2833 1315 3015 1376 θέντες
3049 1313 3202 1376 αὐτὸ,
3229 1308 3440 1381 ῥυθμοῦ
3470 1304 3673 1372 τινος,ῆ

2121 1396 2316 1490 μέλους
2341 1412 2642 1486 μεταϐολὴν
2669 1407 2950 1478 γεγονέναι
2977 1403 3121 1458 κατὰ
3152 1404 3276 1464 τοὺς
3299 1402 3519 1461 τόπους,
3544 1396 3579 1467 ἢ
3601 1397 3678 1448 και

2116 1511 2318 1578 τρόπου
2349 1503 2698 1564 διδασκαλίας
2741 1503 2819 1564 είς
2851 1499 3036 1570 ἕτερον
3068 1496 3286 1567 τρόπον,
3315 1494 3348 1564 ἥ
3376 1488 3676 1558 διανοίας,ῆ

2117 1601 2396 1670 δυνάμεως
2421 1597 2579 1664 λόγου
2604 1592 2932 1661 ὲνάλλαγμα.
2959 1587 3095 1642 Οῦτε
3120 1588 3177 1640 δὲ
3201 1586 3353 1656 παρὰ
3386 1583 3466 1652 τῷ
3498 1580 3679 1650 Ἀκύλᾳ

2122 1695 2317 1754 κεῖται,
2351 1690 2476 1743 οὔτε
2527 1691 2583 1741 ὲν
2626 1686 2704 1756 τῷ
2743 1680 3036 1754 Ἑϐραῖκῷ,
3069 1679 3182 1733 ἀλλ’
3211 1679 3332 1734 ἀντὶ
3359 1673 3677 1743 διας-ἁλμα-

2120 1801 2240 1850 τος,
2271 1782 2578 1852 γέγραπται
2610 1777 2723 1832 ἀεί.
2756 1777 2866 1830 Καὶ
2898 1773 3057 1828 τοῦτο
3077 1771 3132 1824 δέ
3155 1789 3216 1824 σε
3251 1770 3324 1841 μὴ
3359 1757 3681 1839 παρέλθοι,ὣ

2129 1874 2396 1947 φιλολόγε,
2423 1873 2504 1925 ὅτι
2536 1870 2629 1924 καὶ
2667 1870 2726 1922 τὸ
2763 1867 3058 1938 ψαλτήριον
3098 1865 3176 1924 εἰς
3203 1862 3362 1914 πέντε
3390 1857 3584 1910 διεῖλον
3614 1854 3680 1922 βι-

2127 1965 2250 2017 ϐλία
2292 1967 2340 2016 οἱ
2383 1961 2642 2033 Ἑϐραῖοι,
2671 1958 2811 2011 ὥστε
2853 1952 2988 2008 εἶναι
3019 1953 3116 2007 καὶ
3143 1949 3274 2005 αὐτὸ
3310 1948 3468 2003 ἄλλον
3498 1945 3680 1998 Πεντάο

2126 2072 2332 2125 τευχον.
2353 2052 2483 2105 Ἀπὸ
2507 2053 2615 2122 γὰρ
2638 2057 2686 2103 α’
2711 2046 2926 2118 ψαλμοῦ
2953 2045 3114 2117 μέχρι
3137 2051 3209 2115 μ’,
3238 2042 3364 2114 μίαν
3394 2038 3683 2106 ἐλογίσαντο

2129 2148 2324 2218 βίϐλον·
2347 2145 2524 2200 ἀπὸδὲ
2555 2151 2640 2215 μα’
2666 2142 2770 2205 ’ἐως
2799 2147 2875 2194 οα’
2900 2140 3162 2209 δευτέραν
3184 2137 3490 2207 ἡγήσαντο·
3519 2128 3685 2183 ἀπὸδὲ

2125 2245 2201 2317 οβ’
2223 2243 2327 2304 ἓως
2343 2239 2642 2311 πηντρίτην
2671 2235 2849 2306 βίϐλον
2866 2235 3148 2304 ἐποίησαν·
3175 2229 3283 2284 ἀπὸ
3304 2229 3362 2281 δὲ
3383 2226 3469 2279 πθ¹
3491 2225 3596 2286 ἕως
3618 2227 3678 2292 ρξ’

2125 2336 2394 2402 τετάρτην
2413 2350 2425 2362 ·
2457 2331 2565 2384 ἀπὸ
2593 2330 2650 2382 δὲ
2682 2335 2768 2400 ρςν
2798 2328 2901 2391 ἕως
2933 2325 3027 2378 τοῦ
3066 2331 3138 2394 ρν¹
3175 2325 3274 2392 τὴν
3295 2320 3558 2389 πέμπτην
3583 2330 3684 2366 συν-

2128 2426 2360 2497 έθηκαν·
2410 2425 2639 2477 ἕκαστον
2688 2421 2796 2492 γὰρ
2833 2418 3042 2489 ψαλμὸν
3090 2419 3147 2468 ἐν
3195 2413 3273 2484 τῷ
3316 2411 3462 2465 τέλει
3499 2407 3687 2478 ἔχοντα,

2128 2516 2472 2588 Εὐλογητὸς
2502 2517 2740 2584 Κύριος,
2785 2515 3035 2582 γένοιτο,
3081 2508 3328 2579 γένοιτο,
3359 2502 3522 2557 τοῦτο
3563 2499 3686 2558 τέλος

2130 2609 2332 2680 βιϐλίου
2387 2608 2726 2660 ἐδικαίωσαν.
2759 2606 2914 2657 Ἔστι
2964 2603 3022 2655 δὲ
3070 2596 3405 2668 προσευχὴ,
3466 2589 3689 2660 ἱκετηρία

2130 2701 2256 2772 περί
2302 2716 2445 2761 τινος
2489 2697 2596 2750 τῶν
2630 2695 3014 2766 συμφερόντων
3044 2687 3430 2762 προσαγομένη
3465 2683 3543 2754 τῷ
3571 2679 3688 2747 Θεῷ,

2127 2790 2278 2862 εὐχὴ
2319 2791 2376 2844 δὲ
2407 2790 2734 2859 ὑπόσχεσις·
2768 2786 3038 2853 ὕμνος,ή
3087 2783 3180 2841 ἐπὶ.
3223 2782 3336 2842 τοῖς
3378 2776 3690 2846 ὑπάρχουσιν

2129 2859 2513 2954 ήμίννάγαθοῖς
2544 2879 2902 2949 ἁνατιθεμένη
2945 2875 3022 2946 τῷ
3062 2872 3180 2943 Θεῷ
3210 2870 3460 2941 εὐφημία
3482 2884 3497 2898 ⁸
3549 2859 3692 2926 αἷνσς

2128 2977 2245 3048 ἦτοι
2272 2976 2497 3037 αἴνεσις,
2523 2974 2631 3026 τῶν
2648 2971 2805 3025 θειῶν
2827 2969 3118 3039 θαυμάτων
3156 2965 3403 3027 ἔπαινος.
3441 2959 3579 3015 Οὐδὲ
3601 2955 3693 3024 γὰρ

2131 3068 2264 3123 ἄλλο
2293 3069 2532 3134 ἔπαινος,
2569 3067 2602 3137 ἢ
2642 3063 2734 3118 τοῦ
2764 3063 2913 3116 αἴνου
2949 3061 3217 3121 ἐπίτασις.

2212 3381 2289 3432 Θ’.
2333 3375 2468 3429 Πότε
2505 3371 2599 3426 καὶ
2625 3371 2772 3432 ὅπως
2816 3369 2894 3429 είς
2925 3363 3128 3432 ταύτην
3172 3357 3303 3431 ἦλθε
3336 3356 3447 3410 τῶν
3480 3350 3700 3424 Ψαλμῶν

2139 3471 2236 3542 τὴν
2263 3470 2499 3522 ἐπίνοιαν
2526 3467 2553 3518 ὁ
2581 3463 2720 3524 θεῖος
2746 3459 2926 3524 Δαυὶδ,
2959 3456 3108 3509 δοκεῖ
3133 3453 3229 3524 μὲν
3254 3451 3348 3504 καὶ
3370 3449 3600 3521 πρῶτος,
3622 3443 3700 3497 καὶ

2145 3535 2323 3634 μόνος,
2357 3558 2450 3611 καὶ
2490 3553 2549 3619 ἐξ
2579 3551 2774 3624 ἀρχῆς,
2809 3550 2896 3601 ὅτε
2942 3547 3037 3599 καὶ
3072 3546 3185 3606 τοῖς
3223 3539 3511 3599 δακτύλοις
3540 3535 3700 3600 ἔλεγεν

2142 3617 2473 3727 αρμόξεσθαι
2524 3617 2585 3698 τὸ
2619 3617 2943 3712 ψαλτήριον.
2973 3638 3036 3690 Ei
3086 3634 3194 3704 γὰρ
3241 3632 3336 3684 καὶ
3387 3629 3572 3697 ἕτερος
3597 3617 3703 3690 ἧνό

2145 3710 2464 3805 καταόείξας
2484 3710 2928 3806 ψαλτήριονξκαὶ
2960 3724 3210 3796 κιθάραν,
3239 3719 3354 3775 ἀλλ’
3387 3717 3562 3777 ἄλλως
3583 3710 3704 3763 ἐκεῖ·

2145 3855 2232 3900 νος
2266 3802 2588 3902 ἄτεγνόν-τι,
2618 3802 2712 3878 καὶ
2752 3817 3016 3874 ἰδιωτικὸν
3043 3812 3354 3884 συμπήξας,
3386 3811 3420 3879 ἦ
3457 3802 3703 3860 διατείνας

2145 3894 2398 4000 ὄργανονζ
2425 3921 2519 3974 καὶ
2539 3917 2664 3972 οὕτε
2689 3913 2826 3986 πρὸς
2853 3909 3031 3981 μέλος,
3059 3905 3182 3960 οὔτε
3210 3903 3344 3975 πρὸς
3377 3901 3536 3968 λόγον
3562 3894 3705 3990 ᾅδων,

2148 3981 2260 4074 ἀλλ’
2295 4015 2560 4088 ἀγροίκην
2597 4026 2714 4064 τινα
2734 3981 2946 4069 ἒπαιζων
2969 4001 3178 4074 τέρψιν.
3195 3997 3252 4050 Ὀ
3275 3995 3332 4047 δὲ
3366 3990 3581 4063 πρῶτος
3608 3981 3705 4088 μετὶ

2151 4073 2354 4166 ἐκεῖνον
2370 4073 2458 4170 ἐίς
2477 4073 2571 4176 puli
2582 4103 2682 4173 μδν
2698 4096 2918 4167 ἀγαγὼν
2947 4095 3008 4147 τὸ
3040 4073 3290 4162 πρᾶγμα,
3321 4085 3419 4138 καὶ
3442 4073 3710 4147 τάξιν,καὶ

2153 4203 2367 4272 τέχνην,
2411 4168 2545 4251 ἀλλὰ
2575 4168 2667 4248 καὶ
2696 4191 2774 4261 τῷ
2804 4187 2952 4259 μέλει
2988 4177 3398 4253 συγκαταμίξας
3445 4175 3507 4227 τὸ
3556 4168 3708 4242 ᾆσμα,

2152 4259 2248 4348 καῖ
2273 4259 2333 4344 τί)
2356 4259 2562 4362 μεῖζον,
2597 4259 2911 4356 πρὺςΫΘεὸν,
2938 4278 2971 4348 ἢ
2997 4275 3128 4329 Θεὸν
3162 4272 3319 4343 ᾄσας,
3346 4264 3502 4328 οὗτος
3549 4263 3577 4315 ό
3607 4259 3711 4362 θεοῖ

2157 4343 2876 4456 φορητότατοςίάρξὰμενος
2913 4343 3010 4436 μεν
3040 4365 3103 4415 ὲκ
3134 4357 3430 4428 ποιμένων,
3468 4351 3564 4404 καὶ
3605 4343 3716 4456 qui:

2165 4435 2183 4455 ἶ
2207 4435 2252 4456 7r
2285 4435 2294 4454 Ι
2500 4435 2514 4440 -
2531 4435 2539 4440 ν
2618 4435 2628 4445 ι
2661 4435 2672 4438 -
2721 4435 2732 4442 .

2155 4478 2259 4531 δων
2290 4468 2676 4539 ίδιωτικότερόν
2706 4480 2766 4516 τε
2803 4460 2898 4514 καὶ
2928 4454 3327 4522 ταπεινότερον·
3356 4445 3643 4515 γενόμενος
3668 4435 3715 4486 δὲ

3451 4537 3459 4539 -
3549 4531 3574 4539 -
3701 4521 3713 4539 ι

2291 4521 2400 4628 ξιξ
2417 4521 2596 4631 ⁷ιανόραί
2636 4556 2731 4609 καὶ
2778 4547 3021 4623 βασιλέα,
3055 4521 3394 4608 ἐνδοξότερον
3440 4531 3576 4604 ὁμοῦ
3638 4521 3720 4577 καὶ

2156 4621 2492 4726 κοινότερον·
2517 4621 2698 4703 λαϐεῖν
2740 4621 2796 4698 δὲ
2826 4643 3040 4710 λέγεται
3089 4633 3320 4705 μάλιστα
3363 4627 3464 4696 τὴν
3496 4621 3720 4720 ἐπίδοσιν

2156 4751 2332 4810 τοῦτο,
2366 4746 2500 4819 μετὰ
2529 4742 2626 4812 τὴν
2656 4738 2744 4792 ὑπ’
2777 4732 2940 4788 αὑτοῦ
2968 4729 3065 4797 τῆς
3098 4719 3328 4778 κιϐωτοῦ
3355 4717 3491 4787 πρὸς
3519 4714 3620 4783 τὴν
3642 4710 3725 4759 πό-

2157 4845 2241 4897 λιν
2270 4799 2842 4896 ἁπόκατὰστίιισινΪΗς
2877 4821 3044 4876 πολλὰ
3077 4817 3196 4871 τότε
3231 4807 3610 4884 προχορεύσις
3643 4799 3724 4852 καὶ

2162 4929 2433 5002 πολλαχοῦ
2475 4928 2630 4998 ᾅσας,
2669 4909 3079 4990 εύχαρηστήριὰ
3128 4924 3187 4959 τε
3234 4905 3330 4956 καὶ
3361 4900 3724 4966 εἰσδεκτήρια·

2163 4983 2420 5099 -μέττ
2449 4983 2627 5084 ὀλίγον
2660 4983 2877 5078 καί-τὴν
2906 4983 3076 5075 φύλην
3116 4999 3241 5067 ὃλην
3273 4997 3352 5058 εἰς
3397 4991 3496 5059 κλῆ
3507 4983 3727 5089 pou-76w

2165 5077 2259 5099 '75'"
2306 5077 2318 5094 |
2545 5077 2556 5084 -
2838 5077 2845 5078 κ

2162 5114 2399 5173 Λευιτῶν
2449 5107 2647 5169 λαϐὼν,
2689 5100 2862 5174 ἀρχὰς
2907 5098 3002 5168 μὲν
3049 5091 3370 5157 ἀπολέγεται
3414 5083 3525 5136 τῶν
3569 5077 3730 5150 κόρων

2162 5212 2454 5280 τέσσαρας,
2475 5195 2868 5270 Ἀσὰφ,’Δμὰν,
2902 5187 3090 5247 Αἰθὰν,
3127 5180 3382 5250 Ἰδιθοὺμ,
3417 5173 3609 5240 ἐπειδὴ
3649 5167 3731 5218 καὶ

2167 5266 2382 5357 πάντων
2553 5266 2843 5364 ὁρωμένων
2870 5282 3034 5354 ἀρχαὶ
3065 5270 3327 5345 τέσσαρες
3346 5289 3358 5302 ·
3399 5270 3527 5330 τοὺς
3556 5266 3614 5318 δὲ
3650 5278 3732 5364 χοῗ

2168 5396 2293 5467 ρους
2322 5391 2378 5457 ἐξ
2411 5384 2616 5458 ἀνδρῶν
2653 5379 2981 5447 συνίστησιν,
3017 5368 3211 5437 ἐξελὼν
3235 5366 3360 5419 τῶν
3403 5361 3615 5417 ἄλλων·
3655 5353 3735 5406 καὶ

2168 5449 2180 5467 ι
2273 5449 2290 5457 -
2362 5449 2378 5457 -
2511 5449 2521 5458 .

2164 5487 2384 5546 τούτους
2433 5479 2525 5533 δύο
2582 5475 2674 5529 καὶ
2728 5467 3118 5537 ἐϐδομήκοντα,
3163 5458 3297 5530 πρὸς
3346 5455 3440 5518 τὰς
3493 5449 3735 5521 γλώσσας

2168 5576 2551 5650 ἀπαριθμήσας
2581 5568 2751 5638 οἶμαι,
2777 5562 2876 5625 τὰς
2931 5553 3309 5626 συγχυθείσας,
3341 5549 3374 5618 ἢ
3403 5545 3608 5618 μᾶλλον
3636 5541 3738 5636 8:3:

2168 5626 2448 5650 """r"t"'t
2533 5626 2548 5634 -
2635 5626 2645 5638 ι
2741 5626 2746 5629 -

2168 5669 2444 5742 κριθείσας
2493 5667 2547 5716 ὲν
2590 5663 2652 5729 τῇ
2709 5650 3055 5727 πυργοποιίᾳ.
3108 5645 3173 5698 Τί
3228 5641 3399 5708 τούτῳ
3442 5632 3661 5694 rari-3v,
3697 5626 3738 5680 εἰ

2173 5719 2339 5742 ’γη-ν
2387 5719 2396 5721 ~
2426 5719 2442 5728 -
2629 5719 2652 5729 ..
2787 5719 2797 5727 .
2832 5719 2842 5722 _
3014 5719 3022 5720 ί

2173 5763 2248 5834 μὴ
2276 5759 2449 5830 δηλῶν
2487 5755 2547 5808 τὸ
2591 5751 2683 5805 καὶ
2714 5748 2889 5808 πάσας
2923 5739 3069 5812 αύτῷ
3097 5735 3344 5808 γλώσσας
3377 5730 3498 5783 ἴδετε
3514 5743 3607 5795 ρον
3634 5719 3742 5784 s3;-
