3836 6544
202 380 301 435 721

1178 384 1606 439 FRAGMENTA
1646 385 1873 441 DUBIA.
1919 412 1981 430 -
2021 387 2086 440 IN
2126 385 2462 443 PSALMOS.

3355 390 3455 444 722

198 503 550 573 μολογιῖσθαι
588 503 780 567 κοινῶς
813 505 1065 575 ήμελλον,
1100 507 1187 558 ὅτε
1214 507 1306 561 καὶ
1337 509 1516 560 πᾶσαν
1548 507 1576 558 6
1606 507 1755 574 Λόγοι

1879 514 2042 576 atque
2066 507 2166 562 hos
2191 507 2301 562 duo
2325 521 2487 575 supra
2515 504 2854 576 septuaginta
2883 519 3002 560 esse
3029 505 3227 570 voluit;
3257 507 3323 560 ad
3354 509 3454 562 lin-

194 595 467 668 περιλάϐῃ
507 597 605 668 τὴν
632 600 780 650 οίκου
789 598 972 668 μένην.

1880 615 2014 669 guas
2038 600 2360 670 respiciens,
2386 599 2602 679 Opinor,
2634 596 2911 660 confusas,
2935 598 3018 652 vel
3047 597 3248 653 divisas
3275 600 3453 668 potius

191 690 246 746 in
277 693 452 746 turris
479 691 854 747 aediﬁcatione.
871 691 1009 759 Quid
1029 695 1130 748 hoc
1148 694 1264 764 ipso
1280 704 1738 760 commonstrans,
1765 693 1871 748 nisi
1891 695 2036 764 quod
2060 710 2252 750 omnes
2276 694 2569 764 aliquando
2591 693 2788 764 lingua:
2807 707 2988 747 secum
3007 701 3190 746 essent
3221 691 3452 762 conjun-

189 787 318 840 ctim
351 783 408 838 in
440 784 688 839 eamdem
719 785 898 840 laudis
918 783 1146 840 formam
1177 802 1541 852 consensurac,
1571 801 1695 841 cum
1717 784 1925 841 scilicet
1961 784 2485 844 Verbumterrarum
2509 787 2695 841 orbem
2721 786 3030 840 universum
3062 787 3417 861 occupasset?

1175 921 1671 983 FRAGMENTA
1738 885 1930 986 ΑῇΑ
1981 923 2063 982 IN
2113 899 2498 983 PSALMOS.

1001 1014 1100 1072 (De
1130 1016 1405 1078 MAGISTBIS,
1432 1022 1551 1070 Acta
1577 1021 1851 1086 Martyrum
1879 1018 2114 1079 Ostiens.,
2142 1033 2190 1080 p.
2228 1019 2320 1066 2356
2347 1019 2397 1067 in
2435 1018 2609 1082 textu.)

972 1171 1042 1226 In
1071 1173 1331 1242 psalmum
1383 1191 1512 1240 xxx,
1566 1176 1658 1232 22.
1693 1208 1765 1218 —
1789 1148 1860 1232 δε
1895 1177 2158 1243 triumpho
2181 1176 2305 1244 ﬁdei
2335 1175 2671 1230 C/tristianw.

257 1264 334 1318 Οὐ
385 1265 637 1319 τοσοῦτον
675 1266 948 1336 θαύματος
1001 1268 1182 1334 ἄξιον,
1225 1270 1350 1322 ὅταν
1390 1271 1709 1341 ἐμφαίνεται
1747 1276 1774 1326 6

186 1356 334 1420 ἔλεος
384 1358 478 1412 τοῦ
519 1358 653 1412 Θεοῦ
695 1360 753 1410 ὲν
781 1363 901 1423 ταῖς
951 1361 1299 1432 ήπλωμέναις
1346 1363 1598 1430 πόλεσιν,
1647 1366 1770 1418 ὅσον

187 1447 670 1520 θαυμαστούμενος
697 1453 837 1514 τότε,
872 1452 998 1505 ὅταν
1035 1454 1091 1504 ὲν
1125 1454 1275 1506 πόλει
1310 1457 1569 1526 περιοχῆς
1605 1457 1768 1526 γένη-

183 1553 296 1601 ται,
328 1538 409 1601 ὠς
441 1539 537 1592 καὶ
567 1538 654 1593 διὰ
682 1539 838 1593 τοῦτο
867 1541 1158 1611 εὐλόγητον
1189 1539 1345 1599 sivetu.-

1952 1271 2106 1326 Haud
2144 1281 2292 1346 tanta
2327 1271 2550 1340 dignum
2584 1287 2706 1325 esse
2738 1271 3096 1330 admiratione
3129 1292 3252 1330 cum
3286 1279 3448 1335 mise-

1875 1362 2111 1416 ricordia
2180 1360 2274 1414 Dei
2331 1362 2384 1414 in
2446 1363 2786 1419 tenuioribus
2845 1366 3154 1422 civitatibus
3206 1379 3444 1438 apparet,

1872 1459 2073 1520 quanta
2103 1451 2246 1519 quod
2281 1468 2300 1500 ‹
2335 1450 2388 1502 in
2413 1450 2628 1504 civitate
2662 1454 2866 1508 munita
2903 1455 2980 1526 (Ι)
3023 1457 3125 1510 rid
3174 1461 3285 1525 tiat,
3320 1476 3446 1530 pro-

1871 1551 2160 1612 ptereaque
2192 1541 2359 1596 Deum
2385 1559 2504 1598 csse
2527 1545 2886 1609 laudandum.

1517 1709 1581 1763 In
1624 1711 1897 1763 Psalmum
1933 1724 2042 1772 LIV,
2076 1707 2160 1759 16.

255 1796 487 1866 Ἐλεγέν
511 1814 596 1860 τις
627 1801 733 1851 τῶν
772 1798 1034 1863 παλαιῶν,
1067 1802 1272 1864 ζῶντας
1308 1805 1387 1866 είς
1415 1803 1541 1874 ᾅδου
1577 1805 1770 1875 κατέρ·
1800 1819 1842 1871 Β

185 1885 377 1956 χεσθαι
415 1887 609 1958 μόνους
637 1890 764 1953 τοὺς
792 1892 1096 1960 κατήχησιν
1135 1891 1240 1944 τῶν
1277 1891 1434 1945 θείων
1469 1894 1765 1963 παιδευμά-

183 1993 292 2028 των
325 1976 550 2046 ἔχοντας
569 1997 581 2009 ·
631 1983 658 2033 6
686 1981 794 2053 γὰρ
830 1983 1090 2050 ἄγευστος
1119 1982 1228 2036 τῶν
1273 1984 1372 2058 τῆς
1401 1984 1543 2054 ζωῆς
1572 1985 1760 2052 λόγων,

180 2069 394 2139 νεκρός.

1943 1799 2229 1854 Referebat
2275 1816 2304 1853 c
2339 1801 2648 1856 senioribus
2686 1804 2902 1872 quidam
2949 1805 3096 1861 solos
3125 1808 3325 1864 illos-iu
3353 1811 3442 1864 iu-

1870 1894 2083 1948 fernum
2119 1892 2360 1946 viventes
2383 1893 2712 1949 descendere
2732 1935 2746 1960 ,
2796 1900 2887 1966 qui
2914 1898 3112 1954 divinis
3136 1912 3317 1956 essent
3343 1904 3442 1957 do-

1871 1986 2062 2039 ctrinis
2113 1983 2347 2038 instituti
2385 1999 2403 2036 :
2444 2001 2569 2038 nam
2605 1987 2696 2055 qui
2730 1987 2850 2041 vitae
2884 2005 3164 2046 sermones
3204 2008 3309 2048 non
3341 1979 3438 2049 de-

1874 2079 2129 2148 gustavit,
2161 2087 2409 2132 mortuus
2437 2087 2538 2130 est.

187 2259 256 2315 In
290 2263 562 2331 psalmum
601 2281 730 2328 Lvu,
771 2265 854 2319 12.
893 2297 960 2307 ——
987 2257 1230 2321 Scribam
1261 2283 1412 2319 suum
1442 2265 1750 2388 alloquit‘tjtr,
1787 2268 1975 2331 virum,
2005 2277 2060 2320 ut
2084 2267 2312 2331 videtur,
2338 2283 2438 2320 non
2467 2267 2753 2320 indoctum.
2791 2266 2920 2320 Cum
2949 2269 3086 2322 enim
3119 2270 3430 2341 Hippolytus

1699 2349 1904 2388 tctasset
1932 2354 1948 2388 :
2573 2363 2577 2366 -

1699 2349 1904 2391 ιειαεδει
1932 2354 1948 2390 .'
2573 2363 2577 2366 ‘

261 2428 419 2482 Ἐπεὶ
458 2429 515 2482 δέ
543 2431 659 2483 ὲστί
698 2448 782 2493 τις
824 2431 1033 2504 καιρὸς,
1069 2433 1124 2485 ἐν
1148 2427 1192 2500 ᾧ
1221 2434 1248 2485 6
1287 2433 1383 2503 μὲν
1423 2433 1629 2496 δίκαιος
1661 2451 1761 2503 χα-

176 2521 431 2590 ρήσεται,
462 2523 510 2573 οἱ
529 2521 584 2574 δὲ
605 2523 915 2593 ἁμαρτωλοὶ
946 2525 1007 2576 τὸ
1035 2523 1222 2595 λεχθὲν
1253 2527 1379 2596 περὶ
1407 2525 1584 2579 αὐτῶν
1612 2525 1764 2588 τέλος

173 2611 415 2674 ἕξουσιν,
435 2613 656 2676 εἰκότως
675 2615 958 2685 ὁμολογεῖν
983 2616 1198 2679 πάντως
1224 2619 1487 2688 προσήκει
1521 2618 1614 2670 καὶ
1640 2618 1766 2670 ἀπο-

173 2700 488 2769 φαίνεσθαι,
521 2702 601 2755 ὃτι
644 2704 760 2757 ἐστι
795 2705 929 2766 Θεὸς
966 2705 1158 2776 ἔφορος
1201 2707 1294 2759 καὶ
1331 2706 1624 2769 ἐπίσκοπος
1659 2705 1765 2758 τῶν

171 2795 230 2846 ἐν
257 2793 572 2865 ἀνθρώποις
604 2797 1010 2866 πραττομένων,
1044 2796 1242 2868 κρίνων
1271 2797 1522 2860 ἅπαντας
1545 2798 1670 2860 τοὺς
1701 2799 1758 2849 ὲν

170 2889 236 2956 τῇ
284 2890 358 2956 τῇ
422 2886 929 2959 πολιτευσαμένους.
999 2889 1316 2958 Ἐπιστῆσαι
1368 2891 1424 2942 δὲ
1472 2890 1761 2961 προσήκει⁹

174 2981 395 3050 μήποτε
436 2982 470 3051 ή
514 2979 652 3050 μετὰ
692 2984 875 3052 χεῖρας
914 2983 1233 3054 προφητεία,
1287 2985 1433 3036 πᾶσα
1473 2982 1760 3044 ἀκόλουθος

170 3069 308 3125 σῧσα
349 3073 447 3124 καὶ
492 3074 806 3144 συνημμένη
846 3077 964 3136 ταῖς
1008 3074 1112 3146 πρὸ
1148 3075 1318 3143 αὐτῆς
1343 3119 1354 3138 ,
1390 3073 1456 3126 τὰ
1489 3073 1616 3145 τέλη
1643 3073 1759 3126 δια-

168 3166 366 3236 γράφῃ
398 3183 412 3195 ’

1931 2431 2036 2487 Sed
2065 2429 2323 2502 quoniam
2357 2440 2568 2501 tempus
2592 2441 2675 2487 est
2697 2433 2988 2502 quoddam,
3019 2435 3072 2487 in
3108 2451 3217 2504 quo
3244 2435 3431 2504 justus

1819 2579 1824 2585 ,
1861 2524 2080 2594 quidem
2128 2522 2386 2599 gaudebit
2412 2563 2427 2586 ,
2458 2533 2768 2592 peccatores
2804 2540 2930 2579 vero
2971 2526 3285 2599 prmdictum
3325 2525 3433 2581 illis

1863 2617 2026 2670 linem
2078 2598 2355 2671 habebunt
2389 2633 2401 2668 :
2435 2615 2631 2668 merito
2678 2613 2954 2668 fatendum
2999 2617 3221 2672 omnino
3257 2632 3321 2673 ac
3348 2619 3433 2673 di-

1863 2707 2095 2763 cendum
2129 2716 2231 2770 est,
2270 2722 2390 2761 esse
2419 2703 2587 2759 Deum
2615 2707 3118 2775 contemplatorem,
3156 2709 3430 2778 inspecto-

1865 2812 2089 2866 remque
2116 2797 2390 2850 actionum
2420 2795 2814 2859 humanarum,
2843 2795 2932 2861 qui
2961 2795 3218 2865 dijudicet
3241 2811 3429 2852 omnes

1869 2889 1963 2958 qui
2008 2889 2062 2942 in
2101 2897 2245 2942 terra
2285 2895 2590 2941 versantur.
2642 2883 2812 2940 Porro
2841 2886 3222 2956 inquirendum
3262 2903 3428 2943 anca

1865 2996 1987 3050 quae
2015 2995 2124 3050 pra:
2155 2979 2405 3033 manibus
2437 2985 2519 3031 est
2545 2978 2857 3046 prophetia,
2893 2992 3018 3030 cum
3050 2992 3273 3046 prorsus
3299 2994 3430 3034 con--

1865 3081 2118 3126 sentanea
2159 3079 2213 3125 et
2240 3084 2488 3136 connexa
2530 3071 2600 3122 sit
2628 3068 3076 3137 praecedentibus,
3115 3069 3425 3138 hujusmodi

1861 3164 1996 3218 ﬁnes
2013 3161 2391 3232 peccatoribus
2423 3161 2722 3224 describat;

242 3256 382 3312 Haec
421 3256 708 3328 Hippolyto
759 3259 990 3312 dictante
1015 3301 1030 3326 ,
1054 3261 1428 3329 grammaticus
1461 3259 1630 3327 ipsum
1661 3257 1889 3329 rogavit,
1904 3272 2066 3329 ieccut‘
2089 3255 2232 3329 circa
2253 3252 2720 3329 eam‘p‘ropltetiam
2768 3249 3057 3317 haesitaret,
3083 3253 3297 3320 perinde
3349 3269 3412 3306 ac

1063 3323 1109 3384 si
1139 3331 1202 3383 de
1229 3347 1320 3399 ope
1357 3323 1537 3383 divina
1582 3329 1638 3380 in
1667 3323 1738 3380 ea'
1758 3328 1932 3380 exsilii
1963 3325 2268 3379 calamitate
2293 3323 2546 3392 diﬂideret
2569 3337 2586 3373 :
3410 3353 3416 3358 -

250 3422 573 3494 Έπίστησιν
605 3425 632 3475 6
674 3396 1073 3494 γραμματικὸς,
1123 3396 1268 3488 τίνος
1319 3425 1500 3476 ἕνεκεν
1547 3425 1744 3490 έπεση-
1772 3428 1813 3485 c

169 3515 382 3588 μειώθη
415 3533 502 3585 μοι
527 3515 588 3567 τὸ
606 3515 899 3585 διαγράςεῃ
920 3517 1315 3580 ὑποτακτικῶς,
1339 3517 1412 3580 ὡς
1442 3515 1741 3584 δισταγμὸν

166 3606 194 3657 ὑ
204 3595 505 3676 ποφαίνων.

1916 3421 2088 3475 Instat
2131 3407 2540 3489 grammaticus,
2592 3433 2688 3471 cur
2720 3417 2947 3472 verbum
2982 3417 3276 3491 διαγράφῃ,
3337 3421 3425 3473 de—

1847 3512 2067 3574 scribat,
2086 3510 2430 3579 subjunctivo
2455 3508 2614 3563 modo
2645 3524 2675 3563 a
2707 3525 2793 3566 me
2817 3520 3134 3581 usurpatum
3153 3512 3242 3576 sit,
3265 3511 3420 3581 quasi

1850 3601 2239 3657 dubitationem
2261 3599 2512 3654 insinuet.

1355 3734 1357 3736 -
1407 3701 1720 3770 Hippolytus
1748 3715 1869 3768 ergo
1900 3697 2168 3766 respondit
2195 3714 2212 3748 :

233 3799 470 3867 Οἷδαςδὲ
487 3804 722 3866 πάντως,
749 3803 829 3854 ὅτι
846 3799 914 3852 τὰ
941 3799 1048 3852 τῶν
1078 3798 1330 3850 τοιούτων
1347 3795 1742 3866 σχηματισμῶν

165 3899 243 3960 εἰς
274 3897 652 3966 ὑποτακτικὴν
682 3895 1038 3964 ἀναφέρονται
1077 3891 1330 3960 ἕκκλησιν
1361 3888 1467 3940 τῶν
1493 3888 1591 3951 τὰς
1616 3887 1744 3958 περὶ

161 3983 404 4054 Χριστοῦ
437 3983 768 4054 προφητείας
795 3980 1156 4053 μελετώντων,
1183 3980 1275 4031 καὶ
1307 3977 1648 4046 δικαιοσύνην
1670 3976 1745 4045 τῷ

162 4078 398 4145 στόματι
451 4074 770 4138 λαλούντων,
819 4072 892 4144 μὴ
939 4073 1036 4143 μὲν
1088 4070 1541 4142 παραδεξαμένων
1585 4070 1746 4121 αὐτὸν

161 4168 410 4231 ἐλθόντα,
447 4167 580 4238 μηδὲ
606 4167 1019 4220 ὲπακουσάντων
1054 4162 1219 4218 αὑτοῦ
1242 4164 1340 4233 τῆς
1369 4163 1550 4233 φωνῆς
1581 4161 1746 4231 βοῶν-

159 4278 251 4324 τος
312 4260 457 4330 πρὸς
511 4261 706 4323 αὐτοὺς
758 4259 850 4313 καὶ
906 4258 1185 4326 λέγοντοςο
1247 4275 1263 4307 ι
1335 4256 1388 4307 Ὀ
1430 4255 1591 4323 ἔχων
1620 4249 1745 4306 ὦτα

155 4353 408 4406 ἀκούειν
462 4350 752 4404 ἀκουέτω*
800 4352 994 4413 οἵτινες
1057 4349 1342 4420 ὠμοίωσαν
1384 4347 1606 4407 ἑαυτοὺς
1663 4343 1742 4414 τῷ

154 4444 277 4510 ὄφει
299 4484 315 4506 ,
362 4443 461 4496 καὶ
491 4441 559 4495 τὰ
590 4436 702 4494 ὦτα
732 4440 908 4495 αὐτῶν
955 4441 1312 4510 πεποιήκασιν
1354 4438 1485 4490 ὡσεὶ
1522 4435 1743 4498 ἀσπίδος

154 4533 374 4602 κωφῆς,
428 4551 447 4584 ι
493 4532 588 4584 καὶ
615 4532 682 4584 τὰ
716 4531 842 4600 ἑξῆς
865 4530 1066 4583 τούτων
1103 4529 1383 4599 εἰρημένα.
1438 4528 1623 4579 Ἔστιν
1647 4521 1740 4578 οὖν

153 4619 377 4689 ἀληθῶς
416 4619 446 4671 6
477 4619 866 4689 ἐπιμελόμενος
889 4619 996 4670 τῶν
1025 4618 1250 4670 δικαίων
1280 4616 1431 4680 Θεὸς,
1466 4617 1561 4668 καὶ
1591 4616 1742 4669 δικά-

151 4713 264 4775 ζων
293 4711 395 4781 μὲν
427 4712 608 4773 αὐτοῖς
643 4710 1014 4780 ἀδικουμένοις
1041 4709 1133 4761 ἐπὶ
1168 4709 1268 4778 τῆς
1301 4709 1432 4778 γῆς’
1463 4705 1738 4778 τιμωρούυ

153 4816 318 4868 μενος
345 4799 405 4852 δὲ
431 4801 557 4862 τοὺς
575 4799 887 4870 τολμῶντας
915 4799 1111 4861 αὐτοὺς
1128 4797 1348 4851 ἀδικεῖν.

1736 4891 1819 4944 Ν.

1919 3791 2040 3846 Scis
2081 3799 2261 3845 autem
2304 3787 2547 3850 omnino,
2587 3787 2677 3842 illa
2711 3803 2832 3857 qua:
2881 3788 3183 3843 istiusmodi
3224 3788 3425 3843 forma-

1847 3883 2053 3936 tionum
2081 3889 2225 3944 sunt,
2255 3878 2322 3932 ad
2351 3877 2750 3946 subjunctivam
2784 3875 2975 3931 referri
3003 3879 3423 3947 increpationem

1847 3987 2036 4028 eorum
2064 3971 2156 4040 qui
2186 3971 2304 4024 illas
2333 3986 2454 4040 quae
2475 3970 2540 4024 de
2570 3969 2786 4023 Christo
2815 3976 2943 4021 sunt
2969 3969 3280 4039 prophetias
3306 3986 3420 4025 mc-

1848 4066 2094 4119 ditantur
2133 4063 2371 4132 quidem,
2418 4072 2473 4119 et
2515 4062 2780 4132 justitiam
2828 4075 2922 4112 ore
2970 4061 3417 4130 proloquuntur:

1851 4157 1946 4210 sed
1982 4155 2158 4224 ipsum
2189 4155 2566 4210 advenientem
2586 4170 2694 4210 non
2723 4151 3012 4222 recipiunt,
3041 4166 3216 4220 neque
3229 4167 3427 4215 vocem

1845 4249 1964 4317 ejus
2002 4248 2230 4302 audiunt
2257 4247 2545 4302 clamantis
2561 4256 2722 4318 atque
2750 4243 2981 4299 dicentis
3013 4263 3028 4296 ι
3072 4264 3101 4297 ι.
3126 4245 3229 4311 Qui
3261 4246 3418 4300 habet

1847 4356 1999 4394 aures
2029 4339 2279 4394 audiendi
2325 4341 2509 4394 audiat
2536 4341 2592 4394 ":
2622 4342 2737 4411 'qui
2783 4340 3190 4410 assimilaruntl
3221 4349 3416 4394 semet-

1846 4431 1993 4500 ipsos
2053 4432 2325 4500 serpenti,
2375 4442 2428 4486 et
2453 4447 2612 4486 aures
2641 4446 2770 4488 suas
2805 4432 3054 4488 fecerunt
3096 4431 3238 4486 sicut
3278 4431 3418 4498 aspi-

1846 4521 1930 4576 dis
1997 4521 2227 4576 surdae:
2271 4543 2290 4575 ι
2337 4531 2390 4578 et
2419 4541 2540 4594 qua:
2585 4525 2779 4580 exinde
2850 4524 2994 4580 dicta
3059 4532 3204 4577 sunt.
3275 4519 3416 4573 Deus

1847 4612 2028 4682 itaque
2051 4613 2322 4682 iustorum
2354 4631 2541 4670 revera
2566 4631 2753 4671 curam
2776 4616 2932 4686 gerit,
2962 4624 3123 4684 atque
3140 4613 3271 4683 ipsis
3296 4614 3388 4681 qui

1845 4703 1966 4759 dem
2001 4705 2254 4775 injuriam
2289 4709 2466 4776 passis
2497 4709 2551 4761 in
2589 4718 2731 4763 terra
2749 4707 2840 4777 jus
2864 4708 3028 4772 dicit;
3061 4707 3254 4776 premit
3289 4719 3415 4760 vero

1845 4795 1967 4850 illos
1999 4797 2092 4865 qui
2127 4796 2355 4866 injurias
2385 4798 2518 4867 ipsis
2552 4797 2752 4852 inferre
2774 4807 3126 4866 praesumunt.

1150 4981 1215 5035 In
1255 4983 1516 5052 psalmum
1551 4997 1703 5046 LVIII,
1725 4981 1815 5034 27.
1847 5011 1915 5022 —
1943 4979 2143 5036 Contra
2184 4981 2420 5036 Judteos.

220 5077 320 5130 Διὸ
379 5076 474 5130 καὶ
522 5076 684 5148 μέχρι
715 5080 812 5149 τῆς
856 5081 1094 5150 σήμερον
1127 5078 1360 5149 ὁρῶντες
1395 5079 1522 5142 τοὺς
1562 5079 1737 5149 ὄρους,

147 5171 245 5223 καὶ
269 5168 462 5238 κύκλῳ
483 5171 785 5239 περιϊόντες
808 5169 1087 5242 πόρρωθεν
1120 5170 1378 5222 ἵστανται.
1412 5169 1608 5224 Οὐκέτι
1635 5164 1730 5222 οὖν

148 5256 431 5326 βασιλεὺς,
472 5259 593 5311 οὐδὲ
636 5260 922 5330 ἀρχιερεὺς
969 5260 1087 5312 οὐδὲ
1120 5260 1431 5330 προφήτης,
1469 5259 1582 5312 ἀλλ’
1615 5261 1734 5312 οὐδὲ

144 5351 508 5418 γραμματεῖς
538 5350 632 5401 καὶ
673 5353 946 5421 φαρισαῖοι
985 5349 1080 5402 καὶ⁸
1112 5349 1444 5404 σαδδουκαῖοι
1482 5351 1610 5420 παρ’
1640 5351 1735 5402 αὑ-

143 5440 259 5498 τοῖς
295 5436 455 5488 εἰσίν.
492 5439 566 5490 Οὐ
605 5439 703 5508 μὲν
731 5441 824 5493 καὶ
853 5439 1255 5509 ἁποκτανθῆναί
1290 5457 1455 5510 φησι·
1496 5441 1576 5494 διὸ
1613 5459 1736 5493 συν-

143 5528 386 5597 έστηκεν
430 5529 610 5581 αὐτῶν
650 5530 710 5582 τὸ
739 5530 892 5598 γένος
913 5573 927 5596 ,
964 5534 1057 5586 καὶ
1084 5531 1191 5583 τῶν
1225 5530 1426 5584 παίδων
1454 5534 1486 5601 ἡ
1519 5532 1735 5605 διαδοχὴ

221 5644 240 5674 τ
275 5641 472 5697 Matth.
500 5661 575 5707 xl,
606 5644 692 5697 15.

229 5757 310 5826 (1)
354 5760 539 5827 Ipsam
573 5759 760 5816 urbem
795 5760 1007 5832 imperii
1044 5763 1224 5820 sedem
1259 5763 1531 5837 intelligit.

1880 5066 1882 5068 ’
1920 5077 2126 5132 Idcirco
2149 5079 2312 5132 etiam
2340 5094 2512 5147 usque
2537 5079 2590 5131 in
2622 5079 2762 5132 hanc
2797 5078 2940 5132 diem
2957 5071 3208 5132 videntes
3235 5076 3411 5144 regio-

1840 5167 1926 5222 nis
1951 5167 2230 5223 limites‘et
2253 5169 2672 5234 circumeuntes,
2697 5166 2911 5222 eminus
2932 5165 3257 5221 consistunt.
3291 5164 3408 5223 Non

1843 5259 2076 5328 amplius
2110 5260 2294 5329 itaque
2326 5259 2408 5313 vel
2445 5275 2560 5324 rex,
2599 5260 2682 5314 vel
2709 5258 2974 5329 pontifex,
3018 5258 3098 5312 vel
3124 5257 3405 5329 prepheta,

1842 5349 1936 5403 sed
1985 5367 2159 5420 neque
2210 5350 2414 5405 Scriba!
2456 5360 2510 5405 et
2560 5349 2817 5408 Pharisaei
2862 5369 2927 5409 ac
2957 5351 3236 5407 Sadducaei
3267 5350 3406 5420 apud

1846 5443 1994 5511 ipsos
2034 5454 2179 5498 sunt.
2220 5441 2603 5520 Verumtamen
2642 5459 2747 5498 non
2775 5445 2908 5514 petit
2935 5433 2996 5498 ut
3035 5443 3352 5514 occidantur
3387 5451 3404 5494 ἰ

1845 5544 2170 5606 quapropter
2201 5545 2254 5603 et
2287 5551 2457 5608 genus
2485 5550 2672 5597 eorum
2703 5536 2982 5604 subsistit,
3023 5546 3076 5592 et
3111 5535 3412 5592 liberorum.
