3836 6500
462 356 567 416 7‘33
1215 360 1274 415 S.
1315 357 1674 416 HTPPOLYTI
1714 358 1860 413 OPP.
1906 358 2084 414 PARS
2143 358 2183 412 l.
2225 390 2292 399 —
2330 354 2757 413 FRAGMENTA
2796 354 3044 412 DUBIA.r
3596 357 3677 411 τει

461 476 738 532 successio
787 475 1197 547 multiplicatur.
1242 478 1358 533 Non
1392 481 1535 534 enim
1582 478 1851 535 interfecti
1886 495 1976 534 sun

2164 479 2417 551 τληθύνει.
2462 478 2536 530 Οὐ
2568 476 2674 548 γὰρ
2704 474 3117 546 ἀπεκτάνθησαν
3141 516 3156 541 ,
3192 473 3298 527 οὐδ’
3324 472 3385 536 ἐξ
3413 472 3679 541 ἀνθρώπων

460 582 636 637 neque
664 582 731 622 ex
760 567 1074 624 hominibus
1112 570 1292 632 deleti,
1322 572 1411 625 sed
1444 579 1572 627 sunt
1602 572 1820 641 quidem
1844 583 1897 626 et
1925 587 1975 626 es

2163 571 2468 642 ,πέσϐησαν,
2491 568 2602 621 ἀλλ’
2634 568 2739 620 εἰσὶ
2770 567 2866 638 μὲν
2896 566 2989 620 καὶ
3017 565 3387 635 ὑφεστήκασιν
3410 583 3423 595 ο
3457 563 3611 627 οὕτως
3636 565 3678 617 δὲ

459 660 659 714 siStunt
688 677 700 712 :
726 668 1101 715 verumtamen
1132 669 1389 731 tanquam
1430 664 1614 731 rejecti
1653 679 1717 717 ac
1755 664 1974 718 deturba

2166 681 2204 726 »ς
2231 660 2718 730 καταϐεϐλημένοι,
2759 660 2853 712 καὶ
2894 655 3384 727 κατανηνεγμένοι,
3430 649 3498 725 ἧς
3543 653 3681 707 πάλαι

460 751 529 804 ab
557 751 781 815 honore,
806 768 967 822 quem
1000 754 1126 807 olim
1152 756 1292 824 apud
1320 754 1486 809 Deum
1518 756 1852 811 obtinebant.
1883 755 1975 822 Qui

2169 754 2354 818 ξίωντο
2390 752 2540 824 παρά
2563 751 2681 821 Θεῷ
2706 751 2888 821 τιμῆς.
2929 748 3087 801 Ἀλλά
3115 748 3229 813 καὶ,
3272 767 3289 798 ι
3320 745 3680 815 Διασκόρπισον

459 853 535 907 et,
569 864 588 897 ι
622 844 877 914 Disperge
916 844 1059 908 illos,
1095 845 1289 914 inquit,
1338 846 1392 899 in
1418 847 1620 901 virtute
1652 857 1743 901 tua
1777 865 1791 901 :
1825 866 1843 899 ι
1879 862 1974 917 qut

2169 846 2354 909 ύτοὺς,
2397 844 2581 913 φησὶν,
2618 846 2675 897 ἐν
2707 846 2771 913 τῇ
2802 841 3027 911 δυνάμει
3069 858 3162 892 σου
3183 857 3196 869 ·
3238 858 3256 891 ι
3288 839 3314 891 ὃ
3338 840 3401 909 δὴ
3433 839 3526 890 καὶ
3556 838 3681 904 γέγο-

457 942 647 1005 utique
687 937 850 990 etiam
894 938 1134 1007 contigit.
1182 936 1238 989 In
1278 938 1585 993 universam
1630 939 1772 993 enim
1829 948 1967 994 terra

2166 954 2241 989 εν.
2287 938 2381 998 Εἰς
2424 938 2603 988 πᾶσαν
2648 933 2753 1005 γὰρ
2791 933 2889 1003 τὴν
2931 934 3034 1002 γῆν
3079 932 3465 1003 διεσπαρμένοι
3510 932 3680 999 τυγχά-

455 1024 689 1095 dispersi
741 1038 888 1094 sunt,
942 1029 1143 1099 ubique
1181 1029 1478 1084 servientes
1508 1038 1668 1099 atque
1710 1030 1923 1084 inﬁmas
1964 1049 1970 1082 :

2166 1046 2305 1089 ουσι,
2330 1025 2666 1087 δουλεύοντες
2700 1023 2996 1093 πανταχοῦ,
3035 1023 3128 1076 καὶ
3157 1022 3257 1085 τὰς
3281 1022 3588 1091 ἐλαχίστους
3608 1020 3681 1071 καὶ

457 1113 685 1167 serviles
719 1124 863 1169 artes
895 1130 1084 1170 omnes
1106 1157 1121 1181 ,
1153 1126 1312 1186 atque
1342 1117 1643 1172 indecentia
1675 1118 1889 1188 opiﬁcia
1918 1136 1972 1189 pr

2165 1118 2521 1190 ουλοπρεπεῖς
2567 1117 2779 1187 τέχνας,
2830 1116 3008 1177 πάσας
3031 1131 3090 1167 τε
3126 1114 3225 1177 τὰς
3262 1115 3529 1183 ἀπρεπεῖς
3556 1110 3680 1181 μεθό-

454 1202 602 1260 fame
632 1205 917 1261 obeuntes.

2134 1209 2257 1273 δους
2285 1210 2443 1262 ἕνεκα
2469 1206 2562 1259 τοῦ
2596 1209 2784 1277 πεινᾷν
2812 1204 3212 1276 μετερχόμενοι.

521 1295 659 1351 Nam
695 1300 740 1353 si
774 1300 935 1355 deleti
967 1309 1151 1357 essent
1174 1316 1241 1356 ex
1268 1302 1582 1357 hominibus
1601 1346 1616 1367 ,
1648 1304 1721 1359 ita
1748 1312 1811 1358 ut
1837 1304 2028 1359 nullibi

2197 1306 2261 1357 Εἰ
2293 1304 2400 1375 γάρ
2427 1300 2563 1374 ἦσαν
2598 1303 2657 1365 ἐξ
2690 1301 2987 1371 ἀνθρώπων
3030 1299 3448 1369 ἀφανισθέντες,
3487 1296 3678 1368 μηδαμῆ

455 1389 568 1443 ullo
594 1392 759 1445 modo
804 1392 856 1446 in
894 1393 1030 1447 vivis
1064 1394 1275 1461 essentl,
1318 1395 1761 1463 haudquaquam,
1806 1396 1970 1464 inquit

2164 1396 2392 1467 ,ηδαμῶς
2426 1397 2482 1448 έν
2526 1394 2689 1458 ζωσιν
2730 1394 2900 1457 ὅντες,
2931 1393 3031 1445 οὐκ
3083 1392 3149 1445 ἂν
3196 1387 3367 1454 εἷδδν,
3412 1391 3565 1461 φησι,
3609 1389 3679 1440 τὸν

455 1492 683 1537 nossent
721 1486 979 1553 populum
1030 1501 1231 1549 meum,
1291 1501 1466 1555 neque
1518 1488 1805 1542 scivissent
1852 1504 1969 1542 mea

2164 1489 2260 1559 μὸν
2289 1487 2436 1550 λαὸν,
2473 1486 2579 1539 οὐδ’
2607 1485 2672 1538 ἂν
2709 1484 2948 1553 ἔγνωσαν
2983 1482 3249 1536 ἀνθοῦσαν
3286 1482 3383 1554 τὴν
3412 1483 3553 1552 ἐμὴν
3588 1482 3679 1533 Ἕκ·

456 1567 755 1625 Ecclesiam
787 1574 1001 1627 ﬂorere.
1055 1572 1238 1644 Itaque
1263 1574 1510 1646 disperge
1538 1576 1659 1630 illos
1693 1576 1891 1645 ubique
1917 1587 1966 1631 te

2164 1579 2373 1648 λησίαν.
2410 1577 2800 1648 Διασκόρπισον
2828 1575 3004 1628 τοίνυν
3034 1575 3228 1637 αὐτοὺς
3263 1574 3548 1643 ἅπανταχῆ
3581 1573 3678 1641 γῆς.

454 1675 664 1728 rarum,
711 1662 802 1715 uhi
832 1661 1069 1718 Ecclesia
1105 1680 1224 1718 mea
1269 1666 1431 1720 etiam
1471 1668 1765 1721 constituta
1797 1678 1914 1734 est;
1968 1686 1969 1691 ‘

2165 1668 2258 1721 νθα
2282 1668 2461 1739 μέλλει
2492 1668 2584 1720 καὶ
2618 1668 2649 1737 ἡ
2678 1666 2783 1737 ἐμὴ
2827 1666 3118 1737 Ἐκκλησία
3154 1664 3506 1719 συνίστασθαι
3525 1681 3539 1693 ·
3560 1666 3680 1725 ὅπως

453 1768 579 1806 cum
605 1753 841 1809 viderint
873 1753 1170 1809 Ecclesiam
1196 1773 1225 1812 a
1258 1774 1345 1812 me
1375 1757 1677 1824 fundatam,
1706 1760 1772 1813 ad
1799 1760 1968 1815 tumul:

2161 1761 2417 1823 Atium/rs;
2459 1759 2558 1831 τὴν
2599 1760 2690 1812 ὑπ’
2724 1757 2858 1829 ἐμοῦ
2887 1758 3301 1830 θεμελιωθείσαν
3359 1755 3676 1828 Ἐκκλησίαν,

454 1845 662 1899 tionem
694 1844 862 1899 divini
883 1848 1061 1901 cultus
1084 1848 1399 1903 incitentur.
1435 1850 1682 1905 Salvator
1706 1851 1887 1921 itaque
1914 1852 1969 1906 ha

2164 1854 2208 1915 ίς
2244 1850 2403 1921 ζῆλον
2449 1851 2691 1922 ἔρχοιντο
2720 1850 3047 1916 θεοσεϐείας.
3089 1849 3296 1905 Οὐκοῦν
3335 1851 3429 1904 καὶ
3467 1850 3679 1903 ταῦταὸ

451 1935 619 1990 etiam
655 1952 754 2006 pro
782 1938 914 2007 ipsis
935 1940 1163 2009 rogavit.

2133 1943 2321 2015 Σωτὴρ
2350 1943 2491 2014 ὑπὲρ
2520 1943 2699 1997 αὐτῶν
2735 1942 2949 2016 ηὕχετο.

2020 2039 2085 2093 ν.

1797 2132 1863 2187 In
1898 2134 2161 2203 psalmum
2212 2148 2320 2195 LXI,
2350 2132 2403 2187 7.

522 2223 746 2294 Profugi
792 2226 1010 2295 proprie
1040 2225 1295 2281 dicuntur
1319 2269 1335 2293 ,
1373 2228 1467 2299 qui
1505 2230 1574 2285 ab
1616 2230 1888 2300 aliquibus
1917 2230 2022 2284 ho-

2199 2227 2545 2282 Μετανάσται
2571 2227 2775 2301 κυρίως
2798 2224 3045 2294 λέγονται
3064 2226 3113 2279 οἱ
3136 2224 3287 2296 παρά
3312 2222 3677 2303 τινων

448 2316 625 2373 stibus
655 2326 749 2372 aut
792 2318 1030 2373 inimicis
1052 2320 1227 2374 eversi
1276 2330 1424 2387 sunt,
1470 2338 1533 2377 ac
1575 2323 1770 2376 deinde
1801 2323 1963 2377 exsul

2195 2321 2464 2391 πολεμίων
2493 2320 2885 2392 πορθηθέντες,
2939 2314 3057 2371 εἶτα
3098 2318 3377 2389 γενόμενοι
3434 2317 3674 2388 μέτοικοι·

446 2408 617 2463 facti:
642 2408 784 2479 quod
818 2410 978 2464 etiam
1004 2426 1104 2466 nos
1134 2426 1163 2465 a
1201 2412 1536 2470 daemonibus
1573 2415 1726 2486 prius
1759 2415 1961 2468 tolerav

2163 2429 2260 2483 περ
2280 2413 2373 2465 καὶ
2401 2414 2561 2482 ἡμεῖς
2588 2410 2738 2483 παρὰ
2755 2410 2864 2463 τῶν
2882 2409 3149 2480 δαιμόνων
3172 2410 3546 2480 ὑπεμείναμεν
3569 2409 3678 2479 πρό-

445 2513 660 2555 ramus.
691 2492 890 2555 Verum
912 2516 978 2554 ex
997 2516 1104 2569 quo
1137 2516 1237 2556 nos
1265 2503 1516 2559 Christus
1545 2521 1639 2574 per
1668 2506 1826 2561 (idem
1865 2522 1960 2562 sua

2162 2520 2301 2575 ερον.
2358 2504 2473 2573 Ἀφ’
2507 2498 2567 2558 οῦ
2607 2503 2665 2556 δὲ
2705 2502 2860 2573 ἡμῶν
2893 2501 3126 2573 Χριστὸς
3167 2501 3253 2554 διὰ
3294 2501 3394 2573 τῆς
3425 2502 3507 2564 είς
3542 2499 3677 2553 αὐτὸν

448 2593 729 2661 suscepit,
758 2608 866 2647 non
892 2594 1126 2662 amplius
1156 2612 1185 2648 a
1216 2609 1338 2648 vera
1368 2606 1553 2651 nostra
1584 2599 1758 2667 patria
1790 2614 1963 2668 super]

2160 2595 2454 2648 ιντελάϐετο
2483 2596 2736 2659 πίστεως,
2778 2594 2957 2647 οὐκέτι
2994 2592 3320 2665 μετανάσται
3353 2592 3463 2649 ἀπὸ
3489 2594 3582 2663 τῆς
3604 2592 3675 2643 ὂν-

446 2682 748 2740 Jerusalem
768 2688 1039 2750 exsulare,
1068 2695 1162 2741 aut
1197 2702 1227 2740 a
1253 2687 1478 2743 veritate
1498 2689 1566 2743 ad
1593 2705 1831 2745 errorem
1856 2701 1961 2744 trar

2159 2703 2238 2749 ’ως
2281 2686 2532 2756 πατρίδος
2574 2686 2923 2757 Ἰερουσαλὴμ
2971 2687 3069 2757 τῆς
3106 2687 3218 2740 ἄνω
3262 2685 3547 2756 γινόμεθα,
3577 2684 3674 2737 οὐδὲ

446 2776 579 2831 ferri
610 2777 947 2832 sustinemus
979 2779 1076 2848 (Ι).

2160 2777 2542 2848 ιετοικισθῆναι
2592 2777 2700 2831 ἀπὸ
2756 2778 2855 2848 τῆς
2910 2778 3163 2848 ἀληθείας
3219 2779 3299 2840 εἰς
3343 2777 3446 2849 τὴν
3496 2776 3675 2845 πλάνην

1006 2866 1009 2867 ⁷
2130 2867 2452 2939 ἀνεχόμεθα.

1999 2961 2089 3017 Vl.

1244 3056 1308 3111 In
1340 3057 1602 3127 psalmum
1652 3074 1820 3122 vatt,
1874 3057 1964 3113 19.
1996 3059 2144 3114 -1)ε
2176 3062 2588 3131 ampliﬁcatione
2619 3060 2892 3117 Ecclesiae.

518 3144 785 3201 Caeterum
820 3149 1129 3205 incredulos
1157 3166 1375 3226 quoque
1422 3166 1814 3222 nonnunquam
1856 3151 2023 3205 trahit

2202 3154 2385 3207 Ἔλκει
2415 3154 2582 3207 δὲκαὶ
2608 3156 2733 3217 τοὺς
2765 3152 3122 3217 ἀπειθοῦντας
3152 3152 3264 3207 ἔσθ’
3288 3155 3380 3207 ὅτε
3412 3154 3502 3208 διά
3529 3155 3675 3209 νόσων

443 3250 541 3307 per
561 3239 784 3294 morbos
813 3250 867 3294 et
887 3241 1285 3298 amictationes.
1304 3240 1446 3309 Quin
1467 3244 1629 3297 etiam
1654 3242 1811 3297 multi
1830 3258 1958 3312 pert

2157 3246 2219 3299 ιαὶ
2257 3246 2648 3317 περιστάσεων.
2691 3246 2881 3299 Πολλοὶ
2906 3245 2963 3299 δὲ
2993 3246 3087 3299 καὶ
3117 3244 3183 3298 δι’
3218 3246 3513 3318 ὁραμάτων
3536 3242 3672 3317 ἦλθον

444 3331 625 3385 siones
638 3333 705 3387 ad
720 3334 823 3389 hoc
839 3345 1225 3405 pervenerunt,
1253 3345 1314 3391 ut
1330 3338 1471 3408 apud
1487 3335 1672 3393 Jesum
1689 3337 1959 3392 habitarem

1738 3337 2015 3392 abitarent.
2125 3339 2204 3400 εἰς
2231 3335 2293 3388 τὸ
2318 3337 2733 3407 κατασκηνῶσαι
2764 3336 2914 3409 παρὰ
2942 3334 3018 3407 τῷ
3058 3334 3253 3407 Ἰησοῦ.

2013 3454 2121 3511 Vll.

1384 3554 1449 3609 In
1478 3555 1741 3626 psalmum
1806 3567 2086 3619 1.xxxvm,
2145 3552 2199 3606 4.
2226 3583 2285 3593 -
2322 3550 2518 3607 Contra
2546 3546 2783 3622 gentiles.

513 3641 569 3695 In
596 3642 824 3698 circuitu
856 3653 1036 3699 autem
1064 3653 1252 3700 nostro
1277 3656 1403 3701 sunt
1426 3664 1762 3718 paganorum
1786 3648 2004 3717 sapien-

2181 3645 2381 3716 Κύκλῳ
2405 3644 2461 3697 δὲ
2492 3643 2647 3715 ἡμῶν
2669 3646 2803 3698 εἰσιν
2843 3642 3109 3715 Ἑλλήνων
3138 3642 3188 3694 οἱ
3212 3641 3389 3712 σοφοὶ,
3429 3638 3671 3710 μυκτηρί-

441 3741 547 3795 tes,
588 3736 937 3804 explodentes
979 3753 1043 3792 ac
1083 3738 1481 3794 subsannantes
1521 3756 1642 3806 nos,
1702 3750 1887 3810 utpote
1916 3755 1951 3809 q

2157 3755 2304 3801 οντες
2341 3739 2435 3791 καὶ
2470 3734 2822 3807 χλευάζοντες
2866 3737 3032 3808 ἡμᾶς,
3074 3735 3150 3799 ὡς
3191 3733 3557 3799 ἀνεξετάστως
3593 3732 3672 3785 καὶ

442 3827 561 3881 sine
595 3828 937 3899 indagatione
963 3846 1026 3886 ac
1052 3832 1214 3886 stulte
1245 3832 1553 3886 credamus.

1208 3850 1214 3884 ι
1245 3832 1553 3886 credamus.
2124 3829 2322 3901 μωρῶς
2350 3827 2723 3892 πιστεύοντας.

1997 3925 2131 3980 Vill.

1022 4019 1086 4077 In
1142 4022 1280 4076 illud
1308 4022 1501 4092 psalmi
1544 4037 1668 4086 xcv,
1724 4022 1785 4075 11
1824 4042 1837 4076 :
1874 4041 1892 4073 ι
1929 4022 2330 4077 Commoveatur
2359 4037 2502 4074 mare
2534 4030 2583 4074 et
2610 4020 2882 4090 plenitudo
2903 4037 3038 4091 ejus.
3077 4039 3095 4073 ι

508 4106 615 4165 Per
635 4112 751 4167 haec
774 4121 952 4168 autem
972 4130 1154 4170 sermo
1183 4118 1454 4186 signiﬁcat
1482 4118 1847 4187 evangelicam
1873 4132 2011 4186 prae-

2186 4114 2447 4185 Σημαίνει
2488 4113 2546 4166 δὲ
2578 4113 2667 4166 διὰ
2706 4114 2912 4168 τούτων
2967 4117 2996 4168 ὀ
3034 4114 3191 4181 λόγος
3238 4112 3591 4166 διελεύσεσθαι
3620 4106 3673 4162 τὺ

437 4200 786 4270 dicationem,
821 4214 874 4261 et
900 4208 1068 4260 maria
1098 4216 1153 4261 et
1186 4209 1394 4283 insulas
1422 4208 1613 4274 maris,
1643 4218 1806 4278 atque
1840 4209 1952 4263 hort

2156 4204 2471 4276 ὒαγγελικδν
2515 4206 2795 4276 κήρυγμα,
2839 4205 2932 4260 καὶ
2971 4206 3039 4258 τά
3078 4204 3311 4275 πελάγη,
3354 4205 3564 4265 καὶτὰς
3592 4202 3671 4254 ἐπὶ

436 4310 534 4349 nes
574 4296 629 4348 in
662 4296 728 4350 iis
761 4297 1101 4366 habitantes,
1162 4316 1302 4371 quos
1333 4320 1351 4352 ‹
1383 4303 1772 4371 plenitudinem
1816 4304 1936 4374 ejus

2155 4297 2390 4368 ιλάσσης
2433 4294 2651 4367 νήσους,
2701 4295 2827 4358 τούς
2867 4312 2925 4348 τε
2958 4298 3014 4348 ἐν
3045 4294 3268 4358 ταύταις
3305 4295 3670 4353 κατοικοῦντας

434 4393 612 4447 vocat,
639 4401 1022 4455 pervasuram;
1078 4392 1221 4459 quod
1266 4391 1453 4461 utique
1483 4408 1540 4446 re
1572 4393 1685 4462 ipsa
1728 4393 1946 4463 impletu

2156 4388 2450 4459 νθρὼπους,
2512 4406 2530 4440 ι
2583 4388 2852 4459 πλήρωμα
2887 4389 3056 4459 αὐτῆς
3102 4408 3120 4440 ι
3178 4386 3671 4458 ὠνομασμένους·ό

434 4483 540 4530 est.
594 4474 872 4546 Siquidem
922 4478 1175 4535 Ecclesia:
1219 4481 1419 4537 Christi
1466 4485 1672 4539 insulas
1704 4500 1893 4539 omnes
1921 4502 1949 4538 rt

2155 4481 2207 4532 αἰ
2234 4479 2362 4532 αὐτὸ
2390 4478 2542 4541 τέλος
2572 4477 2777 4549 ἔτυχεν.
2813 4480 2921 4532 Καὶ
2955 4479 3061 4551 γὰρ
3107 4479 3423 4548 Ἐκκλησίαι
3456 4472 3670 4548 Χριστοῦ

433 4568 581 4638 plent
608 4579 661 4623 et
702 4571 755 4623 in
785 4571 900 4626 dies
931 4573 1377 4643 multiplicantur,
1408 4585 1571 4647 atque
1608 4578 1943 4631 incrementa

2151 4569 2208 4632 ὰς
2232 4572 2429 4641 νήσους
2471 4570 2688 4633 ἁπάσας
2726 4570 3010 4640 πληροῦσι,
3053 4568 3278 4639 πληθύει
3312 4587 3372 4622 τε
3399 4570 3666 4641 ὁσημέραι,

434 4660 601 4713 sumit
627 4660 874 4715 doctrina
908 4662 1182 4717 salutaris.

2109 4666 2204 4719 καὶ
2242 4662 2547 4717 ἐπιδίδωσιν
2574 4665 2607 4737 ἠ
2641 4664 2903 4734 σωτήριος
2928 4660 3258 4716 διδασκαλία.

2006 4759 2101 4814 IX.

1630 4858 1695 4913 In
1736 4858 2000 4928 psalmum
2052 4870 2241 4917 cxvm,
2291 4854 2477 4909 ⁵50-ὅὲ.

500 4942 725 4999 Amator
760 4948 1026 5012 veritatis,
1062 4958 1116 5005 et
1159 4952 1251 5020 qui
1300 4969 1576 5022 nunquam
1609 4969 1706 5023 per
1749 4970 1811 5008 os
1844 4968 2003 5009 suum

2192 4952 2250 5004 ’θ
2281 4951 2602 5022 φιλαλήθης,
2637 4952 2734 5005 καὶ
2776 4953 2983 5023 μήποτε
3010 4948 3299 5021 προφέρων
3336 4946 3501 5017 ψευδῆ
3528 4944 3669 5011 λόγον

431 5048 736 5089 sermonem
787 5035 981 5093 falsum
1027 5041 1263 5110 profert,
1300 5046 1477 5099 dicere
1510 5046 1681 5114 possit
1720 5064 1733 5099 :
1773 5064 1791 5096 ι
1839 5043 1946 5098 νὶω

2146 5045 2192 5097 ιά
2218 5044 2505 5114 στόματος,
2524 5046 2666 5097 εἴποι
2688 5043 2804 5108 ἂν,‹
2827 5044 2974 5098 Ὀδὸν
3001 5042 3254 5113 ἀληθείας
3277 5041 3624 5111 ᾐρετισάμην.
3646 5053 3661 5083 ι

432 5128 676 5184 veritatis
725 5129 882 5200 elegi.
941 5151 959 5183 ι
995 5133 1136 5200 Quin
1167 5144 1221 5189 et
1265 5135 1310 5189 is
1355 5137 1445 5204 qui
1492 5137 1696 5206 judicia
1723 5136 1815 5189 Dei
1855 5150 1947 5189 sen

2153 5135 2272 5189 me
2314 5138 2405 5189 καὶ
2442 5139 2469 5189 ό
2509 5136 2797 5199 διαπαντὸς
2836 5135 2940 5206 πρὸ
2967 5132 3259 5204 ὀφθαλμῶν
3307 5132 3575 5203 τιθέμενος
3606 5125 3668 5177 τά

430 5236 527 5290 per
550 5232 675 5277 ante
697 5224 886 5279 oculos
904 5227 1076 5294 ponit,
1108 5237 1163 5281 et
1190 5228 1241 5281 in
1272 5229 1419 5280 omni
1443 5208 1657 5281 actione
1682 5228 1943 5283 eorumde

2150 5228 2192 5281 δῦ
2224 5227 2359 5280 Θεοῦ
2403 5228 2645 5300 κρίματα
2667 5268 2681 5291 ,
2717 5227 2812 5281 καὶ
2852 5227 2942 5280 ἐπὶ
2988 5225 3137 5297 πάσῃ
3166 5224 3366 5295 πράξει
3403 5218 3665 5294 μεμνημέ-

430 5316 695 5381 meminit,
748 5316 929 5371 dicet:
972 5336 991 5368 c
1041 5317 1249 5374 Judicia
1287 5327 1379 5372 tua
1418 5335 1523 5372 non
1560 5335 1679 5374 sum
1716 5321 1935 5375 oblitus.

2148 5337 2186 5381 »ς
2213 5318 2391 5371 αὐτῶν
2420 5321 2559 5389 ἐρεῖ·
2600 5337 2618 5369 ι
2651 5318 2733 5370 Τά
2754 5316 2996 5387 κρίματά
3022 5332 3116 5367 σου
3143 5313 3242 5366 οὐκ
3269 5311 3620 5375 ἐπελαθόμην.
3645 5322 3663 5354 ι

431 5402 494 5455 Et
533 5407 807 5469 quomodo
832 5423 927 5461 cor
961 5420 1205 5463 nostrum
1240 5426 1336 5479 per
1374 5412 1698 5465 tentationes
1736 5427 1798 5465 ac
1826 5413 1946 5465 tribt

2153 5412 2209 5463 al.
2240 5412 2355 5473 πῶς
2384 5410 2541 5480 ἡμῶν
2587 5412 2620 5479 ἡ
2648 5408 2842 5479 καρδία
2881 5406 3204 5460 πλατύνεται
3232 5404 3324 5457 διὰ
3364 5396 3667 5473 πειρασμῶν

427 5491 656 5550 lationes
678 5497 973 5552 dilatatur?
1003 5498 1095 5553 Hae
1128 5500 1398 5569 siquidem
1432 5501 1485 5553 in
1518 5502 1677 5557 nobis
1699 5505 1883 5572 spinas
1909 5520 1939 5559 c

2152 5504 2191 5556 ιί
2232 5502 2492 5572 ﬁliai/saw;
2541 5501 2724 5554 Ταῦτα
2758 5500 2866 5569 γὰρ
2905 5499 3003 5562 τὰς
3043 5499 3100 5552 ἐν
3137 5499 3266 5567 ἡμῖν
3306 5494 3535 5554 ἀκάνθας
3559 5487 3667 5540 τῶν

498 5677 576 5746 (ι)
603 5677 677 5752 ,Ῑη
706 5678 907 5752 Catena
970 5678 1212 5734 Corderii
1259 5682 1513 5751 anonymi
1558 5685 1716 5739 titulo
1748 5684 1999 5739 abrasum
2110 5687 2277 5741 alium
2305 5684 2433 5740 facit
2462 5682 2676 5738 aPaulo
2705 5682 2953 5752 apostolo
2979 5680 3181 5749 iupsal.
3201 5695 3373 5743 LXXII,
3398 5694 3449 5752 p._
3474 5667 3666 5752 47?.ld

429 5741 770 5825 llippnlytum
804 5750 1118 5804 delitescere
1143 5752 1281 5805 inter
1298 5742 1491 5825 caetera
1523 5754 1653 5806 illud
1685 5758 1845 5825 etiam
1876 5773 2004 5809 sua-
2110 5772 2241 5810 vero
2269 5757 2420 5810 licuit
2468 5741 2757 5825 Hippolyto
2780 5755 2835 5806 in
2856 5816 2859 5819 δ
2881 5741 3194 5825 Occidente,
3219 5741 3661 5819 quemadmodum

444 5817 507 5870 let
536 5819 677 5881 quod
705 5819 749 5873 is
767 5835 1074 5891 anonymus
1094 5832 1368 5876 auctorem
1388 5820 1644 5892 Epistola:
1664 5826 1729 5879 ad
1750 5824 2003 5882 Hebraeos
2110 5836 2164 5882 et
2193 5829 2427 5893 Irenmo;
2456 5826 2508 5879 in
2539 5817 2762 5879 Oriente
2786 5817 2890 5879 non
2926 5821 3097 5875 licuit.
