3836 6544
233 342 323 396 725
837 342 895 397 S.
939 341 1116 396 HIPP.
1151 340 1691 397 DEMONSTRATIO
1726 341 1814 396 DE
1851 338 2152 396 CHRISTO
2191 338 2279 393 ET
2315 333 2797 402 ANTICHBISTO,
3329 331 3432 398 726

227 455 478 526 λογισμῶν
523 455 790 528 ἐκτέμνει,
841 458 934 510 καὶ
964 458 1062 528 τὴν
1104 453 1331 528 καρδίαν
1353 459 1653 530 εὐρυτέραν
1689 460 1742 511 εἰη

1914 457 2192 510 itationum
2218 454 2456 510 evellunt
2478 495 2494 521 ,
2537 463 2590 508 et
2626 467 2721 508 cor
2749 457 2999 506 nostrum
3024 447 3091 503 ad
3128 447 3305 518 legum
3344 447 3429 500 di—

226 549 311 620 τὴν
330 547 430 599 τῶν
445 547 617 618 νόμων
647 546 753 600 τῶν
784 547 941 601 θείων
983 549 1246 622 ὑποδοχὴν
1268 551 1573 621 ἐργάζεται.
1611 570 1629 602 ι
1681 552 1741 604 Ἐί

1916 549 2120 601 inarum
2167 547 2570 617 perceptionem
2617 544 2862 600 dilatant.
2909 561 2928 592 ι
2981 539 3039 594 In
3085 539 3431 594 tribulatione

225 639 380 708 θλίψει
404 637 540 710 γὰρ,
582 642 774 712 φησὶν,
805 641 1105 705 ἐπλάτυνάς
1141 660 1248 713 μοι.
1286 662 1304 694 ›
1347 643 1480 696 Τότε
1532 642 1629 713 τὴν
1654 643 1738 696 ὁδδ

1916 640 2037 704 nim,
2069 639 2279 710 inquit,
2319 638 2571 694 dilatasti.
2597 638 2750 692 mihi.
2792 657 2810 689 )
2849 634 3003 689 Tunc
3029 636 3171 688 viam
3207 631 3431 697 manda-

226 730 320 783 τῶν
349 729 568 782 ἐντολῶν
599 730 690 783 τοῦ
720 730 850 783 Θεοῦ
899 732 1260 804 διαϐαίνομεν,
1300 731 1528 798 εὔζωνες
1560 732 1647 786 διὰ
1672 734 1738 803 τῆ

1916 747 2050 785 prum
2089 731 2183 786 Dei
2215 731 2512 802 gradimur,
2548 730 2808 787 succincti
2835 745 2929 800 per
2947 727 3284 783 tolerantiam
3312 736 3431 782 ten-

225 821 318 873 τῶν
337 821 643 892 πειρασμῶν
674 822 946 895 ὑπομονῆς
973 824 1262 894 γινόμενοι.

674 822 946 895 ὑπομονῆς
973 824 1262 894 γινόμενοι.
1873 825 2159 879 talionum.

1769 913 1839 969 Χ.

435 1003 498 1058 In
533 1004 668 1058 illud
719 1007 914 1075 psalmi
982 1023 1184 1073 cum,
1257 1009 1288 1062 7
1327 1027 1340 1062 :
1379 1027 1396 1060 ι
1429 1006 1598 1078 Super
1619 1010 1758 1064 iram
1787 1011 2124 1065 inimicorum
2164 1026 2418 1074 meorum,
2466 1029 2485 1062 ι
2510 1019 2641 1074 etc.,
2677 1010 2743 1063 ad
2769 1008 2996 1064 scribam
3018 1026 3187 1066 suum.

275 1091 415 1160 Εἶδες
442 1096 527 1167 ἔφ’
558 1099 792 1171 ἑκάτερα
818 1100 888 1154 τὰ
916 1103 1055 1174 μέρη
1091 1105 1353 1175 μεγίστην
1379 1105 1636 1177 δύναμινς
1664 1105 1762 1176 ἐμέ

1942 1105 2137 1161 Vidisti
2189 1122 2515 1177 quacunque
2561 1121 2626 1160 ex
2681 1114 2834 1175 parte
2878 1121 3126 1173 magnam
3181 1118 3302 1158 esse
3334 1102 3429 1160 Dei

217 1205 267 1240 τε
304 1187 402 1259 γὰρ
434 1189 491 1240 ἐν
521 1190 704 1259 μέσοις
738 1191 864 1245 ὄντα
895 1197 1006 1256 τοῖς
1031 1195 1222 1258 δεινοῖς
1249 1194 1504 1250 διασῶσαι
1539 1195 1732 1267 δυνήσῃ

1914 1197 2204 1252 otentiam?
2247 1195 2382 1251 Nam
2414 1205 2597 1260 etme,
2635 1196 2831 1264 inquit,
2861 1195 2916 1248 in
2948 1195 3139 1249 mediis
3173 1192 3429 1248 mrumnis

217 1282 432 1344 ἐκείνους
484 1281 539 1334 δὲ
594 1285 947 1354 μαινομένους
1002 1287 1094 1339 καὶ
1147 1286 1448 1351 λυττῶντας
1502 1288 1594 1342 καὶ⁸
1652 1285 1732 1356 πῦχ

1914 1287 2226 1342 οηειὶιιιιιιιη
2247 1329 2262 1353 ,
2298 1303 2513 1341 servare
2542 1286 2867 1340 incolumem
2896 1285 3098 1354 poteris
3132 1303 3142 1336 :
3179 1283 3300 1338 illos
3328 1297 3429 1336 au-

217 1371 451 1435 πνὲοντας
487 1375 863 1430 καταστεῖλαι.

1916 1390 1978 1428 :m
2027 1373 2209 1430 furore
2255 1375 2510 1444 rabieque
2541 1375 2774 1445 percitos
2794 1416 2809 1440 ,
2863 1385 2916 1428 et
2949 1374 3126 1450 ignem
3159 1374 3431 1449 spirantes

1869 1478 2139 1519 coercere.

1759 1581 1849 1636 XI.

440 1667 508 1723 In
553 1670 694 1725 illud
726 1673 919 1740 psalmi
994 1674 1264 1743 cxxxvm,
1329 1676 1397 1731 15
1425 1694 1438 1728 :
1476 1695 1494 1727 ι
1531 1675 1652 1729 Non
1675 1685 1752 1734 est
1776 1676 2094 1730 occultatum
2129 1693 2185 1730 os
2217 1692 2386 1730 meum
2409 1694 2441 1729 α
2467 1686 2515 1729 te
2547 1675 2890 1745 quod-fecisti
2913 1675 2967 1726 in
2996 1675 3216 1727 occulto.
3247 1690 3266 1722 ι
3475 1703 3488 1746 ρ

271 1759 484 1832 Εἴρηται
533 1763 630 1816 καὶ
667 1767 779 1828 τοῖς
807 1767 935 1838 περὶ
966 1763 1177 1836 φύσεως
1215 1769 1308 1821 καὶ
1344 1769 1610 1837 γενέσεως
1651 1767 1759 1821 τῶν

1972 1768 2194 1823 'raditur
2243 1769 2404 1822 etiam
2453 1767 2521 1820 ab
2557 1767 2623 1821 iis
2651 1766 2744 1836 qui
2781 1765 2850 1819 de
2882 1773 3075 1818 natura
3112 1773 3165 1818 et
3203 1777 3432 1834 genera-
3485 1747 3487 1752 ’

212 1849 346 1916 ζώων
379 1856 981 1926 πραγματευσαμένοις,
1014 1858 1240 1929 ἀόρατον
1272 1852 1410 1912 εἶναι
1443 1859 1536 1910 καὶ
1556 1858 1727 1911 ἀκατά

1920 1876 2011 1915 me
2039 1859 2355 1914 animalium
2381 1867 2647 1923 tractant,
2692 1855 3014 1911 invisibilem
3048 1865 3100 1909 et
3127 1855 3435 1925 incompre-

210 1943 390 2014 ληπτον
418 1944 514 2016 τὴν
545 1947 626 2010 είς
653 1947 835 2004 ὀστέον
868 1948 960 2001 τοῦ
987 1949 1217 2020 αἵματος
1241 1948 1561 2021 μεταϐολὴν,
1583 1950 1725 2011 καίτς

1916 1951 2181 2006 :nsibilem
2215 1963 2336 2005 esse
2371 1949 2653 2018 sanguinis
2682 1948 2736 2000 in
2765 1961 2889 2001 ossa
2920 1945 3295 2011 mutationem,
3329 1943 3431 2000 etsi

208 2036 302 2090 τῶν
341 2037 530 2101 ἄλλων,
571 2040 786 2110 σαρκῶν
825 2042 920 2095 καὶ
965 2041 1169 2113 νεύρων
1215 2042 1356 2112 λέγω
1380 2082 1393 2106 ,
1437 2043 1584 2105 ὅπως
1626 2060 1723 2096 ποτ

1913 2043 2096 2097 trtium
2131 2051 2475 2107 cretorarum,
2501 2041 2749 2095 carnium
2782 2039 3003 2109 inquam
3027 2047 3080 2092 et
3114 2052 3428 2106 nervorum,

211 2126 370 2198 ἔχουσι
403 2131 670 2198 γενέσεως
713 2131 1117 2204 θεωρουμένων.
1153 2133 1263 2185 Καὶ
1371 2134 1558 2205 Γραφὴ
1581 2133 1636 2185 δὲ
1661 2150 1726 2185 το

1915 2134 2136 2190 1οῐΠοἀο
2167 2149 2286 2190 sese
2324 2133 2520 2188 habeat
2561 2131 2834 2202 generatio
2864 2130 3252 2199 conspiciatur.
3287 2127 3430 2194 Quin

220 2219 624 2290 Ἐκκλησιαστοῦ
653 2223 946 2294 παρίστησι
973 2225 1130 2278 τοῦτο
1155 2225 1383 2294 λέγουσα
1402 2240 1416 2253 ·
1456 2243 1474 2276 t
1516 2226 1601 2288 Ὠς
1629 2226 1735 2277 ὁστέ

1910 2245 1916 2280 '.
1947 2226 2227 2296 Scriptura
2249 2225 2592 2280 Ecclesiasten
2625 2224 2676 2277 id
2711 2225 2888 2292 ipsum
2919 2222 3156 2277 ostendit
3177 2221 3363 2274 dicens
3384 2219 3425 2272 δε

210 2311 258 2364 ἐν
282 2304 466 2384 γαστρὶ
506 2314 610 2384 τῆς
648 2314 1036 2388 κυοφορούσης,
1080 2314 1252 2379 οὕτως
1296 2317 1354 2369 οὐ
1393 2315 1573 2387 γνώσῃ
1608 2317 1725 2385 ποιῆ

1925 2318 2078 2373 Sicut
2119 2333 2246 2372 ossa
2287 2318 2342 2371 in
2381 2326 2535 2371 utero
2565 2315 2926 2386 praegnantis,
2971 2314 3050 2368 sic
3089 2327 3197 2366 non
3226 2326 3431 2380 cogno-

213 2421 338 2473 ματα
380 2405 471 2459 τοῦ
517 2407 676 2463 Θεοῦ.
742 2427 760 2460 ι
825 2409 938 2461 Οὐκ
977 2408 1182 2481 ἐκρύϐη
1223 2408 1281 2460 δὲ
1310 2408 1416 2461 ἀπὸ
1445 2407 1539 2462 σοῦ
1568 2407 1686 2462 οὐδὲ
1724 2425 1728 2435 '

1902 2425 1980 2464 :es
2006 2425 2168 2479 opera
2196 2408 2310 2463 Dei.
2346 2427 2365 2459 ι
2405 2407 2605 2461 Verum
2641 2423 2670 2460 a
2700 2415 2752 2460 te
2779 2421 2888 2458 non
2922 2412 3051 2460 sunt
3075 2400 3417 2459 abscondita.

211 2495 478 2562 ὑπόστασίς
511 2517 615 2569 μου
674 2501 732 2553 ἐν
790 2504 900 2564 τοῖς
956 2499 1287 2564 κατωτὰτοις
1333 2500 1432 2572 τῆς
1461 2500 1564 2571 γῆς
1618 2500 1726 2570 φθά

1914 2517 2036 2570 aque
2083 2500 2385 2555 substantia
2443 2515 2561 2554 mea
2602 2500 2655 2553 in
2698 2498 2899 2553 inﬁmis
2949 2505 3107 2550 terra:
3129 2493 3308 2548 adhuc
3333 2507 3429 2548 ex-

212 2602 348 2641 σασα.
1307 2618 1320 2632 ι

1307 2618 1320 2632 ι
1859 2595 2079 2649 sistens.

212 2801 3380 2837 Μ

1015 2993 1185 3172 S.
1381 2990 2588 3174 HIPPOLYTI

1405 3285 1856 3357 PORTUENSIS‘
1892 3285 2202 3344 EPISCOPI

353 3469 821 3628 0PEBUM
895 3469 1193 3626 PARS
1298 3473 1436 3626 Π.
1485 3529 1570 3567 -
1602 3471 2263 3626 DOGMATIGA
2372 3471 2516 3626 ET
2618 3467 3267 3626 HISTORIGA.

815 3934 1650 4060 ΑΠΟΔΕΙΞΙΣ
1731 3949 2089 4061 ΠΕΡΙ
2178 3945 2827 4063 ΧΡΙΣΤΟΥ

1313 4169 1504 4260 ΚΑΙ
1593 4171 1737 4253 AN
1740 4171 2323 4257 ΤΙΧΡΙΣΤΟΥ

348 4545 1291 4640 DEMONSTRATIO
1367 4551 1512 4637 DE
1590 4548 2109 4641 CHRISTO
2185 4550 2335 4638 ET
2389 4543 3246 4651 ANTICHRISTO.

1223 4737 1560 4798 Francisco
1606 4736 1984 4799 Combetisio
2043 4737 2387 4816 interprete

739 4896 1008 4959 (Garum),
1042 4893 1335 4954 Bibliotheca
1357 4903 1567 4948 veterum
1590 4899 1816 4962 Patrum,
1839 4899 2068 4950 Venelils
2092 4899 2232 4961 1765,
2257 4898 2444 4959 in-l'ol.,
2473 4904 2508 4949 t.
2537 4897 2601 4959 ll,
2636 4911 2687 4959 p.
2722 4894 2853 4958 417.)

259 5147 604 5222 Βουληθέντος
633 5169 727 5206 σου
755 5154 873 5207 κατ’
911 5153 1194 5226 ἀκρίϐειαν
1222 5156 1479 5226 ἐκμαθεῖν
1510 5157 1578 5212 τὰ
1607 5177 1740 5232 προ-

1911 5157 1951 5212 I.
1988 5157 2144 5224 Quod
2177 5157 2251 5211 ita
2284 5155 2552 5212 desiderio
2581 5155 2867 5226 ﬂagrabas,
2898 5152 3064 5208 frater
3096 5152 3170 5206 mi
3199 5151 3402 5208 charis-

198 5238 396 5295 τεθέντα
426 5261 506 5296 σοι
536 5245 625 5298 ὑπ’
657 5243 790 5314 ἐμοῦ
821 5245 1110 5315 κεφάλαια,
1143 5249 1393 5321 ἁγαπητέ
1426 5268 1526 5321 μου
1549 5252 1709 5321 ἀδελφ

1897 5266 1984 5306 me
2025 5249 2342 5320 TheOphile,
2373 5255 2433 5303 ut
2463 5264 2495 5303 a
2527 5263 2615 5302 me
2641 5248 2735 5302 tibi
2768 5247 3048 5318 proposita
3081 5247 3257 5316 capita
3287 5247 3412 5302 dili-

201 5328 401 5400 Θεὸφιλε
431 5335 527 5406 (1),
559 5336 777 5406 εὔλογον
811 5339 1102 5411 ἡγησάμην
1131 5339 1376 5409 ἀφθόνως
1405 5343 1716 5416 ἀρυσάμενοι

1896 5349 2034 5397 :nter
2062 5339 2427 5410 perdisceres;
2463 5355 2640 5410 operae
2668 5339 2903 5408 pretium
2939 5337 3143 5408 putavi,
3178 5337 3324 5392 velut
3345 5353 3411 5404 ex

263 5445 283 5477 '
305 5446 505 5507 Eccles.
533 5469 608 5520 χι,
632 5453 685 5509 5.

363 5565 631 5652 ρετξξιτξε.
648 5565 1081 5652 Idem-fortasse.
1108 5569 1444 5652 Theopbilus
1471 5573 1740 5652 quemne!-

1894 5598 1968 5640 lSO
1995 5592 2174 5637 autem
2206 5581 2430 5638 exordio
2451 5588 2599 5651 patet
2626 5579 2738 5634 falli
2769 5594 2882 5652 e98,
2914 5579 3009 5648 qui
3045 5577 3190 5645 hunc
3209 5577 3409 5633 librum

204 5625 775 5727 timeamus.
812 5636 1088 5727 "ippon:
1126 5625 1719 5727 πρὲιηέίίὲληθιίιεάιὲρίί

1492 5625 1742 5727 ἷιεάιὲρί·
1846 5625 2516 5727 ὶῑίῖἴρὸῦῖὲἶπῖἰὶὸῖἰιῖιῖἆ
2525 5625 2748 5710 Ηᾶιὶἑιὶῖ.
2772 5625 3007 5706 “mea:

203 5697 466 5770 pbanium,
518 5714 648 5763 tom.
686 5697 935 5781 1ι,’νοεᾷἶ
986 5697 1109 5778 6'40,
1161 5697 1284 5767 5'60.
1325 5697 1588 5768 590.'Ex
1637 5697 1740 5770 lioc

3418 5818 3448 5825 ..α
