3836 6520
191 365 295 422 729

1243 368 1332 422 DE
1371 344 1669 426 cnnisro
1707 371 1795 426 ET
1834 371 2316 428 ANTICHRISTO.
2355 424 2357 427 .

3319 372 3424 428 730

190 489 367 559 Λόγου
393 489 558 553 ἀξίως
575 488 942 561 τετιμημένοι,
959 490 1202 562 ὁργάνων
1221 490 1375 562 δίκην
1396 493 1606 555 ἑαυτοῖς
1625 495 1752 562 ἡνω-

1863 493 2008 547 velut
2059 509 2260 562 organa
2313 491 2367 544 in
2419 491 2614 560 seipsis
2665 505 2878 559 semper
2928 490 3140 544 unitum
3186 489 3420 545 Verbum

195 583 348 653 μένοι
379 582 476 652 (8),
512 581 728 652 ἔχοντες
756 584 813 635 έν
845 584 1056 645 ἑαυτοῖς
1087 583 1174 636 ἀεὶ
1203 583 1293 636 τὸν
1319 583 1485 651 Λόγον
1515 584 1590 646 ὡς
1625 583 1761 654 πλῆ-

191 692 378 745 κτρον,
401 675 466 727 δι’
488 668 549 728 οὗ
569 674 873 745 κινούμενοι
905 673 1243 745 ἀπήγγελλον
1259 673 1451 738 ταῦτα,
1486 674 1628 746 ἅπερ
1647 675 1761 746 ήθε-

189 766 280 821 λεν
311 769 342 820 6
372 768 522 833 Θεὸς,
553 770 601 820 οἱ
639 769 929 840 προφῆται.
965 769 1039 820 Ub
1071 767 1180 838 γὰρ
1221 767 1279 832 ἐξ
1322 767 1456 830 ἰδίας
1483 767 1760 838 δυνάμεως

189 860 540 929 ἐφθέγγοντο,
590 861 662 930 μὴ
705 859 890 912 πλανῶ
929 859 1025 930 (9),
1073 860 1192 912 οὐδὲ
1237 861 1377 928 ἆπερ
1411 859 1563 913 αὐτοὶ
1607 859 1761 912 ἐϐού-

189 950 364 1014 λοντο,
399 950 572 1003 ταῦτα
605 951 931 1020 ἐκήρυττον·
982 949 1116 1002 ἀλλὰ
1149 950 1365 1020 πρῶτον
1400 950 1498 1020 μὲν
1532 949 1619 1002 διὰ
1665 948 1758 1002 τοῦ

189 1042 365 1106 Λόγου
397 1042 708 1110 ὲσοφίζοντο
725 1040 918 1112 ὀρθῶς,
956 1040 1143 1094 ἔπειτα
1167 1041 1233 1092 δι’
1276 1041 1567 1111 ὁραμάτων
1600 1057 1762 1110 προε-

185 1131 500 1185 διδάσκοντο
527 1130 595 1183 τὰ
630 1131 885 1200 μέλλοντα
917 1129 1095 1192 καλῶς
1114 1146 1127 1159 ·
1161 1125 1258 1181 εἷθ’
1297 1129 1437 1180 οὕτω
1465 1125 1760 1196 πεπεισμέ-

186 1239 266 1273 νοι
293 1221 481 1289 ἔλεγον
509 1221 707 1281 ταῦτα,
756 1220 898 1290 ἆπερ
940 1219 1120 1282 αὺτοῖς
1168 1214 1236 1289 ἦν
1290 1218 1468 1289 μόνοις
1515 1217 1622 1270 ἀπὸ
1665 1215 1758 1269 τοῦ

187 1311 322 1364 Θεοῦ
360 1310 903 1381 [ἀποκεκαλυμμένα,
939 1311 1050 1371 τοῖς
1081 1308 1136 1361 δὲ
1166 1307 1394 1379 λοιποῖς]
1417 1309 1761 1378 ἀποκεκρυμ-

191 1403 330 1473 μένα
360 1403 492 1473 (10).
544 1403 692 1455 Ἐπεὶ
725 1401 863 1455 κατὰ
893 1401 1015 1454 τίνα
1045 1400 1198 1468 λόγον
1220 1401 1248 1453 6
1278 1399 1580 1470 προφήτης,
1629 1414 1760 1468 προ-

187 1498 371 1564 φήτης
413 1495 753 1566 λεχθήσεται,
801 1494 849 1546 εί
895 1493 1051 1562 μήτοι
1102 1491 1366 1562 πνεύματι
1408 1489 1660 1562 προεώρα
1691 1487 1758 1542 τὰ

189 1586 489 1656 μέλλοντα;
521 1588 569 1638 εί
599 1586 705 1656 γὰρ
737 1584 863 1655 περὶ
911 1581 1314 1653 συμϐεϐηκότος
1341 1580 1487 1643 τινὸς
1512 1579 1694 1648 ἔλεγεν
1730 1580 1758 1632 6

186 1681 508 1750 προφήτης’
573 1679 671 1730 οὐκ
734 1677 797 1731 ἂν
849 1673 916 1749 ἦν
973 1676 1255 1748 προφήτης
1310 1673 1482 1726 ταῦτα
1539 1672 1712 1741 λέγων
1739 1711 1754 1735 ν

186 1770 332 1840 ἅπερ
370 1771 608 1832 ἅπαντες
637 1770 726 1822 ὑπ’
752 1768 1042 1838 ὀφθαλμῶν
1067 1763 1206 1838 ἦσαν
1233 1767 1577 1836 στησάμενοι.
1618 1763 1754 1817 Ἀλλ’

181 1860 211 1912 6
233 1835 309 1913 131-
336 1860 596 1931 μέλλοντα
616 1835 1030 1931 ἐκδιηγούμενος
1060 1835 1282 1920 δικαίως
1303 1835 1583 1929 προφήτης
1604 1856 1754 1927 ὲκρί-
1787 1835 1827 1890 Β

184 1970 326 2006 νετο.
359 1952 452 2004 Διὸ
480 1953 712 2021 εὐλόγως
741 1954 1014 2024 προφῆται
1045 1953 1136 2004 ἀπ’
1181 1950 1355 2021 ἀρχῆς
1393 1968 1410 2000 ι
1454 1951 1503 2001 οἱ
1536 1949 1755 2018 βλέπον-

182 2061 322 2106 τες»
385 2043 696 2097 ἐκαλοῦντο.
757 2043 915 2096 Ὅθεν
959 2044 1053 2096 καὶ
1104 2045 1262 2114 ήμεῖς
1312 2043 1381 2095 τὰ
1432 2043 1524 2095 ὑπ’
1576 2041 1757 2095 αὐτῶν

183 2135 563 2208 προειρημένα
595 2134 774 2197 καλῶς
812 2134 1255 2205 μαθητευθέντες,
1288 2134 1517 2203 λέγομεν
1558 2135 1657 2187 οὐκ
1697 2133 1756 2199 ἐξ

188 2228 331 2290 ιδίας
357 2227 516 2298 ἡμῶν
553 2228 814 2291 ἐπινοίας.
865 2228 997 2280 Οὐδὲ
1026 2227 1134 2298 γὰρ
1175 2229 1510 2296 καινοτομεῖν
1553 2229 1760 2296 ἐπιχει-

183 2317 392 2388 ροῦμεν
436 2317 684 2388 ἀλλήλοις
716 2317 784 2370 τὰ
813 2319 1182 2389 προειρημένα
1216 2319 1381 2370 πάλαι
1420 2319 1661 2388 ῥήματα,
1683 2311 1757 2370 ὧν

178 2409 252 2462 τὰ
282 2409 538 2479 ἑγγραφα
576 2407 877 2472 ἐκτιθέντες
904 2410 982 2471 εἰς
1017 2408 1152 2476 φῶς,
1186 2409 1506 2478 άναγνῶμεν
1530 2411 1644 2472 τοῖς
1668 2411 1760 2481 ὀρ-

179 2499 290 2562 θῶς
333 2498 611 2552 πιστεύειν
649 2499 983 2569 δυναμένοις,
1022 2499 1143 2551 ἐπεὶ
1181 2499 1391 2567 γίνεται
1430 2498 1759 2569 ἀμφοτέροις

179 2591 336 2659 κοινή
365 2589 630 2658 ὠφέλεια·
658 2590 734 2660 τῷ
765 2591 861 2660 μὲν
899 2590 1110 2658 λέγοντι
1137 2591 1225 2653 τὸ,
1251 2590 1340 2644 διὰ
1374 2591 1594 2662 μνήμης
1623 2604 1759 2660 κρα-

176 2683 443 2751 τήσαντα,
482 2681 657 2752 ὀρθῶς
685 2682 936 2735 ἐκθέσθαι
964 2683 1030 2736 τὰ
1049 2683 1381 2753 προκείμενα
1414 2682 1522 2752 (11)
1543 2699 1555 2712 '
1588 2680 1665 2751 τῷ
1701 2681 1757 2734 δὲ

177 2771 457 2835 ἀκούοντι,
505 2773 792 2842 ἐπιστῆσαι
847 2773 937 2824 τὸν
995 2771 1118 2825 νοῦν
1175 2773 1312 2845 πρὸς
1361 2772 1428 2826 τὰ
1469 2772 1753 2843 λεγόμενα.

189 2863 347 2914 Ἐπεὶ
395 2858 488 2915 οῦν
520 2865 548 2916 6
577 2862 821 2933 κάματος
854 2862 1030 2926 κοινὸς
1078 2864 1408 2935 ἀμφοτέροις
1440 2863 1754 2935 πρόκειται,

177 2952 256 3022 τῷ
290 2953 392 3024 μὲν
439 2954 648 3022 λέγοντι
685 2953 746 3006 τὸ
791 2953 1069 3007 ἀκίνδυνον
1103 2955 1214 3026 (12)
1267 2954 1521 3020 ἐξειπεῖν,
1571 2955 1650 3020 τῷ
1700 2955 1758 3008 δὲ

177 3044 434 3097 ἀκούοντι
465 3045 670 3109 πιστῶς
701 3045 1005 3100 ἀκούσαντα
1046 3047 1439 3113 καταδέξασθαι
1485 3046 1551 3100 τὰ
1599 3047 1755 3115 λεγό-

1863 595 2124 654 tanquam
2158 586 2418 653 plectrum
2451 585 2737 646 haberent;
2781 585 2940 654 cujus
2976 593 3112 644 nutu
3153 593 3312 651 atque
3342 582 3423 637 aI—

1862 677 2014 741 ﬂatu,
2079 693 2200 746 quae
2246 677 2389 733 Deus
2429 679 2588 732 vellet
2641 679 2756 731 hac
2805 677 3080 746 prophetae
3130 677 3422 730 annuntia-

1860 770 2012 822 bant.
2037 766 2154 820 Non
2186 767 2332 821 enim
2363 783 2429 822 ex
2454 783 2552 821 sua
2581 767 2840 820 facultate
2879 767 3238 836 loquebantur
3264 766 3288 797 ⁸
3309 771 3421 833 (ve-

1861 874 1982 912 rum
2045 858 2244 926 dico),
2308 873 2411 912 nee
2467 874 2589 927 quae
2654 873 2720 912 ex
2779 857 2963 912 animo
3029 865 3246 921 essent,
3309 857 3423 911 haec

1859 953 2272 1022 praedicabant:
2314 953 2407 1006 sed
2455 951 2693 1019 primum
2733 951 2952 1012 quidem
2992 949 3156 1005 Verbi
3199 950 3423 1004 numine

1859 1046 1967 1097 rite
2007 1043 2276 1112 sapientia
2313 1043 2542 1106 imbuti;
2572 1043 2766 1096 exinde
2793 1058 2888 1111 per
2927 1042 3064 1106 visa,
3097 1057 3216 1111 quae
3243 1050 3424 1096 essent

1860 1130 2048 1185 futura
2084 1133 2249 1200 probe
2290 1132 2764 1200 praedoeehantur;
2801 1147 2864 1184 ac
2892 1131 3108 1184 demum
3139 1139 3286 1186 certa
3309 1131 3421 1199 jam

1860 1239 2042 1278 rerum
2077 1224 2198 1285 ﬁde,
2226 1239 2289 1276 ea
2325 1223 2580 1277 dicebant
2613 1238 2676 1275 ac
2717 1223 3112 1290 praedicabant,
3153 1238 3273 1292 quae
3318 1223 3423 1276 illis

1858 1315 2046 1370 divino
2079 1314 2299 1367 numine
2331 1313 2596 1367 duntaxat
2635 1312 2919 1366 manifesta
2957 1311 3157 1378 forent,
3200 1312 3424 1380 reliquis

1858 1422 1988 1460 vero
2030 1406 2369 1460 abscondita.
2410 1403 2544 1458 Nam
2585 1420 2695 1474 qua
2733 1404 2945 1458 ratione
2985 1405 3270 1472 propheta,
3300 1417 3426 1472 pro-

1857 1496 2020 1564 pheta
2049 1505 2353 1561 vocaretur,
2387 1496 2492 1549 nisi
2530 1511 2652 1564 qua:
2679 1503 2806 1549 sunt
2834 1494 3016 1548 futura
3051 1495 3244 1563 spiritu
3283 1510 3422 1563 prae-

1857 1584 2097 1639 videret?
2127 1584 2262 1639 Nam
2305 1586 2350 1640 si
2391 1586 2654 1654 propheta
2683 1587 2748 1639 de
2792 1602 2920 1640 casu
2960 1587 3144 1656 aliquo
3175 1587 3424 1655 loquere-

1860 1682 1966 1738 tur,
1994 1690 2058 1728 ea
2085 1674 2358 1744 loquendo
2398 1691 2507 1732 non
2539 1685 2685 1731 esset
2715 1678 2997 1748 propheta,
3028 1694 3150 1747 quae
3186 1678 3257 1732 ob
3292 1692 3425 1732 ocu-

1859 1765 1942 1820 los
1971 1767 2183 1822 eunetis
2215 1768 2386 1836 posita
2418 1779 2622 1824 essent.
2658 1769 2761 1823 Sed
2795 1770 2887 1839 qui
2921 1769 3102 1824 futura
3138 1779 3349 1832 narret,
3377 1770 3423 1822 is

1859 1858 2053 1911 merito
2085 1859 2346 1927 propheta
2377 1861 2720 1916 existimatus
2767 1871 2869 1915 est.
2915 1860 3065 1915 Unde
3096 1862 3425 1916 convenien-

1859 1957 1938 2001 ter
1969 1949 2244 2017 prophetae
2267 1965 2296 2002 a
2334 1950 2602 2019 principio
2637 1970 2654 2001 ‹
2693 1951 2930 2005 videntes
2953 1952 2972 1983 ⁸
3011 1971 3028 2001 ›
3063 1952 3419 2005 vocabantur.

1859 2034 2013 2091 Unde
2059 2046 2112 2092 et
2141 2053 2242 2092 nos
2271 2054 2459 2093 eorum
2500 2041 2666 2108 probe
2696 2042 2840 2095 docti
2876 2042 3154 2105 vaticinia,
3205 2058 3310 2096 non
3355 2057 3422 2096 ex

1857 2136 2044 2181 nostro
2081 2143 2244 2182 sensu
2281 2129 2575 2199 loquimur.
2634 2129 2751 2184 Non
2797 2131 2940 2187 enim
2978 2132 3067 2186 alii
3111 2132 3254 2195 aliis,
3300 2148 3423 2201 quae

1855 2220 2062 2288 pridem
2110 2222 2363 2290 praedicta
2407 2233 2535 2277 sunt
2575 2225 2757 2287 verba,
2806 2225 2958 2279 novis
2992 2235 3202 2278 mutare
3246 2234 3421 2278 tenta-

1856 2328 2009 2378 mus;
2043 2330 2273 2383 quorum
2291 2313 2609 2386 Seripturas
2640 2317 2692 2370 in
2730 2317 2904 2370 lucem
2929 2317 3170 2380 edentes,
3212 2316 3298 2371 his
3327 2315 3421 2384 qui

1857 2413 2000 2458 recte
2028 2406 2248 2460 credere
2281 2407 2516 2472 valeant,
2549 2407 2807 2478 legimus,
2834 2407 2978 2476 quod
3015 2407 3141 2461 hinc
3173 2407 3423 2476 utrisque

1855 2497 2202 2552 commodum
2253 2498 2433 2552 veniat
2475 2513 2710 2567 :nempe
2755 2500 2805 2552 ei
2844 2499 2938 2568 qui
2978 2498 3236 2568 loquitur,
3274 2499 3419 2567 quod

1856 2587 2119 2641 memoria
2153 2589 2386 2642 tenendo
2409 2597 2557 2642 recte
2579 2598 2816 2656 exponat
2836 2603 2956 2656 quae
2978 2587 3234 2657 praedicta
3259 2595 3418 2649 sunt;

1856 2678 2090 2732 auditori
2125 2694 2275 2745 vero,
2305 2678 2449 2748 quod
2483 2679 2569 2734 his
2597 2695 2719 2748 quae
2747 2679 3003 2734 dicuntur
3029 2680 3281 2732 adhibeat
3304 2676 3423 2731 ani-

1855 2790 2026 2829 mum.
2072 2774 2228 2842 Quod
2262 2775 2427 2842 igitur
2454 2777 2764 2830 communis
2815 2777 3059 2844 utrisque
3100 2776 3254 2829 labor
3298 2789 3425 2843 pro-

1855 2866 2065 2936 positus
2097 2873 2180 2920 est
2211 2884 2224 2919 :
2257 2865 2498 2935 loquenti
2524 2868 2802 2933 nimirum,
2837 2876 2896 2921 ut
2927 2868 3074 2921 omni
3111 2876 3259 2921 tutus
3288 2865 3424 2935 peri-

1855 2958 1980 3013 culo
2009 2958 2328 3027 eloquatur;
2360 2959 2594 3013 auditori
2630 2974 2779 3022 vero,
2810 2969 2870 3013 ut
2901 2961 3004 3015 tide
3034 2960 3261 3013 audiens
3295 2973 3420 3012 sus-

1855 3051 2022 3119 cipiat
2060 3066 2122 3104 ea
2164 3065 2287 3118 quae
2316 3049 2595 3118 dicuntur,
2631 3051 2858 3106 obsecro
2894 3060 2952 3104 ut
2998 3049 3204 3106 orando
3251 3049 3418 3104 Deum

181 3154 354 3207 μενα,
405 3136 707 3208 παρακαλῶ
758 3137 1220 3208 συναγωνίσασθαί
1271 3155 1359 3208 μοι
1395 3137 1453 3190 ὲν
1506 3140 1571 3208 τῇ
1618 3136 1752 3210 πρὸς

1861 3141 1993 3195 mihi
2028 3151 2226 3210 praesto
2252 3143 2350 3198 sis.

176 3229 309 3289 Θεὸν
336 3229 537 3299 δεήσει.

245 3321 375 3384 Πῶς
406 3320 472 3373 ἂν
504 3320 670 3374 πάλαι
705 3322 817 3391 (15)
842 3326 955 3385 τοῖς
978 3323 1265 3395 μακαρίοις
1293 3327 1600 3396 προφήταις
1618 3328 1752 3380 ἀπε-

178 3408 422 3476 mutae;
451 3411 478 3461 6
506 3409 598 3462 τοῦ
640 3411 773 3464 Θεοῦ
818 3412 1012 3480 Λόγος,
1055 3414 1212 3478 αὐτὸς
1242 3415 1398 3468 πάλιν
1423 3416 1452 3466 6
1477 3416 1571 3468 τοῦ
1616 3417 1749 3470 Θεοῦ

176 3503 330 3563 παῖς,
373 3503 401 3553 6
447 3502 611 3554 πάλαι
643 3502 740 3572 μὲν
784 3503 988 3572 Λόγος,
1022 3509 1202 3575 τυχεῖν
1252 3506 1560 3576 ὲπιζητεῖς;
1611 3509 1748 3560 Ἀλλ’

173 3591 363 3662 ἐπειδὴ
394 3592 456 3644 τὸ
486 3593 674 3648 ἑαυτοῦ
709 3593 1075 3666 εὖσπλαγχνον
1121 3599 1214 3650 καὶ
1250 3600 1748 3671 ἀπροσωπόληπτον

172 3683 511 3737 ἐνδείκνυται
539 3685 626 3738 διὰ
659 3687 874 3740 πάντων
902 3687 1008 3740 τῶν
1039 3689 1208 3754 ἁγίων
1241 3692 1268 3742 ὁ
1305 3690 1476 3756 Λόγος
1504 3690 1751 3759 φωτίζων

171 3778 270 3830 καὶ
305 3777 580 3848 ῥυθμίζων
626 3779 786 3832 αὐτὸν
817 3781 950 3851 (14),
984 3781 1059 3844 ὡς
1080 3781 1341 3854 ἔμπειρος
1376 3784 1578 3856 ἰατρὸς,
1613 3786 1751 3858 πρὸς

171 3868 248 3921 τὰ
283 3871 418 3938 ἡμῖν
471 3871 846 3941 συμφέροντα,
898 3874 1258 3943 ἐπιστάμενος
1300 3875 1398 3944 τὴν
1450 3875 1751 3946 ἀνθρώπων

168 3960 460 4014 ἀσθένειαν
479 3978 491 3992 ’
525 3963 618 4015 καὶ
641 3965 766 4026 τοὺς
793 3965 889 4033 μὲν
928 3964 1248 4032 ἀγνοοῦντας
1276 3964 1608 4018 ἐκδιδάσκειν
1635 3985 1752 4020 πει-

175 4054 340 4123 ρᾶται
360 4070 374 4084 ο
399 4053 528 4116 τοὺς
555 4054 611 4107 δὲ
636 4055 1022 4125 πλανωμένους
1043 4056 1361 4124 ἐπιστρέφει
1395 4059 1473 4119 εἰς
1499 4058 1596 4128 τὴν
1624 4059 1750 4110 ἑαυα-

241 4223 265 4254 δ
306 4221 353 4276 II
398 4221 515 4278 Pet.
566 4241 606 4287 ι,
657 4223 747 4278 21.

239 4379 323 4449 (8)
369 4379 887 4453 Ὀργᾴνωνῄδίκην
912 4384 1147 4450 ἑαυτοῖς
1170 4385 1477 4453 ἠνωμένοι.
1518 4387 1748 4442 Combe-

163 4452 329 4524 ﬁsius
357 4470 370 4504 :
408 4451 656 4524 όργόινων
679 4451 834 4524 δίκην
860 4454 1134 4524 ἡνωμένον
1181 4451 1393 4524 ἔχοντες
1421 4457 1478 4507 ἐν
1516 4458 1746 4520 ἑαυτοῖς.

240 4523 322 4590 (9)
354 4520 453 4588 Μὴ
497 4520 945 4594 πελαγῶεὶιειζθ,
975 4520 1052 4586 ὡς
1095 4520 1305 4588 πλάνοι,
1344 4544 1362 4575 ι
1402 4535 1461 4579 ιιι
1494 4527 1754 4594 imposto-

167 4608 264 4647 res
293 4611 322 4660 :7
347 4610 366 4642 ι
412 4592 561 4660 quod
594 4592 819 4646 meridie
849 4595 968 4660 ipso
1005 4595 1208 4648 clarius
1237 4606 1340 4648 est.
1383 4595 1517 4650 TAN.
1558 4592 1685 4650 Fas.

237 4659 359 4731 (10)
433 4659 984 4731 Ἆποκεκρυμμένα.
1028 4663 1243 4717 Putavit
1280 4664 1489 4719 Gudius
1533 4678 1752 4720 mutan-

159 4735 294 4810 dum
333 4732 866 4810 dnoxspuuuévajn
894 4734 1433 4810 _67:oxaxalup_péva.
1481 4735 1612 4789 Mihi
1657 4753 1752 4805 p0-

161 4805 277 4874 tius
292 4803 592 4874 vestigium
621 4817 761 4874 verae
785 4803 1056 4874 lectionis,
1084 4820 1206 4873 quae
1236 4803 1299 4857 τὸ
1327 4803 1747 4874 ἁποκεκαλύμ-

151 4873 317 4943 μέγα
344 4871 646 4944 prophetis
660 4871 881 4944 tribuat,
901 4873 968 4944 τὸ
987 4871 1482 4942 ἀποκεκρυμμένα
1505 4871 1747 4944 reliquis.

163 4944 262 5015 Sic
300 4942 495 5015 igitur-
518 4941 853 5015 restituenda
895 4943 1054 5015 lectio
1092 4941 1300 5015 videtur
1332 4941 1358 4997 7:
1413 4946 1594 5015 μόνοις
1624 4941 1748 5000 ἀπὸ

153 5013 258 5066 τοῦ
301 5011 444 5084 Θεοῦ
473 5011 994 5084 ἀπρκεκαλυμμένα,
1057 5016 1170 5077 τοῖς
1205 5011 1511 5084 δὲίλοιποίς
1543 5018 1746 5069 ἀποκε-

156 5081 486 5153 κρυμμένα.
523 5079 640 5154 Hoc
685 5079 1205 5153 enim'pmphetia:
1259 5083 1350 5138 illa
1397 5087 1648 5154 praescire
1699 5096 1749 5140 et

153 5151 467 5223 Iri-adicere
519 5151 705 5224 divina
737 5151 1106 5224 revelatione,
1145 5169 1268 5224 quae
1317 5151 1506 5224 procul
1553 5169 1684 5210 sunt
1716 5173 1747 5210 a

151 5222 510 5293 reliquorum
529 5222 879 5294 cogitatione,
896 5224 1136 5294 ipsisque
1150 5222 1488 5279 abscondita.
1505 5224 1742 5281 Couner.

225 5294 348 5366 (11)
387 5293 776 5366 ῌροξιεὶμενα.
809 5293 1092 5366 βίοιιώεΐξ,
1116 5294 1187 5366 τὰ
1214 5295 1606 5366 προειρημένα.

227 5362 350 5434 (12)
404 5362 773 5434 Ἁριίιζδυνον.
808 5365 909 5429 ld.,
948 5362 1264 5426 ἀκινδύνως.

229 5430 518 5505 (15)Πῶς
539 5430 617 5488 ἂν
643 5433 847 5488 πάλαι.
877 5435 1198 5505 Suspicatur
1219 5433 1426 5489 Gudius
1456 5435 1741 5505 legendum

1927 3322 2017 3379 111.
2075 3322 2322 3390 Quonam
2375 3325 2538 3378 modo
2589 3324 2718 3378 olim
2774 3322 2946 3378 beatis
2992 3320 3270 3391 prophetis
3324 3319 3417 3374 Dei

1857 3416 2091 3472 Verbum
2125 3416 2574 3481 manifestaverit,
2600 3417 2714 3485 ipse
2745 3431 2936 3470 rursus
2963 3414 3058 3469 Dei
3089 3428 3298 3477 servus,
3326 3411 3420 3481 qui

1857 3508 1988 3564 olim
2023 3505 2256 3561 Verbum
2299 3517 2417 3562 erat
2447 3509 2489 3572 ⁸,
2530 3508 2670 3562 scire
2705 3506 2939 3576 quaeris?
2983 3504 3248 3558 Nimirum
3292 3503 3420 3573 quia

1862 3596 2094 3651 Verbum
2129 3611 2284 3651 suam
2321 3596 2784 3661 misericordiam,
2813 3605 2868 3649 et
2895 3593 3042 3663 quod
3074 3593 3299 3647 minime
3329 3607 3421 3647 ae-

1853 3702 2042 3759 eeptor
2065 3698 2148 3744 est
2171 3703 2552 3759 personarum,
2575 3704 2670 3758 per
2689 3703 2880 3742 omnes
2911 3695 3133 3743 sanctos
3159 3685 3417 3750 ostendit,

1854 3782 2169 3836 illuminans
2219 3782 2341 3836 illos
2388 3789 2552 3850 atque
2610 3795 2969 3850 componens,
3016 3778 3168 3834 velut
3212 3776 3420 3846 peritus

1851 3875 2115 3940 medicus,
2146 3874 2214 3928 ad
2237 3888 2302 3928 ea
2327 3889 2447 3944 quae
2474 3874 2540 3927 ad
2561 3883 2804 3927 nostram
2832 3872 3142 3926 conducant
3165 3870 3418 3931 salutem,

1853 3965 2052 4034 quippe
2082 3981 2208 4020 cum
2239 3979 2347 4019 non
2376 3965 2588 4019 nesciat
2610 3965 2902 4018 humanam
2927 3962 3319 4016 inﬁrmitatem.
3342 3958 3422 4014 Ac

1852 4057 2072 4124 quidem
2099 4057 2412 4128 ignorantes
2438 4057 2616 4111 studet
2634 4055 2860 4110 edocere
2885 4074 2899 4109 :
2925 4065 3172 4109 errantes
3197 4067 3326 4108 vero
3351 4052 3419 4106 ad

825 4225 890 4277 ⁸1
928 4223 1059 4297 Reg.
1119 4243 1192 4289 ix,
1232 4227 1284 4281 9.
1362 4228 1381 4257 ⁸
1407 4226 1508 4280 lsa.
1544 4245 1674 4292 xui,
1707 4230 1978 4296 l;ll'latth.
2013 4248 2111 4299 xu,
2148 4232 2233 4288 18.

1853 4405 1953 4453 ιιι,
1975 4389 2093 4461 ν18ε
2133 4407 2150 4440 ι
2184 4389 2324 4461 Ecce
2349 4406 2482 4459 puer
2507 4407 2679 4456 meus,
2702 4407 2860 4460 quem
2885 4392 3042 4460 elegi.
3075 4410 3094 4443 ι
3126 4390 3192 4444 Ει
3221 4407 3416 4461 quam-

1781 4500 1828 4558 ο
1855 4461 1938 4515 vis
1974 4459 2121 4558 Tltbg,
2166 4479 2182 4510 ι
2222 4460 2413 4546 Filius,
2451 4480 2470 4512 ι
2506 4463 2572 4513 ab
2598 4472 2801 4558 aeterno
2831 4463 3146 4558 exsistat'ac
3173 4459 3414 4558 dicatur,

1856 4547 1965 4584 non
2015 4540 2194 4584 tamen
2243 4533 2394 4593 παῖς,
2429 4547 2494 4584 eo
2527 4534 2671 4600 quod
2721 4533 2813 4585 illa
2847 4548 2950 4585 vox
2998 4533 3119 4601 (etsi
3154 4551 3173 4582 ι
3217 4534 3360 4586 [ilius
3392 4552 3410 4584 ι

1854 4601 2182 4670 quandoque
2231 4602 2512 4670 reddatur)
2543 4605 2726 4655 minus
2759 4604 3043 4657 commoda
3075 4603 3319 4665 videtur,
3357 4613 3415 4655 ut

1854 4674 1919 4724 ad
1943 4680 2198 4724 aeternam
2224 4672 2406 4740 ipsam
2441 4673 2864 4739 generationem,
2901 4673 3082 4739 inqua
3123 4673 3267 4724 nulla
3292 4686 3418 4738 pas-

1855 4741 1958 4802 sio,
1990 4742 2081 4796 sed
2113 4739 2352 4810 perfecta
2385 4742 2690 4809 aequalitas,
2715 4743 2996 4805 trahatur;
3024 4757 3146 4795 cum
3173 4759 3240 4794 ex
3267 4757 3415 4794 com—

1853 4812 2004 4863 muni
2036 4827 2140 4866 usu
2170 4811 2374 4880 aliquid
2409 4811 2872 4878 imperl'ectionis,
2908 4819 2981 4873 et,
3003 4821 3058 4864 ut
3087 4812 3166 4864 sic
3197 4813 3412 4878 loquar,

1853 4880 2251 4945 inferioritatis,
2291 4882 2404 4934 sive
2431 4896 2530 4948 pro
2584 4899 2602 4932 ι
2631 4882 2742 4934 11110
2772 4898 2791 4930 ι
2847 4880 2961 4933 sive
2990 4895 3090 4949 pro
3147 4898 3166 4931 ι
3198 4895 3356 4934 servo
3387 4898 3409 4932 ι

1851 4951 2166 5019 accipiatur,
2211 4952 2486 5018 importet.
2537 4950 2773 5004 Couner.
2803 4979 2876 4988 —
2903 4950 2959 5004 In
2994 4951 3154 5003 aliam
3198 4959 3416 5005 senten-

1853 5022 1981 5076 tiam
2025 5022 2137 5077 abit
2176 5019 2934 5090 d0etissimusifMaranusjn
2967 5023 3184 5090 egregio
3219 5034 3414 5090 opere,

1849 5093 1939 5146 cui
1967 5092 2153 5146 titulus
2183 5109 2195 5144 :
2233 5090 2497 5143 Divinitas
2529 5089 2598 5142 D.
2631 5089 2703 5142 N.
2735 5088 2792 5143 J.
2823 5088 2883 5142 ϐ.
2917 5088 3020 5142 lib.
3045 5088 3118 5154 tv,
3160 5104 3278 5158 cap.
3323 5088 3410 5158 15,

1850 5177 1970 5231 pag.
2007 5162 2133 5224 460,
2165 5161 2255 5215 ubi
2285 5161 2449 5213 verba
2488 5160 2593 5231 ista
2637 5159 2972 5231 perpendens
3003 5177 3017 5213 :
3054 5159 3224 5224 Αὐτὸς
3250 5158 3414 5214 πάλιν

1849 5228 1877 5284 6
1905 5228 1997 5285 τοῦ
2033 5232 2167 5284 Θεοῦ
2199 5234 2348 5294 παῖς,
2391 5231 2421 5281 6
2445 5228 2614 5282 πάλαι
2649 5229 2748 5297 μὲν
2776 5229 2968 5296 Λόγος,
3002 5245 3066 5284 ea
3091 5233 3169 5285 sic
3198 5231 3408 5285 reddit:

1854 5321 1874 5353 ι
1908 5305 2028 5371 Ipse
2060 5318 2247 5355 rursus
2279 5300 2372 5353 Dei
2403 5299 2597 5371 Filius,
2626 5300 2718 5368 qui
2743 5301 2894 5368 prius
2930 5299 3163 5353 Verbum
3201 5309 3352 5365 erat;
3384 5317 3406 5353 ι

1847 5369 2022 5440 neque
2056 5373 2213 5426 aliter
2256 5371 2399 5425 hunc
2421 5369 2609 5440 locum
2656 5371 3044 5438 interpretatur
3077 5371 3310 5424 Grabius
3344 5371 3409 5424 ad

1846 5438 1985 5496 Bulli
2021 5443 2232 5508 Defens.
2255 5442 2352 5509 βά.
2381 5438 2505 5494 Nic.
2548 5455 2670 5510 pag.
2707 5439 3011 5504 i01.~Quid
3044 5443 3188 5508 quod
3222 5441 3410 5494 eadem

145 5505 209 5560 ει.
241 5504 372 5558 Sed
428 5520 536 5559 non
571 5505 809 5563 videtur,
859 5504 1066 5574 Quaerit
1104 5505 1380 5574 quomodo
1427 5504 1746 5560 revelaverit

146 5586 286 5644 ante
323 5574 761 5631 incarnationem
798 5574 893 5629 Dei
925 5573 1195 5636 Verbum,
1230 5577 1322 5643 qui
1360 5576 1476 5644 ipse
1503 5589 1598 5644 per
1623 5592 1743 5630 eam

144 5643 253 5698 Dei
299 5647 438 5707 παῖς
467 5644 646 5714 factus
678 5644 770 5709 sit,
813 5645 864 5698 id
894 5655 980 5700 est
1013 5663 1031 5694 ι
1061 5660 1251 5700 servus
1280 5653 1333 5699 et
1362 5643 1514 5714 puer.
1549 5664 1566 5696 ι
1603 5644 1736 5700 lsai.

145 5731 320 5779 me,
356 5715 381 5766 1
416 5734 430 5767 :
472 5733 491 5764 ι
530 5713 670 5769 Ecce
721 5730 909 5784 servus
939 5729 1124 5781 meus,
1172 5713 1466 5784 suscipiam
1508 5730 1667 5781 eum;
1715 5735 1734 5768 ι

143 5800 323 5842 nqu
375 5784 560 5840 locum
611 5784 726 5862 ipse
769 5783 1031 5843 Dominus
1067 5785 1132 5841 de
1179 5800 1237 5842 se
1276 5783 1498 5854 eiponit
1547 5785 1736 5846 Matth.

1847 5513 2102 5583 loquendi
2135 5513 2354 5583 ratione,
2375 5512 2537 5583 paulo
2553 5509 2681 5583 post
2711 5511 2881 5563 utitur
2919 5521 3142 5583 sanctus
3173 5509 3411 5580 martyr?

1844 5578 1932 5646 εἷς’
1955 5583 2064 5654 γὰρ
2091 5582 2184 5635 καὶ
2213 5585 2241 5634 ὁ
2266 5578 2522 5654 τοῦξθεοῦ
2551 5582 2712 5643 Παῖς·
2743 5595 2864 5654 quae
3002 5583 3161 5634 vertit
3185 5578 3410 5650 ipsemet

1845 5649 2208 5708 Conibélisius
2235 5671 2248 5707 :
2290 5673 2308 5704 ι
2340 5650 2475 5706 Nam
2507 5664 2561 5707 et
2589 5667 2730 5705 unus
2765 5651 2858 5706 Dei
2888 5649 3057 5703 Filius
3093 5649 3255 5708 estIr

1919 5724 2032 5798 (14)
2071 5723 2259 5779 Αὐτόν.
2302 5723 2576 5792 (ἴοιηῠρῖ.,
2617 5721 2831 5785 αὐτούς.
2874 5720 3090 5787 Fannia.
