3836 6504
472 352 577 410 751

1110 351 1170 409 S.
1211 352 1573 408 HlPPOLYTI
1606 352 1755 409 OPP.
1809 354 1990 410 PARS
2027 355 2091 411 11.
2144 385 2214 397 -—-
2266 353 2570 410 DOGMAT.
2622 354 2710 408 ΕΤ
2750 350 3092 408 HlSTOh‘lC.
3600 356 3691 411 75?.

472 484 661 524 veram
687 483 843 523 suam
869 466 1012 521 viam
1044 469 1333 523 convertit.
1364 469 1542 538 Atque
1575 468 1662 524 his
1699 469 1918 540 quidem
1945 470 2037 540 qui

2148 467 2232 522 τοῦ
2272 467 2530 540 ἀληθινὴν
2562 468 2708 521 ὀδόν
2746 469 2843 521 καὶ
2886 471 2999 530 τοῖς
3032 468 3129 537 μὲν
3165 471 3302 537 μετὰ
3339 466 3570 532 πίστεως
3608 469 3691 541 ζη-

474 561 579 616 ﬁde
611 567 881 630 quaerunt,
918 557 1073 612 facile
1102 558 1412 613 invenitur:
1445 560 1531 613 his
1562 570 1743 615 autem
1770 562 1862 630 qui
1886 577 2045 615 mun-

474 652 559 706 dis
589 649 761 704 oculis
784 657 837 703 et
867 658 1018 701 casto
1046 648 1209 702 corde
1235 649 1434 703 ostium
1462 650 1679 719 pulsare
1708 650 2040 718 desiderant,

473 741 764 798 confestim
801 738 997 807 aperit.
1049 736 1270 792 Nullum
1302 739 1448 793 enim
1483 754 1708 794 suorum
1760 757 2042 797 servorum

474 833 687 901 rejicit,
730 832 889 901 quasi
934 830 1244 885 divinorum
1296 834 1684 902 mysteriorum
1734 834 2038 904 indignum.

472 923 591 979 Non
625 924 847 978 divitem
884 938 1119 992 paupere
1163 921 1331 991 pluris
1360 922 1504 987 facit,
1538 940 1712 995 neque
1750 943 2041 996 pauperem

471 1033 572 1089 pro
602 1016 723 1085 ejus
756 1016 1017 1069 tenuitate
1047 1013 1273 1082 spernit.
1302 1011 1420 1067 Non
1455 1016 1689 1070 barbaro
1716 1019 2038 1086 exprobrat,

471 1125 572 1164 nec
604 1108 917 1163 eunuchum
951 1106 1107 1175 quasi
1139 1120 1248 1157 non
1288 1104 1463 1159 virum
1497 1107 1728 1177 ablegat.
1769 1108 1886 1163 Non
1930 1111 2043 1164 odit

471 1201 729 1255 feminam
765 1204 834 1254 ob
862 1200 1050 1268 prima:
1082 1199 1309 1269 originis
1343 1200 1786 1267 inobedientiam,
1817 1217 1918 1257 nec
1959 1202 2040 1255 vi-

469 1308 593 1347 rum
621 1292 690 1345 ob
715 1288 1165 1359 transgressionis
1194 1298 1402 1343 reatum
1428 1287 1707 1357 deturpat;
1735 1291 1827 1345 sed
1849 1307 2040 1347 omnes

471 1386 587 1439 vult
615 1398 913 1450 omnesque
953 1383 1164 1437 salvare
1201 1382 1491 1437 desiderat.
1531 1380 1733 1436 Omnes
1770 1382 1865 1437 Dei
1900 1383 2040 1439 lilios

466 1474 733 1547 praestare
760 1475 893 1537 vult,
916 1484 1247 1543 sanctosque
1272 1488 1461 1528 omnes
1485 1474 1537 1527 in
1566 1490 1735 1527 unum
1764 1475 2039 1528 hominem

470 1568 770 1638 perfectum
799 1578 977 1621 vocat.
1006 1565 1140 1620 Nam
1170 1575 1224 1622 et
1254 1583 1396 1621 unus
1417 1566 1512 1621 Dei
1543 1568 1714 1623 Filius
1744 1579 1847 1634 est,
1881 1570 2039 1639 cujus

472 1660 639 1714 etiam
701 1674 802 1714 nos
862 1674 1087 1714 munere
1147 1674 1244 1727 per
1293 1656 1553 1727 Spiritum
1594 1668 1843 1714 sanctum
1913 1660 2042 1714 ade-

468 1752 547 1821 pti
586 1752 1084 1821 regenerationem,
1120 1750 1175 1804 in
1210 1764 1377 1803 unum
1432 1749 1731 1819 perfectum
1766 1766 1830 1807 ac
1875 1752 2039 1807 cmle-

471 1852 612 1898 stem
639 1844 913 1898 hominem
945 1859 1135 1899 omnes
1161 1859 1447 1899 occurrere
1475 1851 1727 1913 optamus
1748 1844 1789 1899 ⁷.

539 2024 630 2080 IV.
673 2026 763 2081 Dei
798 2026 941 2081 enim
988 2024 1261 2089 Verbum,
1304 2041 1427 2081 cum
1496 2036 1641 2081 esset
1707 2025 1889 2080 carnis
1930 2040 2033 2079 ex-

470 2132 615 2188 pers,
671 2126 912 2172 sanctam
970 2131 1190 2171 carnem
1231 2130 1298 2169 ex
1354 2126 1542 2171 sancta
1574 2114 1795 2185 Virgine
1841 2115 2036 2181 induit,

468 2215 729 2277 tanquam
782 2223 1016 2277 sponsus
1082 2209 1183 2263 sibi
1236 2208 1409 2277 ipsam
1462 2208 1518 2261 in
1564 2208 1743 2262 crucis
1794 2208 2038 2275 patibulo

467 2310 672 2354 vestem
722 2310 1051 2365 contexens;
1108 2314 1218 2369 quo
1267 2298 1527 2352 nimirum
1572 2299 1801 2353 mortale
1840 2313 2037 2367 corpus

467 2400 714 2445 nostrum
777 2407 889 2445 suae
947 2392 1238 2445 adunando
1290 2391 1518 2454 virtuti,
1582 2399 1636 2444 et
1691 2391 2038 2459 corruptibile

468 2484 906 2553 incorruptibili,
962 2484 1239 2537 inlirmum
1307 2483 1434 2537 forti
1497 2482 1771 2548 miscens,
1832 2482 2038 2538 homini

469 2576 563 2645 qui
594 2576 828 2645 perierat
859 2576 1090 2629 salutem
1122 2583 1419 2643 praastaret.
1457 2574 1552 2628 Est
1582 2575 1742 2643 igitur
1775 2576 2039 2631 textorius

465 2666 665 2731 malus,
698 2681 820 2736 quae
873 2666 927 2719 in
979 2681 1142 2719 cruce
1190 2675 1400 2735 peracta
1454 2664 1669 2719 Domini
1708 2666 1891 2733 passio
1920 2674 2036 2733 est;

467 2767 679 2811 stamen
732 2758 786 2810 in
829 2772 915 2823 eo,
956 2758 1129 2812 sancti
1167 2756 1402 2827 Spiritus
1443 2757 1651 2821 virtus;
1683 2764 1879 2821 trama,
1913 2772 2041 2810 san-

468 2858 555 2905 cta
584 2866 713 2903 caro
745 2848 951 2919 Spiritu
983 2859 1268 2918 contexta;
1312 2850 1519 2914 licium,
1550 2865 1672 2919 qua:
1708 2866 1804 2919 per
1831 2849 2038 2903 Christi

466 2942 784 2996 charitatem
803 2942 972 3011 gratia
997 2950 1226 3012 utraque
1248 2943 1565 3013 astringitet
1584 2942 1636 2996 in
1655 2958 1822 2995 unum
1841 2942 2036 3005 nectit;

464 3032 627 3097 radii,
656 3031 930 3099 Verbum;
966 3042 1203 3089 textores
1256 3033 1491 3103 denique
1522 3034 1776 3099 artiﬁces,
1811 3033 2041 3102 patriar-

465 3123 582 3177 chze
606 3132 659 3178 et
688 3125 982 3194 prophetas,
1008 3126 1295 3194 pulchrum
1321 3125 1525 3180 Christi
1555 3134 1905 3181 contexentes
1941 3141 2039 3196 po-

464 3214 647 3268 derem
698 3215 1102 3285 ac-perl‘ectam
1151 3217 1426 3283 tunicam;
1479 3232 1575 3286 per
1618 3234 1756 3288 quas
1800 3217 2037 3272 Verbum

463 3307 785 3374 pervadens,
815 3308 1093 3363 radiorum
1139 3325 1308 3377 more,
1341 3310 1555 3364 illarum
1583 3324 1748 3380 opera
1777 3310 2037 3376 contexit,

464 3412 528 3451 ea
558 3414 679 3468 quae
703 3397 849 3452 Patri
883 3400 1069 3454 libent.

537 3573 607 3628 V.
644 3574 845 3631 Verum
869 3578 1129 3647 quoniam
1155 3577 1269 3647 jam
1303 3586 1518 3648 tempus
1545 3587 1702 3648 urget
1730 3579 1796 3633 ad
1822 3593 1885 3633 ea
1915 3594 2038 3648 quae

467 3669 628 3723 nobis
679 3679 1001 3739 argumento
1050 3671 1327 3740 proposita
1379 3680 1543 3735 sunt,
1599 3686 1724 3725 cum
1773 3671 2043 3727 suiﬁciant

464 3776 587 3831 qua:
612 3762 667 3816 in
688 3762 913 3816 exordio
938 3763 1006 3815 ad
1036 3762 1128 3817 Dei
1156 3762 1383 3833 gloriam
1407 3764 1800 3833 peroravimus,
1822 3780 2040 3833 aequum

464 3858 633 3905 estut
679 3852 1053 3922 aggredientes
1106 3852 1253 3922 ipsas
1301 3852 1515 3907 divinas
1564 3851 1912 3921 Scripturas,
1969 3869 2037 3909 ex

538 3966 561 3995 '
593 3966 792 4037 Ephes.
817 3983 892 4034 1v,
926 3966 1014 4022 l3.

538 4082 648 4154 (l5)
694 4084 826 4156 Thr
874 4085 1081 4156 θρραν.
1137 4082 1263 4140 Haec
1316 4083 1458 4140 male
1512 4083 1841 4140 omittuntur
1894 4086 2038 4156 apud

464 4151 869 4207 Combeiisium.
906 4155 1126 4209 Ἐλελεῦ.

540 4224 653 4357 (16)
683 4226 806 4275 Ὧν.
841 4224 966 4293 Leg.
998 4220 1085 4295 ἦν.
1114 4223 1249 4279 Gun.

542 4294 628 4357 (i7
681 4294 789 4346 Καὶ
811 4294 993 4357 μίξας
1018 4294 1099 4357 τῷ
1131 4296 1249 4357 ἀφθ

542 4293 653 4359 (17)
681 4294 789 4346 Καὶ
811 4294 993 4362 μίξας
1018 4293 1099 4359 τῷ
1131 4294 1423 4362 ἀφθάρτῳ.
1458 4293 1577 4360 Quo
1622 4294 1713 4348 lux
1747 4294 1878 4350 huic
1916 4296 2038 4351 loco

468 4361 759 4433 aﬁ‘ulgeat_._
790 4361 1074 4418 consulere
1111 4361 1330 4433 praestat
1367 4363 1789 4419 Thomassinum
1831 4365 1906 4419 De
1939 4365 2035 4418 In-

468 4431 677 4486 carnat.
720 4431 895 4498 Verbi,
926 4434 1017 4486 lib.
1067 4431 1150 4496 lli,
1185 4450 1303 4502 cap.
1354 4434 1406 4499 5,
1441 4434 1531 4488 ubi
1579 4435 1662 4489 vir
1692 4436 1883 4489 doctus
1922 4438 2039 4490 exi-

468 4502 609 4557 mios
639 4518 887 4571 quosque
924 4518 952 4555 e
983 4503 1184 4558 Crtecis
1214 4513 1266 4557 et
1304 4502 1512 4557 Latinis
1539 4503 1793 4559 Patribus
1816 4507 2036 4569 excitat,

464 4572 562 4644 qui
596 4574 880 4641 utriusque
928 4582 1136 4627 naturae
1173 4572 1514 4627 inconfusam
1548 4574 1787 4642 quidem,
1825 4576 1918 4629 sed
1948 4592 2040 4644 pe-

466 4642 797 4696 nitissimam
838 4644 1294 4709 commistionem,
1325 4644 1549 4697 unitatis
1581 4645 1883 4711 personalis
1915 4642 2039 4699 vin-

466 4713 650 4766 Culum
691 4714 976 4779 ipsumque
1010 4728 1207 4766 nexum
1241 4728 1361 4767 esse
1388 4714 1747 4767 inculcarunt.

541 4782 650 4851 (18)
680 4782 1131 4853 Διεργαζόμενοι.
1166 4781 1291 4852 Leg.
1331 4782 1374 4834 δ’
1404 4782 1775 4853 ἐργαζόμενοι.
1798 4782 1934 4838 Gun.

542 4853 654 4919 (19)
684 4854 925 4923 Λεκτόν.
954 4852 1164 4923 _Cuivis
1192 4863 1479 4923 iappareat
1542 4852 1641 4922 pro
1699 4853 1882 4907 λοιπόν
1937 4853 2041 4923 legi

466 4932 720 4991 Oportere
749 4922 920 4974 οὐδέν.
954 4920 1157 4985 Tum.
1190 4920 1317 4975 FAB.

542 4992 654 5059 (20)
694 4991 957 5062 Ἀπαιτεῖ.
988 4993 1127 5056 Quin
1156 4992 1439 5062 legendum
1471 4994 1701 5061 ἐπείγει,
1733 4992 1916 5045 nullus
1940 4992 2042 5045 du-

467 5059 607 5115 bito.
637 5061 732 5116 Vel
762 5062 807 5114 si
835 5063 1073 5124 ἀπαιτεῖ,
1113 5059 1232 5114 alia‘
1246 5078 1350 5116 vox
1378 5059 1653 5133 jungenda
1685 5072 1847 5116 esset.
1874 5062 2039 5133 Clara

468 5147 599 5199 ergo
642 5132 942 5195 sententia,
994 5134 1101 5199 iam
1135 5147 1326 5201 urgere
1358 5143 1569 5201 tempus
1598 5132 1885 5197 (tractandi
1934 5132 2041 5185 sci-

468 5201 597 5256 licet
621 5202 987 5324 occasionem}
1016 5203 1264 5269 expedito
1289 5204 1535 5266 exordio,
1571 5212 1629 5255 ut
1651 5202 1716 5255 ad
1741 5201 2037 5267 subjectum

468 5273 753 5324 materiam
788 5286 950 5324 nroce
992 5280 1131 5323 atnr.
1170 5270 1353 5324 ltauue
1398 5272 1485 5324 hic
1530 5272 1709 5324 oneris
1738 5271 1931 5324 divisio
1958 5276 2037 5323 est

468 5273 753 5325 materiam
788 5270 1131 5339 procedatnr.
1170 5270 1353 5339 itaque
1398 5272 1485 5325 hic
1530 5272 1709 5340 operis
1738 5271 1931 5324 divisio
1958 5276 2041 5323 est

466 5350 524 5396 et
557 5341 863 5411 argumenti
922 5342 1241 5394 insinuatio.
1291 5341 1509 5411 Colligit
1556 5342 1685 5411 hinc
1733 5340 2040 5411 Cudiusde

470 5412 589 5465 solo
618 5408 953 5465 Antichristo
981 5412 1317 5480 propositum
1344 5408 1629 5480 Hippolyto
1658 5410 1869 5474 dicere;
1902 5408 2041 5461 rela-

469 5482 649 5548 tisque
676 5481 863 5549 paucis
894 5481 1019 5535 hinc
1053 5480 1227 5541 lineis,
1263 5482 1336 5534 ita
1374 5482 1602 5535 assumit
1632 5499 1645 5534 :
1682 5500 1699 5532 ι
1728 5480 1865 5545 Quid
1896 5492 2040 5532 nunc

470 5558 559 5605 est
586 5554 823 5618 apertius
845 5590 860 5613 ,
890 5566 1051 5620 quam
1088 5565 1194 5603 non
1230 5551 1297 5603 ad
1335 5562 1712 5619 argumentum
1746 5550 2036 5619 pertinere,

470 5634 594 5744 sum
621 5623 688 5673 de
731 5622 949 5676 Christo
988 5620 1232 5701 dixerat?
1269 5639 1287 5671 ι
1327 5620 1405 5674 lta
1446 5621 1645 5688 plane:
1678 5630 1731 5673 at
1763 5633 2042 5698 numqua:

511 5698 741 5743 tcturum
795 5705 856 5744 se
905 5691 1223 5744 pollicetur.
1259 5691 1325 5744 de
1375 5689 1664 5744 revelando
1709 5690 1910 5744 Christi
1944 5687 2041 5741 ad-

511 5689 741 5761 icturum
795 5705 856 5745 se
905 5691 1223 5761 pollicetur,
1259 5691 1325 5744 de
1375 5687 1664 5761 revelando
1709 5688 1910 5744 Christi
1944 5687 2041 5761 ad:

474 5770 635 5815 ventu
670 5760 734 5817 de
756 5758 927 5832 coelo;
968 5762 1035 5818 de
1073 5771 1387 5819 sanctorum
1422 5776 1545 5817 cum
1584 5758 1803 5817 Christo
1836 5758 2040 5827 regno?

2144 556 2327 609 τοῦσιν
2359 557 2595 620 εὐκόλως
2634 557 3045 629 εὑρισκόμενος·
3096 561 3205 620 τοῖς
3236 557 3290 609 δὲ
3320 557 3573 629 καθαροῖς
3609 560 3691 630 ὅμι

2148 665 2278 718 μασι
2298 649 2392 701 καὶ
2419 649 2556 718 ἁγνῇ
2586 648 2783 719 καρδίᾳ
2805 649 3020 720 κρούειν
3048 648 3145 719 τὴν
3180 646 3348 719 θύραν
3383 650 3492 719 (15)
3520 651 3691 703 ἐπιθυ-

2147 738 2356 809 μοῦσιν,
2382 739 2545 803 εὐθὺς
2569 740 2933 809 ἀνοιγόμενος.
2972 739 3171 792 Οὐδένα
3215 738 3322 810 γὰρ
3350 739 3689 794 άποϐάλλεται

2141 830 2248 883 τῶν
2300 830 2489 884 ἑαυτοῦ
2539 832 2760 897 δούλων,
2811 832 2885 895 ὡς
2920 833 2991 903 μὴ
3027 833 3153 885 ὄντα
3200 835 3346 899 ἄξιον
3397 834 3505 885 τῶν
3549 832 3690 885 θείων

2145 922 2486 993 μυστηρίων
2538 924 2597 975 οὑ
2645 923 2895 977 πλούσιον
2951 925 3229 995 προτιμῶν
3274 925 3536 995 πένητος’
3586 924 3689 975 οὐδὲ

2143 1012 2347 1081 πένητα
2391 1012 2479 1065 διὰ
2524 1014 2583 1065 τὸ
2625 1014 2840 1085 μέτριον
2888 1013 3212 1079 ἐξουθενῶν·
3266 1013 3691 1084 οὐδέ’βάρ6αρον

2140 1104 2432 1168 ὀνειδίζων,
2474 1104 2591 1157 οὐδὲ
2639 1105 2728 1158 τὸν
2758 1104 3009 1175 εὐνοῦχον
3036 1106 3111 1169 ὡς
3151 1106 3223 1175 μὴ
3250 1104 3555 1176 ἄνθρωπον,
3586 1105 3694 1173 ἀφο-

2145 1195 2336 1268 ρίζωνο
2369 1197 2489 1250 οὐδὲ
2522 1197 2654 1267 θῆλυ
2690 1197 2778 1251 διὰ
2815 1199 2913 1269 τὴν
2948 1198 3178 1269 ἐξαρχῆς
3205 1197 3502 1267 γενομένην
3536 1211 3691 1265 παρα-

2141 1290 2270 1360 κοὴν
2295 1290 2486 1359 μισῶν,
2521 1290 2643 1342 οὐδὲ
2672 1290 2765 1343 τὸν
2799 1290 3003 1361 ἄρρενα
3036 1290 3122 1342 διὰ
3148 1290 3244 1359 τὴν
3277 1288 3588 1359 παράϐασιν
3602 1288 3693 1339 άτι-

2145 1381 2329 1450 μάζων
2348 1398 2361 1410 ⁸
2397 1381 2532 1434 ἀλλὰ
2561 1382 2767 1445 πάντας
2799 1382 2964 1434 θέλων
2992 1383 3084 1434 καὶ
3116 1381 3323 1443 πάντας
3357 1378 3549 1442 σώζειν
3592 1381 3690 1432 ἐπι-

2142 1472 2348 1542 θυμῶν,
2397 1472 2603 1536 πάντας
2658 1474 2806 1537 υἱοὺς
2856 1474 2989 1526 Θεοῦ
3034 1473 3357 1543 καταρτίσαι
3402 1472 3574 1524 θέλων
3613 1471 3691 1523 καὶ

2140 1567 2263 1629 τοὺς
2298 1564 2504 1628 πάντας
2524 1566 2711 1633 ἁγίους
2739 1568 2816 1629 εἰς
2839 1566 2933 1617 ἕνα
2957 1566 3161 1617 τέλειον
3194 1564 3482 1635 ἄνθρωπον
3504 1562 3684 1615 καλῶνσ

2140 1652 2216 1718 εἷς
2250 1654 2359 1726 γὰρ
2392 1656 2485 1707 καὶ
2506 1657 2534 1707 6
2553 1654 2646 1707 τοῦ
2682 1655 2815 1708 θεοῦ
2856 1659 3003 1718 παῖς,
3030 1657 3099 1708 δι’
3119 1651 3179 1708 οῦ
3207 1656 3301 1708 καὶ
3327 1656 3487 1724 ἡμεῖς
3530 1653 3693 1723 τυχόν-

2142 1762 2232 1808 τες
2263 1746 2361 1816 τὴν
2395 1745 2482 1798 διὰ
2534 1744 2628 1798 τοῦ
2668 1745 2823 1814 ἁγίου
2859 1746 3173 1817 Πνεύματος
3208 1746 3587 1815 ἁναγέννησιν,
3626 1747 3690 1806 είς

2071 1816 2113 1871 Β
2141 1836 2237 1889 ἕνα
2260 1836 2459 1891 τέλειον
2492 1836 2584 1888 καὶ
2617 1839 2933 1909 ἐπουράνιον
2962 1840 3245 1910 ἄνθρωπον
3266 1838 3315 1889 οἱ
3335 1837 3537 1900 πάντες
3574 1852 3686 1890 κατ-

2136 1928 2366 1998 αντῆσαι
2394 1928 2551 1982 ἐπιθυ
2560 1929 2659 2000 μοῦ
2670 1948 2766 2000 μεν
2778 1969 2792 1982 .

2218 2020 2437 2091 Ἐπειδὴ
2470 2021 2577 2093 γάρ
2618 2023 2645 2075 6
2678 2022 2847 2089 Λόγος
2895 2021 2988 2075 τοῦ
3030 2019 3165 2073 Θεοῦ
3214 2021 3452 2089 ἄσαρκος
3478 2018 3556 2071 ὣν
3580 2018 3691 2089 (16),

2138 2111 2422 2165 ἐνεδύσατο
2461 2114 2559 2184 τὴν
2604 2114 2763 2182 ἁγίαν
2812 2112 2988 2183 σάρκα
3034 2114 3097 2165 ἐκ
3152 2112 3254 2182 τῆς
3290 2113 3450 2180 ἁγίας
3501 2110 3690 2183 Παρθέ-

2139 2221 2265 2266 νου,
2319 2204 2395 2265 ὼς
2447 2204 2677 2273 νυμφίος
2722 2204 2933 2274 ἱμάτιον
2988 2204 3254 2272 ἐξυφάνας
3298 2204 3477 2272 ἐαυτῷ
3528 2206 3584 2255 ἐν

2141 2296 2415 2366 σταυρικῷ
2462 2296 2640 2359 πάθει,
2686 2300 2833 2359 ὅπως
2873 2298 3213 2368 συγκεράσας
3244 2298 3304 2348 τὸ
3334 2297 3526 2368 θνητὸν
3560 2297 3692 2366 ἡμῶν

2141 2390 2299 2459 σῶμα
2344 2392 2410 2460 τῇ
2460 2390 2651 2442 ἑαυτοῦ
2698 2391 2956 2460 δυνάμει,
3003 2392 3095 2444 καὶ
3139 2391 3296 2461 μίξας
3456 2389 3693 2459 ἀφθάρτῳ

2141 2482 2254 2552 (17)
2289 2481 2348 2534 τὸ
2384 2481 2620 2553 φθαρτὸν
2670 2483 2762 2535 καὶ
2812 2483 2870 2535 τὸ
2918 2483 3139 2545 ἀσθενὲς
3191 2483 3268 2552 τῷ
3303 2482 3530 2551 ἰσχυρῷ,
3568 2479 3693 2550 σώσῃ

2138 2572 2229 2626 τὸν
2278 2573 2644 2643 ἀπολλύμενον
2688 2573 2991 2645 ἄνθρωπον.
3036 2575 3191 2626 Ἐστι
3224 2574 3319 2643 μὲν
3349 2570 3445 2626 οῦν
3492 2574 3519 2624 6
3550 2572 3691 2634 ἱστὸς,

2138 2665 2231 2718 τοῦ
2264 2666 2465 2737 Κυρίου
2518 2666 2578 2719 τὸ
2611 2666 2780 2729 πάθος
2821 2666 2881 2719 τὸ
2913 2666 3005 2718 ἐπὶ
3041 2665 3119 2735 τῷ
3170 2664 3391 2734 σταυρῷ
3418 2664 3694 2733 γεγενημέο

2140 2773 2246 2809 νον·
2298 2758 2519 2827 στήμων
2566 2758 2621 2810 δέ
2669 2758 2725 2808 ἐν
2758 2756 3004 2827 αὺτῷ,ἡ
3047 2756 3140 2808 τοῦ
3196 2756 3351 2823 ἁγίου
3404 2755 3693 2822 Πνεῦματπ

2139 2847 2385 2918 δύναμις·
2423 2849 2596 2920 κρόκη
2627 2849 2705 2912 δὲ,
2736 2851 2769 2919 ἡ
2793 2849 2922 2917 ἁγία
2952 2848 3089 2919 σάρξ
3121 2847 3515 2917 ἐνυφαινομὲνη
3550 2843 3695 2897 Πνεῦ-

2142 2956 2289 3010 ματι’
2331 2938 2484 3008 μίτος
2514 2940 2571 2991 δὲ
2594 2980 2609 3003 ,
2662 2941 2695 3010 ἡ
2744 2939 2810 2991 δι’
2844 2939 3061 3009 ἀγάπης
3092 2937 3327 3009 Χριστοῦ
3364 2937 3521 3007 χάρις
3562 2934 3697 3002 σφίγ-

2140 3046 2309 3098 γουσα
2336 3030 2431 3083 κα)⁵
2462 3029 2657 3083 ἐνοῦσα
2684 3029 2752 3081 τά
2787 3030 3072 3103 ἀμφότερα
3121 3033 3200 3093 είς
3232 3030 3310 3082 ἐν’
3348 3030 3594 3101 κερκίδες
3622 3028 3691 3087 δὲ,

2139 3124 2167 3174 ό
2219 3122 2408 3189 Λόγοςο
2459 3124 2506 3175 οί
2545 3121 2950 3191 διεργαζόμενοι
2991 3122 3123 3193 (18),
3165 3122 3505 3191 πατριάρχαι
3535 3136 3587 3170 τε
3619 3117 3695 3169 καὶ

2141 3214 2442 3285 προφῆται,
2490 3214 2538 3266 οἱ
2585 3213 2676 3267 τὸν
2710 3213 2873 3267 καλὸν
2909 3214 3114 3286 ποδήρη
3150 3214 3242 3267 καὶ
3282 3213 3491 3266 τέλειον
3518 3210 3694 3281 χιτῶνα

2138 3308 2450 3377 ὑφαίνοντες
2499 3304 2749 3376 Χριστῷ,
2783 3304 2851 3357 δι’
2904 3298 2976 3359 ὧν
3031 3307 3060 3357 6
3106 3305 3276 3373 Λόγος
3330 3302 3693 3372 διῖκνοῦμενος.

2137 3395 2399 3465 κερκίδων
2432 3394 2607 3464 δίκην,
2644 3392 2921 3462 ἐξυφαίνει
2954 3394 3019 3445 δι’
3052 3393 3229 3446 αὐτῶν
3264 3392 3417 3445 ταῦθ’
3444 3393 3579 3461 ειπερ
3601 3387 3696 3459 βου⁴

2138 3484 2289 3537 λεται
2320 3486 2347 3537 6
2376 3486 2587 3555 Πατήρ.
2640 3506 2645 3509 ν

2228 3583 2367 3635 Ἀλλ’
2402 3583 2591 3655 ἐπειδὴ
2622 3585 2808 3655 καιρὸς
2838 3584 3023 3637 λοιπὸν
3056 3584 3165 3653 (19)
3194 3584 3418 3636 ἀπαιτεῖ
3447 3581 3556 3650 (20)
3583 3578 3696 3648 πρὸς

2144 3674 2213 3728 τά
2244 3674 2610 3745 ὑποκείμενα,
2652 3676 2937 3747 αῦταρκῶν
2975 3676 3143 3727 ὄντων
3174 3674 3282 3726 τῶν
3324 3676 3383 3726 ἐν
3425 3673 3504 3743 τῷ
3536 3687 3696 3741 πρωι-

2149 3765 2257 3835 μίῳ
2300 3766 2410 3835 (21)
2448 3768 2528 3829 εἰς
2570 3765 2726 3830 δόξαν
2778 3766 2913 3819 Θεοῦ
2958 3767 3281 3837 εἰρημένων,
3323 3764 3531 3818 δίκαιόν
3566 3766 3695 3815 ἐστιν

2138 3858 2286 3928 ἡμᾶς
2330 3856 2711 3929 ἐφαψαμένους
2744 3858 2853 3930 (22)
2895 3858 3069 3911 αὐτῶν
3111 3858 3218 3911 τῶν
3268 3857 3428 3910 θείων
3466 3857 3504 3908 Γ
3512 3854 3693 3927 ραφῶν,

2144 4087 2391 4159 Cumque
2419 4096 2530 4144 tota
2561 4089 2887 4144 tractatione
2932 4088 3317 4159 Antichristum
3354 4088 3569 4143 Christo
3607 4099 3697 4159 op-

2144 4156 2328 4227 ponat,
2366 4174 2472 4214 non
2506 4161 2579 4213 ita
2612 4160 2751 4212 male
2787 4160 2900 4213 sive
2930 4160 3042 4226 ipse
3073 4158 3415 4228 Hippolytus,
3444 4158 3557 4211 sive
3584 4156 3696 4228 qui-

2146 4224 2229 4282 vis
2260 4230 2398 4283 alius
2417 4269 2431 4293 ,
2450 4298 2462 4301 Δ
2484 4224 2993 4301 prtenotavitlllepi.
3026 4224 3391 4301 Χριστοῦξκαὶ
3442 4224 3695 4301 Ἀντιχρίε

2145 4315 2291 4351 στου·
2322 4298 2466 4367 quod
2513 4299 2587 4352 ita
2633 4306 2753 4367 post
2800 4297 3118 4352 Photianum
3163 4299 3404 4367 codicem
3450 4297 3624 4367 etiam
3668 4297 3700 4345 ii

2143 4364 2570 4436 reprzesentant,
2627 4364 2691 4421 ex
2737 4369 2936 4436 quibus
2988 4382 3243 4437 expressa
3294 4366 3452 4421 Gudii
3505 4364 3697 4437 editio;

2070 4480 2115 4535 Β
2144 4433 2342 4561 auibus
2373 4439 2600 4507 proinde
2629 4433 2794 4491 malui
2832 4433 3251 4506 ltmrere,'quam
3282 4438 3403 4505 ejus
3428 4433 3699 4516 mutationi

2182 4507 2369 4561 eferre.
2405 4506 2793 4561 Hieronvmum
2838 4508 3017 4561 (cuius
3064 4518 3114 4560 ct
3148 4508 3262 4561 inse
3295 4522 3474 4561 magni
3523 4512 3699 4557 aucto~

2182 4506 2793 4577 eferre.Hieronymum
2838 4508 3017 4577 (cujus
3064 4518 3114 4560 ct
3148 4508 3262 4575 ipse
3295 4506 3481 4577 magni
3523 4512 3700 4577 συείο-

2144 4578 2358 4631 ritatem
2397 4576 2557 4641 facio)
2594 4574 2869 4630 adversari
2910 4576 3101 4630 Photio
3134 4574 3242 4631 non
3279 4574 3435 4630 facile
3456 4574 3699 4631 dixerint,

2143 4647 2288 4715 quod
2334 4646 2605 4716 Hippolyti
2661 4647 2834 4716 plura
2870 4647 3219 4709 recensendo,
3262 4646 3340 4716 De
3392 4644 3701 4698 Amic/arista

2143 4714 2487 4770 solummodo
2528 4714 2742 4769 dixerit.
2793 4714 2992 4783 Nempe
3034 4732 3130 4769 nec
3163 4717 3228 4769 de
3268 4715 3489 4769 Christo
3550 4726 3703 4779 nega-

2142 4786 2238 4848 vit,
2280 4785 2373 4839 scd
2426 4787 2505 4840 sic
2553 4802 2785 4845 summa,
2824 4782 2967 4838 unde
3014 4795 3277 4839 tractatus
3319 4794 3461 4838 esset
3513 4782 3700 4843 notior,

2141 4856 2423 4927 ascripsit;
2474 4854 2700 4927 Photius
2727 4871 2793 4907 cr;
2823 4856 3007 4908 codice
3053 4856 3319 4922 integrum
3352 4853 3584 4927 titulum
3621 4864 3701 4927 re-

2142 4926 2371 4978 censuit.
2401 4924 2603 4978 Deinde
2659 4940 2724 4976 co
2766 4933 2970 4993 spectat
3008 4933 3119 4977 tota
3156 4923 3432 4984 tractatio,
3470 4932 3530 4974 ut
3557 4923 3701 4993 Anti-

2141 4994 2330 5048 christi
2359 5010 2423 5047 ex
2456 4993 2754 5064 scripturis
2779 4991 3257 5055 demonstratione,
3282 4994 3349 5045 ab
3375 5008 3438 5045 eo
3463 4991 3702 5064 ﬁdelibus

2141 5075 2361 5125 caveat,
2407 5072 2461 5117 et
2501 5062 2718 5116 Christo
2770 5064 3057 5132 adjungat,
3095 5065 3490 5129 amborumque
3525 5062 3702 5114 discri-

2141 5148 2265 5204 men
2296 5149 2419 5187 eum
2450 5133 2503 5204 in
2533 5133 2693 5186 tinem
2727 5135 2966 5201 aperiat;
2999 5133 3142 5204 quod
3170 5132 3445 5204 Christum
3484 5144 3705 5204 nones-

2142 5202 2329 5265 cludit,
2377 5218 2445 5256 ne
2490 5202 2606 5270 ipse
2654 5200 2777 5270 pars
2826 5203 3128 5270 argumenti
3179 5202 3452 5262 videatur,
3500 5210 3556 5254 et
3588 5200 3703 5252 linis

2142 5273 2408 5339 genuinus
2459 5282 2622 5338 atque
2674 5273 2922 5340 proprius
2971 5272 3331 5338 tractationis,
3376 5285 3485 5324 non
3536 5271 3703 5325 solum

2141 5343 2497 5395 extrinsecus.
2526 5342 2759 5394 Couosr.

2214 5412 2325 5481 (21)
2351 5412 2463 5481 ῖἘν
2503 5410 2583 5475 τῷ
2627 5411 2928 5481 προοιμίῳ.
2964 5410 3173 5481 Citatur
3207 5410 3307 5481 hic,
3332 5410 3486 5481 locus
3517 5410 3571 5463 in
3605 5407 3705 5461 Pa-

2142 5479 2315 5534 rallel.
2348 5480 2619 5540 Damasc.,
2649 5490 2780 5552 tom.
2817 5480 2893 5546 ll,
2938 5497 3063 5552 pag.
3092 5479 3214 5534 781.
3250 5480 3370 5534 Vid.
3408 5495 3584 5550 supra
3624 5496 3707 5532 \e-

2144 5560 2243 5603 ter.
2282 5553 2511 5612 testim.,
2537 5565 2687 5602 num.
2726 5550 2780 5603 9.

2213 5620 2324 5689 (2-2)
2368 5619 2837 5688 Ἐςραψαμένους.
2869 5618 2943 5673 lta
2972 5617 3288 5689 Combefis.;
3327 5619 3379 5675 in
3411 5620 3570 5676 edito
3616 5635 3705 5675 au-

2144 5698 2249 5745 tem
2276 5688 2596 5746 Fabriciano
2624 5705 2885 5745 excusum
2918 5688 3301 5761 ἐφαψαμένων.
