3836 6544
256 410 343 464 733
1271 404 1360 459 DE
1399 401 1701 458 CHRISTO
1740 400 1826 454 ET
1864 395 2354 454 ANTICHRISTO.

3347 390 3455 446 754

254 523 427 581 ἐπιδεῖν
468 519 528 572 δι’
569 518 766 583 αὐτῶν,
806 520 889 584 τίς
933 520 1025 574 καὶ
1070 519 1285 591 ποταπὴ
1315 521 1347 590 ἡ
1380 520 1473 573 τοῦ
1522 518 1778 590 Ἀντιχρί-

1883 516 1995 597 illis
2024 516 2306 569 videamus
2331 511 2455 582 quis
2486 520 2536 565 et
2574 493 2754 579 qualis
2796 506 3117 563 Antichristi
3151 506 3413 563 adventus
3433 548 3451 576 ,

254 634 361 670 στου
395 610 664 682 παρουσία·
703 611 839 681 ποίῳ
870 611 925 664 δὲ
957 610 1132 682 καιρῷ
1163 611 1257 663 καὶ
1304 610 1479 683 χρόνῳ
1521 613 1549 664 6
1586 612 1785 681 ἄνομος

252 703 744 773 ἀποκαλυφθήσεται·
779 702 940 755 πόθεν
965 702 1020 755 δὲ
1052 702 1145 756 καὶ
1177 703 1240 755 ὲκ
1274 703 1433 765 ποίας
1465 702 1657 772 φυλῆς,
1693 703 1787 754 καὶ

251 798 295 853 τί
320 797 489 850 τούτου
531 796 716 864 ὄνομα,
762 794 822 846 τὸ
863 794 949 849 διὰ
997 793 1089 847 τοῦ
1121 794 1353 865 ἀριθμοῦ
1396 796 1453 847 ὲν
1496 797 1560 864 τῇ
1596 795 1783 865 Γραφῇ

253 889 569 961 μηνυόμενον·
616 885 731 949 πῶς
781 885 839 938 δὲ
880 886 1086 957 πλάνην
1131 887 1227 956 μὲν
1270 886 1348 957 τῷ
1381 885 1495 956 λαῷ
1532 887 1787 957 ὲγγεννή-

251 997 348 1045 σει,
391 977 706 1041 ἐπισυνάξας
746 976 940 1039 αὐτοὺς
984 978 1049 1029 ἐκ
1090 976 1198 1029 τῶν
1244 977 1492 1048 περάτων
1532 980 1630 1046 τῆς
1661 978 1782 1047 γῆς·

248 1070 401 1139 θλίψιν
447 1069 498 1121 δὲ
543 1069 635 1122 καὶ
679 1068 917 1138 διωγμὸν
965 1068 1059 1121 ἐπὶ
1106 1068 1230 1131 τοὺς
1275 1070 1463 1137 ἁγίους
1508 1071 1781 1139 ἐπεγερεῖ·

248 1163 328 1217 καὶ
358 1161 461 1224 πῶς
506 1160 694 1215 ἑαυτὸν
741 1161 951 1226 δοξάσει
993 1161 1068 1226 ὡς
1111 1161 1274 1213 Θεόν·
1316 1162 1400 1225 τίς
1442 1161 1497 1213 δὲ
1530 1162 1562 1233 ἠ
1595 1161 1784 1214 τούτου

255 1251 520 1305 συντέλεια·
566 1250 680 1313 πῶς
726 1250 781 1303 δὲ
822 1252 854 1322 ὴ
889 1251 1174 1321 ἐπιφάνεια
1212 1249 1304 1303 τοῦ
1345 1251 1546 1323 Κυρίου
1579 1252 1786 1304 ἀποκα-

244 1340 539 1412 λυφθήσεται
574 1340 668 1393 ἀπ’
703 1340 965 1412 οὐρανῶν·
1014 1342 1107 1394 καὶ
1138 1340 1220 1404 τίς
1253 1342 1286 1410 ἠ
1331 1340 1424 1393 τοῦ
1473 1339 1785 1411 σύμπαντος

246 1434 425 1502 κόσμου
456 1431 782 1503 ἐκπύρωσις·
827 1432 913 1495 τίς
943 1432 999 1485 δὲ
1040 1433 1073 1502 ἡ
1115 1432 1222 1485 τῶν
1254 1431 1421 1501 ἁγίων
1454 1432 1658 1499 ἔνδοξος
1690 1433 1786 1486 καὶ

246 1523 530 1594 ἐπουράνιος
566 1523 812 1593 βασιλεία
856 1523 965 1576 τῶν
1002 1523 1502 1594 συμϐασιλευόντων
1536 1523 1613 1594 τῷ
1648 1524 1783 1595 Χρι-

245 1613 352 1682 στῷ·
386 1613 472 1665 καὶ
503 1613 584 1676 τίς
615 1614 648 1683 ἠ
689 1612 795 1665 τῶν
818 1612 1033 1682 ἀνόμων
1063 1612 1150 1665 διὰ
1174 1613 1343 1684 πυρὸς
1365 1612 1607 1674 κόλασις.

306 1703 397 1757 Τοῦ
430 1705 522 1775 μὲν
558 1700 651 1757 οὖν
683 1703 885 1775 Κυρίου
926 1702 1098 1776 Ἰησοῦ
1140 1704 1372 1775 Χριστοῦ
1405 1703 1496 1757 τοῦ
1530 1703 1663 1757 Θεοῦ
1696 1702 1785 1757 διὰ

240 1794 290 1846 τὸ
315 1793 572 1863 βασιλικὸν
612 1794 702 1847 καὶ
735 1793 940 1858 ἔνδοξον
971 1794 1047 1857 ὡς
1086 1794 1297 1857 λέοντος
1324 1793 1781 1865 προκεκηρυγμέ-

241 1901 333 1936 νου·
364 1884 435 1955 τῷ
483 1884 631 1955 αὐτῷ
684 1884 867 1956 τρόπῳ
911 1885 1003 1938 κα)⁸
1043 1884 1134 1938 τὸν
1174 1885 1535 1958 Ἀντίχριστον
1580 1883 1781 1954 ὁμοίως

240 1974 401 2029 λέοντα
444 1977 918 2049 προανηγόρευσαν
944 1977 1054 2045 (25)
1093 1977 1149 2030 αί
1194 1977 1408 2046 Γραφαὶ
1450 1976 1536 2029 διὰ
1580 1976 1642 2028 τὸ
1681 1994 1779 2029 τυ-

242 2068 460 2137 ραννικὸν
482 2068 646 2121 αὐτοῦ
681 2069 773 2122 καὶ
808 2068 996 2139 βίαιον.
1022 2068 1180 2121 Κατὰ
1210 2070 1388 2122 πάντα
1428 2067 1535 2139 γὰρ
1573 2068 1781 2137 ἐξομοι-

239 2150 397 2205 οῦσθαι
437 2153 679 2223 βούλεται
720 2156 749 2207 6
793 2156 993 2219 πλάνος
1040 2154 1117 2226 τῷ
1154 2155 1269 2226 Υἱῷ
1303 2155 1397 2209 τοῦ
1439 2155 1593 2210 Θεοῦ.
1625 2155 1778 2209 Λέων

241 2243 323 2312 μὲν
349 2246 373 2296 6
400 2245 648 2315 Χριστὸς,
680 2246 773 2299 καὶ
805 2246 941 2300 λέων
983 2249 1012 2301 6
1056 2248 1439 2318 Ἀντίχριστος·
1473 2248 1721 2318 βασιλεὺς
1750 2250 1779 2301 6

238 2332 466 2402 Χριστὸς,
508 2335 602 2386 καὶ
648 2333 899 2404 βασιλεὺς
948 2336 976 2387 6
1024 2335 1404 2406 Ἀντίχριστος.
1460 2334 1699 2405 Ἐδείχθη
1750 2336 1779 2388 6

236 2422 396 2494 Σωτὴρ
435 2424 506 2487 ὡς
546 2425 753 2497 ἀρνίον,
800 2428 894 2480 καὶ
936 2426 1096 2490 αὐτὸς
1136 2427 1335 2497 ὁμοίως
1376 2428 1672 2498 φανήσεται
1703 2426 1779 2491 ὼς

236 2513 410 2582 ἀρνίον,
461 2515 667 2569 ἔνδοθεν
719 2517 878 2581 λύκος
922 2516 1015 2571 ὧν.
1065 2518 1154 2570 Ἑν
1206 2521 1471 2589 περιτομῇ
1520 2520 1547 2571 6
1588 2518 1777 2589 Σωτὴρ

236 2599 372 2675 ἦλθεν
401 2608 475 2669 είς
516 2608 609 2661 τὸν
654 2609 875 2680 κόσμον,
910 2610 1004 2663 καὶ
1036 2611 1197 2674 αὐτὸς
1236 2609 1435 2680 ὁμοίως
1478 2609 1774 2665 ἐλεύσεται.

246 2697 552 2753 Ἀπέστειλεν
577 2702 607 2753 6
632 2700 834 2773 Κύριος
862 2702 1186 2765 ἀποστόλους
1219 2703 1297 2765 είς
1330 2703 1505 2755 πάντα
1528 2701 1597 2755 τὰ
1626 2701 1774 2771 ἔθνη,

235 2786 313 2839 καὶ
333 2788 481 2852 αὐτὸς
511 2790 713 2859 ὁμοίως
749 2790 953 2860 πέμψει
991 2790 1470 2860 ψευδαποστόλους.
1498 2792 1778 2862 Συνήγαγε

236 2874 291 2928 τὰ
336 2877 783 2952 διεσκορπισμένα
834 2882 1083 2954 πρόϐατα
1125 2883 1154 2935 ὁ
1198 2884 1427 2953 Σωτὴρ,
1478 2884 1572 2936 καὶ
1616 2884 1778 2947 αὐτὸς

234 2963 403 3034 ὁμοίως
447 2971 759 3035 ἐπισυνάξει
795 2972 884 3025 τὸν
912 2972 1392 3045 διεσκορπισμένον
1428 2974 1574 3027 λαόν.
1610 2974 1779 3029 Ἔδω-

235 3073 312 3109 κεν
347 3062 372 3113 6
402 3062 601 3135 Κύριος
642 3062 914 3137 σφραγῖδα
948 3070 1059 3132 τοῖς
1106 3068 1187 3132 εἰς
1229 3070 1392 3123 αὑτὸν
1439 3068 1773 3135 πιστεύουσι,

234 3149 312 3200 καὶ
353 3152 503 3218 αὐτὸς
558 3154 721 3211 δώσει
773 3158 990 3228 ὁμοίως.
1053 3160 1140 3214 Ἐν
1200 3163 1436 3233 σχήματι
1487 3160 1774 3233 ἀνθρώπου

235 3238 380 3311 ἐφάνη
423 3246 450 3297 6
494 3246 726 3318 Σωτὴρ,
773 3248 867 3301 κα)⁸
913 3249 1075 3314 αὐτὸς
1115 3252 1172 3303 ὲν
1211 3253 1449 3322 σχήματι
1488 3251 1772 3323 ἀνθρώπου

235 3332 498 3392 ἐλεύσεται.
540 3339 863 3411 Ἀνέστησεν
886 3344 914 3395 6
940 3342 1129 3415 Σωτὴρ
1159 3345 1254 3397 καὶ
1287 3344 1454 3409 ἔδειξε
1482 3346 1581 3416 τὴν
1615 3345 1775 3414 ἁγίαν

235 3424 382 3495 σάρκα
410 3428 482 3492 ὡς
517 3432 669 3495 ναὸν,
715 3434 808 3485 καὶ
853 3433 1011 3498 αὐτὸς
1048 3436 1341 3507 ἀναστήσει
1375 3440 1433 3491 ἐν
1477 3438 1773 3510 Ἰεροσολύ-

236 3532 336 3585 μοις
361 3520 446 3574 τὸν
482 3522 685 3576 λίθινον
716 3526 862 3579 ναόν.
903 3527 1011 3579 Καὶ
1039 3527 1106 3579 τὰ
1152 3529 1248 3599 μὲν
1278 3529 1453 3582 πλάνα
1494 3530 1658 3584 αὑτοῦ
1689 3547 1776 3583 τε-

233 3610 451 3681 χνήματα
496 3616 554 3668 ὲν
602 3618 716 3679 τοῖς
762 3615 889 3685 ἑξῆς
930 3617 1267 3691 δηλώσομεν·
1317 3622 1432 3674 νυνὶ
1461 3621 1517 3674 δὲ
1550 3622 1684 3693 πρὸς
1714 3622 1776 3675 τὸ

234 3704 559 3774 προκείμενον
585 3724 617 3758 τ
623 3706 781 3777 ραπῶ
788 3724 905 3777 μεν.

288 3793 431 3863 Λέγει
472 3792 565 3851 οὖν
612 3799 643 3851 6
696 3799 966 3870 μακάριος
1020 3800 1212 3854 Ἰακὼϐ
1246 3803 1305 3856 ὲν
1353 3804 1473 3866 ταῖς
1502 3803 1773 3872 εὐλογίαις

233 3889 607 3957 προαναφωνῶν
664 3890 735 3943 τὰ
791 3890 919 3960 περὶ
971 3889 1066 3944 τοῦ
1119 3893 1323 3964 Κυρίου
1377 3894 1473 3947 καὶ
1524 3896 1776 3965 Σωτῆρος

232 3974 380 4044 ἡμῶν,
425 3978 614 4044 οὕτως·
657 3999 676 4031 ι
727 3980 913 4045 Ἰούδα,
966 3982 1028 4035 σὲ
1071 3983 1441 4037 αὶνεσάτωσαν
1478 3987 1527 4038 οἱ
1555 3984 1773 4053 ἀδελφοί

233 4082 327 4122 σου.
353 4072 411 4123 Αἱ
444 4073 626 4144 χεῖρές
656 4089 748 4125 σου
792 4073 886 4125 ἐπὶ
912 4073 1080 4126 νώτου
1122 4074 1231 4127 τῶν
1269 4076 1500 4147 ἐχθρῶν,
1537 4094 1777 4148 προσκυ-

232 4160 423 4229 νήσουσί
468 4180 547 4218 σοι
596 4164 647 4216 οἱ
694 4163 800 4218 υἱοὶ
842 4162 935 4216 τοῦ
967 4164 1172 4236 πατρός
1204 4182 1316 4218 σου.
1354 4167 1599 4238 Σκύμνος
1628 4168 1776 4220 λέον-

230 4267 304 4314 τος
335 4255 509 4309 Ἰούδα·
546 4258 612 4310 ὲκ
648 4255 900 4325 βλαστοῦ,
945 4256 1030 4309 υίέ
1066 4273 1189 4327 μου,
1227 4258 1447 4329 ἁνέϐης,
1484 4259 1771 4313 ἀναπεσὼν

1888 622 1995 676 qua
2051 615 2208 660 aetate
2254 620 2319 659 ac
2368 614 2608 673 tempore
2663 600 2986 655 revelabitur
3044 599 3264 668 iniquus
3330 598 3450 664 ille;

1887 697 2161 751 undenam
2190 704 2243 749 et
2274 711 2339 749 ex
2366 711 2473 762 qua
2506 694 2670 757 tribu,
2707 691 2919 761 quodve
2943 691 3019 743 illi
3052 705 3271 754 nomen,
3303 688 3451 757 quod

1886 804 1984 857 per
2028 802 2317 841 numerum
2353 787 2405 839 in
2454 784 2729 853 Scriptura
2771 784 3132 853 significatur;
3179 780 3453 849 quomodo

1886 882 2144 949 populum
2183 881 2236 933 in
2264 895 2504 934 errorem
2549 878 2786 941 inducet,
2823 891 3155 945 congregans
3187 890 3216 928 a
3253 875 3450 928 ﬁnibus

1888 980 2074 1036 terrm;
2102 986 2264 1039 quam
2299 970 2423 1024 item
2478 970 2681 1024 sanctis
2724 968 3126 1022 tribulationem
3168 966 3363 1020 inferet
3394 974 3449 1020 et

1884 1064 2346 1132 persecutionem;
2376 1072 2429 1115 et
2458 1062 2731 1130 quomodo
2761 1061 2873 1128 ipse
2902 1076 2959 1115 se
2999 1069 3057 1113 ut
3090 1060 3256 1113 Deum
3287 1058 3447 1113 clari-

1886 1152 2101 1218 ﬁcabit;
2135 1154 2257 1223 quis
2292 1153 2410 1222 ejus
2440 1153 2719 1217 interitus;
2759 1151 3031 1220 quomodo
3060 1148 3347 1205 revelanda
3378 1146 3447 1203 de

1886 1245 2041 1300 caelis
2074 1244 2290 1298 Domini
2321 1244 2607 1313 apparitio,
2638 1259 2701 1297 ac
2726 1259 2844 1312 qum
2873 1242 3109 1296 universi
3140 1242 3286 1295 orbis
3316 1256 3448 1294 con-

1884 1334 2161 1405 ﬂagratio;
2213 1336 2356 1405 quod
2395 1335 2719 1390 Sanctorum
2771 1336 3063 1404 gloriosum
3112 1350 3177 1389 ac.
3227 1333 3449 1388 cmleste

1886 1442 2113 1491 regnum
2144 1441 2267 1480 cum
2300 1426 2521 1481 Christo
2554 1428 2927 1493 regnantium;
2959 1442 3022 1481 ac
3053 1426 3199 1496 quod
3232 1426 3448 1495 iniquo-

1886 1535 2011 1573 rum
2038 1532 2135 1589 per
2163 1520 2342 1589 ignem
2374 1520 2718 1589 supplicium.

1956 1696 2044 1751 Vl.
2078 1695 2212 1752 Nam
2245 1713 2369 1753 cum
2400 1698 2667 1753 Dominus
2710 1708 2895 1753 noster
2920 1694 3080 1752 Jesus
3105 1698 3356 1753 Christus
3384 1713 3449 1752 ac

1886 1788 2052 1852 Deus,
2084 1788 2229 1859 regia
2274 1791 2518 1845 celsitate
2564 1800 2726 1860 atque
2764 1790 2949 1861 gloriae
2987 1790 3248 1853 claritate,
3277 1800 3336 1843 ut
3363 1789 3449 1844 leo

1811 1866 1853 1921 Β
1881 1878 2205 1947 praedicatus
2237 1879 2308 1934 sit
2334 1880 2391 1945 8;
2426 1879 2616 1934 eodem
2650 1882 2811 1934 modo
2840 1889 2893 1934 et
2928 1880 3319 1933 Antichristum
3350 1894 3447 1946 pa.-

1879 1969 2012 2024 riter
2044 1969 2259 2024 leonem
2303 1968 2596 2040 Scriptura:
2632 1972 2970 2033 vocitarunt,
3000 1986 3094 2040 pro
3118 1971 3238 2039 ejus
3267 1980 3449 2041 tyran-

1878 2062 2002 2115 nide
2026 2062 2413 2128 violentiaque.
2445 2062 2709 2119 Seductor
2740 2065 2884 2117 enim
2916 2080 3012 2133 per
3044 2064 3225 2117 omnia
3254 2063 3449 2118 similis

1877 2154 2047 2209 videri
2079 2155 2193 2209 vult
2236 2154 2331 2209 Dei
2375 2155 2533 2210 Filio.
2567 2155 2677 2210 Leo
2713 2157 2929 2225 quidem
2959 2156 3232 2222 Christus,
3267 2167 3320 2210 et
3360 2157 3447 2210 leo

1877 2246 2285 2312 Antichristus;
2330 2264 2425 2303 rex
2472 2248 2724 2303 Christus
2747 2249 2789 2313 ⁸,
2821 2264 2883 2302 ac
2927 2266 3023 2303 rex
3055 2249 3444 2304 Antichristus.

1877 2336 2162 2394 Exhibitus
2208 2348 2293 2394 est
2339 2339 2591 2394 Salvator
2638 2348 2698 2393 ut
2745 2356 2916 2410 agnus
2967 2342 3043 2405 ¹⁰;
3078 2340 3190 2408 ipse
3228 2355 3446 2410 quoque

1875 2431 2079 2499 pariter
2104 2440 2163 2486 ut
2192 2448 2364 2501 agnus
2396 2432 2693 2501 apparebit,
2723 2448 2844 2486 cum
2877 2432 3105 2489 interius
3147 2434 3217 2487 sit
3260 2433 3442 2501 lupus.

1878 2522 2036 2577 Venit
2064 2522 2308 2579 Salvator
2338 2525 2391 2579 in
2425 2526 2839 2580 circumcisione
2867 2528 2918 2581 in
2957 2527 3242 2592 mundum,
3267 2528 3448 2579 veniet

1877 2622 1931 2669 et
1964 2614 2052 2668 ille
2081 2614 2356 2670 similiter.
2390 2615 2536 2670 Misit
2566 2615 2827 2671 Dominus
2854 2618 3128 2687 apostolos
3162 2616 3214 2669 in
3253 2632 3444 2671 omnes

1876 2713 2096 2775 gentes;
2142 2705 2320 2759 mittet
2373 2715 2426 2760 et
2486 2707 2600 2776 ipse
2648 2708 2872 2777 perinde
2930 2707 3440 2777 pseudoapostolos.

1876 2795 2237 2865 Congregavit
2265 2794 2512 2851 Salvator
2548 2813 2677 2853 oves
2699 2838 2714 2862 ,
2743 2813 2862 2867 qum
2896 2798 3156 2867 dispersae
3182 2808 3336 2852 erant
3366 2800 3442 2864 “;

1879 2885 1993 2955 ipse
2019 2902 2239 2956 quoque
2283 2889 2485 2957 pariter
2528 2889 2785 2958 populum
2833 2890 3209 2958 congregabit,
3238 2890 3330 2958 qui
3362 2889 3447 2944 di-

1878 2992 2099 3045 spersus
2132 2988 2233 3033 est.
2270 2978 2425 3035 Dedit
2454 2978 2716 3035 Dominus
2762 2980 3010 3035 ﬁdelibus
3042 2981 3156 3035 suis
3189 2981 3445 3049 signacu-

1876 3068 2025 3135 lum;
2070 3069 2187 3139 ipse
2222 3086 2438 3140 quoque
2484 3070 2735 3125 similiter
2762 3071 2930 3125 dabit.
2960 3071 3223 3140 Apparuit.
3259 3069 3447 3124 Salva-

1881 3169 1967 3214 tor
1997 3161 2234 3217 hominis
2261 3162 2479 3227 habitu;
2517 3162 2632 3231 ipse
2663 3178 2881 3232 quoque
2910 3164 2964 3216 in
2994 3162 3232 3216 hominis
3256 3162 3443 3216 habitu

1878 3251 2079 3306 veniet.
2135 3251 2405 3306 Excitavit
2454 3251 2739 3320 Salvator,
2796 3267 2859 3306 ae
2921 3260 3162 3306 sanctam
3226 3266 3444 3305 carnem

1878 3358 2036 3397 suam
2083 3350 2143 3396 ut
2186 3344 2448 3412 templum
2492 3341 2619 3398 fecit
2673 3346 2745 3410 “;
2796 3344 2908 3413 ipse
2948 3344 3131 3398 itidem
3184 3344 3443 3413 templum

1877 3431 2147 3501 lapidibus
2194 3442 2566 3487 constructum
2619 3433 3009 3505 Hierosolymis
3051 3435 3325 3489 excitabit.
3368 3434 3445 3489 Ac

1877 3520 2096 3591 quidem
2140 3520 2259 3590 ejus
2287 3523 2580 3577 seducendi
2616 3523 2844 3577 artiﬁcia
2881 3523 3232 3592 sequentibus
3259 3523 3443 3577 decla-

1876 3610 2157 3677 rabimus;
2206 3626 2354 3666 nunc
2403 3627 2536 3667 vero
2586 3612 2653 3667 ad
2708 3612 3015 3682 subjectum
3066 3606 3444 3683 argumentum

1876 3709 2173 3754 vertamur.

1949 3790 2059 3847 V11.
2092 3792 2231 3847 Dicit
2254 3792 2437 3863 itaque
2466 3794 2658 3849 beatus
2683 3792 2850 3849 Jacoh
2872 3794 2928 3849 in
2955 3794 3441 3860 benedictionibus,

1875 3884 2248 3953 praenuntians
2290 3901 2410 3955 quae
2448 3886 2513 3940 ad
2545 3885 2833 3941 Dominum
2875 3902 2939 3941 ac
2973 3884 3303 3940 Salvatorem
3342 3902 3442 3940 no-

1877 3984 2051 4029 strum
2101 3984 2368 4043 spectant,
2423 3976 2498 4030 ita
2534 3977 2761 4046 loquens
2800 3995 2813 4031 :
2846 3994 2864 4028 ι
2911 3975 3084 4043 Juda,
3120 3978 3339 4031 laudent
3389 3985 3443 4032 te

1876 4066 2072 4122 fratres
2104 4067 2206 4124 tui.
2242 4067 2435 4123 Manus
2475 4079 2579 4122 tua:
2604 4069 2659 4122 in
2689 4068 2854 4124 dorso
2899 4070 3274 4133 inimicorum;
3311 4069 3444 4124 ado-

1874 4160 2075 4213 rabunt
2116 4168 2167 4214 te
2200 4159 2293 4212 ﬁlii
2337 4160 2505 4228 patris
2551 4161 2650 4214 tui.
2700 4161 2926 4216 Catulus
2959 4161 3133 4216 leonis
3165 4160 3342 4227 Juda;
3374 4177 3442 4215 ex

1875 4254 2136 4322 germine,
2184 4252 2259 4307 ﬁli
2303 4255 2399 4319 mi,
2446 4253 2761 4309 ascendisti.
2807 4252 3147 4309 Reeumbens
3192 4252 3442 4308 dormisti

231 4339 500 4415 ἐκοιμήθης
527 4346 601 4409 ὡς
630 4346 766 4399 λέων
806 4346 902 4399 καὶ
931 4344 1006 4409 ὡς
1052 4346 1316 4417 σκύμνος·
1352 4348 1435 4411 τίς
1466 4350 1646 4421 ἐγερεῖ
1674 4351 1774 4403 αύ-

1883 4354 1936 4398 ut
1968 4344 2071 4407 leo,
2108 4352 2163 4399 et
2196 4353 2256 4399 ut
2297 4345 2510 4400 catulus
2555 4345 2770 4400 leonis:
2803 4346 2928 4414 quis
2966 4346 3249 4400 suscitabit
3275 4344 3444 4399 eum?

228 4432 330 4499 16v;
378 4438 484 4491 Οὐκ
516 4437 757 4507 ἐκλείψει
805 4437 988 4509 ἄρχων
1029 4437 1087 4503 ἐξ
1144 4438 1311 4491 Ἰούδα
1341 4440 1434 4492 καὶ
1476 4441 1775 4512 ἡγούμενος

1883 4432 1993 4486 Non
2026 4433 2238 4491 deﬁciet
2270 4436 2518 4505 princeps
2548 4451 2615 4490 ex
2644 4433 2781 4489 Juda
2819 4444 2872 4490 et
2914 4436 3023 4490 dux
3052 4452 3119 4491 ex
3146 4436 3443 4491 femoribus

230 4523 282 4575 ὲκ
304 4523 398 4578 τῶν
428 4526 617 4598 μηρῶν
647 4526 833 4591 αὐτοῦ,
865 4526 969 4589 ἓως
1002 4525 1068 4579 ἂν
1090 4525 1236 4598 ἔλθῃ,
1260 4520 1305 4595 ᾦ
1336 4528 1637 4583 ἀπόκειται.
1664 4532 1773 4587 Καὶ

1883 4523 2015 4591 ejus,
2051 4523 2225 4579 donec
2269 4525 2449 4578 veniat
2477 4523 2566 4578 cui
2609 4525 2906 4593 repositum
2934 4533 3049 4591 est;
3086 4534 3140 4579 et
3185 4526 3299 4595 ipse
3341 4525 3445 4579 erit

229 4613 367 4678 αὐτὸς
412 4616 561 4671 ἔσται
609 4616 911 4689 προσδοκία
953 4616 1143 4671 ἐθνῶν.
1187 4618 1474 4689 Δεσμεύων
1500 4621 1635 4692 πρὸς
1664 4622 1773 4693 ἄμ·

1883 4614 2213 4683 exspectatio
2268 4615 2527 4684 gentium.
2588 4614 2833 4685 Alligans
2887 4616 2955 4669 ad
3011 4617 3173 4670 vitem
3231 4614 3442 4668 asinam

228 4704 365 4758 πελον
412 4708 507 4779 τὴν
550 4708 672 4762 ὄνον
709 4708 893 4774 αὑτοῦ,
926 4709 1020 4763 καὶ
1061 4713 1126 4782 τῇ
1161 4709 1302 4762 ἕλικι
1334 4710 1425 4763 τὸν
1466 4711 1643 4765 πῶλον
1673 4714 1775 4783 τῆς

1883 4720 2057 4772 suam,
2084 4712 2138 4759 et
2166 4706 2233 4759 ad
2266 4707 2491 4761 helicem
2526 4708 2731 4775 pullum
2764 4706 2929 4762 asina:
2972 4723 3102 4762 sum.
3132 4706 3355 4760 Lavabit
3387 4707 3441 4760 in

226 4791 328 4846 όνου
358 4796 533 4852 αὐτοῦ.
565 4798 764 4851 Πλυνεί
794 4800 850 4850 ὲν
879 4796 1007 4868 οἴνῳ
1029 4797 1128 4868 τὴν
1156 4797 1349 4869 στολὴν
1380 4798 1572 4865 αὐτοῦ,
1595 4802 1689 4855 καὶ
1714 4804 1774 4855 ὲν

1883 4793 2006 4848 vino
2058 4793 2253 4848 stolam
2305 4809 2499 4860 suam,
2543 4804 2597 4851 et
2646 4796 2700 4849 in
2753 4797 3017 4864 sanguine
3064 4811 3179 4849 uva:
3220 4796 3443 4865 pallium

225 4885 392 4955 αἵματι
435 4889 711 4960 σταφυλῆς
758 4888 858 4959 τὴν
902 4888 1194 4959 περιϐολὴν
1229 4888 1421 4942 αὐτοῦ.
1449 4891 1694 4963 Χαροποὶ
1725 4894 1774 4946 οἱ

1883 4903 2062 4943 suum.
2114 4887 2327 4942 Hilares
2374 4888 2518 4943 oculi
2573 4887 2695 4957 ejus
2734 4902 2765 4941 a
2815 4887 2965 4955 vino,
3010 4896 3065 4942 et
3108 4886 3297 4942 dentes
3322 4886 3443 4956 ejus

225 4973 462 5050 ὀφθαλμοὶ
500 4979 669 5033 αὐτοῦ
700 4979 775 5042 ὡς
819 4978 927 5032 ἀπὸ
957 4979 1122 5043 οἴνου,
1156 4980 1251 5033 καὶ
1282 4979 1464 5033 λευκοὶ
1491 4983 1540 5034 οἱ
1562 4982 1774 5048 ὀδόντες

1883 4981 2015 5036 laete
2042 4981 2384 5036 candidiores
2412 4980 2475 5035 “.
2510 4996 2529 5031 ι

228 5067 366 5123 αὑτοῦ
397 5071 428 5141 ἦ
460 5071 619 5140 γάλα.
657 5089 679 5124 ι

206 5192 209 5195 ν
286 5160 455 5216 Ταῦτα
511 5165 608 5235 μὲν
651 5156 744 5217 οῦν
801 5162 1180 5235 παραφράξειν
1237 5162 1596 5234 ἐπιστάμενός
1654 5182 1769 5230 σοι,

1953 5166 2087 5223 Vlll.
2124 5166 2249 5224 Ilaac
2283 5183 2406 5222 cum
2434 5166 2680 5236 pluribus
2717 5181 2782 5221 ac
2805 5165 3036 5221 circuitu
3069 5163 3249 5234 eloqui
3278 5177 3445 5217 nove-

226 5250 346 5307 αὐτὰ
388 5255 531 5309 δοκεῖ
561 5255 674 5327 (26)
715 5255 882 5308 τανῦν
926 5253 1339 5327 παρατίθεσθαι.
1403 5257 1539 5309 Ἀλλ’
1590 5259 1778 5329 ἐπειδὴ

1883 5260 2009 5323 rim,
2035 5260 2211 5328 ipsum
2243 5258 2405 5313 modo
2442 5269 2651 5314 textum
2682 5273 2952 5329 apponere
2982 5256 3160 5310 libuit.
3192 5254 3328 5320 Quia
3357 5264 3443 5308 ta-

228 5344 348 5398 αὐτὰ
374 5348 439 5400 τὰ
478 5350 699 5419 ῥήματα
740 5345 1038 5419 προτρέπει
1070 5345 1165 5399 τοῦ
1210 5345 1409 5415 λέγειν,
1462 5348 1582 5401 οὐδὲ
1623 5348 1778 5401 τοῦτο

1883 5367 2005 5405 men
2036 5352 2151 5421 ipsa
2175 5353 2357 5408 divina
2393 5353 2559 5406 verba
2585 5353 2815 5406 suadent
2852 5350 3022 5420 loqui,
3052 5364 3117 5403 ne
3148 5347 3198 5401 id
3225 5346 3442 5416 quidem

227 5438 625 5510 παραλείψομαι·
676 5439 791 5493 ἐστι
824 5438 933 5509 γὰρ
977 5438 1145 5502 ὅντως
1182 5436 1301 5492 θεῖα
1323 5439 1417 5492 καὶ
1448 5437 1651 5503 ἔνδοξα,
1685 5439 1777 5492 δυ-

1883 5443 2156 5498 omittam.
2205 5442 2372 5499 Plane
2413 5443 2559 5498 enim
2606 5443 2787 5497 divina
2818 5450 2947 5497 sunt
2984 5450 3038 5496 et
3083 5438 3334 5503 illustria,
3377 5451 3444 5492 ac

286 5598 305 5629 ⁸
329 5599 487 5669 Apoc.
515 5618 572 5668 v,
603 5603 656 5657 5.
732 5602 753 5634 ⁹
782 5598 943 5656 Joan.
989 5602 1252 5669 xvnt,37.
1334 5600 1376 5633 ιθ
1401 5599 1557 5655 Joan.
1590 5617 1629 5667 ι,
1653 5600 1743 5655 29.

1897 5600 2055 5657 Joan.
2087 5619 2164 5674 xt,
2198 5603 2287 5661 52.
2355 5604 2398 5636 "
2431 5600 2589 5660 Joan.
2623 5617 2683 5669 ιι,
2718 5599 2805 5657 l9.
2885 5598 2929 5631 ¹⁸
2951 5597 3087 5655 Gen.
3112 5611 3258 5664 XLIX,
3289 5591 3439 5651 8-13.

413 5758 964 5831 Hpoaynfdpsuaay.
990 5757 1313 5831 Comlgaﬁs”
1342 5757 1774 5831 προηγόρευσαν.

1883 5776 2029 5815 λΒΙὶῖῦ.

286 5821 389 5893 {'24)
426 5821 606 5881 Δοκεῖ.
631 5821 767 5898 ἰοὶ.
800 5829 958 5884 δοκῶ.
990 5826 1118 5883 Tm.
1149 5827 1277 5885 ΕΑΒ.
