3836 6488
440 357 546 412 735

1095 352 1151 408 ὃ.
1194 352 1555 409 HIPPOLYTI
1592 356 1737 409 OPP.
1781 356 1959 409 PAIIS
1998 355 2059 409 Il.
2102 385 2170 394 —
2209 352 2513 408 DOCMAT.
2556 351 2642 405 ET
2683 348 3020 408 HISTORIC.
3581 352 3661 408 736

442 490 574 531 sane
604 473 798 528 animae
824 471 1126 527 conducere
1156 482 1404 542 possunt.
1441 474 1689 527 Catulum
1718 474 1889 528 leonis
1920 488 1997 526 νο·

2120 473 2326 543 νάμενα
2364 471 2643 541 ὠφελῆσαι
2685 470 2881 540 ψυχήν.
2923 470 3168 539 Σκύμνον
3212 468 3423 531 λέοντος
3464 467 3665 524 εἰπὼνὸ

442 568 585 622 cavit
627 565 908 635 propheta,
938 564 1031 633 qui
1084 580 1150 617 ex
1198 563 1337 618 Juda
1380 573 1434 618 et
1485 564 1683 617 Davide
1714 544 2009 618 secundum

442 670 663 710 carnem
709 654 886 707 factus
916 662 1019 717 est,
1053 669 1162 706 non
1195 653 1413 721 quidem
1459 667 1525 706 ex
1558 652 1777 708 Davidis
1806 652 2008 706 factum

442 745 684 811 semine,
731 744 825 799 sed
863 744 958 812 qui
1006 744 1073 798 de
1120 744 1324 811 Spiritu
1360 754 1549 797 sancto
1582 746 1918 814 concipiatur
1957 754 2013 800 et

441 854 509 892 ex
539 846 726 891 sancto
750 837 992 906 germine
1015 852 1044 889 e
1070 843 1210 889 terra
1237 836 1515 903 procedat.
1547 835 1701 901 Quod
1736 838 1809 891 ita
1842 837 2011 893 Isaias

441 930 597 985 effert
632 948 645 985 :
682 948 701 981 ι
734 929 1050 999 Egredietur
1092 927 1237 997 virga
1286 926 1352 979 de
1384 927 1564 981 radice
1605 927 1778 995 Iesse,
1825 942 1880 984 et
1910 930 2010 985 ﬂos

443 1039 511 1080 ex
542 1024 657 1091 ipsa
690 1022 944 1076 ascendet
980 1020 1044 1073 “.
1082 1038 1101 1071 ι
1136 1018 1287 1084 Quod
1333 1017 1483 1074 Isaiae
1520 1019 1618 1075 llos
1665 1021 1870 1075 dictum
1906 1032 2007 1087 est,

442 1115 495 1169 id
522 1111 691 1166 Jacob
717 1111 1009 1181 appellavit
1040 1125 1283 1180 germen.
1339 1109 1577 1163 Primum
1627 1127 1863 1182 namque
1891 1129 2011 1183 ger-

440 1206 687 1269 minavit,
718 1202 913 1258 deinde
953 1202 1139 1256 ﬂoruit
1184 1203 1239 1255 in
1266 1203 1490 1256 mundo.
1523 1201 1757 1257 Dicendo
1784 1214 1964 1259 autem
1993 1225 2004 1259 :

446 1315 465 1347 ι
497 1295 841 1348 Recumbens
865 1294 1112 1349 dormisti
1138 1301 1196 1347 ut
1229 1296 1331 1358 leo,
1364 1305 1418 1351 et
1442 1304 1501 1349 ut
1526 1296 1739 1349 catulus
1763 1295 1954 1362 leonis,
1985 1314 2002 1347 ι

438 1385 746 1437 triduanam
798 1383 1000 1438 Christi
1051 1384 1432 1438 dormitionem
1494 1384 1857 1454 signiﬁcavit,
1930 1385 2007 1438 uti

438 1473 601 1527 etiam
655 1473 824 1527 Isaias
876 1474 952 1526 ait
996 1492 1008 1528 :
1044 1492 1063 1524 ι
1111 1473 1394 1538 Quomodo
1442 1474 1581 1531 facta
1625 1485 1711 1529 est
1755 1477 2007 1531 meretrix

440 1562 614 1616 ﬁdelis
645 1560 799 1627 Sion,
831 1563 984 1632 plena
1009 1564 1234 1631 judicii?
1269 1564 1323 1617 in
1348 1580 1452 1633 qua
1479 1565 1734 1619 dormivit
1762 1565 2003 1634 jastitia;

440 1668 585 1707 nunc
638 1662 819 1707 autem
867 1653 1151 1708 homicidae
1199 1655 1264 1709 “’.
1319 1673 1337 1707 ι
1385 1655 1514 1708 Item
1557 1655 1719 1709 etiam
1772 1655 1939 1709 David
1991 1672 2003 1706 :

443 1764 463 1795 ε
498 1744 607 1814 Ego
634 1745 865 1798 dormivi
914 1754 969 1799 et
1006 1755 1294 1815 seporatus
1343 1762 1493 1812 sum;
1530 1749 1843 1812 exsurrexi,
1877 1747 2005 1817 quia

2116 570 2401 638 προφήτης
2434 568 2525 619 τὸν
2555 566 2614 631 ἐξ
2654 566 2821 619 Ἰούδα
2852 566 2947 619 καὶ
2975 566 3133 619 Δαυὶδ
3159 564 3298 618 κατὰ
3333 565 3511 635 σάρκα
3540 583 3666 634 γεγε-

2114 656 2369 725 νημένον,
2417 656 2491 726 μὴ
2542 656 2606 709 ἐκ
2656 657 2969 726 σπέρματος
3014 656 3175 708 Δαυὶδ
3225 657 3514 725 γενόμενον
3548 657 3662 725 (‘25),

2111 746 2224 799 ἀλλ’
2254 747 2313 811 ἐξ
2340 748 2495 815 ἁγίου
2521 747 2839 816 Πνεύματος
2882 747 3410 818 συλλαμϐανόμενον,
3446 749 3538 801 καὶ
3564 749 3667 802 τού-

2111 854 2205 889 του
2255 839 2320 891 ὲκ
2370 838 2595 908 βλαστοῦ
2652 838 2763 908 (26)
2814 839 2971 907 ἁγίου
3014 841 3078 891 ἐκ
3116 840 3218 909 γῆς
3264 840 3662 911 προερχομένω.

2121 928 2349 991 Ἡσαΐας
2405 928 2503 998 μὲν
2552 930 2659 999 γὰρ
2705 929 2878 997 λέγει’
2921 948 2941 980 ί
2993 929 3360 995 Ἐξελεύσεται
3403 928 3591 999 ῥάϐδος
3615 932 3664 982 ἐκ

2110 1018 2209 1088 τῆς
2258 1017 2413 1089 ῥίζης
2471 1019 2689 1082 Ἰεσσαὶ,
2744 1020 2838 1071 καὶ
2887 1018 3044 1081 ἄνθος
3100 1018 3159 1083 ἐξ
3198 1019 3369 1088 αὐτῆς
3417 1018 3665 1087 ἀναϐήσε-

2110 1130 2216 1164 ται.
2260 1130 2277 1163 ›
2312 1112 2385 1163 Τὸ
2436 1112 2534 1182 μὲν
2568 1112 2672 1164 ὑπὸ
2705 1110 2798 1164 τοῦ
2847 1112 3066 1163 Ἡσαΐου
3115 1110 3272 1172 ἄνθος
3316 1110 3666 1179 εἰρημένον,ὁ

2125 1200 2317 1255 Ἰακὼϐ
2364 1202 2588 1271 βλαστὸν
2640 1203 2847 1271 εἴρηκε.
2904 1200 3125 1271 Πρῶτον
3175 1200 3282 1273 γὰρ
3334 1201 3663 1270 ἐϐλάστησεν,

2111 1290 2227 1346 εἶτα
2259 1294 2490 1363 ἤνθησεν
2523 1296 2579 1346 ὲν
2613 1292 2691 1363 τῷ
2724 1294 2931 1363 κόσμῳ.
2964 1292 3037 1343 Τὸ
3063 1292 3119 1344 δὲ
3156 1292 3333 1360 λέγειν
3365 1292 3499 1361 (27)·
3542 1311 3560 1342 ‹
3598 1293 3667 1343 ’Δ-

2109 1387 2356 1438 ναπεσὼν
2405 1384 2702 1455 ἐκοιμήθης
2730 1384 2804 1447 ὡς
2842 1384 2976 1436 λέων
3009 1384 3101 1437 καὶ
3131 1383 3206 1446 ὡς
3244 1384 3505 1453 σκύμνος,
3549 1403 3565 1433 ι
3588 1382 3669 1453 τὴν

2107 1478 2405 1548 τριήμερον
2450 1476 2545 1529 τοῦ
2596 1475 2832 1547 Χριστοῦ
2884 1476 3120 1545 ἐδήλωσε
3172 1476 3452 1544 κοίμησιν,
3487 1476 3564 1536 ὡς
3592 1477 3667 1527 καὶ

2119 1569 2345 1631 Ἡσαΐας
2383 1568 2547 1635 λέγει’
2599 1586 2617 1619 ι
2666 1568 2789 1631 Πῶς
2833 1570 3046 1637 ἐγένετο
3094 1569 3263 1640 πόρνη
3307 1571 3475 1640 πιστὴ
3528 1569 3665 1632 Σιὼν,

2108 1657 2320 1728 πλήρης
2352 1658 2616 1727 κρίσεως,
2654 1660 2712 1710 ὲν
2804 1659 3115 1731 δικαιοσύνη
3144 1660 3409 1731 ἐκοιμήθη
3445 1662 3503 1713 ὲν
3527 1662 3665 1730 αὐτῇ,

2108 1747 2202 1800 νῦν
2246 1748 2303 1801 δὲ
2356 1748 2623 1815 φονευταί.
2680 1767 2697 1800 ›
2750 1751 2861 1805 Καὶ
2906 1753 2934 1804 ὁ
2984 1752 3146 1805 Δαυὶδ
3199 1752 3429 1821 ὁμοίως-ο
3475 1770 3493 1802 ‹
3550 1750 3667 1819 Ἐγὼ

438 1835 702 1890 Dominus
740 1837 1091 1890 auxiliahitur
1141 1838 1269 1891 mihi
1303 1840 1391 1891 “:
1436 1859 1455 1891 ι
1507 1851 1566 1894 ιιι
1608 1855 1672 1893 ea
1716 1840 1997 1903 sententia,

2108 1838 2406 1909 ἐκοιμήθην
2441 1839 2533 1892 καὶ⁵
2581 1838 2826 1903 ὓπνωσα,
2876 1842 3206 1913 ἐξηγέρθην,
3231 1815 3325 1896 ’ὃτι
3360 1842 3565 1913 Κύριος
3590 1815 3665 1895 έν·

436 1937 491 1981 et
539 1929 807 1983 dormisse
860 1945 1022 1995 eum,
1077 1940 1128 1985 et
1180 1931 1499 1986 suscitatum
1557 1946 1678 1986 esse
1732 1932 2001 1986 ostendat.

436 2017 604 2073 Jacob
655 2030 833 2074 autem
884 2021 1017 2075 dicit
1063 2038 1075 2073 :
1129 2040 1147 2073 ι
1200 2021 1333 2087 Quis
1381 2023 1663 2078 suscitabit
1698 2023 1860 2076 eum?
1896 2043 1914 2074 ι
1947 2022 2005 2076 Id

437 2111 614 2179 ipsum
663 2122 745 2166 est
776 2115 919 2183 quod
973 2115 1175 2179 David,
1207 2116 1282 2169 uti
1336 2126 1388 2170 et
1432 2114 1673 2183 Paulus,
1710 2117 1786 2170 ait
1833 2135 1844 2169 :
1879 2136 1897 2168 ‹
1939 2116 2006 2173 Et

436 2202 603 2259 Deum
636 2203 884 2273 Patrem,
929 2207 1021 2277 qui
1069 2208 1351 2263 suscitavit
1388 2223 1511 2263 eum
1548 2224 1576 2262 a
1612 2210 1843 2264 mortuis
1876 2212 1937 2265 ".
1978 2231 1997 2263 ι

505 2382 594 2437 IX.
635 2383 875 2439 Dicendo
913 2395 1136 2441 autem:
1176 2406 1195 2438 ι
1227 2386 1344 2442 Νοη
1388 2388 1600 2443 deﬁciet
1636 2394 1884 2461 princeps
1923 2409 1989 2447 ex

434 2471 595 2540 Juda,
627 2484 680 2529 et
721 2476 829 2527 dux
875 2493 939 2529 ex
982 2477 1278 2532 femoribus
1310 2480 1448 2547 ejus,
1481 2479 1652 2535 donec
1684 2484 1884 2547 veniat,
1911 2487 1997 2538 cui

432 2566 728 2634 repositum
760 2576 842 2621 est
874 2586 887 2621 :
936 2579 987 2623 et
1026 2570 1140 2637 ipse
1165 2571 1267 2623 erit
1299 2576 1632 2639 exspectatio
1660 2578 1926 2644 gentium,
1973 2597 1990 2629 ι

432 2657 671 2710 ostendit
716 2658 995 2728 impletum
1043 2677 1163 2716 esse
1207 2664 1542 2720 vaticinium.
1576 2667 1694 2736 Ipse
1740 2670 1884 2722 enin:
1918 2679 2000 2723 est

434 2761 622 2803 nostra
676 2752 1029 2819 exspectatio.
1087 2751 1479 2822 Exspectamus
1537 2760 1682 2813 enim
1746 2776 1891 2823 eum,
1945 2768 1997 2813 et

431 2842 737 2896 venientem
769 2857 800 2896 e
838 2846 978 2898 creto
1008 2845 1206 2901 virtute
1241 2862 1337 2916 per
1371 2850 1525 2903 ﬁdem
1553 2851 1852 2906 cernimus.

507 3010 574 3065 Χ.
609 3030 628 3063 ‹
666 3012 911 3085 Alligans
931 3018 998 3071 ad
1032 3019 1193 3073 vitem
1230 3019 1439 3075 asinam
1472 3039 1626 3078 suam
1656 3045 1668 3079 :
1710 3046 1728 3078 ι
1765 3028 1869 3083 hoc
1889 3037 1991 3093 est,

431 3103 690 3171 populum
735 3121 896 3161 suum
942 3124 1009 3163 ex
1059 3111 1496 3178 circumcisione,
1548 3116 1614 3168 ad
1657 3119 1991 3172 vocationem

432 3208 607 3249 suam.
637 3193 769 3249 Nam
801 3197 915 3265 ipse
942 3198 1068 3254 vitis
1096 3199 1391 3255 erat“.cEt
1427 3202 1494 3257 ad
1524 3204 1751 3260 lielicem
1782 3208 1991 3278 pullum

431 3288 598 3343 asina:
623 3303 775 3351 sua);
836 3305 856 3339 ι
912 3292 1168 3361 populum
1199 3308 1267 3349 ex
1297 3296 1568 3365 gentibus,
1604 3299 1761 3367 quasi
1790 3316 1993 3355 novum

429 3379 638 3448 pullum
689 3380 994 3446 adducens,
1051 3385 1209 3452 quasi
1258 3386 1349 3455 qui
1401 3389 1879 3445 circumcisionem
1938 3402 1993 3446 et

429 3472 751 3540 prmputium
793 3482 948 3526 vocet
992 3475 1043 3527 in
1090 3492 1252 3530 unam
1288 3478 1469 3531 ﬁdem.

503 3560 591 3614 XI.
623 3579 641 3612 ι
694 3562 919 3617 Lavabit
948 3564 1003 3617 in
1034 3566 1157 3620 vino
1188 3568 1381 3623 stolam
1406 3586 1591 3637 suam;
1634 3590 1652 3623 ›
1682 3573 1836 3641 juxta
1885 3574 1991 3629 Pa-

430 3659 636 3705 ternam
671 3667 766 3721 per
802 3652 1062 3723 Spiritum
1094 3668 1363 3725 sanctum,
1394 3677 1513 3731 quae
1547 3663 1599 3715 in
1631 3662 1867 3719 Jordane
1895 3668 1991 3720 de-

430 3742 674 3806 scendit,
718 3760 927 3800 vocem.
986 3767 1004 3799 ‹
1059 3746 1126 3801 Ει
1180 3749 1236 3803 in
1282 3754 1549 3822 sanguine
1606 3769 1724 3808 uva:
1769 3756 1990 3824 pallium

429 3848 611 3888 suum.
665 3853 683 3887 ι
731 3835 919 3905 Cujus,
971 3854 1121 3910 rogo,
1172 3846 1439 3914 sanguine
1486 3862 1622 3910 uvae,
1666 3847 1771 3900 nisi
1811 3848 1992 3903 carnis

500 3992 543 4023 “
572 3990 674 4047 Isa.
699 4008 773 4058 ιι,
810 3994 855 4047 1.
938 3997 978 4028 ⁸³
1030 3998 1134 4053 Isa.
1182 4017 1217 4065 ι,
1256 4002 1343 4055 21.
1454 4003 1496 4034 ¹⁶
1527 4002 1728 4059 Psalm.
1762 4021 1844 4071 ιιι,
1894 4006 1943 4059 6.

497 4148 731 4228 (25)]ι1ὴ
765 4151 1213 4228 ἐρα-’σπέρματος
1264 4158 1446 4211 Δαυὶδ
1498 4162 1837 4228 γενόμενον.
1871 4159 1994 4217 Haec

428 4221 614 4274 minus
644 4230 787 4301 recte
820 4221 964 4300 dicta
998 4221 1228 4301 lbrtasse
1263 4228 1431 4301 videri
1460 4221 1684 4301 queant;
1718 4230 1998 4301 Suspicio-

428 4305 552 4367 nem
581 4291 936 4367 vel_|naxi_me
973 4306 1132 4367 anget
1166 4297 1448 4367 Paulinum
1480 4291 1622 4353 illud
1654 4291 1890 4367 Βοιιι.ἰ,
1919 4302 1952 4355 3
1979 4320 1993 4356 :

424 4359 687 4442 {1593506
722 4360 852 4442 ξ’ἱοῦ
879 4359 1071 4442 αὑτοῦ]
1114 4366 1208 4418 τοῦ
1257 4369 1545 4442 γενομένου
1585 4372 1655 4442 ἐκ
1666 4359 1997 4442 σπέρματος

425 4426 589 4505 ᾼαυὶδ
621 4429 763 4505 κατᾲ
794 4432 1002 4505 σάρκα..
1022 4434 1246 4505 Yerum,
1268 4426 1331 4489 ἰιι
1374 4426 1576 4505 optime
1614 4426 1994 4497 Tillenidntius

2107 4444 2315 4499 veniant
2350 4464 2361 4498 :
2415 4462 2512 4499 nec

428 4498 587 4580 Μέιιι.
637 4500 763 4552 eccl.
809 4498 942 4556 10in.
985 4502 1071 4580 III,
1110 4498 1240 4574 pag.
1277 4498 1427 4580 678,-
1451 4518 1564 4561 not.
1596 4510 1648 4571 6,
1676 4527 1743 4563 ex
1774 4512 1842 4580 iis
1874 4528 1995 4580 quae

426 4570 611 4622 statim
646 4570 1213 4647 sequuntur‘quisque
1244 4570 1517 4646 percipere
1562 4570 1757 4647 potest,
1798 4579 1855 4637 S.
1892 4570 1995 4635 'Pa-

423 4648 562 4722 trem
587 4653 654 4692 ex
685 4640 853 4708 stirpe
874 4642 1090 4722 quidem
1128 4640 1378 4701 Davidica
1394 4640 1582 4701 ortum
1602 4640 1803 4722 desum
1838 4653 1994 4705 Chri-

424 4718 569 4788 stum
601 4718 1050 4788 agnoscere,_ita
1095 4724 1272 4788 tamen
1309 4726 1367 4771 ut
1412 4727 1568 4788 neget
1598 4720 1773 4788 ipsum
1804 4736 1864 4774 ea
1904 4738 1993 4774 or-

424 4786 539 4831 tum
587 4796 607 4859 ς
660 4794 726 4860 ex
773 4778 993 4860 Davidis
1046 4786 1252 4860 semine
1302 4804 1319 4836 ι
1365 4778 1577 4860 ratiJne
1619 4778 1828 4858 vulgari
1884 4809 1991 4860 qua

423 4848 605 4901 czeteri
660 4848 945 4927 homines,
998 4855 1195 4923 quippe
1230 4872 1249 4905 ι
1285 4856 1378 4924 qui
1423 4859 1487 4907 de
1548 4848 1750 4927 Spiritu
1803 4848 1992 4916 sancto

423 4928 717 5001 conceptus
748 4918 935 4987 fuerit,
967 4918 1112 4977 et'ex
1132 4918 1338 4980 'sanct'o
1365 4918 1604 4997 germine
1634 4944 1664 4983 e
1698 4940 1838 4984 terra
1869 4948 1993 5001 pro-

422 4995 666 5041 cesserit.
701 5006 720 5038 ι

494 5056 607 5135 (ἓθ)
658 5058 876 5135 Τούτου
1036 5063 1336 5135 βλαστοῦ.
1390 5064 1725 5135 Conjiciebat
1783 5067 1990 5125 Gudius

420 5125 705 5205 legendum
746 5127 921 5181 τοῦτο.
970 5128 1076 5184 Sed
1108 5134 1338 5205 rectius,
1367 5145 1425 5187 ut
1450 5125 1680 5203 videtur,
1723 5138 1990 5194 Combcti-

422 5203 853 5273 siusfotﬁcpvtet
874 5215 999 5273 mox
1035 5203 1447 5273 προερχόμενον.

494 5265 604 5334 (27)
641 5267 709 5318 Τὸ
756 5265 824 5319 δὲ
862 5268 1083 5338 λέγειν.
1120 5265 1285 5325 Εᾱὶἰ.’
1315 5274 1635 5341 Combcl'is.,
1670 5276 1748 5348 τῷ
1793 5278 1847 5331 δὲ
1898 5280 1983 5333 λέ-

423 5349 558 5401 γειν.

424 5471 464 5525 ια’
495 5404 605 5473 (28)
643 5404 958 5461 Τ⁰⁰τέστίν
989 5407 1020 5461 δ
1064 5408 1257 5462 Δαυίδι
1306 5410 1431 5481 Leg.
1481 5432 1623 5467 τουτ.
1672 5418 1700 5471 δ
1743 5419 1772 5469 ὁ
1801 5419 1981 5472 Δαυίδ.

470 5489 589 5525 ΑΒΚ.

470 5489 589 5525 ABR.

494 5541 636 5615 (29)_
666 5546 776 5598 Kal
830 5547 1225 5615 ἡγούμενος...
1273 5548 1481 5606 ἐθνῶν.
1534 5551 1698 5610 Uncis
1773 5557 1981 5612 inclusa

426 5612 567 5665 male
591 5612 815 5667 aberant
838 5612 1032 5671 a'ms's.
1069 5616 1207 5671 Gun.

495 5679 605 5764 (σο)
627 5684 1075 5764 Πλιηρσυμένην.
1101 5687 1267 5764 Addit
1288 5687 1645 5748 Combelisius
1674 5697 1980 5764 parenthesi
2046 5700 2057 5710 '

427 5750 681 5807 conclusa
708 5751 825 5824 (τὴν
854 5750 1225 5827 προφητείαν).

2042 4010 2084 4038 ¹⁷
2122 4008 2239 4062 Gal.
2276 4025 2314 4073 ι,
2355 4011 2404 4063 1.

2107 1930 2385 2000 τιλήψεταί
2422 1947 2543 2000 μου⁸
2587 1950 2605 1981 ›
2640 1931 2727 1984 ἵνα
2758 1930 2904 2005 δείξῃ
2931 1935 2988 1986 ὲν
3018 1933 3095 2003 τῷ
3130 1932 3278 2004 ῥητῷ
3304 1934 3404 2004 τὴν
3433 1934 3666 2003 κοίμησιν

2108 2026 2273 2079 αὑτοῦ
2306 2026 2399 2080 καὶ
2429 2026 2722 2080 ἀνάστασιν
2754 2029 3145 2098 γεγενημένην.
3197 2027 3390 2081 Ἰακὼϐ
3426 2028 3486 2080 δὲ
3518 2028 3660 2095 λέγει·

2110 2138 2129 2170 ι
2172 2118 2265 2182 Τίς
2294 2120 2475 2189 ἐγερεῖ
2501 2120 2695 2183 αύτόν;
2733 2138 2751 2170 ι
2780 2120 3069 2173 Τουτέστιν
3101 2120 3128 2171 ὃ
3150 2118 3313 2171 Δαυὶδ
3344 2118 3482 2189 (28),
3509 2117 3666 2179 καθὼς

2105 2211 2197 2262 καὶ
2234 2210 2463 2275 Παῦλος,
2493 2210 2662 2278 λέγει·
2706 2229 2724 2261 ι
2763 2210 2872 2262 Καὶ
2902 2209 3035 2263 Θεοῦ
3069 2210 3281 2281 Πατρὸς
3313 2207 3407 2261 τοῦ
3444 2209 3666 2279 ἐγείρανο

2106 2317 2197 2363 τος
2231 2302 2392 2354 αὐτὸν
2416 2303 2479 2353 ὲκ
2504 2300 2731 2371 νεκρῶν.
2773 2320 2792 2352 ι

2176 2392 2266 2463 Τῷ
2308 2393 2363 2446 δὲ
2415 2396 2622 2447 εἰπεῖν’
2674 2412 2692 2444 ι
2742 2393 2852 2446 Οὐκ
2886 2391 3123 2461 ἐκλείψει
3153 2391 3334 2461 ἅρχων
3377 2388 3437 2453 ἐξ
3496 2390 3663 2450 Ἰούδα,

2102 2486 2196 2539 καὶ
2239 2485 2536 2555 ἡγούμενος
2576 2488 2640 2539 ἐκ
2676 2485 2782 2538 τῶν
2825 2484 3015 2555 μηρῶν
3059 2483 3244 2548 αὐτοῦ,
3279 2484 3385 2545 ἕως
3426 2483 3496 2536 ἂν
3537 2482 3661 2551 ἔλθη,

2097 2570 2142 2642 ᾧ
2168 2577 2477 2629 ἀπόκειται·
2504 2576 2597 2629 καὶ
2621 2577 2781 2639 αὐτὸς
2806 2576 2959 2629 ἕσται
2984 2576 3280 2644 προσδοκία
3303 2574 3479 2627 ἐθνῶν
3499 2574 3621 2643 (‘39)-
3644 2592 3659 2621 ι

2103 2668 2487 2739 πληρουμένην
2524 2670 2634 2737 (50)
2659 2670 2752 2733 ἐπὶ
2778 2670 2869 2721 τὸν
2913 2668 3147 2739 Χριστὸν
3187 2668 3484 2737 ἐδήλωσεν.
3515 2668 3663 2727 Αὐτὸς

2098 2761 2204 2832 γὰρ
2234 2761 2386 2832 ἡμῶν
2414 2763 2527 2813 ἐστι
2557 2761 2879 2832 προσδοκία·
2915 2760 3316 2831 προσδεχόμεθα
3354 2760 3467 2831 γὰρ
3496 2761 3656 2817 αὑτὸν,

2100 2852 2392 2921 ἐρχόμενον
2444 2852 2555 2919 (51)
2604 2854 2699 2904 ἀπ’
2745 2850 2975 2921 ούρανοῦ
3026 2851 3251 2921 δυνάμει
3304 2851 3395 2903 διὰ
3449 2853 3663 2910 πίστεως

2096 2943 2259 3013 ἡμῶν
2290 2943 2585 3013 βλέπομεν.

2164 3035 2452 3105 Δεσμεύων
2483 3036 2618 3105 πρὸς
2648 3035 2890 3107 ἄμπελον
2913 3035 3010 3105 τὴν
3040 3035 3158 3087 ὄνον
3211 3034 3401 3095 αὑτοῦ,
3442 3054 3461 3085 ι
3496 3032 3660 3086 τουτέ-

2098 3140 2204 3185 στι,
2232 3123 2324 3176 τὸν
2353 3124 2417 3176 ἐκ
2450 3126 2751 3196 περιτομῆς
2796 3124 2923 3178 λαὸν
2954 3123 3116 3176 αὑτοῦ
3161 3124 3294 3193 πρὸς
3338 3124 3439 3194 τὴν
3489 3118 3661 3175 ἑαυτοῦ

2098 3213 2320 3284 κλῆσιν·
2356 3213 2520 3277 αὐτὸς
2568 3214 2678 3285 γὰρ
2723 3210 2790 3284 ἦν
2833 3215 2865 3283 ἡ
2910 3211 3172 3283 ἄμπελος.
3212 3230 3228 3261 ι
3288 3213 3397 3264 Καὶ
3448 3213 3513 3279 τῇ
3543 3208 3661 3260 ἕλικι

2096 3304 2187 3357 τὸν
2231 3304 2405 3356 πῶλον
2439 3306 2540 3375 τῆς
2576 3305 2699 3357 ὄνου
2742 3303 2942 3358 αὐτοῦ’
2985 3322 3002 3353 ι
3039 3302 3130 3354 τὸν
3169 3301 3316 3360 λαὸν,
3359 3302 3451 3352 τὸν
3499 3300 3555 3364 ἐξ
3582 3295 3658 3348 εθ-

2099 3393 2226 3456 νῶν,
2254 3393 2330 3455 ὡς
2364 3395 2667 3465 περιτομὴν
2704 3394 2799 3447 καὶ
2830 3391 3195 3463 ἀκροϐυστίαν
3224 3392 3305 3453 είς
3338 3391 3471 3459 μίαν
3499 3388 3661 3440 πίστιν

2102 3486 2304 3539 καλῶν.

2177 3597 2195 3629 ι
2239 3577 2435 3629 Πλυνεῖ
2458 3578 2515 3628 ἐν
2548 3576 2675 3645 οἴνῳ
2705 3575 2803 3645 τὴν
2835 3574 3023 3646 στολὴν
3049 3574 3212 3629 αὐτοῦ
3236 3592 3248 3603 ’
3297 3593 3315 3624 ι
3353 3570 3547 3643 [κατὰ]
3578 3570 3659 3636 τὴν

2102 3669 2235 3740 [διὰ]
2286 3668 2378 3721 τοῦ
2434 3669 2543 3737 (52)
2595 3668 2751 3735 ἁγίου
2804 3667 3121 3737 Πνεύματος
3172 3664 3537 3718 κατελθοῦσαν
3582 3661 3659 3713 ἐπὶ

2111 3760 2376 3830 Ἰορδάνην
2408 3758 2684 3830 Πατρικὴν
2715 3760 2914 3829 φωνήν.
2958 3777 2976 3808 ι
3016 3758 3125 3809 Καὶ
3150 3759 3207 3809 ὲν
3240 3756 3437 3826 αἵματι
3476 3769 3660 3818 στασυ-

2098 3851 2195 3921 λῆς
2235 3853 2331 3922 τὴν
2382 3852 2671 3922 περιϐολὴν
2708 3850 2895 3904 αὐτοῦ.
2937 3870 2956 3902 ι
3002 3850 3204 3920 Αἴματι
3256 3845 3348 3902 οὖν
3401 3845 3659 3916 σταφυλῆς

2485 4010 2527 4041 ¹⁸
2554 4008 2712 4064 Joan.
2741 4027 2832 4074 xv,
2871 4010 2923 4062 1.

2330 4167 3062 4240 ῙΕρχςΣμειζονεβοιηῢοῡεη
3099 4171 3194 4221 καὶ
3226 4170 3544 4240 ἐρχόμενον.

2330 4221 2677 4311 [ΚᾶῖὰἸᾸςίςίιν
2705 4221 3324 4311 [διὰῨῙ-ξνοῧῖγὺυριίοέιῖἶ
3363 4221 3507 4293 hanc
3536 4254 3658 4311 prse-

2102 4305 2424 4378 positionem
2480 4305 2612 4378 mihi
2669 4305 2978 4365 necessario
3038 4305 3396 4378 supplendam
3454 4305 3652 4378 putavi.

2102 4374 2217 4450 Non
2249 4376 2392 4429 enim
2423 4377 2591 4450 στολη
2614 4385 2667 4430 et
2694 4381 2842 4450 φωνή
2872 4381 2981 4435 ullo
3011 4374 3282 4449 allegoria:
3315 4374 3515 4450 genere
3537 4393 3658 4450 conv

2604 4456 2790 4501 aterna
2833 4447 2938 4504 vox
2986 4447 3197 4504 dicatur
3261 4464 3366 4501 vox
3426 4447 3657 4517 Spiritus

2096 4516 2289 4575 sancti,
2317 4516 2472 4583 quasi
2496 4515 2728 4585 Spiritus
2750 4530 2971 4574 sanctus
3006 4519 3209 4573 Christi
3240 4518 3399 4572 Pater
3422 4515 3652 4576 dicatur.

2094 4586 2241 4657 quod
2270 4585 2536 4657 theologia
2572 4602 2679 4657 non
2707 4589 2959 4643 admittit.
2993 4589 3127 4643 Mira
3158 4592 3342 4657 itaque
3380 4589 3655 4648 brevitate,

2094 4655 2526 4729 vinuni__(_leitatis
2554 4656 2725 4723 ﬁgura
2752 4661 2967 4729 accipit,
2998 4676 3107 4729 quo
3136 4655 3374 4712 delibuta
3405 4669 3459 4711 et
3511 4658 3656 4729 dealf

2096 4725 2220 4798 bata
2274 4724 2363 4777 illa
2402 4725 2601 4798 Christi
2649 4728 2828 4798 tunica
2873 4724 3029 4798 (ejus'
3059 4729 3269 4783 scilicet
3323 4727 3656 4793 humanitas)

2089 4794 2244 4862 juxta
2295 4797 2439 4863 quod
2486 4794 2645 4849 Pater
2682 4797 2736 4849 in
2782 4794 3036 4861 Jordane,
3069 4814 3200 4852 vore
3249 4814 3345 4866 per
3391 4798 3657 4866 Spiritum

2092 4866 2332 4931 delapsa,
2380 4876 2708 4933 protestatus
2761 4878 2863 4929 est,
2911 4885 3033 4923 esse
3076 4868 3271 4921 Filium
3326 4882 3491 4920 suum
3531 4867 3657 4920 dile-

2093 4943 2260 5006 ctum,
2286 4949 2392 4987 non
2434 4936 2768 5004 adoptivum,
2805 4939 2896 4992 sed
2931 4940 3255 4999 naturalem,
3284 4939 3403 5006 ipsa
3432 4948 3658 4991 unctum

2091 5003 2396 5077 divinitate,
2418 5020 2523 5072 qua
2542 5003 2737 5077 homo,
2760 5023 2865 5061 non
2896 5008 3037 5061 sicut
3064 5009 3240 5062 caeteri
3276 5003 3374 5062 {et
3407 5009 3654 5077 pallium,

2091 5074 2248 5140 quasi
2271 5074 2400 5143 quid
2426 5075 2812 5141 extrinsecum,
2843 5078 3098 5132 derivatis
3129 5094 3192 5132 ex
3228 5078 3321 5131 illo
3352 5074 3656 5132 charisma-

2091 5144 2238 5196 tibus
2269 5162 2280 5196 :
2315 5159 2435 5217 quae
2482 5156 2629 5217 certe
2665 5146 2770 5217 alta
2820 5148 3088 5217 theologia
3123 5149 3354 5216 simplici
3388 5161 3533 5210 ζετο,
3566 5162 3653 5199 ve-

2090 5227 2256 5288 reque
2304 5214 2690 5288 ecclesiastica.
2720 5214 2899 5288 Quod
2935 5214 3026 5272 est
3067 5214 3373 5288 βληθείσης,
3425 5220 3658 5287 propius

2088 5284 2167 5358 ad
2190 5283 2560 5358 metaphoram
2597 5285 2756 5358 fuerit
2783 5283 3076 5358 θλιϐείσης,
3104 5283 3244 5355 quod
3278 5283 3342 5341 de
3376 5283 3503 5339 uvis
3535 5283 3654 5355 pro-
3696 5316 3711 5333 -

2128 5352 2204 5403 rie
2237 5352 2347 5405 sive
2380 5368 2499 5405 cum
2532 5355 2808 5407 calcantur
2830 5352 3046 5418 dicitur,
3084 5352 3195 5411 sive
3224 5374 3348 5411 cum
3386 5359 3441 5409 in
3480 5352 3636 5411 to'rcu

2110 5422 2187 5495 ari
2219 5422 2612 5495 exprimuntur.
2647 5424 2815 5494 Cujus
2864 5428 3026 5480 etiam
3071 5443 3177 5480 una
3228 5428 3557 5495 metaphora
3605 5436 3657 5479 et

2087 5491 2349 5565 tinctione
2376 5493 2509 5565 vini,
2538 5494 2604 5546 de
2634 5491 2740 5547 sua
2764 5495 3024 5550 Dominus
3052 5498 3325 5565 passione,
3349 5491 3455 5551 lsa.
3496 5512 3652 5556 Lxui.

2086 5560 2166 5636 ὃς
2214 5580 2235 5636 ι
2278 5560 2769 5636 Torcularcalcavi
2805 5569 2976 5629 solus,
3017 5560 3175 5621 ιὀιρ.
3218 5586 3231 5619 :
3273 5569 3374 5620 nisi
3413 5571 3549 5636 quis
3591 5572 3655 5619 de

2087 5629 2430 5704 inimicorum
2461 5634 2663 5686 ultione
2685 5636 2930 5704 accipere
2956 5638 3126 5690 malit.
3157 5638 3287 5689 Ἀπὸ
3308 5629 3454 5690 οἴνού
3488 5640 3652 5692 etiam

2082 5700 2363 5823 figam;
2398 5702 2680 5759 Counsris.
2710 5735 2781 5745 —
2804 5700 2977 5765 Miter
3004 5707 3211 5780 Gudius
3240 5709 3326 5763 hic
3363 5709 3514 5776 apud
3550 5708 3653 5760 Fa-

2122 5784 2333 5823 notum.

2122 5784 2333 5827 ιιςιυιιι.
