3836 6492
396 266 504 326 739

1023 261 1080 317 S-
1123 259 1483 318 HIPPOLYTI
1521 259 1670 314 OPP.
1707 258 1891 314 PARS
1931 257 1995 314 II.
2166 255 2476 312 DOGMAT.
2519 255 2610 310 ΕΤ
2671 255 3017 312 HISTORIC.

3537 257 3640 312 740

398 393 455 439 et
505 388 768 440 Jeremlas
823 379 903 436 sic
949 379 1074 434 ait:
1116 396 1136 432 ι
1192 379 1236 432 Ε
1279 379 1395 433 Dan
1446 378 1733 434 audiemus
1776 391 1966 432 vocem

2083 373 2448 446 ’Λντίχριστον
2479 373 2613 446 (57).
2647 373 2810 443 Λέγει
2849 373 2957 444 γὰρ
2999 375 3093 428 καὶ
3134 375 3400 448 Ἱερεμίας
3437 376 3637 442 οὕτως·

397 474 695 531 ceIeritatis
729 486 995 541 equorum
1026 472 1167 542 ejus,
1195 486 1226 524 a
1253 485 1387 524 voce
1415 469 1658 524 hinnitus
1687 469 1962 539 equitatus

397 580 664 636 equorum
713 565 832 634 ejus
883 572 1157 618 commota
1207 573 1293 618 est
1333 562 1589 616 universa
1635 570 1779 617 terra
1824 561 1891 616 ³³.
1937 580 1956 613 ι

399 659 489 711 Ait
511 671 641 710 vero
685 664 739 710 et
764 656 904 711 alius
931 655 1193 724 propheta
1229 673 1243 709 :
1282 673 1302 707 ι
1350 653 1714 723 Congregahit
1743 667 1963 708 omnem

399 752 650 805 virtutem
703 764 859 803 suam
910 764 942 802 a
989 748 1119 803 solis
1161 757 1286 802 ortu
1341 761 1516 816 usque
1566 746 1635 800 ad
1680 760 1960 800 occasum.

399 841 546 907 Quos
591 839 887 905 vocaverit,
937 846 991 894 et
1035 853 1173 907 quos
1213 853 1323 892 non
1367 836 1658 900 vocaverit,
1697 851 1819 890 cum
1870 835 1962 888 illo

399 934 572 987 ibunt.
604 930 941 986 Candescere
969 945 1119 985 mare
1148 930 1308 984 faciet
1343 944 1451 998 prae
1495 927 1845 981 multitudine
1872 942 1964 981 ve-

399 1025 578 1078 lorum
606 1023 850 1086 navium,
880 1030 936 1076 et
959 1021 1268 1091 nigrescere
1291 1034 1543 1088 campum
1573 1033 1685 1088 prae
1718 1017 1963 1072 multitu-

397 1117 525 1171 dine
555 1125 856 1169 scutorum.
883 1114 981 1178 Ac,
1013 1113 1057 1167 si
1089 1111 1213 1181 quis
1253 1111 1302 1166 ei
1336 1111 1393 1164 in
1419 1110 1612 1180 proelio
1640 1109 1959 1173 occurrerit,

397 1206 577 1276 gladio
626 1202 932 1259 corruet“.
969 1201 1169 1268 »ρυοά
1208 1203 1353 1256 enim
1407 1201 1524 1255 haec
1585 1215 1692 1254 non
1742 1199 1809 1255 de
1850 1200 1962 1253 ullo

399 1296 508 1350 alio
552 1295 694 1350 dicta
742 1295 869 1360 sint,
900 1309 1063 1362 quam
1108 1295 1175 1346 de
1223 1301 1454 1362 tyranno
1493 1290 1586 1343 illo
1636 1298 1747 1343 tum
1785 1289 1964 1357 impu-

397 1390 576 1454 dente,
606 1398 717 1442 tum
751 1386 845 1442 Dei
883 1385 1213 1453 adversario,
1239 1384 1296 1438 in
1324 1383 1677 1453 sequentibus
1700 1381 1964 1453 ostende-

401 1497 542 1535 IDUS.

470 1570 607 1624 XVI.
659 1569 763 1624 Sed
812 1579 866 1624 et
903 1568 1071 1625 Isaias
1100 1569 1180 1623 sic
1211 1567 1286 1622 ait
1319 1586 1333 1622 :
1387 1585 1404 1618 ι
1439 1565 1505 1620 Et
1536 1567 1640 1621 erit
1677 1580 1801 1620 cum
1831 1579 1965 1619 con-

397 1663 752 1717 summaverit
783 1661 1045 1716 Dominus
1079 1661 1262 1716 omnia
1297 1659 1505 1714 faciens
1531 1658 1587 1712 in
1617 1665 1801 1712 monte
1831 1656 1962 1711 Sion

2074 485 2094 519 ι
2133 468 2320 537 Φωνὴν
2366 469 2432 520 ὲκ
2471 465 2579 519 Δάν
2625 466 2986 537 ἀκουσώμεθα
3015 466 3270 539 ὀξύτητος
3302 470 3486 522 ἵππων
3530 470 3641 543 (58)

2067 559 2256 623 αὐτοῦ,
2286 554 2417 630 [ἀπὸ
2436 558 2621 628 φωνῆς
2651 557 3021 630 χρεμετισμοῦ
3048 561 3309 624 ἱππασίας
3343 563 3526 616 ἵππων
3553 563 3644 616 αύ-

2066 647 2186 720 τοῦ]
2210 649 2426 720 ἐσείσθη
2472 651 2625 703 πᾶσα
2650 652 2683 720 ἡ
2715 650 2808 718 γῆ.
2855 669 2872 701 ι
2901 650 3062 718 Λέγει
3085 650 3141 702 δὲ
3180 653 3272 704 καὶ
3304 652 3491 723 ἕτερος
3516 672 3646 726 προ-

2069 740 2271 810 φήτης·
2328 755 2346 789 ι
2384 734 2609 803 Ξυνάξει
2656 741 2834 792 πᾶσαν
2881 738 3111 810 δύναμιν
3159 743 3324 796 αὐτοῦ
3371 745 3464 812 ἀφ’
3497 745 3642 815 ἡλίου

2068 831 2341 886 ἀνατολῶν
2374 831 2530 904 ἄχρις
2559 833 2708 904 ἡλίου
2741 835 2958 904 δυσμῶν
2982 853 2994 865 ·
3025 836 3118 900 οὓς
3148 837 3406 908 κεκλήκοι
3435 839 3530 891 καὶ
3554 837 3643 902 οὓς

2068 925 2128 977 οὑ
2157 924 2412 996 κεκλήκοι
2448 925 2872 996 πορευθήσονται
2900 931 3012 998 μετ’
3043 929 3226 981 αὐτοῦ.
3256 932 3528 983 Λευκανεῖ
3549 933 3642 1003 τὴν

2071 1015 2341 1069 θάλασσαν
2368 1015 2474 1070 ἀπὸ
2494 1016 2602 1070 τῶν
2630 1018 2810 1071 ἱστίων
2827 1019 2934 1071 τῶν
2975 1019 3193 1085 πλοίων,
3218 1020 3312 1074 καὶ
3351 1021 3573 1091 μελανεῖ
3589 1021 3644 1075 τὺ

2070 1109 2248 1163 πεδίον
2293 1109 2400 1163 ἀπὸ
2429 1110 2534 1162 τῶν
2565 1109 2771 1182 θυρεῶν
2819 1110 2925 1164 τῶν
2954 1111 3131 1164 ὅπλων
3155 1129 3169 1141 ·
3201 1113 3293 1165 xui.
3345 1115 3454 1177 πᾶς
3496 1115 3556 1178 ὃς
3583 1114 3644 1167 ἂν

2070 1203 2376 1273 συναντήσῃ
2403 1201 2550 1273 αύτῷ
2577 1203 2634 1254 ὲν
2655 1202 2894 1273 πολέμῳ,
2923 1205 3166 1275 μαχαίρᾳ
3190 1208 3454 1257 πεσεῖται.
3485 1225 3503 1258 ι
3528 1208 3645 1259 Ὅτι

2073 1294 2171 1363 μὲν
2198 1288 2292 1346 οὖν
2323 1293 2496 1346 ταῦτα
2538 1293 2636 1346 ούκ
2669 1295 2757 1345 ἐπ’
2787 1294 2942 1348 ἄλλον
2972 1294 3093 1348 τινὰ
3137 1295 3374 1367 εἴρηται,
3405 1296 3521 1349 ἀλλ’
3557 1295 3644 1350 ἐπὶ

2067 1383 2160 1436 τὸν
2195 1383 2455 1456 τύραννον
2488 1385 2582 1437 xui.
2613 1385 2805 1456 ἀναιδῆ
2838 1387 2932 1439 xui.
2965 1385 3254 1458 θεομάχον,
3287 1387 3534 1458 δείξομεν
3560 1388 3644 1443 διά

2069 1475 2178 1530 τῶν
2207 1476 2352 1547 ἑξῆς.

2139 1568 2302 1638 Λέγει
2334 1569 2428 1621 xui.
2463 1569 2690 1632 Ἡσαΐας
2717 1567 2920 1634 οὕτως·
2970 1589 2989 1621 ι
3029 1571 3138 1624 Καὶ
3167 1570 3318 1625 ἔσται
3364 1572 3493 1625 ὅταν
3526 1586 3645 1624 συν-

2070 1659 2264 1732 τελέσῃ
2293 1660 2495 1732 Κύριος
2529 1661 2703 1714 πάντα
2730 1660 2897 1714 ποιῶν
2925 1662 3016 1714 ἐπὶ
3037 1661 3113 1730 τῷ
3141 1661 3257 1732 ὄρει
3278 1662 3357 1732 τῷ
3385 1660 3524 1714 Σιὼν
3554 1662 3642 1714 xui

395 1764 451 1811 et
484 1754 815 1821 Jerusalem;
850 1754 1068 1808 inducet
1092 1767 1256 1821 super
1283 1760 1519 1805 mentem
1561 1764 1835 1818 magnam,
1871 1764 1966 1803 su-

2080 1751 2449 1824 Ὶερουσαλήμ,
2484 1752 2671 1816 ἐπάξει
2721 1753 2815 1804 ἐπὶ
2862 1752 2956 1806 τὸν
3002 1752 3124 1805 νοῦν
3170 1753 3260 1806 τὸν
3314 1753 3514 1823 μέγαν,
3557 1754 3644 1805 ἐπὶ

398 1862 492 1917 per
537 1845 832 1916 principem
879 1844 1261 1915 Assyriorum,
1313 1848 1368 1895 et
1413 1854 1574 1908 super
1627 1840 1965 1893 altitudinem

401 1937 588 2006 gloriae
621 1937 901 1991 oculorum
940 1935 1080 2004 ejus.
1131 1933 1277 1987 Dixit
1307 1930 1452 1987 enim
1489 1948 1502 1984 ε
1543 1928 1601 1984 In
1651 1928 1967 1984 fortitudine

403 2027 620 2090 faelem,
661 2035 715 2080 et
759 2024 1022 2094 sapientia
1067 2022 1370 2077 intellectus
1425 2017 1666 2073 auferam
1708 2018 1967 2072 terminos

403 2119 664 2189 gentium,
712 2126 766 2172 et
814 2115 1187 2170 fortitudinem
1235 2127 1423 2168 eorum
1477 2109 1858 2180 deprzedabor;
1914 2118 1968 2163 et

399 2211 706 2266 concutiam
733 2211 979 2266 civitates
1008 2208 1296 2272 habitatas,
1322 2214 1374 2260 et
1398 2205 1583 2259 orbem
1615 2213 1786 2258 totum
1816 2218 1967 2256 com-

401 2303 734 2375 prehendam
787 2319 952 2356 manu
999 2316 1120 2355 mea
1147 2300 1303 2369 quasi
1335 2298 1545 2359 nidum,
1576 2304 1629 2349 et
1676 2296 1831 2365 quasi
1864 2310 1964 2349 ova

399 2397 654 2453 derelicta
691 2395 876 2450 tollam
910 2412 926 2450 :
969 2402 1024 2448 et
1061 2406 1170 2446 non
1203 2400 1285 2446 est
1315 2389 1408 2458 qui
1442 2388 1661 2459 effugiat
1698 2396 1792 2442 aut
1835 2377 1968 2442 con-

402 2490 635 2544 tradicat
658 2489 788 2542 mihi
813 2506 827 2554 ;
856 2496 908 2542 et
933 2486 1027 2555 qui
1051 2483 1257 2553 aperiat
1285 2498 1346 2536 os
1368 2498 1420 2536 et
1446 2481 1666 2550 garriat.
1697 2478 1968 2548 Numquid

401 2581 790 2652 gloriﬁcabitur
821 2577 1029 2633 securis
1058 2577 1175 2630 sine
1196 2591 1260 2629 eo
1295 2575 1388 2643 qui
1420 2573 1577 2627 caedit
1610 2574 1663 2626 in
1698 2572 1850 2641 ipsa?
1877 2579 1970 2626 aut

401 2673 724 2727 exaltabitur
746 2687 895 2725 serra
927 2669 1045 2724 sine
1071 2683 1136 2722 eo
1165 2669 1258 2738 qui
1294 2667 1439 2720 illam
1474 2665 1680 2719 trahit?
1709 2663 1970 2718 Similiter

401 2765 447 2818 si
492 2763 614 2832 quis
648 2761 930 2817 sustulerit
979 2760 1186 2830 virgam
1234 2767 1328 2812 aut
1374 2758 1601 2828 lignum,
1641 2755 1970 2809 exaltabitur

403 2857 628 2925 lignum.
680 2853 747 2908 Et
791 2868 899 2907 non
940 2853 1039 2908 sic.
1087 2851 1192 2905 Sed
1243 2850 1418 2904 mittet
1462 2849 1663 2904 Adonai
1706 2847 1968 2902 Dominus

402 2947 639 3002 Sabaoth
672 2947 724 3001 in
759 2948 1020 3000 honorem
1067 2953 1218 2998 tuum
1248 2941 1602 3012 ignominiam
1642 2960 1655 2995 :
1689 2949 1742 2994 et
1772 2942 1824 2993 in
1854 2941 1970 3010 glo-

402 3039 538 3092 riam
573 3047 718 3094 tuam
761 3037 901 3106 ignis
935 3035 1131 3089 ardens
1179 3033 1513 3089 exardescet.
1549 3029 1613 3085 Et
1645 3031 1748 3085 erit
1788 3031 1967 3084 lumen

400 3129 567 3185 Israel
594 3131 647 3183 in
673 3129 795 3199 igne
826 3147 841 3182 :
876 3137 930 3182 et
967 3125 1327 3182 sanctilicabit
1352 3126 1407 3178 in
1439 3123 1675 3190 flamma,
1705 3131 1758 3177 et
1783 3138 1967 3177 come-

401 3223 492 3278 det
519 3223 658 3277 sicut
711 3221 921 3285 fenum,
952 3220 1143 3274 silvam
1174 3219 1242 3273 ⁸³.
1282 3235 1299 3267 ι

469 3312 639 3368 XVII.
668 3313 796 3367 Item
822 3312 929 3366 alio
948 3325 1166 3380 quoque
1190 3311 1346 3364 loco:
1385 3326 1405 3360 ‹
1435 3306 1718 3373 Quomodo
1740 3305 1971 3360 cessavit

400 3405 652 3461 exactor?
674 3419 846 3474 quave
874 3402 1085 3457 ratione
1115 3401 1351 3456 cessavit
1372 3396 1731 3454 sollicitator?
1754 3395 1972 3450 Contri-

401 3497 479 3551 vit
506 3495 647 3550 Deus
687 3496 876 3565 jugum
901 3494 1207 3563 principum
1244 3500 1611 3559 peccatorum,
1661 3488 1970 3559 percutiens

405 3599 616 3661 gentem
649 3587 831 3641 furore
847 3599 901 3640 et
919 3587 1072 3655 plaga
1102 3581 1733 3650 insanabili,pereutiens
1758 3586 1970 3647 gentem

403 3681 560 3750 plaga
607 3677 897 3733 insanabili
925 3692 1033 3745 qua
1064 3689 1172 3728 non
1199 3674 1456 3743 pepercit.
1493 3671 1773 3741 Requievit
1802 3671 1973 3725 conli-

404 3774 625 3827 denter:
654 3768 832 3823 omnis
876 3777 1018 3822 terra
1044 3767 1244 3820 clamat
1279 3779 1404 3818 cum
1441 3763 1642 3817 laetitia.
1685 3759 1852 3831 Ligna
1882 3761 1972 3814 Li-

405 3861 532 3916 bani
570 3861 746 3915 laetata
769 3866 898 3914 sunt
951 3872 1112 3926 super
1158 3864 1232 3921 te,
1285 3862 1340 3909 et
1387 3854 1582 3909 cedrus
1644 3852 1857 3905 Libani.
1895 3851 1974 3906 Ex

405 3967 516 4024 quo
544 3961 602 4007 tu
627 3949 989 4012 obdormiisti,
1015 3963 1124 4002 non
1149 3945 1412 4012 ascendit,
1439 3946 1532 4014 qui
1551 3960 1649 3999 nos
1666 3943 1855 3998 caedat.
1886 3942 1975 3996 In-

406 4045 594 4100 fernus
626 4043 811 4098 subter
856 4040 1212 4095 exacerbatus
1236 4045 1336 4102 est,
1361 4052 1652 4091 occurrens
1688 4036 1801 4090 tibi.
1831 4033 1976 4089 Con-

407 4143 772 4191 surrexerunt
801 4147 992 4188 omnes
1023 4132 1266 4201 gigantes
1291 4129 1504 4198 judices
1535 4137 1712 4194 terrm,
1772 4127 1976 4196 princi-

407 4242 504 4296 pes
535 4243 601 4281 ex
637 4227 787 4281 soliis
838 4227 974 4280 suis.
1014 4222 1216 4278 Omnes
1269 4237 1425 4292 reges
1466 4222 1727 4292 gentium,
1782 4235 1974 4274 omnes

410 4315 572 4369 simul
601 4315 1022 4384 respondebunt”,
1045 4322 1099 4368 et
1124 4313 1302 4367 dicent
1326 4331 1338 4366 :
1383 4311 1451 4365 Et
1499 4319 1553 4364 tu
1593 4319 1783 4380 captus
1806 4326 1866 4364 es
1892 4311 1970 4364 si-

409 4415 503 4462 cut
529 4415 584 4461 et
629 4421 753 4472 nos;
797 4406 936 4460 inter
985 4421 1085 4460 nos
1132 4413 1414 4474 reputatus
1466 4419 1547 4459 es.
1599 4401 1885 4458 Descendit
1917 4401 1971 4456 in

2066 1843 2158 1896 τὸν
2205 1843 2438 1915 ἄρχοντα
2482 1843 2589 1897 τῶν
2645 1844 2960 1914 Ἀσσυρίων,
2993 1845 3087 1897 xui
3134 1845 3228 1897 ἐπὶ
3273 1842 3335 1896 τὸ
3381 1843 3515 1913 ὕψος
3546 1846 3638 1915 τῆς

2067 1934 2224 2006 δόξης
2271 1934 2380 1988 τῶν
2425 1932 2717 2005 ὀφθαλμῶν
2765 1934 2948 1990 αὑτοῦ.
2995 1931 3132 1988 Εἷπε
3182 1935 3327 2006 γάρ’
3379 1937 3459 2006 Τῇ
3506 1936 3642 2006 ἰσχύϊ

2069 2028 2298 2098 ποιήσω,
2333 2026 2426 2079 xui.
2451 2029 2518 2097 τῇ
2555 2026 2718 2097 σοφίᾳ
2749 2027 2846 2097 τῆς
2876 2027 3144 2090 συνέσεως
3192 2027 3375 2097 ἀφελῶ
3407 2029 3532 2102 ὅρια
3561 2029 3641 2083 ἐθ-

2068 2118 2195 2185 νῶν,
2227 2119 2321 2172 καὶ
2351 2119 2450 2190 τὴν
2495 2119 2646 2188 ἰσχὺν
2694 2119 2870 2172 αὐτῶν
2915 2120 3291 2191 προνομεύσω,
3337 2121 3432 2174 xui.
3483 2123 3639 2174 σείσω

2068 2209 2249 2272 πόλεις
2294 2208 2744 2280 κατοικουμένας,
2779 2211 2871 2264 xui.
2900 2209 2994 2282 τὴν
3034 2212 3356 2284 οἰκουμένην
3385 2212 3515 2285 ὃλην
3554 2232 3641 2267 κα-

2067 2301 2376 2371 ταλήψομαι
2407 2303 2471 2371 τῇ
2504 2301 2646 2371 χειρί
2681 2319 2802 2371 μου,
2833 2302 2909 2365 ὡς
2950 2303 3189 2366 νοσσιὰν,
3229 2302 3324 2356 xui.
3372 2304 3450 2368 ὡς
3482 2323 3640 2358 κατα-

2067 2391 2395 2463 λελειμμένα
2437 2392 2519 2444 ὠά
2552 2392 2701 2464 ἀρῶ·
2738 2394 2834 2446 xui.
2865 2394 2964 2448 οὐκ
3012 2394 3177 2456 ἔστιν,
3205 2395 3265 2458 ὃς
3303 2396 3640 2465 διαφεύξεται

2068 2485 2099 2555 ἣ
2130 2484 2356 2555 ἀντείπῃ
2408 2501 2516 2555 μοι,
2548 2483 2666 2555 [καὶ
2709 2485 2936 2553 ἀνοίγων
2972 2487 3031 2539 τὸ
3067 2470 3241 2557 στόμα
3277 2490 3374 2541 xui.
3405 2487 3641 2559 στρουθί·

2070 2575 2195 2640 ζων.
2231 2576 2326 2645 Μὴ
2365 2575 2752 2646 δοξασθήσεται
2796 2576 2951 2646 ἀξίνη
2979 2578 3106 2631 ἄνευ
3138 2578 3232 2630 τοῦ
3261 2579 3556 2644 κόπτοντος
3589 2581 3639 2633 ἐν

2069 2669 2211 2738 αὐτῇ
2235 2685 2248 2732 ;
2274 2668 2306 2738 ἢ
2333 2666 2677 2739 ὑψωθήσεται
2706 2667 2879 2740 πρίων
2911 2668 3039 2722 ἄνευ
3068 2668 3160 2722 τοῦ
3186 2670 3435 2735 ἕλκοντος
3459 2672 3636 2735 αύτόνς

2081 2752 2371 2818 Ὡσαύτως,
2407 2753 2501 2807 ὲάν
2543 2771 2627 2818 τις
2656 2755 2762 2826 ἄρῃ
2799 2756 2992 2827 ῥάϐδον
3025 2758 3058 2827 ἢ
3096 2757 3270 2823 ξύλον,
3300 2759 3639 2831 ὑψωθήσεται

2072 2842 2280 2917 ξύλονθ]
2314 2846 2408 2897 xui.
2436 2847 2532 2916 οὐχ
2577 2846 2768 2910 οὕτως.
2811 2846 2970 2900 Ἀλλά
2999 2849 3284 2902 ἀποστελεῖ
3319 2850 3544 2903 Ἀδωναῖ
3568 2854 3638 2914 είς

2070 2939 2173 3010 τὴν
2205 2939 2303 3008 σὴν
2326 2937 2488 3010 τιμὴν
2529 2940 2770 3010 ἀτιμίαν,
2807 2941 2898 2993 xui.
2928 2942 3006 3004 είς
3042 2941 3139 3012 τὴν
3187 2943 3286 3013 σὴν
3331 2943 3491 3007 δόξαν
3541 2943 3638 3014 πῦρ

2071 3029 2358 3100 καιόμενον
2390 3031 2740 3101 καυθήσεται.
2769 3031 2879 3084 Καὶ
2911 3032 2972 3085 τὸ
3004 3033 3117 3101 φῶς
3148 3033 3242 3086 τοῦ
3273 3033 3490 3106 Ἰσραὴλ
3518 3034 3635 3104 πῦρ,

2069 3122 2165 3174 xui.
2193 3122 2408 3190 ἀγιάσει
2445 3123 2605 3176 αὑτὸν
2644 3125 2702 3178 ὲν
2735 3123 2915 3194 φλογὶ,
2950 3125 3040 3178 καὶ
3085 3124 3318 3196 φάγεται
3352 3127 3430 3190 ὡς
3463 3127 3637 3198 χόρτον

2071 3214 2170 3286 τὴν
2201 3215 2353 3285 ὕλην.

2143 3307 2253 3359 Καὶ
2286 3307 2447 3360 πάλιν
2471 3308 2528 3359 ἐν
2554 3307 2724 3378 ἑτέρῳ
2758 3305 2939 3375 λέγει’
2996 3327 3014 3361 t
3053 3310 3181 3374 Πῶς
3213 3310 3588 3364 ἀναπέπαυται
3613 3311 3638 3363 ὁ

2080 3398 2348 3463 ἀπαιτῶν,
2369 3399 2594 3462 καὶπῶς
2611 3399 3030 3454 ἀναπέπαυταιίό
3043 3403 3478 3474 ἐπισπουδαστής
3497 3403 3639 3466 ;Συν·

2075 3488 2291 3560 έτριψεν
2325 3491 2354 3542 ό
2386 3491 2517 3553 Θεὸς
2567 3492 2657 3544 τὸν
2691 3491 2851 3559 ζυγὸν
2885 3493 2991 3545 τῶν
3037 3493 3310 3564 ἀρχόντων
3339 3494 3448 3546 τῶν
3475 3495 3641 3563 ἁμαρ-

2073 3577 2257 3629 τωλῶν
2277 3594 2292 3608 ο
2327 3578 2571 3641 πατάξας
2590 3579 2739 3643 ἔθνος
2763 3583 2819 3632 ἐν
2844 3580 3001 3652 θυμῷ
3019 3582 3114 3635 καὶ
3141 3585 3197 3636 ἐν
3216 3582 3401 3653 πληγῇ
3419 3583 3636 3651 ἀνιάτω·

2074 3669 2250 3722 παίων
2283 3668 2434 3733 ἔθνος
2464 3669 2641 3741 πληγῇ
2678 3671 2898 3742 ἀνιάτῳ,
3031 3676 3129 3727 ούκ
3179 3674 3456 3742 ἐφείσατο.
3504 3675 3638 3725 Ἀνε-

2077 3763 2323 3816 παύσατο
2355 3762 2646 3829 πεποιθὼς,
2668 3766 2816 3817 πᾶσα
2853 3767 2884 3836 ἡ
2913 3766 2984 3836 γῆ
3025 3767 3122 3838 βοᾷ
3145 3769 3258 3837 μετ’
3292 3765 3636 3838 εὐφροσύνης.

2074 3855 2156 3909 Τὰ
2184 3855 2316 3920 ξύλα
2339 3852 2432 3907 τοῦ
2461 3853 2690 3908 Λιϐάνου
2723 3855 3110 3927 ηὐφράνθησαν
3137 3856 3230 3909 ἐπὶ
3259 3857 3366 3921 σοὶ,
3392 3857 3482 3909 καὶ
3501 3859 3530 3926 ἡ
3551 3854 3640 3907 κέ-

2073 3943 2198 4014 δρος
2225 3942 2317 3996 τοῦ
2351 3943 2605 3996 Λιϐάνου.
2657 3943 2772 4011 Ἀφ’
2805 3939 2866 3997 οὗ
2898 3945 2962 3996 σὺ
2980 3945 3330 4014 κεκοίμησαι,
3356 3946 3456 3998 οὐκ
3485 3942 3640 4011 ἀνέϐη

2077 4036 2106 4086 ὁ
2132 4034 2344 4086 κόπτων
2372 4035 2535 4103 ἡμᾶς.
2577 4033 2633 4086 '0
2673 4032 2805 4104 ᾇδης
2836 4034 2984 4086 κάτω
3030 4034 3334 4105 ἐπικράνθη
3388 4036 3638 4101 συναντή-

2078 4143 2176 4188 σας
2213 4142 2325 4178 σοι·
2383 4125 2794 4196 συνηγέρθησαν
2846 4126 3046 4188 πάντες
3098 4127 3147 4178 οἱ
3184 4126 3442 4194 γίγαντες
3468 4128 3514 4178 οξ
3547 4126 3642 4195 ἆρ-

2079 4216 2264 4282 ξαντες
2300 4219 2397 4288 τῆς
2425 4219 2547 4288 γῆς,
2582 4221 2630 4271 οἱ
2656 4220 2894 4288 κοίρανοι
2928 4219 3038 4290 (59)
3075 4220 3136 4271 ἐκ
3163 4217 3272 4272 τῶν
3317 4220 3518 4291 θρόνων
3545 4218 3635 4270 αὐ-

2076 4309 2206 4361 τῶν.
2257 4309 2465 4372 Πάντες
2526 4309 2758 4378 βασιλεῖς
2809 4309 2999 4373 ἐθνῶν,
3047 4309 3160 4380 ἅμα
3190 4311 3390 4375 πάντες
3423 4312 3639 4379 ἀποκρι-

2079 4397 2333 4469 θήσονται
2357 4400 2454 4474 xui.
2471 4398 2682 4470 ἐροῦσιο
2719 4400 2828 4453 Καὶ
2851 4401 2915 4452 σὺ
2938 4399 3106 4463 ἑάλως
3121 4400 3308 4472 ὥσπερ
3331 4401 3428 4454 καὶ
3458 4403 3604 4472 ἡμεῖς
3623 4416 3635 4428 ·

477 4611 522 4642 ³³
545 4608 743 4666 Jerem.
773 4627 891 4670 vni.
917 4611 1002 4665 I6.
1077 4612 1123 4644 ’δ
1144 4612 1302 4666 Forte
1329 4629 1391 4666 ex
1427 4611 1754 4681 apucrypho,
1791 4607 1967 4663 utian

2076 4620 2164 4674 ap.
2195 4605 2284 4660 54.
2362 4605 2531 4660 ²⁵Ιεο.
2563 4620 2616 4672 ι,
2648 4603 2836 4660 12-17.

480 4842 768 4965 5220:1532
793 4845 900 4898 τὸν
947 4844 1364 4912 Ἀντίχριστον.
1397 4845 1476 4902 Id.
1510 4848 1604 4900 ἐπὶ
1650 4845 1743 4901 τοῦ
1798 4849 1968 4901 Ἀντι-

409 4931 649 4986 χριστου-

408 4982 594 5056 Ῐ-ίίῦδ)
612 4984 1162 5056 Ὂξύτητοςίξππων.
1181 4984 1449 5046 Nobilius.
1481 4994 1542 5040 ut
1567 4996 1621 5040 et
1649 4985 1834 5055 Vulg,
1862 4986 1968 5054 fre—

409 5055 598 5110 mitum
623 5069 890 5124 equorum.
917 5055 989 5125 iEt
1019 5065 1321 5125 sanegrecte
1365 5057 1543 5125 Vulg.,
1583 5058 1729 5124 quod
1764 5057 1837 5111 ita
1863 5057 1970 5110 He-

409 5125 555 5180 braea
608 5123 808 5178 habent
852 5143 866 5178 :
914 5124 1026 5178 Leo
1071 5123 1232 5187 Juda,
1278 5123 1500 5179 machus
1544 5123 1753 5178 auditus
1785 5142 1803 5179 :
1833 5127 1970 5179 nihil

411 5204 744 5265 verorecte
770 5192 1037 5259 Nobilius,
1069 5196 1163 5263 qui
1203 5197 1436 5249 litteram
1460 5196 1586 5265 τῶν
1617 5193 1969 5265 septuaginta

412 5263 596 5336 debuit
623 5264 882 5336 reddere;
914 5266 1054 5336 apud
1087 5280 1411 5336 quosnemo
1442 5264 1627 5318 Graece
1654 5263 1848 5319 doctus
1869 5264 1968 5336 τῂν

411 5333 654 5404 ὀξύτητα
691 5333 759 5387 ad
801 5335 1067 5388 ronchum
1109 5335 1193 5386 vel
1221 5335 1495 5389 fremitum
1525 5349 1791 5404 equorum
1828 5333 1968 5389 refe-

411 5413 520 5467 rat,
569 5403 660 5458 sed
712 5404 778 5457 ad
840 5405 1056 5457 illorum
1108 5405 1435 5458 celeritatem
1492 5420 1555 5458 ac
1606 5405 1967 5471 velocitatem,

415 5489 525 5551 qua
558 5474 795 5551 perinde
833 5489 900 5551 ac
951 5473 1168 5551 fremitu
1207 5485 1368 5544 atque
1418 5475 1652 5551 hinnitu,
1699 5474 1969 5543 equestris

418 5543 604 5614 militia
653 5545 846 5597 terrori
895 5553 996 5598 est.
1041 5544 1284 5611 Sequens
1322 5546 1618 5599 auctoritas
1649 5561 1812 5614 (lnam
1845 5559 1968 5614 pro—

417 5611 906 5692 pheticamuhahet
959 5614 1298 5692 Hippolytus,
1337 5631 1601 5692 nusquam
1635 5611 1967 5692 ekstare'vi-

417 5681 572 5736 detur
617 5681 671 5735 in
702 5683 854 5738 libris
891 5681 1089 5739 nostris
1153 5681 1293 5740 quos
1341 5684 1406 5738 de
1458 5681 1675 5740 canone
1719 5683 1971 5748 agnosci-

2073 4864 2218 4914 mus,
2270 4850 2632 4919 undecunque
2654 4848 2745 4904 ille
2774 4846 3066 4903 habuerit:
3111 4863 3174 4903 ac
3199 4857 3383 4919 putem
3411 4863 3474 4902 ex
3509 4860 3643 4915 apo-

2072 4921 2314 4990 cryphis,
2345 4935 2484 4989 quos
2515 4918 2685 4990 quasi
2730 4920 3074 4988 propheticos
3104 4920 3274 4990 libros
3315 4918 3498 4981 citare,
3528 4931 3641 4973 non

2071 4989 2344 5043 insuetum
2381 4990 2502 5054 ejus
2547 4989 2722 5043 relatis
2753 4990 3086 5044 hominibus.
3111 4989 3350 5042 Counsr.

2145 5061 2254 5128 (39)
2287 5063 2348 5112 Οἱ
2371 5060 2654 5124 κοίρανοι.
2686 5058 2807 5128 γοὶς
2829 5067 2912 5111 est
2944 5057 3231 5128 Homerica
3272 5057 3468 5128 Ἰλιάδ.
3499 5054 3554 5112 Β,
3585 5061 3643 5107 et

2075 5125 2251 5198 magis
2285 5129 2512 5197 poetica.
2568 5129 2738 5198 Aliter
2771 5127 2959 5182 Graeca
3016 5125 3199 5198 Vulg,”
3255 5127 3642 5198 oigyaipuvjtec

2073 5198 2138 5249 ἐκ
2171 5191 2514 5269 τῶν’θρόνων
2543 5197 2745 5269 αὐτῶν-
2765 5198 2974 5269 πάντας
3024 5191 3283 5269 βασίλεῖς,
3319 5191 3491 5269 velut
3511 5194 3642 5247 olim

2072 5267 2284 5336 tyranni
2313 5267 2368 5322 et
2390 5268 2644 5321 violentia
2670 5267 2930 5330 celebres,
2958 5277 3012 5321 ct
3045 5268 3140 5335 qui
3173 5267 3377 5321 multos
3399 5267 3525 5322 solio
3540 5278 3644 5318 ex-

2074 5347 2378 5407 cusserant,
2413 5338 2634 5406 perinde
2660 5352 2724 5391 ac
2744 5353 2837 5390 rex
2880 5337 3256 5407 Assyriorum,
3290 5339 3339 5390 ei
3369 5336 3642 5395 insultent,

2073 5405 2219 5478 quod
2242 5408 2358 5474 pari
2387 5405 2577 5478 etipse
2592 5407 2706 5478 illis
2749 5414 2904 5478 sorte
2925 5405 3100 5461 factus
3127 5407 3216 5460 sit.
3245 5406 3510 5478 Allegoria
3531 5415 3643 5478 est.

2075 5473 2218 5544 quod
2244 5473 2374 5531 haec
2397 5477 2465 5530 ad
2488 5473 2769 5531 diabolum
2807 5477 3119 5538 trahuntur,
3151 5486 3205 5530 et
3232 5473 3463 5545 quod‘ad
3489 5473 3644 5525 Anti-

2077 5545 2363 5626 christum,
2395 5561 2562 5626 quem
2591 5547 2669 5603 ait
2716 5545 2920 5621 Paulus
2967 5547 3315 5603 interfectum
3342 5548 3407 5602 iri
3448 5545 3645 5614 spiritu

2076 5616 2188 5671 oris
2205 5614 2355 5672 Jesu.
2389 5616 2638 5674 Const.
