3836 6544
193 316 274 372 ιιι
1215 315 1302 370 DE
1337 313 1636 371 CI'IRISTO
1673 313 1763 369 ET

1808 309 2290 392 ANTICHRISTO.
3275 310 3382 366 ἰη

191 431 241 482 ὲν
265 427 381 498 ἡμῖν
407 424 460 479 δὲ
477 421 887 494 κατελογίσθιηςθ
921 421 1123 495 κατέϐη
1145 426 1224 489 εἰς
1250 427 1352 497 γῆν
1381 429 1414 498 ἡ
1447 426 1572 493 δόξα
1601 442 1713 490 σου,

1819 434 2018 480 terram
2053 427 2220 498 gloria
2245 434 2358 489 tua,
2394 424 2562 480 multa
2579 424 2763 480 laetitia
2797 433 2924 492 tua;
2953 424 3140 479 subter
3166 432 3220 479 te
3245 435 3385 480 star-

192 523 222 592 ἠ
264 517 414 588 πολλὴ
445 515 742 588 εὐφροσύνη
797 532 923 568 σουο
975 516 1228 570 ὑποκάτω
1279 536 1370 572 σου
1422 517 1719 588 στρώσουσι

193 611 356 682 σῆψιν⁸
396 609 454 660 τὸ
500 608 554 660 δὲ
587 607 991 678 κατακάλυμμά
1035 609 1146 680 (40)
1202 626 1294 662 σου
1331 609 1562 680 σκώληξ.
1596 608 1720 671 Πῶς

191 701 354 752 ἔπεσεν
404 701 466 752 ἐκ
506 699 597 751 τοῦ
627 699 893 770 οὐρανοῦὸ
913 699 1238 771 Ἑωσφόρος,
1271 703 1298 754 6
1331 700 1470 772 πρωῒ
1501 699 1722 754 ἀνατέλ-

189 793 303 856 λων;
339 790 621 860 Συνετρίϐη
653 792 731 853 εἰς
753 791 850 862 τὴν
873 791 978 860 γῆν
1009 794 1037 844 ὁ
1069 792 1408 846 ἀποστέλλων
1433 795 1513 856 είς
1545 793 1720 846 πάντα

190 883 246 935 τὰ
272 882 401 951 ἔθνη.
442 883 512 934 Σὺ
543 881 597 932 δὲ
636 878 792 945 εἴπας
842 885 900 936 ἐν
953 886 1018 953 τῇ
1065 883 1272 954 διανοίᾳ
1331 899 1452 935 σουο
1489 883 1582 945 Εἰς
1631 882 1719 934 τὸν

189 974 381 1046 οὐρανὸν
421 975 785 1045 ἀναϐήσομαι,
839 976 1020 1028 ἐπάνω
1064 975 1172 1028 τῶν
1217 977 1428 1046 ἄστρων
1481 975 1591 1044 (41)
1624 975 1718 1028 τοῦ

189 1064 384 1134 οὐρανοῦ
415 1064 561 1134 θήσω
590 1065 679 1117 τὸν
712 1065 896 1136 θρόνον
934 1083 1056 1135 μου,
1089 1066 1262 1119 καθιῶ
1285 1069 1341 1119 ἐν
1377 1065 1555 1136 ὄρεσιν
1584 1066 1721 1136 ὑψη-

187 1155 278 1217 λοῖς
300 1159 400 1218 τοῖς
431 1155 562 1227 πρὸς
594 1155 819 1227 βορρᾶν·
850 1157 1194 1228 ἁναῢήσομαι
1248 1157 1432 1210 ἐπάνω
1475 1157 1581 1210 τῶν
1629 1174 1718 1210 νε-

189 1245 351 1314 φελῶν,
386 1245 572 1315 ἔσομαι
602 1247 783 1317 ὅμοιος
830 1248 907 1318 τῷ
945 1248 1196 1320 Tom,»
1233 1250 1366 1302 Νυνὶ
1393 1251 1448 1303 δέ
1480 1252 1558 1312 είς
1587 1250 1716 1320 ᾅδην

186 1339 432 1411 καταϐήσῃ
475 1339 608 1409 (42),
645 1341 737 1394 καὶ
777 1343 854 1405 εἰς
887 1341 952 1393 τὰ
983 1341 1204 1412 θεμέλια
1232 1344 1329 1412 τῆς
1347 1343 1466 1412 γῆς.
1489 1343 1550 1393 υἱ
1581 1341 1717 1394 ἰδόν-

185 1447 258 1492 τες
288 1447 337 1482 σε
367 1430 729 1500 θαυμάσωσιν
789 1433 882 1485 ἐπὶ
918 1435 1000 1486 σοὶ
1053 1435 1147 1487 καὶ
1204 1434 1444 1504 ἐροῦσιν·
1491 1426 1658 1496 Οὗτος
1689 1435 1718 1486 6

187 1522 431 1592 ἅνθρωπος
466 1526 493 1575 ὁ
516 1523 831 1595 παροξύνων
857 1525 956 1595 τὴν
994 1526 1115 1596 γῆν,
1143 1525 1170 1576 6
1201 1525 1357 1577 σείων
1400 1524 1654 1594 βασιλεῖς,
1688 1525 1717 1577 6

185 1614 369 1685 θεὶςτὴν
385 1617 699 1686 οἰκουμένην
726 1617 850 1687 ὃλην
872 1617 1096 1686 ἔρημον,
1131 1616 1224 1670 καὶ
1249 1617 1347 1679 τὰς
1373 1616 1553 1680 πόλεις
1585 1615 1714 1668 καθ-

185 1707 288 1770 εῖλε,
319 1710 430 1770 τοῦς
479 1711 534 1760 ἐν
581 1710 842 1778 ἐπαγωγῇ
914 1708 1022 1778 (45)
1050 1709 1149 1761 οὐκ
1205 1708 1377 1760 ἔλυσε.
1410 1709 1615 1772 Πάντες
1665 1711 1715 1761 οἱ

187 1799 384 1868 βασιλεῖς
425 1801 520 1870 τῆς
560 1801 668 1869 γῆς
718 1800 1084 1872 ἐκοιμήθησαν
1119 1801 1176 1853 ἐν
1223 1804 1378 1871 τιμῇ,
1429 1801 1713 1872 ἄνθρωπος

185 1891 229 1941 ἐν
255 1891 320 1960 τῷ
337 1889 462 1960 οἴκῳ
486 1890 651 1944 αὑτοῦ
677 1908 691 1922 σ
742 1891 804 1943 σὺ
839 1891 894 1942 δὲ
931 1891 1164 1961 ριφθήσῃ
1195 1891 1250 1943 ἐν
1276 1893 1386 1953 τοῖς
1419 1890 1618 1961 ὄρεσιν,
1638 1890 1712 1954 ὡς

183 1980 339 2050 νεκρὸς
370 1981 773 2051 ἐϐδελυγμένος,
821 1983 955 2052 μετὰ
986 1981 1191 2034 πολλῶν
1221 1982 1580 2035 πεπτωκότων
1624 1984 1713 2034 ἐκ·

183 2071 548 2141 κεκεντημένων
577 2071 840 2142 μαχαίρᾳ,
871 2071 1305 2124 καταϐαινόντων
1338 2072 1414 2133 εἰς
1436 2070 1587 2141 ᾅδην.
1617 2071 1712 2123 Ὃν

180 2166 344 2235 τρόπον
366 2163 566 2234 ἱμάτιον
607 2165 665 2216 ἐν
693 2164 882 2232 αἵματι.
918 2162 1261 2232 πεφυρμένον
1290 2163 1388 2215 οὑκ
1417 2163 1530 2215 ἐστι
1554 2164 1714 2217 καθα-

183 2255 272 2324 ρὸν,
297 2253 452 2316 οὕτως
471 2253 591 2305 οὐδὲ
616 2254 679 2305 σὺ
711 2252 806 2323 ἔσῃ
838 2251 1044 2321 κομψός
1078 2252 1186 2322 (44)
1208 2269 1220 2282 ·
1253 2251 1332 2303 ὅτι
1365 2251 1462 2321 τὴν
1482 2252 1583 2322 γῆν
1609 2269 1709 2322 μου

181 2345 444 2409 ἀπώλεσας,
479 2344 689 2398 καὶτὸν
720 2342 846 2395 λαόν
882 2360 979 2413 μου
1020 2342 1360 2405 ἀπέκτεινας.
1382 2344 1454 2395 Οὐ
1492 2342 1566 2413 μὴ
1603 2342 1714 2412 μεί-

180 2451 258 2511 νῃς
300 2441 369 2501 εἰς
399 2437 486 2490 τὸν
518 2436 693 2490 αἰῶνα
719 2435 948 2506 χρόνιος,
986 2434 1203 2505 σπέρμα
1229 2432 1481 2504 πονηρόν.
1543 2434 1711 2486 Ἑτοί-

184 2547 322 2599 μασον
347 2529 410 2583 τά
431 2530 595 2582 τέκνα
628 2545 720 2580 σου
757 2528 837 2589 είς
885 2526 1097 2597 σφαγὴν
1129 2528 1246 2588 ταῖς
1297 2525 1589 2596 ἁμαρτίαις
1616 2524 1710 2579 τοῦ

181 2621 352 2692 πατρός
377 2639 486 2685 σου,
520 2621 609 2673 ἵνα
645 2619 720 2690 μὴ
778 2616 1070 2682 ἀναστῶσι,
1118 2617 1213 2671 καὶ
1259 2615 1354 2686 τὴν
1385 2616 1488 2685 γῆν
1519 2633 1618 2686 μου
1649 2615 1710 2668 οὑ

182 2712 657 2783 κληρονομήσουσιν.

245 2804 476 2870 Ἰεζεκιὴλ
537 2804 600 2856 δὲ
650 2802 850 2873 ὁμοίως
907 2802 1054 2869 λέγει
1108 2800 1234 2872 περὶ
1286 2796 1448 2852 αὑτοῦ
1500 2796 1707 2860 οὕτως’

186 2895 350 2949 «Τάδε
379 2895 517 2964 λέγει
577 2894 784 2966 Κύριος
831 2896 858 2946 6
905 2893 1068 2956 Θεός·
1125 2892 1264 2945 Ἀνθ’
1321 2885 1395 2944 ὧν
1435 2889 1620 2960 ὑψώθη
1674 2890 1708 2959 ἡ

183 2987 343 3055 καρδία
395 3005 523 3050 σου,
585 2986 683 3038 καί
738 2980 934 3048 εἴπας,
987 2982 1116 3047 Θεός
1175 2984 1288 3052 εἰμι
1341 2979 1487 3049 ἐγὼ,
1537 2996 1714 3033 κατοι-

184 3077 281 3131 κίαν
323 3077 446 3130 Θεοῦ
482 3076 735 3148 ὲνῴκησα
765 3079 820 3129 ἐν
873 3075 1069 3146 καρδίᾳ
1102 3074 1400 3144 Θαλάσσης·
1439 3075 1501 3126 σὺ
1535 3072 1591 3124 δέ
1618 3071 1711 3124 ἄν·
1735 3114 1777 3172 C

183 3167 359 3238 θρωπος
389 3171 477 3222 κα)⁵
491 3171 550 3222 οὺ
574 3170 730 3231 Θεὸς,
753 3169 957 3232 ἔδωκας
973 3169 1070 3238 τὴν
1087 3167 1312 3236 καρδίαν
1346 3183 1436 3218 σου
1467 3165 1540 3228 ὡς
1573 3181 1708 3234 καρ-

181 3259 272 3313 δίαν
296 3262 432 3314 Θεοῦ.
474 3263 566 3332 Μὴ
599 3261 906 3333 σοφώτερος
939 3256 989 3313 εἷ
1014 3259 1106 3314 τοῦ
1153 3258 1378 3327 Δανιήλ;
1427 3255 1586 3324 Σοφοὶ
1609 3256 1707 3308 οὐκ

181 3353 455 3408 ἐπαίδευσαν
499 3373 559 3407 σε
593 3357 662 3425 τῇ
712 3355 985 3424 ἐπιστήμῃ
1015 3350 1225 3414 αὐτῶν;
1283 3349 1355 3420 μὴ
1398 3351 1454 3401 ἐν
1479 3350 1544 3418 τῇ
1591 3349 1709 3400 ἐπι-

183 3439 328 3514 στήμῃ
359 3459 462 3508 σου,
501 3441 534 3514 ἦ
594 3443 654 3494 ἐν
690 3444 756 3511 τῇ
782 3443 1040 3512 φρονήσει
1073 3456 1168 3492 σου
1210 3438 1468 3508 ἐποίησας
1502 3436 1708 3507 σεαυτῷ

179 3531 362 3604 δύναμιν
380 3535 468 3587 καὶ
500 3534 726 3606 χρυσίον
759 3533 854 3584 καὶ
885 3531 1144 3604 ἀργύριον
1175 3532 1231 3582 ἐν
1263 3532 1375 3593 τοῖς
1416 3529 1707 3601 θησαυροῖς

182 3636 283 3685 σου;
312 3625 393 3693 Μὴ
425 3626 479 3676 ἐν
513 3627 579 3694 τῇ
635 3622 801 3692 πολλῇ
835 3623 1111 3691 ἐπιστήμῃ
1142 3637 1257 3683 σου,
1291 3620 1384 3672 καὶ
1411 3620 1468 3672 ἐν
1506 3622 1572 3690 τῇ
1609 3621 1708 3690 ἐμ-

180 3712 331 3784 πειρία
355 3714 458 3785 (45)
493 3731 585 3767 σου
640 3712 939 3783 ἐπλήθυνας
985 3711 1212 3781 δύναμίν
1243 3725 1374 3774 σου;
1421 3708 1635 3780 ’Υψώθη
1671 3711 1704 3780 ἡ

181 3805 338 3874 καρδία
367 3822 454 3857 σου
485 3809 542 3860 ἐν
574 3807 645 3875 τῇ
676 3803 900 3873 δυνάμει
931 3819 1042 3855 σου.
1081 3799 1179 3854 Διὰ
1227 3800 1385 3854 τοῦτο
1410 3800 1536 3854 τάδε
1562 3799 1707 3869 λέγει

181 3895 348 3967 Κύριος
375 3899 400 3950 ὀ
423 3897 553 3961 Θεός
573 3914 587 3927 ·
640 3896 856 3966 Ἐπειδὴ
899 3894 1105 3956 ἔδωκας
1132 3891 1228 3962 τὴν
1264 3890 1489 3962 καρδίαν
1521 3908 1611 3943 σου
1633 3891 1708 3954 ὡς

180 3987 366 4056 καρδίαν
400 3989 554 4052 Θεοῦ,
589 3989 712 4043 ἀντὶ
752 3987 962 4051 τούτου,
1007 3986 1116 4039 ἰδοὺ
1159 3984 1269 4053 ἐγὼ
1301 3983 1491 4051 ἐπάγω
1530 3985 1620 4036 ἐπὶ
1648 3984 1708 4036 σέ

181 4075 445 4148 ἀλλοτρίους
468 4078 692 4151 λοιμοὺς
715 4076 823 4130 ἀπὸ
846 4076 1014 4128 ἐθνῶν
1047 4075 1182 4144 (46),
1229 4073 1323 4126 κα)⁸
1351 4072 1707 4126 ἐκκενώσουσι

181 4166 255 4230 τὰς
285 4172 539 4242 μαχαίρας
585 4169 767 4223 αὐτῶν
797 4170 892 4223 ἐπὶ
927 4169 986 4222 σέ
1017 4167 1111 4221 καὶ
1161 4166 1254 4218 ἐπὶ
1302 4164 1362 4217 τὸ
1396 4160 1587 4226 κάλλος
1613 4163 1710 4234 τῆς

181 4258 449 4332 ἐπιστήμης
495 4279 609 4325 σου,
658 4261 751 4314 καὶ
802 4259 1099 4331 στρώσουσι
1151 4256 1211 4310 τὸ
1259 4255 1453 4318 κάλλος
1490 4271 1584 4307 σου
1631 4255 1710 4317 εἰς

181 4349 431 4419 ἀπώλειαν,
453 4355 547 4407 καὶ
599 4337 1145 4413 καταϐιϐάσουσίκσε,
1200 4346 1292 4402 καὶ
1337 4345 1580 4415 ἀποθανῇ
1613 4344 1710 4398 θα-

1823 527 1954 572 nent
1981 520 2212 585 saniem,
2243 528 2296 574 et
2323 520 2718 588 operimentum
2774 525 2926 572 tuum
2976 517 3196 572 vermis.
3235 515 3385 583 Quo-

1821 612 1980 666 modo
2003 612 2196 666 cecidit
2234 612 2299 666 de
2328 613 2464 666 cmlo
2481 609 2717 677 Lucifer,
2751 610 2842 680 qui
2877 625 3034 663 mane
3067 607 3386 664 oriebatur?

1819 703 2098 758 Contritus
2144 713 2226 758 est
2276 705 2341 757 ad
2385 714 2606 768 terram,
2659 705 2749 772 qui
2801 704 3045 757 mittebat
3083 704 3147 756 ad
3196 717 3385 757 omnes

1821 804 2025 864 gentes.
2068 794 2149 848 Tu
2193 806 2374 850 autem
2405 796 2621 850 dixeras
2655 797 2706 848 in
2734 805 2912 849 mente
2947 804 3071 849 tua:
3105 795 3162 848 In
3187 794 3381 849 (mlum

1819 887 2214 951 conscendam;
2271 903 2431 954 supra
2479 889 2661 941 stellas
2714 888 2833 940 coeli
2886 903 3079 955 ponam
3128 875 3382 939 tliroriuu'i

1819 993 2034 1044 meum;
2072 979 2268 1032 sedebo
2318 979 2371 1032 in
2415 980 2692 1033 montibus
2726 980 2957 1033 excelsis
3011 980 3101 1048 qui
3153 988 3279 1032 sunt
3316 979 3382 1031 ad

1818 1069 2156 1137 aquilonem;
2185 1071 2470 1125 ascendam
2493 1086 2654 1140 super
2674 1071 2862 1137 nubes;
2893 1087 2987 1125 ero
3007 1071 3200 1126 similis
3223 1070 3385 1124 Altis-

1818 1162 1979 1215 simo.
2019 1160 2175 1216 Nunc
2238 1172 2416 1215 autem
2457 1161 2510 1214 in
2567 1161 2835 1215 infernum
2861 1163 3174 1226 descendes,
3227 1172 3279 1216 ct
3313 1161 3380 1216 ad

1817 1252 2167 1307 fundamenta
2193 1263 2367 1307 terrm.
2403 1252 2505 1318 Qui
2532 1253 2763 1307 viderint
2792 1262 2863 1316 te,
2916 1253 3256 1306 mirabuntur
3288 1270 3382 1307 su-

1816 1359 1912 1413 per
1963 1352 2036 1409 te,
2059 1354 2111 1398 et
2156 1345 2369 1400 dicent:
2411 1346 2511 1400 Ilie
2544 1346 2708 1399 homo
2742 1346 2833 1414 qui
2873 1345 3117 1399 irritabat
3158 1356 3377 1411 terram,

1815 1435 1906 1505 qui
1937 1437 2281 1491 concutiebat
2311 1453 2485 1508 reges,
2529 1438 2621 1506 qui
2674 1436 2935 1490 desolavit
2973 1447 3142 1490 totum
3170 1438 3376 1502 orbem,

1815 1524 2042 1594 ejusque
2075 1526 2237 1580 urbes
2252 1527 2537 1588 destruxit,
2572 1527 2784 1580 vinctos
2809 1541 3027 1579 carcere
3061 1541 3166 1578 non
3195 1525 3376 1580 solxit.

1815 1615 2016 1672 Omnes
2044 1633 2198 1687 reges
2225 1627 2380 1672 terra:
2403 1618 2741 1672 dormierunt
2782 1618 2835 1671 in
2872 1618 3095 1682 honore,
3129 1618 3291 1671 homo
3322 1619 3376 1671 in

1816 1710 1977 1764 domo
2017 1725 2149 1774 sua;
2183 1722 2238 1765 tu
2268 1725 2396 1764 vero
2419 1710 2690 1779 projectus
2717 1711 2824 1764 eris
2849 1711 2901 1763 in
2932 1711 3205 1763 montibus
3238 1711 3380 1764 velut

1815 1802 2045 1856 cadaver
2093 1802 2477 1868 abominabile,
2504 1818 2626 1856 cum
2658 1802 2844 1856 multis
2889 1803 3122 1854 mortuis
3160 1799 3382 1856 confes:

1814 1894 1891 1948 sis
1923 1893 2120 1964 gladio,
2171 1894 2619 1949 descendentibus
2670 1894 2724 1946 in
2759 1892 3054 1948 infernum.
3104 1892 3377 1960 Quemad-

1813 1987 2033 2040 modum
2075 1986 2453 2039 vestimentum
2507 1987 2558 2040 in
2597 1985 2860 2053 sanguine
2885 2000 3236 2052 conspersum
3267 2000 3377 2038 non

1811 2087 1894 2132 est
1916 2077 2202 2140 mundum,
2238 2077 2318 2130 sic
2345 2092 2519 2146 neque
2560 2085 2616 2130 tu
2657 2077 2766 2130 eris
2814 2077 3086 2140 mundus;
3117 2077 3377 2145 quoniam

1812 2178 2010 2223 terram
2035 2185 2208 2223 meam
2235 2169 2535 2238 perdidisti,
2569 2169 2908 2238 etpopulum
2943 2184 3121 2222 meum
3153 2169 3378 2222 interfe-

1811 2263 1957 2316 cisti.
2013 2260 2131 2316 Non
2177 2261 2422 2316 manebis
2471 2262 2526 2314 in
2573 2270 2833 2315 aeternum
2863 2261 3156 2330 longmvus,
3193 2276 3377 2314 semen

1812 2369 2066 2422 nequam.
2082 2350 2328 2420 Praepara
2346 2352 2483 2406 filios
2498 2363 2616 2406 tuos
2635 2359 2693 2404 ut
2699 2350 3018 2420 jugulentur
3032 2366 3127 2420 pro
3143 2352 3378 2420 peccatis

1811 2446 1982 2515 patris
2008 2446 2109 2508 tui,
2134 2460 2201 2499 ue
2227 2453 2561 2516 consurgant
2591 2455 2645 2500 et
2673 2457 2871 2501 terram
2915 2460 3093 2500 nteant
3149 2444 3380 2499 haeredi-

1814 2545 1921 2592 tate
1963 2537 2234 2607 accipiaut
2255 2538 2322 2591 “.
2351 2555 2372 2590 ι

1883 2781 2067 2838 XVIII.
2127 2781 2376 2837 Ezechiel
2435 2796 2654 2851 quoque
2713 2780 2964 2836 similiter
3020 2781 3264 2851 loquitur
3321 2781 3378 2836 in

1810 2874 1955 2928 hunc
1987 2874 2236 2928 modum:
2275 2893 2293 2924 ι
2335 2871 2459 2928 Haec
2496 2873 2627 2928 dicit
2655 2871 2918 2926 Dominus
2960 2871 3131 2927 Deus:
3175 2872 3280 2927 Pro
3313 2889 3380 2928 eo

1810 2964 1954 3034 quod
2004 2965 2296 3018 exaltatum
2345 2974 2427 3018 est
2478 2980 2574 3018 cor
2625 2973 2819 3030 tuum,
2865 2973 2918 3018 et
2951 2964 3170 3018 dixisti:
3234 2963 3379 3020 Deus

1812 3071 1912 3127 ego
1965 3069 2084 3109 sum
2129 3073 2143 3122 ;
2199 3055 2586 3110 habitationem
2653 3055 2746 3110 Dei
2808 3057 3044 3109 habitari
3099 3056 3153 3109 in
3209 3055 3381 3110 corde

1810 3147 2017 3213 maris;
2060 3155 2113 3200 tu
2143 3159 2322 3200 autem
2358 3147 2541 3209 homo,
2574 3154 2628 3200 et
2658 3161 2766 3200 non
2804 3146 2947 3202 Dcus
2972 3186 2987 3211 ,
3045 3147 3238 3201 dedisti
3281 3162 3380 3201 cor

1811 3248 1962 3292 tuum
1991 3237 2146 3307 quasi
2170 3252 2264 3291 cor
2285 3236 2400 3290 Dei.
2441 3235 2696 3307 Nunquid
2730 3238 3026 3306 sapientior
3056 3253 3116 3291 es
3167 3247 3223 3291 tu
3272 3238 3381 3291 Dav

1808 3331 1982 3385 niele?
2023 3329 2304 3397 Sapientes
2337 3346 2445 3384 non
2478 3331 2793 3384 erudierunt
2818 3341 2869 3384 te
2913 3328 3200 3398 disciplina
3241 3329 3381 3383 sua?

1808 3421 2062 3492 Nunquid
2093 3423 2146 3475 in
2171 3421 2480 3475 eruditione
2504 3429 2617 3486 tua,
2649 3428 2743 3474 aut
2791 3420 2843 3472 in
2890 3420 3175 3488 prudentia
3203 3420 3379 3474 fecisti

1808 3513 1905 3568 tibi
1935 3512 2328 3575 fortitudinem,
2361 3520 2413 3566 et
2434 3527 2628 3565 aurum
2669 3520 2722 3566 et
2756 3525 3038 3581 argentum
3072 3511 3128 3564 in
3159 3511 3380 3566 thesau-

1808 3604 1886 3659 ris
1917 3603 2064 3658 tuis?
2105 3601 2360 3672 Nunquid
2409 3603 2465 3656 in
2527 3603 2696 3656 multa
2747 3602 3053 3656 eruditione
3095 3611 3188 3655 tua
3225 3608 3280 3654 et
3322 3601 3378 3654 in

1810 3693 2174 3762 negotiatione
2197 3702 2286 3746 tua
2338 3692 2711 3762 multiplicasti
2769 3691 3143 3746 fortitudinem
3194 3691 3384 3744 tuam?

1811 3784 2026 3838 Elatu-m
2050 3794 2132 3839 est
2179 3800 2274 3840 cor
2299 3793 2452 3839 tuum
2505 3785 2559 3837 in
2595 3784 2915 3838 fortitudine
2949 3792 3061 3836 tua.
3088 3782 3380 3852 Propterea

1807 3877 1924 3932 haec
1950 3877 2081 3931 dicit
2123 3876 2388 3930 Dominus
2437 3875 2614 3930 Deus:
2667 3875 2806 3941 Quia
2859 3875 3054 3929 dedisti
3085 3890 3178 3928 cor
3223 3881 3377 3927 tuum

1808 3969 1965 4040 quasi
1997 3984 2090 4023 cor
2126 3967 2253 4034 Dei;
2281 3983 2408 4022 ecce
2431 3982 2532 4037 ego
2554 3967 2764 4022 adduco
2798 3981 2962 4036 super
2981 3974 3034 4020 te
3063 3965 3269 4019 alienos
3294 3980 3382 4032 pe-

1809 4060 2071 4126 stilentes,
2106 4071 2159 4115 et
2199 4061 2560 4131 evaginabunt
2613 4060 2822 4129 gladios
2885 4075 3012 4115 suos
3035 4051 3197 4130 super
3245 4067 3294 4115 te
3325 4067 3382 4114 et

1808 4168 1972 4222 super
1995 4152 2450 4221 pulchritudinem
2476 4151 2736 4208 doctrinae
2763 4164 2886 4216 tuae,
2915 4160 2968 4206 et
2990 4160 3233 4206 sternent
3255 4152 3379 4220 pul-

1810 4243 2172 4297 chritudinem
2208 4251 2358 4297 tuam
2412 4243 2467 4296 in
2523 4241 2918 4312 perditionem;
2949 4249 3004 4294 et
3051 4241 3380 4295 descendere

1809 4334 2011 4388 facient
2033 4341 2106 4400 te,
2141 4342 2196 4388 et
2222 4333 2473 4388 morieris
2507 4342 2680 4388 morte
2708 4333 3112 4387 vulneratorum
3139 4331 3192 4384 in
3217 4331 3381 4387 corde

183 4441 295 4514 νάτῳ
333 4445 672 4518 τραυματιῶν
718 4447 776 4498 ἐν
836 4442 1030 4513 καρδίᾳ
1085 4438 1378 4510 θαλάσσης.
1421 4437 1512 4507 Μὴ
1532 4436 1706 4506 λέγων

1819 4427 1998 4481 maris.
2039 4423 2296 4494 Nunquid
2351 4425 2584 4494 ioquens
2637 4425 2885 4480 dicturus
2937 4440 3026 4479 es:
3067 4423 3212 4479 Deus
3257 4439 3376 4478 sum

181 4532 322 4601 ἐρεῖςσ
349 4535 475 4599 Θεός
507 4537 622 4605 εἰμι
656 4535 790 4602 ἐγω,
813 4532 1038 4584 ἐνώπιον
1068 4528 1198 4601 [τῶν
1226 4525 1588 4599 ἀναιρούντων
1622 4542 1712 4593 σε;

183 4623 232 4675 σὺ
251 4623 298 4676 δὲ
322 4620 368 4677 εἶ
388 4625 694 4698 ἄνθρωπος,
726 4624 819 4678 καὶ
843 4624 904 4675 οὐ
941 4621 1091 4684 Θεὸς,
1135 4622 1192 4673 ἐν
1219 4620 1360 4690 χειρὶ
1393 4617 1719 4688 τιτρωσκόν-

182 4725 266 4763 των
306 4731 376 4767 σε.
430 4715 692 4778 Θανάτοις
740 4713 1126 4785 άπεριτμήτων
1177 4709 1350 4779 ἀπολῇ
1399 4710 1456 4762 ἐν
1485 4707 1712 4779 χερσὶν]

182 4800 460 4876 ἀλλοτρίωνο
510 4809 591 4861 ὅτι
619 4806 729 4875 ἐγὼ
757 4804 1011 4874 ἐλάλησα,
1043 4802 1192 4871 λέγει
1229 4800 1449 4872 Κύριος.
1494 4819 1512 4850 ι

235 4897 426 4953 Τούτων
437 4899 540 4952 τῶν
553 4895 647 4952 οὖν
666 4898 921 4969 ῥημάτων
932 4893 1304 4965 δεδειγμένων,
1325 4892 1520 4962 ἴδωμεν
1536 4889 1720 4944 λεπτο-

237 5080 278 5119 ¹⁶
298 5079 394 5137 Isa.
416 5099 528 5149 xxv,
564 5081 716 5138 4-2l.
786 5084 828 5116 ⁸⁷
859 5081 1055 5138 Ezeeh.
1080 5097 1274 5148 xxvm,
1305 5081 1465 5135 2-10.

239 5243 335 5318 (ᾅο)
359 5247 423 5301 Τὸ
454 5248 522 5301 δὲ
541 5247 992 5318 κατακὰλυμμα.
1019 5247 1148 5302 Erat
1175 5246 1543 5318 κατάλειμμα,
1562 5245 1707 5318 quod

186 5315 651 5389 cadaver-reliqum,
681 5315 1063 5389 reddi'p'osset.
1097 5318 1203 5372 Sed
1232 5333 1356 5372 cum
1389 5315 1468 5371 sic
1499 5317 1566 5370 ab
1581 5315 1705 5389 ille.

184 5383 605 5458 brieoabhorr'eat
632 5383 685 5444 et
713 5383 944 5458 vulgatis
989 5387 1212 5449 Grmcis,
1265 5397 1478 5458 mutare
1519 5387 1709 5458 religio

184 5455 413 5528 nonfuit.
448 5458 701 5528 Ejusdem
728 5455 938 5528 generis
958 5467 1056 5521 est,
1082 5458 1224 5527 quod
1262 5459 1402 5526 apud
1445 5457 1708 5528 Cyrillum

185 5525 435 5599 κατάλυμα
451 5525 660 5599 legitur,
678 5525 831 5598 quasi
849 5525 1152 5599 hospitium,
1186 5525 1546 5599 domicilium,
1562 5527 1709 5599 quod

185 5605 228 5644 et
265 5596 571 5670 remotius}
601 5596 914 5670 metaphora
945 5596 1046 5654 est.
1085 5597 1320 5655 Consar.
1348 5629 1410 5638 —
1444 5596 1550 5654 Sed
1574 5597 1708 5654 nihil

187 5668 489 5737 mutandum.
524 5668 740 5723 FABRIC-

243 5734 337 5808 (H)
365 5738 648 5809 'Acrrpwr.
677 5738 951 5804 Cumbef.,
981 5737 1242 5808 ἀστέρων.

1811 4535 1933 4592 ego,
1949 4519 2003 4574 in
2026 4528 2315 4588 conspectu
2336 4519 2775 4574 interficientium
2800 4519 2889 4573 te?
2910 4517 2988 4572 Tu
3011 4526 3190 4572 autem
3217 4517 3381 4570 homo

1813 4627 1892 4679 es,
1927 4620 1980 4665 et
2008 4627 2117 4666 non
2161 4610 2323 4675 Deus,
2361 4611 2417 4663 in
2449 4625 2612 4664 manu
2643 4611 3044 4664 vulnerantium
3079 4617 3150 4663 te.
3196 4607 3382 4662 Morti-

1816 4703 2724 4759 busiucircumeisorumiutcribis
2784 4703 2839 4756 in
2891 4702 3144 4756 manibus
3172 4701 3380 4755 alieno-

1813 4811 1974 4859 rum;
2003 4795 2127 4864 quia
2156 4809 2256 4864 ego
2289 4794 2502 4848 Iocutus
2529 4809 2672 4858 sum,
2700 4792 2832 4846 dicit
2863 4791 3126 4847 Dominus
3149 4791 3214 4843 ’⁷.
3247 4805 3270 4841 ι

1884 4886 2030 4941 XIX.
2058 4883 2220 4942 Hisce
2256 4888 2332 4942 ita
2370 4886 2608 4942 ostensis
2639 4884 2839 4952 verbis,
2895 4883 3177 4939 videamus
3206 4881 3380 4938 subti-

1905 5245 1994 5316 42)
2030 5242 2374 5316 Καταϐἠσῃ.
2395 5243 2510 5316 _l_d.,
2539 5241 2842 5316 καταϐήσῃ.

1905 5305 1994 5386 45)
2035 5305 2356 5386 Ἐπαγωγῆζ
2394 5305 2572 5368 Malim
2600 5305 2893 5382 ἀπαγωγῇ,
2919 5323 3037 5379 quae
3069 5305 3173 5362 alia
3194 5305 3378 5363 lectio.

1809 5385 2284 5524 Οοᾶἷῗῖίίομψός.
2319 5454 2418 5519 Id.,
2449 5451 2704 5524 καθαρρς.
2737 5483 2807 5496 --
2841 5447 2931 5524 Sic
2954 5458 3008 5505 et
3032 5447 3198 5524 LX_X.

1903 5457 1992 5524 44)
2019 5457 2284 5524 Koma-dc.
2319 5457 2418 5519 Id.,
2449 5457 2704 5524 καθαρός.
2737 5483 2807 5496 --
2841 5457 2931 5506 Sic
2954 5458 3008 5505 et
3032 5457 3198 5503 LXX.

1882 5457 2360 5604 £4§)_"§yﬂ€tﬁll}.
2409 5523 2654 5580 Combef.
2703 5520 2959 5594 ἐμπορίᾳ.
3005 5550 3074 5566 σ-
3116 5517 3193 5573 Ita
3244 5533 3379 5589 quo-

1811 5595 2280 5738 quagixrsoiyobc
2309 5665 2426 5722 ἀπὸ
2451 5658 2660 5720 ἐθνῶν.
2700 5660 2801 5731 Id.,
2828 5661 3015 5733 λιμοὺς
3054 5659 3160 5714 τῶν
3188 5655 3374 5713 ἐθνῶν.
