3836 6484
464 275 568 331 745

1121 273 1177 329 S.
1218 271 1576 331 lllPPOLYTl
1616 273 1763 331 OPP.
1806 275 1987 331 PARS
2043 276 2184 332 ll.——
2221 274 2528 333 DOGMAT.
2570 277 2658 332 ET
2697 276 3040 334 HISTORIC.

3584 282 3681 336 7H

461 397 568 452 lius
590 395 719 466 quid
750 395 893 451 dicat
913 394 1096 450 Daniel
1124 396 1177 450 in
1208 397 1527 452 visionibus.
1556 395 1656 452 llic
1675 398 1819 452 enim
1839 396 1997 452 futur:

2125 398 2450 470 μερέστερον
2481 398 2534 449 τί
2562 396 2706 466 λέγει
2735 396 2934 468 Δανιὴλ
2971 398 3028 450 ἐν
3070 400 3182 460 τοῖς
3212 397 3502 468 δράμασιν.
3531 391 3683 458 Οὗτος

461 489 716 559 deinceps
753 503 922 558 regna
950 487 1310 558 distinguens,
1344 489 1581 542 ostendit
1607 489 1866 545 extremis
1889 498 2022 544 tem-

459 575 684 652 poribus
733 580 897 634 etiam
947 579 1266 635 Antichristi
1315 578 1560 632 futurum
1609 580 1920 646 adventum,
1971 588 2024 632 et

459 670 646 725 mundi
679 669 918 724 universi
947 669 1491 724 consummationem.
1520 669 1608 722 Ait
1655 670 1837 738 itaque
1891 670 2018 723 dum

459 762 620 818 solvit
639 759 1194 816 Nabuchodonosoris
1230 762 1406 815 visum
1432 779 1446 814 :
1477 779 1496 811 ι
1542 760 1624 814 Tu
1652 776 1748 814 rex
1777 760 2018 824 videbas,

457 861 511 908 et
558 868 685 908 ecce
732 853 1083 907 simulacrum
1134 868 1390 922 magnum
1438 861 1590 908 stans
1644 863 1781 907 ante
1820 853 2017 909 faciem

455 954 640 1014 tuam;
673 947 831 1016 cujus
869 956 1029 1017 caput
1061 963 1126 1002 ex
1179 963 1311 1002 auro
1360 949 1596 1018 optimo:
1646 948 1869 1002 brachia
1899 948 2018 1018 ejus

453 1048 509 1093 et
534 1037 768 1103 humeri,
800 1049 1090 1108 argentea;
1139 1045 1328 1092 venter
1359 1048 1414 1092 ct
1468 1036 1697 1100 femora,
1745 1053 1924 1100 aerea;
1965 1048 2018 1091 et

452 1129 598 1184 tibiae
623 1128 838 1196 ferreae;
898 1131 1083 1200 pedes,
1136 1146 1265 1201 pars
1325 1131 1542 1200 quidem
1577 1131 1770 1196 ferrea,
1817 1138 1871 1184 et
1892 1144 2016 1199 pars

452 1227 643 1274 testea.
674 1219 906 1275 Videbas
951 1221 1135 1291 igitur,
1165 1221 1336 1286 donec
1365 1222 1642 1276 abscissus
1678 1231 1760 1274 est
1789 1221 1926 1290 lapis
1949 1222 2015 1276 de

451 1321 637 1366 monte
664 1313 781 1367 sine
809 1313 1092 1367 manilius:
1147 1321 1201 1366 et
1233 1314 1501 1382 percussit
1549 1313 1899 1367 simulacrum
1922 1328 2015 1366 su-

450 1416 547 1470 per
575 1403 737 1470 pcdc's
772 1400 975 1457 ferreos
1024 1413 1076 1458 et
1105 1411 1328 1468 tcsteos,
1365 1411 1419 1456 et
1464 1401 1786 1457 comminuit
1823 1416 1918 1456 eos
1958 1403 2012 1454 in

448 1491 632 1546 finem.
666 1491 819 1546 Tune
835 1494 1050 1562 penitus
1070 1494 1407 1547 comminuta
1439 1503 1566 1546 sunt
1589 1501 1750 1555 testa,
1783 1491 2010 1558 ferrum,

447 1599 540 1648 aes,
581 1596 884 1653 argentum,
912 1599 1130 1649 aurum,
1166 1593 1219 1638 et
1247 1583 1390 1640 facta
1412 1593 1537 1640 sunt
1559 1583 1715 1653 quasi
1739 1583 1916 1652 pulvis
1944 1582 2012 1638 de

446 1689 571 1728 area
603 1675 814 1739 aestiva;
855 1683 908 1727 et
935 1674 1154 1728 sustulit
1198 1689 1261 1728 ea
1289 1674 1541 1742 copiosus
1571 1684 1783 1738 ventus,
1829 1682 1883 1728 et
1923 1673 2007 1728 lo-

2124 487 2233 556 γάρ
2263 487 2583 540 διαστέλλων
2610 487 2707 552 τὰς
2739 488 2876 558 μετὰ
2900 486 3072 540 ταῦτα
3099 490 3360 559 ἐσομένας
3399 486 3681 558 βασιλείας,

2120 577 2389 641 ἐπέδειξεν
2418 579 2478 630 ἐν
2507 579 2756 648 ἐσχάτοις
2791 579 2906 649 (47)
2933 582 3144 650 καιροῖς
3176 580 3270 632 καὶ
3318 580 3415 649 τὴν
3445 577 3539 631 τοῦ
3576 578 3683 631 ’Λν-

2118 668 2391 740 τιχρίστου
2420 669 2739 737 παρουσίαν,
2770 670 2864 722 καὶ
2889 668 2984 739 τὴν
3014 667 3107 721 τοῦ
3141 667 3339 731 παντὸς
3354 669 3554 738 κόσμου
3572 684 3684 720 συν-

2119 760 2348 813 τέλειαν.
2396 760 2557 827 Λέγει
2595 755 2685 812 οὖν
2711 758 2945 813 ἐπιλύων
2976 760 3036 812 τὸ
3072 761 3253 830 ὅραμα
3301 758 3681 829 Ναϐουχοδονό-

2121 867 2217 922 σορ
2237 865 2248 880 ⁸
2294 870 2311 902 ι
2348 853 2418 903 Σὺ
2451 851 2667 921 βασιλεῦ
2694 850 2804 921 (48)
2840 851 3112 923 ἐθεώρεις,
3142 853 3235 904 καὶ
3272 851 3378 903 ἰδοὺ
3403 850 3564 903 εἰκὼν
3590 867 3679 920 με-

2119 941 2256 1012 γάλη
2285 941 2496 994 ἑστῶσα
2523 941 2628 1013 πρὸ
2661 940 2949 1012 προσώπου
2977 958 3068 993 σου
3087 957 3100 970 ·
3164 937 3233 1012 ἦς
3261 943 3295 1011 ἡ
3324 940 3531 1009 κεφαλὴ
3555 957 3680 1011 χρυ-

2119 1033 2232 1085 σίου
2282 1032 2542 1105 χρηστοῦ·
2599 1034 2649 1085 οἱ
2701 1033 2979 1104 βραχίονες
3022 1032 3191 1101 αὐτῆς
3223 1073 3239 1096 ,
3296 1034 3389 1085 καὶ
3443 1035 3494 1086 οἱ
3545 1027 3679 1102 ὦμοι

2117 1125 2380 1197 ἀργυροῖ·
2407 1128 2440 1197 ἡ
2473 1124 2648 1191 κοιλία
2672 1126 2765 1178 καὶ
2785 1128 2832 1178 οἱ
2867 1127 3031 1197 μηροὶ
3059 1125 3246 1196 χαλκοῖ
3263 1125 3377 1178 ’καὶ
3401 1127 3455 1178 αἱ
3483 1127 3677 1196 κνῆμαι

2118 1216 2360 1287 σιδηραῖ’
2391 1217 2436 1269 οἱ
2469 1218 2648 1279 πόδες,
2688 1217 2850 1288 μέρος
2905 1217 3005 1288 μέν
3037 1234 3120 1271 τοι
3168 1216 3442 1288 σιδηροῦν,
3465 1217 3558 1270 καὶ
3584 1217 3675 1287 μὲ-

2116 1323 2207 1377 ρος
2235 1307 2566 1377 όστράκινον.
2611 1307 2892 1378 Ἐθεώρεις
2915 1304 3007 1360 οὖν
3049 1308 3154 1371 ἕως
3183 1301 3243 1360 οὗ
3279 1306 3504 1377 ἐσχίσθη
3539 1306 3674 1370 λίθος

2114 1397 2238 1449 ἄνευ
2272 1397 2490 1467 χειρῶν,
2525 1399 2619 1450 καὶ
2640 1397 2872 1462 ἐπάταξε
2906 1399 3005 1468 τὴν
3031 1398 3212 1450 εἰκόνα
3255 1399 3345 1450 ἐπὶ
3367 1398 3491 1460 τοὺς
3514 1397 3669 1459 πόδας

2111 1485 2236 1547 τοὺς
2267 1485 2517 1556 σιδηροῦς
2537 1487 2631 1538 καὶ
2653 1487 3022 1557 ὀστρακίνους,
3053 1488 3148 1540 καὶ
3174 1487 3457 1540 ἐλέπτυνεν
3481 1487 3669 1550 αὐτοὺς

2113 1576 2196 1637 εἰς
2231 1576 2382 1639 τέλος
2403 1616 2416 1629 .
2449 1577 2581 1629 Τότε
2612 1577 3009 1648 ἐλεπτύνθησαν
3047 1577 3277 1644 εἰσάπαξ
3306 1578 3366 1630 τὸ
3389 1578 3670 1648 ὄστρακον,

2110 1668 2138 1719 6
2167 1667 2397 1738 σίδηρος,
2427 1669 2455 1720 ὁ
2502 1667 2719 1737 χαλκὸς,
2754 1671 2782 1721 ὁ
2813 1669 3069 1740 ἄργυρος,
3103 1671 3130 1722 6
3169 1669 3385 1740 χρυσὸς,
3421 1670 3515 1725 καὶ
3561 1668 3671 1736 ἐγέ-

444 1785 542 1823 cus
583 1784 689 1822 non
725 1775 806 1821 est
838 1767 1086 1822 inventus
1118 1767 1215 1822 eis.
1243 1766 1310 1821 Et
1346 1768 1484 1837 lapis
1511 1767 1603 1837 qui
1647 1765 1916 1836 percussit
1938 1765 1997 1821 si-

2112 1774 2262 1810 νοντο
2280 1758 2413 1810 ώσεὶ
2440 1759 2714 1829 κονιορτὸς
2747 1759 2853 1812 ἀπὸ
2886 1759 3087 1822 άλωνος
3102 1760 3336 1830 θερινῆς,
3373 1761 3467 1812 καὶ
3488 1761 3668 1830 ἐξῇρεν

447 1863 770 1928 mulacrum,
803 1861 977 1917 factus
1003 1870 1086 1916 est
1129 1861 1184 1914 in
1233 1873 1472 1916 montem
1507 1875 1787 1930 magnum.
1818 1868 1871 1914 et
1899 1859 2005 1913 im-

443 1957 608 2026 plevit
637 1959 944 2012 universam
975 1967 1169 2011 terram
1196 1955 1260 2008 ’3.
1300 1972 1320 2006 ι

513 2135 633 2190 XX.
662 2135 745 2190 Ad
799 2136 912 2189 haec
954 2134 1119 2204 igitur
1149 2140 1424 2187 nectentcs
1479 2132 1624 2202 ipsas
1667 2129 1902 2184 Danielis
1924 2128 2006 2182 vi-

442 2229 644 2295 siones,
670 2243 834 2281 unam
885 2228 1129 2295 utrisque
1172 2215 1571 2293 expositionem
1605 2222 2002 2287 adhibebimus,

439 2328 808 2376 monstrantes
838 2335 1002 2390 quam
1051 2318 1153 2373 sibi
1190 2317 1555 2378 consentiant,
1586 2330 1833 2384 verarque
1861 2313 2006 2368 exsi-

439 2421 606 2468 stant.
635 2409 771 2466 Nam
806 2413 887 2465 sic
937 2411 1048 2463 ait:
1105 2428 1122 2460 ι
1159 2409 1271 2479 Ego
1322 2407 1511 2461 Daniel
1560 2405 1918 2475 aspiciebam:
1952 2413 2006 2460 et

438 2520 564 2560 ecce
599 2515 834 2575 quatuor
886 2502 1031 2556 venti
1077 2501 1198 2556 cmli
1243 2501 1522 2554 irruebant
1583 2500 1636 2552 in
1683 2513 1831 2552 mare
1883 2511 2002 2550 rna-

437 2610 640 2666 gnum;
688 2603 739 2649 et
766 2602 1000 2664 quatuor
1025 2593 1212 2647 bestia:
1252 2592 1483 2658 grandes
1535 2589 1899 2645 ascendebant
1937 2587 2003 2641 de

437 2688 599 2754 mari,
633 2688 860 2742 diversze
889 2687 1028 2740 inter
1059 2700 1135 2739 se.
1164 2683 1345 2737 Prima
1395 2683 1551 2753 quasi
1593 2684 1781 2747 laena,
1819 2689 1870 2734 et
1904 2679 2003 2733 alae

436 2779 556 2850 ejus
583 2780 722 2833 sicut
748 2778 960 2848 aquilae.
1017 2764 1358 2845 Aspicicliam
1414 2775 1585 2828 donec
1629 2773 1828 2828 evulsa:
1877 2781 2003 2826 sunt

435 2870 537 2926 ala:
557 2870 706 2940 ejus:
742 2879 796 2926 et
846 2869 1058 2924 sublata
1115 2868 1290 2922 estde
1325 2875 1500 2932 terra;
1535 2874 1588 2919 ct
1637 2879 1798 2932 super
1841 2863 2002 2933 pedes

437 2963 675 3020 hominis
705 2963 877 3029 stetit,
906 2971 958 3016 et
997 2977 1092 3016 cor
1123 2960 1357 3014 hominis
1388 2959 1571 3013 datum
1596 2968 1678 3013 est
1717 2959 1786 3012 ei.
1824 2957 1889 3010 Et
1919 2973 2001 3011 se.

435 3058 611 3113 cunda
644 3055 814 3111 bestia
845 3055 1040 3109 similis
1071 3068 1222 3119 urso,
1255 3060 1308 3107 et
1339 3053 1391 3104 in
1424 3061 1576 3121 parte
1603 3067 1708 3104 una
1733 3049 1914 3114 stetit;
1948 3056 2000 3101 et

2107 1849 2245 1902 αὑτά
2274 1849 2334 1901 τὺ
2362 1849 2562 1920 πλῆθος
2613 1851 2710 1903 τοῦ
2739 1851 3068 1921 πνεύματος,
3097 1852 3191 1904 καὶ
3238 1851 3401 1913 τόπος
3452 1851 3552 1921 οὐχ
3589 1852 3669 1903 5'3-

2109 1940 2241 2010 ρέθη
2289 1942 2346 1993 ἐν
2380 1943 2592 2005 αὐτοῖς·
2628 1945 2777 1995 καὶὸ
2813 1942 2956 2006 λίθος
2979 1943 3008 1994 ὁ
3055 1942 3296 2006 πατάξας
3333 1943 3433 2013 τὴν
3475 1945 3666 2009 εἰκόνα,

2105 2030 2333 2102 ἐγενήθη
2353 2033 2431 2095 εἰς
2452 2032 2574 2104 ὅρος
2593 2034 2754 2104 μέγα,
2773 2035 2863 2086 καὶ
2897 2033 3175 2105 ἐπλήρωσε
3197 2037 3374 2088 πᾶσαν
3387 2035 3485 2105 τὴν
3506 2036 3626 2104 γῆν.
3645 2054 3662 2087 ι

2161 2127 2499 2196 Συνὰψαντες
2512 2124 2604 2180 οὖν
2619 2128 2755 2199 πρὸς
2769 2127 2976 2190 τούτοις
2990 2129 3191 2191 καὶτὰς
3203 2129 3365 2182 αὐτοῦ
3377 2129 3470 2183 τοῦ
3485 2129 3667 2201 Δανιὴλ

2104 2214 2341 2285 ὁράσεις,
2376 2215 2504 2286 μίαν
2547 2216 2872 2287 ἀμφοτέροις
2907 2215 3003 2287 τὴν
3035 2217 3282 2287 διήγησιν
3318 2219 3663 2287 ποιησόμεθα.

2105 2306 2498 2370 ἐπιδεικνύντες
2511 2309 2656 2370 ὅπως
2678 2308 2762 2378 εἴη
2782 2307 3043 2377 σύμφωνα
3065 2310 3157 2362 καὶ
3178 2309 3371 2380 ἀληθῆ.
3400 2311 3556 2378 Λέγει
3572 2310 3664 2378 γὰρ

2103 2399 2292 2464 οὕτως·
2322 2397 2462 2467 Ἐγὼ
2477 2399 2672 2471 Δανιὴλ
2687 2399 2972 2470 ἐθεώρουν.
2991 2401 3083 2454 καὶ⁸
3102 2401 3209 2453 ίδοῦ
3221 2403 3269 2453 οἰ
3285 2403 3546 2470 τέσσαρες
3558 2400 3664 2453 ἂνε-

2106 2506 2192 2560 μοι
2224 2488 2315 2542 τοῦ
2331 2490 2557 2561 ούρανοῦ
2581 2490 2908 2561 προσέϐαλον
2939 2492 3017 2554 εἰς
3031 2489 3127 2561 τὴν
3157 2490 3430 2543 θάλασσαν
3459 2491 3555 2560 τὴν
3578 2506 3663 2559 με·

2103 2581 2272 2651 γάλην
2294 2598 2307 2611 ·
2340 2582 2434 2634 καὶ
2459 2581 2703 2653 τέσσαρα
2738 2581 2901 2654 θηρία
2936 2582 3144 2653 μεγάλα
3177 2581 3460 2636 ἀνέϐαινον
3491 2583 3554 2634 ἐκ
3575 2581 3660 2650 τῆς

2103 2671 2393 2743 θαλάσσης,
2424 2671 2744 2743 διαφέροντα
2771 2674 3036 2743 ἀλλήλων.
3066 2673 3137 2725 Τὸ
3161 2672 3398 2744 πρῶτον,
3429 2672 3559 2725 ὡσεὶ
3581 2672 3659 2726 λέ-

2102 2780 2244 2823 αινα,
2269 2763 2362 2816 καὶ
2394 2763 2568 2835 πτερὰ
2594 2764 2728 2836 αὐτῇ
2767 2764 2841 2827 ὡς
2870 2765 3050 2818 ἀετοῦ.
3091 2765 3387 2837 Ἐθεώρουν
3420 2765 3526 2829 ἓως
3554 2765 3658 2828 ἐξε-

2100 2853 2219 2923 τίλη
2253 2854 2321 2907 τὰ
2351 2855 2524 2924 πτερὰ
2552 2855 2740 2926 αὐτῆς,
2768 2856 2862 2909 καὶ
2918 2856 3117 2928 ἐξήρθη
3161 2857 3266 2910 ἀπὸ
3293 2857 3393 2926 τῆς
3425 2859 3547 2929 γῆς,
3578 2857 3658 2910 καὶ

2101 2946 2193 2997 ἐπὶ
2223 2945 2398 2999 ποδῶν
2430 2945 2715 3018 ἀνθρώπου
2769 2948 2990 3020 ἐστάθη,
3017 2949 3112 3002 καὶ
3157 2950 3354 3022 καρδία
3387 2950 3657 3021 ἀνθρώπου

2103 3034 2254 3105 ἐδόθη
2284 3037 2439 3106 αὐτῇ.
2465 3038 2572 3089 Καὶ
2597 3037 2704 3090 ἰδοὺ
2771 3038 2956 3111 θηρίον
2993 3038 3238 3110 δεύτερον
3283 3041 3468 3111 ὅμοιον
3502 3043 3657 3110 ἄρκῳ,

434 3157 732 3204 tres-costa:
758 3148 811 3200 in
838 3162 934 3201 ore
962 3147 1080 3214 ejus
1114 3145 1252 3199 inter
1287 3145 1477 3197 dentes
1507 3143 1654 3212 ejus;
1687 3151 1741 3194 et
1793 3141 1872 3194 sic
1911 3140 1994 3193 di-

2101 3127 2195 3180 καὶ
2225 3129 2302 3189 εὶς
2336 3127 2499 3197 μέρος
2535 3129 2734 3198 ἐστάθη
2765 3108 2961 3192 ἒνξκαὶ
2979 3131 3105 3201 τρία
3136 3108 3344 3199 πλευρά
3369 3134 3427 3186 ἐν
3457 3108 3658 3203 τῷ

433 3241 624 3294 eebant
657 3240 739 3294 ci:
783 3239 974 3306 Surge,
1012 3236 1233 3291 comede
1257 3250 1450 3290 carnes
1503 3233 1724 3287 multas.
1751 3231 1996 3300 Aspicie-

431 3333 578 3397 bam,
604 3341 661 3386 et
691 3346 819 3387 ecce
846 3329 1017 3384 bestia
1043 3328 1198 3395 quasi
1230 3327 1462 3397 pardus:
1502 3335 1556 3379 et
1582 3325 1711 3378 huic
1736 3325 1834 3377 ala:
1861 3337 1995 3394 qua-

431 3429 556 3475 tuor
579 3420 815 3474 volucris
840 3435 1003 3489 super
1040 3433 1182 3481 eam,
1213 3425 1267 3472 et
1308 3425 1541 3486 quatuor
1572 3416 1748 3484 capita
1788 3415 1991 3468 bestia.

429 3509 562 3566 Post
594 3513 736 3565 hanc
769 3512 1122 3580 aspiciebam,
1165 3519 1220 3564 et
1243 3523 1370 3563 ecce
1395 3509 1565 3563 bestia
1609 3518 1800 3576 quarta
1832 3507 1993 3560 terri-

429 3603 555 3658 bilis
582 3618 646 3657 ac
664 3603 950 3672 stupenda,
973 3611 1027 3656 et
1047 3601 1204 3656 fortis
1230 3602 1430 3666 nimis;
1455 3601 1645 3655 dentes
1669 3600 1787 3668 ejus
1809 3597 1990 3663 ferrei,

429 3705 484 3748 cl
515 3709 722 3764 ungues
746 3695 863 3762 ejus
883 3694 1038 3758 mnei,
1065 3693 1355 3747 comedens
1401 3701 1453 3746 et
1499 3692 1894 3755 comminuens,
1939 3697 1994 3743 et

428 3789 633 3857 reliqua
669 3788 895 3857 pedibus
930 3788 1045 3842 suis
1079 3787 1470 3851 conculcabat;
1515 3797 1569 3841 et
1618 3786 1732 3854 ipsa
1776 3784 1991 3838 diversa

427 3881 591 3934 nimis
614 3894 722 3948 pra:
751 3879 1004 3933 omnibus
1029 3878 1240 3951 bestiis,
1267 3893 1388 3946 quae
1424 3885 1547 3930 ante
1584 3891 1739 3941 eam;
1792 3883 1845 3928 et
1871 3874 1991 3943 ejus

426 3985 633 4026 cornua
655 3971 861 4026 decem.
891 3969 1323 4024 Considerabam
1354 3984 1560 4023 cornua
1600 3967 1719 4036 ejus
1739 4005 1754 4030 ,
1783 3975 1838 4021 et
1865 3981 1990 4020 ecce

426 4079 596 4118 cornu
621 4063 765 4118 aliud
798 4078 1022 4132 parvum
1054 4061 1298 4115 ascendit
1329 4062 1383 4114 in
1439 4059 1616 4114 medio
1665 4073 1893 4120 eorum;
1938 4071 1991 4112 et

426 4159 529 4212 tria
552 4173 757 4213 cornua
781 4173 846 4212 ex
868 4157 1242 4227 superioribus
1267 4155 1450 4209 evulsa
1479 4162 1606 4208 sunt
1626 4168 1656 4208 e
1677 4151 1815 4208 facie
1847 4153 1983 4222 ejus.

424 4249 492 4303 Et
526 4263 651 4304 ecce
683 4249 850 4314 oculi,
889 4249 1045 4319 quasi
1104 4248 1249 4304 oculi
1277 4246 1517 4302 hominis
1549 4246 1602 4300 in
1646 4261 1817 4300 cornu
1872 4246 1986 4312 illo,

423 4352 478 4397 et
508 4359 572 4398 os
605 4344 840 4412 loquens
876 4342 1101 4413 grandia
1125 4342 1169 4373 ²⁹

507 4537 526 4569 ι
567 4517 708 4572 XXI.
748 4537 766 4570 ι
801 4519 1141 4587 Aspiciebam
1173 4518 1346 4574 donec
1370 4517 1548 4572 throni
1580 4518 1740 4586 positi
1779 4527 1979 4573 suntet

421 4610 694 4679 Antiquus
727 4610 936 4664 dierum
969 4611 1124 4664 sedit.
1151 4609 1215 4664 Et
1244 4610 1621 4664 vestimentum
1649 4609 1769 4678 ejus
1792 4610 1979 4662 candi-

420 4700 550 4754 dum
574 4701 732 4769 quasi
769 4701 882 4763 nix,
913 4709 966 4753 et
992 4700 1220 4768 capillus
1255 4699 1447 4768 capitis
1475 4697 1593 4767 ejus
1640 4696 1797 4767 quasi
1853 4697 1976 4752 lana

421 4792 644 4847 munda.
686 4791 939 4846 Thronus
991 4794 1110 4860 ejus
1151 4791 1367 4845 ﬂamma
1421 4790 1582 4860 ignis,
1621 4799 1673 4843 et
1703 4798 1836 4844 rotae
1861 4790 1980 4859 ejus

487 4916 532 4948 ³⁸
567 4915 701 4969 Dan.
745 4931 805 4977 ll,
838 4915 1023 4970 ’ὀί-55.
1101 4916 1145 4946 ²⁹
1174 4914 1307 4967 Dan.
1338 4929 1434 4978 vn,
1459 4912 1571 4967 2-8.

489 5057 598 5127 (47)
624 5055 952 5122 Ἐπέδειξεν
966 5058 1035 5110 ἐν
1049 5057 1343 5127 ἐσχάτοις.
1369 5055 1762 5120 ιιι.,ἁπέδειξεν
1783 5059 1841 5110 ἐν
1869 5059 1980 5120 τοῖς

733 5197 1013 5261 βασιλεῦ.
1059 5196 1269 5251 Citatur
1296 5199 1383 5250 hic
1422 5198 1571 5250 locus
1598 5197 1652 5250 in
1679 5212 1778 5251 ms.
1824 5206 1973 5250 vetu-

419 5267 661 5320 stissimo
691 5266 1188 5337 ὺίὺιεΜθὸίοοωήη
1203 5285 1313 5337 quo
1340 5269 1541 5322 Catena
1575 5268 1641 5321 ad
1667 5282 1720 5319 iv
1750 5269 1979 5336 prophe-

420 5343 502 5389 tas
530 5339 784 5404 majores.
812 5336 944 5391 ϐω).

490 5404 603 5472 (49)
638 5407 733 5460 Ἐν
757 5407 837 5471 τῷ
861 5408 1108 5474 στόματι
1140 5404 1347 5473 αὐτῆς.
1396 5406 1555 5460 Addit
1593 5404 1972 5466 Combeiisius.

416 5473 684 5547 ᾴναμέσον
710 5477 816 5529 τῶν
840 5473 1061 5530 ὀδόντων
1091 5478 1275 5547 αὐτῆς,
1304 5475 1395 5528 καὶ
1422 5475 1596 5541 οὕτως
1616 5477 1799 5545 ἔλεγον
1821 5477 1977 5546 αὐτῇ·

419 5543 743 5678 ι’ἒνῃῗτηθι.
787 5548 924 5615 φάγε
946 5548 1151 5616 σάρκας
1189 5543 1401 5610 πολλάς.
1439 5549 1594 5612 Quod
1618 5543 1850 5603 reddidit
1895 5543 1979 5600 iri-

491 5653 734 5752 (gb‘juKal
773 5691 825 5741 οἱ
857 5689 1071 5757 ὄνυχες
1097 5687 1282 5744 αὑτοῦ
1313 5687 1545 5756 χαλκοῖ.
1579 5686 1794 5759 Reliqui
1825 5688 1974 5745 desi~

2103 3233 2231 3286 ματι
2264 3217 2435 3288 αὐτῆς
2493 3217 2624 3286 (49).
2673 3217 2986 3291 Ἐθεώρουν,
3037 3221 3130 3274 καὶ
3165 3222 3272 3276 ἰδοὺ
3324 3223 3510 3294 θηρίον
3539 3221 3656 3274 ὡσεὶ

2059 3358 2063 3362 .
2098 3305 2379 3378 πάρδαλις,
2401 3309 2494 3360 καὶ
2515 3309 2649 3381 αὐτῇ
2681 3311 2854 3382 πτερά
2874 3312 3110 3384 τέσσαρα
3151 3315 3396 3368 πετεινοῦ
3421 3315 3657 3385 ὑπεράνω

2096 3399 2283 3469 αὐτῆς,
2302 3401 2395 3453 καὶ
2416 3401 2678 3473 τέσσαρες
2701 3403 2932 3471 κεφαλαὶ
2952 3405 3026 3476 τῷ
3050 3407 3238 3477 θηρίῳ.
3260 3406 3464 3460 Ὀπίσω
3485 3406 3654 3460 τούτου

2097 3491 2387 3563 ἐθεώρουν,
2411 3495 2504 3548 καὶ
2523 3495 2629 3548 ἰδοὺ
2654 3497 2836 3568 θηρίον
2858 3498 3111 3568 τέταρτον
3129 3499 3356 3570 φοϐερὸν
3369 3501 3459 3553 καὶ
3473 3499 3658 3567 ἐκθαμ-

2095 3582 2188 3638 6ον
2222 3586 2314 3639 καὶ
2347 3587 2563 3658 ἰσχυρὸν
2604 3590 2880 3661 περισσῶς
2905 3607 2918 3620 ·
2954 3594 3000 3643 oi
3032 3592 3242 3655 ὀδόντες
3274 3594 3438 3647 αὐτοῦ
3460 3593 3655 3662 σιδηροῖ

2098 3672 2210 3744 [καὶ
2229 3677 2277 3727 oi
2299 3675 2484 3746 ὄνυχες
2506 3679 2669 3732 αὐτοῦ
2695 3679 2911 3749 χαλκοῖ(
2919 3680 3052 3751 50)],
3078 3682 3254 3735 ἐσθίον
3270 3685 3364 3736 καὶ
3385 3684 3650 3747 λεπτύνον,

2093 3766 2185 3817 καὶ
2234 3765 2302 3818 τὰ
2343 3767 2596 3820 ἐπίλοιπα
2637 3772 2749 3833 τοῖς
2779 3772 2937 3824 ποσὶν
2981 3772 3144 3826 αὑτοῦ
3203 3776 3514 3828 συνεπάτει·
3564 3775 3651 3827 καὶ

2093 3855 2222 3907 αὐτὸ
2242 3855 2514 3928 διαφόρως
2540 3858 2663 3929 ἕχον
2690 3861 2840 3933 παρὰ
2872 3863 3048 3916 πάντα
3076 3864 3143 3917 τὰ
3168 3865 3335 3937 θηρία
3357 3867 3424 3920 τὰ
3457 3866 3649 3938 ἔμπρο-

2095 3945 2218 3999 σθεν
2243 3948 2429 4015 αὑτοῦ,
2465 3951 2558 4004 καὶ
2587 3951 2792 4022 κέρατα
2832 3954 2964 4008 δέκα
2986 3955 3151 4025 αὐτῷ.
3187 3957 3512 4027 Προσενόουν
3546 3959 3649 4018 τοῖς

2092 4035 2314 4105 κέρασιν
2341 4039 2525 4104 αὐτοῦ,
2556 4041 2650 4093 καὶ
2703 4041 2809 4096 ἰδοὺ
2841 4042 3008 4115 κέρας
3051 4045 3234 4115 ἓτερον
3278 4046 3470 4116 μικρὸν
3494 4047 3646 4113 ἀνέϐη

2090 4123 2148 4173 ὲν
2183 4122 2331 4195 μέσῳ
2363 4126 2560 4191 αὐτῶν,
2595 4129 2688 4182 καὶ
2715 4132 2842 4202 τρία
2870 4133 3077 4204 κέρατα
3095 4134 3204 4188 τῶν
3226 4135 3526 4206 ἔμπροσθεν
3557 4137 3650 4188 αὺ-

2089 4214 2181 4265 τοῦ
2233 4215 2565 4288 ἐξερῤιξώθη
2617 4221 2724 4273 άπὸ
2787 4225 3079 4294 προσώπου
3139 4227 3304 4280 αὑτοῦ
3336 4245 3350 4259 ο
3405 4229 3494 4283 καὶ
3543 4230 3646 4281 ίδοὺ

2088 4305 2353 4378 ὀφθαλμοὶ
2399 4311 2530 4363 ὡσεὶ
2566 4313 2851 4384 ἀνθρώπου
2898 4317 2956 4369 ἐν
3005 4317 3081 4387 τῷ
3104 4357 3106 4359 -
3131 4319 3321 4389 κέρατι
3365 4321 3528 4391 τούτῳ
3557 4321 3647 4372 καὶ

2090 4396 2259 4468 στόμα
2284 4398 2474 4454 λαλοῦν
2509 4403 2741 4472 μεγάλα.

2160 4530 2178 4561 ι
2220 4511 2510 4585 Ἐθεώρουν
2538 4517 2641 4580 ἕως
2668 4512 2728 4570 οὗ
2751 4518 2924 4590 θρόνοι
2945 4521 3225 4593 ἐτέθησαν,
3260 4525 3357 4576 καὶ
3382 4527 3410 4578 6
3431 4525 3646 4586 Παλαιὸς

2083 4605 2189 4657 τῶν
2231 4606 2453 4679 ἡμερῶν
2482 4609 2720 4682 ἐκάθητο
2743 4630 2755 4642 ·
2799 4616 2890 4667 καὶ
2919 4617 2977 4667 τὸ
3010 4614 3213 4687 ἔνδυμα
3261 4617 3431 4671 αὑτοῦ
3462 4617 3640 4670 λευκὸν

2082 4697 2216 4750 ὡσεὶ
2237 4697 2390 4767 χιὼν,
2420 4702 2514 4754 καὶ
2544 4704 2575 4773 ἡ
2607 4703 2729 4775 θρὶξ
2762 4706 2859 4776 τῆς
2888 4708 3127 4778 κεφαλῆς
3156 4711 3320 4763 αὐτοῦ
3355 4713 3486 4763 ὡσεὶ
3510 4712 3644 4781 ἔριον

2085 4791 2341 4864 καθαρόν·
2364 4797 2392 4847 6
2421 4795 2608 4866 θρόνος
2631 4799 2791 4851 αὐτοῦ
2830 4800 2960 4869 φλὸξ
2981 4803 3170 4873 πυρὸς,
3199 4806 3247 4856 οί
3277 4807 3464 4878 τροχοὶ
3491 4805 3641 4860 αὑτοῦ

2076 5045 2286 5128 derant,
2316 5046 2477 5128 etiam
2505 5047 2958 5128 liebr.§_inferius
2982 5060 3180 5128 tamen,
3209 5054 3264 5128 in
3293 5059 3642 5128 explicatione

2076 5118 2300 5170 visionis
2336 5118 2495 5188 (Dan.
2527 5135 2633 5189 vii,
2673 5122 2785 5189 19),
2825 5121 2878 5174 in
2921 5123 3106 5178 Graeco
3138 5118 3430 5189 habentur,
3463 5130 3640 5182 viden-

2076 5194 2278 5266 turque
2312 5188 2639 5266 necessaria,
2690 5188 2750 5266 u_t
2802 5192 2940 5266 sicut
2990 5193 3231 5266 dentium
3286 5197 3369 5266 vis
3421 5188 3642 5252 commi-

2080 5255 2362 5339 nuendinin
2397 5257 2524 5336 ferri
2552 5259 2774 5313 materia
2812 5261 3144 5339 designatur,
3177 5264 3254 5318 sic
3276 5265 3342 5339 in
3379 5269 3642 5339 unguibus

2077 5333 2133 5378 et
2155 5325 2388 5406 pedibus
2422 5326 2502 5406 vis
2533 5331 2848 5406 conterendi
2875 5325 3308 5406 rtfconculcandi
3343 5341 3396 5389 in
3424 5325 3637 5391 niateria

2075 5396 2230 5474 reris;
2280 5396 2393 5474 sive
2439 5397 2488 5449 οἱ
2539 5396 2904 5474 Septuaginta
2933 5401 3238 5474 habuerunt
3287 5406 3342 5458 in
3387 5408 3636 5461 Helmuo.

2079 5465 2203 5544 sive.
2247 5465 2766 5544 aliqua__traditioné
2809 5471 2914 5544 ipsi
2962 5473 3304 5544 addiderunt.
3364 5480 3466 5531 chc
3508 5493 3641 5528 vero

2080 5533 2330 5617 credendi
2360 5536 2646 5617 addidisse
2690 5539 2742 5591 in
2779 5533 3162 5617 eiplicatione,
3191 5546 3319 5617 quin
3367 5550 3504 5616 prius
3529 5562 3640 5613 po-

2081 5613 2316 5682 suissent
2358 5612 2412 5682 in
2444 5612 2684 5682 visione;
2711 5618 2777 5682 _ut
2823 5612 3040 5682 reliquis
3070 5612 3280 5679 plenior
3306 5612 3635 5671 (et—emcnda-

2083 5672 2185 5727 tior
2212 5672 2478 5745 Hippolyti
2508 5675 2686 5732 littera
2709 5679 2823 5734 haec
2854 5672 3114 5740 videatur.
3186 5685 3411 5740 (Σολίων.
