3836 6516
209 350 300 405 745

1227 329 1314 387 DE
1351 329 1651 387 CHRISTO
1690 328 1779 384 ET
1822 326 2312 385 ANTICHRISTO.

3321 331 3423 390 τω

209 468 301 538 πῦρ
324 462 516 534 φλέγον.
544 457 791 530 Ποταμὸς
812 455 982 529 πυρὸς
1007 452 1186 510 εἷλκεν
1215 452 1526 526 ἔμπροσθεν
1547 450 1714 506 αὐτοῦ

1844 451 1986 522 ignis
2016 452 2234 506 ardens.
2262 449 2485 504 Fluvius
2519 447 2711 519 igneus
2745 447 2996 505 trahebat
3037 460 3163 506 ante
3198 466 3428 522 conspe-

206 556 365 612 Χίλιαι
386 549 604 624 χιλιάδες
625 547 998 619 ἐλειτούργουν
1017 544 1187 616 αὐτῷ,
1203 545 1299 599 καὶ
1322 545 1512 616 μύριαι
1542 542 1740 616 μυριά-

203 649 277 712 δες
314 643 736 716 περιεστήκεισαν
783 638 953 710 αὐτῷ.
996 640 1297 710 Κριτήριον
1348 636 1592 698 ἐκάθισε,
1645 636 1741 691 καὶ

206 739 347 810 βίὸλοι
374 734 730 807 ἠνεῴχθησαν.
792 731 1092 805 Ἐθεώρουν
1119 732 1238 784 τότε
1283 732 1391 785 ἀπὸ
1423 732 1605 801 φωνῆς
1632 730 1740 784 τῶν

203 831 347 899 λόγων
366 828 465 882 τῶν
502 827 766 898 μεγάλων,
790 819 863 879 ὧν
883 825 944 878 τὸ
968 825 1135 896 κέρας
1157 823 1355 887 ἐλάλει,
1379 823 1485 887 ἕως
1502 822 1739 894 ἀνῃρέθη

201 923 250 975 τὸ
266 920 429 993 θηρίον
455 920 544 974 καὶ
566 918 834 981 ἀπώλετο,
871 918 967 971 καὶ
997 917 1057 970 τὸ
1086 918 1246 987 σῶμα
1288 916 1451 971 αὐτοῦ
1473 915 1627 987 ἐδόθη
1660 916 1740 979 είς

200 1014 362 1067 καῦσιν
386 1013 566 1085 πυρός.
600 1012 712 1066 Καὶ
735 1011 843 1065 τῶν
874 1009 1075 1064 λοιπῶν
1100 1009 1305 1083 θηρίων
1334 1012 1367 1080 ἡ
1415 1009 1557 1081 ἀρχὴ
1583 1025 1741 1080 μετε-

203 1108 361 1178 στάθη.

258 1218 273 1249 ι
310 1194 585 1268 Ἐθεώρουν
610 1198 668 1250 ἐν
694 1195 932 1268 ὁράματι
952 1195 1053 1266 τῆς
1082 1196 1295 1260 νυκτὸς,
1318 1198 1412 1250 καὶ
1447 1195 1558 1251 ἰδοὺ
1590 1196 1734 1268 μετὰ

197 1289 284 1343 τῶν
305 1288 522 1357 νεφελῶν
555 1287 649 1342 τοῦ
680 1286 943 1360 ούρανοῦ,
972 1287 1048 1353 ὡς
1081 1287 1209 1351 Υἱὸς
1253 1286 1545 1358 ἀνθρώπου
1580 1288 1740 1359 ἐρχόο

198 1400 331 1454 μενος
357 1379 419 1453 ἦν
441 1400 455 1414 ο
478 1382 570 1435 καὶ
602 1381 706 1447 ἕως
735 1381 829 1435 τοῦ
855 1381 1094 1436 Παλαιοῦ
1121 1381 1230 1434 τῶν
1262 1380 1483 1453 ἡμερῶν
1512 1380 1735 1451 ἔφθασε,

196 1476 271 1528 καὶ
310 1473 635 1547 προσηνέχθη
667 1474 834 1546 αὐτῷ.
875 1475 985 1529 Καὶ
1014 1472 1163 1544 αὑτῷ
1212 1473 1367 1545 ἐδόθη
1403 1475 1437 1545 ἡ
1466 1474 1608 1546 ἀρχὴ
1644 1476 1738 1527 καὶ

194 1568 220 1637 ἡ
248 1565 393 1637 τιμὴ,
425 1567 517 1619 καὶ
542 1570 576 1637 ἡ
610 1566 887 1637 βασιλεία’
921 1567 1016 1621 καὶ
1050 1566 1252 1630 πάντες
1291 1567 1339 1619 οἱ
1374 1564 1527 1631 λαοὶ,
1571 1566 1738 1637 φυλαὶ

194 1658 269 1711 καί
295 1657 518 1726 γλῶσσαι
542 1658 920 1714 δουλεύσουσιν
952 1657 1123 1730 αύτῷ.
1170 1658 1236 1712 Ἡ
1269 1658 1486 1724 ἐξουσία
1532 1658 1698 1713 αὐτοῦ
1718 1699 1734 1724 ,

192 1750 371 1816 ἐξουσία
396 1751 604 1817 αἰώνιος
624 1794 639 1817 ,
673 1754 794 1823 ἥτις
826 1752 886 1807 ού
919 1750 1350 1825 παρελεύσεται,
1380 1752 1475 1806 καὶ
1504 1753 1539 1823 ἡ
1574 1751 1730 1823 βασι-

191 1842 285 1897 λεία
306 1842 457 1897 αὐτοῦ
484 1844 542 1897 οὐ
577 1843 1028 1917 διαφθαρήσεται.
1067 1864 1086 1897 ι

254 1937 386 1991 Ἐπεὶ
408 1933 498 1991 οὖν
518 1935 787 2009 δυσνόητά
814 1955 924 1991 τισι
960 1937 1109 1991 δοκεῖ
1136 1932 1272 1993 εἶναι
1306 1935 1483 1992 ταῦτα
1519 1936 1589 1991 τά
1626 1956 1729 2009 μυ-

188 2027 355 2092 στικῶς
393 2026 661 2100 εἰρημένα
681 2068 696 2094 ,
742 2028 897 2083 οὐδὲν
929 2028 1136 2083 τούτων
1171 2028 1562 2102 ἀποκρύψομεν
1594 2030 1730 2102 πρὸς

188 2119 440 2187 ἐπίγνωσιν
470 2123 585 2183 τοῖς
618 2119 748 2191 ὑγιῆ
782 2120 907 2173 νοῦν
941 2120 1320 2192 κεκτημένοις.
1358 2122 1591 2176 Λέαιναν
1620 2122 1730 2195 γὰρ

184 2209 311 2267 εἶπεν
338 2213 720 2267 ἁναὸαίνουσαν
766 2213 831 2267 ἐκ
878 2213 978 2281 τῆς
1011 2212 1316 2285 θαλάσσηςο
1353 2214 1450 2285 τὴν
1490 2212 1599 2267 τῶν
1632 2214 1733 2267 Βα-

185 2303 421 2357 ϐυλωνίων
464 2304 742 2376 βασιλείαν
785 2306 843 2357 ἐν
876 2304 953 2376 τῷ
999 2305 1189 2375 κόσμῳ
1222 2305 1494 2377 ἐσήμανε,
1528 2305 1729 2377 ταύτης

182 2388 318 2446 οὖσαν
340 2396 430 2466 τῆς
450 2396 660 2460 εἰκόνος
684 2395 890 2467 χρυσῆν
922 2396 1183 2469 κεφαλήν.
1205 2396 1278 2453 Τὸ
1303 2398 1359 2451 δὲ
1384 2397 1494 2470 (SI)
1525 2396 1725 2467 λέγειν’

188 2501 204 2533 ι
230 2484 388 2556 Πτερά
428 2486 563 2557 αὐτῇ
617 2484 977 2550 ώσεὶ⁶ἀετοῦ,
1014 2506 1030 2538 ι
1075 2487 1159 2540 ὅτι
1193 2485 1381 2559 ὑψώθη
1416 2487 1444 2540 6
1477 2487 1729 2558 βασιλεὺς

182 2574 635 2650 Ναϐουχοδονόσορ,
659 2578 754 2631 καὶ
779 2579 921 2633 κατὰ
945 2578 1037 2632 τοῦ
1060 2578 1194 2632 Θεοῦ
1221 2579 1455 2652 ἐπήρθη.
1471 2575 1605 2633 Εἶτά
1626 2598 1731 2650 φη-

183 2683 279 2719 σιν·
316 2688 333 2721 ι
363 2670 601 2742 Ἐξετίλη
648 2671 719 2727 τὰ
774 2672 951 2744 πτερὰ
1005 2672 1213 2744 αὐτῆς,
1258 2689 1275 2723 ι
1314 2674 1398 2727 ὅτι
1446 2673 1727 2746 καθῃρέθη

179 2759 312 2813 αὐτοῦ
332 2764 362 2832 ἡ
384 2761 504 2826 δόξα
522 2779 536 2792 ⁸
555 2761 853 2835 ἐξεδιώχθη
878 2763 988 2835 γὰρ
1017 2765 1080 2817 ἐκ
1102 2765 1200 2835 τῆς
1234 2762 1512 2834 βασιλείας
1536 2762 1724 2819 αὑτοῦ.

179 2851 238 2905 Τὸ
269 2854 318 2906 δὲ
358 2856 561 2908 είπεῖν·
614 2874 633 2905 ι
664 2856 878 2928 Καρδία
915 2854 1203 2927 ἀνθρώπου
1239 2856 1393 2928 ἐδόθη
1428 2856 1597 2930 αὐτῇ,
1634 2856 1730 2910 καὶ

181 2943 255 2996 ἐπὶ
278 2947 438 3000 ποδῶν
464 2946 756 3019 ἀνθρώπου
784 2947 986 3019 ἐστάθη
1006 2962 1020 2978 ⁶
1052 2968 1069 2999 ι
1096 2950 1180 3001 ὅτι
1221 2949 1546 3020 μετενόησεν
1565 2991 1579 3015 ,
1609 2952 1729 3003 ἐπι-

180 3038 310 3104 γνοὺς
328 3039 530 3106 ἑαυτὸν,
547 3043 632 3096 ὅτι
652 3041 939 3112 ἄνθρωπός
954 3045 1099 3096 ἐστι’
1133 3042 1229 3095 καὶ
1253 3042 1420 3096 ἔδωκε
1445 3043 1544 3115 τὴν
1571 3042 1727 3108 δόξαν

176 3129 238 3199 τῷ
265 3129 391 3202 Θεῷ.

230 3220 365 3276 Μετὰ
412 3224 542 3293 γοῦν
600 3224 700 3297 τὴν
755 3225 1016 3287 λέαιναν,
1069 3225 1322 3299 δεύτερον
1374 3225 1563 3299 θηρίον
1622 3229 1725 3300 ὁρᾷ

175 3309 325 3380 ὅμοιον
350 3316 552 3388 ἄρκτῳ,
585 3318 725 3389 ὅπερ
746 3313 886 3388 ἦσαν
908 3319 957 3371 οί
986 3317 1213 3391 Πέρσαι.
1239 3318 1395 3374 Μετὰ
1414 3319 1522 3392 γὰρ
1547 3320 1724 3372 Βαϐυ-

175 3402 363 3471 λωνίους
396 3409 606 3481 Πέρσαι
639 3410 1022 3481 διεκράτησαν.
1068 3411 1140 3463 Τὸ
1172 3410 1227 3463 δὲ
1260 3410 1472 3479 λέγειν’
1524 3428 1542 3462 ‹
1585 3411 1726 3482 Τρία

176 3492 350 3566 πλευρὰ
393 3499 450 3551 ἐν
482 3500 561 3571 τῷ
614 3501 841 3572 στόματι
883 3500 1088 3569 αὐτῆς,
1122 3519 1140 3550 ι
1177 3500 1305 3573 τρία
1347 3500 1474 3572 ἔθνη
1521 3500 1721 3567 ἔδειξε,

174 3582 385 3655 Πέρσας,
433 3591 525 3643 καὶ
572 3584 827 3663 Μήδους,
876 3593 969 3646 καὶ
1015 3591 1421 3658 Βαϐυλωνίους,
1466 3594 1604 3665 ὅπερ
1636 3593 1722 3647 δέσ-

170 3673 343 3733 δεικται
389 3684 527 3753 μετὰ
573 3683 669 3737 τὸν
702 3686 903 3757 χρυσὸν
944 3687 972 3739 ὁ
1015 3686 1255 3757 ἄργυρος
1304 3688 1363 3739 ἐν
1405 3689 1471 3758 τῇ
1530 3686 1718 3741 εἰκόνι.

174 3766 369 3824 Ἔπειτα
397 3774 454 3827 τὸ
484 3776 671 3847 τρίτον
701 3776 889 3848 θηρίον
932 3776 1198 3849 πάρδαλις
1219 3819 1234 3843 ,
1268 3778 1467 3843 οἵτινες
1504 3773 1642 3851 ἦσαν
1674 3782 1721 3832 οἱ

174 3857 415 3933 Ἕλληνες.
446 3866 608 3921 Μετὰ
645 3868 754 3938 γάρ
792 3870 1008 3941 Πέρσας
1044 3869 1390 3941 Ἀλέξανδρος
1416 3873 1721 3944 ἐκράτησεν

169 3950 453 4011 ὸΜακεδὼν
472 4002 487 4024 ,
528 3960 776 4015 καθελὼν
819 3964 1042 4034 Δαρεῖον
1061 4003 1075 4025 ,
1105 3964 1180 4029 ώς
1211 3964 1478 4019 δέδεικται
1519 3963 1630 4037 (52)
1663 3968 1722 4019 ἐν

168 4046 218 4115 τῇ
263 4049 416 4104 εἰκόνι
448 4053 476 4104 ό
508 4053 731 4124 χαλκός.
766 4053 839 4107 Τὸ
872 4055 929 4107 δέ
960 4055 1139 4125 λέγειν
1164 4073 1177 4085 ·
1215 4075 1231 4107 ι
1262 4057 1446 4127 Πτερὰ
1477 4057 1720 4130 τέσσαρα

169 4141 401 4206 πετεινοῦ,
430 4163 446 4194 ι
482 4145 795 4215 σαφέστατα
825 4145 1052 4213 ἐδίδαξε,
1074 4146 1189 4212 πῶς
1215 4148 1532 4221 διεμερίσθη
1567 4151 1599 4221 ἡ
1631 4149 1721 4220 βα-

170 4228 313 4284 σιλεία
355 4236 705 4309 Ἀλεξάνδρου
729 4257 742 4269 ⁸
790 4260 808 4291 ι
842 4240 1114 4314 τέσσαρας
1147 4240 1255 4313 γὰρ
1297 4242 1541 4311 κεφαλάς
1577 4263 1594 4295 ι
1639 4245 1717 4297 εί-

167 4319 279 4385 πὼν,
306 4328 425 4392 τοὺς
454 4330 729 4401 τέσσαρας
764 4331 1039 4402 βασιλεῖς,
1087 4335 1213 4397 τοὺς
1262 4334 1320 4401 ἐξ
1369 4334 1541 4406 αὐτῆς
1587 4338 1718 4390 ἁνα-

167 4410 362 4499 ςτάντας
381 4418 779 4492 ἐμνημόνευσε.
801 4422 1079 4476 Τελευτῶν
1103 4424 1210 4496 γὰρ
1235 4425 1579 4499 Ἀλέξανδρος
1603 4428 1715 4498 (55)

164 4497 296 4557 διεῖλε
318 4507 410 4579 τὴν
438 4511 720 4581 βασιλείαν
752 4513 920 4568 αὐτοῦ
952 4517 1031 4580 εἰς
1054 4516 1299 4589 τέσσαρα
1332 4497 1495 4591 μέρη.

220 4632 258 4663 ³ο
287 4634 412 4694 Dan.
443 4657 539 4709 vu,
582 4643 739 4698 942.
815 4645 857 4675 ⁸¹
888 4644 1024 4701 Ibid.
1059 4660 1169 4711 vn,
1198 4647 1379 4703 15-14.

459 4754 730 4831 8§.__che
758 4757 940 4831 τῷδέ.
982 4757 1079 4831 εἰς
1107 4767 1168 4831 et_
1201 4774 1326 4831 mox
1371 4758 1533 4814 infra.
1565 4759 1701 4815 Gen.

364 4817 817 4904 'chéb‘etitat:
844 4827 1112 4904 (lenibat,
1142 4828 1204 4904 f3;
1241 4829 1528 4904 δέδεικται.

217 4893 678 4973 (ξιῖλ-Τενζευτῶν
711 4898 831 4973 ,γὰρ
885 4897 1290 4973 Ἀλέξανδρος.
1350 4898 1526 4953 Varia:
1564 4909 1707 4973 sunt

162 4967 411 5042 gementia:
451 4967 516 5042 de
556 4969 661 5022 hac
696 4967 987 5042 Alexandri
1024 4970 1283 5042 instituta
1309 4971 1702 5042 successione.

158 5024 593 5110 AILtIIICIIISCIIIUm
621 5047 725 5110 est,
745 5039 889 5108 quod
918 5038 1126 5093 Gudius
1151 5040 1379 5110 margini
1412 5024 1701 5109 ascripsit:

164 5098 467 5181 ξἾδεὲοιιιιιιῐιΔ
496 5108 587 5181 hic
637 5098 982 5180 Hippolytum
1029 5098 1412 5181 ἀνιστοριῖσίαν
1464 5098 1705 5166 auétoris

160 5164 309 5251 Ιίξπῌ
335 5164 868 5251 Μδειιιιιιιεοτιῖιῖιλῖ
904 5194 1013 5248 quo
1063 5164 1356 5250 super‘ci'lio
1397 5180 1477 5235 sic
1524 5164 1703 5235 brevis

158 5246 517 5315 etatisﬂliomo,
552 5251 753 5303 nedum
798 5246 1061 5315 divinam,
1109 5246 1201 5304 sed
1229 5260 1284 5305 et
1317 5251 1610 5305 humanam
1644 5252 1705 5304 Ii-

156 5307 257 5392 tllem
284 5314 353 5392 illi
379 5307 643 5392 detrahit.
673 5319 949 5389 Quidquid
979 5307 1060 5375 sit,
1081 5321 1148 5375 de
1182 5319 1489 5392 Hippolyto.
1522 5322 1615 5389 qui
1647 5331 1706 5376 ut

162 5336 257 5361 uc."
284 5336 353 5365 ml
384 5336 643 5371 uelralllt.
673 5336 949 5389 Quidquid
979 5336 1049 5375 sn
1081 5336 1148 5375 ae
1185 5336 1284 5390 mp
1325 5336 1489 5392 ctylo.
1522 5337 1615 5389 qui
1647 5336 1706 5376 ut

162 5375 300 5468 ligato
325 5383 433 5468 falli
458 5390 658 5468 potuit,
686 5406 786 5468 nec
812 5392 1110 5468 illisrehus
1130 5336 1476 5468 aequaIisaut
1506 5406 1706 5461 suppar

155 5444 264 5529 fuit;
306 5444 545 5529 auctoris
578 5444 698 5513 libri
746 5462 764 5512 ι
812 5444 1286 5526 Machabmoruin,
1321 5444 1458 5515 nihil
1490 5444 1706 5516 ést‘éui

156 5518 287 5601 nobis
321 5524 450 5601 tides
491 5536 593 5601 aut
632 5530 911 5601 diligentia
961 5541 1143 5597 nutet;
1188 5518 1311 5588 cum
1358 5533 1443 5586 vel
1490 5532 1536 5586 si
1588 5532 1705 5601 ipse

155 5597 285 5645 l’IVlIS
315 5595 622 5653 Alexander
651 5595 756 5655 non
800 5601 1014 5667 divisit,
1047 5595 1300 5658 divisisse
1329 5602 1525 5658 merito
1555 5595 1706 5657 dica-

153 5667 243 5743 lllr,
264 5668 406 5731 quod
445 5669 906 5743 saltemimperio
931 5672 1281 5743 dividendum
1312 5674 1551 5743 reliquit,
1573 5675 1702 5729 dato

157 5741 197 5776 In
222 5747 331 5810 eam
355 5752 474 5810 rem
506 5738 780 5795 Perdicca}
805 5742 1010 5796 annulo
1040 5743 1339 5810 signator-io
1364 5787 1379 5809 ,
1426 5738 1548 5798 cum
1574 5759 1699 5798 eum

156 5810 239 5853 vox
271 5804 554 5871 deﬁceret,
590 5820 646 5863 ut
676 5820 867 5867 auctor
897 5822 979 5866 est
1001 5804 1249 5869 Justinus
1273 5804 1374 5869 lib.
1394 5828 1451 5868 ιι.
1480 5814 1700 5884 Aliquid

402 5896 679 5963 ΡΑτιιοι.
726 5905 843 5963 (in.
888 5906 967 5968 X.

1844 556 1994 599 etum
2042 543 2184 612 ejus.
2233 541 2376 596 Mille
2421 540 2588 594 millia
2633 541 3020 595 ministrabant
3044 542 3119 607 ei,
3153 549 3209 596 et
3246 542 3428 597 decies

1842 645 2072 691 centena
2096 635 2264 689 millia
2289 633 2621 689 assistebant
2646 633 2715 687 ei.
2732 631 3007 688 Iudicium
3034 634 3195 700 sedit,
3219 644 3272 689 et
3301 634 3425 688 libri

1843 732 2015 802 aperti
2039 741 2187 786 sunt.
2208 730 2559 800 Aspiciebant
2575 739 2704 785 tunc
2728 746 2756 783 a
2782 745 2916 785 voce
2930 746 3244 785 sermonum
3268 746 3429 802 gran-

1842 823 2018 886 dium,
2054 838 2193 892 quos
2215 837 2385 876 cornu
2421 822 2554 875 illud
2582 822 2928 891 loquebatur.
2958 820 3319 891 quoadusque
3347 822 3428 876 iu-

1841 916 2067 971 terfecta
2105 924 2190 970 est
2222 915 2395 969 bestia
2426 923 2481 969 et
2504 916 2694 984 periit;
2733 925 2787 968 et
2847 931 3049 985 corpus
3080 917 3201 985 ejus
3231 916 3420 970 datum

1839 1016 1923 1063 est
1954 1009 2008 1062 in
2040 1008 2477 1064 combustionem
2517 1007 2678 1077 ignis.
2720 1006 2784 1060 Et
2841 1017 3161 1062 ceterarum
3220 1008 3423 1063 bestia-

1841 1114 1963 1154 rum
1993 1100 2291 1153 translatus
2318 1107 2403 1152 est
2430 1097 2774 1168 principatus
2800 1098 2866 1151 ³ο.

1909 1188 2076 1244 XXII.
2107 1208 2126 1243 ι
2150 1188 2491 1259 Aspiciebam
2520 1188 2574 1242 in
2608 1189 2817 1243 visione
2850 1190 3054 1243 noctis:
3075 1197 3130 1244 et
3152 1205 3279 1245 ecce
3292 1206 3419 1245 eum

1841 1283 2078 1339 nubibus
2123 1283 2247 1338 coeli
2283 1282 2443 1353 quasi
2492 1280 2665 1336 Filius
2712 1282 2951 1336 hominis
2996 1300 3009 1336 :
3053 1291 3108 1337 et
3140 1299 3313 1353 usque
3349 1284 3419 1338 ad

1838 1374 2136 1444 Antiquum
2169 1375 2382 1431 dierum
2427 1374 2707 1445 pervenit,
2753 1383 2808 1429 et
2848 1374 3066 1430 oblatus
3107 1383 3192 1430 est
3238 1376 3310 1431 ei.
3356 1375 3423 1429 Et

1837 1469 2024 1523 datum
2070 1477 2154 1524 est
2198 1468 2249 1523 ei
2302 1468 2593 1537 imperium
2637 1476 2692 1522 et
2739 1468 2913 1521 honor
2954 1477 3009 1522 et
3055 1483 3319 1539 regnum;
3367 1476 3422 1523 et

1838 1575 2031 1615 omnes
2061 1560 2246 1630 populi
2268 1598 2283 1623 ,
2307 1559 2483 1613 tribus
2506 1567 2559 1614 et
2578 1560 2777 1630 linguae
2804 1559 3045 1614 servient
3066 1560 3136 1613 ei.
3169 1558 3421 1614 Potestas

1836 1654 1992 1725 ejus,
2042 1663 2284 1724 potestas
2328 1662 2528 1709 aeterna
2554 1692 2569 1717 ,
2622 1667 2746 1722 qua
2797 1667 2906 1707 non
2941 1654 3325 1723 pertransibit,
3365 1663 3422 1709 et

1838 1762 2065 1818 regnum
2097 1746 2219 1818 ejus
2253 1761 2362 1801 non
2393 1744 2636 1801 interibit
2658 1744 2722 1797 ⁸¹.
2760 1764 2780 1796 ι

1902 1925 2095 1983 XXIII.
2135 1924 2274 1992 Quia
2319 1924 2487 1997 igitur
2525 1940 2649 1995 qua:
2693 1924 2776 1981 sic
2815 1939 3019 1979 arcano
3059 1939 3224 1980 sensu
3271 1924 3415 1979 dicta

1831 2032 1992 2087 sunt,
2043 2018 2325 2075 nonnullis
2378 2020 2633 2074 videntur
2682 2028 2843 2088 captu
2894 2017 3162 2084 difﬁcilia;
3221 2032 3415 2073 eorum

1830 2112 1967 2167 nihil
2005 2109 2443 2174 absconde-mus,
2484 2119 2545 2163 ut
2575 2107 2882 2180 intelligant
2919 2110 3014 2180 qui
3049 2124 3184 2164 sana
3231 2120 3415 2163 meme

1829 2203 2040 2278 praediti
2072 2210 2222 2259 sunt.
2252 2201 2502 2258 Leaenam
2532 2200 2678 2255 enim
2709 2200 2943 2257 dicendo
2965 2202 3350 2255 ascendentem
3382 2216 3415 2255 ο

1831 2297 1994 2365 mari,
2020 2296 2447 2368 Babyloniorum
2478 2308 2707 2362 regnum
2740 2294 2795 2347 in
2821 2290 3029 2347 mundo
3059 2292 3413 2364 signiﬁcavit,

1830 2388 1977 2461 quod
2010 2389 2179 2459 hujus
2208 2386 2487 2443 simulacri
2512 2395 2633 2441 erat
2658 2394 2821 2455 caput
2851 2400 3102 2442 aureum.
3134 2382 3292 2451 Quod
3314 2398 3414 2438 au-

1832 2494 1939 2541 tem
1975 2484 2146 2541 dicit:
2186 2502 2205 2535 ι
2232 2483 2347 2538 Alae
2378 2482 2498 2552 ejus
2540 2480 2701 2551 quasi
2732 2480 2959 2551 aquilze;
2997 2497 3017 2531 ι
3051 2478 3179 2549 quia
3204 2481 3415 2535 exalta-

1833 2589 1921 2637 tus
1950 2590 2033 2636 est
2060 2594 2155 2634 rex
2188 2576 2695 2633 Nabuchodonosor
2723 2584 2777 2629 et
2802 2575 3064 2629 adversus
3093 2572 3266 2629 Deum
3294 2574 3410 2630 ela-

1832 2681 1940 2729 tus.
1973 2672 2112 2727 Tum
2146 2673 2223 2727 ait
2254 2689 2267 2725 :
2309 2689 2327 2723 ι
2358 2670 2574 2726 Evulsa:
2608 2678 2739 2725 sunt
2769 2668 2866 2723 alae
2900 2668 3050 2737 ejus;
3084 2687 3102 2720 ι
3131 2668 3260 2738 quia
3292 2668 3412 2737 ejus

1831 2765 2011 2821 ablata
2050 2764 2219 2837 gloria
2252 2772 2338 2820 est
2370 2781 2385 2819 :
2423 2762 2525 2818 fuit
2563 2763 2709 2818 enim
2762 2761 2969 2829 ejectus
3018 2776 3049 2815 e
3087 2776 3256 2831 regno
3287 2776 3410 2817 suo.

1830 2856 2072 2913 Dicenda
2120 2866 2304 2912 autem
2340 2874 2353 2910 :
2396 2874 2415 2906 ‹
2444 2854 2553 2909 Cor
2592 2851 2835 2908 hominis
2891 2852 3079 2905 datum
3121 2860 3205 2906 est
3236 2852 3319 2918 ei,
3358 2860 3413 2906 et

1831 2965 1996 3020 super
2022 2950 2188 3019 pedes
2224 2948 2462 3003 hominis
2486 2945 2672 3011 stetit;
2717 2965 2734 2996 ι
2760 2944 2888 3014 quia
2921 2943 3117 2998 ductus
3143 2943 3412 3013 poeniten-

1830 3042 1905 3096 tia
1935 3049 2040 3105 est,
2072 3041 2188 3111 ipse
2221 3055 2279 3095 se
2308 3044 2488 3109 ipsum
2514 3051 2842 3108 agnoscens,
2867 3035 3013 3105 quod
3040 3036 3203 3089 homo
3228 3045 3407 3100 cssvt;

1754 3158 1796 3214 ο
1830 3144 1884 3189 et
1911 3133 2060 3188 dedit
2087 3133 2315 3204 gloriam
2354 3130 2484 3187 Deo.

1902 3225 2088 3281 XXIV.
2132 3225 2264 3279 Post
2286 3225 2510 3279 leaenam
2536 3238 2686 3294 ergo,
2708 3224 3007 3279 secundum
3030 3222 3230 3277 animal
3265 3221 3409 3275 videt

1826 3336 1958 3376 urso
1980 3320 2179 3386 simile,
2204 3317 2351 3389 quod
2381 3326 2509 3372 sunt
2534 3316 2732 3371 Persae.
2760 3315 2892 3371 Post
2915 3315 3237 3387 Babylonios
3257 3315 3400 3368 enim

1823 3412 2004 3467 Persa!
2050 3426 2233 3466 rerum
2284 3411 2438 3479 potiti
2490 3419 2636 3464 sunt.
2684 3408 2921 3464 Dicenda
2958 3416 3179 3463 autem:
3212 3425 3230 3459 ι
3270 3405 3406 3461 Tres

1820 3514 1991 3559 costae
2023 3503 2160 3571 (sive
2185 3502 2429 3571 ordines)
2455 3501 2508 3554 in
2539 3516 2635 3555 ore
2663 3501 2803 3571 ejus,
2840 3520 2858 3552 ι
2887 3510 2997 3556 tres
3024 3510 3211 3571 gentes
3236 3500 3407 3570 signi-

1825 3590 2021 3654 ficavit,
2041 3587 2259 3653 Persas,
2286 3588 2472 3644 Medos
2500 3598 2555 3644 et
2574 3588 2901 3661 Babylonios
2928 3605 2942 3644 :
2977 3589 3138 3659 idque
3165 3590 3405 3645 ostendit

1823 3692 2111 3754 argentum
2145 3681 2466 3752 adjunctum
2497 3696 2636 3736 auro
2682 3682 2737 3735 in
2780 3682 3096 3737 simulacro.
3144 3681 3402 3752 Sequitur

1823 3774 1981 3829 tertia
2029 3774 2233 3839 bestia,
2287 3774 2524 3842 pardus,
2565 3787 2761 3843 nempe
2803 3772 3001 3831 Graeci.
3045 3771 3177 3828 Post
3204 3771 3402 3827 Persas

1820 3869 1968 3921 enim
1990 3868 2297 3922 Alexander
2320 3866 2541 3923 Macedo
2564 3882 2745 3921 rerum
2777 3866 2982 3936 potitus
3011 3876 3113 3930 est,
3135 3864 3403 3920 debellato

1825 3961 1989 4016 Dario
2011 4000 2026 4024 ,
2059 3961 2155 4032 qui
2187 3961 2240 4015 in
2286 3961 2586 4017 simulacro
2628 3961 2754 4016 aris
2786 3960 2967 4030 specie
3008 3968 3264 4014 ostensus
3292 3969 3397 4013 est.

1824 4053 2063 4108 Dicendo
2117 4060 2297 4107 autem
2331 4069 2346 4107 :
2387 4070 2405 4104 ι
2436 4054 2683 4119 Quatuor
2726 4052 2843 4107 alas
2871 4051 3141 4115 volucris,
3175 4069 3194 4100 ι
3243 4064 3403 4119 aper-

1820 4147 2035 4201 tissime
2076 4146 2263 4201 docuit
2293 4146 2572 4216 quomodo
2614 4145 2908 4199 Alexandri
2940 4144 3231 4214 imperium
3260 4143 3401 4198 divi-

1821 4254 1943 4293 sum
2002 4232 2127 4293 fuit.
2173 4237 2415 4293 Dicendo
2446 4239 2591 4293 enim
2643 4256 2661 4289 ι
2692 4246 2929 4307 quatuor
2963 4236 3164 4305 capita,
3207 4254 3226 4287 ι
3262 4250 3399 4305 qua-

1821 4341 1946 4387 tuor
1989 4332 2083 4402 qui
2131 4348 2199 4387 ex
2248 4332 2342 4386 illo
2392 4340 2782 4396 surrexerunt,
2846 4345 3002 4401 reges
3050 4328 3396 4383 memoravit.

1820 4425 2126 4481 Alexander
2164 4425 2311 4479 cnim
2379 4423 2660 4489 moriens,
2707 4421 2995 4492 imperium
3048 4422 3285 4476 solidum
3340 4420 3397 4475 in

3402 4490 3431 4507 Δ

1743 4518 1787 4571 D
1818 4528 2054 4589 quatuor
2081 4528 2265 4587 partes
2286 4517 2488 4571 divisit.

1816 4758 2105 4832 certerejus
2134 4770 2301 4815 nutus
2326 4762 2722 4828 intercessisse,
2748 4772 2808 4816 ut
2834 4763 2885 4817 in
2911 4774 3113 4829 tantos,
3138 4758 3295 4832 quasi
3324 4774 3392 4815 ex

1814 4831 2068 4885 condicto
2088 4871 2103 4893 ,
2133 4841 2279 4886 tanta
2312 4831 2426 4885 haec
2458 4832 2669 4900 imperii
2720 4834 2889 4888 moles
2916 4831 3267 4895 divideretur,
3300 4833 3391 4885 cui

1815 4915 1977 4972 nemo
2019 4917 2162 4955 unus
2189 4912 2383 4968 praeter
2414 4901 2782 4955 Alexandrum
2809 4918 2907 4972 par
2942 4902 3059 4957 fore
3090 4902 3389 4961 videretur,

1815 4970 2017 5025 iudicio
2041 4980 2146 5035 est,
2189 4972 2335 5041 quod
2370 4972 2518 5026 nullo
2544 4974 2644 5027 sibi
2674 4970 3046 5028 monarchiam
3077 4974 3391 5027 universaut

1812 5050 2134 5111 usurpante,
2165 5042 2399 5111 quisque
2429 5051 2582 5111 parte
2610 5053 2921 5108 contentus,
2967 5044 3164 5098 aemulo
3195 5041 3392 5097 cedere

1812 5110 1961 5167 visus
2004 5120 2089 5165 est
2117 5128 2129 5164 :
2158 5110 2412 5185 eitsihzec
2438 5110 2848 5185 πολυκοιρανίη
2870 5154 2893 5185 ,ί
2920 5117 3061 5185 inter
3098 5112 3391 5185 Alexandri

1811 5197 2161 5237 successores
2187 5183 2450 5237 bellorum
2483 5183 2846 5237 seminarium
2873 5184 2994 5239 fuit.
3022 5183 3245 5239 Curtius
3271 5183 3307 5236 l.
3333 5198 3387 5245 κ,

1811 5268 1871 5324 c._
1905 5251 2010 5307 10:
2043 5272 2063 5324 ι
2094 5253 2485 5324 Crediderunt,
2537 5254 2745 5323 inquit,
2792 5257 3016 5324 quidam
3066 5264 3390 5309 testamento

1810 5322 2103 5395 Alexandri
2134 5322 2454 5395 distributas
2484 5322 2973 5395 esse’provin‘cias;
3005 5343 3023 5376 ι
3054 5326 3215 5395 idque
3239 5337 3271 5376 a
3296 5339 3390 5376 va-

1810 5394 1909 5465 riis
1942 5394 2550 5465 auctoribustraditum
2584 5397 2819 5461 asserit,
2860 5397 2985 5451 licet
3018 5394 3133 5465 ipse
3164 5402 3389 5449 contra-

1814 5464 1955 5518 rium
1992 5465 2208 5518 sentiat.
2242 5464 2401 5530 Quod
2428 5467 2511 5519 vel
2542 5466 2586 5519 si
2623 5467 2694 5520 ita
2728 5467 2958 5522 dixisset
2992 5464 3146 5520 sacer
3175 5476 3389 5529 auctor,

1812 5536 1988 5607 major
2013 5535 2172 5607 nobis
2194 5536 2327 5590 lides
2351 5549 2517 5599 esset,
2547 5552 2712 5604 quam
2735 5553 2927 5592 eorum
2956 5538 3048 5607 qui
3074 5552 3102 5590 a
3126 5534 3390 5590 Perdicca

1810 5600 2007 5659 faciam
2045 5606 2234 5659 volunt
2264 5621 2385 5660 eam
2420 5600 2779 5672 divisionem,
2816 5600 2989 5662 modo'
3024 5608 3118 5662 illo
3150 5622 3180 5661 a
3227 5607 3392 5660 nobis

1809 5689 1875 5728 ex
1898 5673 2116 5730 Iustino
2152 5676 2424 5749 iudicato,
2449 5691 2504 5733 et
2536 5679 2731 5749 abillo
2762 5679 3009 5749 pluribus
3051 5677 3298 5749 tradito;
3338 5679 3388 5727 in

1809 5761 1973 5814 quam
2019 5747 2342 5801 sententiam
2385 5748 2565 5803 ierunt
2613 5745 2916 5813 Diodorus,
2960 5750 3218 5811 Curtius,
3253 5745 3383 5801 Oro-

1810 5819 1961 5883 sius,
1987 5828 2094 5872 etc.
2128 5816 2310 5887 lpsum
2341 5817 2710 5873 Alexandrum
2746 5837 2971 5891 regnum
2999 5820 3258 5875 divisisse
3300 5833 3390 5870 as-

2948 5917 3024 5976 2S
