1918 3250
213 155 266 183 ἸλιἹ

215 260 348 297 stupenda
363 270 369 287 :
384 260 479 288 dentes
489 259 549 294 ejus
561 259 653 293 ferrei,
667 264 694 287 et
704 267 810 295 ungues
824 260 884 295 ejus
899 261 975 288 aenei.
990 270 999 286 ι

192 307 196 311 “
215 308 333 341 Quinam
351 306 396 334 isti
413 306 465 333 nisi
490 304 624 333 Romani?
638 306 711 341 quod
733 310 775 333 est
792 306 894 333 ferrum
906 327 913 338 ,
929 307 1002 342 quod

214 361 288 381 nunc
300 357 353 381 stat
366 357 512 387 manetque
525 352 670 387 imperium
683 359 690 379 :
702 360 782 380 crura
794 353 867 380 enim
879 353 939 387 ejus
952 352 1003 380 fer-

213 407 270 426 rea.
286 398 351 426 Post
364 398 422 426 haec
435 398 517 431 enim,
529 398 594 433 quid
610 398 683 425 aliud
699 403 819 433 superat,
832 399 1001 433 charissime,

213 450 310 481 praeter
326 445 441 479 vestigia
457 445 557 479 pedum
583 444 741 478 simulacri,
764 445 792 472 in
812 446 913 481 quibus
939 454 1003 481 pars

213 491 337 526 quasdam
351 490 449 522 ferrea,
466 498 530 525 pars
543 498 608 517 vero
622 495 707 518 testea
723 495 775 523 est,
791 492 944 519 commistis
961 493 1003 519 in-

213 541 254 564 ter
267 545 297 564 se
312 537 476 572 speciebus?
495 536 547 564 Per
568 544 673 572 ungues
687 537 786 572 pedum
801 545 902 565 arcano
920 546 1002 566 sensu

213 591 292 618 reges
305 591 338 610 ex
352 583 398 610 illo
413 587 505 610 ortum
522 582 665 611 habituros
680 582 843 618 designavit,
857 584 896 611 uti
909 584 1003 612 Daniel

212 629 272 656 ait:
294 638 303 654 ‹
319 627 479 663 Cogitabam
502 628 636 661 bestiam;
657 632 684 654 et
704 635 769 656 ecce
784 629 877 656 decem
899 636 1002 656 cornua

212 680 287 703 retro
300 683 360 702 eam
375 683 380 700 ε
392 675 462 702 inter
473 682 534 709 qua:
548 678 640 709 surget
655 674 826 702 minusculus
839 675 909 703 slolo
921 675 1002 707 alius,

213 727 239 749 et
260 722 312 748 tria
329 729 391 756 qua:
414 726 476 747 ante
505 720 595 755 ipsum
619 725 716 754 erant,
737 729 842 748 cornua
867 721 972 748 evellet.
991 730 1000 746 ι

213 769 274 802 Quo
289 776 342 796 non
358 768 431 795 aliud
449 775 531 802 quam
549 767 734 794 Antichristus
758 771 928 795 monstratus
944 771 1002 800 est,

215 815 262 849 qui
273 819 299 841 et
315 814 373 848 ipse
385 813 542 841 Judzeorum
556 821 670 848 regnum
682 814 865 841 suscitaturus
878 818 929 842 est.
940 813 1005 840 Tria

214 868 317 888 cornua
338 868 387 895 per
403 868 464 887 eum
482 860 586 892 evulsa,
606 865 661 887 tres
677 868 755 895 reges
769 864 860 892 vocat,
878 859 1003 896 Egypti,

214 905 305 942 Libya:
326 911 352 933 et
376 905 524 941 Ethiopize
536 926 543 938 ,
565 913 635 941 quos
650 906 794 934 inter-liciet
810 907 837 933 in
854 906 916 933 belli
933 908 1002 934 acie.

214 950 265 978 llic
291 950 421 978 nimirum
444 951 565 978 omnium
584 950 661 986 gravi
683 950 797 985 imperio
813 951 915 986 potitus
928 971 936 982 ,
957 951 1003 986 qui

213 1004 302 1024 szevus
325 1000 459 1032 tyrannus
486 996 535 1028 sit,
559 996 761 1023 tribulationem
780 1004 812 1024 ac
836 997 1005 1032 persecutio-

213 1050 275 1069 nem
292 1042 321 1069 in
335 1042 461 1070 homines
474 1042 613 1075 movebit,
631 1042 764 1070 adversus
778 1050 848 1078 quos
864 1042 1002 1070 elieretur.

212 1086 257 1112 Ait
285 1086 359 1113 enim
391 1086 485 1113 Daniel
511 1096 518 1114 :
550 1095 559 1112 ι
580 1086 773 1122 Attentiusque
797 1087 1004 1115 considerabam

212 1139 316 1164 cornu;
339 1136 366 1160 et
388 1140 453 1160 cccc
476 1140 562 1160 cornu
584 1132 652 1160 illud
676 1132 793 1160 faciebat
815 1133 914 1160 bellum
940 1141 1002 1161 cum

212 1181 331 1214 sanctis,
346 1184 373 1208 et
396 1180 561 1215 praevalebat
582 1181 714 1208 adversus
730 1188 793 1213 eos;
809 1180 896 1209 donec
919 1182 1004 1209 inter-

214 1231 284 1259 fecta
298 1236 341 1258 est
352 1230 439 1258 bestia
454 1235 482 1258 et
497 1230 611 1263 interiit,
627 1235 655 1258 et
666 1238 766 1266 corpus
782 1230 842 1266 ejus
854 1231 948 1259 datum
962 1236 1004 1260 est

213 1279 242 1305 in
255 1277 474 1305 combustiouem
489 1276 559 1311 ignis
571 1277 603 1304 ³³.
621 1286 631 1303 ι

248 1366 346 1394 XXVI.
361 1366 439 1394 Brevi
453 1371 512 1401 post
527 1366 617 1393 veniet
626 1365 659 1394 de
671 1367 748 1394 ctelis
763 1366 833 1402 lapis
845 1367 868 1382 ³³
880 1367 927 1401 qui
939 1374 1002 1402 per-

212 1414 301 1441 cussit
320 1414 500 1441 simulacrum
523 1417 550 1440 et
568 1412 634 1440 illud
655 1413 800 1446 contrivit,
823 1419 905 1449 atque
920 1421 1003 1449 regna

214 1460 369 1492 transtulit,
392 1464 418 1488 et
430 1459 534 1487 sanctis
559 1459 692 1487 Altissimi
708 1467 823 1495 regnum
844 1461 928 1488 dedit.
953 1460 1003 1488 Hic

213 1511 255 1534 est
268 1506 313 1541 qui
330 1505 419 1533 factus
440 1510 483 1533 est
499 1505 526 1532 in
551 1509 671 1533 montem
695 1514 824 1541 magnum
840 1511 866 1534 et
883 1507 1004 1541 implevit

213 1554 370 1580 universam
387 1556 498 1585 terram,
512 1552 546 1580 de
557 1560 612 1588 quo
627 1552 721 1579 Daniel
734 1553 790 1579 ait:
811 1562 820 1579 ι
830 1553 1001 1588 Aspiciebam
1018 1566 1038 1595 ο

214 1598 241 1625 in
257 1599 363 1626 visione
379 1599 468 1626 noetis
484 1608 492 1626 :
507 1603 534 1626 et
550 1606 615 1626 ecee
630 1606 693 1626 cum
707 1599 827 1627 nubibus
844 1600 904 1627 coeli
922 1596 1003 1634 quasi

216 1646 301 1672 Filius
316 1645 436 1673 hominis
450 1646 579 1678 veniens;
592 1649 620 1672 et
634 1652 721 1680 usque
736 1645 769 1672 ad
782 1645 931 1680 Antiquum
945 1645 1004 1673 die-

218 1700 279 1719 rum
295 1683 436 1727 pervenit,
454 1695 481 1719 et
501 1691 608 1719 oblatus
622 1696 667 1719 est
688 1692 723 1718 ei.
748 1691 781 1718 Et
804 1691 898 1719 datum
911 1696 953 1719 est
979 1691 1004 1719 ei

217 1738 362 1772 imperium
386 1742 413 1765 et
436 1738 525 1764 honor
545 1741 572 1764 et
585 1744 717 1772 regnum;
734 1741 761 1764 et
777 1744 873 1765 omnes
889 1737 1003 1772 populi,

215 1783 306 1810 tribus
316 1787 344 1809 et
358 1782 457 1817 linguae
468 1782 588 1809 servient
598 1781 647 1808 illi.
664 1781 788 1809 Potestas
802 1781 870 1816 ejus,
883 1785 1005 1816 potestas

215 1833 328 1861 attenta,
346 1835 408 1862 qum
422 1835 476 1855 non
494 1826 686 1862 pet-transibit;
702 1831 729 1853 et
745 1834 858 1861 regnum
873 1826 933 1861 ejus
949 1833 1004 1853 non

216 1875 339 1902 interibit
351 1874 385 1901 “.
408 1883 417 1899 ›
436 1874 551 1901 Omnem
575 1877 736 1908 potestatem
759 1872 894 1905 ostendit,
911 1880 972 1907 qua:
988 1880 1004 1899 a

216 1921 295 1948 Patre
311 1920 373 1947 data
388 1919 458 1946 Filio
473 1923 515 1946 est
523 1919 544 1934 ³⁵
554 1940 562 1953 ,
576 1920 623 1953 qui
637 1918 791 1946 caelestium
803 1939 810 1951 ,
832 1918 1003 1946 terrestrium

215 1973 243 1995 et
262 1967 433 1994 infernorum
445 1974 491 1992 rex
503 1965 535 1998 ",
551 1965 729 1999 omniumque
744 1964 827 1999 judex
839 1964 1004 1991 constitutus

213 2017 257 2040 est
272 2021 278 2037 :
291 2011 444 2040 caelestium
462 2011 571 2046 quidem
582 2031 589 2044 ,
611 2010 685 2045 quod
699 2009 817 2037 Verbum
834 2009 924 2037 Patris
942 2014 1004 2038 ante

216 2058 314 2086 saecula
330 2058 480 2089 exstiterit;
494 2057 664 2084 terrestrium
679 2064 754 2089 vero.
773 2056 847 2091 quod
860 2056 943 2083 homo
962 2056 1004 2082 in-

217 2110 257 2132 ter
273 2105 400 2132 homines
412 2109 492 2131 natus
505 2107 564 2135 est,
580 2107 609 2130 ut
621 2110 636 2129 a
651 2110 680 2130 se
694 2102 751 2137 ipse
763 2102 899 2129 Adamum
917 2100 1004 2129 refor-

217 2154 319 2181 maret;
336 2149 507 2176 infernorum
524 2152 615 2175 autem
629 2167 637 2181 ,
650 2147 723 2182 quod
736 2146 804 2173 inter
820 2150 943 2173 mortuos
958 2153 1003 2172 re-

216 2201 343 2232 putatus,
357 2201 515 2224 sanctorum
531 2195 676 2223 animabus
695 2194 890 2230 praedicans",
915 2198 1004 2222 morte

217 2243 304 2271 victor
320 2243 417 2271 mortis
431 2242 545 2270 exstitit.

253 2324 360 2351 XXVII.
382 2323 450 2351 Cum
472 2323 529 2351 haec
549 2323 640 2358 itaque
659 2321 749 2349 futura
766 2322 839 2354 sint,
855 2321 1004 2357 decemque

253 2395 277 2411 ³¹
289 2394 358 2421 Dan.
375 2401 412 2421 vn
423 2415 431 2427 ,
446 2394 476 2421 2|
495 2399 521 2421 et
533 2394 575 2421 11.

220 2431 240 2446 ³⁷
256 2430 265 2456 ι
279 2430 353 2457 Petr.
371 2437 417 2462 ιιι,
433 2429 476 2456 19.

220 2490 284 2516 serit
301 2489 437 2523 Iosephus
452 2489 614 2516 Goriouiiles
631 2489 676 2515 lib.
706 2498 734 2516 ιιι
749 2511 755 2522 ,
777 2489 894 2523 Cyrillus
906 2488 1003 2516 lliero~

220 2526 315 2560 sulyni.
330 2526 435 2551 Catecll.
448 2525 473 2554 4,
488 2528 519 2550 (le
534 2532 609 2550 sacra
626 2525 775 2558 Scriptura.
789 2529 815 2550 et
829 2525 890 2557 alii;
905 2525 1004 2558 quibus

220 2561 300 2587 Guilii
319 2561 392 2591 ilica,
412 2567 464 2585 non
488 2560 566 2586 facile
590 2560 657 2585 adeo
679 2559 884 2593 prmscripscrit.
913 2561 1004 2594 Longe

221 2603 286 2622 sane
303 2600 360 2625 est.
378 2600 405 2621 ut
424 2596 503 2620 rebus
522 2596 693 2620 interfuerit:
708 2595 748 2621 vel
771 2599 906 2621 aui-torem
925 2596 1003 2621 nobis

221 2631 259 2657 sic
273 2632 450 2666 ἱστορήσαντα
463 2631 548 2663 possit
562 2630 725 2666 producere;
740 2629 782 2656 cui
799 2630 843 2662 qui
859 2631 1003 2657 adversen-

221 2671 283 2695 tur.
306 2672 400 2691 omnes
421 2665 612 2699 ἁνιστορησίας
638 2665 687 2691 hoc
708 2665 733 2690 in
757 2665 864 2697 negotio
880 2666 1004 2691 tiﬂlllllﬂl‘l

222 2701 319 2726 merito
333 2701 416 2735 ipsius
431 2699 598 2734 πολυμαθεέξι
615 2701 728 2733 possint.
747 2699 863 2726 Conuitr.

257 2736 311 2767 (5-52)
336 2734 434 2764 Τοῦτο,
452 2735 479 2761 τί
495 2735 708 2768 πίίίνείιίιιλίίιι.
725 2735 859 2766 (Iouihell,
873 2734 966 2766 ταῦτα,
981 2736 1006 2761 τί

222 2772 316 2803 tur-71';
326 2779 416 2806 πέτεαι.

259 2806 312 2839 (ηιξ)
334 2804 451 2832 Μέντῃ.
468 2804 518 2834 LL,
537 2805 585 2839 μέν
600 2813 635 2832 τι,

290 2846 314 2860 ι.ι
350 2841 602 2875 ‘wulsynr3,1:21‘01'.
634 2840 729 2873 170116,
765 2841 1004 2876 ἁναμεμιγμένων.

222 2883 289 2903 υυυ.

533 153 560 180 S.
582 152 762 181 HIPPOLYTI
783 154 858 182 OPP.
880 154 970 183 PARS
990 155 1023 183 ll.
1043 171 1077 176 --
1096 154 1247 183 DOGMAT.
1269 154 1313 182 ET
1334 154 1505 183 HISTORIC.

252 214 334 242 XXV.
356 213 457 241 Deinde
483 212 541 240 ait:
561 223 570 239 ι
590 213 678 241 Bestia
701 219 800 249 quarta
822 214 952 242 terribilis
970 223 1002 242 ac
1016 222 1039 246 Α

1791 157 1832 185 τις

1093 215 1209 241 Ἔπειτα
1223 223 1289 250 φησι
1301 223 1308 229 ·
1326 223 1335 240 ι
1349 214 1449 251 Θηρίον
1461 214 1588 251 τέταρτον
1603 215 1718 252 φοϐερὸν
1736 216 1785 243 καὶ
1799 218 1835 244 ἔχ-

1054 261 1158 296 θαμόον
1167 269 1174 275 ·
1184 261 1208 287 οἱ
1222 260 1325 292 ὀδόντες
1338 260 1420 287 αὑτοῦ
1439 260 1552 296 σιδηροῖ,
1564 261 1612 288 καὶ⁵
1621 262 1644 288 οἱ
1652 261 1749 298 ὄνυχες
1765 263 1835 290 αὐτοῦ

1054 307 1157 342 χαλκοῖ.
1171 316 1180 332 ι
1195 306 1274 338 Τίνες
1287 302 1360 332 οὗτοι
1376 305 1433 332 ἀλλ’
1449 306 1465 341 ἢ
1486 306 1634 342 Ῥωμαῖοι;
1650 307 1720 343 ὅπερ
1741 307 1812 334 ἐστὶν
1825 309 1836 334 ὸ

1055 353 1177 388 σίδηρος,
1194 355 1210 388 ἡ
1224 352 1271 379 νῦν
1285 352 1392 378 ἑστῶσα
1407 352 1529 387 βασιλεία
1539 361 1546 368 ⁸
1562 353 1589 379 αὶ
1606 354 1710 389 κνῆμαι
1726 354 1783 390 γὰρ
1797 354 1835 380 αὖ-

1053 399 1102 434 τῆς
1119 399 1235 435 σιδηραῖ.
1257 399 1333 425 Μετὰ
1351 399 1405 434 γὰρ
1420 398 1499 425 τοῦτο
1519 398 1546 424 τί
1561 399 1755 435 παρείλειπται
1775 399 1835 436 (54),

1053 445 1179 479 ἀγαπητὲ
1189 465 1196 477 ,
1210 444 1266 471 ἀλλ’
1287 444 1303 480 ἢ
1321 445 1354 471 τὰ
1367 445 1427 479 ῐχνη
1444 444 1498 471 τῶν
1514 444 1603 471 ποδῶν
1618 445 1667 480 τῆς
1682 445 1799 477 εἰκόνος,
1813 447 1836 472 ἐν

1053 488 1093 522 οἷς
1117 490 1199 525 μέρος
1224 489 1315 525 μέντοι
1340 489 1396 525 (55)
1419 489 1478 515 ἐστὶ
1495 488 1638 524 σιδηροῦν,
1666 489 1751 525 μέρος
1776 489 1802 516 δέ
1816 498 1837 517 τι

1053 536 1212 572 ὀστράκινον
1222 556 1229 567 ,
1243 535 1466 571 ἀναμεμιγμένον
1483 535 1538 571 (56)
1555 536 1593 567 εὶς
1607 535 1727 571 ἇλληλα;
1743 536 1836 563 Μυστι⁴

1053 582 1110 614 κῶς
1124 582 1240 617 ἐδήλωσε
1257 582 1300 609 διὰ
1316 582 1371 608 τῶν
1386 581 1525 608 δακτύλων
1537 581 1593 608 τῶν
1606 581 1695 608 ποδῶν
1717 582 1782 613 τοὺς
1797 582 1836 617 βα-

1055 628 1137 660 σιλεῖς
1146 649 1153 660 ,
1172 628 1235 661 τοὺς
1251 627 1281 660 ἐξ
1294 628 1384 654 αὐτῶν
1395 627 1602 663 ἐγειρομένους,
1621 628 1694 663 ἅπερ
1707 628 1784 662 λέγει
1796 630 1837 654 Δα-

1054 674 1114 709 νιήλ
1125 683 1131 688 ·
1150 683 1158 699 ι
1175 674 1342 709 Προσενόουν
1357 673 1388 699 τὸ
1403 673 1497 708 Θηρίον
1507 692 1515 704 ,
1531 673 1578 700 καὶ
1593 663 1647 700 ίδοέι
1659 673 1728 700 δέκα
1742 673 1836 708 κέρατα

1053 719 1140 746 ὀπίσω
1154 719 1284 750 αὑτοῦ,ὲν
1301 715 1341 750 οἷς
1353 718 1521 753 ἀναϐήσεται
1537 718 1630 754 ἓτερον
1647 718 1835 753 παραφυάδιον,

1054 765 1101 791 καὶ
1125 765 1189 800 τρία
1210 764 1264 791 τῶν
1292 764 1345 799 πρὸ
1369 764 1452 791 αὑτοῦ
1478 763 1641 799 ὲκριζώσει·
1668 774 1677 790 ι
1702 765 1775 799 ὅπερ
1803 764 1836 790 δέ-

1053 810 1157 836 δεικται
1181 809 1236 845 (57)
1254 809 1303 844 οὐχ
1316 809 1427 845 ἕτερον,
1451 809 1508 836 ἀλλ’
1529 810 1545 846 ἢ
1567 810 1580 836 ὁ
1601 810 1799 845 Ἀντίχριστος,
1813 809 1836 841 ὃς

1056 856 1103 882 καὶ
1119 856 1200 887 αὐτὸς
1215 855 1264 892 τὴν
1290 855 1423 883 Ἰουδαίων
1441 855 1577 891 βασιλείαν
1594 857 1755 891 ἀναστήσει.
1778 856 1836 891 Τρία

1021 896 1041 923 Β
1056 902 1160 938 κέρατα
1174 902 1247 936 λέγει
1261 901 1307 927 ὑπ’
1324 901 1404 928 αὑτοῦ
1423 902 1608 938 ὲκριζοῦσθαι,
1625 903 1688 934 τοὺς
1705 904 1780 938 τρεῖς
1797 903 1835 937 βα-

1056 947 1140 978 σιλεῖς
1152 946 1300 981 Αἰγύπτου,
1317 946 1423 973 Λιϐύων
1440 955 1469 973 τε
1485 947 1532 973 καὶ
1546 947 1691 979 Αἰθιόπων,
1705 948 1753 979 οὓς
1769 948 1834 974 ἀναι-

1058 995 1099 1030 ρεῖ
1124 994 1152 1020 ἐν
1178 993 1327 1029 παρατάξει
1351 993 1487 1029 πολέμου·
1511 993 1541 1026 ὃς
1569 994 1708 1029 κρατήσας
1737 995 1833 1021 πάντων

1055 1040 1166 1073 δεινῶς,
1183 1040 1258 1075 ὅμως
1276 1040 1337 1076 (58)
1347 1039 1477 1076 τύραννος
1494 1040 1540 1072 ὢν,
1555 1039 1644 1075 θλίψιν
1662 1040 1710 1066 καὶ
1725 1040 1833 1076 διωγμὸν

1055 1086 1101 1112 ἐπὶ
1116 1086 1178 1117 τοὺς
1195 1084 1355 1120 ἀνθρώπους
1372 1085 1500 1121 ποιήσει,
1518 1086 1699 1121 ἐπαιρόμενος
1717 1087 1777 1113 κατ’
1795 1086 1835 1112 αὖ·

1055 1130 1118 1157 τῶν.
1135 1130 1219 1164 Λέγει
1234 1130 1288 1166 γὰρ
1309 1130 1427 1165 Δανιήλο
1449 1140 1457 1156 ι
1479 1131 1645 1166 Προσενόουν
1672 1131 1711 1166 τῷ
1734 1131 1833 1166 κέρατι,

1055 1176 1102 1202 καὶ
1127 1175 1181 1202 ίδοὺ
1203 1175 1233 1202 τὸ
1254 1175 1337 1211 κέρας
1353 1176 1441 1202 ἐκεῖνο
1464 1176 1550 1202 ἐποίει
1574 1176 1691 1212 πόλεμον
1707 1177 1776 1212 μετὰ
1790 1177 1834 1203 ὠν

1056 1222 1151 1257 ἁγίων,
1168 1222 1215 1249 καὶ
1231 1221 1308 1258 ῐσχυε
1325 1222 1392 1258 πρὸς
1410 1223 1524 1254 αὐτοὺς,
1544 1222 1596 1255 ἕως
1611 1223 1732 1259 ἀνῃρέθη
1749 1224 1778 1250 τὺ
1792 1224 1832 1259 θη-

1055 1269 1112 1305 ρίον
1138 1269 1185 1296 καὶ
1205 1268 1344 1302 ἀπώλετο,
1372 1269 1419 1296 καὶ
1441 1269 1470 1295 τὸ
1494 1268 1572 1304 σῶμα
1593 1270 1673 1296 αὑτοῦ
1700 1270 1777 1306 ἐδόθη
1801 1271 1833 1301 εἰς

1055 1313 1152 1341 καῦσιν
1170 1314 1265 1350 πυρός.
1284 1323 1293 1339 ι

1089 1360 1158 1387 Μετ’
1172 1360 1261 1394 ὀλίγον
1277 1359 1336 1395 ἥξει
1353 1360 1399 1387 ἀπ’
1422 1360 1543 1396 οὐρανῶν
1560 1361 1575 1387 ὁ
1590 1360 1664 1392 λίθος
1684 1360 1699 1386 ὁ
1723 1360 1832 1392 πατάξας

1055 1405 1104 1442 τὴν
1119 1406 1227 1438 εἰκόνα,
1248 1406 1295 1433 καὶ
1312 1406 1457 1441 συντρίψας
1479 1407 1580 1442 αὐτὴν,
1600 1406 1646 1433 καὶ
1671 1407 1832 1442 μεταστήσας

1055 1453 1146 1485 πάσας
1163 1452 1211 1484 τὰς
1229 1452 1365 1487 βασιλείας
1375 1473 1382 1484 ,
1399 1453 1447 1479 καὶ
1462 1452 1523 1484 δοὺς
1538 1452 1587 1488 τὴν
1604 1452 1743 1488 βασιλείαν
1757 1453 1832 1486 ἁγίοις

1061 1499 1198 1534 Ὑψίστου.
1220 1495 1303 1530 Οὗτος
1317 1499 1331 1525 ὁ
1346 1498 1470 1534 γενηθεὶς
1485 1499 1524 1531 είς
1539 1499 1601 1535 ὅρος
1616 1499 1700 1534 μέγα,
1717 1499 1762 1525 καὶ
1776 1498 1833 1533 τελη-

1056 1544 1146 1580 ρώσας
1159 1545 1248 1571 πᾶσαν
1262 1544 1310 1579 τὴν
1320 1544 1382 1579 γῆν,
1392 1544 1456 1580 περὶ
1466 1541 1496 1571 οὗ
1508 1544 1606 1579 Δανιὴλ
1622 1544 1697 1578 λέγει
1707 1552 1714 1559 ·
1726 1553 1735 1569 ε
1746 1542 1832 1570 Ἔθεὼ-

1057 1599 1120 1626 ρουν
1138 1591 1166 1617 ἐν
1182 1590 1300 1627 ὁράματι
1316 1589 1366 1625 τῆς
1381 1590 1493 1622 νυκτὸς,
1508 1590 1556 1617 καὶ
1574 1590 1628 1616 ίδοὺ
1646 1590 1718 1625 μετὰ
1733 1589 1783 1616 τῶν
1796 1597 1833 1615 νε-

1056 1636 1144 1671 φελῶν
1157 1637 1204 1663 τοῦ
1217 1637 1331 1673 οὐρανοῦ
1344 1637 1382 1668 ὡς
1394 1636 1461 1668 Υἱὸς
1473 1636 1616 1673 ἀνθρώπου
1632 1634 1832 1672 ἐρχόμενος,κιιὶ

1055 1682 1157 1717 ἔφθασε
1172 1683 1224 1715 ἓως
1241 1683 1288 1709 τοῦ
1305 1682 1425 1709 Παλαιηῦ
1442 1682 1495 1709 τῶν
1511 1682 1637 1718 ἡμερῶν,
1649 1683 1697 1709 καὶ
1712 1680 1831 1717 προσηνέ-

1055 1729 1107 1765 χθη
1117 1738 1125 1744 ·
1142 1731 1189 1757 καὶ
1202 1729 1276 1765 αὐτῷ
1291 1729 1368 1765 ἐδόθη
1389 1730 1406 1765 ἡ
1428 1728 1498 1765 ἀρχὴ
1513 1728 1568 1764 (59)
1587 1728 1634 1754 καὶ
1649 1728 1665 1762 ὴ
1682 1727 1746 1762 τιμὴ
1762 1726 1803 1752 καὶ
1817 1726 1831 1760 ἡ

1056 1775 1193 1811 βασιλεία,
1220 1775 1268 1802 καὶ
1294 1775 1394 1806 πάντες
1410 1776 1435 1801 οἱ
1451 1775 1527 1807 λαοὶ,
1550 1774 1632 1809 φυλαὶ
1653 1774 1702 1801 καὶ
1725 1773 1830 1807 γλῶσσαι

1055 1822 1241 1849 δουλεύσουσιν
1268 1821 1357 1857 αὐτῷ·
1383 1821 1430 1848 καὶ
1451 1822 1467 1856 ἡ
1486 1820 1594 1853 ἐξουσία
1610 1820 1692 1847 αὐτοῦ
1705 1840 1712 1853 ,
1736 1818 1829 1851 ἐξουσία

1055 1867 1164 1898 αἰώνιος
1175 1887 1182 1900 ,
1200 1868 1261 1902 ἥτις
1273 1867 1303 1893 οὐ
1324 1866 1520 1902 παρελεύσεται
1531 1886 1538 1896 .
1552 1867 1598 1893 καὶ
1614 1867 1630 1901 ἡ
1654 1865 1772 1901 βασιλεία
1789 1864 1830 1891 αὑ-

1055 1912 1102 1939 τοῦ
1116 1913 1145 1939 οὺ
1157 1912 1381 1948 διατθαρήσεται.
1399 1921 1407 1937 ι
1424 1912 1479 1947 Τὴν
1497 1911 1621 1943 ἐξουσίαν
1639 1912 1728 1938 πᾶσαν
1743 1910 1786 1946 την
1794 1910 1830 1935 δε-

1055 1958 1170 1993 δομένην
1195 1957 1270 1994 παρὰ
1294 1957 1340 1984 τοῦ
1368 1958 1475 1993 Πατρὸς
1497 1957 1536 1993 τῷ
1559 1957 1616 1992 Υἱῴ
1635 1957 1782 1990 ὑπέδειξεν,
1802 1956 1829 1988 7;;

1055 2003 1241 2039 ἐπουρανίων,
1256 2003 1304 2029 καὶ
1321 2003 1466 2037 ἐπιγείων,
1485 2003 1534 2029 καὶ
1555 2002 1739 2038 καταχθονίων
1762 2002 1828 2037 βασι-

1055 2048 1119 2080 λεὺς
1134 2049 1182 2075 καὶ
1206 2048 1302 2084 κριτὴς
1322 2048 1431 2074 πάντων
1449 2048 1655 2074 ἀποδέδεικται·
1677 2046 1829 2083 ἐπουρανίων

1057 2094 1116 2129 μὲν,
1136 2094 1176 2120 ὅτι
1191 2093 1277 2127 Λόγος
1292 2092 1338 2120 τοῦ
1354 2093 1461 2127 Πατρὸς
1475 2093 1527 2128 πρὸ
1540 2093 1650 2120 πάντων
1664 2091 1829 2127 γεγενημὲνικ

1053 2138 1088 2176 ἦν
1098 2149 1104 2155 ·
1115 2139 1242 2174 ἐπιγείων
1249 2140 1286 2171 δὲ,
1295 2140 1336 2166 ὅτι
1346 2139 1487 2175 ἄνθρωπος
1499 2140 1527 2165 ἐν
1538 2138 1586 2166 ἀνθ
1591 2138 1692 2173 ρώποις
1702 2137 1827 2174 ἐγεννήθη,

1055 2186 1236 2213 ἀναπλάσσων
1248 2185 1281 2212 δι’
1294 2185 1390 2212 ἑαυτοῦ
1408 2185 1453 2212 τὸν
1474 2185 1558 2220 Ἀδάμ
1568 2194 1574 2200 ·
1596 2185 1774 2220 καταχθονίων
1789 2183 1827 2213 δὲ,

1020 2243 1042 2270 D
1056 2233 1098 2259 ὅτι
1112 2232 1158 2259 καὶ
1173 2233 1202 2260 ὲν
1215 2233 1322 2268 νεκροῖς
1336 2231 1526 2267 κατελογισθη,
1539 2231 1777 2267 εὐαγγελιζόμενος
1787 2230 1827 2259 τὰς

1057 2279 1113 2305 τῶν
1136 2279 1221 2313 ἁγίων
1237 2278 1343 2313 ψυχὰς,
1364 2278 1408 2305 διὰ
1424 2278 1538 2304 θανάτου
1558 2278 1604 2304 τὸν
1624 2277 1737 2304 θάνατον
1750 2275 1826 2303 νικῶν.

1093 2325 1201 2352 Τούτων
1213 2323 1259 2352 οὖν
1272 2325 1420 2360 ἐσομένων,
1435 2324 1545 2351 καὶτῶν
1557 2324 1623 2350 δέκα
1636 2324 1771 2351 δακτύλων
1784 2322 1827 2357 [60)

616 2394 639 2409 ³³
648 2392 715 2420 Dan.
730 2400 760 2425 ιι,
773 2392 807 2419 54
820 2397 847 2419 et
861 2392 907 2420 45.
945 2392 967 2408 ³⁵
977 2393 1003 2420 D:

1060 2403 1107 2428 vn,
1126 2396 1170 2429 15,
1184 2396 1227 2423 14.
1267 2396 1289 2411 ³⁸
1301 2395 1397 2422 Matth.
1413 2403 1509 2428 xxviii,
1523 2394 1567 2422 18.
1607 2394 1630 2410 ³⁸
1641 2393 1740 2429 Philip.
1754 2401 1781 2425 ιι,
1793 2390 1826 2418 10-

1088 2482 1150 2526 (57)
1172 2491 1260 2524 Ὅπερ
1272 2489 1427 2517 δέδεικται.
1442 2488 1495 2516 ISta
1509 2487 1601 2526 omnia
1611 2508 1619 2520 ,
1634 2487 1678 2522 pia
1699 2492 1760 2514 tunc
1772 2493 1827 2526 con-

1056 2521 1161 2560 jectura
1178 2521 1264 2556 dicta,
1284 2529 1381 2552 eventu
1399 2532 1452 2551 non
1469 2524 1582 2558 probata
1593 2543 1601 2556 ,
1623 2525 1759 2557 quomodo
1772 2521 1829 2548 Deus

1058 2562 1143 2591 novit.
1160 2561 1304 2595 implenda.
1320 2560 1439 2587 COMREF.

1092 2596 1149 2631 (58)
1171 2593 1272 2630 "Quive.
1290 2596 1379 2626 Forte,
1395 2594 1478 2631 ὠμός.
1494 2593 1563 2631 Geo.

1094 2625 1150 2667 (59')
1168 2625 1400 2667 ΙΙρΟοὴνιέχθῃξ.ἶ
1454 2625 1830 2667 ἃρχήεμῦοιιιὺείξηιπροσηνξ-

1058 2662 1110 2702 χθή
1128 2662 1215 2701 αὐτῷ·
1233 2662 1279 2692 καὶ
1296 2662 1372 2701 ἐδόθη
1389 2666 1405 2700 ἡ
1424 2665 1506 2700 ἀρχή.
1527 2663 1572 2690 Sic
1590 2671 1656 2690 sane
1673 2662 1742 2689 infra
1756 2671 1778 2689 ς.
1792 2662 1829 2692 Li,

1061 2703 1106 2728 ubi
1121 2702 1381 2728 eadeuirccurruut.
1508 2732 1530 2736 __
1551 2733 1556 2736 μ
1606 2733 1612 2736 _
1650 2733 1657 2736 _
1762 2733 1767 2736 _
1797 2731 1802 2736 Ι

1096 2736 1151 2771 (60)
1170 2736 1230 2763 Τῶν
1245 2736 1317 2763 δέκα
1331 2735 1496 2771 διικτρλων.
1508 2732 1771 2771 Nabuchodonosori
1783 2732 1828 2757 vis“

1058 2765 1149 2799 statua
1171 2777 1196 2798 et
1220 2765 1414 2804 simulacrum',
1432 2777 1479 2797 seu
1499 2770 1603 2803 imago,
1628 2777 1689 2795 cum
1706 2770 1827 2804 lluuiiutlll

1057 2807 1189 2839 referret,
1206 2807 1313 2834 duobus
1329 2801 1442 2841 pedibus
1460 2801 1619 2841 constabat,
1647 2809 1726 2841 atque
1743 2804 1766 2841 in
1784 2801 1827 2826 illis

1058 2842 1086 2868 in
1101 2837 1198 2876 digitos
1206 2842 1299 2869 decem
1315 2837 1465 2873 desinebat,
1476 2847 1544 2874 quos
1556 2839 1595 2865 sic
1605 2846 1638 2876 es
1650 2840 1740 2876 itrgilia
1752 2837 1826 2874 ferm-

1058 2885 1111 2912 que
1125 2874 1301 2911 compositos,
1313 2884 1373 2911 qua:
1384 2884 1437 2903 non
1451 2875 1615 2906 coluereant,
1629 2874 1742 2908 hincque
1752 2877 1825 2898 ruina
