3836 6526
224 307 309 365 m
1228 298 1316 353 DE
1354 298 1654 355 CHRISTO
1691 297 1739 352 E‘

1909 296 2305 355 iTlCHRlSTO.
3317 300 3424 358 750

223 426 306 496 τῆς
329 421 514 482 εἰκόνος
547 418 623 481 εἰς
666 417 1038 490 δημοκρατίας
1076 421 1474 493 χωρησάντων,
1513 422 1607 476 καὶ
1640 419 1738 473 τῶι

1910 419 2005 491 giti
2038 417 2319 475 simulacri
2362 425 2415 473 et
2458 423 2650 472 statua:
2702 430 2797 471 seu
2829 414 3116 488 imaginis,
3148 415 3203 471 iu
3234 416 3422 471 demo-

220 517 332 573 δέκα
356 512 582 584 κεράτων
607 510 698 564 τοῦ
717 511 976 585 τετάρτου
1003 510 1194 585 θηρίου
1220 515 1305 576 εἰς
1321 513 1452 566 δέκα
1470 512 1735 584 βασιλείας

1905 512 2050 567 ἀιίαε
2076 512 2379 575 cesserint;
2424 510 2612 566 decem
2638 524 2768 565 vero
2800 510 2976 580 capita
3003 518 3211 579 quartae
3236 507 3420 563 bestia:

223 603 565 678 μερισθέντων,
593 599 789 672 ἴδωμεν
818 602 1151 674 σαφέστερον
1172 602 1242 658 τὰ
1263 604 1621 676 προκείμενα,
1650 606 1738 659 καὶ

1932 603 2119 659 decem
2151 617 2319 673 regna
2347 602 2521 657 divisa
2552 601 2663 655 sint
2690 620 2704 656 :
2734 600 3019 656 videamus
3055 601 3259 656 clarius
3302 616 3423 670 qum

222 696 601 767 κατανοήσωμεν
630 693 769 748 αὐτὰ
795 693 1243 766 ὁφθαλμοφανῶς.

1912 702 2170 765 gumento
2209 692 2488 763 pr0posita
2519 700 2680 759 sunt,
2722 706 2897 761 eaque
2940 690 3099 762 quasi
3128 690 3201 747 ob
3233 690 3425 747 oculos

1848 782 2022 853 posita
2054 782 2137 838 sic
2170 797 2354 839 coram
2386 783 2819 838 consideremus.

278 871 476 944 Κεφαλὴ
503 872 600 943 τῆς
627 874 833 939 εἰκόνος
861 873 1034 945 χρυσῆ
1059 916 1073 939 ,
1113 876 1147 946 ή
1180 873 1386 937 λέαινα,
1420 873 1748 929 Βαϐυλώνιοι

1920 872 2156 928 XXVIII.
2198 874 2436 927 Aureum
2464 880 2627 941 caput
2667 870 2948 929 simulacri
2970 913 2984 937 ,
3016 871 3216 938 leaena,
3245 869 3425 941 Baby—

218 962 363 1037 ἦσαν·
385 961 518 1036 ὦμοι
543 967 635 1020 καὶ
664 966 943 1037 βραχίονες
968 967 1217 1039 ἀργυροῖ,
1242 969 1274 1038 ἡ
1302 967 1520 1039 ἄρκτος,
1537 968 1733 1039 Πέρσαι

1908 963 1976 1016 nii
2008 973 2198 1031 erant;
2253 963 2467 1018 humeri
2519 970 2574 1016 et
2621 962 2841 1017 brachia
2882 971 3173 1033 argentea,
3222 977 3423 1025 ursus,

219 1060 295 1110 καὶ
317 1059 502 1129 Μῆδον
545 1060 716 1113 κοιλία
743 1061 839 1112 καὶ
880 1059 1053 1130 μηρὸς
1084 1059 1350 1131 χαλκοῦς,
1384 1061 1418 1130 ή
1454 1060 1734 1131 πάρδαλις,

1909 1068 2029 1108 :rsa:
2063 1061 2117 1107 et
2143 1050 2317 1119 Medi;
2350 1060 2543 1106 venter
2585 1050 2871 1122 femurque
2900 1066 3142 1117 aeneum,
3188 1051 3424 1121 pardus,

218 1156 256 1208 οἱ
284 1155 376 1208 ἀπὸ
417 1152 754 1227 Ἀλεξάνδρου
796 1155 1168 1225 κρατήσαντες
1205 1156 1496 1227 ’Έλληνες-
1542 1154 1725 1225 κνῆμα

1911 1144 1944 1197 ιὶ
1984 1144 2054 1198 ah
2082 1143 2391 1199 Alexandro
2420 1141 2593 1197 Graeci
2638 1157 2821 1197 rerum
2870 1144 3027 1213 potiti
3062 1151 3225 1209 sunt;
3264 1158 3426 1198 crura

220 1245 427 1315 σιδηραῖ,
462 1245 644 1316 θηρίον
681 1245 956 1317 ἔκθαμϐον
990 1246 1083 1299 καὶ
1112 1246 1376 1319 φοϐερὸν,
1404 1247 1662 1318 Ῥωμαῖοι
1701 1250 1735 1299 οἱ

1911 1252 2025 1291 rrea
2045 1277 2059 1304 ,
2090 1236 2357 1307 stupenda
2393 1235 2574 1290 bellua
2603 1252 2666 1291 ac
2697 1237 2985 1301 terribilis,
3032 1235 3296 1301 Romani,
3331 1237 3426 1306 qui

218 1334 295 1387 νῦν
327 1336 657 1406 κρατοῦντεςο
694 1338 813 1409 ῖχνη
842 1337 1020 1391 ποδῶν
1040 1376 1057 1402 ,
1083 1337 1345 1410 ὄστρακον
1383 1338 1475 1392 καὶ
1502 1338 1733 1411 σίδηρος

1909 1346 1999 1385 inc
2034 1346 2213 1385 rerum
2245 1331 2554 1399 potiuntur;
2602 1330 2829 1402 vestigia
2865 1329 3100 1399 pedum,
3144 1336 3286 1383 testa
3317 1327 3424 1382 fer-

217 1427 381 1481 καὶτὰ
420 1428 547 1482 δέκα
590 1428 831 1500 κέρατα,
864 1429 933 1483 τά
983 1428 1247 1500 μέλλοντα
1283 1429 1535 1484 ἔσεσθαιο
1583 1430 1732 1501 κέρας

1907 1439 2115 1493 Imque,
2149 1439 2212 1477 ae
2241 1425 2425 1477 decem
2460 1438 2691 1487 cornua,
2730 1438 2852 1494 quae
2884 1420 3070 1476 futura
3099 1429 3229 1475 sunt
3261 1436 3422 1491 regna

218 1521 375 1594 ἕτερον
394 1523 582 1595 μικρὸν
602 1524 1038 1594 άναφυόμενον,ὁ
1066 1525 1124 1576 ἐν
1146 1524 1327 1588 αὐτοῖς
1351 1526 1713 1599 Ἀντίχριστος

1932 1515 2193 1583 imperia;
2236 1529 2408 1568 cornu
2439 1514 2587 1569 aliud
2634 1530 2867 1585 parvum
2917 1513 3424 1582 succrescens,qui

216 1612 335 1677 λίθος
365 1617 648 1671 πατάσσων
674 1616 772 1687 τὴν
796 1617 898 1687 γῆν
916 1656 931 1679 ,
963 1615 1058 1669 καὶ
1082 1618 1304 1686 ἐπάγων
1326 1619 1403 1691 τῷ
1431 1620 1621 1692 κόσμῳ
1655 1621 1731 1692 τὴι

1915 1617 1995 1663 ter
2029 1607 2119 1661 illa
2146 1617 2488 1673 numeratur,
2517 1607 2918 1673 Antichristus;
2952 1608 3092 1679 lapis
3118 1610 3428 1678 percutiens

217 1712 385 1786 κρίσιν,
414 1710 663 1782 Χριστός.

1916 1710 2252 1771 ιηῑετεηείιιιθ
2298 1701 2655 1755 simulacrum
2676 1741 2693 1767 ,
2722 1700 2817 1771 qui
2849 1710 3047 1756 terram
3080 1702 3431 1774 adimplevit,

1783 1774 1825 1830 Β
1852 1803 1907 1849 et
1937 1793 2205 1863 judicium
2238 1793 2447 1848 mundo
2476 1792 2675 1859 infert,
2708 1793 2981 1849 Christus.

271 1887 436 1941 Ταῦτά
479 1904 588 1950 σοι,
634 1882 914 1955 ἀγαπητὲ,
970 1888 1108 1958 μετὰ
1158 1889 1322 1959 φόϐου
1378 1892 1750 1963 μεταδίδομεν,

1922 1884 2115 1939 XXIX.
2134 1883 2260 1940 Haec
2284 1885 2403 1951 tibi,
2427 1885 2769 1952 charissime,
2786 1901 2894 1940 non
2917 1887 3037 1941 sine
3056 1886 3250 1942 timore
3276 1902 3431 1942 com-

213 1980 415 2043 εὐκόλως
454 1978 542 2032 διὰ
582 1978 682 2050 τὴν
728 1978 1169 2048 ὑπερϐάλλουσαν
1218 1980 1454 2054 Χριστοῦ
1508 1985 1728 2057 ἀγάπην

1915 1975 2108 2044 unico,
2130 1991 2399 2046 propensa
2431 1984 2610 2030 tamen
2642 1977 2939 2045 voluntate,
2970 1977 3040 2031 ob
3077 1977 3426 2034 excellentem

214 2072 264 2125 ΕΞ
282 2072 377 2142 γὰρ
396 2071 443 2124 οἱ
471 2070 574 2141 πρὸ
598 2070 755 2140 ἡμῶν
783 2073 1043 2143 μακάριοι
1070 2072 1343 2143 προφῆται
1374 2075 1728 2145 γεγενημένοι

1911 2070 2174 2123 raritatem
2208 2067 2431 2123 Christi.
2467 2066 2602 2122 Nam
2632 2069 2676 2123 si
2722 2068 3041 2125 decessores
3084 2069 3257 2125 nostri
3287 2071 3426 2127 beati

214 2163 384 2227 εἰδότες
406 2164 539 2217 αὐτὰ
562 2163 663 2216 οῦκ
690 2162 959 2235 ἠθέλησαν
990 2166 1127 2237 μετὰ
1157 2165 1469 2237 παρρησίας
1497 2166 1729 2238 κηρύξαι

1913 2162 2145 2231 rophetze
2195 2162 2287 2230 qui
2334 2161 2451 2216 haec
2506 2161 2785 2229 explorata
2828 2160 3107 2227 haberent,
3137 2162 3428 2217 noluerunt

213 2253 283 2307 ἵνα
305 2254 370 2325 μὴ
390 2255 618 2327 τάραχον
647 2259 915 2328 ποιήσωσι
938 2260 1058 2321 ταῖς
1080 2256 1184 2310 τῶν
1211 2256 1305 2310 ἀνθ
1313 2258 1509 2329 ρώπων
1534 2260 1728 2330 ψυχαῖς

1911 2252 2031 2308 llam
2066 2254 2389 2324 prmdicare,
2430 2270 2499 2309 ne
2541 2255 2822 2309 hominum
2852 2256 3064 2312 animos
3115 2255 3426 2321 turbarent,

212 2345 323 2399 ἀλλὰ
359 2346 623 2418 μυστικῶς
673 2346 1003 2420 διηγήσαντο
1038 2348 1127 2402 διὰ
1174 2348 1497 2421 παραϐολῶν
1545 2353 1638 2404 καὶ
1669 2353 1724 2405 αἰ

1918 2347 1950 2400 d
1979 2361 2177 2402 arcana
2210 2346 2416 2401 ratione
2443 2345 2823 2417 parabolarnm
2850 2354 2991 2403 tecta
3022 2348 3341 2413 involucris,
3375 2359 3431 2401 et

212 2439 454 2507 νιγμάτων
495 2438 744 2508 λέγοντες
766 2455 779 2469 ·
820 2459 839 2493 ι
865 2435 994 2493 Ὧδε
1042 2443 1071 2495 ὁ
1101 2439 1223 2506 νοῦς
1255 2443 1283 2493 ὁ
1306 2441 1443 2511 ἔχων
1480 2442 1696 2511 σοφίαν·

1916 2438 2132 2508 :rplexis
2181 2438 2539 2507 obscurisque
2585 2437 2932 2493 sermonibus
2971 2448 3303 2494 enarrarunt
3346 2440 3431 2494 di-

212 2529 340 2599 πόσῳ
393 2528 585 2599 μᾶλλον
638 2530 797 2602 ἡμεῖς
851 2530 1272 2602 κινδυνεύσομεν
1329 2533 1635 2603 τολμῶντες
1687 2552 1727 2589 τι

1910 2540 2041 2587 :ntes
2072 2548 2084 2582 :
2122 2550 2140 2583 ι
2177 2528 2380 2587 Praesto
2410 2531 2481 2584 sit
2510 2531 2728 2587 animus
2754 2531 3017 2601 sapientia
3045 2531 3425 2602 praeditus";i

212 2620 286 2672 ὑπ’
307 2623 515 2675 ἐκείνων
539 2621 876 2692 ἀποκρύφους
902 2624 1167 2695 εἰρημένα
1192 2628 1272 2688 εἰς
1294 2626 1522 2697 φανερὸν
1547 2626 1722 2696 λέγειν

1917 2631 2063 2675 tanto
2096 2618 2253 2675 nobis
2299 2620 2479 2691 potius
2520 2636 2629 2675 non
2663 2621 2877 2677 vacabit
2922 2622 3186 2692 periculo,
3222 2622 3317 2694 qui
3362 2624 3432 2678 ab

217 2712 412 2783 Ἶδωμεν
437 2712 610 2766 τοίνυν
636 2712 704 2767 τὰ
742 2713 1127 2786 συμϐησόμενα
1154 2717 1241 2769 ἐπ’
1263 2717 1506 2791 ἐσχάτων
1534 2717 1627 2771 ἐπὶ
1658 2718 1732 2789 τὴε

1918 2712 1965 2767 is
2003 2712 2215 2767 occulte
2255 2712 2399 2767 dicta
2429 2722 2591 2783 atque
2623 2712 2856 2781 obtecta,
2890 2713 2943 2767 in
2986 2724 3234 2782 apertum
3284 2714 3432 2770 dica-

212 2804 388 2875 πόρνην
416 2805 510 2876 τὴν
537 2805 848 2875 ἀκάθαρτον
874 2805 1103 2877 ταύτην·
1138 2808 1295 2862 ὁποία
1324 2809 1380 2862 δὲ
1413 2810 1507 2863 καὶ
1538 2812 1727 2863 ποταπέ

1915 2804 2021 2858 us?
2066 2803 2361 2859 Videamus
2418 2804 2585 2875 igitur
2626 2820 2749 2876 quae
2793 2805 2847 2859 in
2883 2805 3139 2860 extremis
3173 2814 3428 2860 eventura

212 2897 237 2964 ἠ
258 2897 379 2950 κατὰ
402 2897 551 2967 χόλον
572 2897 711 2950 Θεοῦ
737 2898 1083 2953 ἐπελεύσεται
1112 2901 1249 2972 αὐτῇ
1274 2901 1377 2973 πρὸ
1403 2901 1500 2973 τῆς
1522 2902 1725 2974 κρίσεω

1916 2904 1985 2949 ml.
2011 2910 2174 2965 super
2220 2895 2502 2950 immunda
2534 2897 2639 2953 hac
2670 2896 2953 2953 meretrice
2982 2914 2999 2952 :
3045 2898 3334 2968 qualisque
3366 2916 3431 2953 ac

214 2990 383 3062 μερική
416 2990 668 3061 βάσανος.

1915 2997 2097 3041 tantus
2140 2987 2438 3053 cruciatus,
2466 2986 2559 3041 Dei
2592 2989 2963 3061 indignatione
3013 2999 3138 3044 ante
3170 2991 3313 3045 diem
3339 2992 3430 3063 ju-

1785 3110 1828 3166 ο
1860 3076 1985 3132 dicii
2031 3086 2330 3147 praerogata
2370 3077 2424 3130 in
2456 3086 2798 3133 antecessum
2830 3094 3114 3149 poenarum
3151 3092 3325 3151 parte,
3356 3085 3430 3137 illi

1861 3174 2188 3236 superventu
2198 3182 2312 3221 rus.

264 3260 415 3334 Δεῦρο
463 3262 573 3335 (61)
629 3262 742 3329 οῦν,
786 3259 832 3318 ῶ
869 3264 1103 3338 μακάριε
1144 3266 1362 3327 Ἡσαῖα,
1413 3264 1751 3338 ἐξεγέρθητι,

1931 3258 2101 3315 XXX.
2142 3258 2287 3313 Ades
2339 3258 2524 3328 igitur,
2572 3275 2605 3314 ο
2639 3260 2793 3317 beate
2822 3261 2990 3329 Isaia;
3030 3279 3299 3337 exsurge,
3344 3266 3432 3322 dic

208 3350 308 3402 εἰπὲ
338 3353 514 3422 σαφῶς
543 3354 600 3407 τί
637 3355 1050 3426 προεφήτευσας
1079 3354 1190 3424 (62)
1222 3355 1351 3426 περὶ
1377 3355 1476 3426 τῆς
1512 3356 1721 3426 μεγάλη

1919 3352 2040 3405 »ιωη
2082 3366 2203 3421 quae
2245 3352 2576 3407 vaticinatus
2622 3367 2682 3408 es
2722 3352 2791 3407 de
2836 3353 3052 3409 civitate
3090 3371 3284 3425 magna
3328 3355 3434 3410 Ba-

209 3435 507 3506 Βαϐυλῶνος.
560 3438 740 3507 Εἷπας
787 3443 895 3515 γὰρ
946 3445 1041 3498 καὶ
1091 3445 1221 3516 περὶ
1274 3444 1629 3517 Ἰερουσαλὴμ
1660 3463 1724 3499 κα

1917 3444 2081 3506 ῖιοτιθ.
2153 3441 2289 3497 Nam
2351 3444 2513 3499 etiam
2569 3444 2636 3499 de
2684 3444 3020 3501 Hierusalem
3083 3448 3301 3504 locutus
3353 3465 3432 3511 es,

206 3529 501 3585 τετέλεσται.
551 3534 630 3586 Σὺ
660 3534 769 3605 γάρ
802 3529 960 3597 εἴπας
1000 3534 1139 3605 μετὰ
1187 3535 1518 3607 παρρησίας
1568 3537 1721 3590 (Ἔστ

1917 3552 2051 3607 eque
2107 3535 2309 3591 factum
2359 3548 2460 3591 est.
2490 3536 2571 3590 Tu
2602 3538 2746 3592 enim
2777 3548 2958 3607 aperte
2982 3539 3164 3595 dixisti
3192 3556 3204 3593 :
3237 3541 3432 3597 «Terra

208 3618 325 3690 ὴγῆ
365 3622 511 3694 ὑμῶν
552 3625 793 3696 ἔρημος,
837 3626 895 3678 αἱ
944 3625 1126 3689 πόλεις
1160 3627 1312 3697 ὑμῶν
1358 3627 1721 3697 πυρίκαυστοι

1916 3636 2047 3681 astra
2107 3628 2357 3694 deserta;
2409 3628 2657 3683 civitates
2704 3638 2899 3682 vestrm
2959 3629 3081 3700 igne
3135 3644 3431 3688 succensae.

205 3712 286 3781 τὴν
308 3713 481 3785 χώραν
509 3716 671 3789 ὑμῶν
702 3717 970 3790 ἀλλότριοι
1019 3717 1391 3771 κατεσθίουσιν
1420 3718 1588 3789 αὐτὴν
1620 3719 1720 3773 ὲνὼ

1919 3720 2161 3787 egiouem
2219 3729 2460 3774 vestram
2511 3720 2671 3774 alieni
2729 3722 2988 3776 devorant
3038 3722 3093 3777 in
3142 3736 3434 3794 conspectu

208 3816 309 3854 πιον
336 3804 502 3875 ὑμῶν,
537 3808 640 3861 καί
670 3810 960 3880 ἠρήμωται
995 3809 1450 3881 κατεστραμμένη
1484 3810 1589 3864 ὑπὸ
1623 3810 1723 3864 πολ

1919 3820 2069 3873 :stro,
2099 3820 2152 3865 et
2182 3811 2423 3867 desolata
2457 3821 2561 3875 est,
2598 3813 2857 3870 subversa
2900 3829 2930 3869 a
2972 3815 3184 3884 populis
3222 3815 3434 3871 alienis.

206 3890 294 3944 λῶν
324 3895 427 3968 (63)
458 3899 780 3971 ἀλλοτρίων.
824 3900 1409 3971 Ἐγκαταλειφθήσεται
1444 3903 1476 3972 ή
1511 3901 1716 3974 θυγάτη

1918 3904 2290 3974 erelinquetur
2355 3904 2463 3959 tilia
2511 3904 2640 3959 Sion
2687 3904 2844 3974 quasi
2910 3905 3321 3959 tabernaculum
3380 3905 3433 3959 in

206 3983 341 4049 Σώαν,
364 3989 436 4052 ὡς
464 3990 642 4062 σκηνὴ
672 3993 730 4043 ἐν
752 3991 1056 4060 ἀμπελῶνι,
1092 3992 1186 4044 καὶ
1214 3990 1289 4055 ὡς
1313 3991 1721 4063 ὀπωροφυλάκιο

1923 4011 2044 4063 nea,
2080 4005 2135 4049 et
2164 3997 2307 4052 sicut
2336 4013 2622 4069 pomorum
2659 3997 2903 4051 custodia
2936 3996 2989 4050 in
3022 3995 3429 4050 cucumerario.

208 4076 255 4127 ἐν
277 4082 577 4153 σικυηράτῳ
633 4082 766 4152 (64),
812 4083 886 4146 ὡς
931 4081 1083 4146 πόλις
1122 4081 1575 4155 πολιορκουμένη.
1611 4102 1630 4135 ι
1693 4085 1723 4136 Ἰ

1917 4097 2009 4142 cut
2058 4088 2250 4143 civitas
2295 4097 2602 4161 expugnata
2640 4089 2705 4142 ³⁸.
2743 4107 2762 4138 ι
2837 4087 2977 4153 Quid
3030 4086 3240 4157 igitur?
3291 4084 3432 4140 Num

206 4163 314 4233 05v;
349 4173 417 4223 Οὐ
464 4174 761 4246 γεγένηται
807 4174 906 4244 ἤδη
938 4173 1142 4239 ταῦτα;
1188 4175 1263 4227 Uti
1294 4174 1649 4245 πεπλήρωται
1690 4192 1721 4227 τ

1918 4195 1980 4233 ec
2025 4180 2137 4249 jam
2191 4196 2299 4235 non
2349 4182 2727 4237 exstiterunt?
2770 4179 2960 4234 Nonne
3013 4181 3230 4250 impleta
3284 4192 3433 4243 sunt,

265 4356 303 4387 ³⁸
323 4359 487 4429 Apoc.
512 4378 649 4428 xvn,
684 4362 737 4416 9.
815 4362 859 4392 ³⁹
883 4363 987 4417 Isa.
1014 4378 1053 4423 ι,
1078 4359 1129 4425 7,
1156 4359 1210 4413 8.

206 4451 473 4531 obnoxium
504 4457 1537 4531 c_qrpus_quodsustentant,_retldant,
1559 4456 1754 4531 merito
1788 4459 1831 4515 Ι)
1861 4457 2160 4531 plendum?
2221 4459 2437 4528 Quanta
2494 4461 2754 4516 nimirum
2819 4475 2917 4531 per
2963 4475 3085 4514 eum
3134 4460 3437 4516 discessio?

207 4527 477 4603 assumpsit
527 4526 854 4603 Hippolytus
897 4527 950 4580 in
983 4527 1329 4603 democratiae
1355 4528 1631 4596 papularis
1666 4542 1751 4603 re-
1857 4526 2080 4603 quantis
2111 4526 2410 4603 provinciis
2439 4546 2504 4587 ac
2534 4534 2716 4603 regnis
2743 4526 3071 4603 exstinctum
3100 4531 3431 4603 jngesacri-

206 4591 398 4669 giminis
428 4591 616 4669 typum
636 4591 657 4661 ξ
683 4591 826 4666 qnod
860 4612 987 4669 raro
1016 4591 1368 4669 tranquillum
1395 4591 1752 4669 est,ipopulis
1855 4591 2039 4653 licium
2082 4591 2146 4655 ac
2189 4600 2565 4661 Christianum
2596 4591 2813 4657 "nomen
2835 4642 2850 4664 ,
2902 4602 3031 4656 dum
3088 4591 3291 4654 nostris
3331 4602 3432 4669 ipsi

206 4676 285 4741 per
305 4664 573 4741 licentiam
607 4664 730 4741 aliis
760 4669 815 4720 in
845 4667 994 4741 alios
1010 4666 1329 4741 plerumque
1368 4664 1750 4741 tumultuanti-
1854 4668 2098 4725 dissidiis
2129 4670 2197 4724 ad
2223 4672 2431 4741 reliqua
2461 4672 2755 4728 sternimus
2788 4672 2953 4735 viam,
2988 4670 3216 4738 ejusque
3245 4664 3424 4741 acilia.

207 4734 291 4784 bus
308 4772 337 4809 ,_
358 4738 627 4806 malisque
655 4739 710 4809 in
741 4752 869 4797 eos,
903 4734 1163 4809 qni’s‘unt
1189 4734 1481 4798 meliores,
1523 4736 1754 4809 illosque
1855 4752 1974 4809 cem
2007 4741 2167 4808 quasi
2199 4734 2392 4809 sponte
2435 4741 2489 4795 in
2542 4742 2783 4797 cervices
2822 4734 3040 4795 nostras
3073 4734 3429 4793 accersimus.

206 4804 842 4878 opprimentilius._Quod
891 4804 1217 4878 sequebatur
1252 4815 1520 4878 monstro
1553 4805 1750 4878 simile,
1854 4804 2059 4863 Altaris
2120 4804 2328 4864 cornua
2396 4811 2629 4872 decem,
2687 4810 3028 4869 inauditum,
3107 4809 3199 4863 sed
3258 4809 3433 4878 magis

205 4870 681 4951 fugerptqueGndji
709 4870 1065 4951 diligentiam,
1085 4876 1179 4951 καὶ
1206 4877 1314 4951 τῶν
1344 4875 1475 4929 δέκα
1505 4874 1754 4947 κεράτων
1855 4886 2094 4951 quatuor
2128 4894 2141 4929 :
2171 4890 2226 4951 et
2252 4881 2379 4937 licet
2406 4889 2589 4936 essent
2617 4870 2672 4935 et
2698 4882 3010 4951 illa_deectn
3028 4919 3044 4943 ,
3078 4877 3214 4951 nihil
3249 4870 3429 4931 tamnn

204 4943 283 4993 τοῦ
324 4943 753 5021 θυσιαστηρίου,
806 4943 948 5021 haud
1008 4946 1322 5021 pmnitendo
1373 4955 1522 5021 puto.
1551 4943 1752 5021 conatu
1856 4943 1925 5021 ad
1990 4947 2303 5021 Hippolyti,
2359 4951 2722 5020 explicatione
2789 4947 3057 5014 Danielis,
3138 4948 3429 5002 iutentum.

204 5014 462 5087 emendavi
500 5014 668 5087 atque
696 5017 930 5079 mutavi,
964 5015 1055 5069 τοῦ
1088 5014 1605 5087 τετάρτουίξθηρίου.
1640 5014 1719 5067 lin

578 5014 668 5087 [ue
696 5017 930 5079 mutavi,
964 5015 1055 5069 τοῦ
1088 5014 1605 5087 τετάρτουίξθηρίου.
1640 5014 1755 5067 llu-
1854 5014 2093 5072 Commi.

201 5079 278 5158 jus
301 5084 439 5138 enim
471 5079 607 5141 sunt
637 5086 1064 5158 decemhcornua
1083 5126 1098 5149 ,
1141 5096 1194 5141 et
1225 5079 1292 5158 ἰιι
1327 5079 1752 5153 illi‘s'designata
1931 5088 2047 5158 (61)
2080 5088 2286 5155 Δεῦρο,
2311 5105 2366 5143 κ.
2389 5106 2440 5143 τ.
2460 5088 2514 5158 λ.
2539 5086 2664 5144 Eax
2695 5097 2749 5144 et
2777 5088 3058 5158 sequentia
3091 5088 3434 5158 illustrantur

204 5149 372 5232 decem
411 5171 577 5226 regna
601 5171 727 5232 ,_ac
758 5156 965 5225 reliqua
1002 5171 1032 5210 a
1055 5171 1221 5225 regno
1244 5149 1622 5232 Bomanorntn
1654 5169 1752 5232 seu
1857 5171 1887 5232 a
1917 5149 2116 5232 magno
2139 5149 2424 5232 Bossuetio
2456 5157 2715 5214 Meldensi
2748 5149 3006 5232 episcopo
3039 5160 3092 5214 in
3123 5156 3333 5229 praefat.
3366 5158 3432 5212 ad

204 5219 409 5305 imperio
434 5240 448 5276 :
473 5219 647 5295 quasi
678 5236 828 5305 certe
858 5219 1089 5305 numero
1118 5219 1214 5295 pro
1244 5225 1451 5279 incerto
1484 5241 1497 5276 :
1544 5225 1598 5305 in
1625 5224 1751 5305 qui-
1857 5219 2241 5305 Apoealypsin,
2270 5228 2299 5299 §
2327 5230 2415 5305 55Ῑ

204 5288 308 5371 bus,
354 5288 709 5371 nurn'cornu
761 5296 889 5349 illud
921 5288 1210 5371 novumlet
1246 5309 1474 5371 parvum
1518 5288 1719 5371 origine

1920 5290 2043 5369 (62)
2064 5288 2150 5352 ’Ῠι
2185 5288 2663 5369 πρὸεφήτευσας.
2715 5296 2989 5363 Combel'.,
3021 5298 3057 5352 ἃ
3090 5300 3435 5371 προεφήτευ-

201 5368 333 5435 tanta
352 5363 696 5435 immanitate
718 5373 1054 5435 provectum,
1081 5365 1296 5434 aliaque
1315 5366 1551 5420 evellens
1574 5363 1753 5433 capita
1860 5363 1979 5429 σας.

202 5430 347 5509 inque
380 5433 487 5490 illis
510 5430 1281 5509 succrescens,AMahometes,
1314 5443 1394 5489 tot
1418 5435 1531 5509 j_am
1569 5430 1717 5509 regni

1929 5436 2041 5507 (63)
2081 5435 2583 5509 Κατεστραμμένη
2647 5439 2766 5494 ὑπὸ
2813 5437 3082 5494 πολλῶν.
3152 5437 3429 5502 Combel’.,

202 5502 387 5565 Potitus
414 5508 694 5581 primurn
730 5507 809 5581 in_
839 5505 955 5560 suis
984 5506 1282 5581 “Arabibus
1330 5516 1385 5559 et
1422 5502 1717 5558 Saracenis

1140 5506 1282 5581 libus
1330 5516 1385 5559 et
1422 5502 1750 5565 Saracenis,
1863 5502 2331 5581 μετεστραμμένη
2494 5502 2655 5566 λαῶν.

199 5572 534 5653 postmodum
563 5572 845 5653 inrui-cis
884 5586 936 5630 et
977 5575 1396 5653 ()smanjdarum
1453 5583 1640 5644 gente;
1688 5588 1714 5626 a

1930 5572 2559 5650 (64)’⁹Εὶρ’σικὺηράτφ.
2592 5580 2809 5635 Ebroic.
2845 5593 2973 5649 ms.,
3001 5581 3059 5633 ὲν
3093 5579 3428 5653 σικυηλάτῳ.

201 5655 315 5694 num
342 5658 466 5698 vere
506 5645 913 5712 Antichristus,
957 5647 1071 5714 sive
1115 5645 1262 5699 illius
1286 5660 1520 5714 operans
1551 5652 1753 5713 myste-
1861 5644 1997 5702 ϐου.

203 5714 365 5779 rium,
393 5714 445 5767 in
477 5725 637 5771 certo
669 5732 777 5772 uno
817 5717 996 5788 (haud
1024 5713 1164 5771 forte
1204 5716 1277 5769 ita
1311 5713 1554 5784 remoto)
1603 5728 1754 5769 com-
