3836 6500
395 303 495 358 751

1031 299 1086 355 S.
1129 299 1488 355 HIPPOLYTI
1525 299 1676 356 ΟΡΡ.
1718 297 1898 356 PARS
1937 295 2002 353 11.
2045 330 2112 342 —-
2149 297 2456 354 DOGMAT.
2500 297 2588 353 ET
2627 297 2968 354 HISTORIC.

3558 301 3655 358 751

395 437 517 494 qua:
569 435 598 476 a
643 431 694 476 te
727 418 871 476 dicta
927 419 1090 474 sunt?
1137 418 1328 476 Nonne
1380 436 1572 477 eorum
1626 431 1766 476 terra
1793 420 1958 476 Judaei

2086 418 2188 472 ὑπὸ
2219 417 2314 472 σοῦ
2348 419 2646 492 είρημένα;
2683 417 2796 472 Οὐκ
2828 419 3120 490 ἠρήμωται
3151 419 3329 472 αὐτῶν
3363 421 3398 491 ή
3439 420 3657 478 Ἰουδαία

395 515 639 572 desolata
688 515 816 570 est?
892 512 1086 570 Nonne
1159 531 1483 573 succensum
1567 513 1978 571 sanctuarium?

393 609 587 665 Nonne
618 625 806 666 eorum
838 611 1013 666 eversi
1053 612 1239 666 muri?
1269 610 1458 666 Nonne
1487 610 1734 665 civitates
1760 609 1977 664 destru-

395 702 532 760 οιιεῖ
563 701 756 758 Nonne
788 703 1065 772 regionem
1104 704 1266 759 alieni
1297 701 1600 757 devorant?
1635 699 1827 756 Nonne
1855 698 1974 769 ejus

395 796 618 852 ditionis
662 794 891 850 Romani
945 793 1273 865 potiuntur?
1328 791 1466 847 Nam
1520 807 1630 862 quo
1664 791 1789 846 odio
1832 791 1888 844 in
1923 798 1976 846 te

393 895 744 955 exarserant,
819 902 969 942 serra
1037 885 1404 953 disciderunt,
1476 899 1540 939 ac
1587 883 1863 940 Christum
1919 883 1973 936 in

393 996 612 1037 crucem
641 987 888 1052 egerunt.
921 976 980 1032 In
1009 977 1215 1034 mundo
1237 985 1489 1032 mortuus
1517 991 1597 1044 es,
1627 976 1720 1032 sed
1746 975 1885 1031 vivis
1919 973 1972 1029 in

393 1072 634 1128 Christo.

467 1163 661 1220 XXXI.
711 1161 882 1230 Quem
929 1171 1170 1218 vestrum
1225 1163 1399 1231 magis
1446 1163 1689 1232 diligam,
1726 1169 1870 1228 tene,
1903 1177 1972 1217 an

389 1255 718 1313 Jeremiam?
765 1253 870 1310 Sed
916 1262 970 1310 et
995 1251 1259 1309 Jeremias
1294 1253 1583 1324 lapidatur.
1641 1253 1812 1324 Magis
1843 1268 1972 1308 vero

389 1349 678 1413 Jeremias,
713 1349 806 1403 sed
833 1356 886 1402 et
913 1346 1099 1401 Daniel
1128 1353 1379 1401 testatur.
1413 1344 1621 1402 Daniel.
1650 1360 1762 1415 pra:
1793 1343 1972 1399 omni-

390 1441 496 1495 bus
535 1440 589 1494 in
622 1449 745 1494 tuas
785 1438 974 1494 laudes
1010 1437 1279 1494 cll‘undor.
1315 1436 1456 1504 Quin
1489 1435 1728 1492 Joannes
1755 1452 1973 1508 quoque

387 1534 530 1589 nihil
577 1531 700 1587 falsi
747 1531 1010 1602 loquitur.
1059 1531 1292 1597 Quantis
1320 1545 1416 1586 vos
1447 1530 1608 1586 labiis
1663 1531 1972 1602 linguisque

393 1627 732 1698 glorilicabo,
773 1625 1019 1695 quiuimo
1051 1624 1198 1693 quod
1237 1624 1290 1677 in
1326 1623 1482 1678 vobis
1512 1621 1751 1678 Verbum
1794 1623 1972 1693 loqui-

388 1718 518 1772 tur?
570 1715 773 1770 Mor-tui
819 1714 952 1769 estis
996 1728 1123 1768 cum
1169 1711 1412 1779 Christo,
1465 1713 1559 1768 sed
1604 1712 1796 1768 vivetis
1846 1728 1968 1767 cum

2081 512 2182 582 γῆ;
2233 511 2348 563 Οὐκ
2391 509 2777 581 ἐμπέπρησται
2822 511 2883 562 τὸ
2921 511 3200 581 άγίασμα;
3247 511 3320 564 Οὐ
3363 510 3657 581 κατέστρα-

2080 619 2211 655 πται
2259 601 2439 654 αὐτῶν
2469 601 2540 655 τά
2573 602 2763 673 τείχη;
2811 603 2925 655 Οὐκ
2970 602 3313 675 ἀνῃρέθησαν
3343 605 3400 656 αἱ
3444 605 3655 670 πόλειςς

2078 694 2152 746 Οὐ
2181 694 2278 766 τὴν
2307 692 2492 765 χώραν
2537 693 2809 766 ἀλλότριοι
2855 696 3268 759 κατεσθίουσιν;
3312 697 3387 748 Οὐ
3427 695 3529 767 τὴν
3561 697 3655 767 γῆν

2090 784 2352 854 Ῥωμαῖοι
2403 783 2703 854 rapat-05m;
2766 785 2877 837 Kal.
2931 783 3038 857 γάρ
3104 785 3438 856 μισήσαντες
3500 803 3560 837 σε
3614 787 3658 838 οἱ

2077 873 2268 946 ἄνομοι
2325 875 2558 946 ἕπρισαν
2625 875 2765 948 (65),
2832 876 2927 929 καὶ
2986 876 3220 948 Χριστὸν
3282 873 3653 946 ἐσταύρωσαν.

2089 962 2385 1028 Ἀπέθανες
2419 966 2477 1019 ἐν
2506 964 2715 1036 κόσμῳ,
2749 965 2864 1019 ἀλλ’
2905 962 3000 1020 οὖν
3042 967 3100 1019 ἐν
3128 966 3351 1039 Χριστῷ
3389 967 3490 1037 ζῇς
3527 964 3651 1037 (66).

2149 1161 2282 1215 Τίνα
2325 1157 2417 1215 οὖν
2462 1161 2616 1233 ὑμῶν
2668 1163 2849 1216 πλεῖον
2880 1165 3150 1236 ἀγαπήσω
3193 1163 3226 1236 ἦ
3265 1165 3322 1218 σέ
3347 1164 3461 1236 (67)
3484 1181 3499 1230 ;
3526 1162 3654 1219 ἀλλὰ

2074 1251 2168 1304 καὶ
2205 1252 2475 1324 Ἱερεμίας
2520 1251 2818 1316 λιθάζεται.
2861 1255 2925 1307 Εἰ
2963 1255 3230 1327 Ἱερεμίας
3265 1255 3376 1325 (68)
3428 1256 3485 1309 δέ
3527 1256 3654 1327 μᾶλ-

2073 1343 2184 1410 λον,
2241 1343 2377 1399 ἀλλὰ
2444 1346 2540 1399 καὶ
2592 1347 2791 1419 Δανιὴλ
2849 1353 3136 1421 μαρτυρεῖ.
3215 1351 3453 1423 Δανιὴλ,
3520 1354 3652 1426 ὑπὲρ

2073 1431 2302 1512 πάντας
2330 1435 2536 1489 ἐπαινῶ
2567 1453 2656 1500 σε,
2692 1437 2828 1491 ἀλλὰ
2867 1440 2960 1492 καὶ
3005 1438 3258 1511 Ἰωάννης
3291 1441 3350 1493 οὐ
3377 1441 3648 1511 ψεύδεται.

2071 1527 2265 1590 Πόσοις
2299 1527 2444 1597 ὑμᾶς
2489 1527 2724 1598 στόμασι
2753 1529 2846 1580 καὶ
2875 1529 3150 1598 γλώσσαις
3189 1530 3418 1595 δοξάσω,
3456 1532 3650 1602 μᾶλλον

2070 1619 2128 1672 δὲ
2167 1619 2258 1673 τὸν
2299 1620 2356 1672 ἐν
2399 1619 2530 1689 ὑμῖν
2578 1619 2886 1692 λαλήσαντα
2927 1621 3137 1691 Λόγον;
3187 1621 3515 1676 Ἀπεθάνετε
3560 1625 3648 1676 σὺν

2074 1706 2325 1778 Χριστῷ·
2380 1705 2611 1777 ζήσεσθε
2661 1708 2717 1761 δὲ
2767 1708 2864 1764 σὺν
2916 1711 3167 1782 Χριστῷ·
3225 1711 3500 1764 ἀκούσατε
3562 1715 3647 1766 καὶ

386 1814 628 1870 Christo.
687 1810 888 1866 Audite
927 1818 982 1865 et
1026 1808 1309 1864 laetemini.
1365 1809 1504 1865 Ecce
1539 1809 1684 1864 enim
1717 1823 1838 1878 quae
1882 1807 1958 1862 lo-

2071 1798 2289 1870 χαίρετε
2315 1797 2459 1870 (69)·
2501 1800 2610 1854 ἰδοὺ
2654 1801 2724 1855 τὰ
2767 1802 2859 1871 ἀφ’
2892 1802 3045 1873 ὑμῶν
3088 1803 3466 1875 λελαλημένα,
3515 1805 3646 1859 κατὰ

386 1906 497 1962 cuti
525 1906 679 1973 estis,
729 1918 825 1975 per
866 1911 1082 1974 tempus
1129 1903 1348 1973 impleta
1387 1911 1533 1956 sunt.
1567 1899 1796 1955 Vidistis
1819 1900 1966 1955 enim

385 2015 447 2054 ea
492 1999 769 2072 primum,
815 1997 1006 2067 sicque
1043 1994 1238 2050 deinde
1285 1994 1498 2049 cunctis
1549 1993 1802 2048 zelatibus
1831 2007 1968 2062 prae-

385 2092 630 2148 dicastis.
671 2089 898 2145 Cunctis
938 2086 1192 2142 :ctatibus
1217 2085 1570 2140 ministrastis
1599 2084 1688 2138 Dei
1720 2083 1964 2138 oracula.

391 2185 577 2240 Vocati
603 2183 735 2239 estis
768 2180 1065 2252 prophetze,
1096 2189 1155 2234 ut
1183 2180 1410 2234 salutem
1447 2177 1705 2233 omnibus
1733 2175 1968 2246 possetis

383 2288 667 2348 praestare.
730 2274 886 2330 Tunc
959 2273 1106 2330 enim
1157 2287 1285 2327 vere
1342 2270 1604 2340 pr0pheta
1660 2276 1778 2334 est,
1821 2281 1964 2330 cum,

382 2367 764 2440 pramuntiatis
807 2381 930 2436 quae
975 2364 1156 2420 futura
1200 2371 1347 2430 sunt,
1387 2376 1451 2416 ea
1496 2371 1684 2432 postea
1721 2359 1967 2414 evenisse

381 2462 700 2519 ostenderit.
771 2459 910 2514 Boni
963 2457 1211 2528 magistri
1262 2454 1520 2526 discipuli
1581 2453 1783 2508 fuistis.
1839 2451 1965 2508 Haec

381 2555 791 2611 vobismerito
838 2552 997 2623 quasi
1043 2550 1355 2605 viventibus
1412 2547 1676 2602 acclamo.
1745 2545 1964 2600 Habetis

343 2704 347 2709 ,
380 2648 527 2702 enim
557 2645 713 2701 vobis
751 2644 861 2714 jam
911 2643 966 2697 in
999 2641 1153 2696 curiis
1195 2638 1490 2710 repositam
1521 2639 1645 2692 vita:
1674 2653 1738 2692 ac
1780 2637 1962 2692 incor-

380 2738 652 2808 ruptionis
689 2750 950 2790 coronam
976 2733 1043 2787 ⁸ο.

450 2831 668 2886 XXXII.
715 2830 830 2894 Dic,
863 2844 1072 2898 quaeso,
1119 2827 1275 2881 beate
1307 2824 1513 2880 Daniel.
1562 2824 1778 2879 Certam
1827 2823 1960 2877 mihi

377 2925 544 2981 facito
591 2924 772 2987 ﬁdem,
826 2923 1074 2978 obsecro.
1114 2917 1446 2974 Vaticinaris
1476 2917 1542 2972 de
1589 2918 1755 2972 learna
1787 2915 1964 2988 Bahy-

379 3019 506 3075 lone
526 3019 603 3072 ³⁵2
629 3018 703 3073 ibi
734 3017 881 3073 enim
921 3015 1168 3084 captivus
1198 3012 1531 3068 versabaris.
1566 3009 1811 3065 Narrasti
1839 3025 1962 3080 quae

375 3121 534 3168 erant
579 3110 762 3165 futura
811 3109 879 3164 de
902 3123 1032 3162 urso
1062 3125 1076 3162 :
1122 3106 1302 3160 adhuc
1333 3105 1476 3160 enim
1511 3105 1636 3159 vita:
1679 3111 1959 3173 superstes
1985 3141 2028 3198 Ο

374 3220 518 3270 eras,
553 3218 725 3274 eaque
753 3201 898 3256 facta
931 3199 1135 3254 vidisti.
1178 3197 1380 3254 Deinde
1424 3197 1654 3268 pardum
1693 3195 1828 3250 mihi
1874 3195 1956 3250 Io-

373 3296 592 3368 queris;
646 3295 920 3349 undenam
950 3307 1081 3346 vero
1123 3298 1183 3344 ut
1225 3291 1339 3345 haec
1375 3289 1638 3344 sciveris?
1666 3287 1777 3359 jam
1807 3287 1955 3343 enim

376 3389 669 3445 defunctus
700 3402 844 3441 eras.
879 3383 1014 3451 Quis
1047 3384 1160 3439 haec
1193 3382 1340 3453 loqui
1376 3382 1582 3448 docuit,
1619 3380 1725 3436 nisi
1759 3381 1852 3452 qui
1886 3397 1955 3436 ex

372 3490 533 3536 utero
590 3478 783 3534 matris
830 3485 881 3532 te
927 3475 1182 3529 formavit
1203 3476 1293 3528 "‘3
1362 3473 1539 3540 Deus,
1593 3474 1697 3529 ais.
1755 3473 1952 3528 Dixisti

372 3571 519 3627 enim
543 3571 612 3637 ⁸³,
657 3584 758 3624 nec
793 3567 990 3623 falsum
1035 3567 1254 3622 locutus
1285 3582 1345 3622 es
1377 3583 1389 3618 :
1431 3565 1672 3621 surrexit
1716 3565 1950 3635 pardus:

372 3662 524 3719 venit
555 3661 753 3716 haedus
785 3675 1106 3730 caprarum;
1143 3658 1413 3730 percussit
1444 3657 1706 3725 arietem;
1745 3655 1952 3712 contri-

373 3755 454 3810 vit
496 3768 703 3810 cornua
742 3753 891 3824 ejus;
935 3751 1278 3808 conculcavit
1328 3764 1454 3805 eum
1505 3747 1764 3819 pedibus;
1809 3747 1954 3803 illius

373 3845 582 3916 potitus
625 3851 730 3900 est.
768 3843 1051 3898 Exaltatus
1093 3851 1178 3897 est
1222 3842 1275 3895 in
1310 3841 1466 3895 ruina
1501 3839 1652 3909 ejus;
1695 3853 1952 3892 surrexe-

374 3947 503 3994 runt
530 3937 634 3992 sub
662 3937 756 3992 illo
785 3945 1020 4007 quatuor
1051 3949 1276 3990 cornua.
1296 3933 1524 3996 Laetare,
1558 3932 1714 3986 beate
1740 3929 1950 3998 Daniel;

375 4045 490 4086 non
519 4045 580 4086 es
602 4029 895 4099 deceptus;
931 4037 1127 4084 cuncta
1162 4027 1276 4082 hate
1303 4039 1553 4082 evenere.

440 4203 684 4259 XXXIII.
723 4202 852 4259 Post
878 4203 994 4258 haec
1017 4201 1150 4256 mihi
1175 4215 1367 4256 rursus
1399 4200 1670 4255 enarrasti
1697 4208 1948 4272 quartam

371 4297 623 4360 bestiam,
659 4296 994 4350 tremendam
1022 4293 1165 4347 illam
1189 4302 1350 4362 atque
1379 4290 1737 4360 stupendum:
1767 4310 1785 4344 ι
1809 4291 1950 4347 Den-

370 4399 454 4444 tes
494 4387 615 4458 ejus
668 4387 849 4454 ferrei,
881 4395 934 4440 et
966 4400 1176 4456 ungues
1223 4385 1344 4453 ejus
1382 4383 1540 4449 aznei,
1572 4384 1863 4440 comedens
1895 4391 1950 4440 et
1981 4423 2024 4478 Β

368 4477 773 4544 comminuens,
819 4492 884 4532 ac
941 4475 1158 4531 residua
1207 4475 1434 4545 pedibus
1487 4473 1604 4530 suis
1656 4476 1947 4531 conculca-

367 4571 483 4628 bat.
517 4589 538 4623 ι
595 4569 714 4624 Jam
762 4584 908 4625 nunc
949 4569 1152 4623 ferrum
1193 4568 1543 4633 dominatur;
1586 4567 1696 4638 jam
1729 4568 1950 4622 edomat

2071 1891 2264 1964 καιρὸν
2307 1892 2686 1965 πεπλήρωται.
2731 1895 2915 1948 Εἵδετε
2958 1895 3067 1968 γὰρ
3099 1896 3238 1950 αὐτὰ
3281 1898 3525 1969 πρῶτον,
3556 1895 3645 1952 εἷθ’

2069 1979 2240 2045 οὕτως
2271 1981 2576 2054 ἐκηρύξατε
2601 1983 2806 2048 πάσαις
2833 1987 3068 2050 γενεαῖς.
3099 1986 3180 2040 Τὰ
3207 1986 3297 2041 τοῦ
3326 1988 3465 2042 Θεοῦ
3500 1988 3646 2058 λόγια

2068 2071 2424 2145 διηκονήσατε
2472 2075 2676 2140 πάσαις
2732 2079 2966 2144 γενεαῖς.
3023 2079 3306 2150 Προφῆται
3353 2080 3643 2152 ἐκλήθητε,

2069 2164 2155 2218 ἵνα
2195 2165 2404 2230 πάντας
2435 2165 2606 2222 σῷσαι
2647 2167 2928 2241 δυνηθῆτε.
2962 2169 3094 2223 Τότε
3120 2170 3230 2242 γάρ
3254 2172 3427 2235 ὄντως
3461 2174 3492 2226 ὁ
3522 2190 3647 2245 προ-

2069 2259 2280 2331 φήτης,
2333 2259 2461 2313 ὅταν
2511 2260 2579 2314 τά
2635 2261 2897 2331 μέλλοντα
2954 2261 3200 2330 γενέσθαι
3264 2264 3642 2335 προκηρύξαςι

2068 2348 2293 2422 ὕστερον
2323 2352 2608 2423 συμϐάντα
2633 2353 2771 2406 αὐτὰ
2798 2353 3078 2427 ἀποδείξῃ.
3106 2355 3290 2410 Καλοῦ
3325 2356 3644 2410 διδασκάλου

2068 2444 2320 2513 ἐγένεσθε
2359 2444 2614 2517 μαθηταί.
2650 2445 2836 2501 Ταῦτα
2875 2448 3002 2518 ὑμῖν
3033 2447 3198 2512 ἀξίως
3228 2448 3304 2513 ὼς
3337 2449 3508 2514 ζῶσιν
3535 2451 3644 2503 ἐπι-

2067 2537 2248 2604 φωνῶ.
2282 2539 2474 2608 Ἔχετε
2507 2538 2614 2611 γὰρ
2645 2539 2744 2610 ἤδη
2774 2538 2864 2591 τὸν
2893 2540 2992 2610 τῆς
3033 2538 3180 2608 ζωῆς
3217 2542 3311 2594 καὶ
3340 2540 3639 2613 ἀφθαρσίας

2065 2629 2427 2702 ἀποκείμενον
2457 2631 2583 2702 ὑμῖν
2611 2633 2668 2685 ἐν
2695 2633 2807 2695 τοῖς
2836 2631 3089 2702 οὐρανοῖς
3117 2631 3401 2701 στέφανον.

2135 2828 2275 2896 Λέγε
2307 2847 2395 2900 μοι
2460 2823 2504 2882 ὦ
2535 2829 2770 2902 μακάριε
2805 2831 3020 2902 Δανιήλ.
3057 2831 3485 2906 Πληροςςόρησόν
3522 2853 3634 2906 μοι,

2063 2920 2385 2992 παρακαλῶ.
2418 2920 2785 2992 Προφήτεύεις
2830 2923 2958 2995 περὶ
3000 2925 3096 2995 τῆς
3134 2924 3351 2996 λεαίνης
3380 2929 3439 2980 ἐν
3469 2928 3634 2981 Βαὸνο

2062 3012 2225 3067 λῶνι·
2267 3015 2611 3085 αἰχμάλωτος
2654 3015 2762 3088 γὰρ
2798 3012 2867 3087 ἧς
2914 3019 3048 3071 ἐκεῖ.
3093 3019 3366 3089 Διήγησαι
3415 3021 3485 3074 τὰ
3519 3022 3632 3092 μέλ-

2061 3105 2220 3158 λοντα
2257 3107 2386 3176 περὶ
2421 3107 2520 3177 τῆς
2563 3107 2799 3180 ἄρκτου·
2860 3107 2939 3161 ἔτι
2977 3109 3085 3180 γὰρ
3123 3110 3182 3162 ἐν
3215 3111 3406 3182 κόσμῳ
3449 3108 3515 3184 ἦς
3547 3116 3632 3166 καὶ

2059 3191 2200 3259 εἶδες
2234 3195 2371 3250 αὐτὰ
2405 3197 2766 3269 γεγενημένα.
2818 3199 3048 3251 Ἔπειτα
3080 3197 3258 3267 λέγεις
3299 3218 3389 3270 μοι
3436 3202 3632 3272 πάρδα-

2060 3285 2175 3339 λιν·
2233 3287 2327 3339 καὶ
2376 3287 2538 3340 πόθεν
2581 3305 2662 3340 σοι
2692 3287 2860 3341 ταῦτα
2905 3288 3138 3352 είδέναι;
3179 3289 3278 3360 ήδη
3316 3291 3427 3362 γάρ
3464 3290 3633 3344 κεκοί-

2063 3394 2254 3448 μησαι.
2293 3377 2387 3441 Τίς
2428 3395 2487 3430 σε
2531 3378 2705 3434 ταῦτα
2750 3379 2956 3444 ἐδίδαξε
2991 3379 3192 3446 λαλεῖν,
3221 3379 3337 3434 ἀλλ’
3369 3380 3402 3454 ἢ
3445 3383 3473 3434 ὁ
3501 3382 3630 3435 πλά-

2063 3489 2161 3535 σας
2191 3471 2303 3543 (70)
2345 3489 2404 3525 σε
2448 3475 2511 3525 ἐκ
2555 3471 2760 3536 κοιλίας
2801 3472 2910 3543 (71)
2963 3471 3204 3543 μητρός;
3239 3472 3394 3536 θεὸς,
3438 3472 3627 3541 λὲγεις.

2059 3557 2234 3627 Εἷπας
2272 3562 2380 3635 γὰρ
2422 3564 2515 3617 καὶ
2561 3564 2660 3618 οὐκ
2705 3563 2949 3633 ἐψεύσω·
3001 3563 3202 3636 ἀνέστη
3256 3565 3288 3634 ἡ
3336 3565 3626 3636 πάρδαλις·

2055 3651 2217 3729 ἦλθεν
2253 3658 2281 3710 ὁ
2315 3657 2515 3728 τράγος
2544 3657 2652 3711 τῶν
2685 3657 2858 3726 αἰγῶν
2879 3674 2892 3688 ·
2934 3655 3096 3725 ἔτυψε
3129 3657 3221 3710 τὸν
3255 3658 3411 3727 κριόν
3431 3674 3444 3688 ·
3479 3657 3626 3711 συνέ-

2054 3749 2244 3821 τριψεν
2287 3749 2452 3802 αὑτοῦ
2493 3749 2560 3802 τὰ
2602 3749 2843 3820 κέρατα·
2896 3750 3273 3820 κατεπάτησεν
3317 3750 3480 3804 αὐτὸν
3521 3753 3626 3813 τοῖς

2055 3841 2232 3895 ποσίν.
2278 3841 2495 3913 Ὑψὼθη
2527 3845 2583 3895 ἐν
2615 3841 2693 3913 τῷ
2725 3845 2910 3896 πεσεῖν
2942 3843 3105 3898 αὐτόν
3125 3859 3139 3873 ·
3176 3843 3479 3914 ἀνέστησαν
3509 3843 3627 3896 τέσ-

2058 3950 2202 4006 σαρα
2246 3934 2454 4006 κέρατα
2513 3934 2866 3989 ὑποκάτωθεν
2913 3934 3100 3992 αὑτοῦ.
3149 3935 3478 4006 Εὐφραίνου,
3527 3953 3625 4005 μα-

2055 4025 2212 4095 κάριε
2272 4025 2501 4096 Δανιήλ·
2563 4027 2662 4079 οὐκ
2722 4025 3058 4098 ἐπλανήθης·
3109 4027 3405 4098 γεγένηται
3461 4025 3623 4080 ταῦτα

2059 4117 2256 4170 πάντα.

2128 4206 2284 4259 Μετὰ
2324 4205 2480 4259 τοῦτο
2522 4206 2682 4261 πάλιν
2725 4224 2814 4278 μοι
2853 4208 3108 4280 διήγησαι
3149 4208 3622 4284 θηρίοντέταρτον

2058 4295 2286 4368 φοϐερὸν
2325 4299 2418 4351 καὶ
2455 4297 2762 4370 ἕκθαμϐον·
2805 4319 2821 4350 ι
2849 4297 2913 4353 Oi
2951 4299 3161 4364 ὀδόντες
3201 4301 3370 4356 αὐτοῦ
3404 4305 3617 4373 σιδηροῖ.

2054 4390 2151 4442 καὶ
2195 4390 2244 4442 οἱ
2296 4391 2485 4460 ὄνυχες
2533 4391 2697 4444 αὐτοῦ
2741 4392 2960 4462 χαλκοῖ,
3005 4391 3181 4446 ἐσθίον
3215 4395 3308 4448 καὶ
3349 4395 3616 4456 λεπτύνον,

2053 4480 2146 4534 καὶ
2178 4479 2246 4534 τὰ
2276 4482 2530 4536 ἐπίλοιπα
2559 4485 2668 4546 τοῖς
2698 4484 2860 4538 ποσὶν
2898 4485 3058 4538 εὺτοῦ
3092 4487 3407 4540 συνεπάτει.
3440 4508 3458 4536 ι
3492 4486 3617 4556 Ἤδη

2054 4574 2247 4643 κρατεῖ
2288 4573 2384 4627 νῦν
2428 4577 2456 4626 ὁ
2496 4574 2740 4648 σίδηρος·
2790 4575 2891 4647 ἤδη
2940 4575 3171 4648 δαμάζει
3230 4581 3327 4632 καὶ
3379 4579 3616 4632 λεπτύνει

439 4708 483 4741 ⁵⁸
507 4707 551 4762 Il
575 4707 720 4764 Tim.
747 4724 822 4774 iv,
849 4708 902 4764 8.
981 4711 1023 4740 “
1051 4707 1187 4763 Dan.
1216 4724 1312 4772 vn,
1339 4708 1393 4762 4.
1472 4704 1516 4739 ⁸³
1537 4706 1741 4764 Jerem.
1772 4723 1813 4774 ι,
1836 4709 1890 4762 5.

2067 4712 2172 4765 Ian.
2199 4729 2295 4774 vn,
2327 4712 2396 4775 6;
2442 4729 2561 4777 vni,
2605 4714 2723 4768 2-8.

438 4823 550 4896 (65)
612 4827 677 4879 Οἱ
727 4825 938 4896 ἄνομοι
990 4827 1270 4894 ἕπρισαν.
1333 4824 1527 4880 Isaiam
1576 4841 1726 4881 serra
1767 4825 1946 4896 lignea

363 4895 662 4952 dis’seCtum
687 4897 844 4966 jussu
877 4895 1150 4951 Manassis
1171 4896 1349 4967 regis,
1381 4897 1772 4966 quamplurimi
1805 4895 1946 4951 vete-

365 4983 487 5036 rnm
541 4967 792 5033 tradunt,
841 4974 901 5020 ut
949 4979 1128 5036 notavi
1162 4966 1220 5036 in
1259 4966 1455 5020 Codice
1498 4967 1945 5036 pseudepigrgplio

377 5035 490 5090 Yet.
517 5036 680 5100 Tesl.,
705 5053 827 5107 pag.
851 5036 1008 5090 1088.
1053 5035 1128 5090 De
1155 5035 1390 5091 Jeremia
1419 5038 1658 5106 lapidato
1688 5035 1944 5107 πυῶδε-

385 5109 516 5178 ιιὶἱε,
561 5108 721 5178 cujus
776 5108 980 5160 mentio
1031 5107 1194 5176 paulo
1248 5116 1392 5177 post,
1440 5107 1573 5161 ibid.
1630 5107 1938 5177 panglt.

411 5193 587 5233 ARRIO.

437 5247 551 5316 (66)
595 5247 748 5302 Ἀλλ’
784 5242 900 5302 οὖν
935 5246 1006 5300 ἐν
1026 5245 1258 5313 Χριστῷ
1307 5245 1428 5315 ζῇς.
1479 5245 1632 5316 Leg.,
1677 5245 1811 5300 ἀλλὰ
1844 5245 1940 5301 νῦν

365 5315 463 5400 95m
488 5317 712 5400 Χριστῷ
738 5319 870 5400 ζῇςλ,
919 5325 980 5400 ιιι
1014 5316 1341 5400 iul‘ra'cap.-
1356 5334 1471 5400 seq.
1507 5315 1805 5400 ἀπεθάνετε
1841 5322 1939 5400 σὺν

361 5387 616 5460 δριστῷ·
651 5387 884 5460 ζήσεσθε
917 5387 980 5441 δὲ.
1008 5387 1103 5440 σὺν
1131 5387 1371 5460 Χριστῷ.
1409 5388 1567 5454 Quod
1604 5389 1762 5444 toties
1793 5387 1938 5458 apud

360 5456 613 5513 Paulum.
650 5456 783 5511 Tn.
823 5457 951 5512 Fas.
1188 5456 1198 5458 ’
1324 5456 1334 5460 ⁷
1721 5483 1734 5490 .-

435 5527 905 5616 ςεδῖιᾉταέτιθςνωί
936 5528 974 5597 ἢ
1008 5525 1453 5616 ίῖέὶ..99¹¹ῐί)θ.Ξ·ι
1477 5527 1747 5616 ᾁγαπήσω
1785 5527 1820 5598 ἢ

458 5598 742 5667 Ιερεμίαν;
779 5610 832 5652 ct
863 5615 988 5652 mox
1022 5598 1225 5652 omittit
1255 5599 1322 5651 εί.
1358 5597 1578 5654 FABRIC.

429 5668 544 5806 (68)
594 5668 891 5736 Ἱερεμίας.
928 5669 1055 5738 Leg.
1102 5669 1390 5739 Ἱερεμίαν.
1427 5669 1562 5723 GUD.

432 5738 521 5806 (69
601 5739 860 5805 Χαίρετε.
928 5741 1005 5792 lta
1052 5737 1437 5794 Comhelisius.
1496 5739 1562 5794 Gt

432 5736 544 5807 (69)
601 5739 860 5805 Χαίρετε.
928 5736 1437 5794 ιιιιϐοιιίιιὲιίεἰιιε.
1496 5739 1706 5795 Gudius
1766 5736 1937 5794 edidit

359 5807 585 5879 χάρητε,
620 5808 841 5880 legerim
876 5812 1110 5881 χαρεῖτε.
1141 5807 1358 5864 Ἐλβιιιε.

2118 4828 2229 4900 (70)
2259 4828 2528 4894 Πλάσας.
2561 4828 2688 4900 Leg.
2715 4830 2945 4898 ἁγιάσας
2964 4870 2979 4890 .
3015 4831 3097 4886 vel
3129 4831 3390 4897 καλέσας.
3419 4833 3549 4889 Geo.

2116 4899 2231 4968 (71)
2275 4901 2328 4952 '0
2358 4901 2603 4965 πλάσας
2635 4899 2707 4954 ονε
2737 4902 2806 4954 ἐκ
2837 4901 3091 4966 κοιλίας.
3123 4900 3279 4957 Dicta
3312 4906 3430 4959 haec
3461 4906 3512 4958 in
3541 4901 3616 4956 Je-

2043 4969 2306 5037 remiam,
2354 4971 2498 5024 unde
2535 4971 2811 5025 nonnullis
2845 4973 3018 5025 visum
3043 5013 3057 5036 ,
3089 4987 3153 5025 ex
3193 4982 3351 5027 utero
3388 4975 3615 5029 sanctili-

2043 5051 2226 5114 catum
2258 5050 2480 5114 esse,-_et
2512 5041 2829 5114 mundatnm
2860 5057 2890 5094 a
2925 5052 3144 5114 peccato
3161 5043 3410 5114 originis
3439 5060 3453 5096 :
3479 5042 3609 5114 quod

2046 5110 2193 5164 illius
2243 5111 2516 5182 singulare
2541 5110 3089 5182 privilegiumforct.
3141 5110 3298 5177 Quod
3334 5130 3464 5170 vero
3496 5110 3614 5182 Hip-

2045 5182 2260 5252 polytus
2275 5180 2348 5234 ad
2365 5180 2653 5252 Dauielem
2673 5181 2857 5252 trahit,
2880 5181 3063 5248 illique
3096 5186 3498 5249 accommodat,
3514 5180 3609 5238 non

2051 5249 2159 5305 tam
2220 5249 2554 5330 μνημονικὸν
2608 5251 2813 5320 aliquid
2876 5267 3130 5330 peccasse
3185 5256 3464 5330 putandus
3517 5260 3610 5310 est.

2047 5337 2210 5390 quam
2244 5338 2426 5375 veram
2467 5329 2521 5374 et
2557 5336 2898 5375 communem
2929 5323 3239 5390 opinionem
3277 5327 3609 5378 insinuasse:

2048 5406 2339 5446 commune
2388 5391 2595 5445 scilicet
2639 5407 2762 5446 esse
2807 5392 3108 5460 prophetis,
3157 5402 3216 5446 ut
3261 5403 3316 5447 et
3357 5392 3613 5448 ministris

2046 5461 2392 5531 evangelieis,
2435 5462 2514 5515 sic
2545 5477 2611 5514 ex
2639 5472 2791 5517 utero
2825 5478 2854 5515 a
2884 5461 2992 5516 Deo
3035 5460 3261 5516 formari
3295 5473 3347 5518 et
3384 5464 3612 5519 sanctili-

2046 5532 2181 5605 cari,
2231 5547 2326 5585 seu
2376 5532 2650 5605 segregari
2691 5533 2744 5585 in
2782 5532 3168 5605 ministerium,
3211 5543 3273 5587 ut
3299 5533 3501 5589 Paulus
3543 5534 3616 5585 lo-

2045 5603 2252 5674 quitur,
2281 5616 2395 5674 per
2433 5603 2620 5670 gratiae
2658 5603 3134 5674 prmparationem.
3171 5619 3413 5674 nonper
3448 5605 3606 5673 ipsam

2044 5671 2164 5739 ejus
2215 5670 2542 5724 inlusionem
2593 5689 2605 5725 :
2655 5670 2708 5725 in
2746 5673 2928 5727 divina
2975 5670 3480 5740 prmdestinat'ione,
3509 5687 3606 5727 non

2045 5741 2160 5810 ipsa
2196 5741 2250 5794 in
2280 5750 2519 5811 tempore
2541 5741 2953 5810 justilicatione.
2985 5741 3216 5801 Counsr.
