3836 6506
227 362 313 416 753
1262 358 1349 414 DE
1384 354 1684 413 CHRISTO
1724 355 1811 410 ET
1847 349 2325 409 ANTlCiliilSTO.

3306 348 3413 404 755

224 482 400 533 πάντα·
442 474 533 547 ἤδη
575 473 869 528 ὑποτάσσει
926 475 1128 539 πάντας
1169 479 1294 541 τοὺς
1343 477 1418 548 μὴ
1452 476 1738 539 θέλοντας·

1853 484 1900 528 et
1930 471 2251 528 comminuit
2272 468 2488 531 omnia;
2517 466 2628 535 jam
2654 464 2856 520 invitos
2877 480 3067 520 omnes
3099 464 3201 520 sub
3220 464 3414 534 jugum

223 571 303 641 ἤδη
339 567 583 638 βλέπομεν
622 567 761 621 αὐτὰ
787 568 975 638 ἡμεῖς·
1011 567 1109 639 ἤδη
1152 567 1443 639 δοξάζομεν
1483 567 1575 621 τὸν
1606 567 1738 620 Θεὸν

221 648 305 714 ὑπὸ
333 658 413 711 σοῦ
441 656 826 727 διδασκόμενοι.

287 749 405 801 Ἀλλ’
461 748 638 819 ἐπειδὴ
670 747 962 819 προῦκειτο
1013 750 1144 820 ἡμῖν
1195 748 1322 819 ’περἱ
1375 747 1473 818 τῆς
1534 746 1739 819 πόρνης

220 844 381 899 εἰπεῖν,
435 839 693 911 πάρελθε,
740 835 785 893 ὦ
837 842 1073 911 μακάριε
1138 840 1353 894 Ἦσαῖα.
1413 839 1641 909 Ἴδωμεν
1688 839 1740 892 τί

218 931 366 999 λέγεις
400 931 517 1001 περὶ
558 930 892 996 Βαϐυλῶνος.
946 952 963 984 ι
1004 932 1319 1003 Κατάϐηθι,
1378 930 1600 984 κάθισον
1648 931 1739 983 ἐπὶ

216 1021 326 1091 γῆς,
356 1021 585 1093 θυγάτηρ
617 1022 884 1092 παρθένος
914 1022 1230 1086 Βαϐυλῶνος
1248 1040 1260 1051 ·
1298 1021 1546 1087 κάθισον,
1570 1021 1738 1089 θυγά-

216 1120 302 1181 τηρ
346 1111 607 1164 Χαλδαίων
635 1128 647 1142 ·
743 1112 925 1165 οὐκέτι
991 1112 1259 1184 προστεθῇ
1331 1130 1413 1167 σοι
1476 1112 1741 1183 κληθῆναι

216 1199 364 1272 ἁπαλὴ
393 1202 479 1255 καὶ
511 1201 770 1275 τρυφερά.
804 1202 950 1256 Λάϐε
989 1203 1206 1273 μύλωνα
1226 1246 1239 1268 ,
1272 1202 1460 1258 ἄλεσον
1489 1202 1738 1272 ἄλευρον,

214 1292 519 1361 ἀποκάλυψαι
558 1291 619 1345 τὸ
656 1292 919 1364 κάλυμμα
967 1311 1084 1357 σου,
1132 1293 1457 1365 ἀναξύρισον
1494 1294 1607 1364 (72)
1643 1293 1741 1356 τὰς

214 1384 399 1448 πολιὰς,
425 1384 755 1454 ἀνακάλυψαι
782 1385 881 1449 τὰς
909 1386 1145 1456 κνήμας,
1176 1384 1392 1455 διάϐηθι
1428 1384 1704 1455 ποταμούς
1723 1402 1737 1416 ο

213 1475 679 1547 ἁνακαλυφθήσεται
720 1479 753 1548 ή
794 1478 1168 1547 αἰσχημοσύνη
1221 1493 1350 1543 σου,
1414 1482 1741 1548 φανήσονται

211 1567 536 1638 οίόνειδισμοί
583 1584 709 1621 σου·
754 1568 814 1622 τὸ
856 1569 1061 1623 δίκαιον
1100 1572 1164 1623 ἐκ
1203 1569 1297 1622 σοῦ
1331 1568 1568 1639 λήψομαι
1607 1569 1739 1642 (75),

211 1661 361 1713 οὐκέτι
395 1661 451 1712 οὐ
496 1660 568 1730 μὴ
609 1660 835 1731 παραδῶ
877 1678 936 1713 σε
977 1660 1301 1732 ἀνθρώποις.
1351 1661 1407 1715 '0
1441 1661 1743 1733 ρυσὰμενός

213 1768 260 1804 σε
285 1750 466 1822 Κύριος
514 1751 776 1819 Σαϐαὼθ,
834 1752 1005 1825 ⁹ίνομα
1062 1752 1208 1823 αὐτῷ
1250 1754 1439 1821 ’Ἀγιος
1503 1752 1737 1824 Ἰσραήλ’

1848 564 2029 618 mittit.
2067 561 2191 616 llaec
2221 576 2319 614 nos
2345 558 2457 629 jam
2484 558 2764 621 videmus;
2795 556 2907 626 jam
2938 572 2971 612 a
2998 564 3048 611 te
3078 558 3221 613 docti
3245 557 3413 613 Deum

1844 658 2231 725 gloriﬁcamus.

1914 749 2155 803 XXXIV.
2216 747 2483 814 Quoniam
2516 761 2647 801 vero
2678 745 3016 816 propositum
3053 746 3208 798 nobis
3242 743 3418 797 fuerat

1848 853 1907 898 ut
1944 844 2011 899 de
2050 845 2338 898 meretrice
2386 841 2756 911 loqueremur,
2802 838 3013 903 adesto,
3056 837 3211 892 beate
3252 836 3413 891 isaia.

1848 934 2143 990 Videamus
2191 935 2320 1005 quid
2369 934 2520 989 dicas
2568 933 2635 988 de
2682 931 2976 1003 Babylone.
3045 947 3064 981 ι
3118 928 3413 994 Descende,

1848 1028 1974 1083 sede
2024 1028 2076 1081 in
2128 1035 2304 1090 terra,
2356 1024 2461 1079 ﬁlia
2511 1024 2663 1094 virgo
2705 1021 3032 1093 Babylonis;
3094 1020 3254 1082 sedc,
3306 1020 3415 1075 ﬁlia

1846 1119 2263 1183 Chaldmorum;
2310 1133 2419 1170 non
2458 1116 2692 1186 amplius
2735 1114 3021 1184 adjicietur
3066 1111 3162 1166 tibi
3218 1120 3277 1164 ut
3320 1125 3418 1164 vo-

1847 1209 1991 1264 ceris
2030 1208 2207 1263 mollis
2243 1216 2298 1261 et
2336 1208 2586 1262 delicata.
2629 1205 2780 1260 Tolle
2820 1206 3021 1260 molam
3065 1221 3078 1258 :
3114 1203 3256 1257 mole
3286 1201 3417 1255 fari-

1847 1316 1995 1367 nam,
2039 1301 2215 1354 revela
2256 1300 2651 1369 operimentum
2704 1306 2881 1362 tuum,
2918 1298 3046 1351 rade
3082 1311 3272 1358 canos,
3305 1295 3418 1349 dis-

1848 1392 2067 1460 cooperi
2114 1392 2296 1451 tibias,
2341 1391 2509 1446 transi
2556 1390 2815 1457 ﬁumina;
2874 1389 3203 1445 revelabitur
3240 1388 3417 1455 turpi-

1847 1484 1982 1537 tudo
2020 1490 2145 1549 tua;
2181 1482 2516 1552 apparebunt
2551 1482 2841 1553 opprobria
2888 1490 3019 1548 tua;
3057 1480 3317 1535 ultionem
3349 1494 3417 1533 ex

1848 1584 1901 1629 te
1926 1590 2173 1640 sumam;
2211 1590 2552 1644 nequaquam
2589 1574 2729 1628 ultra
2761 1582 2812 1629 te
2840 1574 3150 1628 hominibus
3184 1572 3415 1626 tradam.

1849 1665 1954 1733 Qui
1984 1667 2128 1721 eruit
2168 1676 2220 1721 te
2246 1665 2507 1721 Dominus
2540 1666 2811 1732 Sabaoth,
2846 1680 3045 1720 nomen
3094 1666 3143 1719 ei
3184 1663 3419 1718 Sanctus

1848 1756 2033 1811 Israel.
2092 1756 2229 1811 Sede
2278 1767 2637 1828 compuncta;
2702 1756 2985 1828 ingredere
3040 1756 3095 1809 in
3138 1756 3415 1819 tenebras,

213 1841 399 1896 κάθισον
454 1843 929 1916 κατανενυγμένη,
1002 1844 1213 1898 εἴσελθε
1281 1847 1361 1908 είς
1416 1844 1476 1899 τὺ
1531 1844 1742 1910 σκότος,

1853 1847 1957 1903 ﬁlia
1987 1847 2404 1915 Chaldaeorum;
2440 1864 2783 1919 nequaquam
2821 1849 2963 1903 ultra
2993 1847 3274 1903 vocaberis
3305 1846 3418 1901 for-

210 1934 421 2007 θνγάτηρ
466 1935 769 2003 Χαλδαίων,
825 1935 1007 1990 οὐκέτι
1060 1938 1122 1990 οὐ
1177 1936 1252 2008 μὴ
1295 1936 1546 2009 κληθήσῃ
1592 1936 1743 2005 ἰσχὺς

212 2028 468 2097 βασιλείας.

269 2138 285 2171 t
313 2118 661 2192 Παρωξύνθην
694 2122 787 2175 ἐπὶ
816 2121 907 2175 τὸν
936 2121 1063 2175 λαόν
1092 2139 1195 2193 μου
1215 2139 1228 2153 ·
1268 2122 1465 2193 ἐμίανα
1502 2123 1613 2195 (74)
1646 2124 1745 2196 τὴν

207 2211 532 2283 κληρονομίαν
580 2230 703 2284 μου.
762 2212 905 2283 Ἐγὼ
953 2213 1128 2267 ἔδωκα
1170 2216 1249 2278 είς
1289 2216 1390 2285 τὴν
1433 2216 1589 2287 χεῖρά
1624 2234 1741 2269 σου·

206 2303 260 2356 σὺ
298 2304 347 2356 δὲ
387 2307 481 2358 οὑκ
526 2305 734 2370 ἔδωκας
789 2306 972 2371 αὐτοῖς
1023 2306 1204 2361 ἔλεον
1265 2306 1330 2362 σὺ
1379 2308 1437 2361 δὲ
1482 2309 1576 2361 ἐπὶ
1620 2309 1747 2371 τοὺς

206 2394 569 2467 πρεσϐυτέρους
609 2396 879 2470 ἐϐάρυνας
921 2398 1012 2452 τὸν
1055 2396 1237 2467 ζυγὸν,
1287 2399 1382 2452 καὶ
1422 2394 1617 2466 εἶπας,
1650 2401 1745 2465 Εἰς

204 2484 279 2537 τὸν
314 2485 471 2539 αἰῶνα
518 2486 714 2558 ἔσομαι
757 2489 1018 2559 ἄρχουσα.
1062 2490 1175 2543 Οὐκ
1216 2489 1443 2560 ἐνόησας
1483 2491 1654 2544 ταῦτα
1686 2492 1745 2544 ἐν

202 2577 257 2645 τῇ
282 2575 463 2647 καρδία
505 2594 621 2642 σου,
658 2577 780 2652 ος)δέ
823 2578 1102 2651 ἐμνήσθης
1127 2579 1197 2633 τὰ
1234 2579 1437 2651 ἔσχατα
1475 2597 1589 2635 σου.
1630 2581 1745 2635 Νῦν

202 2663 249 2717 δὲ
280 2667 427 2719 ἄκουε
463 2668 657 2735 ταῦτα,
694 2672 727 2740 ἡ
756 2672 1023 2742 τρυφερὰ,
1071 2672 1103 2741 ή
1137 2672 1453 2743 καθημένη,
1492 2674 1528 2744 ἡ
1556 2690 1745 2727 πεποι-

203 2754 337 2824 θυῖα,
368 2761 399 2829 ἡ
438 2759 671 2829 λέγουσα
702 2765 760 2816 ἐν
792 2765 856 2833 τῇ
896 2762 1126 2834 καρδία’
1172 2765 1311 2832 Ἐγώ
1346 2768 1482 2837 είμι,
1518 2766 1612 2820 καὶ
1643 2767 1745 2821 οὐκ

203 2845 325 2899 ἐστιν
368 2850 553 2921 ἑτέρα·
624 2851 684 2904 οὐ
745 2851 918 2905 καθιῶ
960 2855 1124 2923 χήρα,
1167 2855 1288 2908 οὐδὲ
1321 2855 1598 2928 γνώσομαι
1648 2857 1745 2929 ὀρ-

202 2940 321 3011 φανή
364 2941 492 3011 (75).
548 2944 689 2996 Νυνὶ¹
729 2944 786 2997 δὲ
829 2944 948 3015 ἥξει
987 2946 1082 2999 ἐπὶ
1131 2946 1189 2999 σὲ
1237 2947 1305 3001 τὰ
1339 2947 1432 3002 δύο
1471 2949 1645 3004 ταῦτα
1687 2951 1744 3002 ἐν

203 3031 355 3102 ἡμέρᾳ
385 3035 497 3104 μιᾷ,
532 3035 729 3106 χηρεία
768 3038 863 3090 καὶ
900 3037 1142 3091 ἁτεκνία.
1174 3038 1329 3103 ’Ἥξει
1366 3040 1623 3113 ἐξαίφνης
1653 3043 1746 3095 ἐπὶ

201 3120 250 3174 σὲ
272 3123 327 3175 ἐν
353 3128 412 3194 τῇ
462 3129 785 3199 φαρμακείᾳ⁵
820 3144 936 3194 σου,
966 3129 1023 3181 ἐν
1050 3130 1115 3200 τῇ
1149 3129 1291 3199 ἰσχύϊ
1328 3129 1434 3184 τῶν
1478 3132 1744 3185 ἐπαοιδῶν

200 3229 275 3267 σου
312 3218 534 3290 σφόδρα,
584 3223 654 3291 τῇ
696 3220 873 3273 ἐλπίδι
918 3221 1018 3291 τῆς
1060 3223 1315 3293 πορνείας
1362 3239 1477 3277 σου.
1528 3225 1599 3277 Σὺ
1641 3224 1749 3296 γὰρ

196 3298 361 3371 εἶπας,
408 3308 544 3377 Ἐγώ
586 3313 726 3380 εἰμι,
768 3310 859 3363 καὶ
908 3312 1007 3363 οὐκ
1048 3310 1193 3365 ἔστιν
1223 3312 1403 3383 ἑτέρα.
1453 3313 1563 3365 Kal.
1594 3312 1746 3367 ἔσται

197 3393 224 3462 ἡ
256 3397 460 3466 πορνεία
500 3415 600 3453 σου
640 3400 721 3453 σοι
752 3399 1011 3471 αίσχύνη,
1056 3402 1136 3454 ὅτι
1164 3397 1325 3464 εἶπας
1363 3401 1420 3455 ἐν
1456 3406 1519 3474 τῇ
1556 3404 1751 3475 καρδίᾳ

197 3502 291 3553 σου,
309 3490 439 3561 Ἐγώ
458 3496 603 3565 εἰμι.
636 3495 744 3548 Καὶ
775 3494 893 3564 ἥξει
924 3494 1017 3547 ἐπὶ
1052 3495 1111 3547 σὲ
1144 3492 1419 3558 ἀπώλεια,
1454 3496 1548 3548 κοιλ⁴
1577 3496 1637 3547 οὐ
1674 3495 1749 3566 μὴ

196 3580 332 3651 γνῷς.
362 3582 639 3654 [Βόθυνος,
670 3585 764 3640 καὶ
790 3588 1003 3657 ἐμπεσῇ
1032 3587 1110 3649 είς
1137 3585 1317 3640 αὐτόν.
1360 3585 1470 3639 Kal.
1504 3585 1624 3657 ἥξει
1655 3587 1748 3639 ἐπὶ

197 3670 245 3723 σὲ
268 3673 600 3748 ταλαιπωρία
620 3716 634 3740 ,
675 3677 768 3730 καί
791 3678 851 3729 οὐ
883 3678 955 3748 μὴ
982 3676 1187 3749 δυνήσῃ
1225 3677 1439 3749 καθαρὰ
1469 3678 1744 3747 γενέσθαι.

194 3764 286 3817 Καὶ
324 3768 435 3837 ἥξει
493 3771 589 3824 ἐπὶ
647 3771 708 3824 σὲ
763 3769 1022 3841 ἐξαπίνης
1077 3771 1358 3839 ἀπώλεια,
1415 3776 1508 3827 καὶ
1557 3775 1617 3827 οὐ
1674 3776 1750 3847 μὴ

194 3854 396 3931 γνώσῃ]
432 3860 607 3931 Στῆθι
642 3860 737 3915 νῦν
767 3863 825 3915 ἐν
864 3865 983 3925 ταῖς
1012 3862 1291 3927 ἐπαοιδαῖς
1323 3881 1441 3928 σου,
1472 3865 1567 3918 καὶ
1596 3866 1654 3917 ἐν
1681 3868 1747 3937 τῇ

194 3945 336 4018 πολλῇ
367 3951 690 4022 φαρμακείᾳ
719 3968 833 4018 σου,
861 3951 897 4005 ἃ
926 3952 1227 4023 ἐμάνθανες
1258 3956 1323 4008 ἐκ
1349 3954 1600 4025 νεότητός
1629 3970 1747 4018 σου,

192 4033 233 4085 εί
264 4034 450 4112 δυνήσῃ
484 4039 858 4111 ὠφεληθῆναι.
905 4042 1259 4106 Κεκοπιακας
1284 4045 1344 4097 ἐν
1385 4046 1507 4107 ταῖς
1534 4042 1751 4113 βουλαῖς

192 4140 300 4178 σου·
336 4132 620 4202 στήτωσαν
649 4132 744 4185 καὶ
782 4132 1109 4188 σωσάτωσάν
1136 4152 1195 4188 σε
1233 4136 1283 4188 οἱ
1310 4134 1626 4205 ἀστρολόγοι
1656 4134 1749 4190 τοῦ

192 4218 394 4292 οὐρανοῦ
414 4241 426 4253 ·
477 4226 528 4278 οἱ
571 4224 812 4298 ὁρῶντες
848 4227 975 4291 τοὺς
1004 4227 1241 4299 ἀστέρας
1270 4226 1750 4296 ἀναγγειλάτωσάν

196 4327 281 4377 σοι,
326 4317 375 4367 τί
430 4317 618 4388 μέλλει
670 4319 763 4371 ἐπὶ
808 4318 867 4370 σὲ
913 4317 1186 4389 ἔρχεσθαι.
1249 4319 1378 4372 Ἰδοὺ
1429 4319 1630 4382 πάντες
1675 4318 1751 4381 ὡς

195 4403 419 4475 φρύγανα
486 4407 700 4481 πυρὸς,
759 4407 901 4460 οὕτω
956 4408 1354 4479 καυθήσονται,
1415 4409 1508 4462 καὶ
1556 4408 1615 4462 οὑ
1676 4409 1751 4480 μὴ

192 4496 452 4562 ἐξέλωνται
504 4505 606 4573 τὴν
650 4501 828 4572 ψυχὴν
872 4501 1050 4555 αὐτῶν
1094 4502 1159 4555 ἐκ
1195 4501 1409 4571 φλογός.
1454 4502 1573 4557 ’Ότι
1607 4501 1751 4572 ἔχεις

192 4585 445 4661 ἄνθρακας
480 4593 686 4664 πυρὸς,
722 4591 942 4645 κάθισαι
989 4592 1076 4645 ἐπ’
1111 4593 1327 4657 αὐτούς.
1373 4592 1561 4657 Οὕτως
1594 4592 1745 4646 ἔσται

190 4695 269 4733 σου
302 4680 403 4753 (76)
444 4685 526 4747 είς
570 4682 845 4754 βοήθειαν.
897 4683 1226 4747 Ἐκοπίασας
1270 4686 1329 4737 ἐν
1368 4685 1433 4754 τῇ
1476 4683 1744 4755 μεταϐολῇ

248 4817 290 4850 ⁸⁸
308 4819 407 4876 Isa.
436 4837 607 4889 xnvu,
640 4822 776 4877 1-15.

247 4962 351 5035 (72)
384 4966 796 5033 Ἀναξύρισον.
826 4964 993 5031 Quasi
1027 4984 1047 5018 ε
1070 4966 1333 5019 novacula
1363 4965 1516 5030 rade;
1544 4984 1563 5017 ι
1596 4965 1741 5035 quod

186 5036 475 5105 expressius
508 5046 618 5100 est,
652 5037 935 5105 majusque
981 5036 1258 5105 servitutis
1290 5051 1353 5089 ac
1393 5036 1570 5089 luctus
1601 5034 1743 5088 indi-

188 5104 335 5159 cium.
369 5105 590 5175 Reliqui
624 5104 800 5160 tamen
838 5104 1197 5173 ἀνακάλυψαι,
1237 5123 1254 5155 ι
1288 5106 1523 5169 denuda,
1558 5106 1744 5175 detege

188 5188 378 5228 comam
426 5188 619 5240 tuam;
662 5194 680 5227 ι
738 5191 841 5230 nec
891 5177 1045 5231 aliter
1077 5176 1327 5238 Hebraea;
1385 5184 1445 5229 ut
1486 5176 1557 5229 sit
1599 5174 1743 5229 ἱειυά

188 5241 440 5317 Hippolyti
472 5246 671 5317 scriba)
704 5247 979 5300 mendum.
1016 5243 1321 5317 HpOO'té‘Uﬁ
1356 5260 1474 5299 σοι.
1506 5244 1667 5317 Forte
1689 5252 1745 5298 et

182 5314 382 5437 ἔρεψα
424 5315 777 5385 expressius,
843 5332 1006 5385 quam
1065 5315 1407 5387 προστεθήσῃ
1487 5314 1739 5369 aliorum.

223 5399 401 5437 canar.

210 5387 401 5439 lesser.

243 5456 349 5521 (7'5)
388 5455 460 5508 Τὸ
491 5454 731 5508 δίκαιον
755 5455 822 5508 ἐκ
847 5454 962 5510 σοῦ
984 5453 1271 5523 λήψομαι.
1306 5453 1470 5507 Plana
1505 5451 1740 5523 phrasis,

182 5538 329 5593 quam
386 5526 468 5581 sic
527 5540 850 5593 expressere
908 5540 1101 5579 omnes
1150 5522 1736 5593 interpretesQVulg.

186 5590 205 5642 ι
231 5592 448 5663 Capiam
490 5590 780 5649 ultionem.
811 5614 829 5648 ι
891 5594 1072 5664 Ταῖς.
1094 5613 1112 5645 ι
1138 5590 1410 5648 Ultionem
1443 5590 1739 5662 perfectam

182 5664 378 5731 capiam
431 5682 499 5719 ex
534 5674 609 5734 te_.
648 5684 665 5715 ι
730 5665 939 5734 Syriae.
1002 5663 1391 5734 (Supplicium
1422 5664 1503 5734 de
1551 5673 1602 5717 te
1646 5678 1741 5717 su-

186 5747 335 5795 mam,
372 5753 388 5785 »
428 5745 537 5789 etc.
575 5732 669 5789 Sic
699 5732 834 5790 belle
863 5735 1109 5791 Nobilius
1133 5732 1149 5788 Ξ
1172 5732 1197 5786 ίι
1228 5733 1386 5799 Quod
1413 5733 1621 5803 justum
1658 5740 1743 5786 est

182 5807 240 5860 de
272 5814 329 5871 to
371 5804 648 5860 auferam.
680 5824 697 5857 ι
759 5804 1039 5875 Signiﬁcat
1090 5805 1389 5875 prepheta,
1450 5804 1741 5873 ipsummet

1845 1934 2019 1988 titudo
2048 1935 2220 2003 regni.

1917 2107 2133 2164 XXXV.
2196 2128 2215 2161 ς
2256 2112 2434 2165 Iratus
2498 2126 2620 2166 sum
2683 2126 2848 2182 super
2898 2113 3156 2182 populum
3200 2127 3415 2175 meum;

1846 2197 2213 2251 contaminavi
2256 2198 2629 2254 haereditatem
2678 2215 2874 2254 meam.
2924 2200 3037 2272 Ego
3078 2202 3201 2257 dedi
3233 2216 3328 2256 eos
3360 2201 3416 2256 in

1846 2300 2012 2341 manu
2046 2296 2171 2356 tua;
2208 2298 2265 2343 tu
2294 2305 2424 2345 vero
2461 2307 2569 2346 non
2596 2291 2791 2346 dedisti
2822 2292 2901 2347 eis
2944 2292 3409 2359 misericordiam;

1847 2389 1905 2432 tu
1931 2395 2060 2433 vero
2086 2396 2248 2450 super
2273 2383 2518 2441 seniores
2545 2386 2847 2455 aggravasti
2869 2386 3085 2456 jugum,
3112 2397 3165 2441 et
3190 2387 3405 2446 dixisti:

1846 2469 1904 2525 In
1956 2480 2218 2527 azternum
2269 2489 2365 2529 ero
2409 2476 2649 2534 domina.
2702 2476 2820 2533 Non
2870 2480 3119 2549 cogitasti
3181 2480 3296 2535 haec
3359 2480 3413 2534 in

1847 2565 2013 2619 corde
2052 2573 2171 2631 tuo,
2202 2582 2303 2622 nec
2342 2568 2768 2625 novissimorum
2820 2571 3101 2626 recordata
3133 2588 3211 2627 es.
3266 2570 3423 2628 Nunc

1847 2668 2027 2714 autem
2055 2662 2182 2715 audi
2210 2662 2345 2727 haec,
2374 2662 2627 2729 delicata,
2660 2681 2781 2736 qua
2811 2667 2990 2731 sedes,
3019 2684 3140 2737 qum
3168 2668 3419 2731 conﬁdis,

1848 2767 1969 2821 quae
1993 2752 2131 2808 dicis
2161 2753 2215 2807 in
2244 2756 2405 2808 corde
2431 2766 2524 2811 tuo
2548 2776 2560 2811 :
2583 2756 2694 2828 Ego
2718 2774 2860 2823 sum,
2889 2768 2943 2814 et
2972 2775 3081 2814 non
3114 2769 3197 2815 est
3220 2762 3420 2827 altera;

1848 2856 1901 2897 et
1935 2859 2041 2897 non
2070 2846 2269 2900 sedebo
2300 2847 2479 2914 vidua,
2508 2864 2685 2919 neque
2712 2851 2879 2905 sciam
2907 2852 3215 2907 orbitatem.
3267 2851 3423 2907 Nunc

1848 2944 2030 2990 autem
2076 2937 2492 3008 venientsuper
2534 2949 2585 2995 te
2615 2941 2730 2996 haec
2757 2941 2866 2997 duo
2900 2943 2955 2997 in
2998 2959 3103 2997 una
3129 2943 3238 3007 die,
3275 2943 3422 3012 quod

1848 3027 2009 3080 vidua
2036 3028 2114 3082 sis
2152 3043 2217 3083 ac
2248 3029 2378 3083 orba
2416 3030 2622 3086 liberis.
2652 3030 2881 3087 Venient
2920 3042 3141 3103 repente
3175 3034 3227 3087 in
3262 3050 3424 3089 vene—

1850 3118 1973 3174 ﬁcio
2026 3127 2158 3180 tuo,
2218 3120 2273 3173 in
2324 3119 2643 3177 fortitudine
2708 3123 3136 3180 incantationum
3201 3134 3423 3179 tuarum

1852 3208 2025 3275 valde,
2061 3225 2158 3279 spe
2184 3208 2561 3267 fornicationis
2592 3222 2716 3268 tuna.
2752 3212 2831 3268 Tu
2868 3216 3010 3269 enim
3043 3215 3227 3270 dixisti
3261 3233 3274 3269 :
3308 3216 3422 3285 Ego

1851 3314 1995 3362 sum,
2043 3310 2098 3355 et
2136 3316 2246 3356 non
2290 3311 2375 3357 est
2422 3303 2611 3359 altera.
2657 3303 2722 3359 Et
2752 3304 2854 3358 erit
2885 3303 3171 3360 fornicatio
3199 3314 3292 3360 tua
3324 3306 3423 3360 tibi

1849 3390 2121 3455 confusio,
2177 3394 2323 3462 quod
2370 3394 2556 3449 dixisti
2614 3395 2670 3448 in
2719 3399 2882 3451 corde
2930 3405 3024 3451 tuo
3066 3414 3078 3449 :
3125 3397 3236 3466 Ego
3275 3415 3416 3453 sum.

1849 3479 1916 3534 Et
1951 3482 2132 3535 veniet
2176 3498 2342 3554 super
2387 3493 2437 3538 te
2484 3486 2735 3554 perditio,
2770 3496 2823 3541 et
2853 3488 3097 3556 nescies;
3142 3498 3196 3543 et
3240 3489 3416 3554 fovea,

1850 3584 1905 3630 et
1932 3576 2135 3631 incides
2192 3577 2245 3631 in
2291 3594 2431 3633 eam.
2484 3578 2550 3633 Et
2596 3581 2773 3636 veniet
2819 3597 2981 3651 super
3013 3591 3062 3637 te
3093 3582 3333 3646 miseria,
3368 3592 3423 3637 et

1851 3680 1959 3719 non
1984 3668 2189 3735 poteris
2221 3670 2422 3724 munda
2452 3670 2587 3724 ﬁeri.
2616 3669 2681 3725 Et
2705 3672 2884 3727 veniet
2913 3688 3077 3742 super
3113 3681 3166 3728 te
3200 3683 3422 3743 repente

1851 3756 2135 3825 interitus,
2171 3768 2225 3814 et
2258 3777 2365 3814 non
2399 3762 2686 3833 intelliges.
2713 3763 2807 3818 Sta
2834 3780 2978 3819 nunc
3010 3766 3063 3819 in
3092 3766 3419 3822 incantatio-

1850 3848 2012 3903 nibus
2046 3851 2174 3914 tuis,
2208 3861 2261 3904 et
2301 3852 2354 3905 in
2392 3853 2578 3907 multis
2608 3856 2885 3911 veneﬁciis
2927 3856 3057 3923 tuis,
3087 3872 3210 3927 quae
3243 3858 3413 3912 disce-

1852 3940 1950 3995 bas
1989 3956 2019 3995 a
2043 3942 2327 4011 juventute
2354 3953 2476 4012 tua,
2516 3946 2561 4000 si
2591 3948 2794 4015 poteris
2828 3947 3095 4017 adjuvari.
3130 3948 3423 4005 Laborasti

1852 4032 1905 4086 in
1938 4035 2179 4089 consiliis
2212 4037 2358 4091 tuis:
2389 4046 2535 4092 stent
2577 4047 2631 4093 et
2668 4038 2873 4093 salvam
2908 4048 2959 4094 te
2987 4040 3191 4095 faciant
3232 4049 3419 4095 astro-

1851 4126 1957 4198 logi
2008 4129 2129 4182 cmli
2176 4146 2189 4181 :
2234 4130 2326 4199 qui
2373 4130 2811 4201 contemplantur
2854 4134 3059 4199 stellas,
3096 4137 3425 4191 annuntient

1852 4220 1949 4275 tibi
1993 4221 2123 4290 quid
2165 4222 2406 4276 futurum
2449 4223 2518 4277 sit
2558 4238 2721 4293 super
2763 4233 2835 4280 te.
2879 4225 3020 4281 Ecce
3064 4241 3254 4283 omnes
3302 4237 3424 4282 tan-

1851 4330 2014 4384 quam
2046 4314 2243 4385 stipula
2278 4316 2437 4385 ignis,
2467 4317 2546 4373 sic
2578 4318 2988 4386 comburentur,
3014 4329 3067 4375 et
3092 4336 3200 4375 non
3230 4331 3426 4376 eruent

1852 4409 2091 4462 animam
2141 4424 2295 4464 suam
2350 4410 2417 4464 de
2461 4409 2698 4466 ﬂamma.
2753 4411 3206 4483 Quandoquidem
3254 4412 3424 4467 babes

1785 4521 1825 4573 ι)
1854 4502 2118 4555 carbones
2152 4503 2310 4572 ignis,
2343 4503 2470 4558 sede
2496 4518 2661 4575 super
2685 4520 2778 4561 eos
2805 4522 2818 4558 :
2858 4505 2939 4560 sic
2978 4504 3102 4560 inde
3123 4504 3421 4575 juvaberis.

1853 4590 2138 4647 Laborasti
2186 4594 2241 4648 in
2274 4594 2579 4649 mutatione
2631 4603 2724 4650 tua
2770 4611 2800 4651 a
2825 4595 3130 4667 juventute.
3168 4594 3343 4649 Homo
3367 4593 3427 4649 in

1855 4684 2146 4755 semetipso
2189 4688 2389 4741 erravit
2426 4704 2439 4741 :
2476 4688 2572 4742 tibi
2607 4695 2787 4742 autem
2842 4703 2951 4743 non
2981 4687 3083 4741 erit
3126 4686 3275 4741 salus
3296 4684 3361 4738 “.
3396 4701 3419 4737 ι

1850 4965 2020 5019 Deum
2076 4967 2307 5017 ultorem
2361 4960 2497 5026 fore,
2530 4978 2631 5017 nec
2667 4963 2789 5019 aliis
2831 4963 3091 5017 tradendo
3144 4962 3426 5018 ulturum:

1810 5068 1813 5071 η
1849 5035 1994 5105 quod
2024 5034 2240 5105 gravius
2275 5032 2339 5086 ad
2376 5033 2788 5105 terrorcmeSic
2809 5032 3015 5105 Paulus
3041 5032 3204 5105 Hebr.
3240 5048 3297 5097 Χ,
3317 5032 3379 5084 21
3407 5050 3422 5087 :

1855 5102 1880 5155 ἱ
1905 5102 2246 5159 Horrendum
2282 5110 2365 5157 est
2398 5103 2638 5157 incidere
2670 5103 2724 5156 in
2759 5119 2953 5158 manus
2988 5102 3081 5158 Dei
3110 5102 3363 5157 viventis.
3398 5120 3421 5154 ι

1850 5173 1999 5228 lnsu.

1921 5244 2032 5314 (74)
2070 5243 2326 5312 Ἐμίανα.
2360 5241 2450 5298 Sic
2478 5241 2656 5312 palam
2686 5239 2907 5314 Hebraea
2936 5258 3000 5297 ac
3029 5242 3223 5314 reliqui
3252 5243 3428 5314 Interg

1854 5310 2065 5382 pretes;
2099 5310 2229 5382 inec
2280 5314 2387 5367 nisi
2436 5310 2623 5382 errore
2683 5313 2943 5381 scriptum
2994 5310 3244 5382 ἐμίανας,
3280 5310 3425 5381 quod

1851 5380 2039 5439 Crzeca
2067 5381 2477 5452 Vulg.iliabent.
2525 5380 2737 5435 Passim
2768 5380 3007 5437 occurrit
3028 5380 3037 5382 ⁷
3057 5384 3111 5436 in
3141 5380 3426 5450 Scriptura

1848 5456 1901 5508 in
1944 5451 2192 5522 persona"
2237 5451 2332 5505 Dei
2400 5452 2841 5522 sic_ulciscentis
2871 5493 2885 5519 ,
2956 5462 3009 5507 et
3057 5452 3422 5521 permittentis

1847 5520 2036 5579 sancta
2067 5522 2449 5578 contaminari.
2493 5520 2643 5575 lusu.
3060 5520 3075 5521 “
3428 5554 3436 5585 ε

1847 5594 2030 5719 ιέξίῦ)
2076 5589 2352 5661 Ὀρρανή.
2402 5590 2675 5659 Combcl'.,
2708 5589 2992 5663 ὀρφανίαν.
3051 5589 3143 5648 Sic
3172 5598 3228 5649 et
3277 5589 3416 5661 apud

1919 5732 2028 5804 (76)
2062 5734 2266 5789 Ἔσται
2308 5730 2749 5800 σου.1ά.,εσται
2781 5747 2883 5785 σοι.
