3836 6504
413 404 512 459 ι55

1040 402 1100 459 S.
1143 400 1502 458 HIPPOLYTI
1543 402 1694 457 OPP.
1735 398 1916 457 PARS
1953 400 2017 454 ll.
2058 430 2126 441 —
2166 401 2471 459 DUGMAT.
2511 400 2602 456 ET
2642 399 2986 458 HlSTOBlC.

3555 394 3653 450 756

408 520 533 577 Haec
565 519 783 592 quidem
817 520 915 575 tibi
945 519 1116 579 Isaias
1146 523 1471 579 vaticinatur
1496 541 1511 579 :
1535 523 1814 580 videamus
1846 540 1961 579 uun

2083 542 2174 577 σου
2189 524 2253 577 ὲκ
2269 525 2537 596 νεότητος.
2560 524 2878 597 Ἀνθρωπος
2892 522 3011 577 καθ’
3028 520 3218 574 ἑαυτὸν
3229 515 3511 589 ἐπλάγχθη
3525 517 3652 586 ('77)'

405 624 461 668 et
475 612 726 669 Joannes
750 613 948 671 similia
978 615 1192 672 locutus
1219 617 1307 673 sit.

483 888 724 949 XXXVI.
756 892 858 951 Hic
887 896 1039 951 enim
1072 914 1198 954 cum
1229 898 1285 954 in
1313 898 1508 955 Patmo
1535 901 1711 956 insula
1734 917 1978 958 versare-

408 989 520 1045 tur,
555 983 700 1041 videt
730 989 1098 1060 apocalypsim
1147 1006 1257 1060 qua
1291 991 1502 1047 detecta
1536 992 1805 1049 horrenda
1858 1009 1977 1065 my-

405 1071 592 1141 steria,
641 1090 813 1146 eaque
852 1093 1103 1145 narrans,
1150 1080 1315 1136 etiam
1369 1082 1507 1139 alios
1540 1082 1746 1139 aﬂ‘atim
1794 1083 1974 1143 docet.

404 1163 529 1231 Dic,
557 1180 763 1235 quaso,
780 1170 937 1227 beate
956 1170 1193 1231 Joannes
1215 1176 1462 1244 apcsmle
1490 1186 1544 1231 et
1579 1176 1795 1234 Domini
1819 1179 1977 1235 disci-

405 1258 551 1325 pule,
581 1260 842 1329 quidnam
868 1264 1066 1320 audisti
1095 1276 1148 1322 et
1188 1266 1372 1324 vidisti
1411 1268 1480 1323 de
1516 1268 1827 1342 Babylone?
1868 1269 1977 1337 Ex-

406 1351 716 1421 pergiscere
744 1364 801 1411 et
833 1357 1055 1429 loquere
1097 1378 1111 1413 :
1176 1375 1302 1415 nam
1332 1370 1388 1416 et
1416 1362 1534 1417 haec
1555 1372 1608 1417 te
1638 1364 1693 1418 in
1718 1363 1972 1420 exsilium

406 1442 683 1513 relegavit.
754 1463 773 1497 ι
799 1445 868 1502 Ει
898 1449 1043 1503 venit
1088 1466 1232 1507 unus
1280 1452 1348 1507 de
1378 1463 1586 1523 septem
1641 1455 1849 1526 angelis
1881 1455 1975 1525 qui

405 1532 683 1590 habebant
732 1547 939 1607 septem
968 1541 1202 1609 phialas,
1258 1554 1314 1600 et
1339 1544 1555 1601 locutus
1575 1555 1661 1601 est
1694 1547 1850 1611 mihi,
1892 1548 1976 1603 di-

400 1637 532 1677 cens
560 1642 574 1679 ;
612 1622 766 1689 Veni,
790 1628 1075 1683 ostendam
1114 1630 1211 1684 tibi
1239 1632 1643 1687 damnationem
1672 1635 1973 1692 meretricis

402 1729 633 1784 magna,
695 1734 818 1786 qua:
861 1720 1011 1776 sedet
1053 1738 1217 1791 super
1269 1740 1442 1795 aquas
1474 1728 1691 1791 multas,
1718 1744 1841 1783 cum
1865 1745 1973 1800 qua

400 1802 650 1860 fornicati
705 1819 837 1864 sunt
884 1826 1044 1881 reges
1075 1821 1253 1881 terrae,
1286 1824 1341 1869 et
1400 1816 1654 1873 inebriati
1698 1828 1828 1875 sunt
1877 1821 1972 1890 qui

399 1896 705 1953 inhabitant
763 1910 990 1969 terram,
1041 1904 1109 1960 de
1134 1906 1261 1961 vino
1310 1910 1712 1977 prostitutionis
1736 1911 1874 1981 ejus.
1908 1912 1974 1968 Et

399 1986 624 2042 abstulit
654 2005 741 2045 me
771 1991 824 2045 in
868 1994 1062 2062 spiritu
1106 1996 1161 2049 in
1204 1997 1514 2055 desertum:
1548 2011 1603 2055 et
1644 2000 1751 2056 vidi
1780 2003 1972 2058 mulie-

397 2093 512 2133 rem
566 2080 841 2136 sedentem
892 2099 1057 2155 super
1108 2087 1338 2143 bestiam
1390 2092 1724 2158 coccineam,
1756 2095 1970 2165 plenam

396 2170 715 2228 nominibus
743 2174 1115 2245 blasphemiae,
1161 2181 1451 2238 habentem
1483 2186 1662 2255 capita
1691 2199 1896 2258 septem
1919 2203 1972 2247 et

395 2275 603 2317 cornua
631 2263 841 2321 decem.
890 2267 956 2322 Et
989 2272 1187 2327 mulier
1246 2282 1366 2331 erat
1410 2279 1606 2333 amicta
1653 2298 1891 2352 purpura
1918 2298 1972 2341 et

393 2355 643 2421 coccino,
675 2366 729 2411 et
760 2357 1013 2418 inaurata
1045 2380 1182 2419 auro
1207 2375 1259 2423 et
1285 2367 1463 2438 lapide
1490 2374 1730 2441 pretioso
1751 2385 1804 2430 et
1826 2392 1971 2431 mar-

394 2444 606 2513 garitis,
642 2448 852 2506 habens
874 2456 1130 2522 poculum
1154 2471 1381 2514 aureum
1413 2461 1469 2516 in
1501 2477 1667 2518 manu
1709 2480 1808 2520 sua
1852 2468 1969 2537 ple-

394 2551 525 2591 num
566 2538 1081 2611 abominationibus,
1101 2555 1156 2602 et
1175 2548 1546 2612 immunditias
1586 2554 1969 2616 fornicationis

392 2636 571 2683 terrae.
610 2629 665 2685 In
694 2631 871 2689 fronte
897 2635 1017 2705 ejus
1046 2653 1244 2694 nomen
1279 2642 1541 2712 scriptum
1572 2663 1584 2698 :
1614 2645 1963 2718 Mysterium;

397 2715 641 2789 Babylon
674 2736 895 2792 magna,
942 2734 1116 2780 mater
1170 2731 1560 2786 scortationum
1598 2741 1654 2787 et
1671 2715 1968 2792 abomina-

389 2807 599 2863 tionum
625 2818 802 2867 terra.

461 2922 727 2980 XXXVII.
765 2945 784 2980 ι
808 2926 874 2983 Ει
898 2929 1007 2985 vidi
1043 2932 1325 2989 mulierem
1360 2935 1566 2990 ebriam
1602 2937 1669 2992 de
1703 2938 1965 3009 sanguine

389 3023 729 3083 sanctorum,
764 3028 820 3074 ct
849 3019 917 3073 de
945 3022 1211 3091 sanguine
1266 3035 1567 3098 martyrum
1597 3025 1748 3083 Jesu.
1776 3028 1842 3083 Et
1870 3029 1966 3085 mi-

387 3115 544 3177 ratus
592 3124 717 3165 sum
775 3110 969 3168 videns
1001 3113 1172 3180 illam,
1224 3116 1586 3174 admiratione
1634 3135 1851 3190 magna.
1897 3119 1965 3175 Et

386 3198 524 3254 dixit
549 3200 683 3256 mihi
715 3204 943 3274 angelus
988 3225 1001 3260 :

385 3302 787 3348 sacramentum
817 3296 1061 3353 mulieris
1099 3306 1154 3353 et
1185 3298 1375 3356 bestiae
1420 3317 1542 3371 qua:
1583 3303 1729 3358 illam
1760 3314 1960 3375 portat,

383 3397 507 3450 quas
530 3383 693 3438 habet
717 3386 896 3455 capita
946 3397 1152 3458 septem
1203 3400 1257 3445 et
1291 3406 1500 3448 cornua
1538 3392 1748 3450 decem.
1782 3395 1960 3452 Bestia

384 3487 550 3541 quam
584 3474 793 3539 vidisti,
828 3486 967 3540 erat,
997 3487 1053 3533 et
1073 3495 1181 3533 non
1205 3489 1289 3537 est
1320 3499 1362 3559 τ’
1390 3481 1745 3555 futurumque
1773 3495 1856 3542 est
1904 3496 1995 3542 ut~

384 3564 644 3619 ascendat
674 3564 743 3621 de
770 3567 990 3638 abysso,
1033 3580 1088 3626 et
1125 3572 1181 3626 in
1223 3572 1500 3628 interitum
1531 3584 1641 3631 eat.
1676 3576 1746 3632 Et
1794 3578 1962 3634 mira—

384 3656 591 3711 buntur
619 3657 993 3717 inhabitantes
1026 3672 1226 3717 terram
1255 3663 1511 3734 (quorum
1544 3683 1653 3723 non
1697 3672 1959 3741 scriptum

382 3758 464 3802 est
502 3764 699 3804 nomen
730 3751 783 3805 in
816 3752 956 3809 libro
986 3754 1108 3810 vita:
1146 3770 1177 3809 a
1206 3758 1597 3814 constitutione
1626 3763 1836 3833 mundi)
1875 3764 1958 3819 vi-

382 3841 572 3896 dentes
602 3841 832 3898 bestiam
880 3860 1003 3915 quae
1061 3855 1197 3914 erat,
1228 3856 1283 3903 et
1335 3859 1570 3915 nonest,
1603 3863 1659 3907 et
1686 3868 1807 3923 quae
1838 3872 1959 3913 ven.

382 3942 503 3987 tura
536 3944 639 3989 est.

450 4045 737 4104 XXXVI".
767 4069 785 4102 ι
810 4049 909 4107 Hic
936 4068 1149 4119 sensus,
1178 4046 1272 4125 qui
1306 4057 1467 4112 habet
1487 4058 1831 4128 sapientiam.
1862 4062 1959 4119 Se-

381 4149 526 4207 ptem
558 4142 759 4211 capita,
792 4151 998 4214 septem
1027 4157 1239 4202 moutes
1277 4158 1425 4216 sunt,
1474 4167 1639 4221 super
1665 4169 1805 4223 quos
1835 4172 1957 4211 mu-

382 4229 485 4283 lier
504 4232 683 4297 sedet;
712 4242 767 4287 et
820 4249 974 4305 reges
1021 4249 1227 4309 septem
1280 4252 1429 4297 sunt.
1466 4243 1717 4316 Quinque
1745 4250 1956 4305 cecide-

380 4327 547 4374 runt:
583 4337 725 4377 unus
753 4334 933 4379 autem
958 4336 1062 4394 est,
1089 4330 1225 4384 alter
1256 4333 1499 4388 nondum
1532 4338 1714 4405 venit;
1745 4348 1799 4394 et
1827 4356 1953 4396 cum

378 4413 606 4479 venerit,
658 4425 873 4484 oportet
921 4418 1073 4473 illum
1138 4420 1301 4477 breve
1341 4434 1555 4498 tempus
1608 4445 1848 4485 manere.
1889 4433 1956 4489 Et

2082 613 2164 666 col
2202 613 2258 667 δὲ
2297 614 2398 668 οὐκ
2440 613 2555 667 ἐστι
2598 614 2861 685 σωτηρία.
2887 631 2905 664 ι
2956 611 3142 667 Ταῦτα
3184 611 3283 681 μὲν
3321 607 3655 680 προφητεύει

2080 723 2163 760 σοι
2199 706 2427 769 Ἡσαΐας
2445 723 2461 738 ο
2494 704 2689 777 ἴδωμεν
2712 704 2769 758 δὲ
2792 707 2840 759 εἰ
2865 704 2934 759 τὰ
2964 704 3125 777 ὃμοια
3149 701 3329 755 αὐτῶν
3358 698 3655 770 ἐφθέγξατο

2077 799 2106 853 ὁ
2144 797 2413 870 Ἰωάννης.

2149 905 2316 973 Οὗτος
2343 910 2452 982 γὰρ
2474 913 2531 965 ἐν
2566 910 2775 982 Πάτμῳ
2801 913 2870 981 τῇ
2921 911 3067 983 νήσῳ
3099 908 3197 974 ὣν,
3249 910 3352 981 ὁρᾷ
3380 907 3652 963 ἀποκάλυ-

2076 999 2168 1070 ψιν
2198 1001 2510 1073 μυστηρίων
2542 1002 2805 1073 φρικτῶν,
2838 1001 2995 1056 ἅτινα
3023 999 3375 1072 διηγούμενος
3408 998 3652 1069 ἀφθόνως

2078 1091 2171 1146 καὶ
2215 1091 2437 1163 ἑτέρους
2493 1092 2755 1147 διδάσκει.
2790 1092 2931 1161 Λέγε
2972 1107 3083 1163 μοι,
3119 1091 3355 1163 μακάριε
3414 1090 3648 1158 Ἰωάννη,

2077 1183 2339 1238 ἀπόστολε
2373 1185 2468 1239 καὶ
2502 1183 2718 1257 μαθητὰ
2743 1184 2837 1238 τοῦ
2866 1184 3093 1256 Κυρίου,
3126 1184 3180 1238 τί
3211 1179 3349 1247 εἶδες
3373 1184 3471 1236 xal
3493 1182 3649 1252 ἦκου⁸

2078 1292 2178 1340 σας
2202 1276 2331 1349 περὶ
2361 1276 2712 1343 Βαϐυλῶνος;
2740 1276 3090 1349 Γρηγόρησον
3119 1276 3213 1330 καὶ
3246 1275 3388 1329 είπέο
3422 1274 3523 1329 καὶ
3549 1273 3650 1342 γὰρ

2075 1369 2211 1440 αὐτή
2243 1385 2303 1422 σε
2361 1368 2607 1441 ἐξώρισε.
2653 1388 2671 1422 ι
2700 1371 2810 1426 Kal
2838 1365 3001 1441 ἦλθεν
3037 1363 3119 1432 εἷς
3153 1369 3218 1423 ἐκ
3245 1367 3353 1421 τῶν
3380 1366 3526 1420 ἑπτὰ
3556 1366 3650 1433 ἀγ-

2074 1459 2248 1529 γέλων
2271 1459 2382 1513 τῶν
2429 1459 2662 1531 ἐχόντων
2714 1460 2813 1525 τὰς
2844 1460 2984 1515 ἑπτὰ
3011 1460 3228 1531 φιάλας,
3271 1458 3367 1512 καὶ
3420 1456 3648 1527 ὲλάλησέ

2078 1566 2168 1621 μοι
2213 1550 2405 1620 λέγων’
2440 1551 2629 1623 Δεῦρο,
2660 1552 2818 1619 δείξω
2871 1569 2954 1606 σοι
2998 1552 3059 1605 τὸ
3087 1554 3262 1622 κρῖμα
3308 1550 3411 1621 τῆς
3449 1547 3647 1619 πόρνης

2074 1642 2172 1712 τῆς
2197 1643 2458 1715 μεγάλης,
2517 1645 2617 1715 τῆς
2669 1643 2986 1715 καθημένης
3020 1644 3113 1697 ἐπὶ
3164 1642 3370 1697 ὑδάτων
3422 1639 3641 1706 πολλῶν,

2077 1735 2196 1807 μεθ’
2224 1730 2292 1808 ἧς
2324 1736 2659 1808 ἐπόρνευσαν
2693 1738 2743 1790 oi
2773 1736 3009 1807 βασιλεῖς
3040 1736 3137 1807 τῆς
3164 1736 3289 1805 γῆς,
3326 1733 3424 1786 καὶ
3456 1731 3645 1803 speed-

2004 1868 2051 1929 Β
2078 1828 2285 1899 σθησαν
2336 1829 2385 1881 cl
2417 1827 2796 1893 κατοικοῦντες
2827 1829 2928 1900 τὴν
2979 1828 3082 1899 γῆν
3113 1830 3179 1882 ὲκ
3223 1825 3321 1880 τοῦ
3375 1825 3523 1878 οἴνου
3553 1823 3645 1929 της

2077 1920 2331 1992 πορνείας
2377 1920 2564 1991 αὐτῆς.
2598 1922 2708 1974 Kal
2764 1920 3041 1991 ἀπήνεγκέ
3103 1936 3170 1991 με
3218 1920 3299 1983 είς
3344 1917 3551 1989 ἔρημον
3594 1917 3643 1968 ἐν

2076 2012 2365 2083 πνεύματιο
2396 2013 2492 2066 καὶ
2524 2007 2668 2065 εῐδον
2714 2014 2949 2080 γυναῖκα
2981 2009 3298 2082 καθημένην
3332 2010 3428 2063 ἐπὶ
3465 2010 3642 2081 θηρίον

2075 2097 2346 2162 κόκκινον,
2378 2097 2548 2170 γέμον
2579 2098 2859 2170 ὀνομάτων
2916 2098 3284 2170 βλασφημίας,
3332 2097 3456 2169 ἕχον
3488 2116 3643 2166 κεφα-

2072 2186 2168 2251 λάς
2197 2187 2340 2242 ἑπτὰ
2390 2187 2485 2240 καὶ
2520 2188 2725 2258 κέρατα
2763 2187 2914 2241 δέκα.
2952 2188 3062 2242 Kal
3105 2190 3138 2260 ἡ
3172 2187 3309 2259 γυνὴ
3338 2183 3408 2260 ἦν
3441 2188 3644 2260 περιϐεο

2074 2280 2321 2353 ϐλημένη
2383 2280 2697 2353 πορφυροῦν
2768 2282 2863 2334 καὶ
2930 2281 3200 2345 κόκκινον,
3256 2283 3638 2354 κεχρυσωμένη

2073 2372 2281 2445 χρυσῷ,
2309 2373 2403 2428 καὶ
2456 2372 2586 2444 λίθῳ
2636 2373 2824 2443 τιμίῳ,
2859 2374 2952 2427 καὶ
3007 2373 3399 2445 μαργαρίταις,
3452 2373 3640 2444 ἔχουσα

2073 2466 2331 2537 ποτήριον
2353 2464 2586 2538 χρυσοῦν
2615 2466 2673 2519 ὲν
2702 2468 2769 2536 τῇ
2793 2466 2936 2537 χειρὶ
2962 2464 3132 2535 αὐτῆς
3148 2465 3317 2536 γέμον
3346 2464 3640 2535 βδελυγμά-

2072 2578 2198 2627 των,
2224 2562 2321 2616 καὶ
2341 2560 2412 2617 τά
2443 2561 2730 2634 ἀκάθαρτα
2765 2561 2875 2633 (78)
2928 2562 3024 2633 τῆς
3057 2561 3312 2633 πορνείας
3372 2561 3477 2631 τῆς
3523 2562 3619 2631 γῆς

2082 2655 2205 2709 Ἐπὶ
2233 2655 2293 2708 τὸ
2320 2655 2568 2727 μέτωπον
2602 2655 2770 2725 αὐτῆς
2797 2654 2967 2724 ὄνομα
2985 2652 3392 2724 γεγραμμένονο
3428 2653 3639 2722 Μυστή-

2073 2764 2205 2818 ριονο
2238 2746 2549 2818 Βαϐυλὼνή
2590 2747 2824 2818 μεγάλη,
2856 2748 2890 2816 ἡ
2927 2746 3106 2819 μήτηρ
3165 2744 3275 2798 τῶν
3308 2743 3526 2817 πορνῶν
3553 2745 3635 2799 καὶ

2066 2837 2176 2892 τῶν
2203 2838 2585 2909 βδελυγμάτων
2614 2838 2714 2909 τῆς
2740 2837 2865 2906 γῆς.

2142 2971 2161 3005 ι
2188 2954 2298 3007 Kal
2325 2949 2464 3006 εἶδον
2486 2953 2582 3027 τὴν
2610 2956 2842 3022 γυναῖκα
2875 2951 3176 3023 μεθύουσαν
3204 2952 3270 3003 ὲκ
3291 2948 3388 3004 τοῦ
3417 2950 3635 3021 αἵματος

2066 3042 2172 3096 τῶν
2200 3043 2391 3112 ἁγίων,
2422 3043 2517 3096 καὶ
2570 3044 2635 3096 ὲκ
2661 3040 2756 3095 τοῦ
2806 3042 3033 3112 αἵματος
3060 3040 3167 3094 τῶν
3203 3040 3500 3111 μαρτύρων
3548 3038 3630 3091 τοῦ

2078 3133 2273 3205 Ἰησοῦ’
2308 3134 2403 3188 καὶ
2452 3133 2738 3205 ἐθαύμασα
2770 3132 2892 3185 ἰδὼν
2920 3133 3108 3204 αὐτὴν,
3141 3131 3328 3203 θαῦμα
3360 3128 3633 3202 μέγαλίαὶ

1061 3204 1175 3261 Cur
1219 3208 1483 3265 miraris?
1508 3209 1622 3283 Ego
1648 3212 1826 3267 dicam
1861 3214 1957 3269 tibi

2074 3221 2183 3279 εἶπέ
2232 3243 2323 3298 μοι
2351 3227 2380 3278 ό
2413 3204 2659 3295 ἄγγελος⁹
2687 3224 2839 3277 Διατί
2872 3223 3217 3295 ὲθαύμασας;
3259 3222 3403 3291 Ἐγὼ
3430 3222 3538 3293 ὲρῶ
3560 3238 3629 3275 σοι

2065 3316 2127 3370 τδ
2154 3318 2451 3390 μυστήριον
2480 3318 2579 3388 τῆς
2611 3315 2869 3385 γυναικὸς
2900 3315 2994 3370 καὶ
3020 3313 3114 3368 τοῦ
3149 3314 3366 3385 θηρίου,
3414 3313 3509 3366 τοῦ
3541 3312 3630 3383 βα-

2067 3407 2354 3472 στάζοντος
2384 3407 2575 3481 αΰτὴν,
2604 3404 2700 3461 τοῦ
2728 3405 2940 3477 ἔχοντος
2975 3406 3073 3471 τὰς
3106 3405 3245 3458 ὲπτά
3278 3402 3523 3474 κεφαλὰς
3547 3401 3631 3455 καὶ

2062 3500 2131 3553 τά
2177 3499 2308 3553 δέκα
2360 3499 2585 3570 κέρατα.
2623 3500 2697 3553 Τὸ
2758 3498 2947 3570 θηρίον
2999 3496 3029 3550 ὃ
3082 3491 3251 3560 εἶδες,
3279 3490 3370 3566 ἦν,
3405 3494 3498 3547 καὶ
3540 3493 3630 3545 οὒκ

2063 3589 2199 3644 ἔστι·
2238 3591 2333 3643 καὶ
2368 3588 2551 3659 μέλλει
2579 3588 2889 3643 ἀναϐαίνειν
2926 3588 2992 3641 ὲκ
3020 3588 3119 3658 τῆς
3155 3583 3419 3649 ἀϐύσσου,
3442 3584 3533 3636 καὶ
3558 3582 3630 3643 είς

2062 3680 2339 3736 ἀπώλειαν
2369 3682 2621 3749 ὑπάγειν.
2669 3683 2780 3736 Kal
2815 3680 3184 3752 θαυμάσουσιν
3222 3679 3273 3731 οἱ
3318 3675 3628 3731 κατοικοῦν-

2059 3788 2152 3835 τες
2181 3771 2281 3842 τὴν
2310 3771 2436 3842 γῆν,
2490 3763 2565 3825 ὧν
2592 3771 2655 3825 οὐ
2710 3771 3020 3843 γέγραπται
3049 3768 3112 3821 τὸ
3138 3767 3308 3837 ὄνομα
3367 3768 3426 3819 ἐν
3472 3764 3628 3836 βίϐλῳ

2058 3863 2159 3934 τῆς
2211 3862 2358 3933 ζωῆς
2405 3862 2513 3916 ἀπὸ
2575 3860 2882 3930 καταϐολῆς
2938 3860 3165 3930 κόσμου,
3225 3856 3513 3927 βλέποντες
3568 3852 3625 3907 τὸ

2061 3953 2282 4026 θηρίον,
2315 3954 2343 4006 ὅ
2371 3970 2424 4007 τι
2451 3949 2540 4024 ἦν,
2576 3953 2671 4005 καὶ
2694 3952 2794 4005 οὐκ
2815 3951 2951 4014 ἔστι,
2981 3953 3076 4005 καὶ
3106 3950 3377 4021 παρέσται
3409 3948 3537 4019 (79).

2137 4087 2157 4121 α
2200 4061 2329 4121 Ὧδε
2357 4068 2386 4120 ὀ
2417 4066 2539 4129 νοῦς
2565 4069 2593 4121 ὁ
2614 4064 2750 4140 ἔχων
2784 4066 2993 4135 σοφίαν.
3015 4066 3184 4123 Ἐπτά
3214 4064 3470 4133 κεφαλαὶ,
3499 4060 3627 4149 ἐπτά

2058 4162 2158 4235 ὅρη
2188 4162 2345 4226 εἰσὶν,
2375 4161 2509 4216 ὅπου
2537 4162 2571 4233 ἡ
2609 4161 2745 4233 γυνὴ
2789 4161 3021 4233 κάθηται
3059 4163 3145 4214 ἐπ’
3179 4160 3381 4216 αὐτῶνο
3413 4160 3504 4215 καὶ
3532 4160 3624 4230 βα⁹

2058 4253 2222 4318 σιλεῖς
2251 4253 2393 4307 ἑπτά
2423 4255 2580 4306 εἰσιν.
2613 4251 2681 4309 Οἱ
2738 4254 2897 4308 πέντε
2931 4253 3152 4317 ἔπεσαν,
3188 4253 3217 4305 ό
3254 4252 3311 4307 δὲ
3350 4249 3432 4316 εἷς
3462 4252 3623 4315 ἔστιν,

2057 4349 2085 4401 ό
2116 4345 2275 4409 ἄλλος
2298 4345 2450 4399 οῠπω
2479 4341 2630 4416 ἦλθε·
2667 4346 2761 4399 καὶ
2790 4348 2916 4399 ὅταν
2945 4345 3094 4421 ἔλθῃ,
3147 4344 3327 4413 ὀλίγον
3368 4344 3525 4398 αὐτὸν
3550 4343 3627 4395 δεῖ

2059 4440 2256 4508 μεῖναι.
2290 4436 2401 4489 Kal
2455 4434 2516 4487 τὸ
2548 4433 2735 4505 θηρίον
2788 4433 2817 4486 ὃ
2860 4433 2948 4503 ἢν,
2995 4432 3097 4486 ούκ
3135 4430 3251 4484 ἐστι
3292 4430 3413 4502 [καὶ
3472 4428 3623 4491 αὐτὸς

376 4502 573 4570 bestia,
603 4520 727 4575 quae
748 4517 865 4563 erat
889 4517 945 4563 et
970 4526 1081 4565 non
1109 4521 1213 4578 est,
1238 4524 1292 4568 et
1316 4515 1431 4585 ipsa
1456 4528 1647 4577 octava
1673 4533 1774 4589 est,
1803 4535 1857 4580 et
1885 4524 1953 4582 de

2074 4527 2239 4597 ἱγδοός
2277 4524 2417 4598 ἐστι]
2448 4526 2541 4580 καὶ
2660 4525 2767 4579 τῶν
2794 4502 2931 4578 ἑπτά
2959 4526 3095 4587 ἐστι,
3125 4523 3218 4579 καὶ
3248 4525 3327 4587 εἰς
3359 4521 3624 4619 ἀπώλειαν

376 4603 583 4663 septem
613 4605 719 4662 est,
749 4610 802 4653 et
831 4598 886 4653 in
916 4598 1195 4657 interitum
1222 4606 1387 4662 vadit.
1437 4607 1504 4663 Et
1529 4610 1715 4665 decem
1748 4629 1952 4671 cornua

2074 4617 2281 4686 δπάγει.
2313 4616 2424 4671 Kal
2449 4615 2519 4670 τὰ
2554 4615 2686 4669 δέκα
2714 4615 2921 4691 κέρακτα
2966 4615 3002 4669 ἀ
3031 4612 3190 4678 εἶδες,
3224 4615 3357 4668 δέκα
3397 4612 3624 4685 βασιλεῖς

372 4703 497 4756 quae
535 4689 737 4756 vidisti,
759 4691 946 4748 decem
978 4710 1134 4765 reges
1154 4706 1303 4762 sunt,
1328 4700 1421 4769 qui
1451 4716 1678 4772 regnum
1707 4706 1948 4761 nondum

374 4793 723 4851 acceperunt,
783 4786 879 4841 sed
940 4796 1260 4857 potestatem
1316 4800 1575 4863 tanquam
1632 4812 1786 4867 reges
1842 4815 1949 4855 una

374 4873 511 4927 hora
562 4875 832 4944 accipient
878 4893 1002 4933 cum
1053 4879 1248 4936 bestia.
1294 4881 1360 4937 Hi
1392 4901 1557 4939 unam
1610 4889 1947 4948 voluntatem

376 4962 595 5028 habent,
626 4978 680 5021 et
706 4969 964 5029 virtutem
998 4985 1052 5029 et
1080 4986 1401 5046 potestatem
1429 4994 1585 5034 suam
1619 4979 1807 5035 bestia:
1840 4991 1952 5036 tra-

370 5056 521 5115 dent.
550 5057 616 5114 Hi
642 5077 765 5116 cum
799 5064 953 5133 Agno
989 5070 1328 5137 pugnabunt,
1354 5080 1408 5125 et
1430 5069 1618 5141 Agnus
1659 5073 1838 5128 vincet
1881 5075 1950 5129 il-

371 5148 493 5218 los;
535 5153 797 5223 quoniam
841 5154 1106 5215 Dominus
1148 5160 1499 5217 dominorum
1522 5171 1625 5230 est,
1655 5172 1709 5219 et
1733 5180 1827 5219 rex
1856 5180 1945 5221 re-

368 5437 390 5465 ε
439 5367 552 5438 (77)
622 5369 983 5441 Ἐπλάγχθη.
1039 5371 1140 5439 ld.,
1183 5373 1482 5446 ἐπλανήθη.
1540 5373 1606 5430 Ει
1645 5392 1807 5444 mox,
1845 5380 1947 5433 ούκ

366 5454 537 5491 εσται.

437 5507 547 5578 (78)
602 5510 711 5564 Καὶ
755 5510 829 5591 τὰ
866 5511 1187 5591 ἀκάθαρτα.
1217 5512 1453 5591 Reliqui,
1483 5516 1945 5591 ἀκαθαρτότητος,

367 5592 490 5657 quae
537 5593 655 5657 vox.
692 5582 826 5635 satis
876 5581 1186 5639 duragl’ro
1236 5581 1525 5656 τῆς’γῆς,
1593 5581 1788 5657 reliqui
1817 5581 1945 5642 ἀύέ

368 5645 487 5715 τῆς·
536 5646 794 5770 Syriacus
850 5663 1032 5707 tamen
1085 5645 1411 5715 «terrani,i'
1446 5645 1600 5725 quasi
1640 5645 1801 5713 aliam
1850 5660 1938 5714 lit-

370 5728 541 5770 teram
592 5733 716 5770 tam:
748 5721 1015 5770 habuerit-
1062 5726 1144 5770 vel
1198 5725 1420 5770 alterius
1458 5727 1932 5770 annnlempmnm-

370 5728 541 5797 teram
576 5721 716 5797 hanc
740 5721 1016 5797 habuerit,
1062 5726 1144 5797 vel
1198 5725 1420 5797 alterius
1458 5721 1932 5797 Supplemeutum;

366 5804 429 5863 ac
463 5787 508 5840 si
541 5787 785 5863 mulieris
830 5792 1197 5857 immunditia,
1236 5795 1351 5863 ipsa
1382 5787 1542 5851 teme
1564 5787 1936 5857 'immunditia

366 5857 506 5917 dicta
549 5858 640 5918 sit.
688 5858 779 5920 Sic
809 5863 956 5921 enim
999 5857 1395 5933 comparatum,
1449 5878 1505 5924 ut
1557 5867 1706 5925 labes
1731 5883 1795 5925 ex
1828 5885 1937 5928 uno

2058 4712 2216 4775 εἰσιν,
2246 4710 2441 4773 οἵτινες
2469 4708 2745 4780 βασιλείαν
2789 4708 2941 4762 οῦπω
2975 4708 3185 4771 ἔλαϐον,
3238 4708 3355 4762 ἀλλ’
3387 4707 3625 4774 ἐξουσίαν

2056 4803 2132 4867 ὡς
2162 4802 2398 4873 βασιλεῖς
2429 4800 2556 4872 μίαν
2583 4800 2732 4873 ὥραν
2763 4800 3098 4872 λαμϐάνουσι
3122 4799 3261 4871 μετά
3291 4799 3390 4853 τοῦ
3424 4799 3620 4872 θηρίον.

2057 4892 2169 4966 Τὴν
2204 4892 2330 4965 μίαν
2359 4891 2469 4963 (80)
2502 4889 2726 4969 γνώμην
2769 4891 2973 4967 ἔχουσι,
3022 4892 3117 4943 καὶ
3143 4890 3240 4961 τὴν
3265 4889 3510 4961 δύναμιν,
3536 4888 3624 4939 καὶ

2051 4984 2147 5057 τὴν
2204 4983 2452 5050 ἐξουσίαν
2509 4982 2690 5039 αὐτῶν
2743 4983 2821 5055 τῷ
2854 4983 3027 5055 θηρίῳ
3063 4982 3437 5036 διαδώσουσιν.
3469 4974 3623 5034 Οὗτοι

2055 5075 2196 5145 μετά
2226 5074 2322 5129 τοῦ
2352 5075 2539 5147 ἀρνίου
2572 5074 2961 5145 πολεμήσουσι,
2993 5074 3086 5127 καὶ
3111 5072 3173 5126 τὸ
3204 5072 3393 5143 ἀρνίον
3423 5071 3625 5139 νικήσει

2054 5167 2269 5233 αὐτούς·
2299 5169 2380 5221 ὅτι
2415 5167 2617 5240 Κύριος
2650 5166 2852 5238 κυρίων
2879 5166 3018 5229 ἐστὶ,
3068 5164 3160 5225 καὶ
3194 5164 3449 5235 βασιλεὺς
3471 5164 3622 5233 βασι-

2057 5390 2262 5441 scorto,
2297 5380 2350 5434 in
2385 5380 2566 5450 plures
2600 5393 2662 5433 ac
2692 5377 2872 5447 ipsum
2916 5393 3069 5448 paene
3092 5377 3282 5433 orbem
3309 5378 3613 5432 diducatur.

2054 5450 2291 5506 Coussr.

2125 5521 2369 5598 (79_)_Kai
2402 5518 2717 5598 παρέσται..
2762 5518 2854 5598 Sic
2886 5518 3047 5598 etiam
3091 5518 3263 5598 codex
3302 5516 3616 5598 Alexandrq

2052 5587 2381 5667 et'vi‘d_etu_r
2440 5591 2657 5667 optima
2706 5587 3095 5667 lectio.‘__Vulg.
3158 5587 3377 5667 Graeca,
3406 5587 3620 5667 καίπερ

2052 5663 2188 5715 ὲστί.
2240 5660 2432 5715 Latina
2476 5656 2839 5714 'desiderant.
2897 5657 2987 5729 Sic
3029 5656 3245 5727 quoque
3302 5656 3506 5729 Syriae.
3564 5664 3617 5711 εἴ

2045 5732 2262 5786 Arabic.
2309 5740 2577 5807 eventura
2611 5750 2627 5780 ι
2654 5728 3055 5807 ῃεῦευιίιυξιι.
3167 5798 3178 5807 ι
3297 5796 3348 5807 ω

2118 5801 2227 5869 (80)
2286 5800 2405 5870 Τὴν
2431 5802 2599 5871 μίαν.
2647 5798 2895 5855 Combef.
2923 5793 3065 5855 οὗτοι
3119 5798 3267 5870 μίαν.
3296 5796 3383 5853 Sic
3428 5804 3616 5852 textus

2045 5870 2284 5930 Gi'mcus.
