3836 6550
230 359 345 414 737

1333 357 1421 415 DE
1459 356 1761 414 CHRISTO
1800 353 1888 410 ET
1929 356 2410 415 ANTICHRISTO.

3393 365 3494 422 758

233 480 506 535 λευόντων
545 480 661 533 ἐστί
681 497 693 508 ·
733 478 828 533 καὶ
850 479 899 531 οἱ
937 480 1051 548 μετ’
1083 475 1270 541 αὐτοῦ,
1306 476 1512 548 κλητοὶ,
1548 478 1640 530 καὶ
1670 474 1809 527 ὲκλε-

1925 490 2091 544 gum;
2139 488 2192 532 et
2239 478 2333 548 qui
2387 493 2511 532 cum
2566 479 2680 548 illo,
2725 482 2933 546 vocati,
2990 484 3144 540 electi
3195 495 3247 540 et
3314 488 3496 547 fideles

232 575 379 636 κτοὶ,
410 574 506 626 καὶ
537 574 739 625 πιστοί.

315 685 334 717 ‹
374 668 484 719 Καὶ
534 666 681 735 λέγει
715 682 829 737 μοι·
865 665 946 718 Τά
976 663 1144 718 ὕδατα
1174 663 1211 718 ἃ.
1238 660 1395 730 εἶδες,
1431 656 1493 716 οὗ
1526 661 1815 734 κάθηταιή

232 761 436 831 πόρνη,
472 760 592 813 λαοὶ
644 760 737 813 καὶ
769 757 914 829 ὄχλοι
956 759 1053 812 καὶ
1107 758 1233 830 ἔθνη
1268 758 1376 811 εἰσὶ
1420 758 1515 810 καὶ
1552 755 1815 825 γλῶσσαι.

231 854 346 905 Καὶ
374 852 444 906 τά
494 852 628 905 δέκα
688 851 896 923 κέρατα
928 851 965 906 ἃ.
1010 847 1174 915 εἶδες,
1206 850 1392 904 καὶτὸ
1436 849 1644 921 θηρίον,
1672 840 1819 903 οὗτοι

233 946 535 1014 μισήσουσι
606 943 705 1015 τὴν
761 943 1006 1016 πόρνην,
1066 943 1161 997 καὶ
1213 943 1587 1016 ἠρημωμένην
1646 942 1819 1013 αὐτὴν

230 1040 529 1107 ποιήσουσι
563 1037 657 1090 καὶ
711 1036 945 1108 γυμνὴν,
974 1036 1070 1089 καὶ
1114 1034 1214 1100 τὰς
1258 1035 1467 1105 σάρκας
1512 1034 1683 1104 αὐτῆς
1711 1033 1817 1102 φά-

229 1144 447 1195 γονται,
482 1129 574 1181 καὶ
627 1128 796 1199 αὐτὴν
842 1127 1284 1181 κατακαύσουσιν
1318 1128 1375 1179 ὲν
1418 1125 1571 1197 πυρί.
1614 1126 1671 1178 'O
1709 1124 1819 1194 γάρ

226 1218 367 1283 Θεὸς
396 1220 597 1273 ἔδωκεν
629 1222 707 1283 είς
735 1219 831 1290 τὴν
862 1218 1085 1291 καρδίαν
1110 1217 1288 1272 αὐτῶν
1314 1218 1537 1288 ποιῆσαι
1562 1216 1661 1288 τὴν
1681 1216 1821 1285 γνώ-

232 1329 346 1383 μην
380 1311 569 1376 αύτοῦ,
621 1312 715 1365 καὶ
773 1312 997 1382 ποιῆσαι
1032 1309 1257 1382 γνώμην
1317 1311 1468 1382 μίαν,
1504 1311 1597 1363 καὶ
1634 1310 1817 1363 δοῦναι

225 1404 331 1473 τὴν
364 1402 642 1473 βασιλείαν
675 1403 855 1457 αὑτῶν
884 1402 962 1474 τῷ
994 1401 1189 1474 θηρίῳ,
1216 1401 1343 1474 ἄχρι
1396 1400 1816 1473 τελεσθήσονται

223 1496 277 1547 oi
309 1495 465 1565 λόγοι
491 1495 584 1549 τοῦ
615 1494 773 1550 Θεοῦ.
816 1496 925 1548 Καὶ
952 1496 984 1566 ή
1012 1494 1151 1565 γυνὴ
1180 1493 1247 1565 ἢν
1273 1490 1435 1559 εἶδες,
1492 1493 1693 1564 ἐστ).νὴ
1724 1494 1819 1546 πό-

224 1593 316 1650 λις
347 1589 382 1659 ἡ
416 1587 651 1660 μεγάλη,
685 1589 719 1659 ἡ
749 1587 949 1658 ἔχουσα
985 1586 1260 1657 βασιλείαν
1290 1587 1383 1639 ἐπὶ
1412 1584 1520 1640 τῶν
1555 1585 1818 1656 βασιλέων

226 1680 331 1752 τῆς
370 1682 497 1752 γῆς·

303 1792 323 1823 ι
357 1772 514 1826 Μετὰ
539 1771 712 1826 ταῦτα
739 1768 876 1826 εἶδον
900 1772 1057 1827 ἄλλον
1080 1771 1309 1842 ἄγγελον
1335 1770 1733 1826 καταϐαίνοντα
1752 1770 1818 1823 ὲκ

222 1864 323 1917 τοῦ
361 1864 618 1936 ούρανοῦ,
651 1863 842 1935 ἔχοντα
869 1864 1147 1930 ἐξουσίαν
1196 1862 1457 1933 μεγάλην·
1522 1861 1618 1915 καὶ
1664 1862 1697 1932 ’ἢ
1745 1861 1818 1932 Υῆ

222 1955 509 2027 ἓφωτίσθη
542 1956 607 2009 ὲκ
663 1956 765 2027 τῆς
800 1956 957 2028 δόξης
1002 1956 1188 2011 αὑτοῦ.
1237 1957 1348 2009 Καὶ
1395 1954 1624 2025 ἔκραξεν
1669 1956 1819 2024 ίσχυ-

226 2050 297 2119 ρᾷ
334 2049 446 2119 (81)
483 2051 633 2120 φωνῇ
666 2048 896 2121 μεγάλη,
925 2048 1119 2118 λέγων’
1156 2050 1410 2113 Ἔπεσεν,
1446 2049 1608 2101 ἔπεσε
1638 2048 1817 2102 Βαὸυ-

222 2141 335 2194 λὼν
362 2144 395 2213 ή
431 2141 662 2212 μεγάλη,
698 2142 793 2196 καὶ
820 2141 1040 2211 ἐγένετο
1080 2142 1500 2215 κατοικητήριον
1524 2140 1815 2211 δαιμόνων,

222 2235 323 2287 καὶ
350 2233 568 2304 φυλακὴ
616 2233 818 2296 παντὸς
847 2231 1156 2304 πνεύματος
1215 2232 1525 2304 ἀκαθάρτου
1571 2230 1690 2303 [καὶ
1719 2250 1819 2301 φυ-

218 2326 374 2397 λακὴ
412 2327 615 2391 παντὸς
674 2326 863 2399 ὀρνέου
897 2326 1258 2399 ἀκαθάρτου],
1289 2327 1383 2380 καὶ
1417 2327 1811 2398 μεμισημένου·

220 2420 305 2471 ὅτι
334 2420 405 2472 ὲκ
434 2418 529 2472 τοῦ
582 2420 727 2473 οίνου
755 2418 849 2473 τοῦ
880 2417 1055 2491 θυμοῦ
1086 2419 1186 2489 τῆς
1238 2419 1493 2491 πορνείας
1521 2420 1689 2489 αὐτῆς
1716 2419 1817 2472 πέ-

223 2529 385 2564 πωκε
417 2512 596 2566 πάντα
638 2510 707 2565 τὰ
735 2512 884 2584 ἔθνη.
916 2512 1030 2565 Καὶ
1056 2514 1107 2565 οἱ
1153 2511 1391 2581 βασιλεῖς
1423 2512 1521 2583 τῆς
1551 2512 1654 2583 γῆς
1699 2514 1817 2582 μετ’

224 2602 410 2671 αὐτῆς
462 2602 818 2674 ἐπόρνευσαν,
853 2604 950 2658 καί⁹
985 2605 1033 2657 οἱ
1084 2602 1320 2677 ἔμποροι
1352 2605 1450 2677 τῆς
1479 2604 1584 2675 γῆς
1628 2606 1693 2659 ἐκ
1719 2606 1818 2676 τῆς

222 2692 517 2764 δυνάμεως
570 2694 666 2747 τοῦ
734 2696 998 2768 στρήνους
1056 2695 1227 2767 αὐτῆς
1291 2696 1649 2768 ἐπλούτησαν.
1708 2698 1817 2751 Καὶ

222 2786 444 2854 ήκουσα
472 2785 639 2857 ἄλλην
668 2788 849 2860 φωνὴν
876 2790 941 2843 ὲκ
972 2790 1081 2845 τῶν
1110 2790 1355 2862 οὐρανῶν
1376 2791 1658 2861 λέγουσαν·
1703 2790 1818 2856 Ἐξ-

222 2877 419 2931 έλθετε
442 2878 502 2944 ἐξ
525 2879 715 2950 αὐτῆς,
747 2882 775 2935 6
812 2881 940 2945 λαός
975 2899 1100 2952 μου,
1130 2883 1215 2936 ἴνα
1243 2882 1316 2955 μὴ
1347 2885 1815 2956 συγκοινωνήσητε

220 2972 352 3033 ταῖς
380 2969 677 3042 ἁμαρτίαις
704 2972 894 3043 αὐτῆς,
922 2973 1017 3026 καὶ¹
1042 2975 1106 3027 ὲκ
1140 2973 1249 3027 τῶν
1278 2974 1499 3045 πληγῶν
1530 2975 1701 3043 αὐτῆς
1730 2974 1817 3028 ἵνα

227 3061 304 3133 μὴ
355 3061 582 3133 λάϐητε·
614 3065 697 3117 ὅτι
726 3064 1096 3138 ἐκολλήθησαν
1130 3066 1242 3139 (82)
1302 3069 1357 3120 αί
1399 3068 1668 3140 ἁμαρτίαι
1705 3066 1815 3137 (83)

220 3152 334 3215 ⁶ιέως
366 3151 463 3206 τοῦ
498 3153 753 3225 ούρανοῦ,
775 3156 867 3209 καὶ
887 3157 1292 3227 ἐμνημόνευσεν
1317 3160 1345 3211 6
1366 3159 1497 3222 Θεὸς
1524 3157 1593 3211 τά
1622 3157 1813 3229 ἀδική-
1841 3165 1888 3227 c

227 3262 382 3316 ματα
416 3246 610 3316 αὐτῆς.

297 3357 318 3389 ι
355 3339 608 3393 Ἀπόδοτε
632 3341 770 3412 αὐτῇ
801 3340 876 3405 ὡς
905 3343 997 3395 καὶ
1037 3342 1175 3414 αὑτὴ
1199 3343 1445 3398 ἀπέδωκε
1471 3344 1601 3415 (84),
1621 3347 1713 3399 καὶ
1731 3346 1813 3399 δι-

219 3431 471 3485 πλάσατε
500 3431 570 3485 τὰ
602 3433 766 3487 διπλᾶ
789 3435 931 3489 κατὰ
954 3434 1023 3488 τά
1059 3435 1195 3506 ἔργα
1221 3437 1411 3507 αὐτῆς·
1448 3437 1505 3489 ὲν
1536 3436 1613 3507 τῷ
1646 3454 1814 3508 ποτη-

222 3524 328 3594 ρίῳ
354 3516 401 3591 ᾧ
427 3525 681 3597 ἐκέρασε,
712 3526 984 3598 κεράσατε
1010 3529 1148 3599 αὐτῇ
1178 3527 1419 3582 διπλοῦν.
1459 3528 1599 3582 Ὅσα
1633 3528 1814 3595 ἐδόξα-

219 3633 311 3668 σεν
336 3617 560 3689 ἑαυτὴν,
602 3619 696 3671 καὶ
726 3620 1069 3691 ὲστρηνίασε,
1118 3620 1371 3675 τοσοῦτον
1396 3621 1513 3675 δότε
1541 3624 1680 3694 αὐτῇ
1714 3623 1812 3694 βα-

221 3708 496 3780 σανισμὸν
527 3709 621 3762 καὶ
652 3709 867 3775 πένθος
904 3712 987 3765 ὅτι
1018 3713 1075 3765 ὲν
1121 3715 1188 3784 τῇ
1218 3713 1415 3787 καρδίᾳ
1442 3714 1615 3785 αὐτῆς
1641 3715 1809 3786 λέγει·

216 3798 492 3871 Κάθημαι
526 3799 811 3871 βασίλισσα
853 3802 950 3856 καὶ
981 3804 1124 3874 χήρα
1153 3805 1254 3857 οὐκ
1314 3806 1449 3876 εἰμὶ,
1493 3807 1587 3861 καὶ
1614 3809 1815 3870 πένθος

214 3892 276 3944 ού
312 3891 393 3962 μὴ
433 3891 547 3945 ἴδω.
575 3892 673 3946 Διά
720 3893 880 3947 τούτο
923 3896 981 3949 ὲν
1016 3897 1113 3967 μιᾷ
1136 3896 1322 3969 ἡμέρᾳ
1341 3898 1563 3968 ἥξουσιν
1585 3902 1639 3954 αἱ
1676 3899 1814 3970 πλη-

214 3984 311 4052 γαὶ
347 3984 524 4054 αὐτῆς
573 3983 823 4051 θάνατος,
849 3987 944 4041 καὶ
987 3987 1204 4051 πένθος,
1263 3990 1357 4043 καὶ
1393 3989 1571 4061 λιμὸς,
1631 3994 1725 4046 καὶ
1753 3994 1811 4045 ὲν

216 4079 356 4150 πυρὶ
391 4077 905 4150 κατακαυθήσεται·
953 4081 1034 4133 ὅτι
1072 4082 1291 4152 ἰσχυρὸς
1336 4083 1543 4155 Κύριος
1573 4085 1602 4135 6
1654 4085 1807 4149 Θεὸς,

212 4171 241 4222 6
273 4169 483 4241 κρίνας
535 4170 724 4242 αὑτήν.
760 4172 872 4225 Καὶ
930 4172 1257 4228 κλαύσονται
1294 4176 1388 4230 καὶ
1437 4176 1693 4247 κόψονται
1721 4180 1807 4231 ἐπ’

214 4262 393 4333 αὐτὴν
426 4264 477 4314 οί
505 4262 745 4332 βασιλεῖς
768 4264 866 4335 τῆς
890 4265 1012 4335 γῆς,
1045 4266 1094 4317 οί
1137 4266 1254 4337 μετ’
1286 4266 1458 4337 αὐτῆς
1486 4268 1810 4340 πορνεύσαν-

213 4372 305 4418 τες
329 4354 430 4407 καὶ
463 4354 907 4426 στρηνιάσαντες,
937 4357 1065 4410 ὅταν
1109 4357 1347 4427 βλέπωσι
1367 4361 1459 4413 τὸν
1482 4362 1688 4416 καπνὸν
1710 4363 1808 4432 τῆς

217 4446 527 4518 πυρώσεως
560 4448 751 4519 αὐτῆς,
787 4448 895 4502 άπὸ
930 4450 1203 4521 μακρόθεν
1233 4452 1545 4522 ἑστηκότες,
1600 4453 1689 4508 διὰ
1716 4452 1807 4507 τὸν

216 4539 389 4607 φόϐον
420 4538 517 4593 τοῦ
556 4538 891 4611 βασανισμοῦ
925 4542 1116 4612 αὐτῆς,
1147 4542 1414 4611 λέγοντες
1474 4546 1634 4610 Οὐαὶ,
1660 4548 1803 4611 οὐαὶ,

216 4633 251 4702 ή
283 4630 443 4694 πόλις
471 4632 505 4701 ἡ
537 4631 767 4702 μεγάλη,
824 4632 1105 4696 Βαϐυλὼν,
1142 4636 1175 4704 ἡ
1209 4634 1360 4699 πόλις
1395 4638 1429 4707 ή
1474 4638 1687 4709 ἰσχυράο
1725 4641 1807 4693 ὅτι

220 4723 322 4793 μιᾷ
376 4722 501 4793 ὥρα
528 4718 692 4792 ἦλθεν
732 4723 975 4795 ήκρίσις
1026 4741 1141 4780 σου.
1200 4726 1309 4780 Καὶ
1340 4730 1389 4780 οί
1449 4728 1681 4801 ἔμποροι
1708 4733 1807 4800 τῆς

213 4814 323 4885 γῆς
354 4812 657 4867 κλαύσουσι
681 4814 775 4867 καὶ
826 4814 1183 4886 πενθήσουσιν
1219 4817 1307 4871 ἐπ’
1332 4819 1534 4889 αὑτήν·
1591 4821 1672 4873 ὅτι
1716 4822 1807 4875 τὸν

213 4906 391 4976 γόμον
417 4905 599 4960 αὐτῶν
622 4906 796 4971 οὐδεὶς
828 4906 1091 4977 ἀγοράσει
1116 4906 1324 4962 οὐκέτι’
1351 4909 1519 4980 γόμον
1557 4911 1803 4981 χρυσίου,

214 5001 310 5052 καὶ
344 4999 638 5071 ἀργυρίου,
669 4999 764 5053 καὶ
800 4999 948 5053 λίθου
973 5001 1176 5071 τιμίου,
1205 5002 1300 5054 καὶ
1329 5005 1691 5074 μαργαρίτου,
1711 5005 1806 5058 καὶ

216 5090 445 5159 βύσσου,
484 5091 579 5143 καὶ
611 5090 917 5162 πορφύρας,
956 5092 1050 5146 καὶ
1111 5090 1360 5165 σηρικοῦ,
1403 5092 1496 5149 καὶ
1527 5096 1801 5148 κοκκίνου·

218 5186 315 5239 καὶ
344 5186 458 5239 πᾶν
492 5184 648 5248 ξύλον
671 5184 871 5249 θύῖνον,
919 5186 1013 5239 καὶ
1057 5188 1165 5240 πᾶν
1202 5186 1395 5252 σκεῦος
1438 5188 1802 5258 ἐλεφάντινον,

287 5368 335 5401 ⁸⁸
373 5368 546 5438 Apoc.
572 5382 706 5431 xvu,
738 5367 885 5422 1-18.

211 5530 712 5658 νηςὲἓώιέογχυρᾷ.
763 5534 865 5600 ld.,
910 5535 969 5589 ὲν
1021 5535 1180 5606 ίσχύῖ.
1220 5535 1311 5591 Sic
1357 5544 1536 5592 textus
1579 5539 1800 5595 Graecus

288 5621 917 5749 ἒὲἒῖυέκοτλλήθῃσαν.
978 5696 997 5727 «η
1020 5675 1440 5749 Adhwserunt.»
1469 5666 1669 5733 Eadem
1700 5680 1800 5749 Sy-

217 5744 352 5799 riac.
382 5753 436 5799 et
466 5745 683 5799 Arabio.
714 5744 901 5801 Graeca
942 5747 1087 5871 vulg.
1118 5747 1512 5871 ὴκολθύθησαν,
1551 5768 1568 5801 ι
1620 5744 1799 5804 secuta

217 5824 350 5871 sunt
398 5823 617 5871 peccata
648 5830 821 5871 usque
859 5818 924 5871 ad
952 5833 1033 5871 cu:
1060 5832 1202 5871 um.»
1283 5818 1390 5871 illa.
1428 5838 1440 5871 :
1483 5840 1500 5871 ι
1530 5819 1799 5871 Pervene-

217 5824 350 5871 sunt
397 5823 617 5885 peccata
648 5830 821 5888 usque
859 5818 924 5872 ad
952 5818 1202 5873 caelum.»
1238 5818 1390 5889 Vulg.
1428 5838 1440 5877 :
1483 5840 1500 5872 ι
1530 5819 1799 5877 Pervene-

1920 576 2066 623 ευιιι.

1996 662 2238 719 XXXIX.
2280 684 2299 719 ι
2337 667 2402 721 Et
2431 668 2568 724 dixit
2596 670 2770 725 mihi:
2805 671 2973 741 AqUa:
3018 687 3155 741 quas
3194 674 3377 729 vidisti
3404 676 3497 730 ubi

1924 760 2186 813 meretrix
2217 760 2392 826 sedet,
2448 762 2634 831 populi
2666 772 2795 819 sunt
2855 775 2909 817 et
2940 765 3111 819 turba:
3137 774 3193 820 et
3230 776 3416 837 gentes
3443 776 3498 821 et

1924 850 2144 920 linguaz.
2177 851 2241 905 Et
2263 853 2450 907 decem
2481 869 2687 909 cornua
2718 871 2840 925 quae
2875 855 3079 921 vidisti,
3114 866 3170 912 et
3205 858 3373 913 bestia
3394 900 3409 924 ,
3442 859 3497 912 hi

1925 941 2114 997 odient
2145 945 2509 1010 meretricem,
2534 956 2589 1001 ct
2618 947 2918 1002 desolatam
2946 964 3066 1003 eam
3093 947 3294 1005 facient
3314 961 3368 1006 et
3396 969 3497 1005 nu—

1923 1033 2071 1099 dam,
2095 1042 2149 1088 et
2176 1049 2372 1089 carnes
2422 1034 2541 1104 ejus
2586 1038 2893 1100 comedent,
2938 1049 2993 1092 et
3025 1039 3196 1109 ipsam
3230 1041 3337 1111 igni
3368 1058 3498 1096 con-

1924 1124 2266 1179 cremabunt.
2303 1122 2446 1180 Deus
2507 1126 2653 1181 enim
2687 1128 2834 1182 dedit
2864 1128 2918 1180 in
2967 1145 3061 1184 cor
3097 1147 3285 1187 eorum
3317 1143 3373 1187 ut
3416 1132 3496 1187 fa-

1922 1215 2072 1270 ciant
2102 1216 2248 1287 quod
2279 1218 2355 1273 illi
2390 1219 2673 1291 placuerit,
2704 1227 2759 1273 et
2813 1218 3014 1276 faciant
3050 1238 3210 1278 unam
3244 1225 3497 1281 voluntao

1925 1310 2054 1376 tem;
2077 1321 2131 1365 et
2175 1312 2305 1366 dent
2332 1327 2557 1383 regnum
2588 1328 2747 1368 suum
2778 1314 2984 1380 bestiae,
3042 1316 3216 1370 donec
3239 1332 3496 1371 consum-

1926 1411 2148 1457 mentur
2198 1403 2362 1458 verba
2412 1402 2527 1459 Dei.
2580 1404 2649 1459 Et
2704 1405 2898 1459 mulier
2949 1422 3113 1475 quam
3163 1408 3365 1472 vidisti,
3413 1418 3496 1463 est

1923 1495 2119 1550 civitas
2184 1511 2418 1566 magna,
2486 1512 2608 1568 qua:
2667 1497 2829 1554 habet
2878 1514 3103 1570 regnum
3141 1515 3303 1570 super
3344 1516 3495 1572 reges

1920 1596 2079 1643 terrai
2102 1588 2168 1643 “.

1993 1768 2107 1823 XL.
2146 1787 2162 1820 ι
2186 1769 2311 1826 Post
2352 1770 2467 1825 haec
2494 1771 2599 1827 vidi
2629 1772 2859 1827 alterum
2886 1773 3135 1842 angelum
3164 1773 3497 1830 descenden-

1925 1872 2031 1917 tem
2060 1863 2126 1918 de
2180 1864 2341 1930 cmlo,
2402 1864 2687 1920 habentem
2737 1876 3057 1935 potestatem
3105 1882 3394 1938 magnam;
3444 1876 3498 1922 et

1925 1965 2067 2010 terra
2104 1955 2406 2009 illuminata
2441 1967 2524 2012 est
2552 1973 2582 2011 a
2615 1957 2863 2012 claritate
2887 1958 3026 2027 ejus.
3065 1957 3132 2013 Et
3156 1960 3412 2014 clamavit
3442 1960 3497 2013 in

1921 2045 2243 2103 fortitudine
2304 2063 2437 2103 voce
2490 2064 2707 2120 magna,
2764 2050 3002 2106 dicens:
3042 2050 3271 2119 Cecidit,
3306 2051 3500 2106 cecidit

1925 2137 2164 2210 Babylon
2195 2154 2414 2208 magna,
2434 2148 2489 2195 et
2515 2138 2656 2195 facta
2679 2149 2764 2196 est
2789 2141 3050 2197 habitatio
3078 2142 3495 2198 daemoniorum:

1923 2239 1978 2285 et
2003 2230 2251 2286 custodia
2287 2232 2470 2288 omnis
2531 2232 2758 2303 spiritus
2806 2233 3093 2301 immundi,
3144 2242 3199 2288 et
3245 2234 3498 2289 custodia

1920 2321 2102 2379 omnis
2127 2323 2365 2379 volucris
2421 2324 2715 2381 immundae
2740 2335 2793 2380 et
2812 2341 3027 2391 exosze;
3089 2326 3216 2396 quia
3264 2326 3331 2382 de
3367 2326 3496 2381 vino

1919 2413 2017 2468 ira:
2044 2414 2395 2471 scortationis
2418 2415 2536 2486 ejus
2562 2417 2818 2473 biberunt
2864 2434 3054 2475 omnes
3085 2427 3291 2489 gentes.
3321 2416 3390 2472 Et
3411 2435 3497 2473 re-

1920 2520 2015 2576 ges
2040 2514 2197 2561 terra:
2256 2522 2379 2561 cum
2432 2508 2524 2561 illa
2553 2507 2807 2564 fornicati
2861 2518 3007 2576 sunt,
3055 2521 3111 2565 et
3160 2517 3496 2566 mercatores

1922 2605 2080 2651 terra;
2115 2596 2182 2650 de
2214 2597 2417 2653 virtute
2444 2598 2763 2654 deliciarum
2813 2600 2933 2670 ejus
2962 2601 3159 2656 divites
3186 2598 3316 2655 facti
3343 2611 3493 2655 sunt.

1922 2687 1987 2743 Et
2008 2687 2191 2743 audivi
2222 2689 2384 2744 aliam
2416 2705 2604 2746 vocem
2638 2691 2705 2746 de
2732 2692 2872 2747 caelo
2911 2692 3180 2747 dicentem
3206 2709 3220 2745 :
3245 2691 3403 2745 Exite
3426 2690 3494 2745 de

1920 2781 2033 2846 illa,
2066 2782 2299 2853 populus
2334 2798 2510 2847 meus,
2561 2799 2630 2838 ne
2678 2784 2973 2854 participes
3009 2784 3129 2840 sitis
3170 2783 3492 2839 delictorum

1919 2873 2061 2944 ejus,
2090 2882 2145 2929 et
2172 2874 2240 2929 de
2273 2875 2444 2946 plagis
2479 2874 2597 2945 ejus
2630 2890 2698 2929 ne
2745 2876 3044 2946 accipiatis.
3099 2874 3368 2942 Quoniam
3395 2876 3495 2930 ad--

1922 2966 2196 3021 haeserunt
2226 2975 2443 3034 peccata
2497 2965 2619 3034 ejus
2663 2980 2837 3036 usque
2879 2965 2947 3020 ad
2971 2966 3192 3031 coelum,
3224 2974 3278 3020 et
3306 2979 3492 3020 recor—

1921 3057 2081 3113 datus
2108 3066 2192 3112 est
2219 3055 2483 3112 Dominus
2512 3056 2860 3127 iniquitatum
2890 3056 3033 3127 ejus.

1988 3322 2124 3376 XLI.
2160 3341 2177 3374 ι
2212 3319 2437 3377 Reddite
2468 3320 2545 3374 illi
2572 3320 2714 3375 sicut
2738 3328 2791 3374 et
2816 3320 2932 3389 ipsa
2956 3319 3187 3374 reddidit
3210 3319 3365 3375 vobis
3396 3334 3411 3373 :
3441 3326 3495 3375 et

1918 3415 2193 3485 duplicate
2226 3414 2463 3485 duplicia
2493 3412 2791 3468 secundum
2836 3428 2999 3482 Opera
3021 3413 3160 3485 ejus.
3194 3410 3253 3467 In
3295 3412 3492 3482 poculo

1918 3524 2028 3579 quo
2062 3507 2302 3574 miscuit,
2358 3507 2582 3562 miscete
2628 3506 2705 3559 illi
2733 3504 2979 3576 duplum.
3008 3504 3281 3571 Quantum
3326 3504 3493 3575 glori-

1920 3602 2104 3657 ficavit
2129 3617 2186 3657 se
2209 3610 2263 3656 et
2296 3601 2349 3654 in
2373 3600 2584 3655 deliciis
2612 3598 2735 3664 fuit,
2771 3608 2982 3653 tantum
3004 3599 3129 3653 date
3157 3598 3236 3652 illi
3261 3608 3495 3652 tormen-

1919 3708 2033 3751 tum
2064 3706 2117 3751 et
2144 3696 2384 3757 luctum;
2420 3693 2547 3763 quia
2580 3692 2632 3746 in
2664 3692 2828 3747 corde
2861 3706 2962 3746 suo
2989 3690 3161 3745 dicit:
3202 3687 3374 3744 Sedeo
3410 3705 3493 3743 re-

1919 3790 2066 3859 gina,
2099 3798 2155 3842 et
2184 3786 2347 3842 vidua
2411 3800 2520 3839 non
2584 3799 2738 3850 sum;
2790 3792 2843 3837 et
2886 3782 3094 3838 luctum
3126 3796 3232 3836 non
3274 3780 3489 3834 videbo.

1917 3880 2042 3935 ldeo
2065 3881 2117 3932 in
2142 3894 2249 3933 una
2309 3878 2395 3932 die
2423 3876 2644 3931 venient
2679 3875 2849 3946 plaga:
2880 3874 3023 3945 ejus,
3057 3890 3206 3930 mors
3231 3882 3285 3929 et
3312 3874 3492 3930 luctus

1916 3982 1970 4026 et
1999 3970 2194 4035 fames,
2224 3981 2279 4024 et
2302 3967 2410 4040 igni
2436 3966 2818 4031 comburetur;
2853 3965 2981 4035 quia
3030 3964 3189 4020 fortis
3215 3973 3297 4018 est
3325 3962 3486 4027 Deus,

1914 4064 2291 4135 quijudicavit
2329 4076 2472 4117 eam.
2522 4060 2589 4115 Et
2639 4060 2898 4130 lugebunt
2944 4067 2997 4114 et
3033 4058 3290 4128 plangent
3327 4072 3493 4126 super

1914 4173 2032 4215 eam
2072 4172 2228 4228 reges
2259 4165 2438 4223 terrae,
2469 4153 2561 4224 qui
2590 4169 2712 4209 cum
2762 4152 2852 4207 illa
2896 4150 3152 4205 fornicati
3186 4158 3333 4215 sunt,
3358 4158 3413 4203 et
3434 4150 3489 4203 in

1912 4250 2121 4307 deliciis
2147 4249 2420 4310 vixerunt,
2438 4262 2564 4303 cum
2586 4246 2821 4302 viderint
2848 4243 3055 4299 fumum
3081 4240 3317 4298 incendii
3350 4243 3490 4312 ejus,

1916 4347 2076 4417 longe
2122 4352 2331 4401 stantes
2369 4349 2591 4415 propter
2644 4349 2849 4397 metum
2910 4346 3307 4395 tormentorum
3345 4336 3488 4409 ejus,

1912 4437 2155 4494 dicentes
2194 4452 2209 4491 :
2242 4433 2357 4498 Vae,
2382 4448 2483 4499 ναξ,
2518 4431 2711 4488 civitas
2739 4431 2829 4484 illa
2866 4444 3082 4501 magna,
3113 4427 3376 4499 Babylon,
3408 4428 3490 4482 ci-

1914 4531 2056 4585 vitas
2084 4529 2175 4583 illa
2208 4525 2388 4594 fortis,
2413 4525 2672 4597 quoniam
2722 4539 2831 4580 una
2875 4523 3010 4577 hora
3044 4522 3193 4577 venit
3219 4521 3488 4591 judicium

1914 4634 2094 4683 tuum.
2147 4622 2213 4677 Et
2260 4622 2628 4693 negotiatores
2676 4628 2832 4673 terra:
2869 4616 3073 4671 flebunt
3125 4626 3178 4671 et
3231 4616 3490 4687 lugebunt

1916 4732 2081 4787 super
2107 4731 2248 4780 eam,
2307 4713 2567 4785 quoniam
2627 4724 2836 4766 merces
2887 4723 3077 4763 eorum
3130 4723 3291 4762 nemo
3346 4716 3488 4762 emet

1917 4811 2153 4881 amplius
2187 4823 2439 4865 :merces
2475 4806 2615 4870 auri,
2662 4818 2715 4859 et
2765 4803 2996 4873 argenti,
3027 4811 3082 4856 et
3115 4799 3309 4870 lapidis
3359 4815 3485 4869 pre-

1916 4904 2065 4968 tiosi,
2092 4910 2146 4957 et
2177 4901 2504 4972 margaritae,
2534 4906 2588 4952 et
2614 4896 2783 4968 byssi,
2814 4904 2867 4950 et
2916 4910 3190 4965 purpurae,
3221 4902 3275 4947 et
3301 4893 3485 4960 serici,

1916 5010 1970 5056 et
1996 4997 2203 5053 coccini
2240 4996 2315 5065 (et
2342 5009 2503 5049 omne
2530 4992 2737 5063 lignum
2775 4989 3045 5060 thyinum,
3074 4998 3127 5042 et
3147 4988 3330 5042 omnia
3355 5003 3481 5043 vasa

1916 5090 2120 5153 eboris,
2151 5095 2205 5142 et
2230 5099 2391 5141 omne
2412 5099 2509 5139 vas
2538 5099 2605 5138 ex
2641 5084 2787 5153 ligno
2821 5081 3238 5152 pretiosissimo,
3267 5090 3319 5134 et
3344 5095 3485 5155 tera-

1914 5191 2120 5246 mento,
2148 5190 2200 5237 et
2232 5179 2398 5244 ferro,
2427 5186 2481 5233 et
2509 5191 2820 5242 marmore;
2858 5183 2913 5231 et
2961 5174 3392 5241 cinnamomum,
3433 5184 3485 5228 et

1911 5546 2057 5593 runt.
2104 5553 2133 5586 »η
2187 5531 2320 5598 Quae
2361 5544 2470 5585 non
2528 5527 2758 5598 multum
2789 5540 2967 5598 sensu
2998 5523 3482 5598 absurit..an_tesr.

1982 5606 2092 5677 (85)
2147 5591 2234 5658 Αἶ
2253 5599 2547 5672 ἁμαρτίαι.
2597 5597 2698 5664 1(Ι.,
2743 5596 2912 5667 αὐτῆς
2959 5599 3014 5650 αἱ
3047 5596 3252 5669 ἁμαρτ.
3307 5591 3380 5649 Ut
3432 5595 3503 5689 in!

1909 5676 2092 5822 (frg?)
2135 5744 2438 5822 ‘A:_té6wxe.
2485 5737 2590 5809 ld.,
2622 5738 2899 5795 ἀπέδωκεν
2943 5738 3090 5812 ὑμῖν.
3117 5733 3303 5806 Neque
3332 5733 3442 5790 aliti
3484 5774 3494 5785 .

1909 5818 2132 5875 Graeca.
