3836 6506
390 340 493 398 759
1024 338 1082 394 S.
1125 338 1491 394 HIPPOLYTI
1533 338 1683 397 OPP.
1726 339 2014 409 PARSJI.
2054 370 2124 381 -—
2166 337 2478 395 DOGMAT.
2520 338 2609 393 ΕΤ
2648 338 2991 396 HISTORIC.
3537 341 3637 397 760

388 474 688 524 amomum,
719 468 773 513 et
795 457 1235 527 odoramcntum,
1267 468 1321 516 et
1346 470 1706 531 unguentum,
1735 471 1789 516 et
1811 462 1919 517 thus

2027 501 2035 524 ι
2065 464 2159 515 καὶ
2185 467 2293 516 πᾶν
2326 460 2518 525 σκεῦος
2550 464 2614 515 ἐκ
2649 460 2804 526 ξύλου
2851 460 3203 533 τιμιωτάτδυ,
3266 463 3361 515 καὶ
3412 463 3634 532 χαλκοῦ,

385 561 439 605 et
475 552 685 615 vinum,
714 560 767 605 et
795 552 999 618 oleum,
1030 558 1085 605 et
1114 553 1349 608 similam
1370 591 1385 617 ,
1419 562 1474 608 et
1501 552 1765 618 triticum,
1790 565 1843 609 et
1867 570 1919 623 pc

2068 556 2163 607 καὶ
2198 553 2437 625 σιδήρου,
2490 553 2583 607 καὶ
2644 555 2957 626 μαρμάρου·
3011 554 3104 607 καὶ
3148 554 3489 623 κιναμώμου’
3540 555 3635 608 καὶ

384 658 534 709 cora,
567 652 622 698 et
650 659 798 710 oves,
846 652 902 699 et
961 645 1206 714 haedos);
1240 654 1293 700 et
1345 661 1636 715 equorum,
1669 655 1724 702 et
1762 645 1919 701 rheda

2065 644 2316 716 ἄμωμον,
2350 645 2445 698 καὶ
2481 644 2752 716 θυμίαμα,
2807 646 2902 698 καὶ
2931 643 3122 715 μύρον,
3152 646 3244 699 καὶ
3280 645 3512 709 λίϐανον,
3539 645 3635 697 καὶ

382 753 528 804 rum,
549 749 601 793 et
625 739 1043 809 mancipiorum,
1067 750 1121 796 et
1145 742 1356 797 animas
1375 741 1682 796 hominum.
1711 739 1777 795 Et
1802 755 1919 810 pom

2061 732 2224 802 οἶνον,
2282 738 2379 791 καὶ
2433 736 2643 800 ἔλαιον,
2693 738 2788 791 καῖ⁵
2814 736 3119 807 σεμίδαλιν,
3180 736 3276 789 καὶ
3325 739 3488 801 σῖτον,
3538 735 3635 789 καὶ

381 828 638 885 desiderii
693 833 890 889 animae
936 841 1044 886 tuae
1100 844 1445 889 recesserunt
1483 849 1513 888 a
1558 843 1632 897 te,
1673 843 1728 888 et
1772 834 1919 887 omni

2061 831 2255 902 κτήνη,
2286 828 2383 884 καὶ⁴
2414 828 2681 900 πρόϐατα,
2719 829 2815 882 καὶ
2857 828 3109 899 τράγουςο
3138 828 3233 881 καὶ
3287 827 3486 889 ἵππων,
3534 829 3635 880 καὶ

381 922 604 993 pinguia
640 933 695 977 et
728 923 876 977 clara
908 924 1192 994 perierunt
1220 941 1250 979 a
1281 934 1354 989 te,
1387 934 1443 980 et
1461 925 1695 993 amplius
1725 925 1814 981 illa
1838 925 1919 994 jar

2060 922 2252 996 ῥεδῶν,
2279 924 2373 977 καὶ
2406 921 2694 993 σωμάτων,
2726 922 2821 975 καὶ
2859 920 3036 990 ψυχὰς
3088 916 3408 991 ἀνθρώπων.
3451 920 3562 974 Καὶ
3598 921 3631 990 ή

379 1029 488 1068 non
545 1015 810 1069 invenies.
857 1014 1186 1073 Mercatores
1221 1017 1417 1072 horum
1467 1020 1564 1087 qui
1613 1016 1807 1072 divites
1828 1017 1913 1073 fac

2057 1013 2248 1085 ὀπώρα
2283 1014 2382 1084 τῆς
2431 1013 2725 1083 ἐπιθυμίας
2755 1012 2854 1083 τῆς
2898 1011 3073 1082 ψυχῆς
3118 1027 3211 1063 σου
3238 1011 3475 1082 ἀπῆλθεν
3522 1010 3633 1065 ἀπὸ

379 1114 557 1170 erant,
585 1120 615 1160 a
660 1106 819 1176 longe
865 1108 1105 1173 stabunt,
1136 1117 1356 1178 propter
1402 1120 1606 1164 metum
1657 1118 1919 1164 tormento

2058 1102 2176 1167 σοῦ,
2208 1105 2302 1157 κα)⁵
2328 1103 2504 1157 πάντα
2531 1102 2600 1155 τὰ
2632 1102 2838 1175 λιπαρὰ
2866 1104 2960 1157 καί
3009 1104 3080 1156 τὰ
3127 1102 3353 1173 λαμπρὰ
3382 1101 3633 1158 ἀπώλετο

378 1213 499 1252 rum
529 1198 671 1267 ejus,
701 1198 892 1255 ﬂentes
918 1209 972 1254 et
1018 1200 1285 1271 lugentes,
1332 1212 1497 1271 atque
1527 1202 1765 1258 dicentes
1792 1221 1804 1256 :
1836 1200 1951 1266 Vae,

376 1307 476 1356 vae,
509 1292 703 1347 civitas
732 1293 824 1347 illa
858 1308 1075 1362 magna,
1113 1310 1233 1364 quae
1281 1296 1479 1350 amicta
1513 1303 1631 1348 erat
1665 1294 1848 1365 bysso,
1900 1303 1955 1349 et

377 1399 641 1455 purpura,
671 1395 724 1440 et
774 1386 1019 1453 coccino,
1050 1396 1105 1441 et
1145 1386 1403 1441 deaurata
1444 1397 1562 1442 erat
1610 1402 1745 1441 auro
1779 1396 1833 1441 et
1870 1386 1951 1440 la-

373 1477 498 1546 pide
542 1478 785 1546 pretioso
812 1487 867 1533 et
899 1479 1238 1549 margaritis,
1274 1479 1418 1549 quod
1448 1493 1557 1533 una
1600 1478 1736 1534 hora
1780 1478 1951 1533 desti-

372 1576 502 1622 tutae
526 1578 655 1623 sunt
700 1577 866 1624 tantm
911 1571 1132 1625 divitiae.
1181 1569 1249 1625 Et
1277 1570 1455 1625 omnis
1501 1569 1861 1641 gubernator,
1896 1578 1952 1624 et

371 1657 551 1713 omnis
583 1659 640 1713 in
699 1660 931 1714 navibus
963 1661 1301 1715 versantium
1362 1662 1522 1715 turba
1557 1671 1611 1716 et
1647 1669 1847 1725 nautae,
1894 1670 1948 1716 et

367 1750 462 1816 qui
502 1765 654 1805 mare
678 1760 935 1807 exercent
969 1768 1181 1819 omnes,
1216 1767 1245 1807 a
1273 1753 1434 1824 longe
1459 1761 1729 1808 steterunt
1755 1762 1807 1807 et
1833 1753 1945 1809 cla-

367 1852 656 1897 mave‘runt
688 1842 933 1899 videntes
966 1843 1177 1898 fumum
1217 1845 1454 1899 incendii
1483 1846 1622 1915 ejus,
1654 1846 1896 1902 dicentes
1925 1865 1939 1901 :

366 1934 499 1998 Quae
546 1933 742 1989 similis
801 1935 1007 1990 civitati
1055 1936 1184 1991 huic
1222 1936 1472 2006 magnae?
1541 1934 1606 1989 Et
1673 1936 1941 1991 miserunt

364 2024 639 2092 pulverem
679 2042 845 2097 super
875 2028 1051 2098 capita
1084 2044 1204 2097 sua,
1245 2038 1299 2084 et
1343 2030 1717 2084 clamaverunt
1748 2030 1939 2085 flentes

363 2124 419 2168 et
446 2115 713 2184 lugentes,
741 2118 985 2172 dicentes
1012 2135 1027 2172 :
1072 2117 1189 2185 Vae,
1243 2134 1345 2187 vce,
1376 2120 1569 2176 civitas
1592 2119 1682 2173 illa
1715 2135 1935 2189 magna,

2055 1195 2165 1248 ἀπὸ
2195 1194 2311 1259 σοῦ,
2345 1194 2440 1248 καὶ
2491 1193 2676 1248 οὐκέτι
2707 1194 2769 1246 οὐ
2802 1194 2875 1264 μὴ
2901 1192 3038 1246 αὐτὰ
3066 1192 3250 1266 εὕρῃς.
3278 1195 3341 1246 Οἱ
3394 1192 3630 1265 ἔμποροι

2052 1287 2257 1340 τούτων
2299 1287 2348 1340 oi
2397 1285 2819 1351 πλουτίσαντες,
2875 1285 2985 1339 ἀπὸ
3016 1285 3286 1357 μακρόθεν
3318 1286 3628 1357 στήσονται,

2051 1376 2139 1430 διὰ
2160 1377 2251 1431 τὸν
2281 1377 2445 1446 φόϐον
2472 1377 2565 1431 τοῦ
2594 1376 2929 1448 βασανισμοῦ
2959 1377 3149 1445 αὐτῆς,
3182 1377 3481 1441 κλαίοντες,
3536 1381 3630 1431 καὶ

2051 1470 2392 1536 πενθοῦντες,
2426 1470 2520 1525 καὶ
2554 1470 2818 1539 λέγοντες·
2845 1471 2989 1534 οὐαὶ,
3016 1470 3172 1535 Ούαὶ,
3205 1472 3239 1540 ἡ
3269 1470 3422 1535 πόλις
3450 1473 3485 1541 ἡ
3535 1488 3629 1540 μευ

2048 1561 2211 1633 γάλη,
2259 1564 2293 1633 ἠ
2351 1561 2787 1634 περιϐεϐλημένη
2832 1560 3101 1632 βύσσινον,
3160 1561 3255 1614 καὶ
3288 1561 3625 1632 πορφυροῦν,

2048 1657 2143 1708 καὶ
2167 1654 2440 1717 κόκκινον,
2471 1653 2566 1708 καὶ
2592 1653 2983 1725 κεχρυσωμένη
3009 1654 3068 1706 ἐν
3114 1653 3341 1724 χρυσίῳ,
3375 1655 3469 1707 καὶ
3498 1654 3626 1723 λίθῳ

2047 1746 2231 1817 τιμίῳ,
2246 1746 2340 1799 καὶ
2358 1746 2743 1818 μαργαρίταις
2759 1746 2840 1799 ὅτι
2859 1746 2956 1816 μιᾷ
2973 1744 3091 1816 ὦρᾳ
3106 1745 3374 1817 ἠρημώθη
3392 1748 3421 1798 ὁ
3438 1746 3625 1799 τοσοῦ-

1980 1810 2021 1866 Β
2046 1810 2138 1899 τοίς
2165 1810 2412 1900 πλοῦτος.
2440 1810 2567 1891 ,Καί
2589 1838 2696 1900 πᾶς
2723 1810 3080 1908 κυΰερνητης,
3121 1810 3483 1900 καί-πᾶς’ἐπὶ
3517 1840 3623 1891 τῶν

2047 1927 2250 1982 πλοίων
2283 1932 2311 1984 ὁ
2337 1928 2541 2001 ὅμιλος,
2574 1931 2667 1983 καὶ
2695 1929 2911 1994 ναῦται,
2944 1931 3036 1983 κα)¹
3081 1931 3194 1983 ὅσοι
3223 1930 3321 2002 τὴν
3349 1930 3621 1983 θάλασσαν

2043 2021 2388 2093 ἐργάζονται,
2421 2022 2530 2075 ἀπὸ
2554 2021 2827 2093 μακρόθεν
2854 2022 3090 2093 ἔστησαν
3119 2025 3213 2076 καὶ
3238 2023 3473 2095 ἔκραξαν
3504 2020 3622 2091 βλέ-

2042 2129 2234 2176 ποντες
2270 2112 2361 2165 τὸν
2408 2112 2613 2165 καπνὸν
2640 2112 2741 2181 τῆς
2780 2110 3078 2183 πυρώσεως
3126 2112 3316 2181 αὐτῆς,
3346 2110 3616 2178 λέγοντες·

365 2204 420 2258 in
471 2221 577 2275 qua
612 2207 806 2264 divites
836 2208 962 2263 facti
994 2220 1123 2264 sunt
1154 2225 1346 2265 omnes
1386 2210 1481 2280 qui
1534 2211 1809 2266 habebant
1839 2227 1919 2265 na-

2041 2204 2137 2269 Τίς
2161 2205 2323 2276 ὁμοία
2375 2207 2441 2276 τῇ
2492 2204 2645 2258 πόλει
2689 2207 2756 2276 τῇ
2806 2204 3052 2276 μεγάλῃ;
3106 2206 3216 2257 Καὶ
3272 2202 3465 2257 ἔϐαλον
3490 2201 3619 2273 χοῦν

359 2297 534 2352 vesin
572 2302 732 2367 mari,
790 2302 855 2356 de
908 2303 1237 2375 pinguedine
1297 2304 1455 2373 ejus;
1510 2304 1775 2374 quoniam
1827 2317 1919 2358 una

2038 2298 2135 2351 ἐπὶ⁸
2153 2297 2252 2361 τὰς
2282 2295 2524 2367 κεφαλὰς
2556 2296 2756 2362 αὐτῶν,
2815 2298 2909 2350 καὶ
2940 2295 3179 2367 ἔκραξαν
3225 2296 3505 2357 κλαίοντες
3528 2296 3619 2347 καὶ

356 2389 489 2443 hora
515 2391 757 2447 desolata
781 2403 883 2448 est.

2038 2392 2381 2458 πενθοῦντες,
2432 2392 2699 2461 λέγοντες·
2737 2392 2893 2451 Οὐαὶ.
2923 2391 3066 2455 οὐαὶ,
3120 2393 3155 2461 ἡ
3208 2390 3363 2453 πόλις
3429 2391 3463 2460 ἡ
3522 2406 3616 2458 p.5-

350 2484 511 2554 γάλη,
558 2485 615 2538 ἐν
735 2488 1072 2561 ἐπλούτησαν
1117 2490 1315 2555 πάντες
1368 2493 1417 2544 οἱ
1464 2491 1676 2563 ἔχοντες
1705 2492 1774 2545 τὰ
1841 2492 2000 2547 πλοῖα
2040 2492 2097 2545 ἐν
2128 2494 2193 2561 τῇ
2233 2489 2476 2562 θαλάσσῃ
2509 2491 2574 2543 ἐκ
2596 2488 2695 2561 τῆς
2742 2488 2996 2558 πιότητος
3028 2486 3137 2558 (85)
3172 2487 3362 2558 αὐτῆς
3387 2487 3470 2539 ὅτι
3522 2486 3618 2556 μιᾷ

349 2578 468 2652 ὥρᾳ
499 2581 792 2653 ἠρημώθη-

420 2674 580 2730 XLII.
630 2694 647 2727 ι
692 2677 899 2733 Lmtarc
924 2695 1086 2749 super
1119 2696 1262 2746 eam,
1299 2683 1519 2745 caelum,
1563 2694 1617 2738 et
1649 2685 1847 2754 angeli,
1875 2693 1919 2738 et

2112 2698 2131 2731 ς
2160 2676 2463 2749 Εὐφραίνου
2492 2674 2577 2727 ἐπ’
2607 2673 2769 2743 αὐτῇ,
2805 2669 3021 2742 οὐρανὲ,
3055 2669 3149 2723 καὶ
3173 2670 3222 2720 οί
3253 2669 3497 2736 ἄγγελοι,
3524 2667 3613 2719 καὶ

353 2768 607 2837 apostoli,
642 2778 695 2823 et
736 2771 1032 2839 prophetae,
1080 2774 1339 2843 quoniam
1369 2774 1633 2843 judicavit
1664 2773 1807 2830 Deus
1834 2775 1919 2845 ju-

2034 2776 2082 2827 οί
2117 2768 2423 2833 ἀπόστολοι,
2462 2767 2558 2821 καὶ
2594 2768 2643 2818 oi.
2682 2763 2987 2835 προφῆται,
3029 2762 3115 2815 ὃτι
3155 2760 3373 2845 ἔκρινεν
3423 2762 3452 2813 ὁ
3482 2759 3612 2821 Θεὸς

352 2862 556 2916 dicium
608 2872 847 2917 vestrum
888 2863 955 2918 de
990 2863 1101 2919 illa.
1158 2864 1224 2920 Et
1267 2866 1488 2921 sustulit
1534 2883 1675 2924 unus
1703 2843 1919 2936 angelus

2032 2860 2093 2913 τὸ
2129 2859 2307 2929 κρῖμα
2346 2854 2499 2926 ὑμῶν
2552 2851 2614 2916 ἐξ
2665 2850 2855 2920 αὐτῆς.
2903 2850 3013 2903 Καὶ
3064 2845 3199 2921 ἦρεν
3246 2843 3331 2912 εἷς
3384 2847 3611 2915 ἄγγελος

344 2954 502 3009 fortis
534 2954 766 3025 lapidem
792 2956 951 3025 quasi
989 2958 1253 3012 molarem
1291 2975 1570 3027 magnum,
1610 2969 1663 3015 et
1693 2960 1843 3017 misit
1871 2960 1919 3014 in

2036 2949 2255 3022 ίσχυρὸς
2283 2948 2450 3011 λίθον,
2486 2946 2563 3009 ὡς
2607 2943 2771 3015 μύλον
2801 2942 2996 3013 μέγαν,
3038 2942 3136 2996 καὶ
3177 2941 3369 2993 ἔϐαλεν
3407 2944 3486 3004 εἰς
3516 2939 3610 3011 τη)

348 3059 522 3113 mare,
555 3045 743 3101 dicens
776 3065 788 3100 :
824 3045 915 3101 Sic
939 3046 1142 3118 impetu
1184 3049 1432 3104 mittetur
1460 3049 1698 3122 Babylon
1733 3051 1919 3107 civitas

2029 3041 2327 3107 θάλασσαν,
2358 3039 2552 3107 λέγων’
2593 3034 2782 3098 Οὕτως
2815 3035 3097 3106 ὁρμήματι
3146 3032 3478 3103 βληθήσεται
3509 3032 3609 3083 Βα-

342 3135 433 3191 illa
463 3151 683 3207 magna,
711 3146 767 3192 et
796 3138 933 3192 ultra
964 3138 1071 3206 iam
1105 3155 1212 3193 non
1241 3139 1566 3195 invenietur.
1610 3140 1678 3195 Et
1708 3157 1814 3197 vox
1846 3143 1925 3197 ci-

342 3227 714 3284 tharoedorum
760 3237 816 3284 et
865 3231 1203 3285 musicorum
1242 3240 1296 3285 et
1326 3230 1460 3285 tibia
1508 3233 1821 3287 canentium
1872 3242 1925 3287 et

339 3321 493 3388 tuba,
532 3337 637 3377 non
668 3322 920 3377 audietur
952 3323 1006 3377 in
1044 3332 1095 3378 te
1122 3324 1394 3395 amplius;
1428 3334 1482 3379 et
1516 3325 1697 3380 omnis
1724 3324 1922 3380 artifex

335 3413 517 3470 omnis
562 3414 696 3469 artis
739 3429 850 3469 non
905 3414 1213 3470 invenietur
1245 3417 1299 3471 in
1334 3425 1387 3472 te
1412 3417 1683 3487 amplius,
1718 3428 1773 3474 et
1816 3433 1919 3473 vox

336 3505 495 3559 molae
536 3521 647 3561 non
697 3506 950 3561 audietur
981 3507 1035 3561 in
1073 3518 1125 3562 te
1156 3509 1427 3579 amplius;
1463 3519 1519 3565 et
1555 3510 1647 3565 lux
1684 3509 1920 3566 lucernae

337 3610 445 3650 non
476 3595 681 3650 lucebit
713 3596 771 3653 in
812 3604 863 3651 te
894 3596 1168 3667 amplius;
1218 3608 1274 3655 et
1314 3616 1419 3655 vox
1450 3600 1639 3670 sponsi
1668 3608 1724 3655 et
1755 3616 1921 3671 spon-

331 3702 407 3740 sa:
432 3701 542 3741 non
570 3686 827 3743 audietur
880 3688 1061 3744 adhuc
1104 3688 1159 3744 in
1190 3699 1263 3757 te,
1317 3691 1446 3762 quia
1476 3701 1808 3747 mercatores
1838 3691 1917 3747 tui

334 3788 493 3832 ciant
524 3778 803 3850 principes
832 3790 1026 3847 terrae;
1075 3780 1203 3851 quia
1231 3782 1285 3837 in
1316 3784 1594 3839 veneﬁciis
1627 3784 1735 3839 tuis
1766 3800 1916 3839 erra—

333 3881 529 3925 verunt
554 3886 745 3927 omnes
774 3882 993 3942 gentes;
1015 3883 1069 3928 et
1095 3873 1148 3928 in
1176 3889 1240 3929 ea
1275 3875 1498 3947 sanguis
1526 3878 1913 3946 prophetarum

331 3971 386 4015 ct
411 3971 727 4016 sanctorum
767 3963 1022 4021 inventus
1052 3973 1171 4033 est,
1217 3976 1271 4021 et
1300 3965 1544 4022 omnium
1574 3966 1667 4038 qui
1698 3966 1916 4022 interfe-

328 4053 402 4108 cti
429 4063 558 4109 sunt
582 4054 637 4108 in
671 4065 815 4109 terra
848 4055 916 4109 “.
955 4075 974 4108 ι

397 4143 584 4200 XLIII.
626 4146 985 4216 Apertissime
1032 4148 1086 4202 in
1131 4147 1220 4206 bis
1263 4150 1595 4207 testimoniis
1634 4152 1911 4224 sigillatim

327 4236 662 4291 declaratum
709 4248 794 4294 est
837 4239 905 4294 de
953 4246 1349 4297 tormentorum
1389 4244 1618 4313 judicio,
1667 4262 1787 4316 qua:
1815 4264 1910 4301 ex-

2025 3132 2203 3188 6υλὼν
2233 3135 2267 3205 η
2306 3130 2516 3202 μεγάλη
2554 3127 2727 3192 πόλις,
2762 3129 2858 3182 καὶ
2901 3127 2963 3181 οὐ
3011 3127 3084 3197 μὴ
3115 3123 3311 3197 εὑρεθῇ
3353 3123 3459 3178 ἔτι.
3502 3126 3608 3176 Καὶ

2025 3224 2176 3297 φωνὴ
2214 3221 2551 3295 κιθαρῳδῶν,
2593 3221 2688 3273 καὶ
2737 3217 3031 3290 μουσικῶν,
3070 3217 3165 3271 καὶ
3201 3215 3476 3287 αὐλητῶν,
3514 3218 3606 3267 καὶ

2026 3315 2388 3385 σαλπιγκτῶν,
2437 3313 2499 3367 οὐ
2554 3313 2629 3384 μὴ
2675 3311 2916 3383 ἀκουσθῇ
2970 3313 3030 3364 ἐν
3080 3311 3163 3363 σοὶ
3206 3309 3321 3363 ἔτιο
3372 3311 3469 3363 καὶ
3498 3311 3603 3373 πᾶς

2022 3408 2273 3480 τεχνίτης
2315 3407 2496 3477 πάσης
2534 3405 2759 3475 τέχνης,
2799 3404 2859 3457 οὐ
2905 3403 2978 3474 μὴ
3022 3401 3215 3475 εὑρεθῇ
3260 3403 3320 3455 ἐν
3356 3402 3442 3455 σοὶ
3490 3402 3599 3454 ἐστιν

2022 3500 2116 3554 καὶ
2149 3499 2300 3571 φωνὴ
2329 3498 2496 3570 μύλου
2524 3498 2589 3553 οὐ
2622 3497 2696 3569 μὴ
2728 3495 2967 3567 ἀκουσθῇ
2999 3496 3058 3550 ὲν
3088 3495 3171 3548 σοὶ
3197 3494 3278 3546 ἔτι
3301 3511 3314 3524 °
3360 3495 3457 3549 καὶ
3487 3493 3600 3563 φῶς

2020 3589 2215 3662 λύχνου
2254 3591 2317 3644 οὐ
2362 3590 2437 3662 μὴ
2479 3591 2619 3660 φανῇ
2667 3589 2726 3641 ἐν
2771 3588 2854 3640 σοὶ
2893 3587 3001 3639 ἔτι·
3046 3586 3140 3639 καὶ
3179 3584 3333 3655 φωνὴ
3368 3584 3600 3655 νυμφίου

2021 3681 2117 3735 καὶ
2148 3681 2367 3752 νύμφης
2404 3681 2467 3733 οὐ
2500 3680 2576 3751 μὴ
2620 3677 2865 3749 ἀκουσθῇ
2905 3678 2963 3729 ἐν
3005 3676 3090 3729 σοὶ
3128 3674 3243 3727 ἔτι·
3288 3675 3375 3728 ὅτι
3417 3675 3467 3726 οἱ
3503 3674 3600 3745 ἑμ-

2020 3775 2181 3848 ποροί
2229 3789 2322 3828 σου
2360 3769 2502 3845 ἦσαν
2548 3774 2598 3826 οί
2640 3771 2961 3844 μεγιστᾶνες
3000 3768 3101 3838 τῆς
3147 3767 3284 3837 γῆς·
3319 3769 3405 3821 ὅτι
3445 3769 3501 3820 ὲν
3528 3770 3597 3838 τῇ

2020 3864 2341 3939 φαρμακείᾳ.
2373 3881 2468 3918 σου
2496 3863 2878 3935 ἐπλανήθησαν
2911 3860 3089 3915 πάντα
3117 3860 3187 3915 τὰ
3219 3860 3380 3933 ἔθνη·
3412 3861 3502 3915 καὶ
3538 3864 3595 3912 ὲν

2015 3960 2085 4030 τῇ
2116 3957 2251 4029 αὐτῇ
2282 3952 2416 4027 αἷμα
2450 3955 2560 4009 τῶν
2592 3953 2885 4026 προφητῶν
2922 3952 3017 4007 καὶ
3042 3953 3214 4020 ἁγίων
3242 3952 3466 4026 εὑρέθη,
3499 3952 3593 4005 καὶ

2017 4049 2235 4104 πάντων
2258 4048 2366 4102 τῶν
2394 4046 2756 4117 ἐσφαγμένων
2787 4042 2881 4098 ἐπὶ
2911 4044 3010 4115 τῆς
3038 4042 3161 4114 γῆς.
3189 4060 3210 4095 ι

2086 4161 2221 4233 Περὶ
2275 4160 2373 4231 μὲν
2420 4159 2519 4231 τῆς
2569 4158 2678 4211 τῶν
2730 4157 2998 4229 βασάνων,
3054 4155 3164 4210 τῶν
3208 4154 3591 4226 ἐπερχομένων

2015 4255 2151 4325 αὐτῇ
2186 4254 2272 4306 ἐπ’
2301 4251 2545 4331 ἐσχάτων
2589 4251 2695 4304 ὑπὸ
2734 4248 2844 4321 (86)
2876 4250 2986 4303 τῶν
3025 4248 3144 4301 τότε
3187 4249 3466 4317 ἐσομένων
3499 4264 3592 4300 τυ·-

329 4328 516 4381 ιιόιηὶε
544 4330 883 4398 temporibus
902 4371 916 4396 ,
951 4346 1048 4401 per
1078 4342 1436 4403 tyrannorum
1463 4338 1555 4407 qui
1593 4348 1719 4393 tunc
1749 4350 1910 4395 erunt

2027 4346 2223 4416 ράννων
2264 4328 2497 4416 μετρικῆς
2537 4342 2801 4412 κρίσεως,
2844 4339 3154 4409 σαφέστατα
3181 4338 3240 4391 ὲν
3265 4341 3383 4401 τοῖς
3409 4341 3590 4410 ῥητοῖς

325 4420 609 4488 injuriam,
644 4420 791 4476 illam
819 4423 1102 4479 incessura
1133 4435 1264 4510 sunt
1296 4444 1311 4481 :
1345 4442 1523 4497 operte
1549 4432 1782 4500 pretium
1816 4448 1910 4488 ve-

2027 4436 2220 4499 τούτοις
2258 4435 2579 4507 δεδήλωται’
2614 4432 2776 4486 δεῖδὲ
2809 4433 2958 4503 ἡμᾶς
2993 4432 3089 4485 καὶ
3120 4430 3212 4484 τὸν
3244 4431 3437 4502 χρόνον
3466 4428 3589 4500 ἑξη-

328 4528 391 4565 ro
417 4522 523 4580 est,
574 4523 633 4568 ut
659 4522 713 4568 et
738 4523 953 4585 tempus
980 4517 1226 4588 diligenti
1263 4521 1517 4577 examine
1542 4538 1907 4593 exponamus,

2027 4527 2379 4602 ιριϐωμὲνους
2428 4527 2540 4597 (87)
2591 4525 2881 4587 ἐκθέσθαι,
2928 4525 2988 4577 ὲν
3028 4517 3110 4588 οἷς
3154 4527 3369 4595 καιροῖς
3417 4522 3589 4576 ταῦτα

322 4605 542 4672 quando
571 4606 1058 4663 scilicet‘t‘uturum
1092 4610 1164 4664 sit
1191 4620 1248 4665 ut
1274 4613 1388 4668 hzec
1409 4615 1682 4682 eveniant,
1713 4625 1906 4673 eteor-

2027 4620 2369 4692 πυμϐήσεται,
2415 4621 2512 4673 καὶ
2553 4618 2629 4682 ὡς
2665 4618 2726 4671 τὸ
2768 4617 2933 4689 κέρας
2967 4616 3027 4669 τὸ
3068 4617 3261 4688 μικρὸν
3305 4620 3367 4670 ἐν
3405 4617 3588 4680 αὐτοῖς

327 4711 397 4747 nu
439 4695 573 4751 illud
602 4712 832 4766 parvum
879 4700 1021 4755 inter
1049 4716 1145 4757 eos
1174 4714 1435 4773 emergat.
1491 4703 1696 4776 Nempe
1724 4723 1927 4777 quan-e

317 4790 387 4844 do
417 4806 577 4845 crura
630 4790 806 4846 ferrea
854 4807 975 4862 qua:
1019 4794 1316 4849 etiamnum
1366 4812 1546 4851 rerum
1590 4800 1895 4868 potiuntur,

317 4882 382 4938 ad
409 4884 636 4953 vestigia
668 4883 868 4955 pedum
901 4884 1209 4956 digitosque
1235 4889 1528 4956 evaserint,
1552 4890 1709 4961 juxta
1731 4892 1896 4949 simu-

386 5090 431 5122 ⁸⁸
465 5093 638 5163 Apoc.
677 5052 835 5160 xvm,
872 5096 1018 5153 1-2L

268 5346 275 5353 Ι
382 5274 491 5345 (85)
538 5280 639 5333 Ἐκ
666 5278 778 5347 τῆς
834 5283 1131 5356 πιότητος.
1181 5285 1490 5351 Singularis
1527 5287 1641 5342 haec
1691 5289 1887 5356 lectio;

264 5354 267 5359 '
310 5359 433 5413 apta
466 5359 646 5403 tamen
673 5366 887 5427 cavox,
922 5354 1051 5427 siet
1079 5357 1169 5427 alii
1199 5359 1420 5411 codices
1442 5354 1888 5427 astipularentur,

311 5430 435 5498 enni
465 5434 656 5498 omnes
683 5421 936 5498 habeant,
970 5426 1035 5476 ἐκ
1078 5425 1179 5495 τῆς
1227 5421 1566 5497 τιμιότητος,
1628 5446 1750 5498 quae
1781 5421 1883 5485 vox'

311 5486 443 5571 satis
465 5489 781 5571 ἀοίνῳ-’,ηερ
828 5486 1177 5571 αάέςηειιιῇ
1228 5486 1694 5571 θέρεᾱίίοδΝεὶη
1736 5502 1883 5571 quod

312 5552 478 5637 Vulg.
503 5560 681 5637 reddit
710 5579 732 5611 ί
762 5564 1059 5637 es_pr_ctiis
1083 5566 1220 5637 suis.
1253 5586 1268 5617 ι
1291 5552 1448 5637 quasi
1473 5552 1875 5634 νοητοιῖυεῖεῆ

310 5627 429 5708 eisi
464 5627 537 5708 ita
571 5631 734 5683 etiam
793 5627 1089 5708 Ethiopic.
1145 5634 1260 5690 Non
1310 5627 1457 5708 male
1499 5640 1718 5694 Arabio.
1768 5661 1786 5692 ι
1813 5627 1882 5696 ei:

308 5691 334 5778 ί
348 5700 452 5771 «sui
484 5698 609 5778 ejus
626 5716 641 5762 ;
689 5718 711 5749 ι
758 5691 1040 5778 cst_eni'm
1072 5719 1140 5759 ea
1174 5710 1316 5761 ratio
1348 5707 1524 5763 facilis
1549 5691 1880 5765 dis—tractio:

309 5777 396 5821 ms
445 5772 733 5839 mercium,
791 5772 885 5829 sed
942 5780 1223 5848 supposita
1280 5779 1554 5850 opulentia
1609 5780 1885 5851 civitatis,

2002 4712 2429 4783 ἀναφανήσεται.
2478 4709 2600 4763 Τῶν
2642 4709 2751 4782 γὰρ
2795 4708 3019 4779 κνημῶν
3058 4708 3168 4761 τῶν
3205 4708 3447 4780 σιδηρῶν
3472 4707 3588 4760 τῶν

2004 4804 2100 4858 νῦν
2139 4803 2220 4857 ἔτι
2267 4801 2600 4875 κρατουσῶν,
2654 4802 2748 4855 ἐπὶ
2791 4800 2860 4854 τὰ
2908 4800 3036 4870 ἴχνη
3087 4799 3195 4853 τῶν
3243 4800 3443 4861 ποδῶν.
3483 4799 3583 4853 καὶ

2004 4895 2129 4959 τοὺς
2164 4895 2467 4961 δακτύλους
2502 4893 2868 4966 χωρησάντων
2911 4892 3052 4947 κατὰ
3092 4892 3191 4963 τὴν
3234 4892 3339 4963 τῆς
3372 4890 3584 4956 εἰκόνος

2000 5306 2167 5361 quam
2198 5305 2448 5345 nostrum
2475 5292 2605 5346 illud
2636 5292 2735 5345 rite
2768 5292 3048 5361 designat;
3098 5307 3340 5361 veraque
3372 5302 3421 5348 et
3464 5301 3580 5346 tar-

1998 5363 2159 5416 malis
2193 5364 2329 5416 ratio
2378 5372 2459 5416 est
2506 5362 2875 5417 constituendi
2932 5362 3165 5417 celebris
3211 5363 3461 5431 euriporii,
3521 5373 3576 5417 rt

1996 5433 2143 5500 quod
2193 5434 2264 5487 ita
2322 5442 2651 5487 mercatores
2710 5433 2801 5485 illo
2864 5432 3176 5486 ditescant:
3233 5435 3486 5487 nobilitas
3519 5442 3581 5488 et

1992 5502 2191 5565 fastus,
2223 5502 2377 5571 quasi
2409 5513 2613 5556 remota
2661 5513 2715 5557 et
2749 5504 3078 5557 communis.
3113 5502 3350 5558 (low.

2064 5573 2173 5639 (86)
2227 5574 2357 5626 ’Υπύ
2384 5571 2518 5624 τῶν.
2550 5571 2823 5639 CombeL,
2849 5574 2959 5625 ἀπὸ
2983 5574 3107 5625 τῶν.

1994 5711 2024 5777 ζ
2232 5642 2791 5767 Ἐἓηκριϐωμένσυᾳ
2831 5642 2934 5698 Ms.
2960 5643 3179 5729 .Ebroic.
3204 5687 3223 5713 ,
3280 5642 3575 5715 ἐξακριεαο

2024 5730 2271 5777 ομενους.
2347 5729 2437 5767 uo.

2024 5730 2271 5783 ομενους.
2299 5729 2437 5767 uno.
