3836 6500
425 355 534 409 765

1062 350 1119 403 S.
1164 346 1519 403 HIPPOLYII
1557 346 1706 401 OPP.
1750 345 1927 400 PARS
1965 344 2026 400 ll.
2068 378 2136 390 υ·-
2177 344 2479 401 DOGMAT.
2529 344 2613 401 ΕΤ
2659 344 3004 402 ﬂlSTORlC.
3548 353 3631 405 76$

427 481 592 541 paute
631 472 846 537 militia,
904 482 958 525 et
1008 470 1061 523 in
1089 469 1319 523 Paterna
1346 468 1591 524 claritate
1623 469 1701 533 ⁵⁰;
1758 484 1988 537 quomo-

2118 468 2294 537 >ήτηςο
2317 487 2333 517 ι
2359 466 2591 520 Βασιλέα
2619 468 2755 537 μετά
2783 468 2940 539 δόξης
2970 468 3165 537 ὄψεσθε
3185 487 3197 498 ·
3225 470 3345 522 καί·
3380 472 3635 544 Ἐθεώρουν

427 563 500 617 do
538 564 613 617 ait
662 563 922 633 propheta
959 579 973 615 :
1017 579 1035 612 ι
1074 560 1341 615 Videbitis
1383 576 1562 630 regem
1610 562 1666 613 in
1708 560 1905 615 decore
1946 572 2001 614 et

431 655 711 722 majestate
748 655 826 721 ⁵¹;
872 672 891 705 ι
968 662 1073 707 et:
1128 672 1146 704 ι
1188 652 1532 721 Aspieiebam
1597 667 1721 706 cum
1765 652 2001 707 nubibus

428 743 551 797 creti
580 752 839 811 tanquam
893 741 1089 795 Filium
1137 741 1375 795 hominis
1399 740 1724 804 venientem,
1751 749 1806 794 et
1830 755 2003 810 usque

431 834 499 888 ad
527 833 827 901 Autiquum
876 834 1088 888 dierum
1138 832 1383 902 pervenit
1415 850 1427 885 :
1462 841 1517 886 et
1552 831 1768 887 oblatus
1810 840 1892 886 est
1918 832 1999 897 ei;

434 937 487 981 et
510 926 701 996 datum
728 934 814 981 est
841 926 891 980 ei
916 926 1201 995 imperium
1241 932 1297 979 et
1327 924 1503 981 liomr
1552 933 1606 978 et
1640 923 1811 993 gloria
1837 933 1889 977 et
1917 939 2003 978 re-

436 1035 622 1090 gnum,
650 1033 842 1074 omnes
874 1019 1050 1073 tribus
1076 1028 1129 1073 et
1158 1019 1355 1089 linguae
1390 1018 1629 1073 servient
1656 1018 1736 1083 ei;
1774 1033 1999 1088 regnum

433 1113 553 1181 ejus
598 1127 824 1181 regnum
869 1124 1165 1177 aeternum,
1213 1112 1358 1181 quod
1405 1127 1511 1166 non
1571 1111 1814 1166 interibit
1860 1111 1928 1164 ⁸³.
1978 1130 1996 1161 ι

436 1199 529 1257 Sic
572 1211 627 1256 et
669 1202 780 1256 duo
816 1217 1184 1271 praecursores
1233 1201 1518 1256 monstrati
1570 1210 1718 1257 sunt.
1783 1202 2001 1257 Primus

434 1292 537 1347 fuit
561 1292 822 1359 Joannes,
860 1293 1141 1347 Zachariae
1177 1294 1341 1361 lilius,
1371 1293 1465 1363 qui
1495 1293 1548 1346 in
1572 1294 1829 1349 omnibus
1860 1310 2000 1364 prae-

434 1400 626 1440 cursor
657 1400 721 1441 ac
748 1400 925 1455 praeco
953 1386 1252 1441 Salvatoris
1286 1385 1526 1452 exstitit;
1558 1385 1890 1456 coelesteque
1919 1388 2001 1442 lu-

434 1494 557 1532 men
592 1478 738 1548 quod
764 1478 969 1532 mundo
1017 1478 1289 1539 illuxerat,
1339 1479 1691 1540 annuntians,
1725 1492 1790 1531 ex
1812 1478 2005 1534 matris

434 1580 591 1625 utero
625 1570 978 1639 prmeursoris
1010 1578 1193 1640 partes
1242 1569 1485 1638 implevit
1518 1568 1748 1638 primus,
1796 1568 1865 1622 ab
1891 1562 2004 1622 Eli-

435 1662 631 1716 sabeth
675 1670 1005 1731 conceptus;
1063 1671 1123 1716 ut
1165 1670 1218 1716 et
1270 1661 1355 1716 his
1385 1660 1477 1731 qui
1510 1675 1577 1715 ex
1618 1658 1810 1714 matris
1844 1659 2005 1715 vulva

433 1753 643 1822 parvuli
676 1763 834 1807 erant
857 1794 872 1818 ,
910 1768 1105 1807 novam
1133 1768 1199 1807 ex
1228 1752 1435 1822 Spiritu
1462 1760 1651 1807 sancto
1677 1759 1733 1806 et
1758 1749 2001 1822 Virgine,

436 1860 544 1914 qua
581 1844 821 1898 donandi
849 1854 1057 1909 essent,
1089 1843 1422 1897 nativitatem
1456 1842 1781 1897 ostenderet.

510 1932 674 1989 XLV.
716 1933 816 1989 llic
845 1935 1029 1989 audita
1057 1933 1249 1988 matris
1278 1932 1620 1995 salutatione,
1656 1930 1859 1986 exsiliit
1878 1946 2009 2000 gau-

432 2010 571 2080 dens
607 2026 660 2079 in
691 2034 845 2079 utero
869 2025 915 2056 ⁸³
940 2066 956 2091 ,
1008 2024 1063 2077 in
1114 2021 1355 2093 Virginis
1398 2020 1601 2090 pariter
1633 2028 1787 2073 utero
1815 2034 2009 2073 conce-

434 2125 583 2186 ptum
620 2116 790 2170 Deum
825 2115 1062 2170 Verbum
1096 2114 1334 2169 intuens.
1381 2112 1584 2167 Deinde
1618 2110 2008 2181 praedicaturus

431 2202 485 2256 iu
513 2205 791 2257 desertum
837 2203 1004 2267 venit,
1050 2200 1381 2256 annuntians
1427 2200 1627 2271 populo
1680 2199 2007 2270 baptismum

437 2294 805 2362 poenitentiae;
861 2307 1057 2362 nempe
1102 2291 1400 2363 gentilibus
1447 2290 1502 2344 in
1552 2289 1742 2345 mundi
1795 2290 2009 2346 deserto

430 2387 765 2451 viventibus,
798 2386 1031 2441 salutem
1068 2383 1462 2455 przenuntians.
1524 2380 1663 2436 Tum
1694 2382 1750 2438 in
1773 2380 2010 2438 Jordane

432 2478 609 2546 ipsum
652 2493 836 2533 coram
868 2477 1209 2532 Salvatorem
1243 2474 1502 2539 ostendit,
1543 2473 1770 2529 dicens:
1816 2493 1834 2525 ι
1869 2472 2011 2529 Ecce

433 2572 620 2640 Agnus
663 2569 795 2636 Dei,
850 2570 945 2640 qui
990 2569 1132 2624 tollit
1184 2577 1466 2637 peccatum
1514 2568 1702 2625 mundi
1732 2567 1797 2620 ⁸⁵.
1831 2585 1850 2617 ι
1910 2564 2009 2621 llic

433 2662 503 2716 iis
533 2661 697 2716 etiam
727 2662 820 2730 qui
851 2669 1009 2715 erant
1055 2661 1109 2714 in
1163 2659 1378 2714 inferno
1415 2659 1564 2729 prior
1594 2659 2007 2729 evangelizavit,

435 2752 684 2807 sublatus
740 2751 973 2807 Herodis
1018 2750 1230 2823 gladio,
1286 2750 1397 2805 illic
1447 2750 1623 2805 factus
1670 2765 2010 2819 praecursor;

439 2858 629 2913 nempe
654 2844 730 2899 ibi
763 2859 983 2913 quoque
1014 2844 1352 2898 indicaturus
1374 2841 1798 2911 exspectandum
1822 2840 2012 2896 Salva-

435 2936 570 2992 toris
601 2936 920 2992 descensum
943 2975 959 3000 ,
997 2935 1090 3005 qui
1123 2943 1435 2990 sanctorum
1486 2932 1697 2990 animas
1737 2933 1805 2989 de
1846 2949 2010 2988 manu

440 3029 631 3085 mortis
658 3038 802 3085 esset
830 3029 1178 3083 liberaturus.

506 3204 691 3261 XLVI.
732 3205 888 3273 Quod
921 3205 1198 3260 enimvero
1257 3200 1503 3256 Salvator
1541 3210 1859 3257 cunctorum
1908 3204 2008 3258 ho-

438 3300 645 3354 minum
670 3298 1088 3354 resurrectionis
1115 3296 1440 3368 principium
1465 3304 1761 3365 auctorque
1789 3295 2006 3349 futurus

436 3400 575 3455 erat,
631 3406 730 3460 par
755 3399 873 3446 erat
903 3398 963 3443 ut
987 3405 1130 3444 unus
1165 3388 1278 3458 ipse
1304 3404 1335 3441 ιι
1362 3385 1595 3441 mortuis
1628 3386 2006 3452 suscitaretur,

439 3496 534 3549 per
562 3495 722 3549 quem
752 3480 1019 3550 judicium
1052 3480 1107 3534 in
1138 3479 1648 3555 omnem__mundum
1685 3479 1888 3533 intrare
1913 3479 2009 3533 de-

440 3572 628 3637 beret;
685 3579 745 3625 ut
768 3573 863 3640 qui
892 3571 1053 3642 digne
1090 3571 1261 3625 functi
1294 3570 1590 3627 certamine
1614 3580 1820 3636 essent,
1853 3571 2013 3641 digne

440 3679 659 3734 quoque
683 3664 753 3717 ab
779 3678 846 3719 eo
882 3673 1308 3731 coronarentur;
1349 3665 1610 3733 praeclaro
1636 3665 1847 3719 scilicet
1884 3680 2014 3735 ago-

442 3756 528 3810 nis
582 3756 843 3825 positore,
884 3764 938 3811 et
974 3755 1068 3826 qui
1110 3755 1323 3825 primus
1363 3756 1598 3811 stadium
1642 3755 2012 3811 confecisset:

441 3849 534 3919 qui
569 3849 623 3903 in
654 3849 851 3904 ccelum
881 3858 1131 3918 receptus
1157 3890 1173 3915 ,
1218 3849 1274 3903 in
1321 3847 1417 3903 Dei
1465 3864 1529 3903 ac
1570 3848 1746 3904 Patris
1797 3849 2018 3904 dexte‘ra

445 3942 628 4006 sedet,
668 3956 732 3995 ac
774 3956 967 3995 rursus
996 3942 1052 3995 in
1085 3940 1274 3995 mundi
1299 3941 1800 4007 consummatione,
1848 3941 2017 4010 judex

446 4032 881 4088 manifestaudus
922 4038 1026 4087 est.
1090 4029 1322 4087 Necesse
1365 4040 1449 4085 est
1477 4041 1537 4085 ut
1562 4031 1681 4100 ejus
1714 4044 2016 4100 praecurso-

446 4140 533 4180 res
563 4134 688 4179 ante
726 4122 1179 4189 manifestentur,
1231 4122 1688 4193 quemadmodum
1718 4137 1813 4190 per
1841 4120 2010 4174 Mala-

445 4219 625 4273 chiam
677 4227 731 4271 et
774 4218 1021 4287 angelum
1070 4216 1202 4270 dicit
1247 4235 1259 4270 :
1327 4234 1345 4266 ι
1377 4214 1584 4269 Mittam
1632 4213 1785 4269 vobis
1838 4212 2011 4265 Eliam

448 4310 760 4373 Thesbiten,
814 4318 1107 4377 antequam
1155 4307 1335 4360 veniat
1376 4306 1491 4360 dies
1524 4305 1740 4358 Domini
1786 4319 2015 4373 magnus

445 4410 500 4456 et
532 4400 931 4455 manifestus".
983 4398 1049 4453 Et
1074 4398 1292 4453 reducet
1318 4397 1480 4452 corda
1513 4406 1727 4467 patrum
1761 4394 1829 4450 ad
1856 4395 2016 4459 (ilics,

517 4542 563 4573 ⁸⁸
602 4539 734 4592 Luc.
769 4554 857 4602 Ix,
889 4537 979 4592 26.
1053 4535 1099 4568 “
1136 4535 1238 4591 lsa.
1270 4550 1460 4599 xxxm,
1490 4534 1576 4588 l7.
1652 4535 1696 4565 δ’
1736 4532 1871 4587 Dan.
1902 4549 1999 4600 vn,
2030 4533 2113 4594 l3,
2142 4536 2229 4592 14.

451 4627 524 4677 ιν,
555 4610 609 4675 5,
644 4612 696 4664 6.

2106 561 2243 630 μετὰ
2284 559 2388 612 τῶν
2423 560 2659 627 νεφελῶν
2703 560 2798 613 τοῦ
2851 561 3081 630 ούρανοῦ
3109 562 3183 625 ῶς
3216 562 3342 615 Υἱδν
3386 564 3637 636 ἀνθρώπου

2102 651 2410 722 ἐρχόμενον,
2438 652 2530 704 καὶ
2554 650 2658 713 ἕως
2680 652 2774 704 τοῦ
2804 650 3041 705 Παλαιοῦ
3067 652 3175 705 τῶν
3202 654 3416 725 ἡμερῶν
3439 655 3634 723 ἔφθασε·

2102 745 2195 797 καὶ
2263 745 2612 816 προσηνέχθη
2663 745 2838 815 αύτῷ,
2892 747 2986 799 καὶ
3035 745 3183 817 αύτῷ
3242 746 3393 819 ἐδόθη
3439 750 3635 821 ἡάρχὴ,

2103 837 2195 890 καὶ
2232 838 2460 909 ἠτιμὴ,
2505 838 2600 891 καὶ
2646 839 2679 909 ἡ
2716 838 2866 904 δόξα,
2904 840 2998 892 καὶ
3038 841 3071 908 ἡ
3101 840 3371 910 βασιλεία·
3406 843 3559 893 πᾶσαι
3593 843 3639 895 αἱ

2104 929 2296 997 φυλαὶ,
2338 933 2431 983 καὶ
2465 929 2708 998 γλῶσσαι
2732 932 3105 985 δουλεύσουσιν
3137 931 3285 1001 αὐτῷ
3306 950 3318 961 ο
3363 935 3396 1003 ἡ
3435 933 3639 1002 βασιλεία

2102 1019 2290 1081 αὑτοῦ,
2333 1020 2579 1090 βασιλεία
2620 1020 2859 1087 αἰώνιος,
2905 1024 3027 1092 ἥτις
3071 1024 3131 1075 ού
3176 1024 3635 1094 διαφθαρήσεται.»

2103 1110 2257 1163 Οὕτω
2299 1112 2394 1165 καὶ
2422 1110 2513 1165 δύο
2538 1112 2833 1185 πρόδρομοι
2884 1112 3234 1183 ἐδείχθησαν’
3271 1116 3299 1166 ὀ
3326 1114 3424 1183 μὲν
3461 1114 3639 1183 norim;

2104 1203 2391 1274 γενόμενος
2450 1205 2736 1277 Ἰωάννης,
2788 1207 2816 1259 ὁ
2857 1205 2950 1259 τοῦ
3000 1206 3266 1277 Ζαχαρίου
3331 1207 3472 1271 υίὸς,
3526 1206 3643 1258 κατὰ

2105 1294 2280 1348 πάντα
2328 1295 2632 1367 πρόδρομος
2693 1297 2788 1349 καὶ
2843 1295 3018 1367 κῆρυξ
3065 1296 3158 1348 τοῦ
3213 1297 3463 1367 Σωτῆρος
3515 1296 3643 1366 ἡμῶν

2103 1385 2378 1456 γενηθεὶς,
2428 1384 2911 1457 εὐαγγελιζόμενος
2955 1387 3014 1439 τὸ
3066 1388 3384 1457 ἐπουράνιον
3433 1386 3562 1453 φῶς,
3595 1386 3643 1437 τὸ

2105 1478 2162 1529 ἐν
2218 1476 2406 1548 κόσμῳ
2459 1477 2646 1546 φανὲν,
2679 1477 3023 1549 προέδραμεν
3080 1479 3145 1530 ἐκ
3197 1477 3405 1541 κοιλίας
3470 1479 3643 1549 μητρὸς

2105 1568 2352 1639 πρῶτος,
2408 1568 2732 1639 συλληφθεὶς
2778 1570 2882 1622 ὑπὸ
2933 1570 3036 1640 τῆς
3093 1569 3401 1633 Ἐλισάὸετ,
3453 1571 3532 1622 ἵνα
3570 1570 3646 1621 καὶ

2106 1663 2214 1724 τοῖς
2244 1662 2306 1713 ἐκ
2331 1660 2535 1725 κοιλίας
2568 1661 2774 1732 μητρὸς
2808 1661 3025 1732 νηπίοις
3054 1662 3408 1732 ὑπάρχουσιν,
3439 1662 3645 1733 ἐπιδείξῃ

2104 1754 2201 1824 τὴν
2232 1752 2494 1823 ἐσομένην
2535 1754 2714 1816 αὐτοῖς
2742 1752 2827 1806 διὰ
2855 1753 3168 1824 Πνεύματος
3208 1753 3361 1820 ἁγίου
3400 1755 3490 1806 καὶ
3530 1755 3647 1824 Παρ-

2110 1846 2283 1909 θένου,
2320 1845 2511 1917 καινὴν
2543 1844 2813 1916 γέννησιν.

2192 1934 2363 2002 Οὗτος
2420 1936 2657 1999 ἀκούσας
2718 1937 2811 1990 τὸν
2865 1936 3154 2008 ἀσπασμὸν
3213 1937 3311 2007 τῆς
3382 1936 3648 1994 Ἐλισάϐετ,

2112 2031 2436 2101 ἐσκίρτησεν
2490 2032 2547 2083 ἐν
2600 2029 2778 2101 κοιλίᾳ
2847 2029 3052 2101 μητρὸς
3112 2029 3477 2099 ἀγαλλόμενος
3533 2028 3649 2097 (95),

2111 2120 2310 2191 ἐνορῶν
2346 2118 2436 2173 τὸν
2481 2122 2539 2172 ἐν
2580 2119 2754 2191 κοιλίᾳ
2794 2121 2892 2189 τῆς
2937 2120 3211 2190 Παρθένου
3262 2120 3653 2191 συνειλημμένον

2109 2213 2240 2266 Θεὸν
2268 2211 2458 2281 Λόγον.
2495 2212 2724 2264 Ἔπειτα
2772 2210 3062 2282 κηρύσσων
3092 2213 3147 2264 ἐν
3182 2216 3247 2284 τῇ
3279 2215 3474 2283 ἐρήμῳ
3510 2230 3651 2283 παρε-

2112 2303 2321 2372 γένετο,
2364 2301 2643 2373 βάπτισμα
2686 2302 2971 2372 μετανοίας
3012 2301 3091 2372 τῷ
3128 2301 3241 2373 λαῷ
3281 2302 3651 2372 καταγγέλλων·

2113 2395 2439 2466 προμηνύων
2488 2393 2754 2463 σωτηρίαν
2792 2394 2906 2455 τοῖς
2932 2393 2989 2446 ἐν
3031 2392 3238 2463 ἐρημίᾳ
3284 2391 3493 2464 κόσμου
3533 2391 3657 2445 πολι·

2112 2487 2417 2557 τευομένοις
2480 2484 2675 2538 ἔθνεσι.
2739 2486 2898 2540 Μετά
2951 2484 3125 2538 ταῦτα
3180 2486 3239 2537 ἐν
3302 2484 3382 2555 τῷ
3445 2484 3655 2555 Ἰορδάνῃ

2113 2581 2334 2651 αὑτοψεὶ
2369 2581 2600 2636 δεικνύει
2638 2582 2729 2634 τὸν
2759 2578 3014 2649 ᾓυτῆρα,
3064 2579 3158 2631 καὶ
3196 2577 3381 2645 λέγει·
3439 2596 3457 2629 ι
3487 2578 3598 2641 Ἴδε,
3635 2580 3657 2631 ό

2125 2672 2316 2744 Ἀμνὸς
2339 2673 2430 2726 τοῦ
2451 2672 2607 2738 Θεοῦ,
2626 2673 2655 2724 ό
2671 2671 2837 2742 αἴρων
2863 2671 2962 2741 τὴν
2991 2670 3262 2742 ἁμαρτίαν
3291 2668 3385 2722 τοῦ
3413 2670 3617 2739 κόσμου.
3638 2686 3652 2718 ι

2113 2762 2279 2829 Οὗτος
2347 2764 2655 2837 προέφθασε
2720 2765 2815 2817 καὶ
2876 2765 2988 2825 τοῖς
3047 2765 3105 2816 ἐν
3170 2761 3273 2833 ἅδῃ
3332 2760 3657 2830 εὐαγγελίσα-

2115 2859 2235 2910 σθαι
2264 2858 2404 2928 (94),
2442 2856 2748 2927 ἀναιρεθεὶς
2783 2857 2885 2909 ὑπὸ
2933 2855 3208 2927 Ἡρώδου.
3256 2856 3554 2928 πρόδρομος
3588 2867 3659 2919 γεο

2113 2947 2333 3018 νόμενος
2366 2949 2506 3001 ἐκεῖ·
2542 2948 2822 3019 σημαίνειν
2859 2946 3063 3018 μέλλων
3097 2947 3321 3017 κᾴκεῖσε
3371 2943 3662 2999 κατελεύσε-

2118 3038 2239 3092 σθαι
2269 3040 2359 3092 τὸν
2396 3040 2620 3110 Σωτῆρα
2656 3038 3013 3110 λυτρούμενον
3044 3038 3140 3101 τὰς
3171 3037 3279 3090 τῶν
3308 3037 3480 3106 ἁγίων
3514 3033 3662 3103 ψυχάς

2034 3160 2076 3218 C
2115 3131 2177 3184 ἐκ
2202 3130 2386 3202 χειρὸς
2418 3131 2669 3184 θανάτου.

2195 3222 2332 3273 Ἀλλ’
2360 3221 2544 3290 ἐπειδὴ
2587 3219 2727 3292 ἀρχὴ
2765 3219 3109 3283 ἀναστάσεως
3143 3220 3361 3273 πάντων
3393 3215 3663 3287 ἀνθρώπων

2111 3308 2179 3383 ἦν
2219 3314 2247 3364 ὁ
2278 3310 2489 3383 Σωτὴρ,
2536 3311 2641 3364 ἔδει
2680 3312 2771 3363 τὸν
2810 3310 3009 3381 Κύριον
3055 3310 3215 3380 μόνον
3258 3306 3573 3363 ἀνίστασθαι
3614 3306 3667 3356 ἐκ

2116 3403 2221 3456 τῶν
2242 3402 2473 3474 νεκρῶν,
2495 3403 2562 3455 δι’
2587 3398 2648 3457 οῦ
2683 3404 2715 3472 ἡ
2742 3403 2922 3475 κρίσις
2952 3403 3113 3456 παντὶ
3138 3401 3216 3472 τῶ
3243 3402 3434 3472 κόσμῳ
3464 3394 3667 3453 εἰσελεύ-

2121 3511 2300 3548 σεται·
2345 3495 2431 3547 ἴνα
2469 3496 2518 3547 οί
2547 3494 2713 3560 ἀξίως
2750 3495 3172 3564 ἀγωνισάμενοι,
3216 3492 3385 3556 ἀξίως
3431 3493 3521 3545 καὶ
3559 3486 3665 3559 παρ’

2120 3585 2285 3639 αὐτοῦ
2349 3584 2799 3655 στεφανωθῶσιν·
2850 3586 2953 3638 ὑπὸ
2990 3584 3081 3637 τοῦ
3127 3583 3291 3637 καλοῦ
3333 3580 3665 3651 ἀγωνοθέτου.

2119 3677 2336 3748 πρώτου
2365 3678 2425 3731 τὸ
2456 3677 2665 3731 στάδιον
2696 3678 3028 3748 διηνυκότος,
3058 3676 3152 3729 τοῦ
3181 3675 3576 3745 ἀναληφθέντος
3601 3672 3667 3731 εἰς

2117 3768 2409 3838 οὐρανοὺς,
2456 3768 2549 3821 καὶ
2595 3770 2651 3820 ἐν
2687 3767 2835 3837 δεξιᾷ
2876 3765 2966 3818 τοῦ
2997 3766 3131 3818 Θεοῦ
3163 3767 3256 3819 καὶ
3297 3765 3510 3836 Πατρὸς
3558 3760 3668 3815 καθ-

2120 3859 2395 3923 εσθέντος,
2442 3860 2534 3911 καὶ
2580 3857 2740 3912 πάλιν
2784 3859 2878 3911 ἐπὶ
2918 3861 2981 3927 τῇ
3038 3857 3314 3927 συντελείᾳ
3355 3855 3449 3908 τοῦ
3491 3855 3669 3923 κόσμου

2118 3951 2305 4022 κριτοῦ
2363 3950 2949 4021 πεφανερωθησομένου
3004 3950 3150 4020 (95).
3221 3948 3560 4016 Ἀναγκαίως
3608 3945 3674 3995 δεῖ

2121 4041 2370 4113 πρώτους
2400 4043 2523 4106 τοὺς
2565 4042 2904 4115 προδρόμους
2930 4042 3095 4095 αὐτοῦ
3132 4040 3536 4112 φανερωθῆναι,
3562 4037 3675 4090 καθ-

2118 4126 2193 4192 ὼς
2229 4130 2317 4184 διὰ
2360 4131 2635 4201 Μαλαχίου
2673 4133 2767 4184 καὶ
2808 4131 3039 4199 ἀγγέλου
3090 4131 3199 4202 (96)
3233 4132 3398 4201 φησί·
3438 4151 3454 4182 ι
3490 4128 3674 4198 Πέμψω

2121 4220 2247 4290 ύμῖν
2283 4220 2465 4273 Ἠλίαν
2497 4222 2587 4274 τὸν
2614 4223 2897 4293 Θεσὸίτην,
2932 4225 3059 4293 πρὶν
3092 4224 3123 4293 ῆ
3156 4222 3334 4275 ἐλθεῖν
3363 4223 3461 4293 τὴν
3489 4220 3675 4292 ἡμέραν

2122 4308 2461 4379 Κυρίου,τὴν
2495 4310 2737 4380 μεγάλην
2764 4312 2857 4364 καὶ
2882 4312 3137 4381 ἐπιφανῆ·
3172 4311 3230 4373 ὂς
3257 4311 3679 4377 ἀποκαταστήσει

2124 4401 2350 4473 καρδίας
2388 4403 2641 4476 πατέρων
2671 4404 2766 4458 ἐπὶ
2802 4404 2989 4469 τέκνα,
3019 4403 3112 4457 καὶ
3140 4402 3389 4466 ἀπειθεῖς
3417 4405 3475 4455 ἐν
3505 4398 3681 4472 φρονή-

2335 4540 2382 4571 ⁸³
2418 4539 2551 4596 Luc.
2587 4558 2625 4606 ι,
2657 4541 2747 4596 4i.
2848 4541 2893 4573 “
2933 4540 3090 4595 Joan.
3126 4539 3168 4605 Ι,
3200 4540 3291 4595 29.
3396 4540 3441 4570 "
3469 4535 3681 4591 Malach.

448 4740 638 4780 onmes
685 4722 929 4777 veritatis
976 4721 1156 4776 studio
1197 4720 1508 4777 Christiana
1533 4721 1731 4790 pietate
1760 4736 1825 4777 ac
1852 4721 2008 4774 εύλα-
2039 4726 2084 4782 D
2112 4740 2237 4778 cum
2272 4723 2375 4779 hac
2403 4722 2684 4779 Malacliiae
2708 4722 3073 4779 auctoritate?
3112 4721 3386 4790 Ἄγγελος
3425 4734 3554 4773 vero
3580 4727 3685 4786 ety-

448 4797 571 4864 6είᾳ
615 4795 671 4848 in
709 4792 909 4864 divinis
958 4791 1255 4864 Scripturis
1283 4807 1505 4864 operam
1537 4807 1892 4862 poneremus,
1919 4807 2011 4864 ea-

450 4861 681 4933 rumque
709 4863 1066 4918 elucidatione
1084 4861 1343 4933 iacfcultu,
1376 4861 1550 4917 vitam
1570 4873 1828 4917 aeternam
1853 4861 2011 4916 nobis

450 4932 668 5005 praemio
694 4935 1097 5003 quaereremus!
1129 4932 1367 5005 tiones.

519 5006 631 5076 (93)
683 4999 1130 5076 ’Ᾱγαλλόμενοᾳ
1158 5002 1284 5076 Leg:
1321 5000 1741 5076 ἀγαλλιῶμενος.
1777 4999 1915 5055 GUD.

520 5071 632 5143 (94')
672 5071 1209 5142 Εὑαγγελίσασθαι.
1252 5071 1512 5143 Joannem
1548 5071 1845 5143 Baptistam
1884 5086 2016 5139 prae.

450 5140 730 5199 cursorem
781 5140 984 5197 Christi
1030 5144 1193 5196 etiam
1238 5143 1380 5211 apud
1414 5142 1617 5196 inferos
1650 5140 1837 5200 fuisse.
1866 5155 2017 5194 com-

453 5215 686 5268 muniter
733 5212 905 5267 Graeci
963 5221 1228 5266 statuunt.
1278 5210 1421 5265 Vide
1472 5211 1705 5265 Leonem
1763 5210 2019 5264 Allatium

453 5284 526 5406 ge
576 5283 727 5336 libris
778 5281 1148 5336 ecclesiasticis
1195 5281 1517 5345 Graecorum,
1565 5297 1682 5349 pag.
1743 5280 1846 5335 303
1902 5294 2017 5349 seq.

498 5369 669 5406 ABRIC.

498 5369 669 5406 ABRIC.

526 5422 637 5491 (95)
678 5418 1355 5490 Πεφανερωθησομένου.
1377 5417 1801 5491 Manifestandus
1822 5428 1920 5491 est.
1948 5417 2024 5473 lta

455 5487 845 5555 Coiubelisius,
900 5487 999 5559 pro
1055 5487 1506 5559 πεφανερωμένου
1563 5487 2022 5559 apud_Gudium.

459 5560 642 5685 {gegtio
690 5555 1091 5617 Combeiisiana
1140 5555 1399 5630 probatur
1444 5555 1659 5627 quoque
1704 5555 2026 5631 Tanaquillo

503 5647 530 5683 a
577 5646 656 5685 ro.

503 5646 656 5685 auro.

530 5700 642 5770 (96)
680 5701 993 5769 Μειλιχίου
1022 5701 1121 5753 καὶ
1156 5700 1433 5771 ἀγγέλου.
1488 5700 1579 5771 Sic
1604 5700 1835 5766 restitui,
1899 5716 2024 5754 cum

461 5770 604 5827 [mdo
631 5786 815 5827 errore
840 5780 1001 5837 esset,
1033 5772 1125 5824 καὶ
1163 5770 1432 5840 ’Δ-(γαίου.
1472 5770 1607 5836 Quid
1660 5773 1807 5845 CllitQ
1832 5771 2026 5842 Aggaae

2115 4811 2266 4849 mum
2311 4802 2394 4849 est
2443 4797 2594 4849 vocis
2642 4794 2950 4857 Malachize,
2990 4803 3048 4864 ut
3087 4793 3346 4864 omnibus
3382 4798 3569 4864 notum
3590 4794 3685 4864 εδει

2118 4864 2274 4933 cujus
2330 4864 2494 4919 unius
2541 4865 2742 4920 citatus
2789 4865 2982 4929 locus,
3031 4863 3146 4932 ipse
3203 4862 3453 4933 illustris,
3488 4858 3685 4933 additis

2118 4927 2305 4999 eti-am,
2350 4951 2473 5003 quae
2524 4936 2592 4989 ab
2635 4935 2827 5003 angelo
2869 4927 3013 4988 dicta
3053 4927 3187 5003 sunt
3240 4930 3450 5003 Lue._|,
3482 4928 3566 5003 l_7,
3609 4927 3689 5003 καὶ

2118 4997 2444 5068 ἀπειθεῖς’ὲν
2472 4997 2736 5077 φρονήσεῖ
2752 5004 3004 5058 δικαίων·
3042 5013 3135 5077 ret
3164 5000 3495 5077 incredulos,
3520 4997 3691 5051 inobo-

2120 5078 2353 5135 dieutes,
2406 5071 2792 5140 contumaces,
2846 5076 2912 5127 ad
2942 5072 3282 5140 prudentiam
3314 5071 3592 5138 justorum
3622 5084 3686 5140 χ»

2123 5161 2232 5212 quo
2278 5134 2455 5199 tamen
2486 5161 2593 5200 non
2628 5134 2840 5199 videtur
2868 5134 3187 5212 Hippolytus
3228 5134 3535 5212 respexisse
3556 5178 3571 5201 ,
3603 5134 3690 5188 3d-

2129 5207 2328 5275 dendo,
2357 5216 2452 5269 xui.
2484 5215 2715 5284 ἀγγέλου
2740 5254 2755 5276 ,
2782 5207 3371 5284 alioquiséribeuduin
3400 5210 3477 5284 illi
3506 5207 3691 5284 fuerat,

2131 5287 2221 5337 καὶ
2253 5284 2345 5337 τοῦ
2376 5280 2609 5353 ἀγγέλου
2631 5327 2645 5347 ,
2678 5294 2736 5337 ut
2763 5280 2950 5353 Graece
2968 5282 3121 5353 docti
3148 5291 3377 5353 norunt;
3432 5280 3695 5353 videatur-

2130 5371 2235 5422 que
2263 5357 2376 5409 lizec
2401 5348 2515 5424 ipsa
2534 5371 2659 5422 pars
2676 5353 2917 5407 vaticinii
2936 5351 3235 5424 Malacliiae,
3289 5366 3413 5419 qua:
3452 5348 3692 5424 modotu

2130 5418 2250 5492 ejus
2278 5418 2813 5485 librddesideretur,
2845 5432 2905 5476 ut
2941 5430 3069 5477 sunt
3089 5421 3259 5493 etiam
3295 5418 3559 5493 postremi
3589 5418 3697 5493 ejus

2131 5490 2325 5563 capitis
2356 5509 2545 5549 versus
2592 5495 2644 5547 in
2672 5492 2876 5547 Graecis
2902 5492 3100 5563 turbati
3128 5505 3143 5542 :
3174 5492 3233 5563 in
3266 5491 3464 5563 quibus
3495 5490 3610 5556 ipse
3638 5490 3695 5563 tio.

2132 5552 2298 5631 tuius,
2344 5567 2631 5635 Προφήτης
2685 5562 2921 5635 ἅγγελος
2968 5552 3301 5635 Μαλαχίαςί
3330 5562 3469 5635 unde
3513 5552 3699 5635 procul

2131 5629 2298 5691 dubio
2362 5629 2927 5707 [lippoly'tusfquod
2982 5634 3055 5689 ita
3108 5629 3368 5701 scripsit,
3436 5629 3696 5683 habuerit.

2132 5708 2369 5761 (lounizr.
