3836 6544
210 416 299 471 765
1252 410 1338 468 DE
1380 410 1679 468 CHRISTO
1720 410 1805 464 ET

1844 408 2328 467 ANTICHRISTO.
3316 411 3413 465 766

212 552 280 587 σει
308 529 533 594 δικαίων,
557 528 765 599 μήποτε
815 525 982 581 ἐλθὼν
1014 526 1238 594 πατάξω
1267 528 1366 601 τὴν
1391 529 1491 599 γῆν
1514 527 1698 599 ἄρδην.
1722 546 1739 577 ›

1846 536 1899 581 et
1925 526 2298 583 inobedientes
2327 525 2395 580 ad
2427 522 2768 594 prudentiam
2818 524 3095 593 iustorum
3130 542 3144 579 :
3176 540 3243 578 ne
3278 525 3415 581 forte

210 619 344 679 Οὗτοι
385 615 473 675 οῦν
515 618 945 691 παραγενόμενοι
991 619 1284 691 κηρύξουσι
1316 619 1414 692 τὴν
1446 619 1739 690 μέλλουσαν

212 710 401 768 ἔσεσθαι
441 707 546 763 ἀπὸ
589 708 833 780 οὐρανῶν
874 708 1111 779 Χριστοῦ
1159 710 1509 779 ἐπιφάνειαν*
1552 710 1601 762 οἳ
1645 709 1740 762 καὶ

206 801 457 872 ποιήσουσι
516 800 713 869 σημεῖα
767 798 859 852 καὶ
913 798 1116 870 τέρατα
1167 800 1246 863 εἰς
1294 798 1357 851 τὸ
1406 798 1508 852 κᾶν
1568 797 1740 862 οὕτως

205 888 490 962 δυσωπῆσαι
548 889 644 941 καὶ
708 887 1030 959 ἐπιπρέψαι
1101 887 1228 950 τοὺς
1288 885 1605 959 ἀνθρώπους
1659 887 1738 948 εἰς

208 980 492 1053 μετάνοιαν,
535 977 623 1032 διά
663 978 761 1051 τὴν
799 977 1243 1052 ὑπερϐάλλουσαν
1286 976 1465 1031 αὐτῶν
1507 964 1738 1049 ἀνομίαν

204 1091 254 1127 τε
286 1071 370 1126 καὶ
400 1069 672 1126 ἀσέϐειαν.

259 1162 529 1235 Λέγειγάρ
578 1161 862 1234 Ἰωάννης·
907 1180 925 1213 t
966 1162 1076 1215 Kal.
1104 1160 1260 1215 δώσω
1293 1166 1403 1227 τοῖς
1435 1162 1555 1218 δυσὶ
1594 1163 1735 1234 μάρ-

203 1254 302 1309 τυσί
326 1271 440 1326 μου,
474 1254 568 1307 καὶ
590 1251 1060 1324 προφητεύσουσιν
1085 1252 1295 1323 ἡμέρας
1330 1252 1507 1322 χιλίας
1550 1253 1735 1306 διακο-

204 1349 305 1413 σίας
327 1347 598 1420 ἐξήκοντα,
630 1344 1080 1415 περιϐεϐλημένοι
1107 1343 1343 1408 σάκκους
1361 1361 1375 1375 ⁸
1402 1364 1421 1396 ι
1457 1344 1733 1411 Τουτέστι,

202 1441 250 1493 τὸ
273 1440 426 1510 ἥμισυ
456 1437 555 1509 τῆς
573 1435 883 1508 ἑϐδομάδος,
911 1431 980 1509 ἧς
1022 1436 1211 1507 εἴρηκε
1253 1435 1471 1507 Δανιήλ.
1524 1455 1543 1489 ι
1578 1431 1735 1491 Οὗτοί

202 1532 313 1583 εἰσιν
340 1531 390 1585 al
417 1527 506 1581 δύο
535 1528 714 1581 ἐλαῖαι
741 1527 834 1580 καὶ
856 1527 914 1580 αἱ
946 1526 1040 1582 δύο
1062 1526 1271 1599 λυχνίαι
1298 1528 1352 1581 al
1385 1525 1613 1580 ἐνώπιον
1642 1526 1734 1580 τοῦ

202 1622 376 1693 Κυρίου
406 1621 500 1692 τῆς
526 1620 628 1692 γῆς
656 1620 887 1674 ἑστῶσαι
906 1636 919 1650 ·
951 1620 1042 1673 καὶ
1070 1619 1124 1673 εί
1149 1637 1232 1683 τις
1279 1618 1473 1684 αὐτοὺς
1522 1618 1735 1690 θελήσει

202 1709 440 1780 ἀδικῆσαι,
470 1708 581 1780 πῦρ
611 1707 950 1775 ἐξελεύσεται
988 1710 1052 1763 ἐκ
1085 1707 1180 1762 τοῦ
1218 1709 1483 1780 στόματος
1531 1708 1733 1773 αὐτῶν,

203 1799 278 1852 καὶ
295 1798 554 1852 κατεσθίει
582 1799 709 1861 τοὺς
731 1797 958 1869 ἐχθροὺς
986 1796 1165 1852 αὐτῶν
1184 1814 1197 1828 ’
1230 1798 1323 1851 καὶ
1347 1797 1403 1851 εί
1419 1815 1501 1861 τις
1522 1797 1735 1869 θελήσει

202 1889 249 1941 ἐν
271 1889 458 1952 τούτοις
480 1887 760 1957 ἀδικῆσαι,
785 1868 957 1951 οὕτως
993 1886 1075 1940 δεῖ
1111 1887 1275 1943 αὑτὸν
1313 1868 1735 1957 ἀποκτανθῆναι.
1769 1868 1813 1924 Β

200 1969 336 2033 Οὗτοι
362 1977 569 2048 ἔχουσιν
598 1977 843 2042 ἐξουσίαν
870 1978 1078 2033 κλεῖσαι
1100 1977 1193 2031 τὸν
1224 1977 1452 2050 οὐρανὸν
1470 2018 1484 2043 ,
1530 1979 1618 2031 ἵνα
1666 1978 1740 2050 μὴ

201 2071 331 2134 ὑετὸς
353 2070 510 2141 βρέξῃ
538 2068 641 2134 τὰς
668 2070 881 2143 ἡμέρας
901 2072 1000 2141 τῆς
1031 2072 1368 2143 προφητείας
1396 2070 1575 2125 αὐτῶν
1598 2111 1613 2137 ,
1646 2074 1741 2126 καὶ

199 2161 411 2227 ἐξουσίαν
438 2162 651 2233 ἔχουσιν
684 2161 912 2216 ἐπὶτῶν
940 2162 1147 2216 ὑδάτων
1191 2163 1443 2234 στρέφειν
1483 2162 1622 2216 αύτά
1660 2164 1741 2227 είς

202 2250 333 2326 αἷμα,
369 2256 458 2309 καὶ
481 2254 721 2319 πατάξαι
750 2253 847 2326 τὴν
878 2255 983 2326 γῆν
1011 2256 1070 2308 ἐν
1103 2254 1252 2328 πάσῃ
1298 2254 1478 2327 πληγῇ
1501 2294 1515 2319 ,
1551 2256 1739 2321 ὁσάκις

201 2346 279 2400 ἐὰν
303 2346 615 2419 [θελήσωσι.
652 2365 671 2399 ι
695 2347 807 2401 Ka‘t
833 2348 962 2401 ὅταν
980 2343 1003 2417 ]
1024 2347 1280 2401 τελέσωσι
1306 2346 1398 2401 τὸν
1423 2347 1619 2419 δρόμον
1638 2348 1738 2402 αύ-

200 2439 288 2491 τῶν
308 2439 393 2493 καὶ
416 2440 511 2512 τὴν
541 2438 849 2513 μαρτυρίαν
874 2439 1073 2505 αὐτῶν,
1101 2440 1154 2493 τί
1180 2457 1342 2512 φησιν
1362 2441 1391 2493 ὁ
1417 2442 1700 2512 προφήτης
1723 2458 1737 2507 ;

205 2531 307 2583 «Τὸ
328 2530 503 2603 θηρίον
552 2530 618 2584 τὸ
662 2530 947 2585 ἀναϐαῖνον
975 2532 1040 2584 ἐκ
1094 2530 1195 2602 τῆς
1239 2530 1475 2585 ἀϐύσσου
1523 2534 1739 2603 ποιήσει

205 2623 300 2689 μετ’
324 2623 490 2678 αὐτῶν
531 2623 796 2694 πόλεμον,
825 2623 920 2677 καὶ⁵
950 2624 1159 2695 νικήσει
1201 2623 1398 2687 αὐτοὺς
1422 2665 1437 2687 ,
1480 2624 1573 2679 καὶ
1607 2625 1741 2679 ἀπο-

201 2716 352 2768 κτενεῖ
371 2715 584 2782 αύτοὺς,
605 2734 633 2780 ,ι
664 2714 755 2769 διά
779 2716 841 2769 τὸ
876 2716 950 2787 μὴ
980 2714 1152 2769 θέλειν
1170 2716 1367 2781 αὐτοὺς
1381 2716 1534 2782 δόξαν
1556 2715 1740 2771 δοῦναι

200 2803 263 2874 τῷ
297 2806 654 2879 ’Δντιχρίστῳ.
676 2807 957 2872 Τουτέστι,
982 2807 1043 2861 τὸ
1067 2806 1302 2877 ἀναφύον
1327 2809 1522 2880 μικρὸν
1550 2810 1736 2882 κέρας.

204 2895 285 2958 Ὃς
307 2896 548 2968 ἐπαρθεὶς
573 2897 760 2952 λοιπὸν
778 2900 845 2969 τῇ
872 2898 1089 2969 καρδίᾳ,
1111 2899 1333 2970 ἄρχεται
1359 2902 1547 2955 ἑαυτὸν
1574 2902 1741 2973 ὑψοῦν

203 2987 278 3041 καὶ
300 2987 525 3055 δοξάζειν
550 2989 629 3055 ὼς
652 2990 805 3055 Θεὸν,
832 2989 1042 3045 διώκων
1066 2992 1192 3054 τοὺς
1222 2992 1411 3062 ἀγίους
1430 3033 1444 3057 ,
1474 2995 1567 3049 καὶ
1607 2994 1739 3066 βλα-

203 3080 398 3151 σφημῶν
422 3082 511 3135 τὸν
530 3082 786 3155 Χριστὸν,
822 3081 1003 3147 καθὼς
1035 3082 1181 3153 λέγει
1209 3086 1407 3157 Δανιήλ
1429 3101 1445 3116 '
1482 3105 1501 3138 ι
1530 3087 1738 3158 Προσε-

201 3167 327 3222 νόουν
351 3170 424 3242 τῷ
450 3172 674 3245 κέρατι,
704 3173 800 3227 καὶ⁴
827 3173 937 3227 ίδοὺ
977 3173 1243 3247 ὀφθαλμοὶ
1272 3175 1406 3230 ὡσεὶ
1451 3175 1738 3249 ἀνθρώπου

202 3260 248 3312 ἐν
266 3258 334 3331 τῷ
351 3262 557 3334 κέρατι,
594 3264 691 3318 καὶ
718 3263 895 3335 στόμα
929 3264 1123 3319 λαλοῦν
1152 3266 1392 3336 μεγάλα,
1424 3268 1519 3321 καὶ
1561 3269 1737 3340 ἤνοιξε

200 3350 249 3402 τὸ
274 3353 427 3423 στόμα
450 3353 619 3408 αὑτοῦ
648 3356 728 3419 εἰς
758 3354 1103 3426 βλασφημίαν
1133 3357 1269 3429 πρὸς
1305 3357 1397 3412 τὸν
1427 3358 1560 3413 Θεόν
1578 3376 1591 3390 ·
1648 3363 1741 3415 καὶ

202 3439 249 3492 τὸ
271 3442 420 3513 κέρας
447 3445 625 3498 ἐκεῖνο
656 3444 829 3498 ἐποίει
857 3445 1091 3516 πόλεμον
1122 3445 1261 3517 μετὰ
1282 3446 1391 3501 τῶν
1424 3448 1614 3517 ἁγίων,
1645 3451 1741 3505 καὶ⁹

201 3533 357 3603 ίςχυσε
382 3537 512 3609 πρὸς
531 3538 754 3602 αὐτοὺς,
780 3536 885 3601 ἕως
912 3537 979 3591 ἀν
1008 3538 1250 3611 ἀνῃρέθη
1277 3540 1339 3594 τὸ
1368 3541 1557 3614 θηρίον
1580 3583 1595 3608 ,
1647 3543 1741 3596 καὶ

202 3624 446 3695 ἀπώλετο,
471 3629 567 3684 καὶ
594 3629 658 3683 τὸ
689 3628 849 3701 σῶμα
876 3629 1041 3685 αὑτοῦ
1087 3630 1242 3702 ἐδόθη
1296 3634 1376 3697 είς
1407 3632 1605 3689 καῦσιν
1637 3652 1741 3687 πυ-

204 3714 295 3783 ρός.
328 3734 346 3768 ι

1768 3220 1810 3277 C

268 3806 388 3861 Ἀλλ’
417 3810 535 3863 ἐπεὶ
564 3810 648 3864 δεῖ
674 3809 1166 3884 λεπτομερέστερον
1201 3813 1329 3885 περὶ
1356 3813 1521 3868 αὐτοῦ
1552 3814 1741 3888 διηγή-

202 3897 387 3965 σασθαι,
410 3900 525 3965 πῶς
543 3919 607 3955 τε
629 3900 691 3955 τὸ
719 3901 871 3970 ἆγιον
889 3903 1133 3974 ’Πνεῦμα
1163 3902 1228 3956 δι’
1266 3904 1499 3977 ἀριθμοῦ
1542 3907 1637 3960 καὶ
1681 3907 1743 3959 τὸ

201 3986 343 4059 ὄνομα
360 3991 515 4046 αὑτοῦ
549 3992 829 4064 μυστικῶς
854 3991 1110 4065 ἐδήλωσε,
1144 3994 1479 4067 σαφέστερον
1521 3995 1590 4049 τά
1617 3998 1744 4069 περὶ

201 4079 339 4134 αὐτοῦ
355 4083 738 4156 διηγησόμεθα.
763 4085 924 4155 Λέγει
955 4086 1063 4158 γὰρ
1088 4086 1339 4158 Ἰωάννης
1362 4086 1531 4153 οὕτως
1548 4104 1563 4119 ο
1588 4106 1608 4141 ι
1634 4089 1745 4142 Καὶ

202 4165 316 4224 εἶδον
340 4173 460 4229 ἄλλο
487 4175 677 4247 θηρίον
705 4176 991 4232 ἀναϐαῖνον
1020 4179 1085 4232 ἐκ
1108 4179 1206 4250 τῆς
1234 4178 1360 4250 γῆς,
1386 4180 1481 4233 καὶ
1513 4175 1626 4252 εἶχε
1652 4180 1743 4235 κέ-

204 4278 318 4331 ρατα
344 4265 431 4320 δύο
453 4306 468 4332 ,
518 4270 683 4341 ὃμοια
708 4269 899 4341 ἀρνίῳ,
932 4270 1028 4324 καὶ
1049 4269 1228 4325 ἐλάλει
1256 4271 1333 4335 ὡς
1356 4271 1591 4341 δράκων.
1634 4272 1744 4326 Καὶ

201 4353 281 4424 τὴν
297 4355 531 4423 ἐξουσίαν
555 4358 651 4413 τοῦ
668 4360 884 4432 πρώτου
907 4360 1097 4431 θηρίου
1124 4362 1302 4415 πᾶσαν
1319 4361 1491 4416 ἐποίει
1514 4360 1743 4415 ἐνώπιον

201 4441 359 4511 αὑτοῦ,
387 4448 477 4502 καὶ
503 4448 678 4502 ἐποίει
710 4450 811 4521 τὴν
842 4450 947 4521 γῆν
962 4437 1084 4504 ’καὶ
1125 4451 1251 4515 τοὺς
1289 4453 1346 4505 ἐν
1387 4454 1523 4524 αύτῇ
1561 4470 1744 4507 κατοι-

1842 618 2054 672 veniam
2082 659 2097 684 ,
2155 625 2210 672 et
2242 616 2540 687 percutiam
2577 628 2774 671 terram
2805 615 3021 685 penitus
3052 615 3117 671 “.
3150 635 3168 668 ι
3227 615 3292 670 Ili
3315 618 3417 671 ita-

1841 724 1948 779 que
1978 709 2256 764 venientes
2289 707 2655 777 praedicabunt
2693 708 2932 762 futuram
2978 707 3181 762 Christi
3206 723 3237 763 e
3258 709 3411 763 ccelis

1840 800 2269 869 apparitionem;
2319 799 2627 868 faciemque
2670 799 2823 869 signa
2851 807 2904 853 et
2947 798 3211 869 prodigia,
3247 808 3304 852 ut
3328 800 3413 855 vel

1838 890 1921 946 sic
1950 889 2226 947 inflectant
2248 898 2411 960 atque
2448 898 2764 945 convertant
2792 889 3073 944 hominum
3098 890 3311 943 animos
3343 893 3411 941 ad

1838 982 2240 1051 paenitentiam,
2267 981 2336 1036 ob
2363 978 2586 1036 nimiam
2623 980 3024 1050 improbitatem
3066 996 3131 1036 ac
3163 981 3411 1052 impieta-

1840 1080 1949 1126 tem
1982 1087 2089 1141 qua
2116 1072 2385 1126 laborant.

1910 1161 2117 1216 XLVII.
2146 1163 2235 1217 Ait
2261 1162 2406 1217 enim
2439 1160 2711 1216 Joannes:
2754 1181 2772 1213 ι
2805 1161 2874 1215 Et
2905 1161 3046 1218 dabo
3080 1163 3293 1219 duobus
3332 1174 3412 1219 te-

1838 1255 2014 1310 stibus
2063 1254 2229 1317 meis,
2273 1263 2327 1309 et
2373 1254 2774 1324 prophetabunt
2815 1254 2930 1309 dies
2965 1255 3109 1309 mille
3150 1256 3415 1311 ducentos

1838 1346 2149 1416 sexaginta,
2200 1344 2384 1399 amicti
2430 1344 2605 1399 saccis
2641 1345 2707 1397 '7.
2748 1364 2767 1397 ι
2820 1344 2935 1399 Hoc
2971 1353 3086 1399 est:
3126 1346 3412 1401 dimidium

1838 1435 1982 1494 istud
2032 1434 2407 1500 hebdomadzn,
2464 1435 2530 1491 de
2573 1451 2679 1505 qua
2726 1434 2913 1489 Daniel
2966 1435 3179 1492 locutus
3222 1439 3267 1475 ⁸³
3307 1449 3412 1495 est.

1844 1546 1862 1578 ι
1898 1527 1985 1582 lsti
2029 1535 2159 1583 sunt
2184 1526 2304 1581 dua:
2332 1526 2487 1581 olivae
2519 1535 2571 1580 et
2605 1527 2713 1580 duo
2738 1525 3061 1580 candelabra
3102 1527 3154 1579 in
3187 1542 3416 1598 conspe-

1837 1628 1925 1675 ctu
1949 1619 2041 1673 Dei
2076 1628 2233 1673 terra:
2261 1618 2479 1674 stantia.
2506 1617 2572 1672 Et
2602 1618 2647 1673 si
2673 1618 2796 1687 quis
2826 1618 3059 1673 voluerit
3084 1618 3164 1673 eis
3193 1634 3412 1682 nocere,

1837 1712 1978 1783 ignis
2010 1712 2153 1766 exiet
2181 1712 2247 1766 de
2279 1727 2371 1766 ore
2399 1727 2617 1775 eorum,
2654 1720 2707 1765 et
2730 1710 3010 1765 devorabit
3040 1711 3292 1766 inimicos
3320 1727 3416 1765 eo—

1839 1820 1983 1858 rum.
2016 1804 2081 1858 Et
2104 1806 2150 1860 si
2183 1804 2304 1875 quis
2326 1806 2556 1860 voluerit
2583 1821 2675 1859 eos
2706 1806 2913 1871 laedere,
2941 1806 3021 1861 sic
3052 1815 3263 1875 oportet
3290 1821 3413 1860 eum

1840 1893 2033 1949 occidi.
2081 1893 2145 1948 lli
2181 1894 2379 1948 habent
2414 1903 2731 1965 potestatem
2759 1895 3045 1949 claudendi
3078 1897 3273 1951 etelum
3297 1936 3310 1959 ,
3350 1911 3417 1949 ne

1838 1972 1988 2054 pluat
2017 1984 2208 2041 diebus
2236 1986 2534 2055 prOpbetia:
2569 1986 2846 2055 ipsorum:
2885 1995 2938 2041 et
2968 1995 3285 2055 potestatem
3320 1987 3418 2041 ha-

1838 2078 1967 2131 bent
1994 2092 2158 2147 super
2185 2093 2377 2148 aquas,
2405 2079 2646 2133 vertendi
2683 2094 2774 2133 eas
2809 2079 2863 2132 in
2895 2079 3236 2147 sanguinem,
3272 2088 3327 2132 et
3357 2088 3416 2131 ut

1838 2175 2039 2221 terram
2082 2167 2386 2237 percutiant
2427 2168 2572 2223 omni
2613 2169 2802 2240 plaga,
2846 2168 3277 2238 quotiescunque
3321 2183 3419 2221 vo-

1839 2260 2040 2315 luerint
2078 2261 2147 2317 ‘9.
2200 2279 2219 2313 ι
2278 2259 2378 2315 Ubi
2406 2270 2585 2315 autem
2624 2276 2843 2315 cursum
2891 2276 3049 2315 suum
3088 2260 3418 2330 perfecerint

1838 2365 2109 2421 suumque
2162 2350 2570 2418 testimonium,
2630 2351 2890 2421 quidnam
2936 2350 3067 2405 dicit
3110 2337 3417 2420 propheta?

1846 2465 1864 2499 ι
1902 2445 2083 2503 Bestia
2119 2463 2241 2518 qua:
2284 2446 2526 2503 ascendit
2566 2446 2643 2519 de»
2664 2446 2881 2517 abysso,
2941 2444 3102 2501 faciet
3156 2445 3417 2499 adversus

1839 2557 1934 2599 eos
1975 2541 2197 2605 bellum,
2234 2548 2289 2594 et
2321 2539 2500 2594 vincet
2546 2538 2701 2603 illos,
2754 2548 2807 2592 et
2847 2538 3059 2593 occidet
3111 2537 3234 2591 illos
3281 2537 3358 2601 6°;
3393 2555 3411 2587 ι

1838 2635 1983 2705 quod
2015 2633 2274 2688 nimirum
2321 2632 2611 2687 noluerunt
2636 2633 2765 2687 dare
2799 2631 3025 2702 gloriam
3057 2631 3414 2685 Antichristo.

1840 2726 1954 2782 Hoc
1995 2726 2139 2781 enim
2203 2738 2287 2781 est
2343 2741 2511 2779 cornu
2566 2724 2694 2779 illud
2758 2739 2982 2794 parvum
3048 2739 3416 2779 succrescens.

1840 2813 1892 2870 Is
1940 2828 2175 2883 namque
2198 2811 2311 2883 jam
2341 2813 2516 2867 elatus
2563 2812 2754 2878 corde,
2788 2810 3028 2881 seipsum
3059 2811 3298 2865 exaltare
3332 2810 3419 2863 in-

1840 2906 2002 2976 cipiet
2027 2915 2081 2961 et
2107 2914 2165 2961 ut
2192 2904 2361 2959 Deum
2386 2904 2710 2975 glorificare,
2747 2918 3075 2973 persequens
3105 2912 3323 2958 sanctos
3356 2918 3419 2957 ac

1840 2996 2122 3053 Christum
2148 2994 2563 3064 hlasphemaus,
2594 2993 3054 3063 quemadmodum
3085 2992 3160 3045 ait
3193 2991 3413 3047 Daniel:

1846 3104 1866 3138 ι
1900 3085 1968 3141 Ει
2008 3084 2419 3141 considerabam
2466 3099 2671 3150 cornu;
2711 3092 2765 3137 et
2805 3097 2931 3137 ecce
2971 3082 3113 3135 oculi
3157 3090 3419 3151 tanquam

1842 3181 2080 3237 hominis
2110 3180 2163 3233 in
2197 3194 2388 3243 cornu,
2417 3186 2471 3232 et
2497 3192 2560 3232 os
2585 3177 2813 3247 loquens
2836 3176 3078 3245 grandia.
3116 3175 3179 3228 Et
3207 3175 3421 3244 aperuit

1842 3285 1905 3326 os
1936 3284 2096 3325 suum
2130 3267 2185 3321 in
2220 3266 2612 3336 blasphemiam
2644 3264 2901 3319 adversus
2934 3261 3127 3316 Deum.
3159 3260 3225 3315 Et
3248 3276 3418 3316 cornu

1841 3360 1973 3415 illud
2001 3358 2234 3415 faciebat
2262 3357 2457 3412 bellum
2489 3356 2750 3411 adversus
2779 3361 2994 3409 sanctos
3014 3394 3027 3417 ,
3060 3361 3112 3406 et
3140 3352 3421 3420 praevaluit

1842 3454 2102 3510 adversus
2144 3468 2272 3517 eos;
2305 3450 2660 3521 quoadusque
2690 3446 2972 3502 interfecta
3001 3452 3085 3500 est
3130 3444 3300 3499 bestia
3319 3484 3335 3509 ,
3361 3455 3418 3499 et

1841 3545 2019 3616 periit,
2051 3554 2107 3598 et
2143 3524 2343 3612 corpus
2362 3540 2482 3615 ejus
2507 3538 2763 3595 traditum
2785 3546 2868 3593 est
2896 3537 2952 3592 in
2983 3535 3417 3591 combustioneni

1843 3637 1985 3708 ignis
2011 3638 2076 3691 οι.
2114 3656 2133 3688 .

1912 3809 2147 3867 XLVIII.
2192 3806 2293 3862 Sed
2321 3806 2451 3878 quia
2487 3821 2708 3861 necesse
2744 3813 2828 3862 est
2862 3805 3115 3861 subtilius
3144 3804 3211 3859 de
3229 3819 3295 3860 eo
3318 3803 3421 3858 dis-

1840 3882 2067 3971 putare,
2148 3909 2201 3955 et
2234 3897 2505 3969 quomodo
2548 3895 2781 3966 Spiritus
2820 3906 3040 3952 sanctus
3087 3911 3153 3950 ex
3192 3910 3418 3949 numero

1844 3993 2008 4048 etiam
2046 3991 2164 4062 ejus
2215 4004 2411 4044 nomen
2462 3986 2884 4056 signiﬁcaverit,
2948 4002 3070 4057 qua:
3117 3986 3183 4040 ad
3241 3986 3416 4054 ipsum

1844 4086 2105 4146 attinent,
2156 4081 2355 4137 clarius
2398 4080 2778 4135 edisseremus.
2831 4079 2924 4134 Sic
2948 4080 3092 4133 enim
3130 4079 3205 4131 ait
3249 4077 3415 4131 Joan-

1846 4192 1945 4231 nes
1965 4193 2038 4229 :.t
2074 4172 2142 4228 Et
2160 4172 2267 4227 vidi
2291 4172 2453 4226 aliam
2486 4170 2714 4225 bestiam
2743 4170 3119 4225 ascendentem
3156 4169 3223 4223 de
3252 4177 3415 4229 terra,

1844 4277 1897 4323 et
1940 4266 2172 4321 habebat
2211 4278 2413 4319 cornua
2461 4262 2569 4317 duo
2625 4261 2821 4316 similia
2861 4260 3019 4328 agni,
3063 4269 3116 4313 et
3164 4260 3419 4327 loqueba-

1847 4367 1935 4412 tur
1952 4357 2093 4412 sicut
2120 4355 2303 4410 draco.
2332 4352 2397 4408 Et
2423 4359 2737 4422 potestatem
2763 4350 2961 4421 prioris
2991 4350 3175 4405 bestia:
3200 4363 3417 4403 omnem

1845 4450 2077 4505 faciebat
2121 4449 2177 4503 in
2219 4456 2511 4517 conspectu
2553 4445 2711 4515 ejus:
2762 4453 2817 4499 et
2854 4442 3085 4497 faciebat
3126 4451 3323 4496 terram
3363 4450 3420 4494 et

203 4532 420 4602 κοῦντας,
452 4540 540 4594 ῖνα
567 4541 988 4612 προσκυνήσωσι
1016 4541 1077 4594 τὸ
1105 4540 1293 4614 θηρίον
1317 4543 1377 4597 τὸ
1406 4543 1640 4615 πρῶτον,
1678 4537 1740 4598 οὗ

1846 4542 2150 4596 habitantes
2194 4538 2250 4593 iu
2297 4553 2359 4594 ea
2399 4537 2625 4592 adorare
2662 4535 2894 4605 primam
2947 4534 3210 4598 bestiam,
3259 4531 3417 4601 cujus

201 4621 505 4700 ἐθεραπεύθη
539 4632 573 4701 ἡ
600 4629 781 4702 πληγὴ
805 4628 899 4683 τοῦ
945 4630 1176 4684 θανάτου
1216 4630 1402 4686 αύτοῦζ
1437 4634 1550 4686 Kal.
1574 4633 1745 4687 ἐποίει

204 4724 375 4788 σημεῖα
398 4723 641 4793 μεγάλα,
665 4724 752 4777 ἵνα
792 4723 888 4777 καὶ
918 4722 1031 4796 πῦρ
1053 4726 1179 4795 ποιῇ
1205 4724 1509 4795 καταϐῆναι
1547 4725 1614 4779 ἐκ
1649 4724 1744 4779 τοῦ

201 4808 401 4880 οὐρανοῦ
428 4816 508 4878 είς
534 4814 633 4885 τὴν
661 4814 765 4885 γῆν
792 4813 1125 4869 κατενώπιον
1153 4816 1262 4870 τῶν
1285 4816 1606 4888 ἀνθρώπων.
1638 4819 1747 4872 Kal.

204 4902 353 4976 πλανᾷ
375 4907 498 4971 τοὺς
530 4905 916 4972 κατοικοῦντας
942 4910 1035 4962 ἐπὶ
1065 4910 1163 4981 τῆς
1189 4910 1292 4980 γῆς
1306 4910 1395 4963 διὰ
1421 4911 1489 4964 τὰ
1522 4913 1743 4981 σημεῖα,

200 4992 230 5045 ἃ
254 4995 391 5071 ἐδόθη
422 5000 569 5072 αύτῷ
586 5001 807 5072 ποιῆσαι
830 5000 1060 5054 ἐνώπιον
1091 5001 1184 5054 τοῦ
1214 5001 1423 5073 θηρίου,
1457 5000 1616 5070 λέγον
1634 5005 1745 5065 τοῖς

202 5090 483 5145 κατοικοῦσι
503 5091 600 5164 τὴν
629 5093 752 5163 γῆν,
785 5093 1008 5163 ποιῆσαι
1037 5092 1222 5146 εἰκόνα
1251 5090 1327 5162 τῷ
1356 5091 1548 5163 θηρίῳ,
1578 5092 1606 5144 ὃ
1634 5091 1746 5162 ἔχει

202 5176 281 5245 τὴν
305 5179 507 5254 πληγὴν
537 5184 636 5254 τῆς
654 5183 926 5255 μαχαίρας
958 5183 1052 5237 καὶ
1077 5183 1257 5254 ἔζησε.
1286 5184 1396 5237 Καὶ
1421 5183 1572 5255 ἐδόθη
1599 5184 1746 5255 αὐτῷ

203 5268 392 5339 πνεῦμα
421 5272 605 5327 δοῦναι
631 5276 697 5344 τῇ
716 5273 883 5327 εἰκόνι
912 5273 1003 5327 τοῦ
1037 5272 1224 5345 θηρίου
1252 5271 1376 5345 [ἵνα
1409 5275 1503 5326 καὶ
1538 5274 1747 5346 λαλήσῃ

202 5358 393 5424 ἡείκὼν
428 5364 523 5418 τοῦ
566 5363 808 5437 θηρίου],
858 5366 953 5420 καὶ
989 5366 1189 5436 ποιήσῃ
1220 5403 1234 5428 ,
1277 5365 1363 5417 ἴνα
1406 5366 1519 5418 ὅσοι
1538 5365 1633 5419 ἐὰν
1665 5364 1739 5437 μὴ

206 5456 587 5525 προσκυνήσωσι
629 5459 695 5529 τῇ
746 5457 912 5511 εἰκόνι
956 5456 1050 5510 τοῦ
1077 5456 1299 5528 θηρίου,
1339 5455 1735 5510 ἀποκτανθῶσι.

203 5539 293 5594 Καὶ
318 5551 455 5602 ποιεῖ
485 5548 710 5614 πάντας,
736 5550 861 5613 τοὺς
894 5550 1117 5621 μικροὺς
1158 5549 1252 5602 καὶ
1290 5550 1414 5612 τοὺς
1454 5549 1740 5618 μεγάλους,

204 5630 281 5681 κλὶ
301 5633 417 5697 τοὺς
448 5635 731 5702 πλουσίους
760 5639 998 5701 καὶτοὺς
1027 5640 1291 5709 πτωχοὺς,
1322 5639 1413 5691 καὶ
1440 5639 1564 5702 τοὺς
1594 5638 1742 5691 ἐλευ-

266 5834 448 5894 "Luc.
488 5856 526 5908 ι,
564 5841 641 5897 17.
719 5842 764 5877 ⁵⁷
790 5843 956 5913 Apoc.
989 5859 1064 5907 ιι,
1092 5844 1143 5898 3.
1221 5845 1265 5875 "
1294 5843 1425 5899 Dan.
1462 5860 1533 5911 'x,
1570 5844 1633 5899 Ξῖ

1842 4644 2030 4689 curata
2067 4640 2149 4688 est
2177 4631 2333 4701 plaga
2371 4629 2560 4683 mortis
2595 4628 2733 4697 ejus.
2766 4626 2833 4680 Et
2862 4625 3091 4681 faciebat
3117 4625 3270 4694 signa
3302 4637 3416 4676 ma-

1842 4742 1967 4797 gna,
2010 4734 2071 4780 ut
2098 4725 2263 4779 etiam
2294 4724 2470 4792 ignem
2510 4721 2709 4775 faceret
2736 4721 2802 4774 de
2829 4720 2968 4774 ccelo
3000 4716 3330 4772 descendere
3361 4714 3415 4769 in

1840 4828 2042 4872 terram
2074 4816 2127 4868 in
2160 4822 2455 4883 conspectu
2487 4811 2790 4865 hominum.
2834 4809 2899 4862 Et
2927 4807 3133 4863 seducit
3167 4806 3417 4860 habitan-

1843 4918 1922 4963 tes
1954 4908 2009 4960 in
2042 4918 2203 4970 terra,
2239 4912 2456 4975 propter
2489 4902 2650 4971 signa
2669 4916 2787 4970 quae
2825 4897 2952 4951 data
2980 4906 3105 4951 sunt
3134 4895 3211 4949 illi
3240 4894 3416 4949 facere

1844 4996 1900 5050 in
1928 5004 2223 5065 conspectu
2262 4993 2476 5057 bestiae,
2520 4991 2705 5045 dicens
2746 4987 3112 5043 habitantibus
3153 4986 3207 5039 in
3251 4994 3413 5050 terra,

1844 5097 1905 5143 ut
1932 5087 2133 5142 faciant
2162 5085 2453 5154 imaginem
2486 5082 2673 5136 bestia:
2707 5094 2830 5149 quae
2873 5077 3032 5131 habet
3060 5076 3272 5145 plagam
3302 5075 3415 5144 gla-

1843 5178 1939 5245 dii,
1970 5186 2023 5233 et
2050 5178 2203 5231 vixit.
2238 5174 2303 5230 Et
2324 5174 2509 5229 datum
2539 5180 2621 5226 est
2647 5171 2723 5225 illi
2755 5179 2813 5224 ut
2834 5170 2986 5224 daret
3004 5169 3253 5239 spiritum
3288 5168 3418 5221 ima-

1844 5269 1954 5339 gini
1984 5268 2169 5324 bestia:
2188 5306 2202 5332 ,
2240 5274 2301 5321 ut
2336 5274 2390 5320 et
2420 5266 2673 5333 loquatur
2702 5262 2880 5330 imago
2904 5260 3113 5327 bestia},
3147 5266 3200 5314 et
3232 5258 3412 5324 faciat,

1846 5370 1907 5415 ut
1951 5360 2264 5430 quicunque
2304 5373 2411 5412 non
2459 5353 2802 5410 adoraverint
2849 5351 3136 5421 imaginem
3190 5348 3413 5413 bestiae,

1847 5451 2185 5507 occidantur.
2230 5448 2297 5502 Et
2336 5448 2493 5503 faciet
2535 5462 2757 5512 omnes,
2792 5444 3017 5514 pusillos
3057 5451 3111 5496 et
3152 5455 3414 5510 magnos,

1848 5543 2042 5599 divites
2077 5553 2133 5597 et
2181 5556 2477 5611 pauperes,
2521 5539 2717 5593 liberos
2756 5546 2808 5592 et
2848 5551 3067 5601 servos,
3107 5541 3165 5587 ut
3206 5533 3295 5588 det
3334 5533 3416 5589 eis

1854 5639 2226 5693 characterem
2269 5634 2388 5706 ejus
2428 5634 2482 5689 in
2525 5650 2685 5688 manu
2719 5647 2906 5687 eorum
2939 5630 3191 5694 dextera,
3230 5640 3321 5685 aut
3360 5630 3416 5685 in

1735 5845 1777 5874 ⁸³
1802 5844 1970 5912 Apor.
2008 5860 2083 5899 xi.
2112 5843 2231 5904 4-6,
2306 5846 2347 5876 ⁸ο
2378 5844 2511 5903 lbid.
2544 5842 2594 5895 7.
2675 5842 2714 5873 υ
2744 5839 2877 5895 Dan.
2905 5853 2997 5905 vn,
3037 5837 3089 5901 8,
3119 5835 3173 5890 9.
