3836 6554
399 357 500 411 767

1038 353 1096 410 8.
1142 352 1502 409 HIPPOLYTI
1542 352 1694 410 OPP.
1734 350 1918 407 PARS
1957 351 2020 407 ll.
2062 384 2129 394 —
2169 346 2472 405 DOGMAT.
2516 345 2603 400 ET
2644 342 2987 400 HISTORIC.

3544 334 3635 391 768

396 474 577 528 fronte
605 486 794 528 eorum
823 490 836 527 :
864 480 924 525 ut
949 486 1017 525 ne
1041 471 1165 541 quis
1191 471 1365 541 possit
1391 485 1571 524 emere
1603 478 1697 523 aut
1728 468 1979 533 vendere,

2096 465 2275 539 δέρους
2303 464 2396 517 καὶ
2427 463 2552 525 τοὺς
2577 460 2813 522 δούλους,
2846 458 2931 511 ἴνα
2976 455 3122 529 δὼσῃ
3156 456 3340 518 αὐτοῖς
3392 453 3638 525 χάραγμα

398 564 505 619 nisi
534 564 629 634 qui
669 564 831 619 habet
863 564 1255 628 characterem,
1298 577 1493 615 nomen
1532 561 1739 615 scilicet
1772 560 1977 625 bestiae,

397 656 515 710 sive
545 670 833 709 numerum
860 654 1097 709 nominis
1128 653 1266 723 ejus.
1310 652 1407 707 Hic
1444 653 1708 722 sapientia
1741 661 1843 707 est.
1875 650 1979 716 Qui

400 749 564 803 habet
592 748 922 804 intellectum
946 788 959 809 ,
1006 758 1276 816 computet
1308 762 1594 801 numerum
1626 746 1827 801 bestiae.
1868 743 1981 798 Nu-

402 858 587 897 merus
624 842 769 896 enim
802 841 1039 895 hominis
1069 850 1181 907 est,
1216 851 1271 896 et
1301 855 1562 895 numerus
1587 838 1705 910 ejus
1738 838 1979 895 sexcenti

403 934 684 1005 sexaginta
713 947 807 987 sex
842 932 907 985 ⁸³.
946 949 964 983 ι

476 1206 666 1264 XLIX.
722 1207 957 1264 Bestiam
1009 1208 1173 1278 igitur
1227 1208 1609 1263 ascendentem
1669 1207 1739 1263 de
1793 1216 1979 1271 terra,

406 1297 649 1352 futurum
678 1307 835 1352 vocat
856 1298 1176 1352 Antichristi
1204 1313 1453 1368 regnum.
1498 1296 1615 1353 Duo
1646 1305 1827 1352 autem
1855 1310 1981 1349 cor—

408 1406 547 1456 nua,
587 1390 762 1459 ipsum
784 1431 799 1457 ,
837 1406 902 1444 ac
930 1391 1024 1460 qui
1056 1392 1131 1444 illi
1172 1406 1355 1445 comes
1377 1430 1390 1455 ,
1431 1389 1978 1461 pseudoprophetam.

406 1482 562 1545 Quod
603 1491 784 1535 autem
830 1482 949 1550 ejus
995 1501 1013 1533 ‹
1056 1497 1293 1546 cornua,
1344 1482 1470 1552 agni
1512 1482 1706 1536 similia
1746 1500 1765 1533 ι
1814 1481 1979 1545 dicit;

408 1574 512 1627 huc
538 1573 828 1642 significat,
868 1573 983 1628 fore
1014 1584 1072 1627 ut
1105 1575 1191 1628 ille
1218 1574 1448 1628 similem
1476 1588 1535 1628 se
1563 1572 1655 1627 Dei
1685 1573 1822 1627 Filio
1847 1587 1983 1641 prte-

406 1662 580 1731 ierat,
626 1680 793 1735 seque
835 1680 1015 1734 regem
1054 1664 1327 1719 exhibeat.
1356 1662 1509 1729 Quod
1554 1681 1573 1714 ι
1627 1664 1767 1720 sicut
1816 1664 1983 1718 draco

408 1756 670 1825 loquitur,
708 1776 728 1809 ι
765 1758 867 1811 hoc
887 1768 990 1823 est,
1018 1759 1159 1826 quod
1194 1758 1448 1812 seductor
1475 1766 1559 1811 est
1588 1766 1767 1811 etnon
1796 1774 1977 1813 verax.

409 1844 567 1910 Quod
603 1858 783 1901 autem
821 1865 839 1897 t
884 1818 1199 1916 potestatem
1243 1848 1442 1917 prioris
1482 1848 1667 1901 bestia:
1713 1846 1986 1917 faciebat,
2020 1818 2059 1871 Β

409 1936 645 2006 facitque
696 1947 755 1991 ut
797 1946 937 1990 terra
969 1947 1021 1991 et
1073 1937 1166 2005 qui
1209 1938 1261 1991 in
1325 1954 1387 1991 ea
1437 1938 1720 2005 habitant,
1766 1935 1988 1995 adorent

410 2029 641 2097 primam
679 2030 940 2093 bestiam,
980 2031 1137 2098 cujus
1175 2030 1329 2100 plaga
1368 2031 1557 2085 mortis
1583 2040 1769 2085 curata
1807 2042 1929 2095 est;
1966 2052 1985 2085 ι

411 2121 515 2174 hoc
560 2120 863 2188 signiﬁcat,
897 2136 965 2175 ex
1000 2121 1229 2192 Augusti
1276 2123 1453 2192 legum
1505 2123 1847 2190 rationibus,
1895 2140 1992 2194 per

410 2228 569 2282 quem
617 2213 923 2267 Romanum
970 2214 1250 2268 conditum
1303 2216 1590 2284 imperium
1639 2224 1758 2283 est,
1812 2216 1988 2285 ipsum

408 2319 629 2375 quoque
680 2305 1071 2375 imperaturum
1128 2321 1249 2362 esse
1307 2307 1561 2377 legesque
1610 2308 1989 2376 sanciturum;

409 2413 516 2466 qua
580 2398 803 2453 solertia
857 2398 1141 2453 confirmet
1199 2400 1422 2467 omnia,
1468 2400 1840 2471 majoremque
1886 2403 1991 2458 sibi

408 2491 710 2546 claritatem
758 2491 1009 2545 asciscat.
1057 2490 1181 2545 llazc
1230 2491 1373 2546 enim
1416 2501 1609 2561 quarta
1654 2492 1824 2548 bestia
1870 2504 1989 2556 est,

411 2584 573 2653 cujus
606 2583 770 2652 capiti
800 2583 1007 2636 illatum
1041 2584 1259 2649 vulnus,
1295 2596 1347 2639 et
1381 2600 1571 2639 rursus
1605 2594 1853 2639 curatum
1873 2594 1988 2655 est;

411 2676 558 2745 quod
596 2677 803 2731 scilicet
839 2692 1007 2745 prope
1032 2677 1332 2733 conciderit
1373 2678 1662 2747 imperium
1706 2678 1837 2743 hoc,
1879 2678 1991 2733 sive

410 2768 578 2822 etiam
604 2768 656 2821 in
684 2777 1053 2837 contemptum
1083 2769 1295 2834 abierit,
1320 2780 1372 2823 et
1397 2770 1449 2823 in
1479 2769 1664 2824 decem
1687 2770 1990 2825 diademata

413 2859 718 2913 resolutum
749 2860 848 2915 sit:
884 2872 1012 2914 tunc
1035 2876 1163 2915 vero
1186 2862 1554 2916 Antichristus
1581 2863 1792 2931 sagacis
1825 2863 1991 2917 homo

418 2950 616 3019 ingenii
651 2968 715 3007 ac
758 2961 1031 3019 versutus,
1078 2953 1224 3007 velut
1272 2954 1446 3022 ipsum
1479 2963 1769 3009 curaturus
1798 2971 1863 3010 ac
1901 2970 1989 3009 re-

417 3052 719 3098 novaturus
753 3044 843 3097 sit.
880 3042 993 3099 lloc
1018 3046 1160 3099 enim
1184 3046 1430 3115 estquod
1455 3046 1661 3100 dictum
1692 3056 1774 3101 est
1806 3062 1833 3100 a
1864 3062 1992 3116 pro-

2082 557 2173 612 ὲπὶ
2202 557 2298 628 τῆς
2321 555 2499 626 χειρὸς
2537 554 2714 609 αὐτῶν
2753 553 2851 623 τῆς
2883 548 3081 614 δεξιᾶς,
3110 549 3145 619 ἦ
3176 548 3268 601 ἐπὶ
3304 546 3366 599 τὸ
3407 546 3638 616 μέτωπον

2079 646 2258 701 αὐτῶν
2277 662 2290 676 ·
2320 629 2407 701 ῗνα
2435 646 2509 716 μή
2545 661 2627 707 τις
2664 642 2883 713 δύνηται
2909 640 3175 709 ἀγοράσαι
3201 638 3234 708 ἢ
3270 637 3555 707 πωλῆσαι,
3598 639 3638 689 εί

2084 735 2159 808 μὴ
2186 738 2214 789 ὁ
2246 735 2383 805 ἔχων
2407 734 2469 787 τὸ
2497 733 2779 805 χάραγμα,
2812 730 2873 784 τὸ
2897 730 3067 801 ὄνομα
3098 726 3190 781 τοῦ
3227 727 3417 799 θηρίου
3451 728 3638 798 (97),ἢ

2078 829 2169 881 τὸν
2197 826 2427 900 ἀριθμὸν
2455 825 2549 879 τοῦ
2579 824 2839 895 ὀνόματος
2865 821 3053 877 αὑτοῦ.
3083 816 3213 874 ’Ὧδε
3235 823 3268 891 ή
3294 820 3455 890 σοφία
3484 821 3637 873 ἐστίν.

2092 921 2150 974 '0
2177 919 2315 991 ἔχων
2359 916 2522 983 νοῦν,
2564 916 2856 989 ψηφισάτω
2882 914 2975 969 τὸν
3016 913 3247 987 ἀριθμὸν
3287 913 3382 966 τοῦ
3427 911 3636 984 θηρίου·

2081 1012 2311 1085 ἀριθμὸς
2364 1012 2473 1084 γάρ
2528 1009 2812 1081 ἀνθρώπου
2857 1008 2995 1073 ἐστὶ,
3044 1008 3137 1061 καὶ
3174 1008 3203 1059 ὁ
3231 1004 3465 1077 ἀριθμὸς
3494 1004 3640 1059 αὑτοῦ

2082 1108 2230 1160 ἐστιν
2262 1104 2406 1176 χξς’.

2152 1197 2225 1251 Τὸ
2254 1198 2351 1269 μὲν
2378 1191 2471 1251 οῦν
2500 1194 2689 1267 θηρίον
2714 1194 3001 1249 ἀναϐαῖνον
3028 1196 3091 1246 ὲκ
3123 1192 3221 1263 τῆς
3262 1190 3389 1261 γῆς,
3423 1189 3525 1261 τὴν
3557 1188 3639 1259 βα-

2084 1290 2288 1345 σιλείαν
2310 1289 2409 1361 τήν
2449 1286 2544 1340 τοῦ
2587 1285 2956 1357 Ἀντιχρίστου
2984 1282 3246 1352 ἐσομένην
3270 1281 3418 1349 λέγει
3438 1297 3452 1309 ·
3501 1280 3566 1332 τά
3595 1280 3641 1333 δὲ

2081 1384 2174 1437 δύο
2202 1384 2432 1454 κέρατα,
2460 1380 2666 1435 καὶτὸν
2701 1380 2816 1451 μετ’
2846 1378 3008 1433 αὐτὸν
3038 1377 3148 1445 (98)
3177 1375 3639 1445 ψευδοπροφήτην·

2081 1477 2142 1530 τὸ
2171 1476 2227 1529 δὲ
2257 1477 2456 1529 είπεῖν·
2492 1492 2511 1527 ‹
2547 1472 2615 1526 τὰ
2644 1474 2846 1545 κέρατα
2873 1470 3039 1524 αὑτοῦ
3067 1471 3231 1540 ὃμοια
3268 1467 3441 1540 ἀρνίῳ
3462 1484 3475 1496 ·
3515 1486 3532 1518 ι
3575 1467 3643 1518 ὅτι

2082 1566 2456 1637 ἐξομοιοῦσθαι
2486 1565 2667 1637 μέλλει
2687 1564 2764 1635 τῷ
2787 1563 2899 1634 Υἱῷ
2917 1562 3008 1616 τοῦ
3038 1560 3195 1623 Θεοῦ,
3227 1561 3320 1613 καὶ
3335 1559 3503 1621 αὐτὸς
3538 1559 3645 1610 έαυ-

2081 1661 2172 1714 τὸν
2198 1658 2417 1730 βασιλέα
2440 1657 2799 1711 ἐπιδεικνύειν
2818 1674 2830 1686 ’
2871 1656 2931 1710 τὸ
2954 1656 3011 1708 δὲ
3034 1673 3051 1704 t
3082 1652 3261 1707 λαλεῖν
3288 1652 3364 1715 ὠς
3391 1651 3639 1722 δράων,›

2085 1754 2168 1806 ὃτι
2216 1751 2414 1815 πλάνος
2451 1750 2570 1803 ἐστὶ
2617 1750 2710 1803 κα).
2750 1749 2850 1801 οὐκ
2882 1747 3117 1818 ἀληθής·
3159 1744 3221 1798 τὸ
3273 1744 3328 1796 δὲ
3371 1744 3469 1795 καὶ
3513 1762 3530 1793 ι
3562 1743 3645 1813 τὴν

2095 1844 2339 1910 ἐξουσίαν
2373 1840 2468 1895 τοῦ
2503 1840 2717 1912 πρώτου
2741 1839 2927 1912 θηρίου
2945 1836 3054 1907 (99)
3087 1836 3280 1899 ἐποίει,
3299 1834 3396 1887 καὶ
3415 1832 3646 1902 ποιεῖτὴν

2094 1938 2199 2007 γῆν
2226 1937 2318 1989 καὶ
2345 1935 2471 1998 τοὺς
2505 1936 2562 1987 ὲν
2592 1934 2728 2003 αὐτῇ
2756 1928 3140 1992 κατοικοῦντας
3160 1967 3175 1991 ,
3223 1927 3308 1979 ἵνα
3358 1932 3648 1997 προσκυνή-

2095 2046 2227 2084 σωσι
2248 2028 2309 2081 τὸ
2334 2025 2522 2098 θηρίον
2547 2025 2607 2077 τὸ
2633 2023 2843 2095 πρῶτον
2862 2062 2877 2087 ,
2911 2013 2973 2074 οῦ
3014 2018 3355 2091 ἐθεραπεύθη
3408 2020 3443 2086 ή
3487 2016 3645 2086 πληγὴ

2092 2120 2183 2174 τοῦ
2208 2118 2437 2173 θανάτου
2485 2114 2682 2172 αὑτοῦ⁸
2716 2134 2734 2166 ι
2777 2112 2934 2167 τοῦτο
2964 2111 3235 2182 σημαίνει,
3284 2111 3367 2163 ὅτι
3395 2109 3532 2161 κατὰ
3572 2108 3646 2159 τὸν

2092 2210 2400 2281 Αὐγούστου
2435 2209 2622 2280 νόμον,
2675 2208 2765 2277 ἀφ’
2799 2199 2859 2259 οὗ
2883 2204 2976 2258 καὶ
3012 2206 3046 2272 ή
3092 2202 3334 2274 βασιλεία
3386 2200 3646 2271 Ῥωμαίων

2094 2305 2362 2374 συνέστη,
2411 2301 2554 2356 οὕτω
2598 2300 2692 2354 καὶ
2762 2299 2924 2361 αὐτὸς
2968 2296 3210 2351 κελεύσει
3255 2296 3352 2347 καὶ
3410 2291 3646 2357 διατάξει,

2094 2398 2312 2453 ἅπαντα
2358 2393 2639 2466 έπικυρῶν
2693 2392 2782 2446 διὰ
2833 2390 3063 2453 τούτου,
3110 2389 3204 2442 καὶ
3259 2387 3421 2453 δόξαν
3477 2383 3646 2439 ἑαυτοῦ

2092 2490 2314 2544 πλείονα
2349 2486 2820 2560 περιποιούμενος.
2852 2484 3022 2537 Τοῦτο
3045 2482 3151 2554 γάρ
3175 2482 3290 2533 ἐστι
3316 2480 3380 2533 τὸ
3408 2475 3648 2549 θηρίοντδ

2092 2584 2377 2653 τέταρτον,
2410 2572 2476 2643 ob
2522 2579 2732 2650 ἐπλήγη
2775 2579 2809 2649 ή
2857 2576 3066 2647 κεφαλὴ
3090 2614 3104 2639 ,
3142 2574 3235 2628 καὶ
3270 2572 3437 2627 πάλιν
3476 2570 3646 2639 ἑθεραο

2092 2674 2268 2746 πεύθη
2290 2691 2302 2704 ·
2330 2672 2416 2726 διὰ
2444 2672 2504 2725 τὸ
2538 2669 2904 2740 καταλυθῆναι
2932 2669 3101 2738 αὐτὴν
3133 2667 3229 2738 (1),
3260 2666 3293 2736 ἢ
3328 2667 3426 2719 καὶ
3471 2665 3647 2734 ἀτιμα-

2094 2768 2304 2839 σθῆναι,
2333 2767 2427 2819 κα)⁸
2450 2766 2529 2829 είς
2555 2764 2687 2817 δέκα
2708 2762 3013 2834 διαδήματα
3046 2758 3379 2828 άναλυθῆναι
3401 2775 3414 2787 ·
3448 2757 3507 2819 ὃς
3541 2755 3643 2807 τότε

2091 2858 2396 2929 πανοῦργος
2423 2856 2519 2923 ὢν,
2542 2854 2729 2927 ὥσπερ
2754 2854 3079 2925 θεραπεύσει
3108 2853 3277 2923 αὐτὴν
3302 2853 3395 2906 κα)⁵
3427 2848 3641 2906 ἀνανεώ-

2094 2969 2193 3007 σει.
2223 2950 2392 3005 Τοῦτο
2419 2950 2528 3022 γάρ
2554 2951 2673 3003 ἐστι
2693 2948 2753 3001 τὸ
2778 2946 3065 3019 είρημένον
3096 2946 3200 2999 ὑπὸ
3222 2944 3315 2999 τοῦ
3362 2946 3643 3017 προφήτου,

2091 3043 2172 3097 ὅτι
2201 3063 2219 3094 ι
2244 3041 2414 3095 Δώσει
2443 3042 2659 3112 πνεῦμα
2680 3042 2748 3111 τῇ
2777 3039 2967 3105 εἰκόνι,
3017 3040 3111 3092 καὶ
3158 3037 3383 3107 λαλήσει
3422 3038 3454 3107 ἡ
3499 3035 3643 3089 είκὼν

416 3132 610 3200 pheta:
648 3152 668 3185 ‹
714 3133 975 3189 Daturum
1004 3136 1210 3191 scilicet
1246 3152 1371 3191 eum
1415 3137 1664 3205 spiritum
1695 3137 1990 3206 datumque

2096 3137 2185 3193 τοῦ
2216 3137 2424 3210 θηρίου.
2460 3154 2479 3189 ι
2524 3135 2839 3207 Ἐνεργήσει
2862 3132 2970 3204 γὰρ
2999 3132 3090 3185 καὶ
3129 3132 3337 3202 ἰσχύσει
3378 3130 3537 3183 πάλιν
3572 3129 3645 3181 διὰ

416 3222 658 3292 imagini,
690 3240 755 3279 ac
786 3225 1089 3280 locuturant
1124 3241 1245 3281 esse
1278 3227 1465 3282 bestia:
1491 3227 1802 3297 imaginem.
1847 3248 1865 3281 ›
1896 3226 1987 3281 Vi—

417 3317 562 3385 gebit
603 3318 748 3372 enim
780 3326 835 3373 et
875 3319 1167 3375 invalescet
1198 3336 1411 3387 rursus,
1453 3321 1522 3375 ob
1555 3320 1791 3375 sancitas
1821 3322 1889 3375 ah
1922 3336 1989 3375 eo

416 3408 599 3481 leges:
649 3409 918 3478 facietque
971 3419 1031 3465 ut
1088 3428 1280 3467 omnes
1331 3413 1425 3482 qui
1481 3428 1585 3467 non
1645 3414 1991 3469 adoraverint

418 3500 709 3569 imaginem
739 3500 946 3564 bestiae,
972 3502 1310 3557 occidantur.
1349 3502 1447 3557 Hic
1476 3502 1609 3558 ﬁdes
1639 3520 1703 3559 ac
1729 3505 1990 3574 patientia

420 3598 734 3644 sanctorum
775 3592 1051 3647 clarescet.
1094 3592 1183 3645 Ait
1210 3594 1389 3648 enim:
1428 3613 1445 3645 ι
1484 3593 1550 3648 Ει
1589 3594 1748 3651 faciet
1776 3605 1838 3651 ut
1873 3613 1992 3652 om-

424 3697 542 3748 nes,
572 3683 751 3751 pusilli
779 3692 833 3737 et
868 3684 1072 3755 magni,
1108 3685 1299 3740 divites
1332 3694 1386 3740 et
1428 3702 1713 3756 pauperes,
1747 3689 1901 3745 liberi
1938 3698 1994 3745 et

422 3775 599 3837 servi,
632 3775 818 3829 bestiaa
842 3775 1211 3831 characterem
1245 3778 1298 3830 in
1332 3792 1496 3832 manu
1527 3793 1625 3832 sua
1652 3778 1872 3835 dextera
1901 3789 1996 3835 aut

420 3866 478 3921 in
510 3866 687 3922 fronte
717 3869 1017 3939 arcipiant;
1062 3879 1120 3925 ut
1148 3886 1307 3927 nemo
1332 3874 1503 3943 possit
1536 3887 1716 3928 emere
1745 3884 1838 3928 aut
1864 3889 1995 3929 ven-

421 3957 572 4025 dere,
600 3959 702 4014 nisi
737 3962 830 4030 qui
870 3960 1055 4016 bestiae
1082 3963 1418 4032 signaculum
1462 3963 1688 4027 habeat;
1728 3964 1847 4033 ejus
1888 3965 1996 4020 sci-

419 4048 549 4103 licet
581 4064 812 4117 nomen,
858 4067 951 4107 seu
994 4067 1281 4106 numerum
1331 4053 1568 4108 nominis
1608 4053 1772 4109 illius.
1812 4074 1832 4106 ι
1859 4055 1997 4110 Cum

421 4142 568 4196 enim
592 4142 732 4198 dolis
756 4153 1019 4199 consutus
1049 4144 1153 4209 sit,
1191 4152 1243 4199 et
1266 4142 1526 4201 adversus
1555 4142 1649 4200 Dei
1684 4160 1871 4202 servos
1900 4162 1997 4201 su-

501 4290 545 4321 "
576 4289 798 4360 Apocal.
836 4304 957 4355 xm,
991 4288 1176 4343 11-18.

497 4402 607 4472 (97)
653 4401 724 4455 Τὸ
748 4401 933 4470 ὄνομα
954 4404 1057 4459 τοῦ
1078 4402 1303 4471 θηρίου.
1333 4401 1423 4459 Sic
1449 4405 1611 4458 etiam
1640 4406 1807 4460 codex
1836 4405 1990 4461 Alex.

427 4476 545 4530 sine
572 4472 861 4545 particula
879 4475 1272 4545 autdividentc
1317 4484 1410 4528 aut
1444 4477 1760 4545 copulante:
1805 4485 1863 4530 ut
1899 4492 1996 4529 no-

427 4560 547 4599 men
569 4543 712 4597 istud
733 4543 934 4616 bestize,
978 4544 1304 4614 intelligatur
1341 4543 1663 4616 ipsum—ejus
1694 4547 1952 4616 χάραγμα
1978 4586 1994 4612 ,

432 4634 452 4668 ι
490 4616 809 4677 character,
862 4615 1202 4682 obsignatio,
1266 4616 1482 4687 )“YCIUI.
1529 4614 1638 4669 fere
1682 4614 1998 4687 ulisignatur

426 4700 724 4757 nummus,
774 4699 1087 4757 quanquam
1146 4685 1383 4757 necilli
1444 4687 1638 4754 saepius
1686 4685 1826 4755 ipsa'
1856 4689 1999 4757 regis

427 4756 607 4825 imago
640 4755 809 4809 deest.
845 4756 1118 4826 Χάραγμα
1154 4752 1365 4825 θηρίου,
1405 4752 1548 4826 quod
1577 4752 1856 4811 Barborita
1885 4752 2000 4810 vult

427 4824 559 4880 esse
582 4826 890 4879 unctionem
931 4824 983 4880 in
1020 4824 1197 4878 fronte
1237 4835 1289 4878 et
1326 4824 1497 4895 manu
1544 4843 1707 4895 quam
1757 4826 2000 4882 Ecclesia

430 4897 769 4965 frequentat,
799 4897 1011 4967 egregie
1046 4895 1291 4967 confutat
1323 4894 1476 4967 llugo
1510 4894 1730 4951 Grotius
1762 4898 1997 4966 Append.

430 4983 527 5020 sua
558 4968 619 5019 de
646 4966 1005 5027 Antichristu;
1040 4966 1130 5019 uhi
1165 4966 1427 5030 suorum,
1467 4968 1579 5021 sive
1614 4968 1666 5020 in
1705 4968 1819 5022 suis
1854 4969 2002 5036 capi-

429 5037 692 5092 tosiorum
716 5076 729 5100 ,
781 5036 1035 5106 ineptiam
1071 5036 1213 5090 serio
1255 5038 1517 5105 exagitat:
1551 5038 1643 5106 qui
1681 5038 2002 5092 Antichristi

430 5107 751 5176 imaginem,
797 5121 902 5159 non
931 5108 996 5176 ad
1027 5106 1250 5159 Romam
1298 5108 1657 5169 idololatram,
1692 5109 1867 5176 qualis
1903 5109 2004 5162 fuit

432 5175 912 5241 suh’Domitiano,
954 5175 1220 5247 Trojano,
1250 5178 1544 5247 Aureliano
1586 5175 1814 5246 aliisque
1855 5179 2004 5247 prin-

432 5248 684 5317 cipibus;
740 5247 831 5301 sed
867 5248 932 5299 ad
964 5246 1192 5317 Romam
1232 5246 1594 5301 Christianam
1621 5289 1635 5313 ,
1673 5250 1775 5301 sub
1806 5257 2003 5317 papatu

433 5316 672 5391 (summo
724 5316 929 5391 scilicet
973 5316 1113 5391 i’etri
1166 5320 1513 5391 successione
1558 5316 1896 5391 sacerdotio,
1950 5328 2005 5373 et

430 5386 635 5443 Christi
675 5388 930 5455 peculiari
968 5388 1091 5456 jure
1137 5386 1361 5456 vicario)
1396 5396 1503 5441 tam
1550 5388 1847 5456 procaciter
1895 5398 2006 5442 tra-

439 5459 592 5520 luunt,
622 5474 784 5526 quam
822 5456 1057 5521 insulse;
1093 5466 1150 5510 ut
1179 5457 1333 5525 cujus
1368 5457 1581 5511 laudem
1614 5459 1887 5519 ambiunt.
1922 5475 2007 5512 re-

436 5526 538 5580 hus
574 5529 742 5581 sacris
780 5535 835 5583 et
880 5527 1262 5582 ecclesiasticis
1297 5528 1741 5586 eruditiunculaa.
1791 5530 1872 5582 vel
1920 5529 2008 5583 hic

439 5598 938 5669 maximecaeeante
978 5598 1170 5652 aﬂ'ectu
1195 5604 1304 5669 ,A_e_t
1352 5606 1410 5669 ut
1442 5599 1628 5653 rudem
1670 5599 2005 5669 plebeculam

440 5682 625 5721 secum
667 5667 974 5722 dementent
1025 5683 1089 5722 ac
1139 5666 1425 5723 seditionis
1454 5666 1769 5723 taedam—illi
1815 5684 2007 5724 accen-

441 5736 593 5801 dant,
624 5736 731 5789 vim
755 5752 976 5807 omnem
1003 5738 1273 5807 depulisse
1298 5738 1605 5807 ostendant.
1639 5739 1873 5793 Conner.

512 5807 623 5879 (98)
658 5805 769 5861 Kal.
800 5805 1294 5877 tdrpsr’bﬁtdr.
1329 5806 1453 5879 [λος.
1493 5809 1585 5862 καὶ
1618 5810 1779 5865 αὐτόν
1810 5826 1867 5864 τε
1913 5809 2007 5865 καὶ

2088 3235 2179 3288 τὸν
2210 3234 2301 3287 ὑπ’
2335 3229 2502 3285 αὐτοῦ
2523 3229 2841 3301 ὁριζόμενον
2866 3227 3027 3297 νόμον
3051 3244 3063 3257 ·
3085 3227 3179 3279 καὶ
3207 3226 3422 3295 ποιήσει
3447 3226 3529 3277 ἵνα
3548 3225 3644 3275 ὅσοι

2090 3326 2184 3379 ἐὰν
2216 3323 2289 3395 μὴ
2316 3323 2820 3395 προοκυνήσωσιτῇ
2850 3319 3016 3373 εἰκόνι
3036 3318 3127 3371 τοῦ
3156 3316 3368 3389 θηρίου,
3389 3318 3643 3370 ἀποκταν-

2090 3413 2275 3469 θῶσιν.
2314 3408 2443 3466 ’Ὧδε
2473 3414 2506 3483 ἡ
2532 3412 2714 3475 πίστις
2736 3409 2829 3463 καὶ
2854 3410 2887 3479 ἡ
2918 3408 3162 3479 ὑπομονὴ
3196 3406 3307 3459 τῶν
3346 3406 3512 3475 ἁγίων
3560 3420 3647 3472 φα·

2093 3508 2342 3578 νήσεται·
2381 3504 2516 3575 φησι
2538 3504 2647 3576 γάρ
2671 3520 2685 3535 ο
2729 3522 2748 3556 t
2789 3503 2899 3555 Kal.
2922 3502 3136 3572 ποιήσει
3162 3500 3398 3566 πάντας,
3428 3498 3550 3559 τοὺς
3570 3512 3645 3565 μι-

2095 3600 2262 3669 κροὺς
2293 3598 2388 3651 καὶ
2436 3597 2563 3659 τοὺς
2592 3595 2859 3667 μεγάλους
2884 3634 2898 3658 ,
2945 3592 3039 3646 καὶ
3076 3594 3203 3655 τοὺς
3247 3590 3530 3651 πλουσίους
3569 3588 3648 3640 καὶ

2096 3688 2222 3752 τοὺς
2245 3689 2515 3758 πτωχοὺς,
2542 3688 2636 3742 καὶ
2663 3688 2789 3751 τοὺς
2816 3686 3132 3757 ἐλευθέρους
3162 3683 3401 3746 καὶτοὺς
3432 3680 3645 3740 δούλους,

2097 3781 2185 3834 ῐνα
2212 3779 2359 3853 δώσῃ
2388 3780 2570 3843 αὐτοῖς
2607 3778 2869 3850 χάραγμα
2902 3778 2993 3830 ἐπὶ
3023 3775 3124 3846 τῆς
3153 3775 3336 3846 χειρὸς
3365 3772 3536 3828 αὐτῶν
3564 3770 3648 3839 τῆς

2098 3870 2298 3936 δεξιᾶς,
2325 3873 2359 3943 ἢ
2390 3873 2483 3926 ἐπὶ
2507 3872 2565 3925 τὸ
2590 3871 2840 3943 μέτωπον
2858 3887 2871 3899 ·
2908 3869 2996 3923 ἵνα
3025 3868 3099 3939 μή
3118 3885 3200 3931 τις
3226 3866 3449 3938 δύνηται
3468 3862 3649 3935 ἀγορά-

2100 3980 2191 4017 σαι
2220 3964 2253 4034 ἢ
2281 3964 2548 4035 πωλῆσαι,
2575 3965 2625 4017 εί
2659 3964 2733 4036 μή
2760 3966 2788 4017 ὁ
2822 3964 2961 4033 έχων
2985 3962 3044 4015 τὸ
3073 3962 3337 4032 χάραγμα
3360 4000 3375 4025 ,
3408 3958 3464 4011 τὸ
3499 3958 3649 4026 ὄνομα

2096 4055 2190 4110 τοῦ
2225 4055 2435 4127 θηρίου,
2461 4057 2495 4128 ἢ
2524 4056 2614 4109 τὸν
2638 4055 2867 4127 ἀριθμὸν
2897 4055 2991 4108 τοῦ
3018 4054 3283 4125 ὀνόματος
3314 4050 3491 4106 αὑτοῦ.
3526 4067 3543 4101 ι
3566 4048 3649 4101 Δό-

2098 4146 2212 4212 λιος
2240 4146 2349 4217 γὰρ
2389 4146 2465 4201 ὢν
2499 4147 2593 4201 καὶ
2625 4146 2979 4218 ἐπαιρόμενος
3021 4145 3163 4199 κατὰ
3202 4143 3311 4198 τῶν
3348 4142 3538 4199 δούλων
3567 4138 3647 4193 τοῦ

2100 4407 2193 4479 τὸν
2224 4406 2552 4479 μετ’ᾳύτδν,
2591 4405 2675 4460 vel
2691 4403 2897 4479 potius
2916 4400 3250 4479 μετῖαὑτοῦ,
3298 4399 3516 4479 quodet
3551 4396 3649 4479 ςῖιι-

2101 4469 2764 4548 dius'conjiciehathihi
2792 4469 2972 4542 aptius
2999 4469 3650 4548 videtur,_ut’Ai_ttichristo

2100 4549 2193 4617 qui
2237 4539 2395 4616 quasi
2440 4562 2533 4601 rex
2583 4539 2949 4617 Romanorum
2999 4552 3192 4617 teneat_
3228 4542 3539 4617 imperium,
3583 4539 3649 4617 illi

2101 4608 2268 4672 adsit'
2292 4617 2794 4686 pseudopropheta,
2844 4615 2935 4686 qui
2973 4628 3139 4682 regno
3180 4608 3366 4686 bestia:
3405 4608 3651 4686 constabi-

2099 4678 2523 4758 liendo'omneui
2554 4678 2775 4758 operam
2804 4678 3076 4758 conferat}
3110 4694 3167 4737 ut
3173 4682 3396 4758 scilicet
3423 4678 3651 4758 illenDeus

2100 4757 2399 4828 habeatur;
2455 4748 2607 4812 velut
2650 4755 2762 4809 fere
2812 4753 3130 4828 Apollonius
3172 4751 3450 4828 Tyanazus
3490 4748 3651 4828 Domi:

2102 4828 2267 4882 tianu.
2326 4817 2397 4883 Ut
2428 4828 2609 4883 omnia
2652 4841 2771 4894 qua:
2797 4817 3157 4894 contigerunt
3204 4817 3289 4876 vel
3334 4824 3387 4876 in
3424 4817 3650 4894 Antiochi

2101 4901 2511 4965 persecutione,
2569 4897 2650 4951 vel
2669 4888 2741 4949 'in
2790 4888 3052 4947 Romanis
3084 4894 3421 4963 principibus
3460 4888 3651 4965 Christo

2103 4959 2368 5035 infensis,
2417 4959 2605 5025 eadem
2650 4966 2771 5037 ipsa
2818 4959 3199 5037 exspectentur
3245 4959 3299 5017 in
3345 4959 3651 5037 Antichristo

2102 5030 2365 5095 extremis
2416 5030 2776 5107 temporibus,
2833 5030 3029 5107 majori
3062 5036 3222 5107 etiam
3263 5034 3478 5088 cumulo
3509 5030 3651 5107 exhi-

2104 5109 2301 5173 benda,
2333 5125 2442 5179 quo
2465 5102 2820 5179 ille_absolu_te
2842 5102 3213 5179 Antichristus
3239 5116 3343 5170 est,
3371 5102 3651 5179 mort-alium

2104 5168 2493 5247 nequissimus.
2544 5177 2719 5232 Etiam
2751 5176 3089 5251 Diocletiano
3111 5168 3453 5251 imperatore
3487 5168 3652 5251 Ruina:

2103 5245 2435 5320 prohibitum
2466 5263 2641 5320 emere
2668 5257 2763 5320 aut
2793 5246 3042 5320 vendere,
3072 5245 3175 5320 nisi
3214 5246 3375 5320 thure
3403 5245 3528 5320 locis
3550 5245 3652 5320 im-

2105 5310 2318 5388 posito,
2353 5336 2446 5375 seu
2486 5320 2590 5373 alia
2630 5319 2681 5371 in
2722 5318 2937 5387 signum
2980 5316 3297 5369 idololatrici
3324 5314 3516 5388 cultus
3548 5310 3653 5361 lita-

2104 5381 2279 5459 iione,
2307 5381 2441 5459 qua:
2486 5389 2677 5459 bestia:
2710 5381 2973 5459 χάραγμα
3007 5396 3151 5439 esset
3188 5401 3252 5439 ac
3292 5381 3606 5459 signaculum
3635 5394 3649 5430 :

2107 5450 2291 5513 Ronne
2331 5450 2550 5514 Christo
2599 5450 3149 5526 itifeiisai,"ejusque
3200 5450 3417 5511 omnem
3467 5450 3653 5506 cultum

2105 5530 2446 5603 omnipopera
2475 5529 2739 5603 studentis
2772 5528 3005 5603 abolere.
3044 5529 3210 5603 lusu;
3308 5595 3321 5603 _
3381 5594 3404 5603 _
3442 5592 3451 5603 .

2178 5598 2288 5668 (99)
2322 5594 2444 5653 “Τοῦ
2493 5598 2723 5668 πρώτου
2766 5598 2994 5666 θηρίου.
3049 5599 3127 5649 lla
3171 5594 3533 5668 Combelisius.
3580 5597 3653 5668 ter

2106 5658 2690 5794 Etan'Apocalypseos
2720 5658 2855 5735 XIII:
2883 5668 2950 5721 12
2981 5676 3221 5722 secutus.
3252 5664 3452 5722 Omittit
3478 5658 3651 5729 θηρίου

2157 5757 2187 5794 u
2230 5756 2333 5794 ius.

2157 5756 2333 5794 unius.

2178 5811 2253 5882 (l)
2287 5810 2505 5881 Λὺτήν.
2550 5808 2795 5867 Combel‘.
2818 5850 2832 5879 ,
2868 5807 3093 5879 ταύτην.
