3836 6544
173 340 276 398 769

1262 344 1348 401 DE
1386 344 1683 402 CHRISTO
1724 346 1811 402 ET
1854 347 2340 408 ANTICHRISTO.

3333 360 3440 413 770

166 461 331 526 Θεοῦ,
367 459 687 533 βουλόμενος
710 460 977 517 ἐκθλίϐειν
1013 464 1108 517 καὶ
1134 465 1412 521 ὲκδιώκειν
1458 468 1652 530 αὐτοὺς
1682 470 1742 521 ἐκ

1850 468 2031 537 perbia
2060 469 2256 536 elatus,
2287 483 2384 525 eos
2414 470 2716 540 exstirpare
2740 470 2869 525 velit
2910 485 3086 542 exque
3105 474 3309 530 mundo
3342 476 3431 529 fu-

164 554 264 606 τοῦ
282 553 510 624 κόσμου,
538 556 631 607 καὶ
654 554 743 608 διὰ
765 554 826 609 τὸ
854 557 926 627 μὴ
954 556 1152 610 διδόναι
1179 559 1376 623 αὐτοὺς
1399 559 1545 630 αὐτῷ
1568 559 1745 627 δόξαν,

164 647 420 700 κελεύσει
462 648 669 712 πάντας
709 648 979 720 πανταχοῦ
1018 655 1219 721 πυρεῖα
1253 652 1328 723 (2)
1369 652 1627 723 τεθῆναι,
1663 655 1748 707 ἵνα

166 738 364 810 μηδεὶς
385 739 607 811 δύνηται
626 740 733 793 τῶν
756 741 927 810 ἁγίων
956 743 1088 812 μήτε
1106 743 1371 814 ἀγοράσαι
1398 744 1534 814 μήτε
1566 743 1748 813 πωλῆ-

164 847 281 895 σαι,
316 830 413 884 ἐὰν
445 830 519 903 μὴ
546 832 759 903 πρῶτον
790 833 1049 907 ἐπιθύσῃ·
1083 833 1242 887 τοῦτο
1276 834 1383 905 γάρ
1406 836 1519 886 ἐστι
1554 835 1614 887 τὸ
1650 835 1747 904 χά-

167 939 383 993 ραγμα,
407 924 466 976 τὸ
496 943 514 975 ι
548 925 639 977 ἐπὶ
676 926 774 996 τῆς
822 926 1003 998 χειρὸς
1039 928 1138 997 τῆς
1174 926 1353 993 δεξιᾶς
1388 945 1406 977 ι
1452 926 1742 998 διδόμενον.

162 1016 240 1068 Τὸ
272 1016 332 1068 δὲ
352 1016 455 1068 ἐπὶ
487 1017 553 1070 τὸ
572 1018 848 1087 μέτωπον
878 1022 1070 1083 εἰπεῖν,
1106 1020 1190 1074 ἵνα
1215 1021 1412 1084 πάντες
1438 1016 1570 1075 ὦσιν
1596 1023 1746 1074 ἐστε-

163 1109 505 1179 φανωμένοι,
530 1110 753 1182 πύρινον
785 1110 880 1164 καὶ
904 1112 964 1164 οὑ
995 1112 1161 1182 ζωῆς,
1202 1110 1337 1165 ἀλλὰ
1361 1113 1591 1166 Θανάτου
1626 1114 1745 1166 στέ-

162 1216 335 1267 φανον
362 1200 481 1269 μεθ’
505 1201 711 1253 ἑαυτῶν
744 1202 1131 1274 περιφέροντες
1154 1204 1254 1273 (5).
1297 1203 1453 1257 Οὕτω
1484 1204 1591 1276 γὰρ
1625 1206 1744 1258 ὲτε-

159 1290 402 1359 χνάσατο
431 1294 569 1345 κατά
600 1292 707 1346 τῶν
747 1293 1013 1347 Ἰουδαίων
1046 1296 1140 1348 καὶ
1210 1294 1477 1365 Ἀντίοχος
1520 1298 1548 1349 6
1591 1296 1743 1347 'Em-

158 1384 361 1453 φανὴς,
394 1387 424 1438 6
456 1386 553 1457 τῆς
582 1386 782 1457 Συρίας
811 1387 1099 1457 γενόμενος
1128 1386 1401 1457 βασιλεὺς,
1424 1387 1499 1440 ὢν
1526 1387 1745 1456 ἔκγονος

168 1472 525 1546 Ἀλεξάνδρου
556 1475 650 1528 τοῦ
678 1476 1005 1541 Μακεδόνος.
1034 1478 1144 1531 Καὶ
1164 1478 1325 1541 αὐτὸς
1346 1480 1458 1542 τοῖς
1484 1479 1603 1532 τότε
1626 1497 1745 1532 και-

158 1567 277 1633 ροῖς
305 1565 567 1637 ἐπαρθεὶς
608 1569 672 1637 τῇ
708 1568 906 1639 καρδίᾳ
930 1568 1133 1638 ἔγραψε
1152 1569 1431 1641 ψήφισμα,
1464 1588 1482 1620 ι
1525 1570 1743 1642 βωμοὺς

157 1655 268 1727 πρὸ
292 1657 405 1708 τῶν
448 1657 627 1730 θυρῶν
669 1658 920 1724 τιθέντας
958 1680 975 1711 ι
1027 1661 1271 1726 ἅπαντας
1294 1662 1601 1727 ὲπιθύσειν,
1648 1664 1743 1718 καὶ

162 1766 182 1800 ι
218 1750 447 1811 κισ-σοὺς
492 1750 567 1821 (4)
597 1750 1070 1821 ἐστεφανωμένους
1119 1753 1420 1823 πομπεύειν
1484 1754 1562 1825 τῷ
1626 1756 1743 1807 Διο-

155 1842 304 1913 νῦσῳ
324 1860 338 1873 ’
364 1844 490 1906 τοὺς
519 1843 575 1895 δὲ
601 1842 674 1914 μὴ
694 1843 1046 1915 βουλομένους
1074 1844 1496 1910 ὑπὸτάσσεσθαι,
1520 1845 1741 1910 τούτους

158 1934 299 2003 μετὰ
329 1934 680 2005 ἀπαγχισμὸν
713 1935 788 2005 (5)
822 1934 918 1988 καὶ
949 1936 1182 2007 ὲτασμδν
1212 1936 1460 2007 βασάνων
1502 1937 1744 2009 ἀναιρετ-

156 2027 305 2083 σθαι.
349 2046 367 2079 ι
408 2027 569 2081 Ἀλλὰ
593 2028 687 2081 καὶ
708 2028 871 2091 αὐτὸς
894 2028 961 2081 τὰ
984 2029 1209 2095 ἀντάξια
1233 2029 1382 2101 παρὰ
1412 2030 1504 2083 τοῦ
1534 2031 1741 2102 Κυρίου

152 2120 250 2173 καὶ
277 2121 650 2193 δικαιοκρίτου
684 2122 778 2175 καὶ
805 2122 1186 2175 παντεπόπτου
1209 2121 1343 2175 Θεοῦ
1366 2121 1524 2175 ἔλαϐε
1547 2138 1560 2152 ⁶
1591 2122 1744 2191 γενό-

156 2230 320 2283 μενος
348 2214 460 2285 γὰρ
488 2213 947 2286 σκωληκόϐρωτος
984 2214 1283 2286 μετήλλαξε
1334 2215 1424 2269 τὸν
1458 2214 1588 2286 βίον.
1634 2215 1743 2269 Καὶ

150 2304 331 2360 ταῦτα
368 2307 469 2377 μὲν
502 2308 555 2360 εῐ
589 2325 673 2370 τις
721 2307 960 2377 βούλοιτο
985 2308 1338 2380 λεπτομεριῖκ
1375 2308 1741 2381 ὲνιστορῆσαι,

154 2400 500 2470 σεσήμανται
536 2402 594 2453 ὲν
624 2402 736 2464 τοῖς
758 2400 1196 2464 Μακκαϐαῖκοῖς.

220 2492 366 2545 Νυνὶ
392 2493 451 2546 δὲ
483 2492 620 2564 πρὸς
646 2492 706 2546 τὸ
735 2493 1093 2564 προκείμενον
1125 2492 1380 2565 ἐροῦμεν.
1412 2492 1597 2547 Ταῦτα
1633 2493 1743 2565 γὰρ

152 2589 245 2641 καὶ
277 2587 445 2651 αὐτὸς
461 2587 798 2657 τεχνάσεται,
821 2588 963 2641 κατὰ
988 2587 1165 2641 πάντα
1186 2587 1388 2640 θλίϐειν
1408 2590 1532 2651 τοὺς
1557 2587 1742 2657 ἁγίους

153 2678 325 2733 θέλων
350 2696 364 2707 ·
390 2678 540 2747 λέγει
568 2678 674 2751 γὰρ
706 2682 733 2732 ὁ
762 2681 1048 2753 προφήτης
1081 2678 1176 2733 καὶ
1206 2678 1503 2741 ἀπόστολος
1521 2697 1533 2710 ο
1571 2698 1589 2730 ι
1614 2674 1742 2732 Ὧδε

151 2767 179 2819 6
219 2766 372 2830 νοῦς.
416 2767 475 2820 ’0
508 2766 644 2837 ἔχων
678 2769 867 2837 σοφίαν
900 2768 1193 2839 ψηφισάτω
1223 2768 1312 2821 τὸν
1365 2768 1598 2841 ἀριθμὸν
1649 2770 1742 2823 τοῦ

150 2856 348 2930 θηρίου
371 2875 385 2888 ·
450 2858 681 2931 ἀριθμὸς
712 2860 821 2931 γὰρ
853 2859 1140 2932 ἀνθρώπου
1166 2860 1300 2922 ἐστὶ,
1327 2861 1420 2914 καὶ
1452 2863 1479 2913 6
1511 2860 1743 2932 ἀριθμὸς

152 2946 319 3000 αὑτοῦ
369 2951 519 3001 ἐστιν
568 2950 707 3019 χξςα
755 2970 773 3002 ι
825 2951 960 3022 Περὶ
999 2951 1096 3021 μὲν
1126 2950 1217 3004 τοῦ
1242 2951 1502 3023 ὀνόματος
1545 2951 1739 3017 αὑτοῦ,

152 3042 253 3095 οὐκ
280 3045 339 3095 ἐν
374 3045 507 3113 ἡμῖν
536 3043 786 3097 τοσοῦτον
820 3044 1044 3116 ἀκριϐὲς
1077 3046 1339 3109 ἐξειπεῖν’
1378 3044 1453 3109 ὡς
1490 3045 1741 3116 ἐνενόησε

154 3137 248 3189 καὶ
278 3135 534 3207 ἐδιδάχθη
568 3137 694 3207 περὶ
723 3137 886 3190 αὑτοῦ
919 3140 947 3190 6
981 3139 1245 3209 μακάριος
1293 3138 1547 3209 Ἰωάννης
1573 3181 1586 3203 ,
1620 3139 1741 3190 ὅσον

157 3228 315 3297 μόνον
363 3227 692 3297 ὑπονοῆσαι·
742 3227 1131 3295 ἀναφαίνοντος
1154 3228 1261 3298 γὰρ
1310 3226 1472 3280 αὐτοῦ
1513 3225 1677 3291 δείξει
1709 3227 1738 3279 6

156 3317 427 3387 μακάριος
468 3318 526 3369 τὸ
562 3316 908 3388 ζητούμενον.
960 3317 1107 3390 Πλὴν
1158 3319 1281 3371 ὅσον
1313 3317 1539 3388 νοοῦμεν
1571 3319 1741 3388 ἀμφι-

154 3408 443 3473 ϐάλλοντες
491 3409 738 3480 λέγομεν.
773 3410 950 3463 Πολλά
992 3410 1090 3480 μὲν
1127 3409 1454 3482 εὑρίσκομεν
1500 3412 1741 3481 ὀνόματα

151 3499 327 3570 τούτῳ
368 3499 444 3570 τῷ
498 3500 715 3573 ἀριθμῷ
762 3501 1000 3573 ίσόψηφα
1046 3501 1410 3572 περιεχόμενα
1442 3500 1514 3573 (6)
1544 3543 1558 3565 ,
1605 3498 1737 3567 οἷον,

151 3591 339 3664 ὥσπερ
376 3594 570 3654 εἰπεῖν,
606 3591 665 3643 τὸ
704 3591 904 3645 Τειτάλν
936 3593 1101 3654 ἐστιν,
1129 3591 1354 3661 ἀρχαῖον
1395 3591 1489 3643 καὶ
1530 3590 1740 3656 ἔνδοξον

150 3684 323 3754 ὄνομα
360 3684 459 3754 (7),
494 3684 527 3754 ἦ
562 3684 621 3736 τὸ
647 3683 922 3750 Εὐάνθας
951 3683 1023 3755 (8)
1046 3701 1058 3714 ·
1091 3685 1185 3737 καὶ
1209 3684 1317 3756 γὰρ
1339 3684 1470 3737 αὐτὸ
1503 3686 1567 3755 τῇ
1600 3683 1736 3753 αὐτῇ

225 3799 322 3855 ⁸³1
354 3800 531 3855 Maeli.
561 3817 601 3867 ι,
635 3799 735 3866 58;
772 3799 814 3852 ll
840 3800 1016 3854 Mach.
1054 3815 1128 3867 γι,
1168 3800 1219 3856 7.

223 3921 302 3989 (2)
340 3922 583 3989 Πυρεῖα.
638 3941 657 3974 ι
696 3921 998 3989 Tripodes,
1044 3938 1295 3987 acerras,
1345 3942 1365 3974 ι
1410 3932 1465 3977 et
1512 3923 1558 3977 si
1608 3922 1741 3991 quid

152 3993 425 4061 ejusmodi
461 4003 545 4047 est
590 3993 643 4046 in
674 3994 817 4062 quod
848 3994 1085 4062 proclive
1132 3994 1340 4048 incensi
1382 3993 1740 4062 pulvisculum

155 4064 391 4125 mittere,
430 4064 660 4116 solemni
714 4064 1099 4117 immolationis
1135 4065 1278 4125 ritu,
1328 4065 1392 4116 ad
1440 4065 1742 4117 testandam

154 4135 322 4186 animi
374 4133 749 4195 devotionem;
800 4135 945 4203 quod
993 4134 1229 4187 maxime
1277 4134 1528 4187 sacrificii
1572 4147 1742 4203 genus

153 4205 447 4273 exigebant
476 4206 724 4273 gentiles,
760 4206 828 4257 ab
866 4205 931 4259 iis
962 4219 1197 4272 quorum
1227 4214 1537 4273 suspectam
1579 4204 1747 4257 habe-

153 4272 273 4327 rent
296 4272 634 4343 religionem.
667 4275 969 4329 Antiochus
996 4276 1189 4328 hedera
1217 4284 1505 4328 coronatos
1531 4272 1744 4327 Baccho

153 4346 407 4415 circuire,
454 4345 710 4414 cogebat:
767 4345 1205 4415 Christianorum
1273 4345 1533 4415 tyranni,
1563 4345 1742 4415 thure

154 4415 349 4467 saltem
398 4413 583 4479 litare;
638 4416 868 4484 hincque
900 4416 1035 4468 adeo
1077 4413 1309 4485 πύρινον
1338 4415 1437 4468 sibi
1484 4413 1743 4480 στέφανον

154 4485 425 4540 asciscere
464 4485 600 4539 scite
628 4487 706 4539 ait
736 4501 858 4538 mox
900 4485 1245 4555 Hippolytus,
1288 4485 1380 4553 qui
1421 4485 1501 4539 sic
1548 4485 1743 4555 immo-

157 4556 266 4608 lent
292 4572 361 4610 ac
389 4556 727 4609 Antichristo
753 4553 1006 4625 pareant:
1037 4575 1055 4606 ι
1087 4553 1228 4625 ignis
1250 4570 1532 4609 coronam.
1566 4572 1585 4605 ι
1618 4553 1747 4607 Erat

157 4629 510 4699 πειρατήρια,
536 4642 663 4699 qu:e
687 4642 788 4699 vox
830 4627 915 4699 hic
947 4626 1095 4694 fungi
1131 4635 1247 4699 est,
1300 4627 1414 4679 sive
1451 4625 1745 4695 antiquarii

156 4696 269 4750 sive
293 4696 418 4765 ejus
451 4698 543 4765 qui
577 4698 868 4765 exscripsit
898 4707 1098 4750 errato.
1132 4696 1367 4750 Couner.

229 4768 303 4839 (5)
346 4766 790 4839 Περιρέροντες.
824 4766 1093 4839 Combef.,
1124 4767 1493 4839 ἐπιφέροντες.

345 4833 633 4910 rae-dm.
686 4838 763 4892 ω.
810 4836 1019 4891 κισσοῦ.
1068 4837 1139 4891 At
1182 4833 1385 4901 κισσοῖς
1416 4836 1542 4905 legit
1569 4833 1746 4889 Tana-

153 4908 359 4983 quill'us
392 4908 583 4983 Faber.

226 4983 302 5051 (5)
343 4980 524 5051 Mardi
578 4980 983 5049 ἀπαγχισμόν.
1032 4976 1263 5051 Duplici
1333 4976 1529 5051 mendo
1578 4985 1742 5051 erat,

157 5047 561 5122 ὲπαγχονισμόν
589 5089 604 5112 ,
677 5047 960 5122 debuisset
1021 5049 1429 5122 ἀπαγχονισμόν
1485 5047 1741 5122 scribere.

157 5117 518 5192 Egoﬁ'mino'ri
564 5123 891 5184 mutatione,
937 5117 1483 5192 ἀττσιγχισμόν,ιιιιςι³
1523 5133 1629 5171 vox
1672 5117 1746 5170 si-

157 5188 518 5263 gnantissima
547 5200 650 5257 est,
681 5193 747 5244 ad
786 5188 1168 5259 exprimendus
1187 5188 1415 5243 dolores
1445 5188 1743 5243 immensos

157 5281 221 5318 ac
245 5266 559 5323 cruciatus,
602 5263 803 5331 quibus
836 5277 973 5330 pene
1001 5263 1125 5329 quis
1166 5271 1428 5331 enecetur
1455 5274 1519 5311 ac
1558 5268 1742 5331 stran-

158 5335 395 5401 guletur.
432 5332 571 5385 Tob.
604 5327 688 5397 ιίι,
724 5334 781 5385 11
818 5327 1135 5402 ε’Ἑλυπήθη
1168 5329 1370 5400 σφόδρα
1397 5327 1538 5381 ὥστε
1564 5328 1745 5402 ἁπάγ-

158 5404 368 5470 ξασθαι.
411 5421 432 5454 ι
474 5402 711 5456 Tristata
743 5411 828 5457 est
854 5400 1136 5465 valde,‘ut
1172 5402 1329 5469 quasi
1371 5400 1742 5469 strangulare-

159 5488 280 5541 tur;
318 5494 337 5525 ι
368 5476 526 5543 quasi
559 5488 853 5543 suppresso
880 5473 1074 5542 spiritu
1108 5471 1313 5543 doloris
1338 5472 1387 5523 vi
1421 5471 1739 5523 immorare-

160 5556 263 5615 tur.
297 5540 437 5599 Cum
466 5559 595 5615 ergo
623 5540 923 5615 habeamus
946 5543 1166 5596 verbum
1195 5540 1535 5615 ἀπάγχομᾳι,
1569 5556 1600 5593 a
1631 5554 1741 5609 quo

158 5614 315 5668 facile
348 5611 584 5668 derivari
619 5616 792 5684 possit
817 5614 900 5675 τὸ,
934 5611 1304 5681 ἁπαγχισμός,
1347 5611 1481 5663 nihil
1519 5624 1742 5664 necesse

156 5687 222 5738 ad
254 5687 361 5739 alia
390 5686 683 5739 remotiora
710 5699 1013 5739 recurrere.
1044 5686 1281 5737 COIBEF.

231 5756 306 5825 (6)
362 5758 658 5823 Ἰσόψηςρα
700 5755 1105 5823 περιεχόμενα.
1169 5751 1366 5804 Notum
1417 5757 1500 5804 est
1555 5748 1740 5804 vocari

165 5827 401 5896 ἰσόψηφοι
436 5829 682 5893 nomina,
712 5842 946 5897 quorum
974 5826 1164 5879 litterae
1196 5835 1550 5879 numerorum
1587 5835 1739 5875 more

1774 1818 1814 1872 Β

1297 3801 1343 3831 ⁸³
1380 3800 1547 3871 Apoc.
1592 3798 1835 3865 xm,18.

1778 4530 1821 4584 D

1850 573 1977 626 gare
2000 559 2070 613 ob
2103 547 2349 628 negatam
2384 559 2461 613 illi
2489 561 2746 630 gloriam;
2776 560 2988 628 jubebit
3015 576 3204 618 omnes
3232 563 3434 634 ubique

1849 665 2010 721 rogos
2032 667 2232 720 ponere
2254 668 2318 707 ac
2348 653 2642 715 tburibula,
2676 669 2744 707 ne
2765 654 2889 724 quis
2914 664 3227 709 sanctorum
3250 671 3435 709 emere

1848 744 2022 811 possit
2066 754 2156 797 aut
2202 746 2437 799 vendere
2464 787 2479 810 ,
2530 746 2659 815 quin
2697 746 2849 815 prius
2896 746 3277 801 immolaverit.
3320 746 3434 802 Hoc

1846 832 1990 887 enim
2030 833 2160 887 illud
2200 834 2538 904 signaculum
2568 845 2678 900 est,
2716 836 2861 905 quod
2898 836 3058 890 datur
3098 855 3117 889 ι
3173 836 3226 891 in
3265 853 3428 891 manu

1847 927 2089 981 dextera.
2130 946 2148 979 ι
2184 926 2337 994 Quod
2376 944 2505 983 vero
2559 947 2577 980 ι
2614 930 2667 983 in
2705 929 2879 985 fronte
2916 949 2933 982 ι
2983 931 3135 997 dicit,
3184 931 3286 985 hoc
3325 940 3432 995 est,

1846 1030 1907 1073 ut
1939 1034 2129 1074 omnes
2159 1021 2402 1075 coronati
2430 1020 2570 1085 sint,
2625 1023 2981 1091 igneumque,
3010 1038 3118 1077 non
3162 1024 3303 1087 vitae,
3331 1024 3426 1078 sed

1846 1111 2060 1178 mortis,
2092 1126 2274 1165 secum
2304 1112 2541 1167 inferant
2578 1123 2801 1168 sertum.
2857 1112 2947 1168 Sic
2987 1130 3225 1184 namque
3261 1115 3425 1169 etiam

1846 1206 2106 1259 adversus
2132 1203 2348 1260 Iudaeos
2378 1206 2601 1260 molitus
2634 1214 2719 1260 est
2750 1206 3057 1263 Antiochus
3089 1205 3429 1277 Epiphanes,

1848 1294 2017 1367 Syria:
2069 1312 2196 1363 rex,
2252 1297 2543 1352 Alexandri
2592 1296 2903 1353 Macedonis
2942 1314 3132 1367 nepos.
3180 1297 3318 1354 Nam
3371 1307 3431 1354 et

1846 1387 1935 1442 ille
1961 1404 2057 1458 per
2092 1390 2207 1444 hate
2244 1398 2487 1460 tempora
2523 1390 2685 1445 corde
2708 1390 2884 1444 elatus
2906 1431 2921 1456 ,
2959 1390 3233 1445 decretum
3270 1391 3426 1455 tulit,

1850 1496 1869 1530 ι
1909 1481 2021 1535 aris
2051 1495 2147 1549 pro
2180 1479 2389 1536 foribus
2418 1481 2611 1550 positis
2632 1521 2649 1547 ,
2692 1500 2711 1534 ι
2750 1491 2977 1537 cunctos
3014 1482 3427 1551 immolaturos,

1845 1582 2008 1635 atque
2046 1590 2065 1624 ι
2101 1572 2303 1627 hedera
2332 1583 2657 1638 coronatos,
2695 1572 2906 1627 Baccho
2934 1574 3281 1630 circuituros.
3320 1576 3426 1642 Qui

1844 1666 2017 1719 nolint
2046 1680 2254 1735 parere,
2283 1664 2383 1719 hos
2409 1665 2744 1719 cruciatibus
2782 1673 2947 1734 atque
2980 1668 3264 1721 tormentis
3296 1682 3428 1721 exa-

1843 1755 2099 1817 minatos,
2132 1756 2248 1810 neci
2275 1756 2569 1810 tradendos
2591 1771 2712 1811 esse
2732 1756 2796 1809 ⁸⁸.
2830 1776 2847 1807 ι
2883 1754 3080 1810 Verum
3111 1756 3157 1811 is
3183 1771 3425 1827 quoque,

1843 1848 2111 1917 condigna
2147 1864 2177 1901 a
2206 1846 2451 1913 Domino,
2479 1849 2737 1919 justeque
2756 1849 2942 1919 judice
2972 1864 3036 1905 ac
3066 1851 3312 1904 omnium
3344 1850 3430 1903 in-

1844 1946 2089 2007 spectore
2123 1935 2256 1999 Deo,
2288 1937 2488 2007 recepit
2518 1938 2759 2007 praemia.
2808 1937 3019 1994 Exesus
3046 1940 3192 1994 enim
3225 1938 3428 1992 vermi-

1843 2028 1968 2089 bus.
2002 2028 2111 2081 vita
2147 2036 2432 2096 exemptus
2472 2038 2576 2084 est.
2625 2029 2702 2082 Ac
2733 2029 2777 2084 si
2821 2031 2947 2100 quis
2987 2029 3101 2084 haec
3146 2030 3423 2101 sigillatim

1844 2118 2021 2189 legere
2075 2118 2201 2171 velit
2239 2118 2560 2189 singulaque
2611 2120 2879 2187 lustrare,
2926 2121 2979 2175 in
3014 2121 3169 2176 libris
3203 2121 3427 2176 Macha-

1843 2210 2083 2264 baeorum
2111 2210 2408 2280 perscripta
2438 2211 2695 2267 inveniet.

1911 2479 1976 2537 L.
2019 2482 2175 2541 Nunc
2209 2499 2335 2539 vero
2376 2484 2443 2539 ad
2486 2484 2831 2556 propositum
2867 2486 3014 2556 quod
3045 2487 3235 2542 attinet
3275 2486 3423 2545 dice-

1842 2593 1987 2631 mus.
2035 2575 2147 2632 Hoc
2171 2579 2317 2631 enim
2348 2579 2461 2647 ipse
2486 2593 2703 2648 quoque
2736 2581 3005 2645 molietur,
3040 2581 3214 2636 modis
3242 2583 3423 2636 omni-

1842 2669 1945 2724 bus
1983 2679 2201 2723 sanctos
2248 2669 2483 2741 atlligere
2507 2671 2716 2725 volens.
2761 2671 2852 2724 Ait
2900 2671 3044 2725 enim
3083 2672 3343 2742 propheta
3370 2681 3424 2727 et

1844 2762 2162 2833 apostolus:
2202 2780 2222 2812 ι
2268 2762 2365 2816 llic
2405 2761 2709 2816 intellectus
2738 2769 2841 2816 est.
2874 2761 2976 2829 Qui
3007 2764 3169 2817 habet
3206 2764 3420 2833 sapieno

1843 2854 2011 2917 tiam,
2065 2861 2343 2923 computet
2383 2867 2675 2906 numerum
2722 2852 2927 2907 bestiae.
2973 2851 3247 2908 Numerus
3277 2854 3423 2908 enim

1845 2943 2081 2997 hominis
2125 2951 2241 3010 est;
2288 2952 2341 2997 et
2386 2958 2649 2997 numerus
2695 2943 2814 3011 ejus
2858 2945 3097 2998 sexcenti
3146 2944 3425 3015 sexaginta

1846 3050 1939 3091 sex
1961 3034 2027 3086 ⁸⁵.
2071 3054 2089 3086 ι
2128 3033 2270 3089 Sane
2302 3034 2368 3088 ad
2403 3034 2522 3103 ejus
2546 3050 2742 3088 nomen
2773 3035 2917 3103 quod
2954 3035 3166 3099 attinet,
3214 3051 3322 3090 non
3369 3037 3423 3089 in

1844 3124 2003 3178 nobis
2035 3133 2182 3178 tanta
2232 3125 2514 3193 sapientia:
2550 3124 2632 3179 vis
2656 3165 2671 3191 ,
2717 3132 2776 3178 ut
2806 3140 3063 3179 enarrare
3106 3126 3383 3194 possimus
3407 3167 3422 3189 ,

1846 3215 2302 3285 quemadmodum
2351 3214 2417 3269 de
2466 3214 2557 3269 illo
2605 3215 2869 3269 intellexit
2904 3216 3201 3285 didicitque
3232 3217 3423 3273 beatus

1844 3308 2106 3371 Joannes,
2139 3323 2203 3362 ac
2226 3308 2309 3361 vel
2343 3306 2519 3361 solum
2549 3308 2862 3376 conjectura
2893 3307 3125 3362 tradere.
3153 3306 3247 3361 Illo
3277 3308 3424 3361 enim

1847 3407 2171 3471 apparente,
2222 3399 2437 3454 docebit
2481 3401 2565 3454 vir
2611 3400 2801 3454 beatus
2840 3414 2950 3469 quo
2987 3398 3055 3453 de
3092 3400 3417 3470 quaerimus.

1847 3492 2114 3548 Caeterum
2142 3500 2407 3560 quantum
2444 3491 2755 3545 hazsitantes
2794 3490 3085 3560 animoque
3131 3491 3279 3545 dubii
3326 3506 3421 3546 ca-

1846 3586 2060 3656 pimus,
2096 3584 2349 3640 dicimus.
2394 3583 2558 3637 Multa
2585 3584 2804 3653 quidem
2832 3585 3055 3638 nomina
3089 3585 3425 3639 inveniemus

1846 3681 1962 3750 pari
1997 3695 2227 3735 numero
2259 3687 2421 3749 atque
2444 3685 2702 3749 computo
2723 3680 3137 3748 comprehensa,
3172 3688 3250 3745 ut,
3275 3680 3422 3735 verbi

1849 3925 2195 3989 computata}.
2218 3916 2470 3989 eamdem
2507 3928 2779 3989 summam
2811 3910 3137 3989 c_onﬁein_ni._
3168 3908 3424 3965 Vocabu-

1850 3982 2369 4059 Μαι-περιεχόμενα
2421 3986 2597 4039 Gudio
2647 3984 2940 4038 tollendum
3000 3982 3330 4059 vide_batur_;_
3370 3991 3425 4034 et

1850 4063 2043 4115 abesse
2075 4052 2422 4113 sali-'o'sensu
2472 4064 2679 4124 potest,
2715 4070 2813 4107 nec
2863 4063 3043 4124 tamen
3080 4054 3235 4103 obest
3281 4052 3421 4104 idem

1851 4132 1895 4185 si
1945 4131 2119 4193 adsit,
2169 4144 2268 4183 nec
2306 4122 2529 4180 sensum
2563 4125 2898 4191 corrumpit;
2955 4122 3329 4193 quiaqnomen
3370 4130 3425 4175 et

1853 4190 2115 4271 ἰσόψηφον
2144 4214 2264 4253 esse
2290 4198 2464 4259 alteri,
2485 4207 2534 4249 et
2562 4190 2842 4271 continere
2865 4195 2918 4247 in
2944 4208 3001 4246 se
3033 4190 3293 4261 acet/Wa,
3313 4194 3420 4244 sci-

1850 4264 1973 4326 licet
1995 4264 2316 4341 γράμματα,
2350 4276 2542 4341 potest.
2560 4264 2801 4341 _Fanmc.

1926 4329 2017 4410 (7).
2034 4329 2249 4393 ’Τέιὲὰν
2266 4380 2280 4395 .
2303 4329 2324 4390 ’.
2350 4329 2371 4390 ί
2402 4336 2653 4405 ἀρχαῖον
2673 4336 2768 4387 καὶ
2791 4332 3043 4410 ἔνδοξον
3063 4331 3269 4401 ὄνομα.
3286 4329 3419 4410 Ἰιηιί-

1849 4402 1995 4466 tatur
2021 4410 2339 4480 Hippolytus
2364 4402 2687 4480 magistrum
2713 4420 2869 4480 suum
2892 4403 3300 4480 irenaruquui
3322 4402 3415 4455 lib.

1850 4499 1883 4535 v
1936 4472 2105 4536 contr:
2127 4472 2295 4544 Ἰιωί·.,
2318 4495 2438 4548 cap.
2456 4472 2563 4540 '50,
2600 4477 2627 4547 §
2659 4478 2711 4541 5,
2749 4477 2861 4530 haec
2892 4476 3079 4548 habet:
3115 4490 3133 4523 ι
3165 4472 3423 4527 Titan....

1851 4563 1905 4625 et
1937 4555 2250 4625 antiquum,
2276 4559 2328 4603 et
2359 4545 2726 4625 li'dedignnm,
2751 4556 2803 4599 et
2834 4545 3009 4625 regale
3031 4583 3122 4625 ε...
3145 4558 3416 4625 pom,pr

1853 4622 2023 4677 Paulo
2047 4611 2171 4675 ante
2201 4611 2567 4675 dixeratidcrﬁ
2595 4617 2857 4670 lrenzeus:
2891 4611 2917 4665 ἱ
2940 4613 3044 4668 Sed
3068 4622 3122 4668 et
3145 4611 3419 4677 TEITAN,

1849 4696 2025 4763 prima
2057 4692 2263 4763 syllaba
2300 4692 2570 4764 perduas
2602 4688 2820 4742 Grzecas
2852 4685 3066 4764 vocales
3097 4701 3121 4735 ε
3149 4692 3249 4763 οι)
3285 4683 3419 4764 serio

1850 4756 1963 4833 pta,
2000 4756 2246 4816 omnium
2279 4756 2709 4833 nominumAquae
2738 4756 2881 4825 apud
2919 4770 3020 4833 nos
3052 4756 3420 4817 inveniuntur,

1852 4826 2026 4902 inagis
2050 4833 2152 4886 lide
2179 4833 2401 4901 dignum
2420 4840 2520 4885 est.
2549 4826 2756 4882 Etenim
2788 4826 3418 4902 praedictum__nttmert_im

1852 4892 2014 4957 habet
2048 4904 2101 4956 in
2128 4917 2207 4964 se,
2238 4892 2292 4955 Et
2323 4901 2627 4955 litterarum
2659 4907 2742 4950 est
2766 4892 2857 4951 sex
2881 4937 2896 4960 ,
2934 4894 3165 4965 singulis
3194 4892 3419 4963 syllabis

1850 4990 1918 5029 ex
1937 4974 2106 5030 ternis
2133 4972 2328 5026 litteris
2352 4967 2751 5031 constantibus,
2773 4977 2826 5020 et
2847 4974 3093 5028 vetus,et
3124 4973 3418 5018 semotum:

1852 5060 2027 5113 neque
2051 5044 2194 5098 enim
2222 5057 2410 5095 eorum
2425 5056 2626 5113 regum
2660 5039 2751 5107 qui
2783 5037 3080 5090 secundum
3130 5047 3229 5087 nos
3269 5039 3418 5113 sunt,

1851 5103 2050 5183 aliquis
2075 5122 2298 5183 vocatus
2319 5120 2403 5165 est
2425 5103 2614 5183 Titan;
2647 5103 2820 5183 neque
2844 5121 3032 5183 eorum
3063 5121 3185 5183 _qu:e
3208 5103 3419 5183 publice

1851 5172 2149 5238 adorantur
2176 5182 2444 5237 idolorum
2469 5172 2610 5249 apud
2640 5172 2859 5233 Graecos
2882 5186 2933 5230 et
2960 5172 3243 5249 barbaros,
3262 5172 3418 5249 habet

1850 5256 2173 5310 vocabulum
2222 5254 2361 5306 hoc:
2405 5258 2457 5305 et
2504 5243 2749 5323 divinu_m
2794 5256 3014 5319 putatur
3045 5246 3184 5323 apud
3217 5243 3419 5323 multos

1850 5324 1955 5381 hoc
1985 5340 2177 5379 nomen
2205 5340 2220 5389 ;
2256 5333 2313 5377 ut
2348 5323 2509 5377 etiam
2540 5322 2641 5394 sol,
2671 5313 2829 5372 Titan
2855 5313 3094 5394 vocetur'
3116 5315 3184 5368 ab
3217 5313 3417 5394 bisqui

1849 5412 1998 5450 nunc
2030 5388 2245 5448 tenent:
2288 5401 2342 5446 et
2374 5393 2807 5463 ostentationem
2831 5388 3151 5463 quamdam”
3178 5388 3417 5463 continet

1852 5466 2074 5519 ultionis
2120 5474 2174 5518 et
2211 5464 2504 5517 vindictam
2558 5455 2877 5520 inferentis}
2920 5460 3063 5527 quod
3098 5457 3186 5509 ille
3225 5455 3418 5522 (Auti-

1848 5536 2118 5600 christus)
2148 5535 2369 5589 simulat
2397 5549 2454 5586 se
2486 5533 2625 5586 male
2666 5539 2925 5584 tractatos
2955 5528 3250 5600 vindicare.
3287 5542 3307 5576 ι

1878 5667 1900 5675 _
1920 5608 1996 5676 (8)
2035 5595 2330 5671 Εὑάνθας.
2368 5601 2830 5676 ldemlrenaeusl.
2860 5615 2909 5654 c.
2935 5615 3006 5676 :_t
3036 5595 3304 5676 Quoniam
3330 5610 3418 5649 au-

1848 5668 1955 5731 tem
1981 5668 2098 5729 'non
2132 5668 2349 5745 propter
2380 5675 2616 5745 inopiam
2655 5672 2935 5745 nominum
2965 5668 3275 5745 habentium
3312 5682 3419 5718 nu-

1849 5762 2060 5799 merum
2110 5739 2349 5800 n'om'inis
2399 5739 2520 5814 ejus
2565 5744 2798 5797 dicimus
2850 5742 3001 5814 hinc,
3058 5739 3419 5814 sejhpfoptqf

1852 5818 2103 5872 timorem
2132 5833 2258 5887 erga
2288 5805 2455 5871 Deum
2485 5823 2539 5869 et
2561 5815 2737 5868 zelum
2771 5811 3042 5868 veritatis:
3093 5805 3410 5861 ΕΥΑΝθΑΣ
