3836 6498
457 290 557 346 771

1103 291 1161 345 S.
1202 288 1561 346 HIPPOLYTI
1600 291 1750 347 OPP.
1788 291 1970 348 PARS
2010 292 2074 347 II.
2112 324 2185 335 —
2220 291 2526 350 DOGMAT.
2570 292 2657 348 ET
2698 290 3039 348 HISTORIC.

3596 290 3687 346 779.

450 413 645 483 gratia,
680 420 764 466 est
794 425 988 465 nomen
1021 408 1197 477 Titan,
1243 409 1387 481 quod
1416 428 1611 467 nomen
1639 413 1925 483 antiquum
1964 430 2016 470 at

2130 415 2288 487 ψήφῳ
2332 415 2720 486 ἐμπεριέχεται
2745 452 2760 477 ,
2807 412 2901 465 καὶ
2942 412 3106 482 ἔτερα
3148 408 3370 464 πλείονα
3414 407 3687 480 εὑρεθῆναι

449 503 660 558 illustre
691 512 802 570 est;
854 503 936 556 vel
971 501 1275 568 Evantltas;
1322 519 1448 557 nam
1498 505 1603 559 hoc
1641 520 1858 575 quoque
1905 506 2019 576 pari

449 594 925 663 comprehenditur
964 603 1255 662 computo,
1304 595 1519 663 aliaque
1552 610 1659 648 non
1703 612 1875 665 pauca
1902 612 2022 665 quae

452 687 580 741 licet
621 687 881 741 invenire.
917 686 1055 753 Quia
1099 696 1282 741 tamen
1335 689 1446 757 jam
1491 687 1771 750 diximus,
1823 689 2022 757 prioris

454 780 640 833 bestia:
666 780 876 850 plagam
912 786 1155 833 curatam
1180 794 1321 843 esse,
1356 796 1419 834 ac
1443 779 1591 848 loqui
1624 779 1912 849 imaginem
1942 778 2022 834 fe-

451 871 625 935 cisse,
659 870 805 939 quod
835 879 918 924 est
945 871 1113 924 robur
1146 870 1223 923 illi
1250 871 1502 940 viresque
1526 870 1810 926 tribuisse:
1843 871 2022 941 palam

448 960 701 1014 omnibus
720 968 821 1023 est,
845 960 939 1029 qui
963 960 1261 1014 etiamnum
1291 976 1469 1015 rerum
1495 961 1786 1030 potiantur,
1805 960 2025 1017 Latinos

445 1065 588 1106 esse.
630 1049 688 1104 Si
735 1052 900 1121 igitur
931 1060 987 1105 ut
1015 1052 1179 1106 unius
1217 1052 1452 1107 hominis
1495 1068 1696 1108 nomen
1732 1054 2025 1107 transfera-

446 1152 566 1210 tur,
602 1144 826 1197 Latinus
870 1144 1148 1199 efﬁcietur.
1201 1142 1380 1210 Quare
1428 1160 1529 1199 nec
1580 1144 1979 1214 praedicandum
2006 1184 2021 1207 ,

446 1238 606 1307 quasi
631 1239 735 1292 hoc
763 1238 834 1291 sit
868 1238 1013 1293 illius
1045 1253 1263 1301 nomen,
1295 1252 1393 1292 nec
1424 1254 1618 1293 rursus
1647 1238 2023 1306 neseiendum,

446 1342 607 1396 posse
629 1343 752 1381 eum
780 1328 934 1382 aliter
956 1329 1288 1399 nuncupari:
1320 1330 1414 1384 sed
1437 1345 1561 1384 cum
1586 1328 1680 1382 Dei
1706 1329 2021 1399 mysterium

447 1417 501 1470 in
532 1417 695 1471 corde
719 1418 1039 1485 habeamus,
1073 1435 1196 1482 cum
1224 1420 1421 1474 timore
1458 1420 1559 1475 ﬁde
1585 1422 1872 1487 servanda,
1905 1436 2027 1492 quae

446 1523 477 1562 a
517 1509 688 1562 beatis
718 1510 998 1578 prophetis
1021 1511 1277 1581 prwdicta
1308 1521 1468 1579 sunt;
1503 1521 1562 1566 ut
1591 1528 1714 1567 cum
1756 1515 1844 1569 illa
1872 1516 2024 1585 ﬁent,

445 1600 829 1669 prospiciendo
851 1602 1078 1657 solerter
1107 1618 1213 1657 non
1247 1603 1602 1673 decipiamur.
1634 1603 2029 1675 Supervenien-

446 1691 519 1743 tia
560 1691 704 1745 enim
753 1702 1030 1761 tempora,
1082 1693 1245 1747 etiam
1299 1694 1443 1750 hunc
1481 1694 1548 1750 de
1590 1711 1699 1765 quo
1730 1697 1845 1752 haec
1880 1698 2026 1753 dicta

445 1793 592 1845 sunt,
625 1783 1068 1840 manifestabunt.

516 1872 603 1927 LI.
643 1874 747 1929 Sed
776 1892 844 1931 ne
875 1876 959 1931 his
989 1876 1253 1931 duntaxat
1288 1880 1570 1933 sententiis
1596 1880 1863 1952 dictisque
1906 1883 2025 1939 illos

445 1962 771 2019 inducamus
792 2007 805 2030 ,
841 1968 932 2035 qui
980 1967 1289 2023 divinorum
1320 1969 1661 2039 eloquiorum
1703 1975 1850 2027 cultu
1881 1975 2026 2029 dele-

446 2062 685 2120 ctantur,
733 2056 853 2111 aliis
896 2057 1143 2127 pluribus
1173 2059 1733 2116 demonstrationihus
1773 2066 2025 2120 ostende-

446 2160 590 2198 mus.
640 2144 729 2198 Ait
774 2146 915 2201 enim
969 2145 1186 2201 Daniel:
1239 2165 1258 2198 ι
1308 2146 1374 2202 Ει
1422 2148 1512 2202 isti
1557 2148 1912 2203 salvabuntur
1957 2151 2024 2205 de

443 2250 612 2289 manu
639 2236 793 2305 ejus,
830 2236 999 2292 Edom
1028 2247 1081 2292 et
1114 2237 1307 2303 Moab,
1347 2248 1401 2293 et
1428 2239 1753 2310 principium
1786 2242 2020 2296 ﬁliorum

442 2329 676 2383 Ammon
716 2330 781 2384 ⁸⁵.
833 2348 851 2381 ι
885 2334 1113 2384 Ammon
1155 2341 1209 2385 et
1244 2330 1402 2387 Moab
1442 2332 1538 2386 ﬁlii
1569 2331 1673 2387 Lot
1706 2348 1773 2388 ex
1810 2334 2023 2391 ﬁliabus

443 2421 711 2489 progeniti
759 2421 803 2451 ⁸⁶
829 2462 844 2487 ,
889 2437 1121 2490 quorum
1157 2422 1456 2477 etiamnum
1490 2439 1661 2495 genus
1688 2436 2020 2493 perseverat.

442 2513 535 2566 Ait
580 2514 726 2566 enim
768 2512 973 2568 Isaias:
1011 2532 1027 2563 ‹
1071 2511 1133 2566 Ει
1164 2514 1425 2568 volabunt
1458 2515 1511 2569 in
1558 2518 1789 2572 navibus
1827 2520 2020 2572 alieni-

445 2620 737 2673 genarum;
775 2620 926 2659 mare
970 2605 1133 2659 simul
1176 2605 1602 2675 prmdabuntur,
1644 2616 1698 2661 et
1733 2623 1828 2663 eos
1858 2611 1950 2679 qui
1987 2627 2017 2665 a

442 2694 578 2749 solis
622 2704 767 2749 ortu.
808 2694 875 2748 Et
922 2696 976 2748 in
1024 2694 1181 2749 Moab
1220 2696 1457 2765 primum
1502 2713 1697 2753 manus
1738 2699 2016 2769 injicient;

443 2786 539 2839 tilii
587 2797 769 2841 autem
799 2787 1030 2841 Ammon
1065 2789 1219 2857 primi
1247 2788 1501 2844 obedient
1528 2789 1593 2845 ⁸⁷.
1622 2809 1641 2842 ι

514 2877 622 2931 LII.
671 2878 770 2933 llic
812 2880 978 2949 igitur
1016 2882 1122 2936 illis
1154 2883 1489 2952 temporibus
1515 2898 1799 2954 emergens
1827 2901 2019 2942 occur-

441 2980 552 3025 ret:
594 2971 870 3042 triumque
912 2987 1178 3028 cornuum
1207 2990 1275 3029 ex
1299 2975 1486 3029 decem
1520 2991 1715 3046 pugna:
1759 2980 1876 3034 acie
1919 2995 2017 3050 po-

2122 506 2413 577 δυνάμενα.
2496 506 2633 559 Ἀλλ’
2676 506 2861 577 ἐπειδὴ
2913 504 3264 578 προέφθημεν
3298 502 3372 572 (9)
3414 501 3686 570 λέγοντεςν

2121 598 2204 650 ὅτι
2232 596 2624 671 ὲθεραπεύθηή
2656 596 2837 667 πληγὴ
2858 597 2951 650 τοῦ
2980 596 3167 668 θηρίου
3204 594 3297 648 τοῦ
3332 593 3575 664 πρώτου,
3604 594 3688 645 καὶ

2124 688 2339 759 ποιήσει
2357 688 2467 758 (10)
2493 688 2671 741 λαλεῖν
2694 688 2793 759 τὴν
2819 687 3023 752 εἰκόνα,
3039 686 3337 748 τουτέστιν,
3359 685 3546 755 ἴσχυσε
3568 683 3685 755 (II)'

2124 779 2357 850 φανερὸν
2382 779 2427 831 δ’
2460 781 2578 833 ἐστὶ
2609 781 2796 843 πᾶσιν,
2822 781 2904 833 ὅτι
2935 780 2984 831 οἱ
3012 778 3338 849 κρατοῦντες
3364 777 3446 830 ἔτι
3471 777 3568 829 νῦν
3596 779 3688 829 εἰσι

2126 872 2375 926 Λατῖνοι·
2411 873 2492 934 είς
2519 872 2637 937 ἐνὸς
2662 868 2754 925 οὖν
2775 870 3062 943 ἀνθρώπου
3102 871 3273 942 ὄνομα
3313 870 3686 941 μεταγόμενον,

2124 962 2333 1032 γίνεται
2368 963 2667 1029 Λατεῒνος.
2716 962 2879 1016 Ὥστε
2917 960 3042 1016 οὔτε
3088 962 3493 1035 προκηρύσσειν
3526 960 3689 1023 δεῖὼς

2123 1054 2274 1119 ὄντος
2317 1054 2505 1108 τούτου
2547 1055 2809 1125 ὀνόματος
2828 1094 2843 1118 ,
2875 1053 2999 1107 οὔτε
3028 1053 3189 1108 πάλιν
3226 1054 3442 1122 ἀγνοεῖν
3466 1092 3482 1117 ,
3512 1053 3593 1105 ὅτι
3623 1052 3689 1123 μὴ

2124 1148 2298 1212 ἄλλως
2327 1148 2546 1201 δύναται
2567 1147 2820 1216 λέγεσθαι
2841 1165 2854 1178 ⁸
2893 1147 3109 1218 ἔχοντες
3137 1147 3271 1201 δὲτὸ
3292 1146 3589 1218 μυστήριον
3608 1144 3689 1197 τοῦ

2123 1239 2257 1293 Θεοῦ
2290 1243 2345 1294 ὲν
2369 1242 2433 1312 τῇ
2466 1240 2681 1311 καρδίᾳ,
2719 1241 2857 1311 μετά
2884 1240 3048 1311 φόϐου
3080 1239 3373 1310 φυλάσσειν
3401 1237 3607 1299 πιστῶς
3628 1236 3689 1288 τὰ

2125 1332 2230 1385 ὑπὸ
2256 1334 2363 1386 τῶν
2396 1333 2679 1405 μακαρίων
2708 1332 3000 1404 προφητῶν
3016 1331 3410 1404 προειρημένα,
3443 1330 3534 1382 ἵνα
3561 1346 3689 1397 γινο-

2128 1423 2304 1494 μένων
2337 1424 2534 1487 αύτῶν,
2572 1424 2883 1494 προϊδόντες
2918 1423 2992 1494 μὴ
3024 1422 3407 1493 σφαλλώμεοα.
3439 1420 3561 1473 Τῶν
3593 1420 3690 1487 γὰρ

2125 1515 2331 1588 καιρῶν
2360 1516 2773 1583 ἐπιγινομένων,
2806 1515 2898 1569 καὶ
2920 1514 3084 1578 αὐτὸς
3106 1513 3234 1585 περὶ
3259 1505 3321 1566 οὗ
3342 1511 3521 1565 ταῦτα
3553 1512 3688 1581 εἰρη-

2124 1625 2232 1674 ται,
2263 1607 2719 1678 φανερωθήσεται.

2212 1864 2350 1918 Ἀλλ’
2382 1866 2468 1918 ἵνα
2507 1863 2581 1936 μὴ
2621 1864 2800 1935 μόνοις
2835 1865 2945 1926 τοῖς
2974 1864 3158 1933 ῥητοῖς
3186 1860 3397 1922 τούτοις
3430 1856 3690 1927 πείσωμεν

2124 1960 2249 2022 τοὺς
2294 1959 2361 2012 τὰ
2401 1957 2494 2011 τοῦ
2528 1958 2661 2011 Θεοῦ
2694 1957 2849 2026 λόγια
2879 1954 3329 2025 φιλοπονοῦντας,
3356 1953 3605 2022 δείξομεν
3632 1950 3688 2001 δι’

2125 2052 2327 2123 ἐτέρων
2365 2050 2691 2117 ἀποδείξεων
2743 2050 3025 2102 πλειόνων.
3083 2047 3245 2115 Λέγει
3310 2046 3425 2116 γὰρ
3470 2044 3685 2114 Δανιὴλ·

2130 2164 2147 2196 ι
2192 2144 2300 2199 Καὶ
2327 2137 2470 2197 οὗτοι
2497 2142 2830 2213 σωθήσονται
2858 2141 2922 2193 ὲκ
2946 2138 3127 2210 χειρὸς
3163 2136 3350 2201 αὐτοῦ,
3391 2134 3575 2205 Ἐδὼμ
3609 2135 3685 2187 καὶ

2123 2237 2317 2303 Μωὰϐ,
2343 2236 2438 2290 καὶ
2467 2234 2608 2307 ἀρχὴ
2626 2234 2759 2287 υίῶν
2800 2231 3042 2304 Ἄμμων.
3069 2250 3086 2282 ι
3126 2229 3351 2301 ’Λμμὼν
3380 2228 3479 2283 καὶ
3507 2226 3684 2287 Μωὰϐ,

2122 2331 2170 2383 οἱ
2204 2331 2268 2382 ἐκ
2294 2327 2401 2381 τῶν
2444 2325 2756 2396 θυγατέρων
2790 2325 2882 2377 τοῦ
2912 2323 3035 2376 Λὼτ
3072 2323 3177 2376 υἱοὶ
3219 2320 3611 2392 γεγενημένοι,
3641 2318 3685 2383 ἐξ

2122 2412 2196 2472 ὧν
2227 2417 2288 2471 τὸ
2314 2417 2470 2485 γένος
2491 2416 2593 2478 ἕως
2607 2414 2701 2468 τοῦ
2730 2414 2824 2468 νῦν
2846 2412 3110 2483 διαμένει.
3129 2412 3289 2479 Λέγει
3310 2412 3423 2483 γὰρ
3458 2411 3681 2471 Ἡσαΐας

2128 2530 2147 2562 ι
2187 2510 2296 2563 Καὶ
2324 2509 2756 2578 πετασθήσονται
2790 2508 2848 2559 ὲν
2880 2506 3084 2569 πλοίοις
3116 2503 3432 2573 ἀλλοφύλων
3457 2543 3472 2567 ,
3507 2501 3683 2555 θάλασ-

2122 2619 2221 2655 σαν
2253 2601 2369 2672 ἆμα
2395 2598 2855 2671 προνομεύοντες,
2902 2598 2996 2651 καὶ
3028 2597 3152 2661 τοῦς
3180 2597 3273 2664 ἀφ’
3307 2594 3462 2666 ἡλίου
3508 2595 3679 2648 ἀνατο-

2120 2694 2247 2759 λῶν,
2282 2694 2377 2748 καὶ
2403 2692 2496 2745 ἐπὶ
2526 2691 2700 2747 Μωάϐ
2734 2691 2949 2763 πρῶτον
2967 2690 3069 2753 τὰς
3106 2692 3293 2760 χεῖρας
3327 2685 3676 2741 ἐπιϐαλοῦσιν·

2119 2786 2169 2839 οἱ
2200 2786 2256 2839 δὲ
2288 2786 2393 2839 υἱοὶ
2436 2782 2664 2855 ’Λμμὼν
2696 2783 2900 2855 πρῶτοι
2930 2776 3349 2835 ὑπακούσονται.
3394 2798 3413 2831 ι

2190 2871 2358 2942 Οὗτος
2414 2873 2508 2931 οὖν
2563 2880 2674 2941 τοῖς
2725 2877 2845 2930 τότε
2888 2878 3100 2947 καιροῖς
3148 2872 3485 2943 ἀναδειχθεὶς
3530 2873 3679 2925 ύπανο

2117 2971 2202 3023 τεῖ
2234 2970 2383 3040 (12)⁶
2431 2969 2525 3022 καὶ
2566 2968 2847 3039 κρατήσας
2892 2967 2949 3019 ὲν
2976 2964 3279 3036 παρατάξει
3324 2965 3553 3034 πολέμου
3582 2962 3677 3015 τῶν

441 3065 612 3131 titus,
652 3065 867 3134 illisque
906 3067 1167 3122 radicitus
1205 3068 1441 3134 evulsis,
1489 3068 1726 3140 IEgypto
1770 3072 2014 3138 scilicet,

2130 3060 2287 3132 τριῶν
2328 3061 2574 3133 κεράτων
2602 3062 2666 3112 ὲκ
2704 3058 2811 3112 τῶν
2842 3058 3009 3121 δέκα,
3046 3057 3144 3111 καὶ
3190 3056 3496 3128 ὲκριζώσας
3530 3052 3673 3111 αὐτὰ,

2130 3152 2147 3167 ιν
2290 3152 2303 3166 ἡ
2381 3151 2393 3167 \
2478 3152 2525 3167 ιι
2584 3149 2595 3165 ι
2894 3150 2908 3167 ι
2971 3150 2987 3167 ι
3030 3149 3088 3167 ρο
3272 3166 3276 3167 ,
3318 3148 3355 3167 ηε
3415 3146 3655 3167 ‘10.)...”

440 3157 605 3228 Libya
637 3166 692 3212 et
729 3156 1027 3228 Ethiopia,
1075 3161 1309 3229 acceptis
1354 3176 1545 3215 eorum
1575 3162 1762 3232 spoliis
1798 3180 1863 3219 ac
1899 3180 2019 3220 ma-

440 3250 645 3313 nubiis,
675 3250 899 3319 reliquis
922 3251 1087 3305 etiam
1116 3253 1375 3307 cornibus
1407 3269 1527 3323 qua:
1559 3269 1658 3309 nec
1683 3255 1798 3325 ipsa
1828 3256 2024 3310 immu-

440 3342 529 3396 nia
557 3344 839 3407 exsistant,
863 3344 1183 3415 oblaesisque
1208 3344 1406 3399 ﬁnibus
1425 3344 1525 3415 (δ’)
1548 3361 1606 3401 se
1634 3346 1711 3399 illi
1736 3347 2023 3417 subjicien-

439 3435 622 3499 tibus,
670 3438 899 3490 exaltari
946 3438 1131 3492 animo
1183 3438 1406 3509 incipiet
1452 3450 1505 3495 et
1538 3440 1800 3494 adversus
1847 3439 2015 3495 Deum

436 3524 646 3590 eil‘erri,
699 3527 793 3594 qui
845 3528 1007 3581 totius
1059 3527 1206 3581 orbis
1256 3536 1527 3583 terrarum
1576 3530 1833 3599 potiatur.
1887 3529 2017 3600 Ejus

438 3615 613 3683 prima
646 3618 922 3686 aggressio
957 3618 1061 3671 erit
1106 3618 1366 3673 adversus
1393 3618 1597 3689 Tyrum
1629 3628 1683 3674 et
1724 3620 1977 3690 Berytum
1999 3664 2014 3689 ,

439 3721 504 3759 ac
531 3706 975 3761 circumvieinam
1018 3709 1315 3778 regionem.
1351 3709 1446 3765 His
1473 3711 1617 3764 enim
1649 3711 1877 3767 urbibus
1905 3712 2017 3781 pri-

441 3812 591 3851 mum
640 3799 986 3870 expugnatis,
1025 3801 1144 3853 aliis
1189 3810 1451 3854 terrorem
1500 3801 1726 3870 injiciet,
1755 3803 2018 3871 quemad-

440 3889 660 3943 modum
692 3890 857 3947 lsaias
892 3891 996 3946 ait:
1054 3911 1072 3943 ι
1122 3891 1423 3957 Erubesce,
1464 3891 1653 3958 Sidon,
1680 3894 1817 3947 dixit
1846 3909 2013 3949 mare.

437 3979 718 4036 Fortitudo
753 3998 883 4037 vero
912 3984 1078 4038 maris
1115 3984 1284 4038 dixit:
1332 3983 1449 4038 Non
1492 3986 1789 4054 parturivi,
1841 4000 2015 4055 neque

437 4074 656 4143 peperi,
694 4089 794 4128 nec
820 4074 1042 4129 educavi
1072 4075 1330 4144 juvenes,
1363 4091 1463 4129 nec
1498 4078 1729 4131 exaltavi
1756 4077 2014 4147 virgines.

438 4163 670 4228 Quando
698 4174 877 4221 autem
909 4165 1153 4218 auditum
1188 4165 1348 4219 fuerit
1380 4164 1614 4236 [Egypto
1635 4203 1651 4230 ,
1695 4165 1871 4234 capiet
1919 4178 2014 4219 eos

436 4253 593 4307 dolor
628 4269 727 4322 pro
758 4253 901 4323 Tyro
933 4255 996 4307 ⁸⁸.
1038 4273 1055 4305 ι

508 4343 643 4397 LIII.
673 4343 769 4399 llis
800 4345 873 4397 i‘ta
904 4342 1100 4398 futuris
1119 4384 1132 4407 ,
1161 4343 1511 4398 dilectissime
1532 4382 1548 4406 ,
1581 4359 1645 4397 ac
1680 4342 1856 4397 tribus
1885 4357 2011 4396 eor-

436 4435 601 4490 nibus
627 4436 695 4490 ab
723 4450 788 4490 eo
821 4436 1017 4491 excisis
1040 4478 1052 4501 ,
1096 4446 1220 4507 post
1245 4436 1359 4491 haec
1393 4451 1451 4490 se
1486 4446 1544 4489 ut
1569 4434 1732 4488 Deum
1760 4433 2016 4489 exhibere

438 4527 695 4596 incipiet,
742 4528 1199 4597 quemadmodum
1244 4528 1492 4598 prazdixit
1527 4527 1806 4582 Ezechiel:
1852 4545 1870 4577 (
1909 4525 2014 4582 Pro

435 4633 503 4672 eo
529 4619 675 4689 quod
702 4619 997 4673 exaltatum
1031 4629 1114 4674 est
1143 4634 1237 4675 cor
1269 4628 1420 4674 tuum
1448 4662 1462 4685 ,
1514 4629 1568 4673 et
1598 4619 1822 4674 dixisti:
1868 4618 2013 4675 Deus

437 4724 557 4763 sum
587 4724 686 4779 ego
710 4708 774 4761 ‘9.
816 4727 835 4761 ι
872 4708 1132 4765 Similiter
1168 4726 1385 4781 quoque
1414 4711 1612 4766 Isaias:
1652 4729 1671 4763 ι
1708 4710 1788 4764 Τιι
1830 4722 2011 4767 autem

507 4823 552 4855 ⁸⁸
573 4822 709 4877 Dan.
744 4841 820 4894 ιι,
854 4826 938 4879 41.

433 4940 582 5015 enim
615 4957 837 5015 nomen,
884 4944 1051 4999 habet
1100 4960 1387 4999 numerum
1440 4946 1508 5015 de
1552 4947 2004 5015 qnoquzeritur:

435 5013 531 5085 sed
575 5014 709 5085 nihil
751 5014 818 5068 de
856 5029 922 5067 eo
953 5015 1303 5070 aﬂirmamus.
1362 5035 1382 5067 ι
1441 5013 1740 5085 Statimque
1772 5018 1999 5071 subdit:

438 5100 463 5135 σι
497 5081 601 5136 Sed
643 5092 699 5139 et
741 5085 1080 5138 ΛΛΤΕΙΝΟΣ
1127 5102 1321 5141 nomen
1349 5125 1365 5151 ,
1407 5085 1571 5139 habet
1620 5081 2002 5142 sexcentarum

436 5154 718 5222 sexaginta
762 5170 858 5209 sex
905 5171 1228 5221 numerum;
1280 5167 1334 5211 et
1366 5158 1518 5210 valde
1557 5156 1854 5212 verisimile
1896 5166 2001 5222 est,

434 5228 693 5295 quoniam
720 5226 1074 5279 novissimum
1106 5242 1331 5295 regnum
1350 5227 1453 5281 hoc
1476 5226 1636 5280 habet
1652 5228 2000 5282 vocabulum.

436 5294 617 5367 Latini
647 5298 790 5367 enim
823 5294 1241 5367 suntquinuhc
1273 5307 1528 5367 regnant;
1550 5297 1643 5349 sed
1676 5314 1782 5351 non
1819 5298 1872 5350 in
1902 5298 2005 5350 hoc

436 5379 537 5436 nos
568 5365 942 5433 gloriabimur.
987 5384 1005 5415 ι
1038 5365 1161 5420 Haec
1182 5365 1356 5420 autem
1380 5375 1659 5436 propterea
1693 5369 1746 5420 in
1766 5368 2004 5421 medium

438 5433 795 5506 adduximus,
840 5445 894 5490 ut
938 5437 1109 5505 magis
1150 5436 1276 5490 inde
1306 5433 1535 5506 constet,
1572 5436 1754 5491 Irenagi
1802 5439 2002 5506 scripta

440 5502 784 5574 Ilippolytum
826 5522 937 5575 prae
970 5502 1146 5560 oculis
1179 5506 1455 5561 habuisse.
1494 5505 1631 5560 Iline
1660 5508 1825 5560 etiam
1854 5502 2007 5561 co'm-

435 5584 643 5645 pertum
678 5576 735 5629 ﬁt
760 5616 775 5639 ,
810 5579 913 5629 tria
940 5577 1040 5630 ista
1066 5575 1286 5629 nomina
1307 5591 1589 5645 perperam
1610 5576 1780 5631 fuisse
1805 5578 1860 5629 in
1887 5592 2007 5630 ver-

438 5643 975 5715 sionehiscelitteris
1020 5643 1369 5715 consignata,
1400 5643 1591 5709 Titan,
1636 5646 1904 5700 Euanthas
1954 5654 2009 5699 et

436 5712 698 5767 Latinus:
725 5733 900 5787 neque
926 5718 1068 5772 enim
1092 5718 1157 5772 ad
1177 5712 1408 5772 mentem
1434 5716 1704 5787 Hippolyti
1734 5732 1995 5772 numerus

2121 3152 2256 3222 ὅπερ
2288 3151 2434 3203 ἐστὶν
2464 3149 2738 3219 Αἰγύπτου
2762 3190 2777 3215 ,
2822 3150 2917 3203 καὶ
2959 3149 3173 3203 Λιϐύων
3198 3188 3214 3214 ,
3268 3148 3362 3202 καὶ
3401 3146 3672 3200 Αἰθιόπων.

2120 3240 2301 3296 λαϐὼν
2334 3240 2401 3294 τὰ
2430 3239 2602 3293 σκύλα
2632 3240 2725 3292 καὶ
2752 3239 2820 3293 τὰ
2847 3239 3064 3311 λάφυρα
3085 3280 3100 3304 ,
3136 3237 3514 3306 ὑποταγέντων
3542 3235 3676 3304 αὐτῷ

2119 3333 2216 3388 καὶ
2245 3332 2353 3386 τῶν
2381 3330 2583 3385 λοιπῶν
2611 3331 2856 3403 κεράτων
2882 3332 2989 3384 τῶν
3016 3329 3527 3402 περιϐλαπτομένων
3546 3368 3559 3391 ,
3584 3328 3675 3399 ἄρ-

2120 3426 2201 3493 ξει
2242 3424 2506 3496 ύψοῦσθαι
2544 3427 2609 3495 τῇ
2655 3424 2886 3495 καρδίᾳ,
2930 3424 3026 3479 καὶ⁹
3064 3423 3381 3496 ἐπαίρεσθαι
3423 3426 3552 3475 κατὰ
3584 3418 3671 3471 τοῦ

2119 3519 2278 3582 θεοῦ,
2312 3518 2493 3587 πάσης
2519 3518 2615 3589 τῆς
2646 3517 2971 3587 οἰκουμένης
3003 3513 3219 3587 κρατῶν
3240 3529 3253 3544 ⁸
3285 3515 3346 3566 τὸ
3374 3513 3430 3567 δὲ
3466 3514 3671 3585 ὅρμημα

2118 3610 2281 3665 αὐτοῦ
2304 3610 2517 3681 πρῶτον
2544 3609 2693 3661 ἔσται
2728 3609 2821 3661 ἐπὶ
2853 3608 3026 3678 Τύρον
3059 3608 3153 3659 καὶ
3186 3603 3553 3677 Βηρυτον,καὶ
3581 3602 3669 3669 τὴν

2118 3702 2278 3775 πέριξ
2308 3701 2510 3773 χώραν.
2547 3700 2761 3762 Ταύτας
2792 3698 2899 3768 γάρ
2919 3697 3133 3770 πρῶτον
3165 3697 3265 3760 τὰς
3290 3696 3470 3759 πόλεις
3493 3696 3671 3763 ἐκπορ-

2119 3794 2311 3865 θήσας,
2348 3796 2469 3856 ταῖς
2502 3792 2714 3865 ἑτέραις
2741 3792 2902 3861 φόϐον
2926 3792 3272 3861 ὲγγεννήσει,
3308 3789 3486 3853 καθώς
3526 3804 3669 3859 φησιν

2129 3886 2388 3949 Ἡσαΐας·
2421 3904 2440 3937 ‹
2470 3883 2815 3954 Αίσχύνθητι,
2842 3881 3037 3946 Σιδὼν,
3073 3879 3228 3933 εἶπεν
3276 3883 3309 3953 ἡ
3346 3880 3604 3936 θάλασσα·
3638 3879 3668 3946 ἡ

2116 3976 2171 4028 δὲ
2208 3977 2359 4047 ἰσχῦς
2383 3975 2484 4044 τῆς
2517 3974 2789 4045 θαλάσσης
2822 3968 3004 4025 εἶπενο
3040 3973 3151 4025 Ούκ
3181 3971 3369 4025 ὥδινον
3394 4010 3409 4034 ,
3444 3970 3542 4024 οὐδ’
3567 3968 3670 4020 ἔτε-

2116 4085 2210 4121 κον
2233 4109 2248 4133 ,
2300 4066 2407 4120 οὐδ’
2437 4065 2698 4138 ἐξέθρεψα
2720 4064 3053 4127 νεανίσκους,
3087 4063 3208 4117 οὐδὲ
3248 4061 3439 4131 ὕψωσα
3483 4058 3667 4130 παρθέ-

2115 4174 2257 4221 νους.
2309 4156 2476 4210 Ὅταν
2507 4155 2564 4208 δὲ
2599 4156 2862 4209 ἀκουστὸν
2896 4155 3119 4224 γένηται
3139 4152 3401 4224 Αἰγύπτῳ
3422 4191 3437 4215 ,
3464 4151 3669 4223 λήψεται

2115 4250 2313 4312 αὐτοὺς
2344 4248 2505 4318 ὀδύνη
2537 4248 2667 4318 περὶ
2696 4246 2893 4316 Τύρου.
2936 4265 2955 4298 ι

2186 4341 2404 4394 Τούτων
2424 4338 2597 4402 οὕτως
2627 4338 2919 4409 ἐσομένων,
2952 4335 3224 4407 ἁγαπητὲ,
3260 4335 3357 4389 καὶ
3386 4334 3490 4387 τῶν
3516 4328 3670 4403 τριῶν

2118 4435 2365 4505 κεράτων
2398 4432 2489 4485 ὑπ’
2518 4430 2683 4486 αὐτοῦ
2713 4430 3076 4493 ὲκκοπέντων,
3104 4427 3241 4499 μετὰ
3267 4428 3441 4481 ταῦτα
3464 4423 3667 4497 ἄρξεται

2119 4525 2195 4589 ὡς
2222 4524 2353 4577 Θεὸν
2384 4523 2575 4577 ἑαυτὸν
2600 4522 2984 4588 ἐπιδεικνύναι,
3007 4522 3084 4586 ὡς
3109 4523 3373 4592 προεῖπεν
3409 4514 3666 4585 Ἰεζεκιήλ·

2124 4635 2143 4667 ι
2191 4615 2332 4670 Ἀνθ’
2352 4608 2428 4669 ὧν
2460 4614 2646 4685 ὑψώθη
2672 4618 2705 4687 ἡ
2734 4615 2928 4686 καρδία
2949 4633 3063 4679 σου,
3096 4614 3188 4667 καὶ
3208 4608 3389 4677 εἶπας,
3423 4609 3668 4675 θεόςείμι

2118 4708 2253 4779 ἐγώ.
2293 4707 2446 4761 »Καὶ
2503 4707 2727 4772 Ἡσαΐας
2768 4708 2999 4780 ὁμοίως·
3048 4725 3068 4758 ι
3103 4707 3174 4760 Σὺ
3204 4705 3263 4759 δὲ
3312 4701 3466 4769 εἶπας
3506 4705 3555 4755 ἐν
3601 4702 3667 4770 τῇ

1019 4827 1064 4858 ⁵⁸
1102 4825 1237 4882 Gen.
1271 4843 1400 4892 nux,
1435 4827 1525 4894 57,
1555 4828 1645 4883 58.
1722 4829 1765 4859 ⁸⁷
1792 4827 1898 4883 Isa.
1924 4843 2001 4896 ιι,

2195 4826 2240 4857 ⁸⁸
2275 4824 2381 4879 Isa.
2413 4840 2574 4887 xxnt,
2608 4825 2662 4889 4,
2695 4825 2748 4879 5.
2823 4824 2867 4856 ⁸⁸
2898 4823 3094 4879 Ezeeh.
3126 4838 3323 4888 xxvm,
3347 4820 3399 4876 6.

2115 4942 2522 5014 apoealyptieus
2544 4940 2661 5014 666Δ
2673 4940 2796 4995 inde
2811 4954 3101 5014 exsurgere
3114 4948 3302 5014 potest
3320 4957 3340 5014 Ξ
3353 4946 3434 5014 ut
3453 4933 3668 5014 proinde

2113 5005 2195 5068 sic
2209 5005 2561 5082 exprimenda
2588 5010 2839 5072 fuissent,
2871 5005 3148 5082 TEI‘TAN',
3179 5005 3515 5082 EYANBAE.
3548 5005 3669 5056 AA-

2110 5078 2391 5136 ΤΕΙΝῡΣε
2447 5096 2556 5151 quo
2600 5082 2818 5151 quidem
2875 5081 3038 5135 modo
3081 5080 3173 5134 illa
3227 5078 3667 5148 expreSsitvetus

2106 5152 2293 5209 lrenaei
2324 5153 2617 5222 interpres.

2178 5224 2275 5295 (8‘)
2306 5214 2555 5295 Finio-us.
2596 5222 2649 5275 In
2678 5218 2867 5295 Graeco
2884 5220 3156 5295 κεράτων·
3182 5220 3329 5275 unde
3361 5219 3551 5273 videtur
3576 5214 3666 5270 im

2110 5290 2318 5363 terpres
2349 5293 2546 5362 legisse
2576 5292 2847 5363 περάτων.
2881 5290 3039 5363 Eni'r.
3079 5290 3321 5345 PATBOL.

2179 5357 2255 5434 (9)
2286 5357 2691 5433 Προὲερθημείι.
2724 5363 2800 5415 Ita
2834 5361 3118 5431 legendum
3139 5401 3155 5423 ,
3202 5375 3301 5429 pro
3335 5357 3667 5430 προέφημεν.

2104 5433 2324 5490 FABRIC.

2206 5506 2291 5575 10)
2325 5504 2589 5569 Ποιήσει.
2619 5500 2890 5575 Qnmbeﬁ,
2914 5500 3158 5575 εποίησε.

2206 5513 2291 5575 Ιυ)
2325 5513 2589 5569 Ποιησει.
2619 5513 2890 5563 ωηιιυθιη
2914 5513 3158 5574 εποίησε.

2176 5513 2294 5645 ill)
2334 5577 2599 5642 Ἵσχυσε.
2636 5571 2673 5645 ξ’
2678 5583 2794 5627 orte
2823 5573 3051 5645 ἰσχύσει.
3082 5573 3218 5627 Gun.
3420 5639 3431 5645 _
3621 5634 3633 5644 ν

2176 5639 2288 5715 (19.)
2331 5639 2619 5715 mam;
2648 5639 2953 5715 Legendum
2988 5644 3307 5713 ὑπαντήσει,
3331 5639 3461 5695 unde
3475 5639 3667 5704 sequi-

2106 5711 2214 5782 tur,
2245 5711 2336 5768 καὶ
2370 5715 2540 5785 ἄρξει,
2578 5713 2708 5766 Tan.
2747 5711 2874 5766 ΕΑΒ.
