3836 6558
395 319 502 374 775

1071 318 1146 374 S."
1172 317 1528 374 IIZPPOLYTI
1570 317 1720 373 OPP.
1763 316 1950 373 PARS
1988 316 2055 374 11.
2095 351 2162 360 -
2199 315 2502 373 DOGMAT.
2546 314 2636 370 ET
2677 287 3027 371 HISTORIC.

3557 311 3655 367 77G

393 445 672 509 parentem
707 449 827 490 eam
877 435 1291 500 existimantes,
1347 434 1416 490 ad
1461 437 1606 490 illam
1660 444 1972 492 accurrunt.

2084 436 2169 491 τὸν
2224 435 2354 490 ἴδιον
2387 435 2602 507 πατέρα
2660 435 2839 488 αὐτῶν
2897 434 3191 504 ὑπάρχειν,
3237 426 3656 503 προστρέχουσιν

391 529 778 598 Gloriaturque
818 526 912 582 illa
963 542 1026 583 ac
1079 527 1181 580 sibi
1223 529 1400 597 placet
1445 529 1496 582 in
1541 529 1734 582 alienis
1779 527 1974 598 pullis,

391 619 551 690 quasi
591 620 646 672 in
690 617 826 673 suis.
862 616 1101 673 Reverso
1139 627 1319 672 autem
1355 634 1484 673 vero
1513 628 1737 689 parente
1769 632 1978 686 suaque

395 711 569 782 ipsius
599 725 732 765 voce
765 710 1124 774 inclamante,
1171 725 1234 764 ea
1276 710 1407 786 pulli
1436 711 1648 780 agnita,
1685 711 1979 779 relictoque

396 786 802 865 seductorefad
832 819 1019 857 verum
1047 817 1105 857 se
1128 812 1404 872 parentem
1437 802 1742 856 conferunt.
1775 801 1977 856 Eodem

393 895 646 960 similiter
672 904 830 965 tropo
860 911 996 951 usus
1023 904 1107 952 est
1135 895 1418 964 propheta,
1445 895 1707 949 translata
1733 894 1787 948 in
1817 894 1980 948 Anti-

392 987 659 1043 christum
693 987 900 1042 fabula.
944 986 996 1042 Is
1027 1003 1265 1057 namque
1291 990 1358 1042 ad
1414 987 1616 1057 seipse
1673 988 1976 1042 humanum

392 1081 818 1152 vocabitgenus,
840 1096 934 1138 eos
965 1081 1069 1136 sibi
1094 1081 1344 1136 addicere
1371 1082 1631 1138 studens:
1660 1098 1851 1151 nempe
1882 1082 1980 1136 abs

393 1187 452 1226 se
485 1187 676 1227 omnes
709 1173 997 1227 liberatum
1030 1174 1095 1228 iri
1133 1175 1408 1245 pollicitus
1430 1215 1445 1241 ,
1476 1176 1569 1246 qui
1605 1175 1706 1230 sibi
1743 1173 1846 1244 ipsi
1891 1189 1980 1229 sa-

390 1264 558 1320 lutem
593 1277 850 1336 prastarc
875 1282 984 1322 non
1013 1277 1210 1338 potest.

462 1356 596 1412 LVI.
637 1357 686 1414 ls
721 1358 886 1428 igitur
913 1359 1258 1430 congregatis
1287 1359 1354 1414 ad
1386 1373 1464 1424 se,
1489 1358 1581 1430 qui
1611 1359 1812 1429 ubique
1850 1373 1982 1429 geu-

391 1451 529 1504 tium
563 1450 630 1506 de
655 1451 854 1522 populo
887 1452 1152 1507 exsistent
1197 1451 1487 1517 increduli,
1534 1451 1752 1505 illorum
1785 1460 1979 1522 rogatu

392 1558 458 1598 ac
491 1543 748 1598 suasione
785 1543 986 1608 veniet,
1019 1554 1077 1596 ut
1118 1552 1360 1610 sanctos,
1402 1557 1592 1597 eorum
1635 1541 1885 1596 inimicos
1915 1556 1981 1595 ac

391 1634 737 1691 adversarios
764 1634 1082 1701 ulciscatur,
1109 1632 1570 1704 quemadmodum
1599 1632 1674 1686 ait
1698 1633 1979 1703 apostolus

394 1738 449 1784 et
473 1729 845 1800 evangelista:
889 1747 908 1779 ι
953 1727 1126 1783 Judex
1164 1737 1283 1784 erat
1312 1728 1365 1782 in
1403 1726 1639 1793 civitate,
1671 1725 1763 1796 qui
1805 1723 1976 1778 Deum

2079 529 2246 600 αὐτῷ.
2288 530 2345 583 Ὀ
2371 529 2428 582 δὲ
2459 530 2664 601 γαυριᾷ
2694 530 2751 580 ἐν
2786 530 2898 592 τοῖς
2925 523 3229 597 ἀλλοτρίοις
3250 523 3482 586 τέκνοις,
3517 521 3589 584 ὼς
3603 522 3655 573 ἐν

2082 621 2268 685 ἰδίοις·
2325 620 2713 684 ἐπανελθόντος
2766 619 2821 673 δὲ
2856 617 2948 671 τοῦ
2989 614 3246 688 ἀληθινοῦ
3293 613 3535 687 πατρὸς,
3568 613 3654 665 καὶ

2081 713 2373 786 βοήσαντος
2401 715 2465 784 τῇ
2503 712 2606 785 ἰδίᾳ
2635 714 2807 784 φωνῇ,
2827 710 3140 780 ἐπιγνόντες
3161 709 3212 761 οἱ
3236 706 3473 766 νεοσσοὶ.
3496 721 3654 758 κατα-

2078 806 2359 876 λείψαντες
2403 805 2495 858 τὸν
2539 805 2738 859 πλάνον
2774 803 3096 875 πορεύονται
3133 801 3226 854 ἐπὶ
3279 799 3372 852 τὸν
3413 797 3655 869 ἀληθινὸν

2080 897 2312 970 πατέρα.
2345 895 2434 967 Τῷ
2466 895 2614 967 αὐτῷ
2644 897 2844 967 ὁμοίως
2894 894 3266 966 μετεχρήσατο
3304 892 3334 944 ὁ
3379 891 3654 962 προφήτης

2079 991 2266 1064 τρόπῳ
2289 991 2417 1064 περὶ
2446 989 2540 1043 τοῦ
2558 989 2925 1060 Ἀντιχρίστου
2943 1004 2956 1017 ’
2982 987 3057 1051 ὡς
3073 984 3506 1059 προσκαλέσεται
3532 984 3656 1054 πρὸς

2080 1083 2272 1137 ἐαυτὸν
2300 1083 2398 1154 τὴν
2427 1080 2841 1155 ἀνθρωπότητα,
2867 1079 3123 1150 ἀλλότρια
3145 1075 3519 1130 ἰδιοποιεῖσθαι
3539 1075 3651 1145 βου-

2080 1175 2341 1248 λόμενος,
2380 1175 2647 1246 λύτρωσιν
2708 1174 2875 1227 πᾶσιν
2917 1170 3389 1242 ἐπαγγελλόμενος
3418 1208 3433 1232 ,
3475 1168 3652 1221 ἑαυτὸν

2082 1267 2254 1322 σῶσαι
2293 1268 2366 1340 μὴ
2399 1267 2714 1338 δυνάμενος.

2082 1384 2095 1400 ~
2151 1356 2318 1424 Οὗτος
2360 1356 2452 1414 οὖν
2505 1360 2833 1426 ἐπισυνάξας
2887 1356 3025 1430 πρὸς
3067 1355 3255 1411 ἐαυτὸν
3298 1355 3392 1408 τὸν
3433 1352 3652 1406 πάντοτε

2079 1453 2282 1524 ἀπειθῆ
2321 1453 2447 1508 λαὸν
2479 1452 2879 1524 γεγενημένον,
2922 1450 3140 1522 ἔρχεται
3179 1445 3655 1518 παρακαλούμενος

2082 1547 2173 1600 ὑπ’
2209 1545 2390 1600 αὐτῶν
2419 1544 2633 1598 διώκειν
2667 1544 2794 1607 τοὺς
2827 1541 3035 1611 ἁγίους,
3083 1539 3310 1611 ἐχθροὺς
3343 1538 3439 1590 καὶ
3467 1534 3656 1589 ἀντιδί·

2081 1657 2210 1704 κους
2243 1638 2422 1694 αὐτῶν
2463 1637 2839 1709 ὑπάρχοντας,
2875 1633 3058 1697 καθώς
3098 1649 3260 1704 φησιν
3290 1633 3319 1684 ὁ
3369 1628 3656 1689 ἀπόστολος

2082 1733 2178 1788 καὶ
2205 1731 2597 1802 εὐαγγελιστής
2616 1747 2629 1759 ·
2666 1748 2683 1780 ι
2705 1726 2912 1800 Κριτής
2937 1723 3004 1798 ἦν
3035 1729 3091 1778 ἐν
3126 1723 3278 1777 πόλει
3305 1723 3398 1775 τὸν
3433 1721 3568 1773 Θεὸν
3591 1720 3654 1789 μὴ

393 1837 503 1875 non
538 1820 783 1886 timebat,
809 1835 909 1876 nec
943 1819 1222 1875 hominem
1264 1820 1632 1875 reverebatur.
1673 1817 1850 1873 Vidua
1881 1833 1977 1872 au-

2085 1795 2441 1897 φοϐούμενος,
2476 1795 2573 1876 καί
2614 1795 2900 1894 ἄνθρωπον
3058 1815 3474 1888 ἐντρεπόμενος.
3511 1814 3654 1882 Χήρα

394 1921 503 1968 tem
538 1913 785 1984 quaedam
820 1921 939 1968 erat
972 1913 1027 1967 in
1070 1911 1161 1966 illa
1196 1912 1412 1968 civitate
1449 1927 1572 1982 qua:
1604 1908 1984 1980 interpellabat

394 2020 546 2068 eum,
588 2005 814 2060 dicens:
861 2003 1090 2060 V’indica
1127 2020 1215 2060 me
1258 2005 1324 2059 de
1367 2003 1681 2059 adversario
1726 2017 1867 2057 meo.
1911 2000 1982 2055 At

398 2099 488 2154 ille
519 2099 736 2154 nolebat
767 2115 862 2169 per
907 2098 1136 2154 multum
1185 2107 1422 2168 tempus.
1464 2097 1595 2154 Post
1638 2099 1755 2152 haec
1797 2105 1982 2152 autem

394 2192 532 2248 dixit
563 2193 704 2247 intra
738 2208 796 2248 se
824 2210 837 2246 :
867 2191 978 2248 Etsi
1011 2191 1179 2246 Deum
1213 2207 1322 2247 non
1359 2193 1544 2259 timeo,
1574 2207 1675 2248 nec
1701 2191 1982 2246 hominem

395 2299 668 2348 revereor,
710 2293 888 2338 tamen
918 2283 1044 2352 quia
1080 2284 1307 2339 molesta
1341 2292 1425 2340 est
1470 2283 1606 2338 mihi
1649 2282 1762 2337 haec
1796 2282 1980 2350 vidua,

394 2373 685 2428 vindicabo
712 2375 858 2428 illam
881 2375 947 2428 ⁷⁸.
982 2393 1001 2427 ι

467 2464 625 2520 LVII.
665 2465 912 2522 Judicem
947 2466 1275 2536 iniquitatis,
1311 2465 1406 2537 qui
1433 2481 1534 2522 nec
1568 2464 1734 2520 Deum
1769 2465 1979 2533 timeat,

396 2575 575 2628 neque
618 2559 899 2615 hominem
935 2569 1265 2625 revereatur,
1301 2560 1436 2615 citra
1482 2559 1646 2612 ullam
1681 2558 1980 2614 dubitatio-

397 2667 521 2706 nem
555 2651 952 2708 Antichristum
982 2662 1161 2716 vocat,
1195 2661 1256 2707 ut
1286 2652 1380 2721 qui
1411 2651 1556 2706 ﬁlius
1583 2651 1784 2706 diaboli
1819 2653 1888 2707 sit
1928 2661 1983 2708 et

397 2759 494 2798 vas
536 2743 770 2799 Satanaz.
798 2743 1046 2816 Regnum
1077 2744 1222 2800 enim
1253 2742 1501 2813 adeptus,
1525 2741 1785 2798 adversus
1810 2742 1980 2797 Deum

397 2834 575 2887 elierri
609 2833 852 2903 incipiet,
889 2835 983 2904 qui
1015 2848 1117 2888 nec
1161 2848 1288 2887 vere
1333 2831 1503 2887 Deum
1549 2833 1757 2897 timeat,
1805 2846 1983 2903 neque

397 2924 595 2979 Filium
641 2923 733 2980 Dei
771 2927 1016 2980 omnium
1063 2939 1189 2979 vere
1231 2925 1472 2994 judicem
1510 2934 1842 2980 revereatur.
1891 2925 1983 2979 Di-

398 3017 570 3071 cendo
596 3027 777 3072 autem
809 3032 930 3073 esse
957 3017 1177 3072 viduam
1222 3020 1279 3071 in
1325 3017 1567 3083 civitate,
1605 3018 1779 3088 ipsam
1823 3017 1983 3073 Jeru-

2081 1921 2139 1975 δέ
2179 1938 2264 1984 τις
2293 1915 2362 1992 ἦν
2415 1921 2471 1972 ἐν
2512 1919 2578 1989 τῇ
2613 1916 2764 1970 πόλει
2811 1915 3013 1985 ἐκείνῃ,
3055 1912 3088 1984 ἢ
3133 1909 3432 1982 παρεκάλει
3485 1907 3652 1967 αὒτῦν,

2082 2013 2331 2083 λέγουσα’
2380 2010 2698 2083 Ἐκδίκησόν
2733 2027 2800 2081 με
2837 2007 2945 2062 ἀπὸ
2978 2005 3068 2060 τοῦ
3114 2002 3386 2058 ἀντιδίκου
3436 2017 3559 2071 μου.
3603 1997 3651 2049 ὐ

2081 2105 2140 2160 δὲ
2165 2107 2266 2161 οὐκ
2304 2105 2493 2179 ἤθελεν
2521 2105 2615 2160 ἐπὶ
2659 2103 2882 2176 χρόνον⁸
2922 2101 3146 2171 ὕστερον
3193 2095 3378 2168 μέντοι
3413 2088 3566 2145 εἶπεν
3604 2092 3651 2142 ἐν

2083 2200 2264 2274 ἐαυτῷ
2309 2199 2518 2270 λέγων·
2556 2199 2737 2252 Είκαὶ
2782 2195 2873 2249 τὸν
2903 2194 3034 2248 Θεὸν
3068 2191 3128 2246 οὐ
3185 2188 3502 2260 φοϐοῦμαι,
3548 2183 3649 2237 058%

2081 2294 2368 2366 ἄνθρωπον
2392 2291 2747 2365 ἐντρέπομαι,
2772 2288 2908 2343 ἀλλά
2929 2303 2992 2356 γε
3020 2284 3107 2338 διὰ
3133 2281 3194 2337 τὸ
3219 2278 3572 2356 παρενοχλεῖν
3595 2291 3648 2347 με

2081 2386 2180 2459 τὴν
2215 2387 2391 2458 χήραν
2415 2384 2638 2455 ταύτην,
2670 2380 2945 2452 ἐκδικήσω
2966 2379 3154 2449 αὐτὴν.
3184 2395 3202 2426 ι

2155 2481 2364 2552 Κριτὴν
2388 2479 2486 2551 μὲν
2516 2474 2608 2533 οῦν
2637 2475 2872 2538 ἀδικίας,
2899 2473 2990 2526 τὸν
3019 2473 3154 2543 μήτε
3179 2467 3271 2521 τὸν
3304 2465 3438 2519 Θεὸν
3476 2459 3648 2533 φοϐοί-

2085 2592 2266 2647 μενον,
2293 2573 2428 2644 μήτε
2455 2569 2741 2642 ἄνθρωπον
2767 2564 3180 2638 ἐντρεπόμενον,
3205 2557 3542 2618 ἀδιστάκτως
3569 2555 3645 2605 τὶν

2097 2667 2460 2738 Ἀντίχριστον
2493 2663 2664 2731 λέγει,
2701 2661 2776 2724 ὼς
2821 2659 2934 2712 υἱὸν
2973 2656 3102 2709 ὄντα
3133 2653 3226 2707 τοῦ
3261 2649 3537 2708 διαϐόλου,
3566 2645 3645 2738 καί

2085 2761 2278 2825 σκεῦος
2320 2758 2414 2812 τοῦ
2461 2757 2705 2811 Σατανᾶ·
2755 2750 2982 2824 ἄρξεται
3017 2749 3124 2818 γὰρ
3156 2743 3480 2818 βασιλεύσας
3523 2737 3644 2793 κατὰ

2082 2855 2177 2908 τοῦ
2205 2851 2338 2908 Θεοῦ
2373 2849 2714 2921 ἐπαίρεσθαι,
2753 2848 2889 2918 μήτε
2926 2841 3140 2916 ἀληθῶς
3171 2839 3260 2893 τὸν
3295 2837 3428 2890 Θεὸν
3469 2831 3644 2903 (9069-3-

2087 2961 2268 3017 μενος,
2295 2944 2432 3015 μήτε
2463 2941 2552 2994 τὸν
2581 2939 2710 2993 Υἰδν
2745 2937 2840 2991 τοῦ
2881 2935 3015 2990 Θεοῦ
3051 2932 3246 3004 κριτὴν
3274 2929 3490 2982 πάντων
3532 2925 3642 2977 ὄντα

2084 3036 2498 3108 ἐντρεπόμενος.
2558 3034 2748 3104 Χήραν
2789 3030 2847 3084 δέ
2889 3027 3062 3096 λέγων
3100 3022 3240 3078 εἶναι
3272 3024 3331 3075 ἐν
3374 3023 3441 3090 τῇ
3489 3017 3638 3108 πόλει,

397 3109 566 3162 salem
599 3108 868 3178 designat,
898 3125 1020 3178 qua:
1055 3109 1216 3178 plane
1246 3107 1409 3163 vidua
1438 3119 1543 3176 est,
1579 3125 1609 3164 a
1647 3109 1889 3180 perfecto
1917 3126 1977 3165 ac

2085 3105 2254 3198 αὐτὴν
2299 3105 2397 3197 τὴν
2441 3121 2796 3193 Ἰερουσαλὴμ
2839 3117 3130 3190 σημαίνει,
3179 3115 3302 3185 ἥτις
3336 3109 3501 3172 ὅντως
3541 3105 3639 3159 ἐστὶ

397 3200 602 3255 εαξιοειί
627 3215 831 3269 sponso
848 3199 961 3255 Deo
983 3201 1264 3258 derelicta.
1284 3201 1409 3257 Haec
1433 3203 1582 3257 illum
1607 3203 1980 3259 adversarium

397 3309 557 3348 suum
581 3303 637 3350 et
660 3309 768 3350 non
799 3294 1147 3352 Servatorem
1171 3308 1351 3364 vocat,
1375 3313 1484 3352 non
1507 3297 1815 3368 intelligens
1836 3297 1982 3368 quod

396 3385 606 3440 dictum
633 3397 717 3442 est
741 3403 772 3442 a
802 3385 1036 3444 Jeremia
1063 3391 1358 3461 propheta:
1392 3372 1422 3443 ι’
1451 3389 1558 3446 Pro
1587 3407 1652 3446 eo
1688 3391 1833 3462 quod
1871 3407 1982 3446 non

397 3477 748 3534 crediderunt
779 3481 1026 3549 veritati,
1056 3491 1186 3538 tunc
1231 3483 1486 3553 loquetur
1524 3485 1725 3554 populo
1761 3483 1890 3538 huic
1929 3491 1986 3538 et

395 3569 698 3625 Jerusalem
730 3573 956 3642 spiritus
981 3575 1187 3630 erroris
1209 3577 1277 3631 ⁷⁵.
1312 3596 1330 3628 ι
1375 3575 1479 3632 Sed
1509 3586 1563 3632 et
1590 3577 1756 3631 Isaias
1787 3576 1984 3630 simili-

398 3673 481 3717 ter
509 3681 521 3716 :
555 3682 574 3714 ι
603 3662 681 3718 Eo
703 3665 849 3734 quod
881 3665 1111 3721 noluerit
1140 3668 1373 3737 pepulus
1414 3670 1516 3724 iste
1551 3667 1736 3722 bibere
1781 3683 1980 3738 aquam

402 3755 550 3810 Siloe
575 3771 698 3826 qua:
727 3756 878 3810 vadit
903 3773 1030 3813 cum
1058 3759 1298 3822 silentio,
1324 3761 1417 3816 sed
1447 3760 1562 3814 vult
1588 3760 1788 3814 habere
1812 3759 1983 3815 Rasin

397 3855 452 3898 et
483 3844 653 3898 ﬁlium
691 3846 945 3901 Romelia:
973 3862 1150 3918 regem
1181 3864 1348 3918 super
1377 3865 1506 3914 vos;
1541 3857 1826 3918 propterea
1854 3864 1984 3906 ecce

403 3934 669 3992 Dominus
700 3937 933 3993 adducet
957 3954 1120 4010 super
1147 3955 1246 3995 vos
1275 3956 1472 4010 aquam
1499 3940 1759 4010 ﬂuminis,
1788 3940 1981 3996 fortem

397 4037 451 4083 et
488 4031 738 4095 multam,
775 4046 956 4100 regem
995 4032 1345 4103 Assyriorum
1369 4033 1439 4087 ⁷⁸.
1475 4051 1494 4083 ι
1541 4031 1702 4104 Regis
1737 4033 1984 4104 symbolo

397 4122 798 4176 Antichristum
830 4123 1123 4192 signiﬁcat,
1154 4123 1618 4193 quemadmodum
1646 4124 1808 4177 etiam
1840 4123 1983 4178 alius

398 4213 660 4282 propheta
693 4213 864 4267 dicit:
905 4231 924 4266 ‹
970 4212 1038 4268 Et
1077 4214 1182 4269 erit
1222 4215 1338 4270 haec
1386 4231 1417 4269 a
1469 4230 1554 4269 me
1592 4230 1720 4284 pax,
1760 4215 1982 4284 quando

397 4304 660 4376 Assyrius
685 4306 1061 4375 supervenerit
1085 4306 1137 4360 in
1168 4317 1368 4362 terram
1400 4317 1657 4369 vestram.
1685 4317 1739 4362 et
1761 4307 1983 4378 quando

397 4397 708 4454 ascenderit
737 4413 902 4468 super
929 4407 1141 4454 montes
1167 4407 1378 4455 vestros
1400 4399 1468 4451 ⁷⁷.
1501 4418 1520 4451 ι

469 4805 648 4862 LVIII.
689 4805 830 4873 Quin
877 4815 934 4860 et
973 4803 1187 4876 Moyses
1217 4805 1490 4871 similiter,
1530 4821 1654 4860 cum
1693 4808 1972 4875 prmsciret

398 4901 512 4955 fore
543 4910 603 4954 ut
628 4901 858 4970 populus
889 4914 1075 4953 verum
1104 4899 1290 4952 mundi
1319 4896 1655 4954 Salvatnrem
1687 4900 1971 4969 repelleret

471 5106 516 5140 "
545 5105 677 5161 Luc.
706 5119 862 5170 xvm,
886 5104 1001 5158 2-5.
1077 5103 1125 5136 ⁷⁸
1153 5101 1263 5158 Jer.
1292 5119 1366 5168 tv,
1393 5103 1480 5159 il.

496 5246 580 5316 I5)
619 5244 862 5316 Σιλωάμ.
885 5242 1158 5316 Combef.,
1185 5244 1428 5316 Etlwdtp.
1454 5241 1548 5316 Sic
1567 5243 1708 5316 apud
1745 5240 1909 5316 LXX.

495 5311 580 5386 I6)
617 5317 726 5369 Kal
759 5311 931 5369 ἔσται
966 5314 1140 5386 αὕτη-
1153 5316 1192 5382 ἡ
1225 5311 1375 5386 παρῇ
1404 5312 1552 5382 ἐμοῦ
1580 5312 1814 5386 εἰρήνη.
1854 5333 1872 5386 ι
1904 5311 1969 5366 Et

394 5383 500 5442 erit
539 5383 653 5442 hac
695 5403 727 5442 a
769 5402 858 5440 me
888 5401 1011 5454 pax.
1046 5404 1065 5436 ι
1101 5383 1289 5439 Graeca
1334 5383 1528 5454 Vulg.:
1561 5385 1708 5453 Αὐτῇ
1751 5384 1965 5455 εἰρήνη,

396 5459 478 5511 vel
514 5468 572 5511 ut
611 5473 713 5511 ms.
761 5458 938 5518 Alex.,
972 5455 1108 5525 αὐτῇ
1143 5456 1176 5524 ἡ
1208 5459 1320 5526 εἱρο
1353 5472 1371 5505 ι
1402 5457 1506 5508 erit
1545 5455 1618 5507 illi
1643 5470 1776 5526 pav.
1805 5473 1823 5505 ι
1861 5455 1964 5507 Sed

399 5527 661 5582 IIebraica
692 5527 999 5582 masculino
1025 5541 1218 5597 genere
1247 5534 1301 5580 et
1340 5533 1548 5597 rectum
1589 5525 1653 5578 ad
1687 5525 1964 5579 Christum

399 5599 658 5658 referunt,
687 5598 754 5653 de
783 5613 892 5667 quo
919 5596 1229 5666 superiores
1251 5596 1526 5660 versiculi,
1548 5597 1764 5667 quibus
1781 5604 1965 5648 nostra

398 5667 571 5737 magis
611 5665 895 5723 accedunt.
930 5665 1132 5732 Nempe
1169 5669 1284 5736 ipse
1333 5681 1434 5734 pax
1481 5675 1664 5737 nostra
1703 5665 1966 5737 adversus

397 5735 592 5802 Assur,
625 5747 680 5791 et
726 5753 835 5806 quo
880 5738 1026 5790 illitis
1072 5735 1367 5806 potentiam
1421 5735 1801 5805 infringamus,
1849 5735 1966 5787 sive

397 5818 484 5866 est
521 5809 909 5874 Autichristus,
956 5811 1068 5864 sive
1117 5808 1295 5876 quivis
1332 5806 1471 5861 alius
1514 5817 1775 5874 tyrannus
1806 5824 1818 5859 :
1856 5821 1965 5872 quo

1555 5104 1604 5135 "
1635 5105 1740 5159 Isa.
1771 5118 1890 5168 vm,
1923 5102 1977 5166 6,
2004 5103 2057 5157 7.

2084 3223 2250 3293 χήρα,
2284 3216 2707 3285 καταλειφθείσα
2728 3214 2832 3267 ὑπὸ
2858 3212 2951 3264 τοῦ
2987 3209 3195 3263 τελείου
3224 3207 3320 3260 καὶ
3345 3202 3639 3275 ἐπουρανίου

2083 3311 2218 3366 Θεοῦ
2262 3310 2528 3380 νυμφίου·
2573 3307 2695 3378 ἥτις
2747 3305 2937 3358 τοῦτον
2985 3301 3252 3355 ἀντίδικον
3290 3297 3515 3366 ἑαυτῆς,
3559 3288 3638 3343 καὶ

2081 3405 2144 3459 οὐ
2173 3404 2403 3476 Σωτῆρα
2436 3398 2806 3461 ἀποκαλοῦσα,
2833 3399 2907 3470 μὴ
2941 3393 3238 3465 ἐπιγνοῦσα
3279 3391 3341 3443 τὸ
3377 3386 3638 3460 εἰρημένον

2084 3497 2188 3552 ὑπὸ
2222 3496 2486 3569 Ἰερεμίου
2513 3494 2606 3548 τοῦ
2642 3494 2955 3566 προφήτου⁶
2989 3507 3007 3540 ι
3045 3485 3183 3539 Ἀνθ’
3214 3479 3288 3538 ὧν
3329 3480 3636 3551 ἡπείσθησαν

2082 3593 2148 3663 τῇ
2193 3589 2453 3662 ἀληθείᾳ,
2499 3588 2621 3642 τότε
2663 3586 2887 3655 λαλήσει
2943 3579 3022 3654 τῷ
3077 3578 3192 3649 λαῷ
3237 3574 3413 3645 τούτῳ
3455 3572 3540 3624 καὶ
3577 3571 3632 3639 τῇ

2093 3681 2447 3753 Ἰερουσαλὴμ
2489 3679 2707 3750 πνεῦμα
2753 3677 3087 3748 πλανήσεως.
3117 3692 3135 3724 ›
3184 3673 3293 3725 Kal.
3339 3667 3549 3728 Ἡσαΐας
3583 3663 3633 3716 δὲ

2081 3772 2312 3844 ὁμοίωςο
2348 3791 2368 3823 ‹
2397 3770 2496 3824 Διὰ
2523 3767 2582 3823 τὸ
2624 3769 2698 3841 μὴ
2750 3765 3079 3838 βουληθῆναι
3115 3763 3207 3817 τὸν
3240 3761 3370 3816 λαὸν
3414 3760 3469 3814 τὸ
3511 3756 3632 3824 ὕδωρ

2081 3864 2175 3920 τοῦ
2208 3863 2412 3933 Σιλοὰμ
2451 3863 2582 3934 (15),
2615 3862 2676 3915 τὸ
2707 3860 3070 3930 πορευόμενον
3106 3855 3288 3928 ἠσυχῆ
3334 3856 3490 3912 πιεῖν,
3518 3846 3631 3901 ἀλλὰ

2084 3957 2394 4030 (βούλεσθαι
2431 3955 2576 4027 ἔχειν
2607 3954 2699 4007 τὸν
2738 3953 2922 4006 Ῥασὶν
2959 3951 3054 4004 καὶ
3097 3949 3188 4003 τὸν
3227 3948 3344 4000 υἱον
3385 3941 3628 4015 Ῥομελίον

2084 4050 2307 4121 βασιλέα
2352 4050 2435 4119 ἐφ’
2487 4048 2673 4118 ὑμῶν·
2729 4046 2819 4100 διὰ
2867 4045 3025 4099 τοῦτο
3075 4043 3182 4097 ίδοὺ
3218 4041 3425 4113 Κύριος
3466 4037 3628 4100 ἀνάγει

2082 4144 2168 4214 ἐφ’
2201 4145 2345 4214 ὑμᾶς
2377 4142 2438 4194 τὸ
2481 4141 2626 4211 ὓδωρ
2655 4137 2749 4193 τοῦ
2793 4137 3073 4208 ποταμοῦ,
3115 4136 3177 4188 τὸ
3225 4134 3444 4204 ἰσχυρὸν
3472 4128 3552 4182 καὶ
3575 4124 3629 4179 τὸ

2082 4240 2242 4303 πολὺ,
2289 4237 2412 4309 τὸν)
2450 4235 2670 4308 βασιλέα
2713 4232 2821 4287 τῶν
2880 4230 3199 4304 Ἀσσυρίων.
3245 4248 3263 4280 ι
3315 4226 3533 4283 Βασιλέα
3578 4225 3625 4274 ἐν

2083 4331 2337 4403 συμὸόλῳ
2382 4330 2473 4383 τὸν
2514 4328 2880 4399 Ἀντίχριστον
2924 4324 3099 4394 λέγει,
3129 4321 3311 4386 καθὼς
3347 4321 3436 4374 καὶ
3469 4318 3626 4386 ἕτερος

2082 4427 2370 4500 προφήτης
2404 4423 2568 4495 φησί·
2605 4441 2624 4474 ‹
2651 4421 2758 4474 Καὶ
2783 4420 2938 4474 ἔσται
2972 4418 3112 4490 αῦτη
3159 4417 3193 4487 ἡ
3242 4415 3374 4486 παρ’
3405 4410 3527 4484 ἐμοῦ
3563 4409 3624 4460 εἰ-

2010 4495 2056 4551 D
2089 4495 2224 4592 ρήνη
2246 4495 2377 4588 (16),
2395 4518 2520 4570 ὅταν
2545 4516 2572 4568 ὁ
2588 4513 2866 4586 Ἀσσύριος
2888 4511 3087 4583 ἐπέλθῃ
3111 4510 3204 4563 ἐπὶ
3231 4509 3332 4581 τὴν
3348 4507 3448 4580 γῆν
3468 4505 3620 4578 ὑμῶν.

2086 4615 2180 4667 καὶ
2207 4613 2370 4682 ἐπιϐῇ
2400 4610 2491 4663 ἐπὶ
2520 4609 2589 4663 τὰ
2621 4609 2724 4679 ὄρη
2759 4607 2962 4678 ὑμῶν.»

2147 4800 2256 4852 Καὶ
2278 4794 2518 4864 Μωῦσῆς
2540 4792 2596 4845 δὲ
2623 4787 2848 4860 ὁμοίως,
2870 4777 3266 4856 προγινώσκων
3293 4780 3376 4832 ὅτι
3405 4773 3620 4866 μελλήσει

2078 4893 2108 4946 ὁ
2139 4891 2266 4954 λαὸς
2309 4884 2644 4943 ἀπωθεῖσθαι
2675 4880 2770 4934 καὶ
2807 4871 3204 4932 ἀποϐάλλεσθαι
3245 4872 3338 4924 τὸν
3361 4867 3520 4937 ἀληθῆ
3544 4874 3620 4912 τιυ

2167 5102 2214 5133 "'-'
2246 5099 2411 5154 Mich.
2443 5110 2496 5161 v,
2529 5095 2584 5148 5.

2077 5240 2283 5295 scilicet
2301 5233 2460 5290 nobis
2482 5250 2511 5288 a
2535 5233 2666 5296 Deo,
2685 5231 2751 5286 de
2767 5229 2860 5283 illo
2875 5225 3101 5281 victoria
3119 5205 3613 5296 prastatur.-_—-‘Eal

2075 5287 2621 5378 ;;."5};1i:maaca,
2653 5287 2913 5378 gamus,
2939 5305 3048 5378 un
3069 5287 3289 5378 ιιιξῑάεεηι
3309 5287 3614 5378 avibs-25

2083 5349 2147 5364 Ινιρ
2174 5349 2302 5378 νμυίι
2336 5349 2466 5360 ..υ-ιι
2483 5349 2621 5369 "Iv",
2657 5349 2669 5353 -
2697 5349 2913 5380 *εκ--..γ-,υ
3007 5349 3014 5350 κ
3088 5349 3103 5364 ι
3534 5370 3550 5382 ρ

2083 5399 2101 5433 ι
2128 5381 2348 5450 palatia,
2381 5396 2399 5428 ι
2443 5373 2721 5446 quomodo
2761 5379 2926 5425 etiam
2963 5367 3084 5438 Syr.
3121 5363 3282 5433 Vulg.
3308 5361 3506 5436 Grzrca.
3535 5349 3617 5416 sil“

2083 5451 2258 5478 lll"--AA
2312 5468 2329 5478 ι
2355 5449 2628 5478 κηαῖΛΙὶΩΙΙἹ
2658 5450 2890 5478 ινΩαΙΙἿιΙΊΊ
2939 5457 2957 5478 ‘

2075 5435 2280 5523 χῶραν,
2311 5435 2628 5518 (regionem
2658 5450 2957 5521 vestram.)
2993 5435 3139 5506 quod
3172 5435 3506 5515 communitis
3527 5435 3613 5480 est.

2075 5523 2330 5591 aliudque
2363 5520 2649 5591 videantur
2678 5513 3033 5591 Septuaginta
3062 5492 3613 5591 reddidissgﬁlzlipﬂ:

2073 5565 2342 5662 ἶιίἱέἱίἱῚίἰῖι
2375 5565 2925 5662 ’ἤίᾖιῖᾦίἆιυεῗςιυειὲἓ
2944 5651 2956 5662 .
2972 5576 3239 5662 "meum
3262 5565 3618 5662 3‘9"}??‘31‘333

2380 5632 3222 5729 5512.155’éf"aédééﬁidéremur,
3261 5657 3355 5713 per
3401 5632 3610 5692 auxesim

2079 5723 2515 5803 Scripturis'non
2551 5724 2863 5781 iusuctam?
2893 5723 3128 5778 ϐοηθεῖ.
