3836 6492
421 295 522 348 779
1117 289 1172 345 S.
1215 287 1574 344 lllPPOLYTl
1614 287 1769 342 OPP.
1800 268 1994 339 “PARS
2034 284 2099 340 ll.
2141 314 2208 324 —
2247 283 2551 341 DOGMAT.
2598 284 2684 340 ET
2728 283 3073 341 HISTORIC.

3558 285 3665 339 780

419 413 651 482 Spiritus
675 411 764 466 ille
798 424 826 465 e
860 409 1036 472 caelis,
1073 425 1183 478 quo
1221 408 1405 463 ﬁdeles
1435 408 1826 478 consignantur
1859 405 1988 458 Deo.

2099 404 2414 467 στεύοντας,
2469 402 2588 456 ὅθεν
2643 403 2707 476 δὴ
2760 403 2931 457 ταῦτα
2982 402 3238 472 λαμπρά·
3293 403 3556 474 πάρεστιν
3600 405 3671 466 ὡς

417 505 590 558 liabet
620 503 817 572 pariter
840 501 917 555 illi
939 502 1168 555 comites
1189 509 1242 555 et
1261 499 1466 555 ferreas
1489 500 1778 563 anchoras,
1805 510 1990 554 sancta

415 594 674 648 nimirum
702 590 907 646 Christi
951 589 1236 653 mandata,
1283 605 1404 660 quae.
1450 588 1580 644 ferri
1615 589 1778 643 robur
1811 589 1989 658 ipsum

415 682 728 754 praeferant.
757 681 898 747 Quin
933 689 987 736 et
1016 689 1211 735 nautas
1235 680 1506 736 a-dextris
1540 691 1702 750 atque
1750 680 1990 735 sinistris

415 777 594 840 habet,
628 782 942 830 sanctorum
970 774 1285 843 angelorum
1318 787 1469 827 more
1489 775 1826 837 assistentes,
1853 788 1992 843 quo-

414 882 536 922 rum
570 880 671 934 ope
702 865 1012 919 continetur
1039 872 1201 932 atque
1237 863 1482 917 munitur
1518 861 1780 917 Ecclesia.
1811 861 1870 916 lu
1901 877 1987 925 ea,

414 957 559 1013 scala
594 971 715 1025 qua:
759 956 813 1008 in
854 955 1020 1008 altum
1063 955 1129 1008 ad
1169 964 1462 1009 antennam
1506 954 1776 1020 subvehit,
1812 954 1990 1024 imago

411 1058 496 1104 cst
524 1047 783 1102 salutaris
811 1046 1014 1100 Christi
1041 1046 1333 1115 passionis,
1363 1045 1548 1100 ﬁdeles
1586 1045 1809 1099 trahens
1845 1053 1905 1099 ut
1935 1045 1988 1098 in

414 1141 582 1195 ctelos
605 1139 994 1194 conscendant.
1027 1135 1189 1206 Signa
1224 1152 1384 1206 super
1413 1146 1705 1191 antennam
1736 1137 1790 1189 in
1821 1136 1988 1189 altum

413 1233 645 1294 sublata,
675 1229 1085 1301 prophetarum,
1117 1239 1420 1298 martyrum
1451 1236 1506 1281 et
1538 1227 1907 1297 apostolorum
1934 1226 1987 1280 in

411 1325 613 1378 Christi
648 1338 816 1393 regno
845 1321 1243 1391 quiescentium
1274 1321 1507 1390 stipatus
1533 1320 1692 1375 ordo.

485 1593 598 1650 LX.
641 1593 712 1646 De
740 1592 1135 1663 persecutionis
1158 1607 1288 1646 vero
1319 1604 1582 1651 mrumna,
1609 1603 1770 1657 quam
1807 1585 1990 1640 adver-

411 1689 588 1744 sarius
619 1687 871 1742 Ecclesia:
924 1685 1162 1746 inducet,
1195 1685 1356 1738 etiam
1393 1681 1633 1737 Joannes
1692 1679 1932 1750 loquitur
1969 1695 1982 1729 :

417 1800 436 1832 ι
469 1780 535 1833 Et
588 1779 698 1832 vidi
736 1778 952 1846 signum
991 1791 1246 1846 magnum
1281 1783 1335 1829 et
1378 1773 1623 1828 mirabile
1648 1811 1663 1834 ,
1700 1770 1982 1824 mulierem
2016 1752 2057 1806 Β

414 1872 673 1927 amictam
700 1869 832 1930 sole,
869 1876 921 1920 et
945 1867 1071 1920 luna
1097 1867 1200 1920 sub
1216 1865 1444 1935 pedibus
1474 1863 1613 1933 ejus,
1638 1871 1692 1917 et
1723 1863 1776 1915 in
1811 1861 1986 1930 capite

410 1965 531 2033 ejus
556 1975 758 2017 corona
783 1959 1062 2014 stellarum
1089 1957 1396 2013 duodecim.
1431 1956 1497 2012 Et
1525 1957 1576 2010 in
1609 1968 1763 2011 utero
1780 1956 1986 2011 habens

411 2056 611 2110 clamat
667 2051 996 2123 parturiens,
1051 2060 1105 2104 et
1163 2051 1512 2105 cruciabatur
1563 2058 1622 2102 ut
1661 2057 1890 2118 pareret.
1921 2046 1988 2101 Et

410 2147 575 2202 draco
617 2146 766 2200 stetit
811 2153 936 2199 ante
987 2144 1268 2197 mulierem
1304 2158 1424 2211 qua:
1469 2151 1583 2196 erat
1622 2142 1894 2210 paritura,
1927 2149 1988 2195 ut

410 2255 535 2294 cum
573 2239 888 2308 peperisset,
937 2237 1108 2290 ﬁlium
1143 2235 1262 2304 ejus
1297 2235 1602 2288 devoraret.
1659 2232 1725 2287 Et
1781 2233 1989 2302 peperit

414 2331 585 2384 tilium
626 2327 928 2383 masculum
951 2368 964 2391 ,
999 2327 1091 2396 qui
1127 2333 1244 2379 erat
1278 2334 1527 2380 recturus
1563 2339 1753 2378 omnes
1777 2332 1984 2392 gentes.

412 2421 477 2476 Et
508 2431 693 2487 raptus
717 2429 797 2474 est
821 2420 961 2473 ﬁlius
997 2419 1062 2472 ad
1095 2417 1262 2472 Deum
1291 2426 1344 2471 et
1379 2417 1444 2470 ad
1476 2416 1731 2470 thronum
1751 2416 1890 2485 ejus.
1923 2415 1989 2470 Et

413 2514 612 2567 mulier
643 2512 779 2580 fngit
814 2513 868 2565 in
895 2510 1261 2572 solitudinem,
1303 2509 1392 2561 ubi
1427 2507 1658 2560 habebat
1686 2507 1864 2561 locum
1893 2521 1990 2576 pa-

413 2615 591 2659 ratum
631 2620 662 2658 a
707 2603 837 2669 Deo,
874 2611 933 2655 ut
963 2601 1035 2654 ibi
1067 2615 1187 2653 eam
1229 2607 1451 2668 pascant
1497 2597 1686 2651 diebus
1719 2597 1865 2651 mille
1888 2597 1990 2652 du-

319 2705 324 2710 ‘
413 2697 584 2751 centis
605 2693 883 2761 sexaginta
907 2694 974 2745 '°.
1028 2691 1094 2746 Et
1132 2703 1258 2746 tunc
1290 2692 1479 2744 videns
1512 2690 1701 2754 draco,
1737 2706 1989 2761 persecu-

413 2793 503 2840 tus
545 2793 628 2838 est
672 2783 954 2836 mulierem
993 2797 1115 2849 quae
1158 2781 1366 2850 peperit
1403 2780 1729 2835 masculum.
1764 2779 1829 2834 Et
1852 2781 1990 2835 data:

414 2885 539 2932 sunt
575 2873 786 2929 mulieri
822 2873 920 2926 alie
945 2872 1066 2926 dua:
1100 2873 1296 2942 aquila:
1329 2887 1558 2942 magum,
1607 2880 1667 2926 ut
1696 2873 1901 2927 volaret
1933 2874 1988 2928 in

411 2970 720 3032 desertum;
767 2966 857 3019 ubi
894 2964 1058 3019 alitur
1091 2979 1187 3034 per
1213 2973 1426 3034 tempus
1465 2975 1517 3018 et
1547 2973 1786 3032 tempora
1822 2973 1876 3018 et
1906 2964 1990 3019 di-

2097 494 2349 565 πνεῦμα,
2397 496 2458 548 τὸ
2494 496 2588 548 ἀπ’
2642 496 2920 566 οὐρανῶν,
2970 495 3035 548 δι’
3076 490 3136 548 οὗ
3197 492 3584 566 σφραγίζονται
3625 495 3672 547 ot

2097 587 2442 652 πιστεύοντες
2510 587 2588 658 τῷ
2659 588 2812 659 Θεῷ·
2872 588 3203 660 παρέπονται
3255 589 3313 642 δὲ
3373 589 3511 659 αὐτῇ
3583 589 3672 642 καὶ

2094 680 2329 750 ἄγκυραι
2366 679 2599 750 σιδηραῖ,
2629 679 2791 732 αὐτοῦ
2819 679 2911 732 τοῦ
2952 677 3187 751 Χριστοῦ
3219 681 3272 733 αἱ
3336 679 3490 747 ἅγιαι
3533 682 3674 733 ἐντοο

2095 769 2204 832 λαὶ,
2243 770 2464 823 δυναταὶ
2495 767 2648 824 οὖσαι
2676 769 2750 834 ὡς
2784 771 3022 842 σίδηρος.
3056 772 3207 840 Ἔχει
3245 770 3302 822 δὲ
3348 771 3442 822 καὶ
3476 771 3674 834 ναύτας

2093 862 2304 928 δεξιοὺς
2331 863 2424 914 καὶ
2465 862 2797 933 εὐωνύμους,
2839 862 2915 925 ὡς
2959 859 3149 930 ἁγίους
3192 862 3458 930 ἀγγέλους
3510 861 3672 930 παρέ-

2093 955 2251 1026 δρους
2273 955 2338 1008 δι’
2369 949 2444 1008 ὧν
2467 957 2551 1008 ἀεὶ
2581 958 2861 1026 κρατεῖται
2899 957 2992 1009 καὶ
3027 957 3341 1026 φρουρεῖται
3372 955 3406 1024 ὴ
3453 953 3674 1023 Ἐκκλη-

2097 1047 2187 1100 σία
2205 1063 2216 1076 ·
2244 1045 2446 1117 κλίμαξ
2475 1048 2532 1099 ἐν
2556 1046 2692 1117 αὐτῇ
2724 1047 2802 1109 είς
2831 1045 2962 1113 ὕψος
2986 1046 3262 1114 άνάγουσα
3283 1045 3377 1096 ἐπὶ
3401 1044 3466 1097 τὸ
3487 1044 3668 1113 κέρας,

2093 1137 2255 1192 εἰκὼν
2283 1138 2512 1209 σημείου
2537 1137 2740 1202 πάθους
2765 1137 3023 1209 Χριστοῦ,
3049 1138 3281 1190 ἕλκουσα
3302 1138 3430 1199 τοὺς
3456 1136 3670 1198 πιστοὺς

2091 1234 2171 1296 είς
2205 1231 2465 1306 ᾀνάϐασιν
2493 1230 2766 1301 οὐρανῶν·
2796 1231 3040 1302 ψηφαροὶ¹
3068 1229 3125 1282 δὲ
3158 1227 3269 1299 (ἓὲ)
3305 1229 3400 1281 ἐπὶ
3427 1227 3490 1281 τὸ
3513 1229 3670 1298 κέρας

2092 1325 2175 1394 ἐφ’
2205 1324 2406 1394 ὑψηλοῦ
2437 1322 2742 1394 αἰνούμενοι
2766 1323 2900 1391 (2'5),
2933 1322 3084 1388 τάξις
3114 1319 3437 1391 προφητῶν,
3471 1317 3668 1390 μαρτύ-

2096 1435 2201 1488 ρων
2234 1436 2291 1470 τε
2322 1417 2417 1470 καὶ
2463 1416 2774 1470 ἀποστόλων
2794 1455 2808 1479 ,
2849 1417 2930 1479 είς
2958 1415 3231 1484 βασιλείαν
3282 1411 3525 1484 Χριστοῦ
3555 1413 3669 1464 ἁνα-

2092 1509 2435 1578 παυομένων.

2164 1599 2298 1667 Περὶ
2336 1597 2433 1667 μὲν
2476 1592 2568 1650 οὖν
2596 1597 2694 1667 τῆς
2735 1596 2964 1665 θλίψεως
3008 1595 3102 1648 τοῦ
3137 1592 3406 1664 διωγμοῦ,
3430 1592 3536 1662 τῆς
3564 1594 3667 1645 ἐσο-

2097 1691 2266 1760 μένης
2313 1691 2404 1742 ἐπὶ
2449 1690 2550 1759 τὴν
2605 1688 2927 1759 Ἐκκλησίαν
2975 1688 3080 1740 ὑπὸ
3125 1687 3218 1739 τοῦ
3275 1685 3662 1755 ἀντικειμένου,

2089 1780 2182 1833 καὶ
2227 1778 2478 1848 Ἰωάννης
2526 1778 2692 1846 φησί·
2746 1796 2774 1827 -‹
2826 1778 2934 1829 Καὶ
2973 1772 3112 1830 εἶδον
3151 1779 3374 1846 σημεῖον
3411 1775 3553 1844 μέγα
3587 1774 3662 1826 καὶ

2089 1869 2421 1940 θαυμαστὸν,
2450 1871 2689 1936 γυναῖκα
2714 1866 3182 1938 περιϐεϐλημένην
3207 1865 3296 1918 τὸν
3326 1864 3502 1934 ἥλιον,
3531 1865 3662 1934 καὶὴ

2091 1959 2283 2031 σελήνη
2315 1959 2572 2013 ὑποκάτω
2602 1958 2710 2013 τῶν
2749 1957 2922 2012 ποδῶν
2965 1957 3155 2027 αὐτῆς,
3193 1956 3287 2009 καὶ
3329 1957 3423 2008 ἐπὶ
3456 1956 3559 2026 τῆς
3589 1971 3663 2008 κε-

2090 2053 2263 2124 φαλῆς
2290 2053 2461 2123 αὐτῆς
2505 2053 2765 2121 στέφανος
2797 2052 3043 2123 ἀστέρων
3075 2049 3328 2103 δεκαδύο·
3362 2049 3459 2101 καὶ
3494 2051 3552 2102 ἐν
3577 2065 3662 2116 γα-

2091 2148 2211 2218 στρί
2247 2145 2441 2216 ἔχουσα
2482 2143 2672 2216 κράζει
2713 2144 2974 2197 ὠδίνουσα
3014 2143 3107 2196 καὶ
3151 2140 3560 2212 βασανιζομένη
3589 2157 3662 2192 τε·

2090 2243 2222 2292 κεῖν.
2263 2238 2371 2291 Καὶ
2413 2239 2441 2290 6
2472 2237 2685 2310 δράκων
2717 2237 2943 2306 ἕστηκεν
2987 2233 3214 2288 ἐνώπιον
3254 2233 3354 2304 τῆς
3397 2232 3661 2302 γυναικὸς,

2089 2332 2188 2402 τῆς
2225 2329 2523 2402 μελλούσης
2553 2331 2776 2392 τίκτειν,
2809 2329 2894 2382 ἵνα
2921 2329 3044 2381 ὅταν
3074 2327 3229 2400 τέκῃ,
3258 2326 3323 2379 τὸ
3360 2325 3558 2378 τέκνον
3581 2324 3663 2375 αὐ-

2089 2425 2188 2493 τῆς
2230 2424 2542 2495 καταφάγῃ.
2580 2422 2691 2476 Καὶ
2730 2421 2914 2474 ἔτεκεν
2957 2420 3069 2473 υἱὸν
3099 2420 3302 2492 ἄρρενα
3331 2458 3346 2482 ,
3394 2417 3455 2480 ὃς
3498 2416 3661 2487 μέλλει

2092 2515 2397 2586 ποιμαίνειν
2428 2515 2603 2567 πάντα
2626 2513 2693 2566 τά
2723 2511 2872 2580 ἔθνη.
2906 2511 3000 2566 καὶ
3027 2511 3252 2582 ἡρπάγη
3279 2510 3340 2562 τὸ
3360 2509 3548 2562 τέκνον
3578 2509 3661 2561 a6-

2090 2606 2189 2677 τῆς
2232 2606 2366 2677 πρὸς
2407 2606 2497 2658 τὸν
2527 2604 2656 2657 Θεὸν
2693 2607 2786 2656 καὶ
2818 2621 2841 2655 ε
2874 2621 2902 2666 ς
2942 2602 3032 2655 τὸν
3067 2601 3254 2672 θρόνον
3278 2601 3445 2655 αὐτοῦ
3468 2619 3480 2626 ·
3514 2601 3601 2652 καὶ
3628 2600 3658 2667 ἡ

2091 2697 2225 2768 γυνὴ
2267 2697 2462 2765 ἔφυγεν
2502 2697 2580 2758 είς
2617 2695 2716 2765 τὴν
2763 2693 2988 2766 ἔρημον,
3038 2693 3170 2746 ὅπου
3223 2693 3334 2762 ἔχει
3386 2692 3480 2744 τὸν
3510 2691 3659 2744 τόπον

2091 2788 2206 2841 ἐκεῖ
2237 2787 2632 2858 ἡτοιμασμένον
2666 2785 2773 2838 ἀπὸ
2806 2785 2897 2838 τοῦ
2927 2784 3082 2847 Θεοῦ,
3122 2786 3209 2838 ἵνα
3247 2786 3362 2838 ἐκεῖ
3403 2785 3658 2854 τρέφωσιν

2093 2881 2260 2951 αὐτὴν
2305 2879 2514 2949 ἡμέρας
2552 2877 2725 2948 χιλίας
2761 2875 3037 2938 διακοσίας
3079 2875 3357 2948 ἑξήκοντα.
3408 2877 3517 2928 Καὶ
3553 2875 3657 2927 τότε

2095 2970 2218 3024 ἰδὼν
2260 2973 2288 3023 6
2324 2970 2537 3041 δράκων
2583 2968 2766 3032 ἐδίωξε
2811 2968 2912 3038 τὴν
2953 2970 3202 3037 γυναῖκα,
3250 2967 3371 3036 ἥτις
3404 2967 3553 3020 ἔτεκε
3577 2966 3658 3018 τὸν

412 3059 638 3114 midium
675 3059 958 3127 temporis,
1009 3073 1038 3110 a
1088 3056 1226 3110 facie
1258 3055 1548 3125 serpentis.
1598 3055 1664 3108 Et
1704 3055 1848 3110 misit
1875 3071 1987 3110 ser—

2097 3063 2297 3134 ἄρρενα
2317 3078 2329 3091 ·
2364 3061 2457 3114 καὶ
2499 3059 2756 3131 ἐδόθησαν
2796 3063 2861 3130 τῇ
2906 3060 3124 3128 γυναικὶ
3155 3060 3248 3113 δύο
3277 3060 3546 3130 πτέρυγες
3571 3059 3655 3111 τοῦ

412 3165 546 3220 pens
572 3164 639 3204 ex
669 3165 764 3203 ore
787 3163 888 3202 suo
920 3157 1041 3218 post
1060 3147 1340 3201 mulierem
1373 3161 1570 3215 aquam
1599 3156 1853 3216 tanquam
1883 3147 1985 3202 ﬂu-

413 3255 559 3305 men,
589 3248 648 3294 ut
671 3255 791 3294 eam
824 3239 1024 3293 faceret
1048 3237 1164 3306 rapi
1197 3252 1227 3292 a
1258 3236 1503 3291 ﬂumine.
1532 3235 1597 3291 Et
1620 3237 1823 3307 adjuvit
1845 3248 1984 3294 terra

414 3333 720 3398 mulierem,
751 3341 805 3386 et
839 3329 1051 3401 aperuit
1081 3345 1144 3384 os
1169 3344 1350 3393 suum,
1375 3340 1426 3383 et
1457 3330 1740 3384 absorbuit
1764 3329 1988 3399 ﬁumen,

412 3426 560 3495 quod
604 3426 830 3480 miserat
880 3436 1104 3492 serpens
1157 3437 1224 3475 ex
1274 3436 1368 3477 ore
1415 3437 1538 3475 suo.
1600 3420 1669 3474 Et
1706 3421 1876 3478 iratus
1909 3432 1992 3478 est

413 3517 580 3570 draco
614 3516 666 3568 in
696 3515 979 3569 mulierem
1001 3553 1016 3577 ,
1057 3521 1111 3566 ct
1142 3512 1275 3565 abiit
1309 3521 1368 3565 ut
1404 3511 1606 3564 faceret
1638 3512 1835 3566 bellum
1863 3529 1986 3566 cum

415 3609 618 3664 sanctis
653 3607 718 3662 de
739 3608 858 3677 ejus
883 3607 1107 3667 semine,
1136 3605 1228 3675 qui
1260 3604 1578 3659 custodiunt
1605 3605 1861 3658 mandata
1894 3603 1988 3660 Dei

413 3710 467 3755 et
494 3701 694 3753 habent
720 3698 1089 3753 testimonium
1116 3695 1246 3750 Jesu
1274 3697 1340 3749 ⁸¹.
1374 3714 1393 3748 ι

2088 3153 2248 3208 ἀετοῦ
2297 3152 2391 3206 τοῦ
2443 3152 2700 3223 μεγάλου,
2755 3151 2841 3204 ἵνα
2888 3151 3114 3222 πέτηται
3167 3154 3247 3215 εἰς
3298 3152 3396 3223 τὴν
3449 3151 3654 3223 ἔρημον,

2089 3248 2221 3300 ὅπου
2255 3242 2512 3316 τρέφεται
2559 3245 2675 3295 ἐκεῖ
2709 3243 2896 3313 καιρὸν
2942 3243 3034 3296 καὶ
3085 3244 3312 3314 καιροὺς
3384 3245 3478 3297 καὶ
3500 3245 3654 3313 ἥμισυ

2091 3336 2281 3409 καιροῦ
2305 3334 2413 3389 ἀπὸ
2436 3333 2726 3404 πρωσὸπου
2759 3333 2851 3386 τοῦ
2879 3335 3070 3402 ὄφεως.
3119 3335 3228 3388 Καὶ
3272 3335 3462 3388 ἔϐαλεν
3488 3337 3515 3388 6
3545 3335 3655 3403 ὅσις

2091 3427 2288 3495 (ὀπίσω
2327 3425 2427 3495 τῆς
2460 3424 2713 3492 γυναικὸς
2738 3426 2802 3477 ὲκ
2833 3425 2924 3478 τοῦ
2949 3426 3210 3496 στόματος
3241 3425 3408 3479 αὐτοῦ
3431 3426 3564 3498 ὕδωρ
3587 3424 3655 3486 ὡς

2095 3517 2371 3589 ποταμόν·
2421 3517 2508 3568 ἵνα
2544 3515 2744 3586 ταύτην
2796 3517 3243 3589 ποταμοφόρητον
3294 3518 3526 3590 ποιήσῃ·
3571 3516 3655 3568 καὶ

2095 3609 2389 3682 ἐϐοήθησεν
2430 3609 2464 3679 ἡ
2512 3607 2581 3678 γῆ
2625 3611 2689 3678 τῇ
2732 3609 2988 3677 γυναικὶ,
3023 3609 3117 3662 καὶ
3163 3609 3374 3680 ᾕνοιξεν
3409 3609 3468 3661 τὺ
3498 3609 3655 3676 στόμα

2096 3702 2288 3771 αὐτῆς,
2332 3701 2426 3754 καὶ
2468 3699 2694 3753 κατέπιε
2739 3700 2829 3753 τὸν
2854 3700 3112 3771 ποταμὸν,
3155 3701 3214 3753 ὃν
3257 3701 3446 3754 ἔϐαλεν
3472 3702 3499 3753 6
3525 3698 3653 3767 δφις)

415 3799 480 3848 ὲκ
532 3792 625 3846 τοῦ
665 3792 928 3862 στόματος
965 3788 1150 3844 αὐτοῦ.
1186 3791 1296 3844 Καὶ
1355 3790 1598 3861 ὠργίσθη
1639 3793 1666 3844 6
1710 3792 1925 3863 δράκων
1960 3797 2052 3851 ἐπὶ
2087 3801 2152 3868 τῇ
2195 3795 2435 3865 γυναικὶ,
2473 3796 2564 3848 καὶ
2592 3794 2800 3864 ἀπῆλθε
2846 3797 3068 3865 ποιῆσαι
3100 3796 3336 3867 πόλεμον
3389 3794 3520 3867 μετὰ
3554 3793 3652 3845 τῶν

415 3891 587 3958 ἁγίων
629 3887 722 3940 τοῦ
775 3886 1085 3959 σπέρματος
1127 3885 1293 3956 αὐτῆς
1317 3924 1330 3946 ,
1386 3885 1492 3938 τῶν
1535 3886 1844 3956 τηρούντων
1890 3890 1990 3955 τὰς
2025 3893 2240 3954 ἐντολάς
2278 3890 2372 3944 τοῦ
2413 3889 2569 3954 Θεοῦ,
2589 3891 2680 3944 καὶ
2697 3889 2924 3959 ἐχόντων
2954 3891 3052 3962 τὴν
3089 3891 3390 3962 μαρτυρίαν
3421 3887 3600 3961 Ἰησοῦ.
3627 3904 3647 3938 ν

487 3982 622 4037 LXI.
675 3981 954 4036 Mulierem
1008 3981 1262 4035 amictam
1295 3979 1408 4033 sole
1446 3980 1747 4037 clarissime
1801 3983 1988 4041 Eccle-

415 4077 554 4132 siam
600 4074 940 4143 signiﬁcavit,
997 4082 1222 4142 paterno
1275 4072 1517 4126 indutam
1583 4071 1779 4138 Verbo,
1845 4079 1989 4146 quod

417 4169 534 4222 sole
582 4166 874 4220 micantius
936 4165 1202 4234 splendet.
1241 4162 1482 4217 Dicendo
1513 4180 1640 4218 vero
1686 4206 1702 4232 ,
1740 4184 1758 4216 ι
1799 4167 1988 4222 lunam

417 4260 522 4314 sub
554 4257 781 4327 pedibus
808 4257 945 4325 ejus,
982 4274 999 4307 ι
1031 4255 1236 4309 caelesti
1267 4255 1511 4309 claritate
1531 4256 1670 4310 luna:
1695 4258 1748 4311 in
1784 4274 1990 4314 morem

418 4355 668 4402 ornatam
696 4345 951 4400 ostendit.
985 4344 1140 4410 Quod
1165 4355 1343 4400 autem
1373 4346 1447 4399 ait
1477 4377 1493 4404 ,
1533 4365 1551 4398 ι
1586 4349 1642 4401 in
1671 4349 1844 4418 capite
1872 4351 1991 4420 ejus

417 4450 621 4492 corona
651 4435 930 4490 stellarum
964 4435 1250 4490 duodecim
1271 4476 1284 4499 ,
1340 4455 1357 4485 ι
1401 4437 1685 4493 duodecim
1715 4442 1993 4508 apostolos

416 4528 686 4598 designat,
711 4543 805 4597 per
836 4545 972 4598 quos
997 4528 1217 4582 fundata
1239 4536 1322 4584 est
1345 4527 1600 4584 Ecclesia.
1638 4549 1657 4581 ι
1697 4531 1761 4585 Et
1788 4533 1993 4588 habens

417 4620 472 4673 in
509 4629 667 4674 utero
699 4620 899 4673 clamat
933 4620 1266 4690 parturiens,
1306 4631 1358 4675 et
1387 4622 1808 4677 cruciabaturut
1834 4640 1992 4692 pare-

416 4721 529 4778 ret;
575 4731 592 4763 »
642 4712 770 4781 quia
809 4727 916 4766 non
949 4724 1130 4769 cessat
1157 4713 1397 4769 Ecclesia
1431 4731 1499 4769 ex
1544 4717 1708 4770 corde
1748 4714 1985 4771 Verbum

415 4806 658 4876 gignere,
691 4804 836 4874 quod
858 4805 909 4858 in
927 4806 1127 4860 mundo
1143 4807 1210 4860 ab
1229 4806 1533 4861 inﬁdelibus
1556 4809 1984 4876 persecutionem

416 4897 638 4968 patitur.
682 4916 700 4949 ι
742 4896 806 4950 Et
831 4898 1067 4966 peperit,
1106 4900 1299 4969 inquit,
1332 4899 1501 4954 ﬁlium
1535 4900 1859 4966 masculum,
1895 4901 1988 4970 qui

1092 5013 1134 5044 οι
1159 5011 1292 5066 Ibid.
1361 5014 1562 5079 15,17.

419 5129 708 5201 (iiliristiac
731 5128 993 5201 Ecclesia:
1025 5132 1265 5186 membra
1299 5132 1428 5196 sint,
1455 5142 1608 5186 extra
1642 5133 1827 5186 mundi
1860 5149 1984 5201 pro-

423 5199 918 5273 (altisalsecliucnt.
969 5201 1244 5256 lavacrum
1275 5214 1364 5273 est
1400 5199 1990 5273 regenerationis,iquo

423 5271 503 5322 sic
525 5269 759 5339 iChristo
793 5269 1226 5339 ineorporamur.
1259 5269 1494 5327 Comum".

494 5338 606 5418 (9.3)
653 5338 1161 5418 Ψηφαροίζγοὶὶιη
1207 5343 1432 5418 discere_
1469 5342 1873 5418 quidistudjtt
1931 5359 1990 5397 re

424 5411 680 5488 paulica,
738 5412 935 5478 quidve
990 5411 1064 5488 ita
1107 5422 1357 5488 antcnugc
1421 5413 1732 5488 impositum
1799 5413 1986 5488 illique

425 5481 738 5552 imminens,
772 5498 836 5534 ac
866 5481 1022 5552 quasi
1050 5483 1468 5552 supervolitans,
1496 5481 1640 5552 quod
1681 5481 1907 5538 sanctos
1931 5485 1982 5536 in

425 5547 629 5627 gliristi
677 5564 841 5619 regno
883 5547 1271 5627 quiescentes,
1304 5547 1551 5627 symbolo
1599 5553 1985 5627 repraesentet?

432 5616 694 5700 Videntur,
726 5616 875 5700 esse,
906 5637 1026 5700 qua:
1068 5621 1274 5700 Polluci
1309 5616 1400 5676 lib.
1431 5641 1466 5687 ι,
1511 5639 1628 5692 cap.
1660 5616 1736 5700 ’9,
1776 5623 1987 5700 ἄμϐολα

426 5687 517 5742 καὶ
553 5687 812 5758 σύμϐολα,
841 5687 962 5761 qua:
993 5691 1050 5747 in
1079 5693 1257 5749 medio
1281 5703 1530 5749 autenna:
1564 5687 1734 5763 ponit,
1764 5687 1901 5747 κατὰ
1927 5694 1987 5747 τὸ

490 5012 538 5044 ⁸ο
566 5012 734 5081 Apoc.
769 5026 864 5077 xu,
897 5012 1012 5065 1-6.

2161 3987 2273 4058 Τὴν
2303 3987 2398 4057 μὲν
2418 3981 2510 4039 οῦν
2534 3988 2763 4054 γυναῖκα
2784 3984 2879 4054 τὴν
2896 3985 3366 4057 περιϐεϐλημένην
3385 3985 3473 4038 τὸν
3496 3983 3650 4054 ἥλιον,

2100 4077 2408 4146 σαφέστατα
2463 4077 2561 4146 τὴν
2631 4077 2954 4150 Ἐκκλησίαν
2999 4077 3265 4148 ἐδήλωσεν
3323 4074 3654 4146 ὲνδεδυμένην

2097 4169 2188 4221 τὸν
2217 4167 2385 4236 Λόγον
2405 4167 2494 4220 τὸν
2519 4168 2776 4240 Πατρῷον
2809 4170 2950 4240 ὑπὲρ
2989 4168 3138 4238 ἥλιον
3166 4167 3478 4240 λάμποντα·
3514 4185 3531 4216 ι
3563 4181 3651 4216 σε-

2097 4260 2263 4332 λήνην
2306 4280 2323 4312 ι
2361 4261 2416 4313 δὲ
2450 4261 2621 4329 λέγων
2667 4281 2686 4312 ι
2728 4261 2985 4315 ὑποκάτω
3021 4260 3129 4313 τῶν
3179 4261 3357 4313 ποδῶν
3404 4259 3580 4328 αὐτῆς,
3629 4273 3649 4306 ι

2094 4354 2222 4428 δόξῃ
2270 4354 2575 4426 ἐπουρανίῳ
2615 4353 2692 4417 ὡς
2734 4354 2958 4425 σελήνην
3004 4352 3458 4425 κεκοσμημένην·
3493 4349 3562 4420 τῷ
3601 4347 3654 4400 δὲ

2092 4445 2269 4514 λέγειν
2303 4445 2438 4515 (24),
2473 4464 2490 4495 ι
2518 4445 2607 4497 ἐπὶ
2635 4445 2734 4515 τῆς
2763 4443 3003 4514 κεφαλῆς
3024 4444 3191 4513 αὐτῆς
3225 4443 3483 4511 στέφανος
3507 4438 3658 4494 ἀστέ-

2095 4555 2204 4608 ρων
2237 4536 2481 4601 δεκαδύο,
2516 4555 2534 4586 ι
2567 4537 2716 4608 δῆλοι
2748 4537 2873 4599 τοὺς
2900 4535 3103 4588 δώδεκα
3132 4535 3477 4598 ἀποστόλους,
3502 4533 3562 4584 δι’
3580 4529 3656 4582 ῶν

2091 4628 2409 4699 καθίδρυται
2451 4631 2483 4699 ὴ
2529 4627 2844 4699 Ἐκκλησία.
2894 4647 2912 4680 ι
2957 4630 3066 4681 Καὶ
3113 4629 3171 4680 ὲν
3222 4629 3420 4698 γαστρὶ
3471 4626 3657 4695 ἔχουσα

2088 4719 2279 4790 κράζει
2311 4719 2574 4773 ὠδίνουσα
2613 4720 2705 4772 καὶ
2742 4720 3138 4790 βασανιζομένη
3189 4723 3400 4772 τεκεῖν·
3442 4737 3458 4769 ι
3489 4718 3560 4769 ὅτι
3595 4714 3656 4765 οὐ

2093 4810 2360 4864 παύσεται
2404 4811 2437 4880 ἠ
2493 4809 2787 4878 Ἐκκλησία
2821 4809 3063 4878 γεννῶσα
3095 4811 3158 4862 ὲκ
3191 4810 3420 4880 καρδίας
3453 4807 3532 4859 τὸν
3556 4804 3660 4856 Λό-

2091 4918 2206 4970 γον,
2255 4901 2346 4953 τὸν
2378 4901 2434 4952 ὲν
2465 4900 2655 4971 κόσμῳ
2685 4900 2789 4953 ὐπὸ
2828 4899 3072 4953 ἀπίστων
3110 4899 3453 4970 διωκόμενον.
3498 4915 3514 4946 ι
3545 4892 3660 4945 Καὶ

2091 5133 2258 5194 ἱστόν,
2311 5151 2329 5182 ι
2361 5148 2467 5201 qua
2504 5141 2657 5200 parte
2693 5133 2950 5201 religatur
2997 5131 3174 5193 malo;
3209 5150 3227 5181 ι
3260 5129 3472 5201 sintque
3499 5124 3658 5201 quasi

2099 5215 2276 5258 rostra
2317 5199 2679 5271 etdusiguia.
2719 5199 2877 5271 quasi
2929 5201 3186 5255 tessellati
3220 5200 3420 5271 aliquid
3456 5199 3654 5271 operis.

2097 5274 2244 5342 quod
2275 5265 2551 5342 praecipue
2588 5288 2691 5325 vox
2737 5265 2833 5326 illa
2869 5281 3042 5326 sonat.
3081 5271 3205 5343 Τὸ,
3232 5265 3402 5340 ψηςςὶν
3430 5269 3514 5320 καὶ
3549 5265 3663 5343 «jar;

2099 5341 2242 5412 ιρίον,
2274 5341 2292 5392 ἆ
2327 5353 2563 5396 rostrum
2593 5345 2799 5406 avium,
2826 5361 2844 5392 ι
2880 5341 3358 5409 orucosophium',
3379 5348 3462 5412 est
3497 5341 3661 5404 quasi

2093 5410 2333 5472 corona,
2390 5429 2511 5480 qua:
2580 5413 2888 5467 istiusmodi
2953 5422 3272 5464 ornamenta
3325 5410 3544 5480 admittit
3603 5415 3662 5458 et

2095 5484 2379 5539 icuncnlas
2403 5476 2466 5536 ac
2498 5483 2677 5552 signa,
2709 5481 2976 5551 superiori
3005 5483 3114 5552 jam
3149 5483 3278 5534 sede
3305 5476 3582 5552 localuJD:

2164 5554 2274 5622 (2'))
2321 5544 2690 5621 Αὶνούμένοί.
2725 5544 2886 5622 Forte
2937 5544 3271 5622 αἱρούμενοι.
3315 5550 3444 5604 Gen.
3471 5575 3530 5586 -—-
3561 5544 3666 5598 Vel

2091 5621 2405 5708 ᾐωρημέηνοι
2536 5621 2931 5708 α’ἰωρέωἏΤΑκ.
2959 5621 3085 5708 lim.

2164 5689 2273 5765 (23")
2310 5693 2398 5760 Τῷ
2422 5693 2488 5746 δὲ
2510 5689 2732 5763 λέγειν.
2761 5692 3033 5755 Combel‘.,
3070 5689 3129 5743 τδ
3149 5691 3204 5744 δὲ
3229 5690 3421 5758 λέγειν.
