3836 6512
208 347 302 402 78!

1282 350 1368 405 DE
1404 349 1701 410 CHRISTO
1736 353 1822 410 ET
1860 352 2342 411 ANTICHRISTO.

3342 363 3446 421 789.

202 467 372 532 ἔτεκε,
423 468 607 540 φησὶν,
658 469 771 525 υἱὸν
824 469 1054 543 ἇρῤενα,
1105 470 1162 536 ὃς
1225 471 1404 542 μέλλει
1461 473 1759 544 ποιμαίνειν

1871 484 1987 531 erat
2030 485 2280 532 recturus
2322 490 2512 533 omnes
2555 485 2775 548 gentes;
2828 496 2846 530 ι
2890 479 3146 535 nimirum
3182 479 3440 547 Ecclesia,

200 563 374 616 πάντα
408 563 477 616 τὰ
507 562 668 633 ἔθνη·
712 580 730 614 ι
773 562 864 615 τδν
911 564 1116 635 ἄρρενα
1158 565 1252 618 καὶ
1283 564 1486 618 τέλειον
1531 565 1764 636 Χριστὸν

199 653 361 706 παῖδα
381 652 683 718 Θεοῦ,’Θεὸν
711 654 804 707 καὶ
823 654 1106 726 ἄνθρωπον
1124 656 1646 728 καταγγελλόμενον,
1673 657 1763 710 ἀεὶ

197 746 450 798 τίκτουσα
481 746 515 816 ἡ
558 744 882 816 Ἐκκλησία,
915 747 1155 801 διδάσκει
1198 747 1376 801 πάντα
1417 748 1485 802 τὰ
1511 747 1658 819 ἔθνη.
1690 747 1764 801 Τδ

195 834 249 886 δὲ
278 834 478 904 λέγειν,
524 855 542 886 ι
579 835 800 907 ἡρπάγη
832 837 894 889 τὸ
921 836 1112 890 τέκνον
1139 837 1309 907 αὐτῆς
1341 835 1476 908 πρὸς
1511 836 1602 890 τὸν
1633 836 1765 890 Θεὸν

196 924 288 977 καὶ
306 925 443 996 πρὸς
477 925 570 980 τὸν
603 927 790 998 θρόνον
810 927 996 981 αὑτοῦ·
1024 947 1043 979 ι
1074 930 1155 982 ὅτι
1179 927 1498 998 ἐπουράνιός
1525 929 1640 982 ἐστι
1667 929 1763 1000 βα-

195 1015 395 1083 σιλεὺς,
429 1017 523 1071 καὶ
549 1019 649 1072 οὐκ
674 1019 913 1088 ἐπίγειος
941 1021 970 1072 6
1000 1019 1067 1073 δι’
1097 1020 1269 1090 αὐτῆς
1294 1020 1381 1073 ἀεὶ
1409 1019 1762 1093 γεννώμενος,

193 1109 374 1174 καθὼς
401 1113 492 1165 καὶ
515 1113 680 1167 Δαδὶδ
701 1114 1071 1185 προανεφώνει
1099 1114 1272 1184 λέγων
1294 1134 1308 1146 θ
1343 1135 1364 1168 ‹
1402 1112 1566 1171 Εἶπεν
1592 1120 1620 1171 6
1652 1119 1766 1171 Κύ-

194 1219 308 1273 ριος
338 1201 418 1272 τῷ
444 1205 633 1276 Κυρίῳ
668 1222 791 1275 μου,
818 1206 1000 1260 Κάθου
1041 1208 1104 1260 ἐκ
1147 1205 1334 1272 δεξιῶν
1381 1225 1503 1280 μου,
1549 1209 1653 1273 ἓως
1702 1209 1768 1262 ἂν

193 1293 267 1346 θῶ
284 1297 412 1359 τοὺς
440 1295 665 1368 ἐχθρούς
694 1315 784 1351 σου
810 1299 1096 1353 ὑποπόδιον
1110 1299 1218 1353 τῶν
1250 1300 1426 1353 ποδῶν
1445 1318 1558 1354 σου.
1575 1317 1593 1352 ι
1619 1301 1766 1354 -ιΚαὶ

192 1381 318 1447 εἶδε,
350 1389 534 1457 φησὶν,
573 1390 600 1442 6
641 1389 875 1460 δράκων,
912 1391 1004 1444 καὶ
1041 1390 1225 1458 ἐδίωξε
1246 1391 1346 1463 τὴν
1365 1395 1615 1460 γυναῖκα,
1647 1393 1769 1464 ἥτις

192 1477 346 1532 ἔτεκε
394 1480 486 1534 τδν
514 1479 744 1552 ἄρρενα*
800 1482 895 1535 καὶ
935 1482 1195 1554 ἐδόθησαν
1239 1487 1305 1556 τῇ
1335 1486 1554 1554 γυναικὶ
1586 1486 1641 1538 αἱ
1677 1484 1769 1539 δύο

191 1571 462 1643 πτέρυγες
485 1572 578 1625 τοῦ
599 1573 756 1626 ἀετοῦ
783 1573 876 1627 τοῦ
905 1575 1164 1646 μεγάλου,
1199 1577 1286 1629 ἵνα
1310 1577 1538 1648 πέτηται
1565 1579 1643 1641 εἰς
1670 1577 1769 1650 τὴν

191 1664 418 1736 ἔρημον,
461 1666 594 1719 ὅπου
644 1667 897 1738 τρέφεται
949 1668 1066 1720 ἐκεῖ
1113 1669 1328 1741 καιρὸν,
1387 1671 1481 1723 καὶ
1521 1671 1767 1742 καιροὺς,

1865 568 1994 624 dum
2026 569 2304 624 Christum
2339 567 2434 624 Dei
2465 569 2769 624 maseulam
2802 585 2866 625 ac
2887 570 3179 640 perfectam
3209 573 3441 643 prolem,

1864 661 1956 729 qui
1991 659 2134 714 Deus
2160 669 2214 715 et
2257 661 2420 715 homo
2445 661 2803 730 praedicatur,
2845 677 3060 732 semper
3092 664 3257 734 parit,
3293 664 3447 722 docet

1866 764 2058 806 omnes
2107 760 2315 822 gentes.
2368 750 2537 806 Porro
2567 752 2795 807 dicendo
2829 771 2842 808 :
2885 771 2904 804 ‹
2955 752 3164 824 Raptus
3190 762 3276 810 est
3302 756 3448 814 ﬁlius

1867 843 1985 912 ejus
2019 844 2082 898 ad
2109 843 2276 899 Deum
2313 853 2365 900 et
2399 845 2465 899 ad
2500 845 2755 900 thronum
2783 845 2936 915 ejus;
2993 865 3012 898 ι
3054 849 3330 905 caelestem
3361 867 3449 906 re-

1868 951 2010 1005 gem,
2047 950 2153 990 non
2184 945 2461 991 terrenum
2492 952 2614 992 esse
2651 937 2944 1008 signiﬁcat,
2971 939 3148 1008 quiex
3181 941 3272 995 illa
3296 956 3445 997 sem-

1866 1039 1962 1096 per
1989 1025 2268 1089 nascitur,
2306 1034 2367 1080 ut
2395 1027 2555 1082 etiam
2588 1026 2752 1082 David
2791 1030 3182 1098 pronuntiavit,
3210 1032 3398 1087 dicens
3429 1051 3444 1086 :

1871 1133 1892 1168 ι
1952 1115 2100 1170 Dixit
2150 1116 2415 1173 Dominus
2467 1118 2698 1174 Domino
2761 1135 2932 1175 meo:
2969 1121 3108 1176 Sede
3147 1138 3179 1178 a
3239 1123 3447 1178 dextris

1865 1209 2037 1273 meis;
2069 1209 2450 1281 donecponam
2477 1210 2731 1268 inimicos
2761 1213 3219 1275 tuos,scabellum
3239 1215 3440 1286 pedum

1867 1309 2088 1355 tuorum
2150 1301 2218 1356 ⁸².
2259 1321 2278 1354 ι
2344 1321 2364 1353 ι
2402 1301 2469 1357 Et
2496 1303 2650 1368 vidit,
2683 1304 2880 1374 inquit,
2913 1305 3079 1361 draco
3109 1316 3164 1362 et
3193 1323 3448 1378 persecu-

1869 1401 1958 1448 tus
1985 1401 2068 1448 est
2096 1393 2400 1461 mulierem,
2428 1409 2549 1464 quae
2572 1404 2856 1465 pepererat
2885 1397 3212 1454 masculum.
3257 1397 3324 1452 Et
3348 1400 3446 1454 da-

1870 1491 1938 1539 tae
1968 1492 2097 1540 sunt
2139 1484 2355 1540 mulieri
2387 1485 2508 1540 dua:
2533 1485 2631 1540 ala:
2658 1486 2854 1556 aquilae
2881 1503 3114 1558 magnae.
3146 1497 3209 1544 ut
3236 1491 3448 1545 volaret

1870 1576 1924 1630 in
1956 1576 2227 1632 desertum
2251 1619 2265 1642 ,
2322 1577 2413 1632 ubi
2442 1577 2608 1633 alitur
2640 1595 2739 1649 per
2772 1588 2989 1650 tempus
3017 1590 3070 1636 et
3104 1589 3344 1653 tempora
3392 1594 3448 1640 et

1872 1667 2156 1724 dimidium
2204 1670 2488 1740 temporis,
2533 1687 2563 1725 a
2615 1670 2753 1729 facie
2793 1675 3078 1744 serpentis.
3140 1695 3159 1728 ι
3201 1675 3263 1731 Hi
3317 1688 3446 1734 sunt

190 1757 284 1808 καὶ
310 1757 482 1826 ἥμισυ
513 1757 704 1828 καιροῦ
733 1759 841 1812 ἀπὸ
869 1758 1160 1831 προσώπου
1192 1760 1286 1814 τοῦ
1316 1762 1508 1832 ὄφεως.
1548 1780 1566 1813 ι
1602 1757 1759 1816 Abeat

1871 1760 1988 1816 dies
2035 1761 2183 1817 mille
2227 1761 2446 1816 ducenti
2497 1765 2777 1834 sexaginta
2810 1765 2856 1797 ⁸³
2891 1766 3194 1835 (dimidium
3237 1769 3446 1825 scilicet

189 1847 327 1898 εἰσιν
374 1847 433 1900 αἱ
477 1846 644 1917 χίλιαι
688 1848 959 1904 διακόσιαι
1013 1849 1295 1923 ἑξήκοντα.
1353 1852 1414 1906 τὸ
1457 1853 1626 1924 ἥμισυ
1672 1852 1759 1923 τῆς

1875 1852 2250 1924 hebdomadze)
2283 1855 2482 1924 quibus
2519 1833 2779 1926 tyrannus
2814 1833 2998 1913 rerum
3029 1860 3287 1929 potietur,
3314 1877 3444 1931 per-

188 1937 503 2008 ἐδδομάδος,
535 1940 602 2003 ἃς
633 1942 896 2013 κρατήσει
934 1942 1216 2015 τύραννος,
1256 1943 1466 1998 διώκων
1508 1943 1605 2015 τὴν
1649 1945 1759 1998 Ἐκ‹

1871 1960 2105 2016 sequens
2143 1945 2441 2002 Eeclesiam
2488 1946 2782 2018 fugientem
2822 1950 2890 2005 de
2917 1951 3136 2006 civitate
3173 1955 3226 2008 in
3256 1953 3447 2009 civita-

189 2029 422 2098 κλησίαν
445 2030 748 2100 φεύγουσαν
776 2034 883 2087 ἀπὸ
909 2035 1114 2100 πόλεως
1129 2037 1207 2100 είς
1236 2035 1409 2101 πόλιν,
1443 2035 1537 2089 καὶ
1564 2037 1620 2088 ὲν
1643 2037 1759 2108 ἐρη-

1871 2043 1999 2102 tem,
2030 2043 2084 2090 et
2118 2036 2171 2090 in
2207 2035 2499 2092 solitudine
2531 2037 2584 2091 in
2612 2039 2886 2095 montibus
2915 2041 3218 2098 latitantem
3242 2083 3258 2108 ,
3293 2045 3446 2100 nullo

191 2120 289 2192 μία
321 2121 698 2194 κρυπτομένην
722 2126 782 2179 ἐν
808 2129 920 2190 τοῖς
940 2126 1143 2199 ὄρεσιν,
1163 2126 1392 2198 ἔχουσαν
1421 2126 1540 2197 μεθ’
1571 2128 1759 2200 ἑαυτῆς

1871 2127 1974 2182 alio
2013 2135 2185 2181 tutam
2215 2127 2504 2197 praesidio,
2545 2145 2708 2198 quam
2743 2131 2974 2185 duarum
3017 2132 3225 2188 alarum
3249 2136 3447 2205 aquilae

185 2213 338 2266 οὐδὲν
367 2213 583 2286 ἓτερον,
621 2218 668 2268 εί
704 2217 777 2288 μὴ
806 2218 905 2283 τὰς
932 2218 1025 2272 δύο
1053 2218 1329 2291 πτέρυγας
1359 2217 1453 2272 τοῦ
1482 2217 1641 2273 ἀετοῦ
1671 2220 1759 2274 τοῦ

1871 2234 2106 2290 magnze;
2151 2217 2275 2274 ﬁdei
2318 2219 2524 2275 scilicet
2561 2218 2688 2276 Jesu
2723 2220 2950 2288 Christi,
2980 2226 3355 2294 qui,extensis
3387 2227 3444 2281 in

190 2303 453 2373 μεγάλου,
481 2307 775 2371 τουτέστιν,
813 2308 986 2380 Ἰησοῦ
1007 2309 1245 2381 Χριστοῦ
1277 2311 1478 2373 πίστιν,
1509 2309 1568 2373 ὃς
1591 2311 1759 2364 ἐκτεί-

1871 2318 2056 2364 sancta
2099 2323 2262 2365 cruce
2293 2312 2496 2366 sanctis
2536 2313 2788 2369 manibus
2830 2314 2968 2383 suis,
3014 2317 3152 2374 duas
3198 2319 3446 2375 extendit

184 2411 282 2458 νας
309 2395 412 2460 τὰς
443 2398 604 2467 ἁγίας
623 2402 805 2471 χεῖρας
831 2399 888 2453 ὲν
915 2401 1055 2472 ἁγίῳ
1085 2401 1248 2474 ξύλῳ,
1278 2403 1498 2473 ἦπλωσε
1524 2403 1617 2457 δύο
1638 2404 1759 2457 πτέ-

1871 2400 2007 2465 alas,
2029 2401 2305 2457 dexteram
2333 2411 2499 2473 atque
2528 2404 2829 2466 sinistram.
2855 2422 3058 2464 vocans
3076 2409 3143 2464 ad
3165 2425 3225 2467 se
3251 2426 3442 2469 omnes

188 2504 383 2558 ρυγας,
431 2489 609 2557 δεξιὰν
641 2492 734 2545 καὶ
771 2491 1048 2562 εὐώνυμον
1068 2533 1082 2557 ,
1125 2494 1597 2566 προσκαλούμενος
1629 2493 1759 2555 πάν-

1872 2491 2077 2559 ﬁdeles,
2131 2508 2195 2548 ac
2241 2494 2390 2548 velut
2435 2494 2632 2564 gallina
2663 2510 2759 2552 eos
2783 2507 3095 2569 protegens.
3119 2499 3255 2556 Nam
3281 2512 3336 2558 et
3365 2503 3444 2559 ait

184 2595 284 2642 τας
319 2579 450 2644 τοὺς
479 2583 558 2645 είς
597 2583 758 2636 αὑτὸν
797 2584 1170 2648 πιστεύοντας,
1212 2585 1310 2639 καὶ
1353 2585 1639 2650 σκεπάζων
1691 2583 1759 2649 ὡς

1871 2597 1970 2652 per
2005 2581 2323 2640 Malacbiam
2357 2604 2372 2640 :
2411 2603 2430 2638 ι
2469 2585 2638 2642 Vobis
2659 2588 2752 2659 qui
2779 2589 2982 2646 timetis
3011 2607 3209 2647 nomen
3233 2608 3442 2658 meum,

183 2670 338 2741 ὅρνις
363 2674 637 2738 νεοσσούς.
674 2677 785 2729 Καὶ
823 2676 930 2748 γὰρ
956 2675 1042 2730 διά
1073 2676 1350 2748 Μαλαχίου
1391 2676 1563 2748 φησί·
1599 2695 1617 2728 ι
1658 2676 1759 2729 Καὶ

1874 2676 2081 2731 orietur
2120 2676 2211 2731 Sol
2239 2676 2497 2747 iustitiae;
2527 2689 2581 2733 et
2612 2680 2820 2737 sanitas
2855 2681 2909 2736 in
2949 2683 3145 2752 pennis
3167 2684 3287 2755 ejus
3311 2685 3377 2741 “.
3421 2707 3440 2738 ι

185 2768 318 2839 ὑμῖν
351 2774 464 2833 τοῖς
493 2771 844 2844 φοϐουμένοις
885 2772 945 2826 τδ
991 2773 1161 2844 ὄνομα
1184 2791 1284 2844 μου
1327 2773 1574 2828 ἁνατελεῖ
1615 2774 1807 2837 Ἥλιος
1837 2773 2220 2845 δικαιοσύνης,
2291 2776 2385 2828 καὶ
2441 2774 2584 2839 τάσις
2617 2777 2676 2830 ὲν
2729 2779 2852 2841 ταῖς
2909 2776 3166 2849 πτέρυξιν
3195 2779 3383 2837 αὑτοῦ.
3422 2803 3441 2835 ι

249 2867 422 2937 Λέγει
455 2868 510 2921 δὲ
544 2871 636 2922 καὶ
667 2869 695 2920 6
729 2867 964 2942 Κύριος·
1016 2871 1183 2924 Ὅταν
1223 2869 1366 2940 ἴδητε
1404 2869 1464 2922 τὸ
1499 2869 1759 2940 βδέλυγμα

1941 2867 2101 2925 LXII.
2154 2870 2245 2926 Ait
2271 2886 2400 2926 vero
2425 2871 2588 2926 etiam
2622 2872 2926 2928 Dominus:
2956 2893 2976 2924 ‹
3017 2873 3154 2930 Cum
3197 2876 3446 2935 videritis

183 2958 283 3028 τῆς
315 2958 649 3031 ἐρημώσεως
678 2960 850 3025 ἑστὼς
872 2964 930 3014 ὲν
953 2961 1104 3033 τόπῳ
1118 2962 1282 3032 ἁγίῳ,
1319 2963 1348 3015 ὁ
1377 2961 1759 3031 ἀναγινώσκων

1871 2960 2327 3016 abominationem
2368 2962 2724 3019 desolationis
2757 2972 2990 3019 stantem
3021 2965 3075 3020 in
3103 2967 3225 3023 loco
3255 2981 3444 3026 sancto

184 3053 380 3104 νοείτω
397 3068 411 3082 ’
449 3052 566 3105 τότε
588 3054 637 3105 οἱ
663 3055 719 3106 ἐν
735 3057 800 3125 τῇ
832 3054 1057 3125 Ἰουδαίᾳ
1080 3056 1428 3123 φευγέτωσαν
1450 3057 1528 3118 εἰς
1558 3054 1625 3108 τά
1644 3054 1759 3125 ὅρη1

1873 3051 1987 3122 (qui
2017 3052 2163 3123 legit,
2209 3053 2495 3127 intelligat)
2523 3096 2539 3122 ,
2581 3064 2714 3110 tunc
2738 3055 2831 3126 qui
2865 3056 2919 3111 in
2950 3055 3134 3112 Iudaea
3170 3069 3318 3127 sunt,
3367 3061 3448 3117 l'u-

184 3143 276 3197 καὶ
318 3144 349 3197 6
378 3142 473 3197 ἐπὶ
502 3141 769 3213 δώματος,
804 3143 880 3217 μὴ
902 3143 1276 3200 καταϐαινέτω
1306 3142 1434 3218 ἆραι
1460 3145 1522 3200 τὸ
1556 3146 1759 3220 ἱμάτιον

1872 3145 2022 3216 giant
2048 3145 2115 3200 ad
2149 3155 2396 3212 montes;
2443 3157 2499 3201 et
2548 3145 2641 3215 qui
2685 3145 2738 3199 in
2795 3153 2976 3213 tecto,
3015 3161 3127 3203 non
3156 3149 3449 3206 descendat

183 3235 356 3288 αὑτοῦ
377 3277 393 3300 ,
423 3237 519 3290 καὶ
546 3238 573 3290 6
599 3238 656 3290 ὲν
685 3236 858 3308 ἀγρῷ,
892 3236 966 3309 μὴ
993 3238 1372 3310 ἐπιστρεψάτω
1391 3241 1470 3302 εἰς
1499 3241 1568 3294 τὰ
1595 3240 1759 3296 ὀπίσω

1871 3237 2060 3292 tollere
2087 3246 2290 3292 vestem
2322 3252 2514 3304 suam;
2561 3244 2614 3292 et
2645 3237 2741 3308 qui
2778 3237 2832 3292 in
2865 3251 3020 3308 agro,
3059 3254 3170 3295 non
3203 3250 3449 3296 reverta-

182 3323 318 3398 ἆραί
353 3345 408 3381 τι
439 3329 504 3381 ὲκ
534 3328 632 3400 τῆς
679 3328 854 3392 οἰκίας
881 3327 1060 3382 αὐτοῦ.
1111 3331 1246 3382 Οὐαὶ
1275 3330 1330 3383 δὲ
1362 3335 1480 3396 ταῖς
1497 3334 1552 3385 ὲν
1574 3333 1759 3404 γαστρῚ

1871 3329 1960 3385 tur
1998 3339 2057 3385 ut
2097 3330 2250 3385 tollat
2279 3329 2483 3400 aliquid
2530 3331 2596 3385 de
2628 3330 2791 3385 domo
2820 3345 2938 3385 sua.
2981 3329 3073 3385 Vae
3099 3340 3278 3387 autem
3307 3349 3446 3403 prae-

182 3421 464 3492 ἐχούσαις,
496 3421 589 3475 καὶ
609 3424 729 3484 ταῖς
760 3419 1114 3493 θηλαζούσαις
1146 3425 1202 3476 ὲν
1237 3423 1471 3487 ἐκείναις
1492 3427 1611 3488 ταῖς
1635 3424 1770 3496 ἡμέ-

185 3531 311 3586 ραις
330 3531 345 3544 ·
391 3513 544 3567 ἔσται
573 3513 679 3585 γὰρ
714 3514 834 3567 τότε
867 3513 1042 3586 θλίψις
1069 3515 1298 3587 μεγάλη,
1322 3515 1480 3568 ὁποία
1501 3516 1562 3570 οὐ
1603 3517 1766 3585 γέγοο

181 3625 272 3660 νεν
316 3607 412 3659 ἀπ’
459 3605 632 3677 ἀρχῆς
663 3605 900 3676 κόσμου,
944 3607 1038 3659 καὶ
1080 3607 1129 3658 εί
1166 3605 1241 3677 μὴ
1280 3605 1688 3678 ἐκολοϐώθησαν
1712 3609 1768 3660 αἱ

181 3699 393 3772 ἡμέραι
426 3700 665 3759 ἐκεῖναι,
710 3697 810 3750 οὐκ
839 3696 904 3750 ἂν
930 3696 1106 3768 ἐσώθη
1136 3699 1286 3751 πᾶσα
1320 3698 1473 3770 σάρξ.
1513 3716 1532 3751 ι
1569 3699 1768 3770 Δανιὴλ

179 3792 237 3845 δὲ
274 3791 456 3859 λέγει·
511 3809 530 3840 ι
581 3792 688 3843 Καὶ
720 3790 947 3844 δώσουσι
983 3791 1258 3862 βδέλυγμα
1286 3789 1620 3862 ἐρημώσεως
1653 3789 1765 3864 (2⁵5)

176 3885 401 3956 ἡμέρας
442 3881 619 3955 χιλίας
673 3882 950 3946 διακοσίας
1001 3885 1370 3955 ἐννενήκοντα.
1411 3885 1695 3957 Μακάριος
1738 3889 1767 3940 6

181 3975 491 4047 ὑπομείνας
535 3976 628 4030 καὶ
675 3975 886 4045 φθάσας
927 3975 1005 4038 είς
1043 3975 1258 4047 ἡμέρας
1285 3975 1460 4047 χιλίας
1489 3978 1767 4043 διακοσίας

181 4068 544 4141 ιννενήκοντα
596 4069 778 4122 πέντε.
845 4087 863 4118 ι

266 4163 328 4216 Ὀ
360 4162 417 4214 δὲ
457 4160 721 4234 μακάριος
756 4159 967 4224 Παῦλος
1006 4161 1034 4213 6
1060 4161 1353 4225 ἀπόστολος
1379 4161 1604 4233 γράφων
1631 4161 1766 4233 πρὸς

181 4255 622 4318 θεσσαλονικεῖς,
658 4254 821 4324 φησίν
844 4273 856 4285 ·
901 4273 920 4306 ‹
975 4254 1295 4326 Ἐρωτῶμεν
1325 4254 1382 4307 δὲ
1411 4255 1575 4325 ὑμᾶς,
1611 4254 1765 4308 ἀδελ-

1869 3423 2160 3494 gnantibus
2207 3434 2261 3478 et
2301 3422 2629 3478 lactantibus
2651 3423 2727 3489 .in
2757 3423 2948 3478 diebus
2977 3422 3104 3479 illis.
3149 3422 3265 3480 Erit
3295 3426 3443 3481 enim

1869 3521 2000 3568 tunc
2031 3515 2313 3568 tribulatio
2352 3529 2546 3585 magna
2575 3555 2592 3581 ,
2643 3515 2820 3584 qualis
2868 3529 2974 3568 non
3028 3515 3132 3569 luit
3173 3515 3243 3570 ab
3287 3517 3446 3571 initio

1825 3648 1842 3667 ,
1869 3603 2079 3658 mundi.
2115 3602 2181 3658 Et
2207 3603 2313 3660 nisi
2341 3603 2571 3659 breviati
2608 3602 2841 3660 fuissent
2875 3604 2992 3660 dies
3025 3605 3122 3672 illi,
3155 3622 3264 3662 non
3293 3608 3447 3662 salva

1869 3694 2022 3749 ﬁeret
2054 3695 2234 3750 omnis
2265 3710 2393 3751 caro
2413 3694 2481 3748 ⁸³.
2538 3714 2557 3748 ι
2605 3694 2794 3750 Daniel
2825 3704 3006 3750 autem
3044 3697 3122 3750 ait
3152 3714 3166 3752 :
3203 3715 3223 3748 ι
3260 3696 3325 3752 Et
3348 3697 3448 3752 da-

1867 3787 2004 3842 bunt
2038 3786 2501 3842 abominationem
2540 3786 2896 3843 desolationis
2925 3787 3041 3842 dies
3075 3788 3222 3844 mille
3247 3789 3447 3844 ducen-

1867 3889 1954 3935 tos
1986 3881 2302 3951 nonaginta.
2333 3878 2532 3935 Beatus
2561 3879 2654 3950 qui
2677 3881 3011 3949 exspectavit
3035 3889 3090 3934 et
3115 3880 3359 3950 pervenit
3375 3881 3445 3936 ad

1869 3975 1984 4030 dies
2019 3973 2166 4028 mille
2192 3972 2458 4028 ducentos
2493 3971 2788 4044 nonaginta
2821 3973 3062 4043 quinque
3084 3973 3151 4028 “.
3199 3992 3220 4025 ι

1939 4156 2120 4212 LXIII.
2157 4156 2354 4212 Beatus
2383 4156 2510 4210 item
2548 4152 2751 4209 Paulus
2781 4152 3062 4224 apostolus
3091 4152 3338 4209 scribens
3374 4153 3444 4208 ad

1869 4249 2421 4313 Thessalonicenses,
2452 4249 2527 4302 ait
2559 4264 2573 4300 :
2611 4265 2630 4297 ι
2672 4245 2947 4315 Rogamus
2983 4254 3158 4302 autem
3189 4260 3306 4312 vos,
3339 4244 3446 4300 l‘ra-

180 4350 296 4417 φοὶ,
347 4349 490 4418 ὑπὲρ
518 4348 616 4418 τῆς
652 4346 954 4420 παρουσίας
991 4345 1083 4399 τοῦ
1133 4347 1336 4418 Κυρίου
1376 4347 1532 4417 ἡμῶν
1589 4347 1759 4418 Ἰησοῦ

1871 4351 2002 4405 tres,
2055 4357 2150 4410 per
2190 4341 2479 4395 adventum
2526 4337 2742 4392 Domini
2766 4337 2936 4392 nostri
2961 4335 3090 4393 Jesu
3117 4335 3344 4403 Christi,
3390 4347 3446 4394 et

179 4439 447 4511 Χριστοῦ,
495 4439 589 4491 καὶ
631 4437 787 4509 ἡμῶν
821 4437 1244 4508 ἐπισυναγωγῆς
1294 4437 1380 4490 ἐπ’
1413 4437 1582 4509 αὐτῆς
1631 4437 1759 4508 (26),

1873 4431 2048 4486 nostri
2078 4430 2514 4502 aggregationem
2548 4429 2603 4483 in
2649 4428 2768 4499 ipso
2789 4469 2805 4494 ,
2844 4438 2904 4484 ut
2946 4444 3054 4484 non
3078 4429 3188 4485 cito
3216 4445 3444 4486 movea-

179 4535 265 4596 είς
290 4533 352 4586 τὸ
372 4531 448 4603 μὴ
479 4528 685 4602 ταχέως
706 4531 1032 4601 σαλευθῆναι
1053 4530 1198 4601 ὑμᾶς
1215 4531 1321 4583 ἀπὸ
1346 4529 1439 4582 τοῦ
1463 4529 1602 4594 νοὸς,
1634 4530 1759 4601 μήτε

1871 4523 2003 4578 ηιἰηὶ
2025 4539 2055 4577 a
2087 4539 2273 4586 sensu,
2305 4538 2482 4592 neque
2512 4521 2827 4585 turbemini,
2853 4535 3033 4591 neque
3049 4536 3146 4592 per
3166 4522 3442 4591 spiritum.

180 4624 485 4695 θροεῖσθαι,
513 4625 648 4694 μήτε
675 4623 763 4678 διά
789 4621 1118 4694 πνεύματος,
1148 4622 1282 4692 μήτε
1309 4620 1398 4675 διὰ
1424 4621 1602 4690 λόγου,
1632 4623 1759 4693 μήτε

1871 4630 2044 4686 neque
2071 4630 2167 4685 per
2197 4629 2533 4678 sermonem,
2560 4627 2736 4683 neque
2767 4627 2864 4682 per
2879 4613 3158 4682 epistolas,
3183 4621 3443 4682 tanquam

177 4717 248 4770 δι’
282 4715 586 4770 ἐπιστολῶν
610 4717 684 4780 ώς
711 4716 777 4770 δι’
805 4715 980 4787 ἡμῶν,
1014 4714 1088 4778 ὡς
1103 4716 1183 4768 ὅτι
1203 4714 1496 4784 ἐνέστηκεν
1515 4715 1549 4785 ἡ
1576 4715 1759 4785 ἡμέρα

1871 4707 2030 4762 nobis
2056 4707 2392 4775 auctoribus,
2426 4707 2585 4777 quasi
2611 4705 2775 4759 instet
2803 4704 2918 4759 dies
2937 4702 3150 4757 Domini
3178 4720 3191 4757 :
3228 4717 3297 4758 ne
3317 4705 3443 4774 quis

176 4809 277 4862 τοῦ
320 4807 560 4880 Κυρίουο
609 4809 769 4879 μήτις
806 4809 949 4878 ὑμᾶς
1006 4806 1322 4878 ἐξαπατήσῃ
1367 4805 1509 4858 κατά
1563 4805 1759 4876 μηδένα

1871 4816 1964 4857 vos
1996 4801 2232 4870 decipiat
2258 4800 2370 4855 ullo
2403 4799 2607 4865 modo;
2651 4796 2912 4866 quoniam
2959 4794 3064 4850 nisi
3090 4794 3302 4850 venerit
3327 4795 3444 4850 dis-

176 4900 417 4971 τρόπον’
455 4899 537 4951 ὅτι
577 4897 670 4950 ἐὰν
712 4897 786 4968 μὴ
825 4897 952 4968 ἔλθῃ
986 4897 1018 4967 ἡ
1049 4895 1353 4949 ἀποστασία
1389 4893 1636 4965 πρῶτον,
1670 4895 1759 4948 καὶ

1871 4890 2047 4947 cessio
2092 4892 2354 4961 primum,
2395 4898 2451 4944 et
2507 4888 2776 4944 revelatus
2808 4885 2975 4940 fuerit
3009 4884 3174 4940 homo
3208 4886 3441 4956 peccati,

176 4989 545 5061 ἀποκαλυφθῇ
591 4991 620 5042 6
665 4989 950 5062 ἄνθρωπος
989 4990 1089 5059 τῆς
1124 4985 1430 5059 ἁμαρτίας,
1467 4985 1496 5037 ὁ
1530 4985 1643 5049 υἱὸς
1672 4986 1759 5056 τῆς

1876 4983 2023 5038 ﬁlius
2051 4980 2392 5052 perditionis,
2425 4979 2515 5050 qui
2547 4987 2630 5034 est
2657 4976 3004 5032 adversarius
3029 5017 3044 5043 ,
3077 4983 3133 5031 et
3163 4976 3443 5034 extollitur

254 5131 659 5190 "Psal.crx.l.
735 5131 783 5164 ⁸³
817 5132 983 5201 Apoc.
1023 5147 1096 5189 χι.
1128 5138 1182 5183 b.
1247 5129 1304 5201 7"
1341 5127 1574 5184 Malach.
1608 5144 1685 5194 tv,
1733 5127 1789 5183 2.
1867 5128 1913 5159 ⁸⁵
1946 5125 2305 5189 Mattb.xxtv,
2339 5120 2538 5186 15—22;
2573 5119 2738 5173 Marc.
2770 5134 2890 5182 xm,
2916 5118 3123 5183 M-20;
3157 5115 3292 5174 Luc.
3321 5133 3440 5180 xxi.

175 5201 373 5258 20-23.
449 5204 499 5236 ⁸⁸
521 5201 659 5257 Dan.
695 5217 774 5270 ιι,
797 5200 900 5268 5i;
929 5217 1004 5256 xtl
1027 5240 1043 5265 ,
1078 5201 1166 5266 M,
1191 5200 1284 5254 12.

255 5321 370 5391 ('25)
408 5316 1124 5391 ,ϐδέλυγμα-ἐρημώσεως.
1154 5315 1339 5370 Graeca
1371 5313 1530 5391 Yulg.
1561 5315 1759 5391 ἠφανι-

1930 5311 2042 5391 (εθ)
2081 5309 2216 5391 ,Ἐπ’
2246 5304 2454 5391 ιιῠτῆς;
2495 5303 2563 5358 Et
2583 5303 3025 5391 .h‘39.§§!'.89_'_a'°:
3043 5299 3436 5391 fessise-

178 5372 427 5464 σμέζὸῦἶ
453 5372 679 5443 Videtur
709 5372 1030 5464 Hippolytus
1059 5372 1125 5441 εἰ(
1170 5386 1436 5440 memoria
1459 5372 1596 5464 haec
1615 5372 1762 5464 ἐστὶ·
1858 5372 1948 5464 sn‘
1977 5372 2159 5462 a616v,
2201 5372 2488 5464 referendo
2531 5372 2964 5464 (edulibus-tum“,
2986 5387 3124 5464 non
3137 5372 3443 5464 ad‘adven-

442 5469 504 5532 ιιι
527 5443 947 5532 οηιθβϊὼξμξ
975 5459 1240 5513 ducentos
1256 5455 1571 5532 Διιοῐιὶιῧίηίίί
1602 5454 1763 5532 qui!“
1861 5463 2001 5532 ""93
2033 5452 2132 5521 τῆς
2163 5446 2486 5532 παρουεξίοξςτ
2769 5443 3370 5532 9313913591833?
3372 5459 3442 5532 δ’

175 5513 482 5601 aiié'sénn
504 5572 518 5593 ,
540 5513 642 5601 :ubi
676 5528 897 5601 Hebraea
933 5541 1232 5601 omnesque
1256 5513 1578 5594 interpretes
1608 5513 1756 5578 mille
1860 5513 2098 5601 peditus.
2121 5528 2200 5601 _ut
2237 5513 2494 5601 respiciat
2524 5513 3446 5601 raptumelectoruumaeprwstan-

175 5588 460 5656 trecentos
487 5588 702 5668 triginta
735 5599 976 5668 quinque
1016 5588 1237 5658 habent,
1277 5588 1589 5668 quanquam
1618 5608 1752 5647 nus-
1861 5588 1998 5668 tium
2026 5591 2300 5668 iustorum
2325 5588 2624 5668 ad_el_lm‘iﬂ
2660 5597 2785 5668 τιθτει
2819 5601 2848 5664 ε,
2870 5597 2996 5668 qua?
3013 5596 3208 5668 99'???“
3243 5601 3444 5668 ﬁgis"-

175 5655 352 5742 qnam
382 5655 690 5742 proclivior
745 5655 1009 5742 διαφώνία
1049 5677 1102 5722 et
1145 5655 1517 5742 error,_quam
1565 5663 1764 5742 in__nu-
1869 5655 2234 5742 gatio'innipso
2263 5655 3446 5742 Dominiadlentufuiusmcgltlmotlelacere

1868 5723 2046 5804 potuit
2080 5723 2283 5804 Paulus
2318 5727 2536 5804 eosdem
2566 5723 3114 5804 Thessalonicenses,
3143 5739 3446 5798 eorumque

177 5733 376 5796 fueris.
399 5733 586 5796 Etiam
615 5733 858 5795 Matthaei'
890 5739 1069 5808 verba,
1097 5752 1291 5807 parum
1337 5733 1541 5808 Iurata,
1603 5733 1760 5788 aliter
1868 5733 2046 5808 potuit
2080 5733 2283 5808 Paulus
2318 5733 2443 5808 eosd

1869 5793 2081 5861 animos
2114 5801 2180 5857 ad
2215 5814 2338 5856 eum
2367 5798 2596 5869 erigere.
2628 5793 2703 5849 In.

177 5827 251 5866 ac
279 5810 463 5866 Graeca
495 5808 653 5880 Vulg.
683 5823 981 5874 omnesque
1007 5805 1110 5864 alii
1133 5808 1350 5863 habent.
1385 5805 1621 5860 Coueur.
