3836 6498
417 305 523 362 785

1091 305 1149 361 S.
1189 305 1547 376 IIIPPOLYTI
1585 306 1732 364 OPP.
1771 273 1949 364 PARS
1981 308 2045 364 11.
2087 341 2156 350 -—
2194 309 2497 366 DOGMAT.
2539 309 2627 364 ET
2665 308 3010 366 HISTORIC.

3570 312 3669 367 781

418 438 582 493 super
607 437 823 477 omnem
858 414 949 492 qui
977 423 1176 479 dicitur
1206 425 1350 481 Deus
1379 435 1473 481 aut
1501 443 1727 493 numen,
1767 429 1837 482 ita
1857 437 1915 481 ut
1935 427 1977 481 ir

2092 429 2385 494 ἀπωλείας,
2419 430 2447 480 6
2478 428 2854 499 ἀντικείμενος
2881 429 2972 482 καὶ
3003 426 3364 498 ἐπαιρόμενος
3382 427 3474 480 ἐπὶ
3502 427 3670 481 πάντα

418 517 620 586 templo
669 514 766 570 Dei
817 516 1024 581 sedeat,
1075 526 1359 573 ostentans
1401 534 1461 574 se
1491 535 1614 575 esse
1642 519 1833 575 Deum.
1877 518 1994 574 Non

416 608 767 673 meministis,
802 610 945 678 quod
975 625 1099 664 cum
1133 611 1314 664 adhuc
1341 626 1516 666 essem
1551 611 1693 681 apud
1726 627 1845 677 vos,
1884 612 1999 666 haec

416 701 660 756 dicebam
696 701 885 755 vobis?
912 701 976 754 Et
1025 717 1170 756 nunc
1199 703 1538 758 obstacnlum
1603 703 1774 767 scitis,
1810 711 1869 757 ut
1908 703 1997 759 ille

416 794 686 848 reveletur
741 793 792 847 in
843 809 944 848 suo
1013 802 1274 863 tempore.
1335 793 1470 847 Nam
1522 795 1838 866 mysterium
1883 795 1996 865 iam

413 893 672 954 operatur
704 883 1042 954 iniquitatis;
1072 893 1286 937 tantum
1311 883 1403 953 qui
1437 892 1582 938 tenet
1606 900 1772 949 nunc,
1794 892 1996 964 teneat,

412 977 587 1032 donec
609 976 676 1030 de
695 976 876 1030 medio
896 977 1006 1030 tiat.
1035 975 1100 1029 Et
1125 986 1251 1032 tunc
1275 977 1604 1031 revelabitur
1631 977 1720 1031 ille
1749 977 1993 1047 iniquus,

411 1086 573 1141 quem
605 1069 868 1124 Dominus
897 1067 1058 1126 Jesus
1088 1070 1377 1124 interliciet
1421 1071 1615 1140 spiritu
1652 1070 1766 1125 oris
1798 1071 1906 1136 sui,
1941 1079 1998 1126 ct

411 1162 653 1218 destruet
686 1161 1053 1215 illustratione
1072 1161 1338 1216 adventus
1363 1165 1449 1216 sui
1489 1183 1499 1216 :
1539 1162 1699 1232 cujus
1729 1162 1997 1218 adventus

414 1254 715 1308 secundum
758 1253 1130 1324 operationem
1181 1253 1417 1322 Satanae,
1451 1254 1506 1308 in
1533 1255 1682 1309 omni
1713 1256 1914 1310 virtute
1945 1264 1998 1310 et

413 1348 584 1417 signis
624 1356 675 1400 et
719 1346 981 1418 prodigiis
1017 1346 1393 1414 mendacibus,
1446 1357 1500 1403 et
1543 1349 1595 1402 in
1647 1349 1796 1403 omni
1835 1349 1995 1404 dece-

412 1441 596 1510 ptione
621 1440 916 1510 iniustitiae,
942 1440 995 1494 in
1025 1439 1093 1495 iis
1108 1441 1199 1510 qui
1221 1450 1466 1510 pereunt,
1495 1456 1560 1495 eo
1585 1441 1731 1510 quod
1760 1441 1998 1495 charita-

414 1541 518 1588 tem
539 1533 784 1588 veritatis
807 1548 915 1588 non
928 1543 1266 1603 receperunt.
1285 1533 1349 1588 Et
1371 1541 1590 1604 propter
1605 1533 1710 1588 hoc
1743 1535 1917 1588 mittet
1940 1534 1995 1588 il-

412 1627 480 1682 lis
498 1625 642 1682 Deus
661 1625 1033 1696 operationem
1054 1625 1340 1692 erroris,ut
1359 1627 1582 1682 credant
1597 1626 1943 1681 mendacium
1975 1643 1990 1694 ;

318 1709 324 1716 ⁸
414 1729 474 1775 ut
516 1719 830 1790 iudicentur
859 1733 1051 1775 omnes
1081 1718 1173 1789 qui
1209 1733 1318 1774 non
1363 1720 1708 1775 crediderunt
1748 1719 1982 1785 veritati,

2096 519 2386 590 λεγόμενον
2425 518 2556 572 Θεὸν
2597 519 2632 588 ἢ
2677 519 2960 590 σέϐασμα,
3018 517 3158 572 ὥστε
3209 519 3402 571 ἑαυτὸν
3461 519 3543 582 είς
3585 517 3669 572 τὸν

2097 611 2223 664 ναὸν
2245 610 2337 664 τοῦ
2371 609 2507 663 Θεοῦ
2537 608 2782 675 καθίσαι,
2818 609 3209 664 ἀποδεικνύντα
3235 609 3427 663 ἑαυτὸν
3452 609 3536 662 δτι
3569 608 3669 679 (Ξῖ)

2097 703 2215 755 ἐστὶ
2267 701 2418 765 Θεός.
2455 702 2530 755 Ού
2569 703 2966 774 μνημονεύετε,
3000 701 3203 759 ὄτι,ἔτι
3241 701 3318 755 ὢν
3346 698 3486 772 πρὸς
3512 701 3669 772 ὑμᾶς,

2096 794 2268 849 ταῦτα
2305 795 2489 865 ἔλεγον
2532 796 2695 866 ὑμῖν,
2749 797 2858 850 Kal
2890 795 2984 849 νῦν
3011 796 3073 849 τὸ
3101 795 3329 866 κατέχον
3372 795 3571 857 οἴδατε,
3597 795 3669 859 είς

2096 886 2158 939 τὸ
2194 887 2641 959 ἀποκαλυφθῆναι
2679 888 2840 940 αὑτὸν
2876 887 2955 958 τῷ
2992 887 3185 942 ἑαυτοῦ
3222 887 3418 960 καιρῷ.
3461 886 3536 940 Τὸ
3571 886 3668 958 γὰρ

2102 981 2396 1051 μυστήριον
2433 980 2533 1051 1ίδδη
2561 983 2864 1057 ἐνεργεῖται
2883 981 2983 1050 τῆς
3006 980 3232 1050 ἀνομίας
3251 996 3264 1009 ·
3300 981 3460 1050 μόνον
3491 981 3521 1032 6
3548 995 3668 1032 κατ-

2099 1072 2236 1143 έχων
2270 1073 2394 1143 ἀρτι
2430 1071 2533 1136 ἕως
2571 1074 2634 1125 ἐκ
2680 1072 2843 1144 μέσου
2873 1075 3116 1145 γένηται.
3153 1074 3265 1126 Καὶ
3293 1072 3414 1125 τότε
3473 1072 3663 1125 ἀποκα-

2098 1163 2426 1236 λυφθήσεται
2454 1167 2481 1218 6
2508 1166 2709 1235 ἄνομος
2727 1207 2741 1231 ,
2775 1165 2834 1219 ὃν
2855 1167 2883 1218 6
2916 1165 3119 1236 Κύριος
3160 1164 3367 1235 Ἰησοῦς
3396 1163 3581 1217 ἀνελεῖ
3603 1162 3667 1232 τῷ

2098 1255 2368 1325 πνεύματι
2417 1254 2509 1308 τοῦ
2558 1255 2823 1326 στόματος
2866 1254 3052 1318 αὑτοῦ,
3091 1254 3184 1306 καὶ
3230 1254 3574 1324 καταργήσει
3610 1255 3664 1323 τῇ

2098 1347 2388 1418 ἐπιφανείᾳ
2427 1348 2527 1417 τῆς
2569 1347 2871 1418 παρουσίας
2899 1346 3064 1400 αὑτοῦ
3085 1363 3096 1375 ·
3133 1340 3194 1400 οῦ
3227 1348 3375 1398 ἐστιν
3411 1347 3444 1415 ὴ
3477 1362 3664 1417 παρου-

2099 1436 2188 1490 σία
2223 1438 2342 1492 κατ’
2375 1438 2655 1508 ἐνέργειαν
2694 1439 2788 1492 τοῦ
2823 1439 3036 1491 Σατανᾶ
3067 1439 3124 1489 ἐν
3153 1437 3302 1510 πάσῃ
3326 1436 3558 1506 δυνάμει
3589 1436 3666 1489 καὶ

2098 1530 2345 1602 σημείοις
2369 1532 2462 1585 καὶ
2489 1531 2680 1602 τέρασι
2696 1529 2945 1599 ψεύδους,
2980 1530 3073 1583 καὶ
3101 1531 3158 1582 ἐν
3185 1528 3331 1600 πάσῃ
3362 1529 3555 1601 ἀπάτῃ
3581 1527 3664 1598 τῆς

2095 1619 2307 1686 ἀδικίας
2327 1623 2384 1676 ὲν
2409 1625 2518 1686 τοῖς
2539 1621 2928 1692 ἀπολλυμένοις
2944 1637 2958 1652 ⁸
2978 1620 3092 1675 ἀνθ’
3115 1614 3189 1674 ὧν
3222 1621 3318 1691 τὴν
3339 1620 3566 1690 ἀγάπην
3580 1619 3663 1686 τῆς

2096 1711 2353 1784 ἀληθείας
2382 1714 2483 1766 οὐκ
2502 1711 2769 1778 ἐδέξαντο.
2795 1712 2904 1766 Kal
2928 1710 3016 1764 διὰ
3044 1710 3201 1764 τοῦτο
3225 1711 3431 1782 πέμψει
3452 1711 3663 1773 αὐτοὶςὸ

415 1779 801 1882 sedinjustitia:
822 1820 1013 1882 sponte
1032 1811 1376 1866 adhaeserunt
1404 1812 1468 1866 ⁸⁷.
1487 1811 1604 1867 »Αἰι
1628 1827 1756 1867 vero
1777 1811 1974 1868 Isaias:

2083 1803 2213 1869 Θεὸς
2228 1805 2507 1878 ἐνέργειαν
2525 1805 2748 1876 πλάνης,
2763 1807 2841 1868 είς
2856 1804 2917 1856 τὸ
2930 1802 3218 1859 πιστεῦσαι
3245 1805 3444 1868 αὐτοὺς
3465 1804 3529 1857 τὸ
3551 1803 3662 1873 ψεῦ-

415 1923 439 1956 ε
480 1903 722 1959 Tollatur
755 1904 985 1973 impius,
1019 1918 1086 1958 ne
1119 1901 1298 1957 videat
1336 1902 1564 1974 gloriam
1598 1902 1815 1958 Domini
1838 1904 1905 1956 ⁸⁸.
1953 1923 1972 1956 ι

480 2183 663 2238 LXIV.
714 2182 809 2238 llis
858 2183 1062 2254 itaque,
1117 2182 1461 2250 charissime,
1511 2180 1731 2245 futuris,
1765 2198 1983 2253 unaque

410 2279 466 2332 in
497 2287 634 2332 duas
660 2278 831 2332 divisa
859 2277 1185 2346 septimana,
1212 2291 1277 2332 ac
1298 2285 1427 2331 tunc
1457 2284 1752 2346 apparente
1777 2277 1984 2331 abomi-

408 2367 629 2422 natione
661 2366 1015 2422 desolationis
1043 2365 1323 2435 duumque
1347 2363 1563 2421 Domini
1596 2366 1982 2435 prophetarum

407 2469 473 2510 ac
499 2469 897 2524 praecursorum
938 2469 1104 2509 cursu
1133 2463 1539 2521 consummato,
1572 2469 1637 2510 ac
1654 2454 1768 2524 iam
1793 2455 1984 2511 mundi

406 2543 647 2599 universi
685 2551 968 2612 appetente
1001 2543 1508 2609 consummatione;
1554 2543 1681 2615 quid
1712 2544 1984 2614 reliquum

407 2644 511 2698 est,
560 2650 723 2705 quam
773 2642 831 2688 ut
875 2633 1139 2690 Dominus
1196 2643 1250 2689 et
1294 2632 1544 2689 Salvator
1595 2643 1781 2690 noster
1825 2634 1984 2692 Jesus

405 2725 660 2783 Christus
693 2725 834 2781 Deus
874 2741 904 2781 e
934 2727 1088 2782 caelis
1116 2736 1406 2797 appareat,
1445 2727 1501 2782 in
1529 2743 1692 2798 quem
1739 2730 1984 2800 speravi-

410 2817 572 2872 mus?
599 2815 693 2887 qui
723 2815 1202 2887 conllagrationem
1222 2817 1546 2889 iustumque
1565 2819 1834 2890 judicium
1859 2835 1986 2876 cun-

406 2909 511 2964 ctis
542 2908 865 2963 inducturus
911 2907 1002 2974 sit,
1049 2909 1143 2979 qui
1196 2909 1248 2964 in
1286 2925 1413 2964 eum
1458 2925 1566 2964 non
1615 2911 2009 2970 crediderunt.’

405 3001 497 3056 Ait
527 3000 672 3056 enim
703 2998 968 3058 Dominus
1013 3019 1024 3031 ·
1064 3021 1082 3052 ι
1126 2999 1222 3056 His
1261 3001 1373 3073 iam
1410 3001 1526 3058 ﬁeri
1577 3003 1981 3075 incipientibus,

2078 1894 2188 1960 δος,
2208 1896 2294 1949 ἵνα
2312 1896 2541 1968 κριθῶσι
2560 1897 2757 1960 πάντες
2770 1898 2820 1949 οἱ
2837 1896 2912 1968 μὴ
2933 1896 3321 1961 πιστεύσαντες
3337 1899 3406 1966 τῇ
3425 1895 3660 1966 ἀληθεία,

2080 1987 2193 2042 ἀλλ’
2235 1989 2623 2059 εὐδοκήσαντες
2670 1991 2737 2061 τῇ
2771 1988 2973 2060 ἀδικίᾳ.
3025 2008 3044 2042 ι
3095 1988 3321 2052 Ἡσαΐας
3363 1989 3423 2042 δὲ
3477 1987 3649 2056 λέγει’

2103 2099 2120 2131 ι
2159 2081 2404 2152 Ἀρθήτω
2433 2082 2461 2133 6
2483 2081 2706 2152 ἀσεϐὴς,
2739 2081 2826 2135 ἵνα
2855 2082 2928 2153 μὴ
2966 2081 3049 2154 ἴδῃ
3077 2083 3177 2152 τὴν
3204 2080 3362 2146 δόξαν
3406 2080 3655 2152 Κυρίου.»

2152 2173 2368 2226 Τούτων
2395 2168 2488 2227 οὖν
2514 2174 2787 2244 ἐσομένων
2806 2216 2820 2239 ,
2849 2174 3119 2246 ἀγαπητὲ,
3146 2174 3241 2227 καὶ
3269 2173 3374 2244 τῆς
3419 2175 3556 2244 μιᾶς
3586 2172 3659 2226 ἑὸ-

2081 2263 2308 2336 δομάδος
2359 2267 2438 2329 είς
2478 2265 2570 2319 δύο
2615 2264 2994 2337 μερισθείσης,
3038 2265 3132 2319 καὶ
3168 2265 3261 2318 τοῦ
3301 2264 3659 2335 βδελύγματος

2081 2357 2182 2428 τῆς
2221 2356 2554 2429 ἐρημώσεως
2580 2357 2700 2411 τότε
2734 2357 3117 2428 ἀναφανέντος.
3152 2359 3246 2411 καὶ
3281 2357 3394 2410 τῶν
3412 2357 3511 2410 δύο
3543 2375 3658 2430 προ-

2084 2448 2270 2521 φητῶν
2300 2449 2411 2521 (28)
2441 2449 2534 2502 καὶ
2555 2450 2877 2522 προδρόμων
2905 2450 3000 2503 τοῦ
3032 2450 3237 2522 Κυρίου
3257 2449 3657 2504 τελειωσάντων

2082 2541 2173 2595 τὸν
2204 2541 2332 2595 ἴδιον
2362 2539 2580 2613 δρόμον,
2617 2543 2711 2596 καὶ
2738 2542 2830 2596 τοῦ
2857 2541 3168 2614 σύμπαντος
3190 2541 3400 2612 κόσμου
3433 2544 3515 2606 είς
3546 2560 3655 2594 συν-

2083 2632 2294 2686 τέλειαν
2330 2633 2514 2687 λοιπὸν
2556 2635 2851 2705 ἐρχομένου
2878 2649 2893 2664 ο
2935 2633 2990 2686 τί
3033 2632 3432 2704 περιλείπεται,
3479 2633 3586 2686 ἀλλ’
3623 2633 3655 2703 ἢ

2085 2726 2120 2797 ἡ
2157 2724 2446 2795 ἐπιφάνεια
2490 2726 2585 2779 τοῦ
2628 2725 2832 2797 Κυρίου
2870 2725 2964 2779 καὶ
2987 2725 3234 2796 Σωτῆρος
3274 2724 3438 2795 ἡμῶν
3494 2723 3651 2795 ’1ησοῦ

2085 2816 2322 2890 Χριστοῦ
2369 2817 2463 2870 τοῦ
2505 2817 2640 2870 Θεοῦ
2672 2817 2765 2870 ἀπ’
2794 2816 3061 2888 οὐρανῶν,
3096 2818 3174 2879 είς
3212 2816 3271 2869 δν
3319 2815 3650 2887 ἠλπίκαμεν;

2085 2907 2146 2972 ὃς
2172 2908 2361 2973 ἑπάξει
2391 2908 2490 2978 τὴν
2522 2908 2830 2980 ἐκπύρωσιν
2857 2909 2948 2961 καὶ
2979 2909 3076 2980 τὴν
3108 2909 3507 2979 δικαιοκρισίαν
3533 2911 3650 2961 πᾶσι

2086 3002 2199 3063 τοῖς
2229 3000 2586 3072 ἀπειθήσασιν
2615 2999 2781 3070 αὐτῷ.
2813 2999 2974 3068 Λέγει
3006 2999 3112 3071 γὰρ
3143 3001 3171 3052 6
3200 2999 3439 3071 Κύριος·
3479 3017 3499 3052 ι
3545 2998 3654 3070 Ἀρ-

406 3094 662 3163 respicite
685 3103 740 3149 et
773 3093 948 3148 levate
971 3094 1151 3165 capita
1177 3103 1380 3162 vestra,
1406 3096 1667 3166 quoniam
1693 3098 1977 3169 apprOpin-

2086 3091 2332 3164 χομένων
2377 3091 2560 3145 λοιπὸν
2606 3092 2809 3144 τούτων
2866 3091 3147 3159 γίνεσθαι,
3202 3091 3516 3161 ἀνακύψατε
3565 3090 3650 3145 καὶ

405 3188 594 3255 quavit
642 3185 940 3256 rcdemp‘io
977 3195 1156 3242 vestra
1205 3187 1272 3240 ⁸³.
1319 3186 1385 3242 Ει
1428 3189 1654 3258 capillus
1701 3190 1768 3245 de
1806 3190 1982 3261 capite

404 3290 585 3334 vestro
635 3295 743 3334 non
774 3279 973 3349 peribit
1020 3279 1086 3332 9°.
1135 3277 1288 3334 Sicut
1339 3281 1484 3336 enim
1533 3280 1712 3353 fulgur
1755 3283 1869 3339 exit
1913 3285 1981 3340 ab

404 3369 644 3435 Oriente,
673 3380 727 3426 et
756 3372 925 3443 fulget
959 3387 1131 3442 usque
1159 3374 1226 3428 ad
1255 3373 1614 3440 occidentem,
1644 3376 1724 3431 sic
1746 3377 1852 3431 erit
1884 3377 1982 3432 ad-

402 3473 599 3519 ventus
640 3463 761 3518 Filii
823 3463 1082 3519 hominis.
1140 3462 1463 3535 Ubicunque
1518 3464 1681 3522 fuerit
1727 3469 1976 3535 cadaver,

403 3556 514 3610 illic
544 3555 1022 3624 congregahuntur
1053 3565 1108 3610 et
1136 3557 1334 3625 aquila
1359 3558 1424 3612 οι.
1469 3576 1488 3609 ι
1524 3557 1649 3614 Fuit
1672 3570 1853 3616 autem
1887 3579 1980 3619 ca-

403 3647 570 3701 daver
615 3645 752 3715 (26')
786 3646 840 3698 in
867 3646 1154 3716 paradiso;
1185 3646 1420 3702 ihienim
1467 3649 1712 3706 Adamus
1759 3654 1974 3709 cecidit.

401 3740 600 3809 Aitque
625 3753 848 3794 rursus:
875 3757 894 3790 ι
919 3737 1072 3794 Tunc
1113 3739 1290 3794 mittet
1309 3738 1481 3795 Filius
1499 3741 1736 3796 hominis
1758 3747 1978 3814 angelos

403 3847 557 3897 suos,
586 3843 658 3899 et.
684 3831 1041 3902 congregabit
1089 3831 1293 3887 electos
1319 3847 1450 3888 suos
1483 3848 1513 3887 a
1538 3843 1775 3904 quatuor
1802 3839 1977 3895 ventis

402 3928 528 3982 caeli
557 3927 625 3980 θ’.
667 3946 686 3978 ι
721 3924 887 3979 David
923 3939 1143 3995 quoque
1173 3925 1545 3996 pramuntians
1571 3926 1838 3997 judicium
1866 3929 1975 3987 Do-

401 4020 646 4089 minique
688 4016 1083 4088 apparitionem
1132 4037 1144 4071 :
1184 4036 1203 4069 ‹
1238 4018 1282 4070 Α
1315 4033 1533 4074 summo
1566 4021 1706 4076 coelo
1733 4025 1976 4093 egressio

399 4113 541 4182 ejus,
585 4112 782 4182 inquit,
831 4118 887 4165 ct
929 4125 1191 4166 occursus
1221 4110 1342 4181 ejus
1391 4127 1563 4180 usque
1594 4112 1662 4167 ad
1699 4128 1974 4170 summum

399 4206 547 4270 caeli,
565 4214 620 4258 et
635 4220 744 4259 non
762 4212 845 4258 est
859 4203 953 4272 qui
971 4216 1030 4258 se
1053 4203 1390 4258 abscondata
1406 4203 1587 4259 calore
1607 4204 1726 4274 ejus
1738 4206 1804 4260 ’³.
1831 4225 1850 4259 ι
1873 4207 1976 4263 Ca-

399 4298 572 4353 lorem
587 4294 1220 4364 veru,conilagrationem
1242 4303 1421 4350 vocat.
1449 4292 1540 4350 Sic
1563 4305 1743 4350 autem
1763 4295 1934 4354 Isaias
1957 4317 1972 4354 :

405 4409 423 4440 α
468 4387 648 4454 Vade,
693 4385 925 4456 populus
965 4400 1150 4452 meus,
1195 4386 1338 4442 intra
1366 4385 1422 4440 in
1443 4387 1754 4442 cubiculum
1788 4398 1968 4459 tuum;

2083 3187 2323 3260 ἐπάρατε
2367 3183 2466 3249 τὰς
2499 3185 2737 3255 κεφαλὰς
2778 3185 2951 3256 ὑμῶν,
3001 3186 3081 3239 δτι
3126 3187 3353 3257 1ἤγγισεν
3391 3189 3424 3257 ἡ
3461 3186 3648 3240 ἀπολύ-

2080 3296 2282 3352 τρωσις
2311 3277 2482 3349 ὑμῶν.
2519 3277 2628 3331 Καὶ
2661 3277 2781 3350 θρὶξ
2812 3280 2875 3331 ὲκ
2905 3277 3002 3349 τῆς
3035 3278 3274 3350 κεφαλῆς
3303 3279 3459 3349 ὑμῶν
3490 3281 3546 3332 οὗ
3580 3278 3646 3348 μὴ

2079 3373 2391 3426 ἀπόλλυται.
2441 3371 2651 3443 Ὠσπερ
2705 3371 2814 3443 γὰρ
2855 3374 2887 3442 ἡ
2932 3373 3185 3444 ἀστραπὴ
3233 3373 3505 3442 ἐγείρεται
3549 3371 3648 3423 ἀπὸ

2079 3462 2383 3527 ἀνατολῶν,
2421 3463 2512 3516 κα)⁴
2554 3463 2799 3533 φαίνεται
2839 3464 2966 3535 ἄχρι
3003 3462 3252 3536 δυσμῶν,
3286 3463 3460 3527 οὕτως
3505 3465 3645 3516 ἔσται

2079 3557 2174 3610 καὶ
2211 3559 2244 3627 ἡ
2280 3555 2547 3627 παρουσία
2569 3554 2663 3608 τοῦ
2682 3555 2808 3608 Υἱοῦ
2839 3555 2934 3608 τοῦ
2972 3554 3279 3627 ἀνθρώπου.
3300 3557 3473 3609 Ὅπου
3506 3556 3566 3608 ἂν

2040 3669 2044 3672 '
2078 3649 2140 3702 τὸ
2173 3648 2394 3720 πτῶμα,
2426 3649 2542 3702 ἐκεῖ
2574 3646 2996 3720 συναχθήσονται
3026 3647 3120 3702 καὶ⁵
3151 3649 3199 3701 οί
3230 3648 3401 3702 ἀετοί.
3439 3668 3456 3699 ι
3496 3647 3644 3700 11:17;-

2080 3759 2158 3814 μα
2189 3741 2244 3795 δὲ
2276 3741 2566 3812 γεγένηται
2601 3742 2656 3794 ἐν
2689 3740 3034 3813 παραδείσῳ,
3073 3741 3192 3792 ἐκεῖ
3217 3740 3328 3812 γάρ
3369 3739 3532 3810 Ἀδὰμ
3554 3740 3647 3791 πέ-

2077 3853 2294 3890 πτωκεν
2320 3854 2333 3867 ·
2370 3836 2428 3900 ὃς
2478 3837 2571 3889 καὶ
2623 3835 2782 3889 πάλιν
2839 3833 3016 3902 λέγει·
3054 3852 3073 3884 ‹
3131 3834 3263 3886 Τότε
3297 3833 3579 3888 ἀποστελεῖ
3616 3834 3646 3885 6

2076 3929 2205 3992 Υἱὸς
2235 3927 2328 3982 τοῦ
2358 3927 2642 3999 ἀνθρώπου
2668 3928 2795 3990 τοὺς
2813 3925 3075 3996 ἀγγέλους
3103 3925 3291 3990 αὑτοῦ,
3311 3926 3404 3979 κα)⁸
3434 3928 3644 3979 ἐπισυν-

2074 4021 2197 4088 άξει
2247 4022 2373 4084 τοὺς
2404 4020 2692 4083 ἐκλεκτοὺς
2726 4018 2889 4072 αὑτοῦ
2933 4021 2997 4071 ὲκ
3047 4018 3151 4070 τῶν
3200 4019 3478 4090 τεσσάρων
3524 4017 3646 4070 ἀνέ-

2078 4114 2194 4186 μῶν
2229 4112 2322 4166 τοῦ
2361 4100 2609 4185 ούράνοῦ.
2652 4130 2669 4162 ι
2704 4111 2814 4164 Καὶ
2843 4109 3008 4162 Δαϐὶδ
3042 4110 3373 4181 προμηνύων
3400 4110 3494 4180 τὴν
3521 4107 3642 4178 κρί-

2078 4223 2160 4261 σιν
2202 4207 2297 4260 καὶ
2326 4204 2424 4276 τὴν
2458 4203 2776 4273 ἐπιφάνειαν
2813 4201 2906 4255 τοῦ
2950 4201 3177 4272 Κυρίου,
3213 4201 3409 4273 φησίν·
3447 4219 3463 4250 ι
3520 4199 3642 4251 Ἀπ’

2075 4299 2244 4372 ἄκρου
2262 4297 2354 4351 τοῦ
2387 4295 2614 4368 ούρανοῦ
2643 4298 2674 4366 ὴ
2708 4293 2881 4360 ἔξοδος
2911 4292 3098 4357 αὑτοῦ,
3129 4293 3300 4345 καὶτὸ
3331 4291 3646 4362 κατάντημι

2075 4388 2240 4442 αὐτοῦ
2274 4389 2377 4450 ἕως
2399 4388 2566 4457 ἄκρου
2600 4384 2694 4438 τοῦ
2727 4383 2956 4456 ούρανοῦ
2977 4401 2989 4413 ·
3016 4384 3108 4437 καὶ
3139 4383 3239 4435 ούκ
3269 4382 3410 4435 ἔστιν
3437 4382 3494 4444 ὃς
3511 4382 3644 4434 dm-

398 4478 590 4533 claude
610 4476 811 4532 ostium
837 4486 1022 4543 tuum;
1056 4475 1392 4532 abscondere
1421 4478 1694 4532 modicum
1717 4478 1971 4548 aliquan-

2083 4481 2410 4552 κρυϐήσεται
2433 4479 2530 4548 τῆς
2561 4476 2774 4549 θέρμης
2800 4475 2982 4530 αὐτοῦ.
2999 4495 3016 4527 ι
3051 4475 3275 4546 Θέρμην
3300 4474 3355 4526 δὲ
3377 4473 3515 4541 λέγει
3539 4474 3641 4542 τὴν

397 4571 596 4635 tulutn,
649 4567 826 4624 donec
874 4577 1216 4638 pertranseat
1263 4569 1345 4622 ira
1380 4567 1620 4624 Domini.
1644 4569 1691 4602 ³⁸
1715 4589 1734 4621 ι
1766 4570 1964 4631 Paulus

394 4663 571 4718 item:
616 4681 634 4715 ι
685 4661 973 4716 Revelatur
1015 4660 1160 4714 enim
1211 4661 1292 4716 ira
1351 4660 1443 4716 Dei
1500 4661 1569 4716 de
1618 4662 1756 4717 caelo
1802 4679 1967 4734 super

394 4770 611 4810 omnem
643 4754 971 4824 impietatem
997 4763 1052 4808 et
1075 4753 1407 4823 iniustitiam
1438 4753 1975 4822 hominum,quive—

393 4849 608 4902 ritatem
640 4847 734 4902 Dei
763 4847 816 4901 in
845 4846 1110 4916 iniustitia
1136 4847 1381 4902 detinent
1411 4847 1478 4900 ".
1514 4865 1534 4897 ι

465 4991 508 5023 ⁸⁷
552 4988 594 5043 ll
624 4988 817 5046 Thess.
875 5007 951 5054 ιι,
997 4991 1138 5046 1-11.
1210 4991 1255 5023 ⁸⁸
1289 4991 1393 5047 lsa.
1439 5007 1597 5058 XXVI,
1651 4991 1735 5047 10.

391 5063 437 5134 1³³
471 5060 661 5115 Matth.
687 5077 835 5127 xxw,
863 5061 952 5116 51.

463 5202 596 5281 (26⁸)
634 5203 692 5258 In
735 5205 924 5281 Crteco
977 5206 1062 5281 bis
1127 5207 1325 5281 πτῶμα
1357 5219 1672 5281 usurpatur,
1689 5219 1768 5281 fut
1811 5211 1954 5281 apud

392 5271 706 5329 Matthieum
751 5276 1005 5352 cadaver,
1043 5277 1096 5352 in
1109 5271 1509 5352 Aexplicatione'
1522 5271 1668 5334 vero’
1685 5271 1953 5352 llippo'lyti

387 5358 570 5413 casum
594 5360 687 5399 seu
711 5346 922 5398 ruinam
956 5346 1244 5412 signiﬁcet.
1274 5346 1444 5413 Quem
1481 5350 1533 5402 in
1569 5346 1955 5404 verbis'l'usu'm

388 5411 580 5470 Latine
596 5423 987 5485 repraesentare
1011 5411 1179 5486 penes
1210 5411 1557 5489 interpretem
1592 5436 1700 5474 non
1724 5419 1846 5474 fuit.

1437 5490 1594 5544 Ειιιτ.
1641 5489 1886 5544 ΡΑτιιοι..

460 5550 575 5666 (ΞἹξ
603 5553 750 5632 "Qu.
785 5555 950 5623 Gud.,
987 5556 1062 5620 ὡς
1099 5557 1204 5612 ὅτι.

463 5620 553 5666 (9.8
612 5627 732 5666 Των
756 5625 865 5666 Ih'm
901 5626 1216 5666 σηηιηιητιῖνν
1274 5626 1328 5666 In
1372 5629 1558 5666 enin-in
1595 5629 1687 5666 illn
1725 5637 1886 5666 trante

463 5620 575 5698 (28)
612 5622 732 5698 ἵςῶν
756 5625 865 5698 δύο
895 5620 1236 5696 προφητῶν.
1274 5626 1328 5681 Ιιι
1372 5629 1558 5698 spurio
1594 5629 1688 5685 illo
1725 5637 1960 5685 tractatu

391 5689 470 5743 De
528 5694 851 5748 Antichristo
895 5689 950 5751 et
1002 5689 1187 5751 mundi
1242 5689 1693 5753 consummatione
1747 5715 1777 5752 τι
1831 5699 1960 5754 Pico

395 5760 633 5834 vulgato,
678 5767 870 5822 tertius
900 5769 1052 5824 testis
1078 5776 1132 5824 et
1161 5782 1464 5838 praecursor
1490 5769 1714 5839 gloriosi
1746 5769 1959 5826 Domini

1838 4993 1886 5030 ⁸⁸
1917 4994 2054 5050 Luc.
2092 5011 2206 5058 ut,
2243 4993 2334 5046 28.

1030 5060 1074 5093 "
1103 5060 1194 5116 1’s.
1219 5077 1371 5128 xvnt,
1402 5061 1453 5116 7.
1528 5063 1576 5094 ”
1605 5062 1710 5118 lsa.
1737 5080 1887 5131 XXVI,
1924 5066 2015 5119 20.

2073 4573 2406 4645 ἐκπύρωσιν.
2452 4573 2681 4634 Ἡσαΐας
2732 4571 2787 4623 δὲ
2833 4569 3004 4622 οὕτω·
3058 4587 3075 4619 ι
3106 4566 3464 4632 Βάδ,ιζε,λαός
3507 4583 3640 4635 μου,

2071 4665 2278 4719 εἴσελθε
2317 4667 2396 4728 είς
2435 4665 2496 4717 τὸ
2541 4663 2760 4733 ταμεῖόν
2804 4678 2897 4714 σου
2921 4701 2935 4722 ,
2989 4657 3311 4713 ἀπόκλεισον
3338 4659 3434 4729 τὴν
3470 4657 3643 4727 θύραν

2070 4775 2186 4821 σου,
2216 4755 2556 4827 ἀποκρύϐηθι
2591 4753 2782 4825 μικρὸν
2805 4755 2926 4807 ὅσον
2958 4753 3060 4816 ἕως
3090 4753 3154 4807 ἂν
3175 4754 3416 4825 παρέλθῃ
3444 4753 3648 4829 ήδργὴ

2067 4848 2290 4920 Κυρίου.
2322 4866 2342 4899 ι
2379 4847 2588 4910 Παῦλος
2619 4847 2675 4900 δὲ
2706 4847 2937 4917 ὁμοίωςο
2977 4865 2995 4896 ‹
3045 4844 3501 4898 Ἀποκαλύπτεται
3529 4845 3644 4916 γὰρ

2442 4992 2487 5023 ⁹⁰
2517 4991 2678 5056 11)ἱ(1.,
2719 4988 2806 5044 18.

2088 5066 2134 5098 ⁸³
2172 5066 2329 5118 Rom.
2355 5078 2394 5127 ι,
2431 5062 2516 5116 17.

2917 4989 2963 5020 ⁸⁸
2997 4988 3188 5045 Matth.
3241 5004 3388 5052 μιν,
3418 4985 3502 5048 27,
3541 4984 3641 5039 28.

2063 5213 2353 5272 adventus,
2375 5208 2614 5263 Joannes
2639 5207 2940 5273 asseritur;
2973 5207 3118 5277 quod
3139 5207 3323 5261 minus
3350 5205 3642 5275 probatum

2060 5293 2167 5345 est,
2220 5293 2280 5336 ut
2308 5291 2362 5334 et
2402 5281 2607 5349 opinio.
2639 5295 2760 5347 qua:
2795 5279 2975 5333 adhuc
3007 5278 3352 5347 superstitem
3387 5277 3435 5349 in
3461 5288 3647 5349 carne

2061 5343 2280 5409 mortali
2319 5343 2455 5406 eum'
2480 5343 2741 5414 allirmat;
2775 5343 3091 5422 quanquam
3125 5364 3242 5422 non
3280 5349 3358 5401 sic
3385 5346 3520 5398 dura
3551 5343 3646 5422 dif

2061 5440 2168 5492 gna
2201 5438 2430 5477 censura
2464 5422 2698 5482 videtur,
2727 5417 3156 5492 ac’inuritjdem
3189 5417 3438 5492 l‘icus_.__et
3464 5417 3646 5492 quasi

2061 5484 2125 5548 Ea
2153 5508 2239 5546 res
2270 5493 2334 5546 ad
2365 5492 2522 5545 ﬁdem
2561 5499 2786 5559 spectet.
2820 5489 2959 5543 Nam
2989 5489 3309 5557 Ephrmmus
3341 5484 3648 5551 T'acopolio

2063 5573 2224 5617 tanns
2267 5563 2556 5633 episcopus
2581 5561 2722 5628 apud
2743 5559 3214 5633 ‘Photiumtinter
3256 5574 3347 5613 cas
3389 5561 3650 5633 recenset

2061 5623 2412 5703 quaestiones,
2447 5623 2646 5699 quibus
2701 5630 2837 5685 nihil
2887 5623 3313 5694 ﬁdes’itedalut',
3365 5623 3648 5695 quidquid

2064 5714 2291 5762 statuas.
2337 5703 2572 5758 Couner.
