3836 6520
236 372 346 455 733
1323 402 1410 458 mc
1447 401 1746 458 CllRlSTO
1780 401 1868 456 ET
1911 396 2394 456 ANTICIIRISTO.
3386 397 3486 457 786

235 517 374 588 ὀργὴ
415 515 546 570 Θεοῦ
593 518 687 572 ἀπ’
722 519 951 591 οὐρανοῦ
999 521 1090 574 ἐπὶ
1120 523 1297 575 πᾶσαν
1330 522 1583 577 ἀσέϐειαν
1609 522 1705 576 καὶ
1740 521 1970 593 ἀνομίαν
2002 518 2324 592 ἀνθρώπων,
2361 519 2468 572 τῶν
2498 518 2595 588 τὴν
2633 516 2888 588 ἀλήθειαν
2918 515 3011 571 τοῦ
3045 517 3190 571 Θιοῦ-
3213 519 3270 572 ἐν
3305 517 3486 592 ἀδικίφ

237 612 593 682 κατεχόντων.

304 705 443 776 Περὶ
490 707 587 777 μὲν
637 702 730 762 οῦν
785 710 886 782 τῆς
949 711 1294 778 ἀναστάσεως
1345 714 1437 767 καὶ
1502 715 1600 785 τῆς
1657 714 1756 784 βασ

1866 722 1887 774 ι
1987 709 2146 766 LXV.
2185 709 2450 765 Cazterum
2479 709 2546 763 de
2574 707 2973 764 resurrectione
3011 717 3064 763 et
3107 724 3276 780 regno
3319 713 3484 768 cmlo-

229 794 380 858 λείας
415 797 522 852 τῶν
557 799 747 868 ἀγίων,
806 800 954 871 λέγει
999 805 1212 875 Δανιήλ·
1251 823 1270 858 ι
1325 806 1436 858 Καὶ
1486 805 1668 858 πολλοὶ
1710 807 1756 857 τι

1919 820 2040 857 rum
2065 804 2140 857 ait
2161 801 2386 857 Daniel:
2431 820 2450 853 ι
2505 800 2659 856 Mulli
2697 801 2764 856 de
2803 801 2910 869 his,
2952 801 3045 871 qui
3096 801 3376 858 dormiunt
3425 806 3480 860 in

227 884 602 942 καθευδόντων
637 892 696 943 ὲν
738 892 839 963 γῆς
871 891 1104 965 χώματι,
1141 896 1532 967 ἀναστήσονται
1561 890 1704 949 οὗτοι
1736 911 1756 947 ε

1916 905 2075 950 terrae
2125 894 2366 964 pulvere,
2405 905 2711 964 resurgent,
2754 893 2846 948 alii
2891 894 2946 948 in
2991 894 3155 948 vitam
3197 905 3478 963 mternam,

224 974 374 1046 ζωὴν
399 978 615 1034 αίώνιον
653 979 771 1053 [καὶ
801 979 944 1038 οὗτοι
981 987 1058 1050 εἰς
1088 987 1390 1058 ὀνειδισμὸν
1422 988 1516 1040 καὶ
1554 987 1756 1056 αἰσχύνη

1913 983 2004 1037 alii
2031 983 2086 1037 in
2132 982 2486 1053 opprobrium
2529 991 2584 1038 et
2643 982 2901 1052 probrum
2937 983 3324 1053 sempiternum
3347 987 3413 1041 '°.
3454 1005 3473 1037 ι

221 1071 490 1144 αἰώνιον].
531 1092 549 1126 ι
588 1075 814 1139 Ἡσαΐας
846 1075 1012 1145 λέγει·
1046 1097 1062 1129 ι
1088 1079 1503 1149 Ἀναστὴσονται
1534 1079 1581 1130 οἱ
1605 1095 1756 1150 νεκρε

1911 1073 2083 1129 Isaias
2110 1089 2326 1145 quoque
2351 1073 2485 1130 dicit
2516 1092 2529 1128 :
2577 1093 2594 1126 ι
2633 1073 2938 1143 Resurgent
2976 1076 3198 1141 mortui,
3226 1086 3280 1132 et
3311 1077 3478 1148 evigi-

219 1165 316 1216 καὶ
349 1164 734 1238 ἐγερθήσονται
757 1169 804 1222 οξ
828 1171 885 1222 ἐν
915 1173 1026 1234 τοῖς
1061 1170 1361 1241 μνημείοις,
1390 1173 1468 1224 ὄτι
1497 1171 1529 1241 ἡ
1555 1170 1742 1242 δρόσος

1911 1166 2101 1220 labnnt
2125 1166 2220 1236 qui
2248 1167 2303 1220 in
2329 1168 2888 1234 monumentis'sunt,
2919 1169 3047 1239 quia
3071 1185 3162 1224 ros
3194 1169 3351 1232 lucis,
3381 1173 3476 1240 qui

218 1257 376 1327 παρά
429 1257 519 1310 σοῦ
574 1259 708 1330 [αμα
757 1261 937 1324 αὐτοῖς
989 1264 1152 1316 ἐστιν.
1205 1281 1223 1314 ›
1286 1262 1344 1315 '0
1389 1261 1594 1334 Κύριος
1636 1261 1756 1330 λέγε

1905 1277 1934 1315 a
1971 1271 2021 1316 te
2043 1269 2147 1324 est,
2184 1260 2390 1316 sanitas
2425 1261 2532 1315 illis
2557 1269 2641 1315 est
2663 1262 2728 1313 ’⁷.
2764 1280 2783 1314 ι
2825 1260 2893 1315 At
2931 1261 3231 1317 Dominus:
3268 1283 3287 1314 ι
3322 1263 3474 1319 Multi

225 1363 245 1396 ο
279 1346 472 1400 Πολλοὶ
502 1351 559 1402 ὲν
601 1350 779 1422 ἐκείνῃ
808 1354 872 1422 τῇ
909 1353 1089 1424 ἡμέρᾳ
1126 1353 1445 1407 ἀκούσονται
1482 1353 1580 1424 τῆς
1621 1353 1756 1422 φωνῖ

1904 1353 1956 1404 in
1981 1351 2069 1406 illa
2104 1350 2192 1406 die
2221 1352 2444 1407 audient
2483 1367 2670 1407 vocem
2709 1351 2829 1408 Filii
2860 1353 2978 1419 Dei,
3008 1364 3061 1410 et
3104 1355 3196 1424 qui
3231 1357 3471 1424 audient,

216 1437 317 1490 τοῦ
335 1439 466 1492 Υξοῦ
484 1440 574 1493 τοῦ
599 1441 754 1509 Θεοῦ,
778 1445 871 1496 καὶ
887 1445 934 1496 oi
957 1445 1284 1509 ἀκούσαντες
1305 1446 1576 1517 ζήσονται.
1609 1464 1628 1497 ι
1667 1445 1723 1498 '0
1746 1444 1756 1496 ἆ

1901 1444 2081 1499 vivent
2109 1444 2173 1498 ⁸⁸.
2223 1465 2242 1497 ι
2276 1443 2542 1516 Propheta
2571 1461 2828 1516 quoque:
2867 1466 2885 1498 ι
2919 1446 3187 1514 Excitare,
3215 1449 3307 1519 qui
3347 1451 3474 1505 dor-

214 1531 508 1602 προφήτης
545 1531 692 1601 λέγει
739 1533 868 1605 (29)'
909 1554 928 1587 ι
972 1536 1239 1607 Ἔγειραι,
1290 1538 1319 1589 6
1365 1536 1661 1600 καθεύδων,
1708 1553 1756 1590 κ(

1900 1536 2040 1600 ηιίε,
2099 1544 2151 1590 et
2208 1537 2588 1608 expergiscere
2634 1553 2666 1592 a
2709 1538 2960 1601 mortuis,
3008 1548 3062 1593 et
3097 1540 3336 1595 illucebit
3374 1542 3474 1597 tibi

207 1620 531 1691 ἐξεγέρθητι
558 1625 621 1676 ὲκ
648 1623 755 1677 τῶν
781 1624 1008 1696 νεκρῶν,
1045 1625 1135 1678 καὶ
1169 1625 1460 1694 ἐπιφαύσει
1492 1641 1574 1678 σοι
1607 1627 1634 1678 6
1664 1625 1756 1694 Χρπ

1896 1627 2147 1683 Christus
2177 1629 2245 1682 θ’.
2284 1646 2302 1679 ι
2339 1627 2575 1683 Joannes
2607 1629 2734 1682 item
2771 1647 2784 1683 :
2843 1649 2860 1680 ι
2910 1629 3108 1686 Beatus
3138 1639 3193 1686 et
3223 1643 3467 1699 sanctus,

210 1712 340 1774 στός
359 1712 492 1784 (50).
536 1734 554 1765 ι
592 1715 846 1786 Ἰωάννης
877 1716 932 1769 δὲ
975 1715 1154 1786 λέγει·
1185 1736 1202 1767 ι
1227 1717 1510 1788 Μακάριος
1535 1716 1628 1769 καὶ
1641 1715 1756 1782 ἆγιο

1897 1719 1988 1788 qui
2022 1719 2186 1774 habet
2212 1729 2420 1789 partem
2452 1719 2505 1773 in
2554 1721 2952 1776 resurrectione
2989 1723 3191 1792 prima;
3236 1725 3288 1778 in
3324 1726 3471 1783 hunc

198 1806 229 1856 6
262 1803 406 1874 ἔχων
442 1805 606 1877 μέρος
640 1809 698 1860 ἑν
720 1810 786 1878 τῇ
815 1809 1104 1862 ἀναστάσει
1143 1812 1208 1880 τῇ
1242 1807 1449 1882 πρώτῃ·
1484 1808 1577 1862 ἐπὶ
1606 1807 1756 1860 τοῦτο

1893 1811 2129 1866 secunda
2174 1826 2322 1866 mors
2359 1827 2467 1867 non
2511 1813 2671 1868 habet
2715 1823 3034 1884 potestatem
3065 1815 3103 1868 ⁸.
3152 1836 3169 1867 ι
3210 1815 3344 1871 Nam
3377 1834 3468 1873 se-

195 1896 226 1946 6
259 1895 515 1967 δεύτερος
546 1897 772 1962 θάνατος
799 1899 897 1953 οὐκ
925 1899 1036 1970 ἔχει
1073 1898 1339 1966 ἐξουσίαν.
1384 1919 1402 1952 ι
1448 1901 1506 1953 '0
1534 1899 1641 1971 γὰρ
1672 1898 1756 1952 δεύ

1891 1901 2068 1957 cunda
2098 1917 2268 1968 mors,
2309 1912 2559 1975 stagnum
2591 1913 2674 1960 est
2712 1905 2854 1975 ignis
2885 1907 3112 1961 urentis.
3148 1907 3467 1978 Rursusque

194 2003 360 2057 τερος
390 1986 641 2056 θάνατος,
693 1993 840 2045 ἐστὶν
881 1993 913 2063 ἡ
947 1992 1112 2064 λίμνη
1161 1992 1253 2046 τοῦ
1289 1991 1460 2064 πυρὸς
1499 1991 1594 2045 τοῦ
1628 2008 1756 2046 κσιο

1890 1994 2156 2049 Dominus
2187 1994 2262 2048 ait
2295 2013 2306 2048 :
2340 2012 2358 2046 ι
2392 1993 2544 2050 Tune
2574 1995 2707 2064 justi
2735 1995 3081 2066 fulgebunt’,
3107 2000 3246 2053 sicut
3271 2001 3350 2054 sol
3379 2002 3464 2054 lu-

197 2080 387 2148 μένου.
423 2083 533 2136 Καὶ
568 2084 726 2138 πάλιν
757 2086 786 2138 6
817 2084 1020 2159 Κύριος
1051 2086 1216 2154 λέγει·
1253 2104 1273 2137 ι
1319 2087 1452 2140 Τότε
1479 2087 1528 2139 οί
1573 2085 1756 2139 δίκαιοι

1870 2098 1954 2143 cet
1979 2087 2030 2142 in
2052 2087 2298 2143 claritate
2329 2102 2449 2143 sua.
2483 2106 2502 2139 ι
2534 2087 2600 2142 Ει
2629 2089 2774 2144 dicet
2799 2090 3005 2145 sanctis
3038 2110 3050 2145 :
3089 2111 3105 2142 ι
3138 2091 3344 2158 Venite,
3369 2094 3466 2149 be-

191 2172 589 2243 ὲκλάμψουσιν,
616 2175 691 2240 ὼς
727 2178 754 2228 ό
800 2177 949 2248 ἥλιος
980 2179 1157 2247 φαίνει
1200 2181 1258 2232 ὲν
1288 2180 1354 2250 τῇ
1393 2177 1519 2251 δόξῃ
1541 2176 1725 2232 αὑτοῦ.
1752 2196 1772 2230 ι

190 2264 305 2316 Καὶ
335 2268 451 2328 τοῖς
485 2267 660 2335 ἁγίοις
685 2268 816 2339 ἐρεῖ·
851 2286 868 2318 ι
898 2268 1062 2322 Δεῦτε
1093 2270 1142 2322 oi
1165 2270 1516 2342 εὐλογημένοι
1541 2271 1632 2324 τοῦ
1667 2271 1780 2324 Πα-

186 2357 322 2426 τρός
371 2375 496 2426 μου,
549 2358 990 2430 κληρονομήσατε
1029 2360 1133 2433 τὴν
1194 2362 1597 2434 ἡτοιμασμένην
1652 2363 1780 2434 ὑμῖν

187 2446 476 2515 βασιλείαν
525 2449 633 2502 ἀπὸ
691 2452 992 2522 καταϐολῆς
1034 2453 1266 2526 κόσμου.
1315 2474 1333 2508 ι
1370 2455 1512 2528 Πρὸς
1553 2456 1608 2509 δὲ
1654 2455 1780 2519 τοὺς

186 2541 431 2612 ἀνόμους
446 2541 501 2594 τί
532 2560 729 2614 φησιν;
757 2561 776 2596 t
827 2545 1090 2614 Ὑπάγετε
1114 2546 1206 2599 ἀπ’
1239 2545 1374 2617 ἐμοῦ
1400 2549 1447 2601 οἱ
1465 2546 1778 2619 κατηραμέ-

184 2650 265 2686 νοι
292 2635 377 2696 είς
401 2637 464 2686 τὸ
481 2633 592 2706 πῦρ
608 2635 666 2688 τὸ
687 2634 921 2700 αἰώνιον,
952 2635 1011 2689 τὸ
1036 2635 1430 2707 ἡτοιμασμένον
1452 2636 1532 2708 τῷ
1549 2637 1778 2708 διαϐόλῳ

182 2720 418 2786 καὶτοῖς
450 2723 700 2792 ἀγγέλοις
727 2725 912 2788 αὐτοῦ,
952 2745 970 2776 ι
999 2725 1028 2779 δ
1047 2727 1340 2797 ἡτοίμασεν
1371 2728 1400 2780 ὁ
1431 2728 1619 2798 Πατήρ
1652 2745 1772 2797 μου.

192 2810 454 2882 Ἰωάννης
484 2812 542 2866 δὲ
563 2811 726 2883 λέγει·
751 2833 769 2865 ι
806 2814 951 2880 Ἐξω
981 2814 1032 2867 οι
1065 2814 1245 2879 κύνες,
1280 2816 1375 2869 καὶ
1393 2817 1441 2868 οἱ
1469 2817 1772 2887 φαρμακοὶ,

181 2903 274 2954 καὶ
307 2903 526 2974 πόρνοι,
551 2907 645 2958 καὶ
675 2909 873 2975 φονεῖς,
899 2908 992 2960 καὶ
1024 2907 1072 2959 oi
1105 2907 1504 2980 εἰδωλολάτραι,
1537 2909 1630 2962 καὶ
1664 2909 1773 2972 πᾶς

181 2991 354 3046 ποιῶν
387 2994 484 3046 καὶ
516 2993 685 3063 φιλῶν
717 2995 930 3066 ψεῦδος·
967 3015 985 3046 ›
1023 2996 1104 3048 ὅτι
1139 2995 1200 3047 τὸ
1237 2997 1400 3066 μέρος
1442 2997 1593 3068 ὑμῶν
1623 2999 1772 3052 ἐστιν

178 3087 256 3148 είς
291 3086 397 3158 τὴν
428 3087 652 3154 γέενναν
686 3087 779 3140 τοῦ
818 3089 1008 3159 πυρός.
1058 3088 1287 3158 Ὁμοίως
1324 3089 1381 3142 δὲ
1416 3090 1510 3142 καὶ
1547 3089 1772 3155 Ἡσαΐας

177 3175 332 3246 φησί·
378 3195 398 3227 ι
444 3177 554 3230 Καὶ
585 3176 954 3242 ἐξελεύσονται
992 3178 1084 3230 καὶ
1113 3175 1332 3246 ὄψονται
1372 3179 1438 3232 τὰ
1480 3179 1629 3233 κῶλα
1662 3181 1770 3235 τῶν

1883 2177 2083 2232 nedicti
2109 2175 2285 2233 Patris
2307 2179 2447 2244 mei;
2479 2179 2752 2249 possidete
2774 2189 3023 2250 paratum
3048 2183 3202 2238 vobis
3234 2199 3458 2254 regnum

1881 2285 1912 2324 a
1941 2270 2334 2325 constitutione
2371 2271 2558 2326 mundi
2589 2271 2629 2327 ⁸.
2673 2291 2692 2324 ›
2726 2271 2805 2326 Ad
2837 2272 3114 2344 improbos
3153 2289 3283 2330 vero
3325 2275 3457 2346 quid

1880 2361 2044 2417 dicit?
2077 2381 2096 2413 ι
2134 2360 2230 2428 Ite,
2262 2362 2557 2428 maledicti,
2593 2363 2648 2416 in
2691 2363 2866 2433 ignem
2909 2372 3196 2430 arternum,
3239 2367 3331 2435 qui
3362 2382 3458 2436 pa-

1882 2461 2034 2507 ratus
2062 2463 2146 2508 est
2179 2453 2398 2507 diabolo
2436 2463 2486 2507 et
2527 2452 2734 2525 angelis
2777 2454 2930 2524 ejus;
2981 2474 3000 2507 ι
3039 2471 3199 2526 quem
3244 2459 3456 2527 paravit

1885 2543 2046 2598 Pater
2085 2558 2259 2598 meus.
2294 2541 2532 2598 Joannes
2565 2558 2694 2597 vero
2738 2542 2909 2600 dicit:
2949 2563 2966 2596 ι
3010 2544 3166 2600 Foris
3194 2526 3357 2602 canes
3392 2526 3456 2602 ὀι

1881 2634 2132 2698 veneﬁci,
2157 2641 2211 2688 et
2240 2643 2574 2688 scortatores
2599 2643 2654 2688 et
2685 2634 2992 2701 homicidae,
3037 2645 3092 2690 et
3137 2635 3296 2691 idolis
3336 2653 3452 2691 scr-

1882 2725 2110 2789 vieutes,
2138 2734 2194 2780 et
2224 2725 2405 2780 omnis
2437 2727 2529 2796 qui
2556 2724 2685 2780 facit
2712 2734 2765 2780 et
2787 2735 2931 2780 amat
2972 2727 3313 2783 mendacium
3347 2730 3387 2796 δ,
3427 2751 3445 2780 ι

1879 2815 2006 2886 quia
2036 2830 2162 2885 pars
2193 2825 2371 2871 vestra
2395 2825 2480 2872 est
2507 2816 2561 2870 in
2591 2815 2836 2888 gebenna
2868 2817 3028 2888 ignis.
3056 2819 3318 2874 Similiter
3345 2837 3450 2874 au-

1881 2917 1988 2961 tem
2013 2916 2066 2962 et
2098 2908 2268 2962 Isaias
2291 2907 2368 2963 ait
2393 2926 2406 2962 :
2435 2926 2453 2960 ι
2494 2905 2558 2961 Ει
2587 2907 2952 2977 egredientur,
2979 2917 3033 2965 et
3058 2909 3318 2965 videbunt
3357 2927 3448 2966 ca-

1877 2999 2076 3053 davera
2131 3010 2318 3050 eorum
2352 2997 2443 3068 qui
2477 2996 2815 3069 praevaricati
2847 3006 2972 3052 sunt
3022 2995 3077 3050 in
3132 3012 3240 3059 me.
3312 3001 3446 3057 ver.

1879 3089 1983 3143 mis
2011 3104 2203 3142 eorum
2251 3104 2358 3142 non
2402 3090 2688 3155 morietur,
2727 3099 2781 3145 et
2822 3089 2962 3160 ignis
2994 3105 3182 3144 eorum
3213 3110 3320 3148 non
3345 3111 3443 3150 ex-

1879 3183 2208 3251 stinguetur,
2235 3191 2289 3235 et
2317 3189 2481 3236 erunt
2507 3181 2562 3236 in
2588 3182 2851 3236 visionem
2885 3183 3034 3236 omni
3064 3184 3216 3238 carni
3248 3186 3289 3241 '.
3323 3205 3339 3236 ι

183 3267 657 3338 παραϐεϐηκότων
690 3269 746 3321 ἐν
799 3269 939 3340 ἐμοί.
997 3269 1108 3322 Καὶ
1137 3271 1166 3321 6
1220 3268 1434 3340 σκώληξ
1471 3272 1649 3326 αὐτῶν
1695 3273 1754 3325 οὐ
1788 3271 2130 3344 τελευτήσει,
2185 3275 2278 3326 καὶ
2320 3273 2381 3326 τὸ
2438 3273 2548 3344 πῦρ
2591 3273 2766 3327 αὐτῶν
2814 3274 2876 3326 οὔ
2925 3273 3302 3346 σϐεσθὴσεται,
3352 3283 3446 3335 καὶ

171 3359 393 3413 ἔσονται
419 3362 499 3424 εἰς
527 3362 713 3431 ὅρασιν
746 3362 892 3433 πάσῃ
923 3364 1102 3432 σαρκί.
1149 3385 1167 3416 ο

241 3450 466 3515 Παῦλος
529 3451 586 3504 δὲ
629 3453 657 3504 ὁ
721 3452 1016 3518 ἀπόστολος
1065 3455 1194 3527 περ)⁵
1239 3455 1592 3519 ἀναστάσεως
1653 3453 1756 3508 τῶν

1939 3449 2122 3506 LXVI.
2162 3447 2366 3503 Paulus
2399 3456 2578 3503 autem
2612 3447 2890 3518 apostolus
2928 3447 2995 3504 de
3035 3451 3441 3505 resurrectiom

166 3544 402 3597 δικαίων
457 3542 592 3614 πρὸς
638 3541 1045 3608 Θεσσαλονικεῖς
1073 3546 1299 3617 γράφων
1359 3545 1558 3616 φησίν·
1613 3564 1632 3596 ι
1673 3547 1746 3599 Ού

168 3635 405 3706 θέλομεν
441 3636 583 3706 ὑμᾶς
629 3637 842 3704 ἀγνοεῖν
875 3639 1001 3708 περὶ
1049 3637 1157 3690 τῶν
1207 3638 1640 3710 κεκοιμημένων,
1672 3639 1760 3692 ῐνα

168 3727 243 3799 μὴ
290 3725 542 3798 λυπῆσθε
593 3726 668 3790 ὡς
701 3729 792 3780 καὶ
837 3728 886 3780 οἱ
917 3727 1092 3782 λοιποὶ
1122 3730 1170 3782 οἱ
1213 3729 1288 3800 μὴ
1333 3728 1546 3799 ἔχοντες
1607 3728 1761 3782 ἐλπί-

163 3819 247 3871 δα.
288 3821 356 3871 Ei
386 3817 498 3890 γὰρ
528 3818 851 3889 πιστεύομεν
885 3821 964 3873 ὅτι
1025 3820 1228 3891 Ἰησοῦς
1255 3820 1490 3874 ἀπέθανε
1517 3820 1610 3874 καὶ
1635 3821 1761 3874 ἀνέ-

165 3927 290 3983 στη,
313 3909 464 3964 οῦτω
487 3911 577 3964 καὶ
594 3912 622 3964 6
640 3911 771 3976 Θεὸς
790 3912 914 3976 τοὺς
942 3913 1305 3983 κοιμηθέντας
1323 3913 1410 3966 διὰ
1436 3913 1529 3966 τοῦ
1563 3913 1760 3984 Ἰησοῦ,

161 4002 281 4067 ἀξει
321 4001 426 4053 σὺν
453 3999 618 4070 αύτῷ.
651 4000 820 4054 Τοῦτο
848 4003 914 4069 γά
923 4020 954 4073 ρ
982 4003 1108 4072 ύμῖν
1135 4001 1365 4073 λέγομεν
1399 4004 1456 4056 ὲν
1482 4003 1625 4074 λόγῳ
1651 4005 1763 4056 Ku-

161 4096 307 4165 ρίου,
347 4096 432 4147 ὅτι
464 4095 624 4164 ἡμεῖς
665 4096 713 4147 οἱ
745 4095 964 4160 ζῶντες,
1001 4096 1050 4148 οἱ
1082 4095 1518 4166 περιλειπόμενοι
1552 4097 1632 4158 είς
1664 4095 1761 4167 τὴν

161 4186 478 4260 παρουσίαν
505 4185 596 4238 τοῦ
626 4187 850 4258 Κυρίου,
886 4188 945 4240 οὐ
986 4187 1059 4260 μὴ
1095 4187 1388 4258 φθάσωμεν
1411 4189 1536 4251 τοὺς
1567 4205 1762 4259 κοιμη-

159 4277 384 4341 θέντας·
425 4278 507 4330 ὅτι
540 4278 700 4342 αὐτὸς
738 4281 765 4332 6
801 4278 1003 4350 Κύριος
1035 4281 1092 4332 ὲν
1120 4279 1468 4351 κελεύσματι,
1510 4281 1566 4333 ὲν
1607 4283 1758 4351 φωνῇ

232 4418 284 4451 ⁸⁸
312 4416 460 4470 Dan.
496 4433 592 4481 xu,
621 4417 675 4470 2.
755 4419 797 4450 ⁰²
849 4417 950 4472 Isa.
999 4434 1149 4481 xxvr,
1193 4420 1281 4474 l9.
1358 4419 1405 4451 “
1435 4418 1595 4474 Joan.
1619 4435 1674 4481 v,
1703 4417 1756 4472 ΞΣ

1881 4416 1926 4449 θ’
1960 4416 2159 4486 Ephes.
2187 4431 2240 4482 v,
2269 4416 2355 4470 14.

495 4485 515 4518 ³
552 4487 738 4544 Matth.
771 4505 898 4554 xxv,
951 4489 1041 4544 54.
1116 4489 1328 4560 ‘Apoc.
1379 4506 1506 4557 χχιι,
1553 4489 1641 4554 15,
1680 4499 1734 4543 et

1874 4528 1887 4552 ,
1935 4485 2019 4541 8.7
2065 4488 2086 4517 ⁵
2123 4487 2223 4541 lsa.
2271 4503 2419 4554 LXVI,
2456 4487 2546 4541 ‘24.

156 4504 282 4550 xm,
320 4487 416 4541 45.

1855 3547 2128 3618 iustorum
2157 3542 2224 3596 ad
2255 3540 2771 3595 Thessalonicenses
2793 3539 3036 3595 scribens
3075 3541 3149 3595 ait
3180 3559 3194 3596 :
3226 3560 3244 3594 ι
3275 3541 3440 3596 Nolu-

1868 3653 1991 3691 mus
2020 3650 2118 3689 vos
2153 3633 2403 3704 ignorare
2444 3631 2512 3686 de
2540 3631 2957 3697 dormientibus,
2991 3642 3052 3686 ut
3088 3648 3196 3689 non
3235 3635 3440 3687 contri-

1862 3726 2100 3793 stemini,
2130 3725 2273 3780 sicut
2305 3732 2358 3777 et
2405 3723 2607 3785 caeteri,
2633 3723 2727 3792 qui
2763 3738 2913 3791 spem
2963 3738 3071 3776 non
3106 3725 3328 3779 habent.
3375 3724 3434 3779 Si

1861 3820 2004 3874 enim
2039 3817 2315 3874 credimus
2342 3814 2486 3885 quod
2533 3813 2694 3869 Jesus
2729 3822 2976 3870 mortuus
3018 3825 3102 3870 est
3146 3823 3201 3871 et
3249 3832 3436 3872 resur-

1865 3909 2023 3974 rexit,
2061 3909 2132 3964 ita
2163 3918 2217 3962 et
2257 3907 2398 3962 Deus
2433 3922 2530 3962 eos
2569 3907 2662 3976 qui
2704 3905 3046 3962 dormierunt
3087 3924 3182 3978 per
3225 3907 3433 3975 Iesum,

1863 4002 2095 4057 adducet
2116 4017 2240 4055 cum
2270 4015 2355 4054 eo.
2389 3998 2502 4053 IIoc
2533 3999 2679 4052 enim
2709 3999 2866 4053 vobis
2900 3999 3137 4054 dicimus
3179 4003 3233 4054 in
3265 4003 3432 4056 verbo

1862 4092 2098 4154 Domini,
2137 4092 2266 4162 quia
2306 4106 2406 4144 nos
2444 4091 2536 4160 qui
2568 4090 2824 4156 vivimus,
2863 4091 2956 4162 qui
2986 4092 3191 4149 residui
3239 4109 3434 4150 sumus

1861 4184 1913 4238 in
1940 4185 2228 4238 adventum
2256 4181 2490 4247 Domini,
2508 4185 3016 4251 nonpraaveniemus
3042 4199 3137 4240 eos
3189 4188 3282 4254 qui
3308 4185 3436 4239 dor-

1862 4277 2121 4330 mierunt.
2154 4272 2426 4341 Quoniam
2482 4275 2597 4344 ipse
2663 4273 2926 4332 Dominus
2972 4277 3027 4331 in
3066 4276 3246 4347 jussu,
3289 4286 3342 4333 et
3372 4279 3429 4333 i‘n

2452 4417 2469 4448 ⁸
2497 4418 2662 4485 Apoc.
2698 4435 2788 4484 xx,
2829 4417 2862 4472 6
2915 4428 2970 4474 et
3003 4419 3090 4476 14.
3187 4423 3206 4452 ⁸
3235 4419 3425 4476 Matth.

225 4605 349 4673 (29)
399 4605 464 4677 ὀ
487 4603 556 4657 δὲ
585 4603 896 4674 προφήτης
924 4606 1106 4677 λέγει.
1157 4607 1446 4662 Existimat
1477 4605 1744 4677 Epiphan.

1866 4607 1934 4658 tis
1977 4605 2655 4677 nonasgcnderanl,_e_lc._,
2706 4620 2773 4660 ex
2800 4604 3328 4677 Eli:e__apocryphis.
3361 4607 3428 4663 Et

154 4675 692 4747 aliiqueﬁesumpta
725 4677 838 4731 hate
867 4692 933 4732 ex
958 4675 1206 4747 Jeremira:
1233 4675 1745 4747 apocryphis,’quod

155 4743 347 4817 ipsum
376 4743 745 4816 Hieronytnus
778 4748 1108 4817 suspicatur.
1142 4743 1416 4817 Georgius
1439 4743 1745 4817 Syncellus,

153 4815 248 4886 qui
287 4817 388 4870 illa
421 4815 732 4887 apocrypha
773 4815 990 4871 versare
1034 4819 1204 4886 potuit
1243 4835 1255 4870 :
1291 4815 1435 4886 Πλὴν
1469 4815 1562 4869 καὶ
1592 4819 1620 4869 6
1652 4833 1750 4887 μα-

152 4885 360 4960 κάριος
386 4885 605 4960 Παῦλος
632 4887 872 4960 σπανίως
909 4885 1176 4960 ἐχρήσατό
1211 4904 1354 4960 τισιν
1384 4885 1751 4960 ξεί-Ἀποκρύ-

153 4956 276 5044 (ρων
300 4957 592 5047 χρήσεων.
747 4959 878 5047 όταν
897 4956 1058 5047 φησιν
1087 4961 1144 5044 έν
1162 4960 1242 5040 τῇ.
1264 4957 1750 5047 πρδςΙδΚορινθίομς

407 5027 711 5099 Ἐπιστολῇ·
753 5027 808 5079 Ὀ
848 5028 1150 5098 ὀφθαλμὸς
1183 5027 1294 5114 dim,
1315 5027 1478 5092 εἶδε,
1511 5027 1607 5116 καί
1642 5027 1750 5094 οὖς

149 5116 268 5151 om:
299 5082 557 5167 ἢκουσε,
586 5099 685 5151 καὶ
716 5098 813 5152 ἐπὶ
841 5099 1089 5167 καρδίαν
1113 5100 1424 5166 ἀνθρωπου
1476 5116 1586 5152 ουκ
1615 5097 1749 5152 ἀνέ-

150 5169 249 5238 ϐη,
283 5167 388 5221 καὶ
409 5166 476 5219 τὰ
510 5167 655 5237 ἑξῆς,
691 5170 755 5220 ὲκ
783 5169 891 5222 τῶν
915 5166 920 5167 ⁷
944 5168 1098 5222 Ἠλία
1127 5169 1475 5238 άποκρύφων.
1506 5169 1614 5220 Καὶ
1643 5168 1747 5220 πά-

149 5237 237 5291 λιν
276 5241 342 5290 ὲν
377 5239 441 5307 τῇ
476 5238 611 5310 πρὸς
631 5238 894 5310 Γαλάτας,
921 5239 985 5310 ἐκ
1009 5239 1107 5308 τῆς
1128 5237 1404 5301 Μωύσέως
1431 5239 1748 5310 Ἀποκαλύφ

148 5313 349 5377 ψεως·
386 5309 534 5362 Οὔτε
564 5309 846 5378 περιτομή
881 5327 934 5361 τι
961 5309 1150 5371 ἐστὶν,
1182 5309 1336 5364 οὔτε·
1359 5309 1744 5377 ἀκροϐυστία,

149 5377 546 5464 άένιέξπκαινῂ
587 5377 802 5464 animo.
834 5379 948 5464 Kal
973 5381 1030 5464 ὲν
1053 5383 1118 5450 τῇ
1155 5380 1290 5464 πρὸς
1341 5380 1639 5464 Ἐφεσίους,
1681 5380 1746 5464 ἐκ

146 5449 264 5503 τῶν
317 5448 621 5522 Ἱερεμίου-
651 5448 956 5522 λεγομένων
1008 5448 1368 5522 ὰπρκρύφωνξ
1411 5451 1667 5522 Ἔγειρίιι
1717 5451 1752 5504 ὁ

146 5518 492 5582 καθεύδων,
528 5519 626 5572 καὶ
669 5518 903 5574 ἀνάστα
929 5521 997 5573 ἐκ
1038 5518 1163 5573 τῶν
1190 5518 1437 5589 νεκρῶν,
1477 5518 1574 5573 καὶ
1614 5521 1744 5573 ἐπι·

193 5592 387 5646 αύσει
437 5605 537 5642 σοι
585 5592 618 5642 ό
655 5592 924 5656 Χριστός.
974 5611 991 5642 ι
1035 5590 1300 5645 Castorum
1343 5591 1507 5644 etiam
1553 5591 1742 5645 beatus

189 5663 373 5714 aulus
404 5674 824 5728 nonnunquam,
870 5676 996 5714 raro
1035 5671 1239 5723 tamen,
1273 5661 1604 5727 quibusdam
1639 5675 1740 5714 auo

145 5729 540 5801 ctoritatibus
563 5745 712 5801 usus
738 5738 841 5794 est,
887 5732 1067 5800 petitis
1112 5747 1176 5785 ex
1208 5732 1362 5786 libris
1393 5731 1738 5801 apocryphis.

149 5799 220 5854 Ut
245 5815 385 5854 cum
411 5799 489 5852 ait
529 5799 582 5852 in
620 5799 855 5869 Epistola
892 5799 1073 5870 prima
1109 5802 1173 5854 ad
1204 5801 1518 5855 Corinthios
1545 5799 1574 5855 :7
1611 5799 1741 5864 Qua:

145 5872 349 5924 oculus
385 5886 487 5924 non
518 5870 671 5938 vidit,
709 5887 797 5924 nec
829 5873 975 5926 auris
1016 5873 1238 5938 audivit,
1275 5880 1324 5926 et
1364 5873 1416 5926 in
1445 5888 1534 5927 cor
1567 5871 1735 5925 homi-

1855 4676 2137 4749 rursusjn
2170 4673 2410 4749 Epistola
2440 4674 2784 4749 ad_Gala_t_as,
2823 4691 2890 4729 ex
2920 4673 3122 4745 Moysis
3152 4673 3428 4749 Apocaly-

1854 4746 1939 4814 psi
1971 4765 1984 4800 :
2023 4743 2203 4817 Neque
2241 4745 2568 4798 circumcisio
2619 4746 2967 4817 aliquid_est,
3009 4743 3167 4817 neque
3213 4743 3426 4817 prwpa-

1856 4819 2009 4878 tium,
2071 4815 2160 4870 sed
2194 4831 2326 4884 nova
2383 4824 2646 4867 creatura.
2706 4817 2764 4867 In
2819 4814 3055 4884 Epistola
3099 4814 3424 4884 quoque’ad

1855 4885 2117 4955 Ephesios
2167 4902 2182 4938 :
2241 4883 2405 4954 Surge
2435 4886 2524 4955 qui
2559 4885 2778 4949 dormis,
2802 4883 3152 4955 et’ezsurgea
3181 4883 3424 4954 mortuis,

1855 4900 2117 4955 upnesms
2167 4902 2182 4938 :
2241 4900 2405 4954 surge
2434 4900 2522 5005 7a:
2559 4900 2778 4949 aormu,
2802 4900 2852 4938 et
2885 4900 3152 4954 exsurgea
3181 4900 3424 4954 mortuis,

1855 4967 1906 5010 et
1957 4957 2220 5010 illucescet
2259 4955 2352 5008 tibi
2391 4955 2651 5026 Cgristus,
2703 4971 2771 5026 est
2817 4953 3100 5026 fieremi’ge,
3135 4972 3275 5026 quos
3331 4974 3426 5013 vo-

1855 5037 1982 5082 cant
2007 5027 2351 5097 apocryphis.
2374 5043 2407 5097 Α»
2448 5023 2558 5097 Nec
2589 5026 2680 5097 his
2712 5025 2978 5097 absimilis
3013 5023 3293 5097 Origenes,
3321 5030 3424 5082 etsi

1855 5097 2009 5152 locus
2035 5095 2142 5151 non
2173 5095 2438 5167 occurrit;
2472 5095 2562 5164 qui
2587 5095 2701 5164 ipse
2721 5095 2906 5167 multis
2939 5095 3071 5150 locis
3097 5100 3422 5167 apocryphis

1857 5170 2047 5233 utitur,
2072 5181 2136 5221 ac
2167 5165 2494 5235 quandoque
2520 5181 2680 5219 suum
2707 5181 2773 5219 ex
2806 5165 2913 5219 illis
2941 5180 3184 5220 errorem
3217 5165 3422 5222 contir-

1855 5248 1967 5292 mat
2014 5236 2452 5308 prgeexsistentia:
2497 5235 2826 5308 animarum,
2877 5235 3419 5308 Matth.xw,iloan.

1854 5324 1893 5366 ι.
1925 5306 2030 5362 etc.
2074 5306 2390 5377 Hippolytus
2413 5319 2630 5377 quoque
2676 5306 3050 5374 propheticum
3084 5307 3186 5360 hoc
3215 5307 3419 5363 dictum

1853 5377 2024 5433 Paulo
2054 5375 2374 5449 usurpatum
2421 5375 2946 5449 existimavit,_s_ive
2991 5393 3057 5430 ex
3103 5379 3414 5449 apocrypho

1851 5449 1963 5530 jam
2004 5445 2208 5530 rel-ato,-
2232 5450 2345 5502 sive
2377 5447 2522 5530 quod
2544 5446 2664 5530 ipsa
2697 5447 2807 5530 veri
2838 5445 2992 5502 Isaiae
3011 5445 3180 5530 uti
3208 5445 3418 5530 ‘Siirge,

1852 5515 2502 5582 illuminare,.|erusalem,
2537 5526 2696 5580 etc.”
2733 5518 2805 5570 ita
2824 5519 3148 5582 composuit,
3173 5518 3301 5571 etin
3331 5515 3418 5570 ve-

1849 5605 1963 5642 ram
1994 5589 2167 5642 lucem
2199 5586 2472 5640 Christum
2508 5587 2806 5655 usurpavit,
2849 5597 2904 5641 ut
2949 5586 3007 5645 S.
3056 5589 3245 5642 doctor
3273 5591 3420 5646 haud

1847 5658 2273 5727 itnprobahiliter
2295 5658 2479 5712 sensit.
2515 5657 2804 5711 COIBEFIS.

1917 5725 2030 5794 (30)
2071 5726 2212 5782 Idem
2247 5729 2401 5784 locus
2421 5728 2674 5782 laudatur
2703 5727 2838 5795 Eph.
2862 5744 2916 5792 v,
2950 5725 3037 5781 Η.
3068 5727 3132 5783 G.
3165 5726 3326 5783 Plura
3349 5730 3418 5786 de

1848 5799 1940 5853 illo
1959 5798 2070 5853 dixi
2099 5801 2152 5851 in
2188 5797 2850 5869 Codicgpseudepigraplto
2890 5798 2948 5854 V.
2991 5797 3154 5866 Test.,
3188 5815 3242 5869 p.
3279 5800 3416 5857 “05

1845 5886 1960 5940 seq.
1985 5878 2037 5925 et
2069 5883 2121 5939 p.
2163 5868 2320 5922 1074.
2355 5865 2574 5923 Ἐλειιιο.
