3836 6500
456 360 556 414 78Ἰ

1182 353 1547 410 lllPPULYTl
1594 353 1744 411 OPP.
1787 354 1969 410 PARS
2004 352 2049 409 ll

2130 384 2186 397 —
2234 353 2542 410 DOGMAT.
2600 353 2688 409 ET
2724 347 3077 409 HISTORIO}
3576 354 3666 410 788

454 498 588 539 voce
609 491 662 537 et
691 482 818 539 tuba
858 474 953 535 Del
981 480 1269 535 descendet
1297 480 1363 534 de
1404 479 1563 543 coelo,
1614 488 1668 533 et
1711 479 1909 534 mortui
1952 480 2049 544 in4

2130 480 2205 532 ιαί⁵
2233 477 2491 545 σάλπιγγι
2521 476 2654 530 Θεοῦ
2690 475 3057 547 καταϐήσεται
3091 476 3184 528 ἀπ’
3216 475 3466 549 οὐρανοῦ,
3502 495 3591 532 και
3627 480 3670 532 oi

454 577 673 632 Christo
704 573 1263 645 resurgentprimum.
1289 571 1492 626 Deinde
1513 586 1613 625 nos
1643 571 1737 641 qui
1764 571 2014 635 vivimus,

454 671 546 739 qui
579 666 779 723 residui
808 681 1022 730 sumus,
1064 665 1228 720 simul
1268 679 1391 719 cum
1430 664 1511 719 eis
1539 663 1815 734 rapiemur
1846 665 1905 718 in
1926 679 2019 718 oc-

454 776 675 817 cursum
709 758 925 813 Domini
954 758 1009 813 in
1037 772 1193 824 aera;
1221 766 1274 812 et
1298 756 1379 813 sic
1396 771 1611 827 semper
1634 771 1758 811 cum
1789 754 2021 811 Domino

453 853 657 907 erimus
690 851 731 905 ⁸.
768 874 787 902 ι

522 943 728 997 LVVII.
772 942 898 998 Haec
927 942 1023 997 tibi
1054 941 1242 1011 paucis
1264 943 1510 1012 exposui,
1543 957 1576 997 ο
1604 940 1922 1011 Tbeophile,
1950 956 2016 996 ex

453 1037 654 1091 divinis
712 1034 1007 1106 Scripturis
1058 1034 1292 1098 hausta,
1353 1042 1413 1087 ut
1457 1033 1722 1087 servando
1765 1033 1868 1088 [ide
1900 1048 2019 1101 quae

454 1130 657 1196 scripta
688 1136 836 1190 sunt,
882 1125 1329 1196 prospicieusquc
1373 1122 1577 1190 futura,
1614 1122 1936 1179 inoffensum
1969 1131 2020 1179 te

456 1219 566 1273 Deo
589 1233 655 1273 ac
680 1217 992 1272 hominibus
1013 1232 1217 1281 serves,
1248 1225 1569 1285 exspecmns
1592 1216 1806 1270 beatam
1843 1231 2015 1285 spem,

455 1322 509 1364 et
530 1308 947 1364 illustrationem
977 1308 1094 1373 Dei,
1118 1317 1172 1362 et
1209 1307 1508 1362 Salvatoris
1542 1308 1711 1363 nostri
1736 1308 1778 1373 τ,
1811 1307 1868 1361 in
1911 1322 2021 1377 qua

455 1401 736 1456 suscitatis
767 1401 970 1456 sanctis
997 1400 1220 1464 nostris,
1255 1415 1377 1454 cum
1403 1400 1483 1455 eis
1519 1399 1787 1454 lmtabitur
1816 1399 2018 1469 gloriﬁ-

455 1506 591 1548 cans
613 1490 848 1546 Patrem.
870 1491 975 1562 Ipsi
997 1490 1171 1563 gloria
1196 1490 1255 1544 in
1281 1493 1611 1561 sempiterna
1631 1490 1827 1547 saecula
1850 1505 2021 1547 sarcu-

457 1584 655 1639 lorum.
688 1583 879 1638 Amen.

2122 571 2304 640 νεκροὶ
2323 572 2378 623 ὲν
2403 569 2620 641 Χριστῷ
2640 569 3029 640 ἀναστήσονται
3056 569 3288 640 ’πρῶτον⁸
3316 569 3504 623 ἔπειτα
3530 572 3672 641 ἡμεῖς

2122 666 2172 716 οἱ
2203 662 2402 727 ζῶντες
2428 664 2483 716 οἱ
2508 662 2941 734 περιλειπόμενοι
2974 663 3089 734 ἅμα
3108 664 3201 716 σὺν
3227 663 3410 727 αὐτοῖς
3438 665 3670 735 ἁρπαγη-

2126 755 2326 827 σόμεθα
2349 756 2405 808 ὲν
2425 754 2672 823 νεφέλαις
2705 756 2784 819 εἰς
2814 755 3112 825 ἀπάντησιν
3140 755 3231 809 τοῦ
3266 757 3467 827 Κυρίου
3495 758 3571 821 είς
3590 758 3671 811 ἀέ-

2128 864 2213 920 ραο
2241 847 2332 899 καὶ
2369 845 2510 900 οὕτω
2544 847 2766 900 πάντοτε
2791 847 2886 913 σὺν
2905 847 3092 919 Κυρίῳ
3120 847 3403 919 ἐσόμεθα.»

2194 936 2379 989 Ταῦτά
2430 935 2884 1007 σοιζπαρέστησα
2954 935 3043 989 διά
3111 937 3357 1007 βραχέων
3418 938 3672 1009 ἀρυσάμε-

2123 1046 2245 1092 νος,
2302 1028 2557 1096 Θεόφιλε,
2600 1029 2750 1091 ὅπως
2810 1026 3094 1097 φυλάσσων
3151 1027 3288 1098 μετὰ
3329 1027 3563 1091 πίστεως
3614 1030 3671 1083 τὰ

2123 1119 2500 1190 γεγραμμένα,
2524 1119 2616 1171 καὶ
2645 1118 2962 1190 προῦλέπων
2983 1120 3052 1173 τὰ
3071 1120 3321 1191 ἐσόμενα,
3346 1119 3673 1191 ἀπρόσκοπον

2125 1212 2311 1265 ἑαυτὸν
2341 1212 2436 1265 καὶ
2455 1210 2570 1281 Θεῷ
2599 1211 2691 1264 καὶ
2714 1210 3016 1283 ἀνθρώποις
3038 1211 3295 1285 φυλάξῃς,
3332 1212 3672 1283 προσδεχόμε-

2125 1321 2213 1368 νος
2240 1303 2336 1374 τὴν
2359 1303 2629 1374 μακαρίαν
2654 1303 2841 1358 ἐλπίδα
2873 1305 2965 1358 καὶ
2984 1306 3299 1375 ἐπιφάνειαν
3322 1304 3416 1358 τοῦ
3441 1304 3573 1357 Θεοῦ
3594 1306 3670 1358 καὶ

2124 1397 2370 1469 Σωτῆρος
2399 1398 2431 1467 ἡ
2440 1396 2575 1467 μῶν,
2612 1398 2669 1450 ὲν
2746 1397 3051 1469 ἀναστήσας
3064 1398 3189 1461 τοὺς
3209 1398 3394 1466 ἁγίους
3421 1396 3572 1468 ήμῶν
3594 1397 3672 1450 σὺν

2125 1489 2305 1551 αὐτοῖς
2331 1487 2782 1559 εὐφρανθήσεται,
2815 1487 3048 1555 δοξάζων
3070 1489 3305 1559 Πατέρα·
3338 1488 3538 1559 αὑτῷὴ
3567 1488 3672 1555 δόξα

2129 1580 2206 1643 εἰς
2232 1580 2356 1643 τοὺς
2376 1578 2758 1651 ἀτελευτήτους
2788 1579 2987 1643 αἰῶνας
3011 1578 3119 1633 τῶν
3152 1578 3379 1636 αἰώνων.
3428 1580 3607 1651 Ἀμήν.

488 1762 3661 1793 W

727 1922 1162 2096 ΤΟΥ
1289 1924 1960 2096 ΑΓΙΟΥ
2104 1782 3433 2099 ΙΠΠΟᾹ-ᾗ-ΘῩ

1576 2190 1975 2247 ΕΠΙΣΚΟΠΟΥ
2028 2194 2154 2249 ΚΑΙ
2196 2193 2566 2248 ΜΑΡΤΥΡΟΣ

1190 2355 1965 2443 ΑΠΟΔΕΙΚΤΙΚΗ
2035 2356 2321 2443 ΠΡΟΣ
2372 2358 2964 2447 ΙΟΥΔΑΙΟΥΣ

1165 2714 1837 2871 SANGTI
1954 2717 2995 2875 HIPPOLYTI

1353 2999 1899 3093 EP'ISCOPI
1976 3004 2129 3093 ET
2198 3002 2807 3094 MABTYRIS

658 3212 1885 3346 DEMONSTRATIO
1978 3215 2806 3349 ADVERSUS
2896 3222 3529 3351 JUD/EOS

1446 3450 1828 3507 FRANCISCO
1868 3451 2232 3509 TURRIANO
2270 3451 2725 3510 INTERPRETE.

2060 3635 2136 3647 ..α

533 3762 575 3817 l;
613 3760 815 3815 lnelina
839 3775 1024 3815 aurem
1047 3770 1214 3827 tuam,
1238 3760 1441 3828 Judtee,
1465 3770 1518 3816 et
1542 3761 1668 3817 audi
1696 3763 1859 3817 verba
1882 3778 2023 3830 mea,

2196 3762 2402 3817 Οὐκοῦν
2423 3761 2598 3817 κλῖνον
2622 3762 2683 3816 τὸ
2718 3757 2809 3826 οὖς
2841 3780 2933 3816 σου
2966 3764 3108 3835 ἐμοὶ,
3132 3764 3227 3817 καὶ
3250 3765 3555 3818 εἰσάκουσον
3575 3761 3659 3814 τῶν

463 3866 520 3911 et
543 3855 777 3910 attende.
812 3852 964 3923 Saepe
993 3854 1243 3925 gloriaris
1275 3863 1356 3920 tu,
1386 3854 1532 3923 quod
1575 3852 1759 3909 Jesum
1790 3854 2025 3909 Nazare-

463 3963 593 4002 num
623 3946 816 4001 mortis
847 3945 1239 4012 condemnasti,
1270 3954 1324 4001 et
1354 3946 1497 4015 quod
1538 3955 1750 4001 acetum
1789 3954 1844 4001 et
1880 3947 1951 4001 l'el
1979 3949 2025 4001 ei

462 4042 531 4094 ad
563 4040 854 4096 bibendum
884 4039 1200 4112 porrexisti;
1255 4048 1311 4094 et
1353 4040 1458 4095 hoc
1505 4040 1800 4111 gloriosum
1843 4049 2023 4111 putas.

460 4132 669 4188 Accede
684 4132 867 4202 igitur,
892 4140 946 4186 ct
970 4131 1382 4187 consideremus
1405 4132 1785 4199 communiter,
1823 4141 2029 4187 utrum-

462 4238 532 4278 ne
563 4223 769 4292 injuste
795 4223 1071 4293 gloriaris,
1099 4239 1131 4277 ο
1169 4222 1355 4286 Israel,
1395 4232 1451 4277 et
1492 4224 1627 4278 illud
1662 4240 1853 4294 parum
1889 4227 2028 4281 aceti

461 4324 518 4369 et
559 4314 699 4368 fellis
740 4314 839 4369 has
883 4314 1171 4369 horribiles
1208 4314 1385 4369 minas
1416 4314 1509 4369 tibi
1538 4317 1747 4384 intulit;
1774 4327 2028 4374 utrumne

460 4415 681 4478 propter
712 4406 846 4461 illud
874 4406 928 4461 in
952 4406 1072 4462 istis
1106 4407 1332 4462 inﬁnitis
1357 4408 1754 4464 calamitatibus
1777 4425 1855 4464 es.

527 4585 593 4640 ll.
630 4584 895 4643 Procedat
924 4586 1086 4657 igitur
1126 4587 1181 4640 in
1219 4587 1480 4648 medium.
1514 4589 1605 4658 qui
1637 4604 1732 4659 per
1765 4589 2024 4660 Spiritum

458 4688 710 4734 sanctam
748 4678 1010 4747 loquitur,
1054 4687 1108 4732 et
1142 4693 1305 4733 verax
1338 4677 1635 4745 est,‘David
1670 4681 1814 4737 [ilius
1849 4681 2021 4740 Iesse.

457 4763 581 4834 Hic,
622 4785 746 4826 cum
794 4770 1041 4840 quaedam
1074 4770 1386 4839 prophetico
1419 4771 1485 4825 de
1516 4786 1646 4825 vero
1678 4772 1897 4829 Christo
1929 4792 2023 4831 ca-

457 4870 633 4927 neret,
664 4870 719 4915 et
742 4860 910 4915 Deum
946 4870 1191 4916 nostrum
1225 4877 1320 4931 per
1365 4860 1623 4931 Spiritum
1659 4875 1903 4919 sanctum
1933 4882 2025 4921 ca-

456 4954 640 5008 nendo
667 4954 984 5020 celebraret,
1015 4954 1201 5008 omnia
1239 4969 1360 5023 qua:
1390 4969 1421 5008 a
1451 4953 1652 5011 Iudaeis
1678 4956 1731 5009 in
1770 4958 2024 5026 passione

2129 3855 2386 3926 ῥημάτων
2431 3871 2555 3925 μου,
2598 3854 2692 3908 καὶ
2721 3854 2976 3925 πρόσεχε,
3007 3850 3052 3908 ὦ
3095 3855 3337 3909 Ἰουδαῖε.
3378 3856 3447 3908 Σὺ
3475 3856 3527 3909 δὲ
3554 3853 3658 3906 πολε

2124 3945 2280 4008 λάκις
2313 3944 2744 4016 ὲκκαυχώμενος,
2776 3946 2856 3998 ὅτι
2874 3944 2967 3998 τὸν
3012 3946 3216 4017 Ἰησοῦν
3244 3948 3337 4000 τὸν
3378 3945 3658 4014 Ναζωραῖον

2127 4036 2338 4107 Θανάτῳ
2378 4037 2716 4108 κατέκρινας,
2753 4038 2848 4089 καὶ
2879 4037 2998 4101 ὅξος
3022 4038 3115 4091 καὶ
3147 4038 3305 4109 χολὴν
3336 4039 3491 4093 αὑτὸν
3509 4036 3659 4089 ἐπότι-

2128 4142 2241 4192 σας·
2279 4129 2373 4182 καὶ
2406 4127 2639 4199 σεμνύνῃ
2685 4127 2776 4180 ἐπὶ
2815 4126 3007 4198 τούτῳ.
3042 4127 3208 4200 Δεῦρο
3237 4124 3331 4182 οὖν
3367 4127 3548 4190 κοινῶς
3566 4128 3662 4181 Em-

2128 4220 2454 4293 σκεψώμεθα
2484 4222 2678 4294 μήπως
2711 4222 2908 4287 ἀδίκως
2934 4222 3222 4291 καυχᾶσαι,
3247 4215 3293 4273 ὦ
3334 4219 3552 4293 Ἰσραὴλ,
3579 4216 3661 4286 μή·

2126 4328 2243 4374 πως
2269 4328 2350 4364 σοι
2368 4311 2430 4365 τὸ
2467 4311 2658 4383 μικρὸν
2688 4312 2860 4363 ἐκεῖνο
2893 4310 3012 4376 ὅξος
3039 4311 3131 4363 καὶ
3160 4313 3192 4383 ἡ
3226 4310 3356 4381 χολὴ
3396 4310 3491 4380 τὴν
3525 4304 3657 4376 906:-

2128 4402 2227 4473 ράν
2251 4419 2331 4455 σοι
2359 4401 2563 4472 ταύτην
2600 4404 2878 4475 ἐπήγαγεν
2910 4401 3156 4474 ἀπειλήνο
3206 4405 3401 4474 μήπως
3431 4402 3492 4455 δι’
3523 4395 3658 4454 αὑτοῦ

2125 4496 2183 4547 ἐν
2206 4497 2318 4557 τοῖς
2345 4493 2558 4566 μυρίοις
2583 4494 2790 4560 τούτοις
2815 4496 3079 4568 ὑπάρχεις
3109 4496 3321 4560 δεινοῖς.

2196 4586 2521 4657 Προαγέσθω
2549 4587 2726 4641 τοίνυν
2749 4588 2828 4651 εἰς
2854 4587 3016 4659 μέσον
3036 4589 3064 4640 6
3087 4586 3173 4639 διὰ
3198 4586 3508 4657 Πνεῦματος
3530 4582 3658 4650 ἁγίου

2125 4680 2317 4743 λαλῶν,
2362 4677 2594 4749 ἀψευδὴς
2629 4678 2907 4751 ὑπάρχων,
2944 4678 3105 4733 Δαυὶδ
3133 4679 3161 4731 6
3197 4676 3291 4731 τοῦ
3334 4675 3536 4731 Ἰεσσαί.
3573 4664 3658 4725 Οὗ-

2124 4792 2214 4839 τος
2236 4774 2451 4845 ψάλλων
2477 4775 2597 4829 τινὰ
2631 4773 2982 4845 προφητικῶς
3002 4773 3081 4835 εἰς
3106 4771 3195 4825 τὸν
3224 4771 3396 4841 ἀληθῆ
3437 4767 3656 4840 Χριστὸν,

2123 4868 2215 4922 τὶν
2240 4868 2371 4922 Θεὸν
2402 4871 2434 4940 ἡ
2444 4868 2560 4940 μῶν
2588 4866 2894 4938 ἐμελῴδησε
2933 4866 3021 4919 διὰ
3054 4864 3146 4919 τοῦ
3174 4864 3328 4933 ἁγίου
3356 4863 3657 4933 Πνεύματοςς

2126 4961 2302 5013 πάντα
2338 4960 2405 5013 τὰ
2445 4959 2549 5014 ὑπὸ
2594 4959 2860 5012 Ἰουδαίων
2887 4959 2966 5021 εἰς
2990 4956 3150 5009 αὑτὸν
3177 4958 3234 5009 ὲν
3263 4956 3342 5026 τῷ
3365 4954 3518 5008 πάθει
3540 4948 3659 5020 γινό-

455 5045 577 5113 ejus
601 5043 742 5098 facta
768 5052 914 5109 sunt,
944 5044 1090 5100 clare
1130 5044 1493 5111 denuntiavit;
1533 5047 1623 5101 ubi
1654 5047 1904 5104 Christus
1927 5052 2019 5118 qui

2130 5069 2266 5121 μενα
2289 5051 2474 5121 σαφῶς
2494 5050 2901 5121 κατηγγείλατο·
2939 5052 2997 5103 ὲν
3021 5041 3065 5116 ᾧ
3094 5050 3123 5102 6
3149 5048 3380 5119 Χριστὸς
3420 5049 3447 5099 ὁ
3496 5058 3656 5097 ταπει-

457 5148 517 5187 se.
546 5133 867 5201 humiliavit,
899 5142 955 5189 et
988 5133 1217 5190 formam
1260 5136 1403 5192 servi
1436 5135 1608 5191 Adam
1655 5138 1849 5205 induit,
1901 5148 2022 5193 tan~

2130 5120 2299 5207 νώσας
2324 5143 2511 5196 ἑαυτὸν
2536 5120 2629 5195 και
2656 5143 2755 5214 τὴν
2787 5141 2998 5214 μορφὴν
3029 5140 3123 5194 τοῦ
3151 5141 3336 5195 δούλου
3385 5139 3543 5210 Ἀδὰμ
3582 5139 3653 5189 ὲν-

456 5238 621 5291 quam
649 5238 715 5276 ex
742 5238 975 5293 persona
1003 5232 1208 5287 nostra,
1243 5226 1459 5280 invocat
1490 5224 1659 5281 Deum
1693 5226 1903 5281 Patrem
1925 5229 2018 5297 qui

456 5313 511 5365 in
536 5313 689 5368 caelis
721 5322 823 5379 est,
845 5322 898 5368 et
925 5314 1001 5367 ait
1019 5316 1214 5384 psalm.
1239 5331 1406 5370 vam
1432 5333 1446 5369 ;
1477 5334 1495 5368 ‹
1532 5314 1695 5370 Serva
1723 5333 1824 5384 me,
1856 5317 2019 5386 Deus,

459 5409 719 5477 quoniam
789 5410 1127 5464 intraverunt
1195 5424 1349 5479 aqua
1416 5426 1591 5481 usque
1656 5414 1723 5467 ad
1782 5414 2021 5471 animam

528 5524 549 5555 ⁵
580 5522 598 5577 l
631 5524 824 5582 Thess.
855 5542 930 5594 tv,
966 5525 1050 5579 12.
1124 5525 1142 5555 ⁷
1176 5524 1281 5579 Tit.
1316 5527 1487 5592 11,15.

490 5709 502 5719 .
529 5639 640 5709 (Si)
704 5642 802 5696 Ἐν
832 5642 915 5708 τῷ
952 5643 1040 5711 ξη⁹
1076 5639 1315 5719 vagari}.
1343 5644 1715 5719 Annumerarc
1769 5646 2017 5705 Psalmos

457 5715 573 5788 sive
601 5724 802 5788 eorum_
824 5728 1107 5788 numerum
1134 5715 1385 5788 allegare,
1411 5715 1651 5788 solemne
1680 5719 1766 5772 illa
1793 5719 2020 5788 jampri-

460 5779 757 5845 demmtate
774 5782 878 5839 l‘uit
908 5779 1265 5855 scriptoribus
1301 5802 1314 5839 :
1342 5794 1399 5840 ut
1425 5801 1490 5841 ex
1516 5784 1765 5859 Origene,
1793 5779 2015 5862 Cypria~

2125 5236 2440 5306 δυσάμενος,
2473 5235 2549 5300 ὡς
2589 5237 2653 5288 ὲκ
2694 5234 2984 5307 προσώπου
3022 5236 3177 5307 ήμῶν
3225 5235 3546 5318 ἐπικαλεῖται
3579 5226 3655 5279 τὸν

2128 5331 2185 5381 ὲν
2216 5329 2462 5400 οὐρανοῖς
2486 5329 2617 5383 Θεὸν
2655 5329 2896 5401 Πατέρα,
2941 5330 3035 5383 καὶ
3069 5329 3215 5399 λέγει
3249 5332 3305 5383 ὲν
3350 5329 3425 5399 τῷ
3451 5328 3521 5395 ξη¹
3548 5318 3657 5392 ψαλ-

2131 5419 2216 5490 μῷ
2241 5421 2369 5491 (51)·
2409 5439 2426 5472 ι
2459 5420 2636 5475 Σῶσόν
2669 5438 2756 5493 με,
2796 5424 2824 5475 6
2855 5420 3008 5487 Θεὸς,
3048 5422 3129 5475 ὅτι
3176 5422 3483 5494 εἰσήλθοσαν
3514 5417 3656 5470 ὕδατα

2123 5673 2213 5784 ἓο,
2248 5659 2550 5729 Lactantio,
2582 5661 2812 5732 aliisque
2837 5658 3000 5717 etiam
3023 5656 3419 5729 antiquioribus
3449 5648 3652 5707 constat-

2170 5746 2336 5784 unm.

2170 5746 2336 5786 ABRIC.
