3836 6520
242 387 346 446 789

1212 396 1749 454 DEMONSTRA‘TIO
1789 399 2156 459 ADVERSUS
2197 403 2504 459 JUDAEOS'.

3377 410 3491 465 790'

235 507 343 570 ἓως
374 506 551 580 ψυχῆς
587 528 705 580 μουο
731 513 1006 585 ἐνεπάγην
1022 516 1100 578 εἰς
1129 515 1242 569 ἰλὺν
1269 517 1454 586 βυθοῦ,
1486 539 1504 570 ι
1533 520 1800 574 τουτέστιν

1911 538 2120 592 meam;
2168 525 2366 582 infixus
2414 542 2532 581 sum
2567 527 2620 581 in
2656 527 2785 580 limo
2830 528 3116 597 profundi;
3159 548 3176 579 ι
3210 530 3261 583 id
3299 541 3381 584 est
3429 531 3484 585 in

231 601 316 663 εἰς
339 600 435 671 τὴν
470 600 672 672 φθορὰν
698 603 792 657 τοῦ
817 605 964 676 ᾅδου,
991 606 1076 660 διὰ
1094 607 1192 678 τῆς
1215 610 1271 662 ὲν
1288 612 1598 684 παραδείσῳ
1630 631 1809 686 παρα-

232 691 388 761 κοῆς·
429 711 450 744 ι
495 695 590 747 καὶ
635 695 736 748 οὐκ
779 694 924 750 ἐστιν
969 698 1285 764 ὑπόστασις,
1332 721 1348 751 ι
1390 703 1556 772 ἧγουν
1593 705 1809 777 ἀντίλη-

228 783 343 852 ψις.
386 802 406 836 ι
450 785 752 851 Ἐξέλειπον
797 790 846 840 οἱ
883 788 1151 860 ὀφθαλμοί
1187 808 1286 862 μου
1322 793 1428 846 ἀπὸ
1459 795 1551 848 τοῦ
1577 795 1810 860 ἐλπίζειν

232 893 300 946 με
326 877 422 930 ἐπὶ
451 878 543 931 τὸν
565 879 696 934 Θεόν
723 898 846 951 μου,
875 883 1003 936 πότε
1035 882 1154 953 ἥξει
1182 887 1274 939 καὶ
1311 886 1472 940 σώσει
1517 905 1602 958 με.
1648 907 1666 940 ι

298 967 435 1024 Εἶτα
455 970 624 1024 εἰπὼν
643 971 712 1025 τὰ
736 973 861 1045 ἑξῆς
885 975 1030 1043 λέγει
1050 977 1230 1032 λοιπὸν
1249 979 1324 1042 ὡς
1343 977 1401 1044 ἐξ
1421 981 1619 1033 οἰκείου
1643 998 1812 1053 προσ-

224 1061 381 1115 ώπου
418 1066 448 1118 ό
492 1065 744 1134 Χριστός·
769 1085 786 1118 ι
815 1067 882 1118 Ἀ
903 1069 1000 1138 οὐχ
1021 1067 1284 1140 ἥρπαζον,
1312 1073 1493 1142 φησὶν,
1532 1073 1650 1125 τότε
1675 1074 1812 1126 ἁπε-

223 1154 460 1207 τίννυονο
504 1175 523 1206 ι
561 1156 854 1221 τουτέστιν,
908 1157 1049 1231 ἆπερ
1089 1161 1186 1231 οὐχ
1234 1162 1498 1232 ἥμαρτον,
1546 1164 1686 1235 ὑπὲρ
1716 1163 1810 1217 τοῦ

225 1245 623 1316 ἁμαρτήματος
676 1246 844 1318 Ἀδὰμ
877 1248 1141 1319 ὑπέμεινα
1166 1249 1255 1302 τὸν
1283 1249 1528 1304 θάνατον.
1574 1271 1592 1303 ι
1639 1254 1808 1318 Ἐπεὶ,

221 1335 257 1388 ."
285 1335 444 1399 Θεὸς,
475 1339 538 1390 σὺ
563 1333 710 1400 οἶδας
742 1338 841 1408 τὴν
870 1338 1178 1411 ἀφροσύνην
1205 1358 1328 1411 μου,
1357 1343 1449 1395 καὶ
1472 1346 1527 1396 αἱ
1559 1344 1812 1416 πλημμέ-

222 1426 366 1480 λειαί
407 1446 506 1498 μου
537 1430 643 1483 ἀπὸ
667 1429 758 1482 σοῦ
791 1432 892 1484 οὐκ
922 1432 1328 1504 ἀπεκρύὸησαν·
1361 1455 1379 1487 ι
1419 1437 1716 1501 τουτέστιν,
1748 1439 1808 1490 οὺ

220 1519 336 1588 γὰρ
367 1518 783 1591 ἐπλημμέλησα,
821 1521 1013 1592 φησίν·
1039 1523 1106 1576 δι’
1131 1524 1158 1577 ὃ
1203 1543 1222 1576 ι
1270 1525 1344 1597 μὴ
1393 1528 1811 1600 αἰσχυνθείησαν

219 1609 271 1659 oi
298 1609 664 1679 ὑπομένοντες
700 1627 800 1680 μου
830 1609 955 1664 ἰδεῖν
995 1630 1014 1664 ι
1052 1613 1149 1683 τὴν
1176 1615 1470 1685 τριήμερον
1494 1617 1808 1680 ἀνάστασιν,

219 1699 508 1753 τουτέστιν
558 1702 608 1754 οἱ
644 1701 948 1755 ἀπόστολοι.
1007 1721 1026 1752 ι
1081 1704 1198 1756 Ὅτι
1222 1704 1382 1759 ἕνεκά
1418 1723 1531 1770 σου,
1584 1727 1602 1759 ι
1653 1709 1811 1778 χάριν

216 1790 317 1844 τοῦ
350 1793 657 1846 ὑπακοῦσαί
686 1810 798 1857 σου,
838 1811 855 1845 ι
889 1787 1170 1864 ὑπήνεγκα
1198 1797 1516 1868 ὀνειδισμὸν,
1569 1818 1586 1850 ι
1630 1801 1811 1852 τουτέ-

1918 615 2322 683 corruptionem
2349 615 2567 679 inferni,
2609 628 2827 688 propter
2858 620 3222 674 obedientiam
3248 621 3300 675 in
3328 638 3486 691 para-

1911 704 2031 758 diso
2071 705 2367 775 abjeetam,
2415 725 2434 757 ι
2486 719 2539 761 et
2569 724 2674 762 non
2734 719 2818 764 est
2865 710 3189 777 substantia,
3220 731 3237 763 ι
3281 713 3334 767 id
3379 723 3482 775 est,

1912 797 2196 852 auxilium.
2250 817 2268 850 ι
2327 798 2648 854 Defecerunt
2695 801 2839 856 oculi
2884 802 3008 866 mei,
3055 803 3181 857 dum
3223 818 3382 874 spero
3412 806 3484 860 "in

1911 887 2022 941 Deo
2061 905 2211 954 meo;
2239 891 2458 960 quando
2478 891 2677 954 veniet,
2705 900 2758 946 et
2784 894 2990 946 salvum
3025 908 3110 947 me
3139 893 3316 948 faciet.
3351 914 3369 946 ι

1982 976 2070 1030 111.
2102 977 2295 1032 Postea
2325 980 2456 1035 dicit
2487 990 2762 1050 tanquam
2787 997 2852 1037 ex
2900 999 3130 1052 persona
3181 1000 3280 1039 sua
3323 985 3482 1039 Chri-

1914 1075 2032 1123 stus
2065 1088 2077 1122 :
2110 1089 2127 1119 ι
2164 1068 2294 1135 Qum
2328 1087 2433 1125 non
2466 1073 2642 1142 rapui,
2677 1073 2873 1142 inquit,
2922 1083 3050 1130 tunc
3099 1076 3410 1143 solvebam;
3457 1095 3476 1127 ι

1911 1157 1965 1211 id
1995 1167 2096 1223 est,
2129 1158 2221 1227 qui
2255 1174 2362 1212 non
2403 1159 2641 1228 peccavi,
2677 1176 2775 1230 pro
2815 1171 3036 1230 peccato
3073 1162 3204 1216 Adae
3245 1162 3480 1216 sustinui

1911 1257 2160 1302 mortem.
2193 1268 2210 1300 ι
2275 1249 2544 1316 Quoniam
2606 1261 2683 1315 tu,
2724 1251 2886 1316 Deus,
2943 1253 3050 1306 seis
3109 1253 3477 1322 insipientiam

1912 1354 2129 1405 meam;
2167 1350 2218 1394 et
2248 1342 2440 1395 delicta
2479 1357 2598 1396 mea
2638 1354 2740 1397 ate
2773 1360 2878 1396 non
2920 1353 3045 1397 sunt
3074 1344 3416 1409 abscondita;
3456 1362 3474 1394 ι

1911 1430 1964 1485 id
1989 1443 2090 1493 est,
2122 1447 2230 1485 non
2255 1434 2422 1498 enim,
2453 1434 2645 1503 inquit,
2671 1417 2895 1503 deliqui,
2917 1436 3288 1503 quamobrem,
3316 1453 3334 1485 ι
3370 1450 3477 1488 non

1910 1524 2258 1588 erubescant,
2287 1526 2378 1594 qui
2410 1535 2723 1595 exspectant
2747 1527 2928 1581 videre
2969 1547 2987 1578 ι
3025 1543 3196 1581 meam
3238 1537 3358 1595 post
3385 1527 3480 1581 tri-

1911 1616 2080 1670 duum
2115 1619 2566 1672 resurrectionem
2604 1637 2616 1672 :
2653 1618 2703 1672 id
2736 1620 3113 1687 cst,apostoli.
3151 1637 3168 1669 ι
3209 1618 3476 1685 Quoniam

1911 1717 2130 1774 propter
2161 1716 2231 1769 te,
2267 1726 2285 1758 ι
2329 1719 2383 1760 ιιι
2425 1706 2520 1759 tibi
2559 1705 2855 1771 obedirem,
2907 1725 2926 1758 ι
2985 1708 3220 1761 sustinui
3280 1721 3477 1776 oppro-

1915 1795 2113 1859 brium,
2141 1814 2159 1845 ι
2195 1797 2245 1848 id
2273 1804 2375 1859 est,
2398 1810 2648 1862 crucem;
2682 1795 3075 1866 quandoJudwi
3102 1816 3119 1848 ι
3148 1805 3477 1865 operuerunt

219 1897 312 1933 στι
347 1881 440 1935 τὸν
486 1883 736 1954 σταυρὸν,
770 1884 856 1936 ὅτε
897 1902 919 1935 ‹
950 1885 1222 1955 ἐκάλυψαν
1247 1888 1478 1959 ὲντροπῇ
1505 1889 1563 1941 τὸ
1599 1891 1800 1960 πρόσω-

1912 1884 2232 1940 confusione
2265 1884 2453 1940 faciem
2488 1900 2660 1940 meam
2682 1904 2727 1952 ;›
2763 1886 2978 1954 quando
3008 1905 3026 1937 ι
3062 1888 3269 1941 alienus
3305 1885 3479 1942 factus

216 1972 325 2025 πόν
356 1990 457 2044 μου
500 1993 519 2026 ι
545 1975 595 2026 οἱ
633 1975 889 2028 Ἰουδαῖοι·
917 1977 1005 2030 ὅτε
1031 1995 1048 2028 ι
1085 1977 1594 2050 ἁπηλλοτριωμένος
1627 1983 1810 2053 ὲγενή-

216 2064 326 2136 θην
375 2068 490 2128 τοῖς
535 2067 685 2121 κατὰ
744 2066 940 2134 σάρκα
1003 2067 1250 2137 ἀδελφοῖς
1307 2087 1432 2140 μου,
1506 2071 1602 2123 καὶ
1659 2071 1806 2138 ξένος

214 2158 343 2217 τοῖς
369 2155 508 2218 υἱοῖς
539 2155 638 2226 τῆς
678 2156 882 2228 μητρός
923 2175 1043 2228 μου,
1079 2179 1098 2209 ι
1144 2159 1407 2224 τουτέστι,
1461 2149 1801 2234 Συναγωγῆς.

217 2267 238 2297 ι
281 2248 436 2301 Διότι
472 2249 500 2300 ὀ
529 2248 688 2319 ζῆλος
704 2249 796 2302 τοῦ
827 2248 976 2303 οἴκου
1008 2266 1122 2317 σου,
1163 2252 1364 2323 Πάτερ,
1401 2255 1677 2325 κατέφαγέ
1713 2274 1802 2327 με,

211 2342 317 2393 καὶ
347 2342 399 2394 οἱ
422 2340 711 2412 ὀνειδισμοὶ
740 2342 848 2396 τῶν
880 2342 1243 2408 όνειδιζόντων
1269 2362 1350 2408 σε,
1395 2365 1412 2397 ι
1452 2349 1548 2401 καὶ
1571 2348 1803 2404 θυόντων

207 2435 331 2495 τοῖς
355 2431 614 2496 εἰδώλοις,
646 2452 665 2484 ι
709 2433 982 2488 ἐπέπεσαν
1019 2436 1103 2488 ἐπ’
1138 2436 1258 2507 ἐμέ.
1296 2456 1314 2488 ι
1342 2438 1435 2491 Διὸ
1464 2458 1480 2490 ι
1520 2441 1638 2492 κατ’
1664 2441 1799 2512 ἐμοῦ

211 2523 548 2594 ὴδολέσχουν
573 2525 622 2577 οἱ
647 2524 944 2597 καθήμενοι
966 2527 1023 2579 ἐν
1045 2526 1257 2594 πύλαιςο
1275 2547 1294 2581 ›
1323 2530 1426 2598 ἔξω
1449 2532 1555 2606 γὰρ
1583 2533 1680 2605 τῆς
1704 2534 1802 2588 πῦ-

207 2615 316 2686 λης
348 2634 416 2686 με
446 2617 814 2689 ἐσταύρωσανο
849 2638 867 2669 ι
912 2623 1005 2674 καὶ
1040 2623 1120 2685 είς
1153 2625 1252 2694 ἐμὲ
1285 2624 1509 2693 ἔψαλλον
1543 2629 1591 2680 οἱ
1615 2629 1796 2681 πίνον-

206 2726 305 2772 τες
343 2703 506 2770 οἶνον,
549 2729 567 2760 ι
595 2710 838 2764 τουτέστι
861 2715 926 2783 τῇ
953 2712 1047 2785 τοῦ
1077 2715 1268 2786 Πάσχα
1293 2717 1473 2788 ἑορτῇ.
1517 2736 1535 2770 ι
1584 2720 1722 2788 Ἐγὼ
1742 2721 1800 2775 δὲ

205 2801 274 2868 τῇ
309 2802 587 2870 προσευχῇ
625 2816 724 2870 μου
750 2800 885 2871 πρὸς
909 2801 990 2866 σὲ,
1018 2802 1209 2874 Κύριε,
1247 2823 1264 2854 ι
1301 2804 1504 2872 ἔλεγον⁹
1540 2826 1557 2858 ι
1599 2810 1797 2882 Πάτερ,

206 2890 356 2958 ἄφες
402 2891 606 2954 αὐτοῖς,
659 2911 677 2943 ι
729 2895 842 2956 τοῖς
884 2892 1112 2958 ἔθνεσιν,
1155 2895 1288 2948 διότι
1326 2899 1514 2970 καιρὸς
1556 2900 1801 2965 εὐδοκίας

205 2981 324 3034 τῶν
344 2981 536 3034 ἐθνῶν.
569 3001 588 3033 ι
630 2984 720 3055 Μὴ
745 2983 921 3038 τοίνυν
943 2988 1389 3041 καταποντισάτω
1415 3008 1479 3060 με
1504 2992 1752 3060 καταιγὶς
1775 3011 1794 3044 ι

208 3072 560 3143 πειρασμῶν,
594 3091 612 3124 ι
645 3073 776 3144 μηδὲ
797 3075 1109 3129 καταπιέτω
1147 3094 1211 3146 με
1241 3076 1416 3147 βυθὸς,
1449 3098 1467 3131 ι
1503 3081 1796 3145 τουτέστιν,

1909 1991 2030 2032 sum
2072 1975 2330 2031 fratribus
2361 1978 2496 2030 meis
2534 1998 2552 2028 υ
2580 1979 2876 2032 secundum
2908 1994 3145 2050 carnem»
3188 1997 3205 2029 ι
3236 1987 3287 2033 et
3322 1994 3478 2047 pcre-

1906 2068 2095 2138 grinus
2125 2068 2248 2123 filiis
2270 2069 2460 2123 matris
2486 2083 2638 2132 mete,
2678 2087 2695 2119 ι
2726 2069 2775 2122 id
2800 2079 2902 2135 est,
2931 2068 3245 2141 Synagogte.
3276 2087 3294 2120 ι
3330 2069 3479 2135 Quo-

1906 2159 2052 2214 niam
2076 2160 2224 2215 zelus
2260 2159 2456 2216 domus
2491 2170 2596 2214 tua:
2636 2159 2838 2230 (Pater)
2869 2159 3102 2214 comedit
3142 2176 3249 2226 me,
3276 2170 3329 2214 et
3367 2161 3474 2214 imc

1903 2252 2154 2322 properia
2195 2252 2680 2320 imprOperantium
2730 2251 2845 2317 tibi,
2887 2270 2905 2301 ι
2953 2260 3007 2304 et
3049 2251 3471 2306 sacriﬁcantium

1903 2342 2086 2409 idolis,
2149 2360 2168 2393 ι
2232 2342 2548 2396 ceciderunt
2622 2357 2786 2412 super
2841 2357 2947 2396 me.
3026 2361 3042 2392 ι
3109 2341 3471 2408 Quamobrem

1908 2451 1927 2484 ι
1964 2443 2151 2488 contra
2180 2449 2266 2488 me
2302 2433 2681 2503 loquebantur,
2712 2433 2804 2503 qui
2835 2433 3089 2488 sedebant
3115 2436 3168 2487 in
3198 2435 3402 2504 portis;
3446 2454 3465 2485 ι

1902 2533 2054 2581 extra
2088 2536 2300 2597 portam
2334 2526 2478 2581 enim
2517 2525 2906 2582 erucit‘ucruut
2931 2539 3054 2580 eum
3089 2524 3250 2596 (me);
3290 2543 3309 2576 (
3336 2532 3390 2581 et
3417 2525 3470 2578 iu

1902 2633 1990 2672 me
2017 2619 2320 2688 psallebant
2359 2619 2451 2688 qui
2495 2618 2752 2672 bibebant
2790 2619 2997 2686 vinum,
3031 2636 3050 2668 ι
3090 2619 3141 2672 id
3176 2627 3280 2684 est,
3306 2617 3358 2670 in
3390 2615 3471 2671 fe-

1901 2719 1985 2765 sto
2021 2709 2264 2764 Pasehze.
2311 2729 2329 2761 ι
2381 2709 2494 2780 Ego
2531 2725 2656 2764 vero
2706 2710 2950 2765 oratione
2987 2725 3110 2764 mea
3146 2710 3214 2763 ad
3257 2717 3328 2774 te,
3367 2706 3471 2760 Do-

1900 2799 2070 2865 mine,
2104 2818 2124 2851 ι
2170 2799 2416 2854 dicebam
2449 2817 2462 2853 :
2501 2818 2519 2850 ι
2573 2797 2754 2865 Pater,
2799 2799 3011 2853 remitte
3047 2798 3198 2868 ipsis,
3239 2815 3257 2849 ι
3301 2797 3473 2866 genti-

1901 2892 2039 2959 bus;
2089 2893 2349 2962 quoniam
2404 2903 2616 2961 tempus
2663 2891 2982 2960 beneplaciti
3029 2894 3286 2960 gentium.
3332 2907 3349 2940 ι
3395 2888 3474 2942 No

1900 2984 2066 3053 igitur
2095 2984 2370 3054 demergat
2408 2999 2494 3038 me
2525 2992 2814 3053 tempestas
2847 3002 2865 3034 ι
2903 2983 3282 3044 tentationum,
3318 2999 3337 3032 ι
3374 2996 3472 3034 nec

1902 3076 2192 3131 absorbeat
2225 3092 2311 3130 me
2355 3077 2683 3145 profundum
2733 3073 2780 3140 ⁸,
2829 3094 2847 3126 ι
2891 3073 2944 3127 id
3004 3083 3107 3135 est,
3162 3073 3409 3127 infernus
3453 3089 3468 3127 :

206 3165 236 3215 δ
269 3163 434 3235 ᾅδης.
466 3183 484 3214 ι
519 3164 593 3218 Οὐ
621 3165 728 3236 γὰρ
763 3167 1176 3236 ἐγκαταλείψεις
1217 3169 1313 3241 τὴν
1338 3170 1516 3242 ψυχήν
1565 3191 1665 3243 μου
1720 3175 1798 3237 εἰς

1908 3185 1927 3216 ι
1964 3166 2083 3220 Νοιι
2109 3167 2252 3220 enim
2281 3167 2554 3236 relinques
2587 3165 2823 3218 animam
2857 3179 3032 3243 meam
3060 3165 3112 3216 in
3144 3162 3356 3216 inferno
3380 3163 3466 3228 ⁹;›

207 3254 366 3326 ᾂδηνσ
381 3273 400 3307 ι
411 3281 476 3294 -ι
487 3273 508 3306 ι
521 3256 652 3326 μηδὲ
669 3257 906 3327 συσχέτω
919 3259 1002 3311 ἐπ’
1016 3260 1040 3310 ὲ
1048 3259 1116 3330 μὲ
1133 3260 1308 3332 φρέαρ
1322 3262 1380 3314 τὸ
1396 3261 1566 3333 στόμα
1578 3263 1763 3329 αὐτοῦ,
1777 3284 1795 3316 ›

204 3347 464 3400 τουτέστι
494 3347 555 3400 τὸ
583 3353 862 3418 μνημεῖον.
906 3369 924 3400 ι
958 3351 1159 3404 Ἕνεκα
1198 3353 1306 3406 τῶν
1340 3355 1546 3426 ἐχθρῶν
1578 3373 1677 3426 μου
1705 3356 1800 3425 ῥῦ-

207 3441 303 3493 σαί
346 3457 436 3510 με,
483 3460 502 3492 ι
535 3441 620 3494 ἵνα
649 3441 722 3514 μὴ
754 3445 1135 3515 καυχήσωνται
1162 3446 1212 3498 οἱ
1255 3447 1495 3501 Ἰουδαῖοι
1529 3447 1796 3517 λέγοντες

205 3532 593 3602 Καταπίωμεν
615 3534 793 3588 αὐτόν.

279 3622 477 3676 Ταῦτα
505 3623 560 3676 δὲ
587 3623 763 3676 πάντα
792 3627 1024 3697 Χριστὸς
1042 3627 1399 3697 οἰκονομικῶς
1418 3629 1493 3693 ὡς
1517 3629 1803 3702 ἄνθρωπος

205 3714 439 3785 ηὔχετο,
491 3714 623 3778 Θεὸς
650 3715 726 3769 ὢν
758 3717 1023 3787 ἀληθινός.
1081 3719 1218 3771 Ἀλλ’
1233 3720 1330 3782 ,ὡς
1386 3719 1596 3788 φθάσας
1624 3718 1796 3788 εἷπον,

213 3826 240 3859 ι
269 3811 307 3876 ἡ
352 3808 535 3878 μορφὴ
560 3807 654 3860 τοῦ
680 3807 866 3860 δούλου
891 3805 978 3879 ἦν,
1011 3829 1029 3860 ι
1066 3809 1242 3862 ταῦτα
1292 3811 1527 3880 λέγουσα
1567 3814 1659 3866 καὶ
1692 3813 1798 3866 πά-

206 3915 446 3970 σχουσα.
473 3900 549 3950 Δι’
579 3897 608 3951 ὃ
639 3899 884 3970 ἐπήγαγε
914 3900 1106 3969 λέγων’
1137 3922 1154 3952 ι
1193 3903 1519 3973 Ὀνειδισμὸν
1544 3904 1798 3974 προσεδό-

204 4007 387 4061 κησεν
431 3991 465 4060 ή
512 3989 655 4061 ψυχή
703 4007 804 4060 μου
864 3991 956 4044 καὶ
1008 3992 1399 4063 ταλαιπωρίαν,
1433 4012 1450 4042 ι
1497 3993 1794 4059 τουτέστιν,

205 4083 486 4144 ἑκουσίως
525 4081 745 4145 ἔπαθον,
793 4084 892 4136 οὐκ
925 4082 987 4136 ἐκ
1018 4101 1159 4146 τινος
1210 4083 1330 4153 βίας
1354 4101 1366 4113 ·
1415 4085 1564 4155 ὅμως
1620 4105 1638 4136 ι
1668 4086 1798 4140 ὑπέ-

209 4193 383 4248 μεινα
421 4175 870 4246 συλλυπούμενον,
905 4176 997 4228 καὶ
1034 4177 1131 4245 οὐχ
1174 4175 1436 4247 ὑπῆρξεν.
1478 4195 1498 4228 ι
1551 4178 1797 4246 Ἀιρέντες

203 4270 324 4340 γὰρ
358 4267 560 4332 πάντες
589 4270 639 4322 οἱ
672 4269 796 4339 ἐμοὶ
824 4267 1061 4339 μαθηταὶ
1105 4268 1336 4337 ἔφυγον
1366 4289 1383 4320 ι
1427 4271 1517 4323 καὶ
1551 4273 1799 4341 παρακα-

203 4359 439 4424 λοῦντα,
469 4361 564 4415 καὶ
595 4361 692 4431 οὐχ
719 4354 900 4432 εὗρον.
944 4380 961 4411 ι

1911 3277 1928 3310 ι
1968 3273 2068 3313 nec
2100 3267 2290 3327 urgeat
2324 3272 2489 3326 super
2533 3271 2620 3310 me
2662 3265 2856 3324 puteus
2897 3270 2960 3308 os
2999 3269 3181 3318 suum,
3221 3272 3238 3304 ι
3275 3253 3328 3307 id
3365 3261 3469 3318 est,

1905 3351 2240 3421 sepulcrum.
2275 3367 2293 3400 ι
2332 3347 2564 3417 PrOpter
2589 3349 2837 3401 inimicos
2863 3360 3015 3401 meos
3039 3345 3188 3414 eripe
3227 3358 3315 3400 me
3338 3345 3404 3408 ‘°,
3446 3362 3466 3396 ι

1902 3461 1971 3502 ne
1992 3443 2294 3518 glorientur
2307 3443 2477 3498 Judaei
2501 3442 2746 3497 dicentes
2775 3459 2787 3494 :
2826 3439 3226 3494 Absorbeamus
3251 3453 3396 3492 eum.

1973 3622 2062 3676 IV.
2105 3621 2230 3677 Hace
2275 3622 2456 3676 omnia
2518 3622 2771 3676 Christus
2825 3619 3161 3675 (Bconomice
3211 3627 3468 3685 tanquam

1901 3719 2065 3772 homo
2099 3716 2439 3786 precabatur,
2465 3715 2558 3784 qui
2587 3722 2704 3767 erat
2731 3728 2891 3768 verus
2916 3711 3078 3766 Deus.
3106 3709 3469 3771 Sed,utautea

1899 3808 2034 3873 dixi,
2073 3825 2090 3858 ι
2130 3807 2305 3860 forma
2332 3805 2473 3861 servi
2497 3814 2613 3860 erat
2637 3806 2702 3867 “,
2738 3824 2756 3854 ι
2784 3819 2904 3873 qum
2928 3803 3043 3856 haec
3073 3802 3393 3870 loquebatur
3417 3809 3472 3854 et

1900 3898 2228 3968 patiebatur.
2265 3895 2629 3961 Quamobrem
2663 3893 2944 3962 subjunxit
2977 3910 2988 3944 :
3027 3911 3045 3941 ι
3079 3889 3468 3959 lmproperium

1900 3989 2233 4059 exspectavit
2266 3987 2448 4040 anima
2477 4000 2618 4048 mea,
2653 3993 2706 4038 et
2743 3983 3049 4042 miseriam;
3088 3999 3108 4032 ι
3144 3981 3196 4032 id
3225 3987 3328 4042 est,
3360 3995 3467 4031 non

1901 4080 2104 4133 invitus
2132 4091 2327 4147 passus
2357 4091 2477 4131 sum
2508 4115 2524 4138 ,
2568 4089 2743 4142 neque
2777 4088 2868 4140 per
2892 4074 3033 4136 vim;
3065 4090 3083 4121 ι
3116 4071 3464 4139 exspectavi»

1901 4179 2102 4233 tamen,
2140 4188 2159 4219 ι
2192 4169 2288 4238 qui
2308 4167 2474 4222 simul.
2495 4168 2932 4228 eoutristaretur,
2958 4176 3014 4219 et
3041 4179 3148 4217 non
3173 4162 3294 4216 fuit.
3323 4179 3342 4213 ι
3365 4161 3470 4214 Do-

1900 4262 2048 4315 mino
2081 4261 2210 4330 (me)
2241 4260 2387 4314 enim
2439 4259 2720 4323 derelicto,
2770 4271 2960 4310 omnes
3011 4255 3164 4326 (mei)
3215 4252 3469 4322 discipuli

1898 4353 2178 4424 fugerunt:
2206 4370 2231 4403 ι
2259 4365 2315 4407 et
2333 4350 2684 4421 (exspectavi)
2710 4349 2802 4419 qui
2836 4348 3238 4411 consolaretur,
3270 4355 3326 4400 et
3352 4360 3461 4400 non

1897 4446 2103 4500 inveni.
2135 4463 2158 4496 ι

285 4544 562 4595 Ἄκουσον
593 4540 878 4611 νουνεχῶς,
925 4534 970 4593 ὦ
1016 4539 1255 4602 Ἰουδαῖε,
1302 4537 1353 4590 τί
1389 4555 1552 4609 φησιν
1598 4539 1626 4592 ὁ
1663 4539 1797 4609 Χρι-

1968 4535 2032 4591 V.
2077 4536 2218 4590 Audi
2249 4545 2299 4591 et
2332 4536 2569 4600 adverte,
2603 4533 2807 4598 Iudaee,
2842 4532 2971 4604 quid
3001 4532 3146 4587 dicat
3173 4531 3464 4585 Christus:

204 4635 339 4698 στός
355 4652 370 4663 ο
414 4653 432 4684 ι
469 4633 711 4687 Ἕδωκαν
733 4633 840 4703 (5‘2)
865 4635 943 4696 εἰς
958 4633 1018 4685 τὸ
1040 4631 1236 4702 βρῶμά
1266 4648 1366 4701 μου
1395 4631 1574 4702 χολὴν,
1595 4631 1690 4686 καὶ
1715 4635 1794 4697 εἰς

199 4729 309 4799 τὴν
350 4726 514 4796 δίψαν
557 4743 655 4796 μου
691 4723 944 4778 ὲπότισάν
979 4741 1046 4795 με
1080 4723 1222 4790 ὅξος.
1253 4743 1271 4773 ι
1316 4724 1426 4776 Καὶ
1465 4722 1636 4777 ταῦτα
1696 4724 1793 4794 μὲν

201 4818 418 4872 ἔπαθεν
440 4817 498 4883 ἐξ
521 4817 692 4886 ὑμῶν.
716 4817 976 4868 ’Ἄκουσον
996 4815 1089 4868 τοῦ
1112 4815 1266 4883 ἁγίου
1285 4815 1598 4885 Πνεῦματος
1613 4815 1794 4885 λέγον-

198 4929 300 4974 τος
316 4911 414 4964 καὶ
445 4909 498 4961 τί
525 4909 901 4963 ἁνταπέδωκεν
931 4909 1060 4979 ὑμῖν
1090 4908 1209 4961 ἀντὶ
1237 4908 1330 4960 τοῦ
1356 4908 1551 4980 μικροῦ
1584 4911 1791 4964 ἐκείνου

199 5001 390 5066 ὄξους.
427 5001 588 5070 Λέγει
622 5000 730 5072 γὰρ
760 5003 788 5054 ὁ
816 5002 1130 5071 προφήτης,
1169 4998 1243 5061 ὡς
1277 5000 1340 5052 ἐκ
1372 4999 1664 5071 προσώπου
1697 5002 1788 5056 τοῦ

199 5092 378 5145 Θεοῦο
423 5111 441 5142 ι
483 5092 828 5164 Γενηθήτωή
862 5089 1110 5162 τράπεζα
1139 5090 1316 5143 αὐτῶν
1350 5092 1430 5153 εἰς
1459 5091 1658 5159 παγίδα
1695 5095 1792 5148 καὶ

279 5211 304 5241 ⁸
336 5207 494 5278 Psal.
519 5223 706 5273 uvm,
741 5209 765 5262 1
795 5224 946 5278 seqq.

199 5280 300 5334 22.
382 5281 428 5311 "
457 5276 586 5332 Ibid.
609 5279 697 5332 22.

279 5399 401 5469 (32)
449 5397 511 5452 Τί
567 5399 757 5474 sane}?
810 5402 843 5453 ὀ
888 5400 1138 5474 Χριστρς
1166 5414 1181 5430 υ
1229 5400 1474 5474 ξδωκαν.
1525 5401 1785 5474 Origenes

199 5468 305 5524 lib;
341 5485 378 5521 ll
411 5479 599 5520 contra
627 5468 866 5539 iVCelsum,
901 5485 1022 5539 pag.
1059 5469 1148 5533 82,
1180 5471 1308 5522 edit.
1344 5468 1652 5529 Cantabrf:
1685 5477 1784 5530 Γέ-

196 5557 458 5616 Ῑραπταέ
490 5540 563 5616 ἐν.
590 5538 865 5616 ἑξηκοστῷ
903 5541 1072 5610 ὀγδόῳ
1100 5540 1673 5616 ψαλμιῖζένῂπροσώπῳ
1695 5546 1788 5599 τοῦ

197 5608 452 5682 Χριστοῦ
476 5626 511 5682 '_
532 5608 904 5682 Ka_l_£8wxar
948 5608 1054 5682 είς(
1080 5611 1146 5682 τὸ
1188 5608 1399 5682 βρῶμά
1419 5608 1538 5678 μου
1570 5608 1784 5682 χολὴν,

197 5679 309 5733 καὶ
335 5681 425 5744 εἰς
457 5679 571 5749 τὴν
597 5679 780 5746 δίψαν
819 5697 937 5747 μου
975 5679 1263 5733 ἑπότισάν
1298 5699 1374 5749 με
1409 5679 1674 5748 ὀξοςῘἮ
1706 5679 1791 5738 λε-

197 5750 460 5823 γέτωσαν
501 5748 761 5823 Ἰουδαῖοι,
793 5749 874 5811 τίς
903 5750 1053 5823 ἐστιν
1082 5751 1110 5802 ὁ
1139 5752 1195 5823 έν
1220 5748 1592 5823 τῷλπροφήτῃ
1620 5756 1789 5808 ταῦτα

201 5813 386 5887 λέγων
409 5860 424 5885 ,
463 5819 558 5872 καὶ
597 5819 1102 5892 παραστησάτωσαν
1138 5820 1244 5874 ἀπὸ
1275 5813 1398 5890 ’τῆς
1430 5813 1669 5894 ἱστορίας
1700 5826 1790 5878 τὸν

1907 4647 1926 4680 ‹
1951 4627 2223 4683 Dederunt
2243 4628 2298 4681 in
2330 4628 2513 4682 cibum
2547 4642 2728 4681 meum
2758 4625 2846 4690 fel,
2880 4634 2934 4679 et
2959 4624 3012 4677 in
3044 4624 3132 4678 siti
3165 4637 3283 4676 mea
3313 4633 3469 4693 pou}-

1899 4729 2095 4776 verunt
2137 4737 2225 4777 me
2273 4731 2424 4776 aceto
2451 4723 2516 4775 ¹¹.
2555 4739 2572 4772 ι
2619 4720 2683 4774 Et
2719 4720 2833 4774 haec
2878 4732 3074 4788 passus
3110 4723 3196 4771 est
3229 4730 3259 4768 a
3291 4714 3464 4769 vobis.

1898 4816 2041 4871 Audi
2073 4813 2332 4886 Spiritum
2365 4825 2610 4870 sanetum
2641 4813 2907 4868 dicentem
2933 4811 3062 4881 quid
3095 4809 3345 4864 retribuit
3373 4823 3472 4862 νου

1899 4910 1982 4965 bis
2006 4925 2104 4980 pro
2131 4909 2224 4963 illo
2254 4908 2470 4963 modico
2500 4917 2652 4961 aceto
2680 4925 2692 4959 :
2727 4906 2804 4960 ait
2849 4903 2993 4958 enim
3045 4901 3300 4971 propheta
3343 4911 3467 4954 tan-

1896 5017 2060 5074 quam
2107 5017 2173 5056 ex
2221 5015 2450 5071 persona
2497 4999 2632 5054 Dei:
2671 5017 2689 5049 ι
2729 4998 2850 5052 Fiat
2875 5011 3061 5050 mensa
3085 5011 3272 5050 eorum
3302 4995 3357 5048 in
3389 4994 3470 5048 la-

1896 5103 2190 5166 queum,et
2217 5094 2270 5147 in
2296 5092 2702 5148 retributionem
2727 5091 2822 5144 '3.»
2850 5088 3023 5156 Quam
3055 5087 3468 5143 retributionem
3526 5155 3528 5157 ν

1023 5210 1043 5240 ⁸
1078 5206 1219 5264 Psal.
1258 5223 1347 5273 xv,
1373 5207 1459 5262 lO.
1541 5211 1584 5242 ¹⁰
1617 5210 1759 5267 Psal.
1794 5230 1980 5280 vam,
2020 5215 2102 5268 l5.
2183 5215 2223 5244 “
2254 5211 2488 5281 Philipp.
2519 5225 2587 5273 ll,
2625 5210 2674 5265 7.
2756 5211 2798 5240 “
2832 5208 2973 5263 Psal.
3008 5223 3202 5271 vam,
3243 5205 3333 5271 20,
3374 5204 3468 5270 21,

1893 5403 2401 5478 ἀνειληφόταῌεὶςτὸ
2421 5403 2616 5476 βρῶμα
2637 5403 2829 5478 έαυτοῦ
2860 5402 3040 5478 χολὴν,
3073 5403 3165 5457 καὶ
3191 5398 3472 5478 ποτισθένη

1892 5496 1964 5532 τα
1992 5467 2130 5541 ὅξος.
2169 5496 2186 5527 ι
2218 5467 2490 5544 Scriptum
2522 5467 2606 5528 est
2637 5475 2687 5544 in
2731 5467 3073 5542 sexagesimo
3105 5481 3298 5525 octavo
3325 5467 3472 5538 psal-

1895 5563 1986 5603 mo
2014 5563 2078 5601 ex
2109 5542 2568 5614 personaVChristi
2595 5563 2608 5597 :
2644 5542 2711 5596 Et
2739 5546 2987 5597 dederunt
3017 5544 3070 5595 in
3100 5544 3270 5614 cibum
3298 5555 3472 5614 meum

1897 5618 1988 5686 fel,
2020 5625 2066 5670 et
2099 5611 2152 5669 in
2192 5616 2280 5670 siti
2314 5631 2441 5686 mea,
2472 5624 2782 5683 putaverunt
2816 5631 2892 5666 me
2937 5623 3102 5667 aceto.
3135 5611 3473 5686 AAut_dicant

1897 5682 2068 5742 Judaei
2097 5687 2219 5754 quis
2244 5695 2328 5739 est
2352 5685 2444 5753 qui
2475 5682 2592 5738 lucc
2622 5686 2763 5751 apud
2793 5682 3393 5754 prophetzunloquitur,
3417 5685 3472 5731 et

1897 5775 1962 5811 ex
1997 5753 2220 5810 historia
2247 5754 2533 5808 ostendant
2558 5756 2793 5821 aliquem
2827 5771 2924 5824 pro
2957 5755 3078 5809 cibo
3109 5753 3228 5808 felle
3253 5761 3470 5821 pastum

1898 5837 2248 5897 potatumque
2273 5834 2445 5880 aceto.
2477 5844 2496 5877 υ
2533 5824 2750 5879 ΡΑΒιιις.
