3836 6494
411 344 525 399 73'1-

1061 344 1116 400 S.
1160 344 1522 400 HIPPOLYTI
1561 346 1710 400 OPP.
1777 345 1954 400 PARS
1994 345 2054 399 ll.
2103 379 2164 391 ι-
2201 345 2504 402 DOGMAT.
2545 344 2633 400 ET
2671 346 3012 402 HISTORIC.

3568 348 3661 405 792

407 461 572 516 divit?
598 462 948 518 manifestum
972 471 1076 529 est,
1101 481 1221 520 eam
1251 466 1525 521 miseriam
1557 467 1759 535 dicere,
1791 468 1847 522 in
1880 485 1978 539 qua

2094 469 2174 531 είς
2205 469 2576 525 ἀνταπόδοσιν.
2607 489 2625 521 ι
2660 468 2826 523 Ποίαν
2849 469 3206 525 ἀνταπόδοσιν
3229 469 3407 538 λέγει;
3430 468 3661 541 εὔδηλον,

403 565 556 606 nunc
586 553 688 622 (es)
722 563 850 608 sunt
877 553 1075 610 Judaei.

483 640 564 696 Vl.
607 643 746 698 Audi
783 644 996 714 deinde,
1020 663 1142 716 qua:
1172 656 1515 718 sequuntur:
1557 669 1575 702 ι
1611 649 1987 707 Obscurentur

404 735 549 789 oculi
573 751 784 804 eorum,
820 753 888 793 ne
919 739 1155 794 videant.
1189 759 1207 792 ι
1240 743 1408 812 Atqui
1437 744 1715 801 obscurati
1739 755 1867 800 sunt
1894 761 1981 800 vo-

405 827 490 881 bis
516 829 660 884 oculi
701 830 897 886 animae
943 832 1330 890 obscuratione
1363 838 1647 894 tenebrosa
1681 851 1735 893 et
1761 848 1982 893 aaterna.

409 917 689 987 Siquidem
723 930 845 976 orto
875 939 1007 978 vero
1041 925 1273 989 lumine,
1305 942 1402 983 vos
1433 935 1693 1000 tanquam
1734 929 1788 982 in
1831 936 1987 982 nocte

405 1010 624 1076 erratis,
669 1010 722 1065 in
753 1013 896 1068 invia
937 1030 1033 1068 vos
1073 1015 1433 1086 impingcutes
1467 1035 1532 1074 ac
1560 1019 1984 1088 prmcipitantes,

403 1102 499 1171 qui
531 1103 672 1157 viam
714 1104 860 1159 illam
904 1108 1204 1178 reliquistis
1249 1125 1370 1179 qua:
1403 1111 1621 1166 aiebat:
1665 1131 1684 1164 ι
1723 1110 1838 1180 Ego
1864 1126 1985 1166 sum

405 1195 492 1249 via
519 1196 580 1249 ι’.
615 1216 632 1248 ι
665 1195 955 1262 Praeterea,
985 1202 1110 1256 audi
1137 1203 1282 1272 quod
1311 1205 1533 1273 gravius
1551 1214 1608 1261 et
1631 1206 1988 1275 periculosius

403 1294 511 1348 est;
537 1288 612 1341 ait
643 1289 786 1342 enim
815 1289 1042 1346 :iDorsa
1072 1307 1261 1348 eorum
1289 1310 1504 1364 semper
1528 1296 1753 1351 incurva
1778 1298 1819 1328 “’
1851 1315 1898 1351 ε»
1929 1296 1983 1351 id

404 1385 512 1443 est,
535 1388 594 1433 ut
620 1381 862 1434 serviant
882 1381 1169 1452 gentibus;
1201 1401 1308 1440 non
1337 1387 1749 1457 quadringentis
1771 1388 1985 1458 triginta

406 1471 587 1535 annis,
627 1481 685 1526 ut
718 1473 770 1525 in
809 1473 1079 1546 Egypto;
1122 1493 1296 1548 neque
1334 1481 1693 1550 septuaginta,
1731 1490 1791 1536 ut
1815 1481 1989 1553 Baby-

406 1561 534 1616 lone
581 1580 595 1616 :
656 1564 750 1618 sed
799 1581 1022 1635 semper,
1064 1568 1262 1638 inquit,
1299 1571 1351 1624 in
1390 1571 1704 1626 servitutem
1740 1571 1984 1629 incurva.

406 1648 549 1717 Quid
585 1651 699 1720 jam
744 1653 1004 1724 deinceps
1055 1655 1277 1722 frustra,
1327 1668 1379 1713 ct
1429 1675 1566 1715 vane
1610 1660 1986 1716 liberationem

410 1742 574 1811 hujus
609 1745 843 1800 miseriae
870 1750 1092 1816 speras?
1123 1744 1277 1815 Quod
1300 1750 1445 1804 enim
1478 1751 1651 1822 magis
1677 1751 1984 1807 mirandum

2089 562 2188 632 τὴν
2221 560 2316 615 νῦν
2347 562 2679 632 κατέχουσάν
2716 580 2775 616 σε
2807 562 3116 634 δυστυχίαν.

2161 649 2292 706 Εἶτα
2338 654 2570 708 ἄκουσον
2621 654 2716 708 καὶ
2760 653 2831 708 τὰ
2874 655 3029 726 ἑξῆς·
3071 675 3089 708 ι
3120 654 3581 724 Σκοτισθήτωσαν
3616 657 3661 707 οί

2090 744 2357 815 ὀφθαλμοὶ
2388 744 2568 798 αὐτῶν
2595 745 2690 799 τοῦ
2726 745 2800 817 μὴ
2836 746 3073 816 βλέπειν.
3101 765 3120 798 ι
3167 745 3665 818 ’Δλλ’ἐσκοτίσθητε

2088 838 2200 898 τοῖς
2249 836 2348 906 τῆς
2397 835 2576 907 ψυχῆς
2622 837 2922 909 ὀφθαλμοῖς
2975 838 3267 908 σκοτισμὸν
3311 837 3532 907 ἀφεγγῆ
3577 836 3665 893 καὶ

2090 928 2328 982 αἰώνιον.
2377 929 2775 994 Ἀνατείλαντος
2805 931 2914 1002 γὰρ
2943 930 3037 985 τοῦ
3068 931 3244 1000 φωτὸς
3273 930 3368 983 τοῦ
3393 929 3663 1001 ἀληθινοῦ,

2089 1023 2246 1093 ὑμεῖς
2265 1021 2342 1085 ὡς
2389 1023 2446 1075 έν
2491 1023 2643 1076 νυκτὶ
2687 1023 2983 1087 πλανᾶσθε,
3035 1025 3127 1076 καὶ
3165 1024 3403 1086 ἀνοδίαις
3437 1025 3666 1095 προσκέ-

2091 1133 2316 1179 πτοντες
2363 1116 2455 1169 καὶ
2501 1116 2923 1188 κρημνιζόμενοι
2975 1117 3051 1178 ὡς
3097 1116 3532 1186 καταλείψαντες
3575 1116 3666 1188 τὴν

2087 1208 2205 1261 ὁδὸν
2237 1207 2336 1278 τὴν
2361 1207 2624 1276 λέγουσαν
2643 1225 2658 1239 '
2698 1226 2717 1259 ι
2753 1209 2892 1277 Ἐγώ
2925 1212 3094 1280 εἰμιὴ
3127 1210 3263 1273 ὁδός.
3291 1229 3308 1262 ι
3343 1205 3485 1264 Εἶτα
3513 1210 3669 1264 ἄκου-

2090 1319 2182 1354 σον
2215 1300 2600 1374 καιριώτερον·
2652 1321 2669 1352 ι
2708 1303 2816 1356 Καὶ
2843 1303 2933 1356 τὸν
2970 1303 3137 1357 νῶτον
3175 1305 3354 1358 αὐτῶν
3382 1304 3668 1368 διαπαντὸς

2092 1393 2409 1464 σύγκαμψον
2427 1411 2440 1423 ο
2473 1412 2491 1445 ι
2518 1394 2814 1461 τουτέστιν,
2840 1395 2929 1448 ἵνα
2952 1395 3272 1450 δουλεύωσιν
3299 1399 3417 1460 τοῖς
3438 1396 3666 1461 ἔθνεσιν,

2088 1489 2149 1540 οὐ
2180 1487 2502 1558 τετρακόσια
2547 1486 2646 1558 ἔτη
2687 1489 2778 1541 καὶ
2815 1487 3126 1558 τριάκοντα,
3167 1489 3243 1553 ὡς
3276 1491 3332 1543 ἐν
3371 1489 3664 1560 Αίγύπτῳ’

2089 1579 2210 1633 οὔτε
2228 1580 2609 1651 ἑϐδομήκοντα,
2651 1580 2728 1644 ὡς
2757 1582 2812 1634 ὲν
2838 1581 3131 1646 Βαϐυλῶνι,
3164 1582 3298 1635 ἀλλά
3331 1581 3666 1648 διαπαντὸς

2091 1671 2278 1741 φησιν,
2313 1672 2393 1733 εἰς
2423 1669 2666 1724 δουλείαν
2697 1670 3036 1742 σύγκαμψον.
3070 1670 3270 1725 Λοιπὸν
3302 1670 3355 1723 τί
3387 1671 3556 1734 κενὰς
3587 1669 3667 1724 έλ-

2091 1763 2249 1828 πίδας
2277 1763 2420 1833 ἔχεις
2447 1762 2826 1834 ἀπαλλαγῆναι
2857 1763 3170 1834 προσδοκῶν
3200 1763 3302 1834 τῆς
3335 1762 3666 1833 κατεχούσης

405 1843 510 1898 est,
546 1834 838 1892 cmcilatem
866 1838 1146 1894 oculorum
1178 1849 1396 1896 tuorum
1427 1858 1534 1897 non
1562 1843 1764 1914 injuste
1788 1843 1978 1914 impre-

2093 1873 2152 1908 σε
2195 1817 2593 1926 ταλαιπωρίας
2641 1817 2734 1908 T'o.
2762 1855 2870 1926 γὰρ
2903 1817 3351 1927 Ινιταριιιδοξότεροηιν
3373 1872 3388 1886 ·
3443 1857 3543 1908 καὶ
3575 1855 3666 1906 οὐκ

405 1934 560 1979 catus
584 1935 697 1992 est;
745 1928 837 1981 sed
875 1930 1002 1999 quia
1040 1940 1097 1985 tu
1127 1933 1316 1988 oculos
1341 1935 1461 2004 ejus
1487 1933 1735 2006 (Christi)
1761 1937 1971 2003 velasti,

403 2030 529 2069 cum
573 2031 697 2070 eum
753 2018 923 2088 alapis
967 2022 1485 2081 eaadebaszidcirco
1529 2026 1754 2082 dorsum
1808 2035 1962 2080 tuum

405 2122 618 2178 semper
661 2111 717 2166 in
771 2114 1086 2170 servitutem
1127 2117 1370 2172 incurva.
1407 2118 1472 2173 Et
1495 2120 1620 2189 quia
1653 2121 1973 2191 sanguinem

403 2199 523 2268 ejus
551 2216 676 2256 cum
707 2203 782 2258 ira
815 2203 1076 2270 ell'udisti,
1117 2208 1243 2262 audi
1274 2211 1767 2266 remunerationem
1797 2230 1810 2266 :
1842 2230 1860 2263 ι
1885 2211 1978 2265 El-

403 2287 589 2355 l‘unde,
619 2292 818 2362 inquit.
862 2311 1027 2365 super
1067 2312 1162 2352 eos
1203 2298 1339 2352 iram
1378 2308 1556 2366 tuam;
1597 2309 1652 2355 ct
1693 2300 1845 2356 furor
1884 2301 1978 2358 ira:

405 2388 510 2434 tua:
541 2388 968 2454 comprehendat
994 2406 1089 2445 eos
1119 2391 1182 2444 ’°.
1219 2410 1239 2444 ι
1275 2389 1340 2446 Ει
1371 2409 1383 2444 :
1421 2411 1440 2444 ι
1472 2393 1592 2447 Fiat
1617 2396 1976 2452 commoratio

402 2489 591 2530 eorum
623 2479 874 2548 deserta;
915 2502 933 2534 ι
965 2485 1223 2555 templum
1254 2487 1461 2542 scilicet
1507 2487 1638 2542 illud
1687 2488 1976 2544 celeberri-

403 2580 576 2622 mum.

479 2745 590 2804 νη.
635 2748 741 2813 Sed
780 2771 970 2823 quare,
1010 2772 1042 2810 ο
1082 2759 1366 2830 propheta,
1397 2761 1637 2819 edissere
1662 2763 1840 2832 nobis,
1881 2781 1980 2821 cur

404 2841 667 2908 templum
695 2843 1035 2902 devastatum
1060 2850 1179 2906 est?
1211 2867 1279 2907 an
1309 2863 1531 2924 propter
1561 2853 1710 2910 illam
1742 2855 1872 2910 olim
1899 2857 1980 2910 vi—

407 2930 506 2984 tuli
538 2930 993 2991 fabricationem?
1033 2954 1101 2993 an
1138 2950 1358 3012 pr0pter
1376 2943 1560 3014 populi
1581 2944 1982 3003 idololatriam?

405 3035 476 3074 an
531 3031 749 3092 propter
798 3029 1119 3097 sanguinem
1176 3030 1606 3101 prophetarum?
1655 3047 1722 3086 an
1763 3043 1981 3103 propter

406 3113 670 3169 adulteria
714 3128 768 3172 et
822 3118 1207 3177 fornicationes
1247 3124 1450 3179 Israel?
1483 3123 1726 3190 Minime,
1771 3125 1976 3196 inquit:

407 3204 464 3259 in
493 3209 749 3265 omnibus
777 3212 921 3266 enim
952 3214 1060 3269 illis
1087 3230 1304 3285 semper
1345 3217 1558 3273 veniam
1597 3226 1655 3273 ct
1699 3217 1985 3291 inddlgen-

406 3298 536 3352 tiam
557 3299 830 3371 ferebant;
855 3305 948 3359 sed
965 3307 1091 3376 quia
1110 3305 1305 3362 Filium
1325 3309 1579 3367 Auctoris
1599 3312 1983 3369 beneficiorum

405 3389 815 3460 interfecerunt,
849 3397 964 3466 ipse
994 3400 1140 3454 enim
1177 3409 1262 3456 est
1288 3411 1596 3461 coaeternus
1627 3405 1800 3461 Patri.
1830 3405 1986 3462 Unde

405 3484 524 3538 ait:
561 3483 666 3553 Sit,
711 3487 891 3555 Pater,
942 3509 961 3542 ι
1004 3493 1264 3562 templum
1312 3509 1502 3552 eorum
1544 3497 1883 3554 devastatum
1917 3501 1983 3558 ³⁷.

405 3575 678 3651 Quoniam
709 3598 869 3650 quem
914 3594 972 3638 tu
1009 3605 1027 3637 ι
1060 3598 1281 3658 propter
1306 3590 1540 3646 salutem
1572 3593 1761 3648 mundi
1798 3594 1985 3649 volens

412 3685 431 3716 ι
464 3669 810 3738 percussisti,
844 3672 952 3741 ipsi
991 3679 1262 3743 persecuti
1296 3689 1424 3735 sunt
1459 3695 1473 3732 :
1507 3700 1526 3732 ι
1561 3681 1612 3736 id
1639 3691 1740 3746 est,
1770 3682 1870 3752 ipsi
1897 3699 1984 3740 me

409 3757 650 3814 violenta
679 3769 733 3816 et
763 3761 971 3832 injusta
1017 3776 1194 3822 morte
1223 3768 1491 3837 persecuti
1522 3781 1669 3827 sunt.
1701 3772 1814 3829 Hoc
1836 3775 1982 3830 enim

405 3850 698 3921 signiﬁcat,
725 3873 744 3906 ι
777 3865 830 3910 et
853 3871 1017 3926 super
1039 3858 1280 3915 dolorem
1305 3863 1588 3918 vulnerum
1612 3881 1857 3921 meorum
1888 3867 1984 3922 ad-

406 3944 680 4000 diderunt.
716 3966 737 3998 ›
769 3947 928 4004 Prius
973 3949 1135 4005 habui
1171 3953 1415 4008 dolorem
1466 3965 1722 4026 tanquam
1771 3968 1984 4012 amator

407 4033 689 4092 hominum
716 4047 934 4108 propter
962 4055 1205 4096 errorem
1229 4044 1468 4113 gentium
1494 4064 1507 4099 :
1535 4045 1627 4101 sed
1658 4047 1785 4102 huic
1807 4047 1980 4101 dolori

407 4125 574 4179 alium
605 4142 706 4181 suo
731 4144 915 4183 errore
943 4130 1328 4199 adjunxerunt.
1355 4131 1584 4200 ldcirco,
1616 4134 1797 4204 Pater,
1839 4155 1858 4188 ι
1886 4151 1981 4206 ap-

403 4232 549 4286 pone
579 4218 920 4290 iniquitatem
950 4238 1114 4292 super
1141 4225 1486 4295 iniquitatem
1511 4243 1724 4294 eorum,
1758 4239 1812 4284 et
1841 4228 1981 4284 afﬂi-

404 4310 643 4365 ctionem
679 4328 844 4384 super
875 4313 1259 4383 alﬂictionem;
1296 4327 1483 4374 etnon
1517 4320 1720 4376 intrent
1741 4322 1793 4375 in
1813 4322 1978 4391 justi-

406 4400 540 4453 tiam
560 4411 728 4467 tuam,
761 4423 779 4454 ι
806 4404 857 4458 id
875 4415 978 4474 est,
1007 4407 1062 4460 in
1089 4422 1314 4477 regnum
1342 4419 1526 4476 tuum;
1547 4411 1635 4465 sed
1661 4432 1680 4463 ι
1699 4413 1980 4468 deleantur

2085 1947 2282 2011 ἀδίκως
2321 1947 2419 2020 τὴν
2463 1946 2572 2000 τῶν
2611 1946 2872 2018 ὀμμάτων
2919 1963 3014 2000 σου
3048 1945 3323 2016 τύφλωσιν
3354 1946 3658 2017 ἐπηύξατο⁸

2083 2039 2198 2093 ἀλλ’
2217 2040 2299 2094 ὅτι
2329 2038 2604 2109 έκάλυψας
2636 2037 2705 2092 τά
2729 2038 2822 2092 τοῦ
2845 2038 3078 2110 Χριστοῦ
3097 2038 3343 2109 ὄμματα,
3363 2037 3544 2102 οὕτως
3561 2038 3660 2106 (33)

2085 2131 2245 2185 αὐτὸν
2273 2123 2571 2203 ὲρῤάπιζες
2591 2147 2605 2160 ·
2630 2132 2723 2184 καὶ
2749 2129 2836 2185 διὰ
2860 2130 3018 2184 τοῦτο
3047 2131 3107 2184 τὸ
3136 2129 3304 2184 νῶτόν
3332 2147 3428 2183 σου
3450 2129 3664 2184 διαπανν

2083 2225 2175 2289 τὸς
2215 2224 2538 2296 σύγκαμψον
2592 2225 2674 2289 είς
2730 2223 2992 2278 δουλείαν.
3047 2224 3157 2278 Καὶ
3190 2222 3380 2295 ἐπειδὴ
3421 2223 3486 2276 τὺ
3534 2217 3664 2293 αἷμα

2085 2315 2249 2368 αὑτοῦ
2304 2316 2440 2387 μετά
2478 2316 2646 2388 ὀργῆς
2693 2314 2932 2384 ἐξέχεας,
2965 2314 3196 2369 ἄκουσον
3238 2315 3302 2368 τὸ
3339 2314 3658 2388 ἀντίδωρον·

2091 2428 2110 2460 ι
2149 2409 2378 2480 Ἔκχεον
2399 2410 2485 2462 ἐπ’
2507 2409 2703 2473 αὐτοὺς
2728 2407 2826 2481 τὴν
2851 2408 3020 2479 ὀργήν
3055 2424 3172 2470 σου,
3204 2408 3298 2460 καὶ
3325 2405 3353 2457 ὁ
3375 2405 3552 2477 θυμὸς
3570 2405 3659 2475 τῆς

2085 2501 2254 2573 ὀργῆς
2287 2517 2380 2554 σου
2414 2500 2709 2555 καταλάϐοι
2754 2499 2970 2563 αὐτούς.
3006 2519 3025 2550 ι
3063 2499 3213 2554 Καί·
3255 2518 3274 2550 ι
3313 2498 3656 2568 Γενηθήτωή

2087 2593 2310 2658 ἔπαυλις
2340 2593 2519 2646 αὐτῶν
2547 2592 2905 2665 ἠρημωνένη·
2949 2609 2967 2643 ι
3005 2591 3269 2663 πρόδηλον
3292 2593 3322 2645 ὁ
3352 2589 3482 2653 ναὸς
3514 2593 3543 2643 ὁ
3576 2606 3659 2642 περ

2089 2686 2361 2757 ριὸόητος.

2154 2777 2256 2833 Διά
2280 2778 2356 2842 τι,
2381 2771 2428 2832 ὦ
2470 2780 2740 2850 προφῆτα,
2783 2777 2903 2830 εἰπὲ
2932 2778 3085 2848 ἡμῖν,
3118 2775 3263 2838 τίνος
3297 2775 3461 2846 χάριν
3489 2776 3519 2828 ὁ
3543 2774 3656 2836 ναὸς

2083 2868 2385 2944 ὴρημώθης
2411 2866 2520 2940 ἆρα
2550 2869 2638 2923 διὰ
2667 2869 2765 2940 τὴν
2790 2868 2957 2922 πάλαι
3007 2866 3394 2940 μοσχοποιίαν;
3433 2862 3544 2937 ἆρα
3581 2866 3656 2919 διὰ

2084 2963 2187 3036 τὴν
2215 2961 2310 3016 τοῦ
2335 2960 2465 3017 λαοῦ
2489 2959 2954 3032 είδωλολατρείαν;
2986 2956 3096 3030 ἆρα
3119 2957 3206 3012 διὰ
3229 2957 3291 3011 τὸ
3322 2957 3432 3010 τῶν
3455 2975 3653 3028 προφη-

2086 3053 2194 3108 τῶν
2213 3050 2380 3124 αἷμα;
2401 3049 2510 3124 ἄρα
2525 3051 2613 3107 διὰ
2632 3053 2730 3122 τῆς
2751 3051 2993 3123 μοιχείας
3013 3052 3108 3104 καὶ
3129 3049 3388 3122 πορνείας
3417 3048 3650 3120 Ἰσραήλ;

2011 3176 2054 3235 C
2089 3147 2372 3219 Οὐδαμῶς,
2401 3146 2599 3217 φησίν·
2654 3145 2746 3199 ἐπὶ
2793 3147 2958 3198 πᾶσιν
3004 3143 3111 3215 γάρ
3139 3143 3388 3235 ,ἐκείνοις
3433 3143 3650 3235 πάντοτε

2091 3237 2415 3309 συγγνώμης
2447 3239 2542 3290 καὶ
2574 3235 2978 3308 φιλανθρωπίας
3009 3233 3288 3304 ἠξιοῦντο·
3322 3235 3438 3289 ἀλλ’
3460 3237 3540 3288 ὁτι
3570 3233 3650 3287 τὸν

2089 3327 2206 3381 υἱὸν
2234 3327 2329 3381 τοῦ
2379 3327 2678 3399 Εὐεργέτου
2712 3327 3058 3380 ἐθανάτωσαν
3079 3343 3092 3355 ·
3127 3327 3291 3391 αὐτὸς
3305 3326 3417 3398 γάρ
3454 3328 3594 3379 ἐστιν
3623 3326 3650 3376 ὁ

2085 3419 2164 3491 τῷ
2195 3420 2372 3493 Πατρὶ
2404 3419 2692 3484 συναῖδιος.
2732 3419 2893 3474 Ὅθεν
2920 3420 3093 3490 λέγει·
3128 3418 3440 3490 Γενηθήτω,
3473 3413 3516 3471 ὢ
3545 3417 3646 3470 Πά-

2087 3532 2202 3584 τερ,
2243 3533 2262 3566 ι
2294 3516 2322 3566 ὀ
2351 3513 2480 3576 ναὸς
2511 3511 2690 3566 αὐτῶν
2721 3512 3117 3584 ὴρημωμένος·
3161 3512 3243 3564 ὅτι
3279 3510 3338 3563 ὃν
3369 3512 3435 3564 σὺ
3473 3529 3490 3562 ι
3525 3509 3648 3580 πρὸς

2088 3605 2360 3678 σωτηρίαν
2403 3605 2607 3676 κόσμου
2654 3603 2893 3657 ἐθελοντὶ
2923 3622 2942 3656 ι
2980 3603 3272 3670 ἐπάταξας,
3324 3602 3477 3656 αὐτοὶ
3502 3618 3648 3654 κατε-

2084 3698 2310 3766 δίωξαν·
2350 3717 2369 3749 ›
2405 3698 2658 3770 σημαίνει
2689 3697 2764 3762 δὲ,
2793 3697 2949 3751 αὐτοὶ
2979 3695 3035 3750 δὲ
3064 3695 3225 3766 βιαίῳ
3264 3696 3358 3748 καὶ
3386 3695 3646 3763 καταδίκῳ

2085 3791 2296 3861 θανάτῳ
2324 3807 2391 3862 με
2424 3789 2775 3854 κατεδίωξαν,
2806 3808 2823 3840 ι
2849 3789 2943 3844 καὶ
2967 3789 3060 3842 ἐπὶ
3081 3788 3144 3842 τὸ
3167 3788 3332 3857 ἄλγος
3349 3789 3459 3842 τῶν
3487 3803 3643 3858 τραυ-

2088 3885 2272 3954 μάτων
2304 3901 2403 3954 μου
2445 3881 2808 3954 προσέθηκαν.
2849 3901 2868 3934 ι
2903 3882 3170 3954 Πρότερον
3204 3882 3302 3952 μὲν
3333 3881 3494 3950 ἄλγος
3514 3875 3645 3949 εἶχαν

2083 3976 2159 4040 ὡς
2188 3974 2564 4046 φιλάνθρωπος
2593 3974 2679 4028 διὰ
2702 3975 2801 4045 τὴν
2826 3975 3035 4045 πλάνην
3062 3974 3170 4028 τῶν
3195 3973 3364 4028 ἐθνῶν
3382 3991 3395 4004 ·
3427 3973 3538 4026 ἀλλ’
3557 3971 3644 4024 ἐπὶ

2082 4068 2143 4121 τὸ
2173 4068 2337 4136 ἄλγος
2378 4065 2722 4138 προσέθηκαν
2775 4084 2864 4137 μοι
2909 4065 3116 4138 ἕτερον,
3167 4065 3526 4134 πλανηθέντες
3555 4062 3645 4116 καὶ

2083 4159 2253 4214 αὐτοί.
2300 4157 2496 4231 Διόπερ
2536 4177 2553 4208 ι
2585 4157 2818 4230 πρόσθες
2866 4159 3094 4229 ἀνομίαν
3141 4159 3234 4212 ἐπὶ
3281 4159 3383 4230 τὴν
3429 4157 3644 4227 ἀνομίαν

2082 4247 2282 4316 αὐτῶν,
2314 4253 2409 4306 καὶ
2448 4251 2626 4321 θλίψιν
2663 4251 2754 4304 ἐπὶ
2795 4250 2992 4319 θλίψιν,
3033 4251 3126 4305 καὶ
3161 4251 3236 4323 μὴ
3271 4251 3645 4305 είσελθέτωσαν

2082 4345 2139 4397 ὲν
2165 4344 2480 4417 δικαιοσύνῃ
2512 4361 2627 4411 σου,
2660 4362 2678 4394 ι
2703 4342 2979 4396 τουτέστιν
3007 4345 3086 4406 είς
3109 4344 3208 4414 τὴν
3234 4343 3507 4414 βασιλείαν
3534 4356 3641 4392 σον

2081 4435 2194 4488 ἀλλ’
2234 4454 2252 4486 ι
2289 4433 2758 4505 ὲξαλειφθήτωσαν
2790 4437 2853 4488 ἐκ
2883 4434 3064 4504 βίϐλου
3094 4432 3336 4497 ζώντων,
3381 4434 3474 4487 καὶ
3517 4430 3647 4503 μετά

405 4491 473 4546 de
490 4492 626 4546 libro
642 4495 958 4561 viventium,
983 4509 1181 4552 etcum
1205 4499 1370 4568 justis
1391 4515 1498 4554 non
1522 4502 1832 4557 scribantur
1857 4505 1922 4569 “',
1955 4525 1975 4556 ι

2091 4527 2304 4580 δικαίων
2441 4491 2830 4596 γραφήτωσαν,
2854 4491 3165 4589 ι’τουτέστι,
3193 4491 3335 4596 μετά
3355 4526 3461 4580 τῶν
3487 4491 3648 4593 ἁγίων

407 4583 460 4662 id
493 4594 598 4652 est,
631 4601 756 4642 cum
791 4589 998 4645 sanctis
1024 4590 1272 4660 patrihus
1293 4601 1348 4646 et
1377 4593 1701 4661 patriarchis
1732 4597 1874 4650 suis.

478 4675 613 4731 Vlll.
655 4677 796 4744 Quid
843 4681 910 4735 ad
944 4681 1060 4736 haec
1090 4683 1248 4749 dicis,
1281 4682 1506 4740 Iudaee?
1535 4684 1652 4740 Non
1695 4687 1811 4742 haec
1847 4688 1980 4744 dicit

405 4767 711 4837 Matthzeus,
748 4785 923 4842 neque
952 4772 1182 4840 Paulus,
1213 4775 1314 4834 sed
1354 4773 1524 4831 David
1552 4777 1791 4834 christus
1827 4787 1978 4845 tuus,

406 4859 501 4928 qui
531 4869 723 4914 contra
748 4868 799 4917 te
837 4861 1100 4930 decernit,
1133 4864 1227 4934 qui
1260 4872 1477 4934 propter
1505 4863 1780 4921 Christum
1809 4869 1978 4938 perti-

394 4953 752 5006 mescendam
793 4955 1120 5009 sententiam
1163 4956 1416 5012 retribuit
1453 4967 1508 5012 et
1549 4959 1897 5029 pronuntiat;
1926 4968 1980 5014 et

404 5053 665 5114 tanquam
696 5045 787 5100 ille
815 5061 1046 5116 magnus
1071 5045 1196 5114 Job,
1229 5048 1297 5102 ad
1329 5062 1430 5104 vos
1465 5057 1656 5104 contra
1682 5049 1895 5120 justum
1925 5061 1979 5106 et

404 5152 596 5191 verum
623 5136 906 5206 loquentes
937 5139 1018 5192 ita.
1053 5138 1250 5194 etl'atur
1283 5157 1298 5195 :
1333 5139 1526 5198 Emisti
1552 5140 1828 5196 Christum
1859 5150 1978 5195 tan-

404 5244 568 5296 quam
593 5244 846 5296 servum;
869 5233 1062 5287 venisti
1093 5233 1158 5286 ad
1180 5248 1304 5287 eum
1334 5244 1591 5303 tanquam
1624 5236 1690 5288 ad
1711 5234 1979 5290 latronem

402 5319 457 5374 in
490 5321 730 5377 hortum.

475 5412 566 5469 lX.
608 5412 914 5470 Producam
943 5415 996 5469 in
1024 5430 1259 5471 meatum
1285 5419 1446 5472 etiam
1467 5418 1803 5490 prophetiam
1829 5419 1979 5476 Salo-

405 5507 582 5562 monis
631 5509 698 5564 de
741 5509 980 5575 Christo,
1014 5525 1135 5577 quae
1182 5519 1365 5579 aperte
1413 5520 1465 5566 et
1510 5513 1813 5583 perspicue,
1855 5528 1976 5584 qua:

2084 4619 2337 4690 πατέρων
2369 4619 2465 4673 καὶ
2497 4618 2850 4690 πατριαρχῶν
2879 4618 3077 4672 αὐτῶν.

2152 4712 2218 4765 Τί
2247 4712 2428 4781 λέγεις
2458 4711 2596 4784 πρὸς
2632 4711 2813 4775 τοῦτο,
2845 4705 2891 4766 ὧ
2926 4712 3178 4776 Ἰουδαίε;
3213 4713 3290 4767 Οὐ
3323 4712 3468 4782 λέγει
3497 4711 3641 4766 Ματ-

2082 4805 2250 4872 θαῖος,
2285 4805 2407 4858 οὐδὲ
2432 4803 2662 4870 Παῦλος,
2690 4803 2822 4858 ἀλλά
2859 4804 3023 4858 Δαυῒδ
3052 4807 3081 4860 ὁ
3109 4805 3200 4870 σὸς
3223 4807 3444 4878 χριστὸς
3465 4805 3587 4877 (54),
3618 4803 3647 4855 ὁ

2080 4895 2178 4960 τὰς
2227 4897 2464 4967 φοϐερὰς
2508 4896 2812 4965 ἀποφάσεις
2855 4895 2942 4949 διὰ
2985 4896 3220 4970 Χριστὸν
3267 4897 3648 4966 ἀντιδιδόμενος

2081 4989 2176 5040 καὶ
2208 4986 2576 5058 φθεγγόμενος
2595 5004 2608 5016 °
2647 4987 2742 5040 καὶ
2768 4986 2843 5052 ὡς
2875 4990 2904 5040 ὁ
2948 4989 3121 5058 μέγας
3173 4988 3317 5055 Ἰὼϐ,
3350 4990 3485 5060 ὲρῶν
3514 4987 3648 5059 πρὸς

2063 5077 2224 5148 -ύμᾶς
2261 5075 2340 5147 τῷ
2360 5077 2553 5148 δικαίῳ
2585 5077 2678 5131 καὶ
2692 5075 2912 5146 ἀψευδεῖ
2943 5077 3218 5147 λέγοντας,
3250 5079 3455 5142 οὕτως·
3493 5077 3621 5144 ’Πγὸ

2086 5181 2254 5235 ρασας
2289 5165 2379 5218 τὸν
2414 5165 2648 5236 Χριστὸν
2678 5166 3082 5237 δουλοπρεπῶς,
3129 5163 3293 5239 ἦλθες
3332 5171 3464 5240 πρὸς
3489 5167 3646 5222 αὐτὴν

2081 5254 2386 5327 λῃστρικῶς
2420 5256 2478 5307 ὲν
2505 5254 2583 5326 τῷ
2613 5256 2794 5327 κήπῳ.

2151 5422 2304 5492 Φέρω
2331 5421 2393 5492 δὴ
2426 5423 2484 5484 ές
2515 5421 2680 5492 μέσον
2720 5423 2812 5474 καὶ
2853 5424 2949 5494 τὴν
2997 5425 3334 5494 προφητείαν
3382 5422 3646 5492 Σολομὼν,

2080 5513 2178 5584 τὴν
2219 5513 2482 5582 λέγουσαν
2523 5515 2650 5586 περὶ
2674 5513 2932 5585 Χριστοῦ,
2965 5513 3063 5585 τὴν
3095 5514 3164 5568 τὰ
3194 5516 3331 5586 πρὸς
3372 5515 3648 5577 Ἰουδαίους

481 5667 524 5700 ιδ
560 5669 713 5723 Joan.
780 5687 890 5738 κεν,
951 5670 1004 5727 6.
1085 5672 1125 5702 ¹⁸
1161 5671 1299 5728 Psal.
1339 5659 1638 5740 vatuﬂl.
1720 5671 1978 5731 "lbid.21

2104 5677 2144 5706 ¹⁷
2172 5675 2256 5729 Ct‘.
2282 5673 2468 5729 Matth.
2492 5691 2648 5740 um,
2680 5675 2769 5730 58.
2849 5677 2892 5707 ¹⁸
2921 5674 3062 5731 Psal.
3097 5692 3286 5740 ιιι-ιιι,
3317 5677 3404 5742 27,
3431 5673 3512 5730 98.
3545 5675 3642 5729 9.9.

478 5805 589 5870 (55)
635 5805 846 5874 Οὕτως.
883 5777 1042 5864 Forte
1075 5810 1180 5863 ὅτε.

2153 5814 2264 5881 (54)
2305 5815 2417 5881 sese
2451 5819 2709 5884 χριστός.
2747 5815 2952 5874 Uuetus
2984 5827 3126 5873 tuus.
3164 5816 3324 5871 Fann.
