3836 6510
183 390 287 444 793

1173 406 1711 465 DEMONSTRATIO
1748 412 2117 476 ADVERSUS
2154 420 2458 478 JUDZEOS.

3321 429 3423 484 794

181 508 516 622 saumq‘xa't
555 514 821 589 ἀριδήλως
871 520 1315 593 διαγγέλλουσαν·
1365 532 1427 585 οὐ
1478 531 1657 603 μόνον,
1688 549 1725 584 τς

1828 536 2069 597 ,Judaeos
2124 553 2389 613 spectant,
2442 545 2726 614 edisserit;
2786 564 2895 604 non
2936 549 3113 607 solum
3158 568 3279 622 qua:
3316 552 3420 611 hoc

179 601 321 655 κατὰ
350 602 441 695 τὸν
472 607 719 678 παρόντα
750 614 959 684 καιρὸν,
986 616 1122 673 ἀλλὰ
1153 619 1220 673 τὰ
1252 621 1392 676 κατὰ
1419 601 1512 678 τὸν
1543 624 1754 695 μέλλον-

176 709 244 745 τα
277 694 450 751 αἰῶνα
484 699 665 765 αὐτοῖς
700 705 1015 774 συμϐαίνειν
1058 710 1146 765 διὰ
1186 714 1285 785 τὴν
1326 694 1612 770 αὐθάδειαν
1656 718 1752 772 καὶ

174 786 403 857 τόλμαν,
434 790 501 862 ἣν
533 794 796 865 ἐποίησαν
826 799 1051 873 ἀρχηγῷ
1078 805 1179 876 τῆς
1207 805 1371 877 ζωῆς.
1400 809 1562 876 Λέγει
1589 810 1695 882 γὰρ
1721 813 1753 867 6

175 881 492 974 προςιήτηςο
532 902 551 936 ι
583 886 655 939 Οὐ
685 887 1045 959 διελογίσαντο
1066 897 1116 948 οἱ
1154 896 1367 963 ἀσεϐεῖς
1400 918 1420 951 ι
1464 903 1592 972 περὶ
1618 881 1751 974 Χρι-

174 971 303 1024 στοῦ
339 991 358 1025 ι
390 975 667 1045 εἰπόντες,
702 980 911 1052 ὀρθῶς
957 986 1385 1060 Ἐνεδρεύσωμεν
1407 992 1497 1046 τὸν
1519 971 1748 1061 δίκαιον,

169 1061 249 1115 ὅτι
282 1062 617 1138 δύσχρηστος
638 1073 771 1142 ἡμῖν
798 1074 937 1141 ἐστι,
963 1079 1056 1131 καὶ
1082 1081 1410 1137 ἐναντιοῦται
1434 1089 1544 1150 τοῖς
1567 1086 1749 1159 ἔργοις

170 1155 261 1249 καὶ
285 1159 401 1221 τοῖς
428 1158 606 1228 λόγοις
626 1164 803 1234 ἡμῶν,
830 1170 927 1222 καὶ
966 1170 1209 1239 ὀνειδίζει
1229 1178 1359 1247 ἡμῖν
1374 1155 1746 1249 ἁμαρτήματα

168 1246 356 1317 νόμου,
380 1252 476 1305 καὶ
497 1254 886 1324 ἐπαγγέλλεται
902 1263 1100 1330 γνῶσιν
1118 1246 1259 1336 ἔχειν
1280 1246 1433 1336 Θεοῦ,
1459 1246 1551 1323 καὶ
1575 1246 1747 1327 ΪΪαῖδα

166 1340 515 1436 Θεοῦ-ἐαυτὸν
534 1346 805 1419 ὀνομάζει.
832 1371 850 1404 ›
871 1350 1003 1408 Εἷτά
1025 1374 1205 1429 φησιν’
1231 1380 1249 1411 ι
1275 1361 1597 1436 Βαρὺςήμίν
1628 1369 1744 1421 ἐστι

166 1432 256 1527 καὶ
281 1431 646 1527 ξλεπόμενοςο
684 1442 766 1495 ὅτι
800 1444 1050 1517 ἀνόμοιός
1082 1450 1194 1503 ἐστι
1229 1455 1341 1517 τοῖς
1360 1431 1546 1519 ἀλλοις
1572 1457 1600 1508 6
1631 1458 1744 1527 βίος

165 1523 348 1623 αὐτοῦ,
383 1530 481 1623 καί
507 1530 906 1606 ἐξηλλαγμέναι
934 1542 990 1594 αί
1012 1540 1187 1613 τρίὸοι
1217 1544 1400 1599 αὐτοῦ.
1439 1548 1532 1613 Ei;
1558 1523 1744 1623 κίδδη-

163 1614 247 1712 λον
259 1617 630 1712 ἐλογίσθημεν
650 1625 815 1697 αὐτῷ,
843 1631 936 1683 καὶ
963 1633 1222 1704 ἀπέχεται
1243 1637 1350 1692 τῶν
1375 1640 1510 1693 ὁδῶν
1562 1614 1738 1712 ἡμῶν,

160 1706 231 1771 ὡς
246 1708 359 1762 ἀπὸ
379 1713 746 1787 ἀκαθαρσιῶν,
775 1721 869 1774 καὶ
892 1727 1183 1798 μακαρίζει
1206 1729 1405 1799 ἔσχατα
1442 1706 1680 1789 δικαίων.

165 1800 273 1853 Καὶ
322 1804 488 1858 πάλιν
538 1807 789 1879 ἄκουσον,
832 1807 877 1867 ὦ
932 1818 1172 1872 Ἰουδαῖε.
1213 1823 1401 1887 Οὐδεὶς
1428 1826 1491 1877 ἐκ
1518 1826 1626 1880 τῶν
1654 1828 1735 1881 δι-

159 1893 392 1989 καίων-ἤ
422 1903 716 1973 προφητῶν
744 1904 1003 1963 ἐκάλεσεν
1034 1912 1224 1967 ἑαυτὸν
1248 1915 1361 1969 υἱὸν
1386 1916 1541 1973 Θεοῦ.
1574 1920 1735 1989 Λέγει

158 1980 247 2037 οὖν
284 1984 442 2053 αὖθις
472 1991 547 2056 ὡς
567 1994 631 2046 ἐκ
662 1998 951 2066 προσώπου
987 2004 1251 2059 Ἰουδαίων
1282 2009 1309 2060 6
1338 2008 1585 2079 Σολομὼν
1608 2013 1735 2082 περὶ

154 2076 346 2131 τούτου
378 2081 473 2134 τοῦ
502 2083 709 2140 δικαίου
749 2090 807 2153 ὃς
838 2093 982 2146 ἐστιν
1014 2097 1042 2148 6
1070 2097 1301 2167 Χριστός
1326 2117 1338 2129 ·
1372 2120 1389 2151 ι
1416 2102 1533 2155 ’Ότι
1556 2103 1734 2171 ἐγένε-

154 2184 208 2219 το
236 2170 376 2239 ἡμῖν
408 2174 488 2237 εἰς
515 2174 732 2247 ἔλεγχον
773 2179 988 2235 ἐννοιῶν
1022 2185 1198 2255 ἡμῶν,
1226 2188 1319 2240 καὶ
1354 2189 1733 2254 ἀλαζονεύεται

152 2257 375 2355 Ιίατέρα
407 2264 557 2320 Θεόν.
589 2268 830 2342 Εἴδωμεν
863 2269 955 2327 οὖν
986 2278 1034 2329 εί
1077 2279 1124 2329 οἱ
1160 2278 1307 2347 λόγοι
1332 2282 1492 2334 αὐτοῦ
1516 2283 1732 2355 ἀληθεῖς

151 2351 311 2416 εἰσιν,
349 2355 443 2408 καὶ
483 2360 831 2432 πειράσωμεν
867 2365 936 2418 τὰ
967 2368 1022 2419 ἐν
1056 2368 1277 2423 ἐκϐάσει
1315 2372 1478 2426 αὑτοῦ
1500 2392 1514 2404 ·
1550 2376 1729 2449 εξγάρ

151 2442 295 2496 ἐστιν
385 2445 601 2513 δίκαιος·
630 2450 741 2525 (35)
774 2455 901 2519 Υἱὸς
952 2457 1109 2523 Θεοῦ,
1146 2463 1495 2535 ἀντιλήψεται
1539 2442 1725 2537 αὐτοῦ,

149 2537 240 2633 καὶ
267 2536 502 2633 ’ῥύσεται
528 2542 688 2598 αὑτὸν
726 2546 790 2600 ἐκ
832 2550 1011 2621 χειρὸς
1042 2552 1468 2625 ἀνθεστηκότων.
1503 2559 1728 2633 Θανάτῳ

146 2628 419 2727 ἀσχήμονι
434 2635 896 2727 Ακαταδικάσωμεν
919 2643 1080 2698 αὐτόν
1105 2662 1118 2675 ·
1150 2649 1302 2703 ἔσται
1323 2650 1430 2724 γὰρ
1453 2628 1724 2727 ἐπισκοπῆ

147 2719 311 2772 αὐτοῦ
343 2722 407 2774 ἐκ
434 2722 606 2793 λόγων
627 2729 808 2784 αὑτοῦ.
842 2751 863 2784 ι

209 2813 325 2866 Καὶ
359 2814 523 2907 πάλιν
546 2820 574 2871 6
603 2820 765 2875 Δαυῖδ
792 2826 850 2877 ἐν
880 2826 1126 2900 Ψαλμοῖς
1151 2831 1296 2900 λέγει
1330 2852 1394 2888 πε
1405 2835 1456 2907 ρ).
1479 2837 1568 2890 τὸν
1596 2837 1725 2907 μέλ-

146 2899 301 2999 λοντα
324 2905 519 2999 αἰῶνα·
603 2912 734 2965 Τότε
755 2914 979 2987 λαλήσει
1013 2899 1148 2991 άτρδς
1178 2899 1373 2988 αὖτοὺς
1438 2926 1465 2979 6
1491 2899 1723 2999 Χριστὸς

253 2994 396 3067 ὀργῇ
426 2998 724 3063 αὑτοῦ,καὶ
760 3004 816 3056 ὲν
850 3006 926 3076 τῷ
946 3008 1101 3081 θυμῷ
1146 3013 1309 3067 αὑτοῦ
1356 2994 1579 3086 ταράξει
1625 3020 1721 3071 αὐ-

143 3085 283 3150 τούς.
300 3090 444 3142 »Καὶ
474 3092 635 3146 πάλιν
655 3096 908 3168 Σολομὼν
927 3104 1054 3173 περὶ
1080 3105 1316 3176 Χριστοῦ
1346 3085 1440 3162 καί
1456 3112 1721 3166 Ἰουδαίων

1855 636 2099 700 tempore
2142 635 2391 691 evenisse
2438 636 2516 691 eis
2546 639 2842 703 cernimus,
2874 641 2966 695 sed
2995 658 3117 712 quae
3148 644 3200 698 in
3232 643 3420 703 futuro

1852 725 2099 778 evenient
2125 736 2344 796 propter
2373 732 2792 798 contumaciam,
2815 739 2869 787 et
2891 732 2943 787 id
2968 733 3116 802 quod
3147 738 3265 791 ausi
3291 748 3417 793 sunt

1851 810 1905 865 in
1946 810 2223 870 Christum
2263 818 2561 891 principem
2610 820 2754 876 vitaz.
2808 821 2898 876 Ait
2932 801 3076 878 enim
3114 827 3375 895 propheta
3406 801 3472 884 τίζ

1856 918 1874 952 ι
1913 900 2029 956 Non
2072 916 2213 960 recte
2251 908 2626 977 cogitaverunt
2673 912 2865 983 impii»
2915 914 2981 969 de
3022 916 3241 971 (Ihristo
3276 935 3295 967 ι
3329 918 3414 972 di-

1848 1003 2030 1051 centes
2067 1014 2081 1052 :
2115 998 2619 1059 Circumveniamus
2657 1006 2888 1077 justum,
2922 1009 3178 1077 quoniam
3206 1009 3412 1067 inutilis

1847 1096 1928 1143 est
1954 1090 2131 1157 nobis,
2162 1102 2215 1147 et
2248 1097 2552 1151 contrarius
2579 1108 2663 1152 est
2692 1099 2945 1167 operibus
2978 1109 3032 1153 et
3070 1102 3412 1157 sermonibus

1846 1181 2071 1247 nostris,
2101 1192 2154 1237 et
2189 1184 2521 1255 improperat
2559 1189 2716 1245 nobis
2756 1204 2973 1260 peccata
3008 1192 3159 1263 legis;
3195 1203 3247 1248 et
3285 1210 3411 1263 pro.

1846 1272 2087 1328 mittitse
2112 1275 2393 1331 scientiam
2428 1277 2521 1332 Dei
2554 1279 2771 1345 habere,
2803 1291 2855 1335 et
2880 1281 3076 1336 Filium
3101 1284 3189 1336 Dei
3218 1299 3276 1339 se
3309 1299 3410 1337 no-

1844 1364 2100 1420 minat".
2133 1385 2152 1419 ι
2197 1366 2393 1423 Postea
2437 1370 2609 1425 dicit:
2656 1389 2674 1421 ι
2713 1371 2905 1427 Gravis
2935 1383 3016 1427 est
3047 1374 3203 1429 nobis
3242 1374 3406 1428 etiam

1843 1455 1910 1508 ad
1940 1456 2251 1525 videndum,
2279 1462 2535 1529 quoniam
2553 1463 2834 1519 dissimilis
2856 1475 2937 1521 est
2956 1467 3077 1521 aliis
3101 1468 3207 1521 vita
3232 1467 3405 1535 illius;

1840 1557 1894 1603 et
1921 1548 2219 1606 immutatae
2246 1562 2375 1607 sunt
2401 1556 2502 1609 vim
2528 1556 2663 1625 ejus.
2695 1555 2973 1627 Tanquam
3007 1575 3240 1628 nugaces
3262 1560 3408 1614 aesti-

1841 1639 1970 1691 mati
2002 1656 2191 1695 sumus
2218 1642 2285 1696 ab
2320 1643 2431 1709 illo,
2462 1654 2514 1699 et
2546 1646 2779 1701 abstinet
2802 1663 2859 1702 se
2879 1663 2909 1701 a
2935 1648 3036 1703 viis
3062 1650 3264 1703 nostris
3287 1658 3407 1703 tan-

1839 1743 2001 1798 quam
2033 1730 2510 1802 abimmunditiis,
2563 1747 2617 1791 et
2659 1738 2876 1807 prmfert
2910 1740 3400 1810 novissimajusto-

1839 1836 1959 1874 rum
1988 1823 2055 1877 ".
2094 1841 2113 1874 ι
2160 1822 2225 1878 Et
2272 1842 2461 1881 rursus
2500 1829 2647 1893 audi,
2689 1828 2889 1884 Judaee.
2926 1830 3095 1885 Nemo
3124 1847 3187 1885 ex
3214 1832 3381 1901 justis

1764 1890 1808 1946 Β
1837 1913 1919 1968 vel
1943 1914 2221 1984 prophetis
2244 1920 2455 1973 vocavit
2477 1935 2533 1974 se
2566 1890 2730 1975 tilium
2761 1920 2874 1975 Dei.
2903 1922 2991 1975 Ait
3016 1923 3181 1993 igitur
3204 1890 3400 1978 iterum

1836 2003 2095 2060 Salomon
2122 2007 2177 2064 in
2206 2023 2436 2077 persona
2466 2009 2775 2065 Jmheorum
2800 2014 2864 2067 de
2887 2014 2989 2067 hoc
3008 2014 3176 2082 justo,
3203 2015 3294 2083 qui
3318 2025 3403 2069 est

1834 2094 2126 2152 Christus:
2160 2117 2178 2150 ι
2210 2098 2411 2157 Factus
2438 2110 2521 2156 est
2545 2102 2701 2156 nobis
2734 2103 2786 2157 in
2825 2104 3218 2159 traductionem
3253 2106 3402 2175 cogi-

1831 2187 2095 2243 tationum
2133 2203 2441 2247 nostrarutn
2472 2203 2559 2247 :et
2589 2196 2847 2264 gloriatur
2878 2196 3089 2251 Patrem
3119 2213 3178 2253 se
3200 2197 3400 2252 habere

1831 2277 2025 2335 Deum.
2055 2280 2348 2338 Videamus
2376 2301 2527 2357 ergo,
2563 2289 2608 2342 si
2642 2304 2919 2345 sermones
2948 2289 3094 2345 illius
3123 2290 3234 2345 veri
3264 2289 3395 2355 sint,

1829 2379 1883 2425 et
1912 2379 2202 2438 tentemus,
2253 2392 2376 2444 qua:
2417 2388 2575 2433 erunt
2614 2381 2906 2435 novissima
2948 2382 3093 2438 illius
3128 2400 3141 2437 :
3177 2383 3222 2437 si
3249 2383 3394 2437 enim

1827 2474 1909 2517 est
1928 2461 2689 2542 justusDeiFilius,suscipiet
2705 2470 2943 2539 illum,et
2965 2473 3214 2527 liberabit
3243 2474 3393 2530 illum

1826 2555 1894 2611 de
1923 2558 2174 2611 manibus
2211 2560 2635 2617 contrariorum.
2685 2560 2861 2616 Morte
2902 2565 3219 2633 turpissima
3265 2581 3387 2620 con-

1826 2648 2148 2704 demnemus
2193 2666 2317 2705 eum
2349 2669 2362 2706 :
2410 2655 2514 2707 erit
2544 2654 2688 2709 enim
2719 2666 2998 2727 respectus
3031 2656 3149 2727 ejus
3181 2674 3246 2713 ex
3275 2674 3394 2713 ser-

1824 2744 2081 2800 monibus
2110 2744 2256 2801 illius
2282 2744 2351 2800 ²¹.
2395 2764 2413 2796 ι

1893 2832 1964 2889 Χ.
2006 2834 2072 2889 Et
2101 2851 2293 2891 rursus
2330 2834 2499 2889 David
2536 2835 2589 2890 in
2618 2836 2849 2892 Psalmis
2878 2838 2953 2891 ait
2982 2838 3048 2893 de
3084 2841 3264 2894 futuro
3293 2854 3392 2893 sa:-

1822 2926 1947 2982 culo
1980 2945 1993 2981 :
2035 2946 2053 2979 ι
2084 2926 2238 2982 Tunc
2279 2927 2531 2998 loquetur
2563 2929 2629 2983 ad
2670 2944 2765 2984 eos
2798 2949 2817 2982 ι
2872 2930 3121 2985 Christus
3169 2948 3187 2982 ι
3222 2930 3274 2983 in
3312 2930 3389 2985 ira

1822 3033 1959 3085 sua;
1996 3027 2051 3074 et
2092 3018 2146 3073 in
2192 3019 2380 3074 furore
2406 3036 2508 3074 suo
2546 3022 2894 3076 conturbabit
2923 3037 3018 3076 eos
3046 3024 3112 3077 ".
3146 3041 3163 3073 ι
3198 3021 3261 3076 Et
3288 3022 3389 3076 ite-

1820 3126 1945 3165 rum
2002 3110 2261 3166 Salomon
2315 3112 2381 3168 de
2432 3114 2649 3169 Christo
2703 3125 2756 3169 et
2801 3114 3003 3170 Judaeis
3051 3114 3201 3179 dicit,
3244 3116 3389 3184 quod

146 3181 332 3283 φησίν,
351 3182 434 3234 ὅτι
460 3183 549 3236 ὅτε
578 3188 833 3257 στήσεται
861 3193 889 3243 6
916 3191 1120 3260 δίκαιος
1156 3199 1213 3250 ἐν
1237 3202 1517 3274 παρρήσίᾳ
1547 3204 1713 3277 πολλῇ

1828 3203 2044 3272 quando
2067 3204 2232 3258 stabit
2264 3204 2446 3273 justus
2492 3205 2545 3259 in
2582 3221 2776 3275 magna
2814 3206 3121 3261 constantia
3150 3181 3276 3262 ante
3304 3206 3388 3259 fa-

141 3272 280 3325 κατά
318 3274 614 3345 τρόσωπον
640 3280 748 3333 τῶν
776 3280 1097 3353 θλιψάντων,
1131 3290 1224 3342 καὶ
1250 3291 1359 3345 τῶν
1388 3292 1718 3349 ἀθετούντων

1828 3294 1957 3351 ciem
1987 3309 2178 3350 eorum
2211 3295 2303 3366 qui
2335 3312 2459 3350 eum
2503 3297 2829 3362 aﬂlixerunt,
2868 3306 2923 3353 et
2956 3312 3236 3353 sermones
3268 3298 3388 3367 ejus

139 3366 501 3459 ⁴φὺςΜγους
547 3371 740 3442 αὑτοῦ,
789 3392 809 3428 ι
848 3376 1046 3442 ἰδόντες
1088 3382 1522 3454 ταραχθήσονται
1568 3387 1733 3459 φόϐῳ

138 3456 296 3529 δεινῷ
328 3460 425 3513 καὶ
452 3462 806 3535 ἐκστήσονται
853 3470 944 3543 ἐπὶ
985 3472 1062 3542 τῷ
1088 3475 1374 3547 παραδόξῳ
1405 3479 1503 3550 τῆς
1537 3456 1715 3551 σωτη-

142 3549 260 3617 ρίας
288 3551 477 3619 αὐτοῦ,
499 3557 592 3609 καὶ
621 3557 834 3628 ἐροῦσιν
866 3562 925 3615 ὲν
954 3564 1164 3628 ἑαυτοῖς
1188 3568 1592 3637 μετανοοῦντες,
1621 3572 1715 3625 καὶ

136 3637 221 3691 διὰ
254 3645 614 3715 στενοχωρίαν
643 3649 951 3720 πνεύματος
967 3654 1312 3722 στενάζοντες
1329 3675 1344 3689 ο
1370 3656 1539 3725 Οὗτός
1565 3664 1711 3718 ἐστιν

136 3729 193 3825 δν
216 3732 449 3825 ἔσχομεν
476 3754 604 3791 ποτε
641 3743 720 3803 εἰς
761 3742 977 3810 γέλωτα
1005 3748 1099 3799 καὶ
1127 3751 1207 3813 είς
1232 3753 1544 3825 παραϐολὴν
1570 3756 1710 3810 ὀνει-

135 3821 351 3916 δισμοῦ.
390 3827 451 3879 Οἱ
476 3826 714 3916 ,ἄφρονες
745 3832 835 3885 τὸν
861 3834 973 3905 βίον
1005 3838 1167 3891 αὑτοῦ
1206 3821 1571 3911 ἐλογισάμεθα
1610 3863 1713 3916 μα-

135 3912 272 3977 νίαν,
306 3915 403 3969 καὶ
434 3915 532 3987 τὴν
561 3918 819 3994 τελευτὴν
862 3926 1022 3979 αὐτοῦ
1062 3928 1272 4000 ἄτιμον.
1324 3932 1447 3997 Πῶς
1490 3936 1711 3990 κατελο-

133 4003 295 4076 γίσθη
325 4007 384 4059 ἐν
427 4010 563 4073 υἱοῖς
593 4010 747 4079 Θεοῦ,
794 4016 886 4068 καὶ
915 4018 973 4070 ἐν
1017 4018 1191 4087 ἁγίοις
1230 4024 1258 4075 6
1300 4023 1499 4096 κλῆρος
1544 4028 1706 4082 αὐτοῦ

131 4096 309 4187 istm;
351 4101 496 4170 Ἀρα
529 4103 909 4177 ἐπλανήθημεν
942 4112 1050 4164 ἀπὸ
1079 4113 1197 4166 ὁδοῦ
1224 4114 1498 4187 ἀληθείας,
1530 4120 1620 4172 καὶ
1646 4121 1707 4174 τὸ

128 4186 227 4255 τῆς
257 4187 601 4261 δικαιοσύνης
622 4194 735 4261 φῶς
761 4197 859 4250 οὐκ
879 4199 1194 4272 ἀπέλαμψεν
1220 4207 1370 4276 ἡμῖν,
1398 4208 1490 4261 καὶ
1511 4211 1538 4261 6
1560 4208 1715 4283 ﬁlio;

128 4276 228 4371 οὐκ
262 4279 536 4371 ἀνέτειλεν
576 4283 725 4353 ἡμῖν.
774 4288 1027 4359 Ἀνομίας
1064 4294 1473 4367 ἐνεπλήσθημεν
1499 4276 1705 4371 τρίϐοις

256 4370 552 4436 ἀπωλείας.
576 4376 951 4450 Διωδεῦσαμεν
983 4383 1221 4455 ἐρήμους
1252 4387 1502 4455 ἀϐἀτευς,
1648 4393 1703 4447 δὲ

126 4455 245 4509 ὁδὸν
280 4461 485 4533 Κυρίου
543 4464 641 4518 οὐκ
712 4468 1045 4542 ἐγνώσαμεν.
1100 4476 1165 4529 Τί
1219 4476 1497 4550 ὠφέλησεν
1556 4455 1702 4554 ἡμᾶς

1820 3389 2201 3458 repudiarunt,
2238 3409 2254 3440 ι
2286 3391 2529 3445 videntes
2569 3390 2932 3445 turbabuntur
2975 3391 3170 3445 timore
3214 3391 3390 3445 borri-

1816 3482 1933 3547 bili,
1962 3490 2016 3535 et
2046 3482 2390 3537 mirabuntur
2419 3482 2472 3536 in
2498 3483 2826 3536 subitatione
2852 3483 3136 3551 insperatae
3159 3482 3384 3549 salutis;

1814 3583 1869 3629 et
1896 3575 2078 3630 dicent
2115 3576 2255 3631 intra
2284 3592 2343 3631 se
2377 3577 2749 3646 paenitentiam
2784 3585 3027 3645 agentes,
3058 3584 3111 3630 et
3148 3592 3257 3645 pra:
3286 3592 3386 3629 an-

1814 3668 1989 3737 gustia
2024 3668 2246 3736 spiritus
2283 3677 2558 3737 gementes
2593 3686 2607 3723 :
2654 3666 2753 3727 Hic
2779 3677 2881 3731 est,
2910 3682 3070 3737 quem
3097 3666 3385 3720 habuimus

1814 3760 2108 3829 aliquando
2139 3760 2192 3814 in
2226 3760 2489 3822 derisum,
2514 3770 2568 3815 et
2595 3761 2648 3814 in
2680 3761 3094 3815 similitudinem
3124 3758 3386 3828 imprope-

1811 3852 1897 3905 rii.
1926 3850 2038 3907 Nos
2072 3853 2333 3908 insensati
2369 3854 2536 3909 vitam
2575 3854 2720 3908 illius
2751 3853 3204 3908 existimabamus
3238 3852 3385 3905 insa-

1811 3942 1981 4010 niam,
2012 3952 2066 3998 et
2098 3945 2256 3998 tinem
2298 3945 2443 4000 illius
2485 3946 2602 4000 sine
2642 3946 2867 3998 honore.
2910 3942 3194 4009 Quomodo
3228 3958 3381 3997 com—

1808 4044 2030 4106 putatus
2057 4046 2140 4091 est
2171 4036 2224 4090 in
2253 4036 2378 4091 (iliis
2408 4036 2524 4102 Dei,
2556 4046 2609 4091 et
2642 4037 2693 4090 in
2718 4037 2922 4092 sanctis
2943 4052 3060 4091 sors
3094 4037 3237 4090 illius
3261 4034 3381 4090 est?

1807 4128 1950 4199 Ergo
1991 4129 2295 4182 erravimus
2338 4144 2370 4182 ιι
2402 4129 2487 4182 via
2517 4128 2796 4194 veritatis;
2844 4136 2898 4181 et
2935 4126 3161 4196 justitiae
3194 4127 3378 4180 lumen

1807 4235 1917 4274 non
1948 4220 2086 4274 luxit
2111 4220 2292 4283 nobis,
2321 4230 2378 4275 et
2408 4221 2488 4276 sol
2530 4236 2639 4274 non
2671 4231 2823 4287 ortus
2854 4228 2939 4274 cst
2966 4219 3141 4274 nobis.
3168 4217 3380 4274 Lassati

1807 4327 1999 4367 sumus
2047 4313 2101 4365 in
2146 4312 2230 4366 via
2264 4311 2568 4382 iniquitatis
2606 4320 2659 4365 et
2693 4310 3029 4380 perditionis.
3064 4309 3381 4363 Ambulavi—

1806 4416 1930 4455 mus
1966 4400 2082 4455 vias
2108 4400 2386 4468 diﬂiciles;
2433 4401 2574 4454 viam
2630 4410 2807 4455 autem
2843 4399 3053 4454 Domini
3101 4399 3377 4469 ignoravi-

1805 4507 1949 4545 mus.
1998 4490 2139 4556 Quid
2184 4491 2343 4547 nobis
2386 4490 2593 4561 profuit
2622 4492 2871 4560 superbia
2899 4490 3377 4545 nostra?transie—

123 4549 157 4616 ἡ
216 4549 563 4651 ῦπερηιρανία
606 4558 792 4627 ἡμῶν;
849 4563 1126 4634 παρῆλθεν
1180 4568 1363 4624 ἐκεῖνα
1393 4549 1695 4639 ἀπάντα-ὼς

1834 4581 1929 4636 υηί
1950 4581 2133 4636 omnia
2155 4582 2245 4635 illa
2266 4591 2524 4651 tanquam
2554 4582 2745 4637 umbra
2764 4581 2862 4633 ³³.»
2891 4580 3084 4634 Desunt
3107 4579 3373 4650 quautam.

123 4642 253 4695 σκιά
274 4644 403 4717 (56).

197 4799 241 4828 ¹’
264 4798 386 4872 Sap.
419 4819 481 4869 tt,
509 4804 557 4870 l,
586 4804 673 4870 -ΙΞ,
706 4807 790 4862 15.
865 4809 913 4843 ¹⁰
961 4811 1073 4869 bid.
1101 4813 1187 4883 15,
1230 4816 1316 4873 16.
1391 4820 1434 4850 ¹¹
1461 4818 1587 4893 Sap.
1616 4839 1679 4892 ll,
1715 4825 1725 4879 l

1836 4824 1925 4893 16,
1962 4825 2051 4891 l7,
2080 4825 2171 4881 ΞΟ.
2250 4827 2295 4857 ³³
2322 4824 2465 4880 Psal.
2496 4840 2554 4892 Il,
2594 4826 2647 4880 5.
2724 4825 2770 4856 "
2799 4823 2929 4892 Sap.
2960 4839 3012 4887 v,
3040 4822 3165 4877 2-9.

194 4974 306 5059 (95‘?)
345 4978 605 5059 ἒίκαξιτίςῖ-
642 4979 824 5054 Vulg»
849 5003 1031 5059 ,υετυεο

192 5046 322 5136 (ξιϐλ
340 5049 496 5136 Apud
529 5046 898 5136 Simonem-de
922 5057 1210 5136 ’ilagistris,
1244 5066 1336 5135 qui
1364 5071 1689 5136 opusculum

116 5111 249 5209 litui,
284 5111 519 5209 pati-lenis:n
537 5124 782 5209 mutatis,
839 5111 1686 5209 [tatinejriter'dnifedhl‘i;

116 5183 364 5257 Aj»p.,'p.
392 5189 545 5261 452),
590 5183 831 5263 pergitur
871 5198 954 5254 his
987 5183 1165 5259 verbis
1181 5183 1690 5265 meiéiciiieVée};

1795 5019 1936 5067 sum,
1992 5011 2131 5069 etc.;
2193 5003 2306 5058 haec
2360 5002 2633 5073 leguntur
2673 5001 2814 5073 inter
2862 4998 3036 5073 Opera
3085 4997 3368 5073 Cypriani,

1797 5074 2006 5129 incerto
2037 5074 2251 5143 auctori
2282 5070 2537 5143 ascripta.
2590 5071 2724 5143 Yide
2766 5070 3096 5143 Patrologiz
3138 5070 3370 5125 Latina:

1797 5152 1930 5198 tom.
1968 5144 2060 5211 IV,
2092 5144 2198 5201 col.
2232 5142 2355 5200 919.
2393 5142 2551 5198 Εοιτ.
2584 5141 2758 5200 Pun.
