3836 6500
484 392 588 445 799

1144 390 1202 444 S.
1243 386 1605 443 lllPPOLYTl
1645 385 1794 441 GPP.
1833 384 2014 440 PARS
2054 382 2117 438 ll.
2155 415 2221 424 -—
2252 377 2554 437 DOGMAT.
2599 378 2684 434 ΕΤ
2723 375 3061 433 HISTORIC.
3612 373 3701 426 800

484 505 668 559 vident
707 515 915 576 patrum
944 507 1168 563 chorum
1203 504 1335 577 (δν)
1375 521 1472 561 nec
1496 507 1695 576 justos,
1724 511 1779 558 et
1809 504 1911 557 hoc
1936 501 2052 570 ipso

2164 498 2240 550 ἐπ’
2287 496 2435 567 αὐτῷ
2478 497 2651 568 τούτῳ
2701 495 3069 566 κολαζόμενοι.
3115 492 3257 554 Χάος
3288 490 3397 562 γὰρ
3443 486 3579 560 βαθὺ
3626 489 3703 540 καὶ

484 606 823 666 torquentur.
842 598 977 651 Nam
1013 598 1065 651 in
1099 598 1276 652 medio
1305 598 1470 652 chaos
1489 611 1740 666 magnum
1758 600 1811 648 et
1826 591 2050 662 profun-

484 688 615 742 dum
648 690 959 744 extenditur
1004 702 1057 745 et
1086 689 1419 755 ﬁrmatur“,
1466 690 1601 743 adeo
1642 696 1703 741 ut
1756 685 1939 739 nullus
1980 683 2052 737 sit

482 795 551 834 ex
569 779 733 849 jusds
763 781 1137 836 misericordia
1154 782 1348 836 ductus
1364 781 1455 850 qui
1490 781 1617 834 illuc
1634 778 1863 834 transire
1876 785 1929 829 et
1956 790 2051 830 ex-

486 875 593 943 cipi
618 875 823 943 possit;
852 890 949 929 nec
988 874 1385 943 ullusinjustus
1402 872 1495 943 qui
1532 873 1730 927 audeat
1754 868 2047 939 praeterire.

557 964 617 1019 ll.
659 965 724 1019 Et
758 967 871 1021 hare
913 967 978 1021 de
1006 967 1141 1019 Itade
1174 965 1401 1019 dicenda
1441 971 1617 1027 erant,
1656 963 1708 1015 in
1741 975 1849 1030 quo
1879 957 2052 1013 conti-

487 1066 687 1110 nentur
712 1059 954 1112 omnium
985 1058 1200 1123 animae,
1222 1072 1394 1125 usque
1416 1056 1482 1110 ad
1510 1064 1723 1123 tempus
1741 1050 1887 1121 quod
1912 1048 2052 1103 Deus

485 1147 901 1212 determinavit,
935 1158 1063 1203 tunc
1106 1148 1349 1202 omnium
1388 1145 1837 1201 resurrectionem
1876 1140 2052 1194 factu-

485 1254 602 1307 rus,
628 1256 735 1295 non
772 1241 984 1295 animas
1007 1257 1073 1295 ex
1103 1255 1330 1309 corpore
1360 1239 1414 1293 in
1456 1253 1655 1307 corpus
1690 1234 1837 1288 aliud
1870 1233 2054 1288 detru-

485 1335 683 1397 dendo,
724 1333 817 1386 sed
862 1332 1051 1385 eadem
1088 1332 1205 1401 ipsa
1242 1346 1469 1400 corpora
1519 1330 1714 1383 iterum
1743 1324 2050 1382 excitando.

486 1425 617 1491 Quze
639 1425 903 1479 dissoluta
927 1424 1189 1489 videntes,
1220 1424 1264 1477 si
1292 1422 1448 1476 ﬁdem
1476 1418 1773 1489 denegatis,
1806 1432 1838 1471 o
1859 1413 2051 1481 Grzeci,

485 1517 677 1571 discite
710 1532 817 1569 non
850 1530 970 1569 esse
997 1514 1280 1569 increduli.
1306 1514 1557 1567 Animam
1586 1511 1731 1564 enim
1773 1509 2055 1563 credentes

487 1608 708 1672 factam,
743 1617 795 1660 et
829 1608 1187 1661 immortalem
1220 1622 1251 1660 a
1280 1605 1388 1659 Deo
1420 1602 1718 1665 conditam,
1756 1598 2054 1653 secundum

487 1700 809 1752 sententiam
838 1698 1100 1761 Platonis,
1136 1698 1189 1751 in
1229 1709 1506 1766 tempore;
1555 1710 1661 1747 non
1699 1692 1906 1746 debet-is
1946 1705 2055 1744 non

486 1788 730 1853 credere,
772 1788 917 1857 quod
961 1787 1102 1842 Deus
1146 1797 1338 1856 potens
1378 1794 1462 1840 est
1504 1798 1702 1852 corpus
1748 1798 1814 1838 ex
1863 1781 2054 1835 iisdem

2154 592 2297 661 μέγα
2322 588 2424 644 άνά
2459 590 2622 662 μέσον
2657 590 2993 660 ἐστήρικται,
3029 586 3167 639 ὥστε
3213 583 3287 654 μὴ
3332 580 3539 635 δίκαιον
3585 596 3702 648 συμο

2151 682 2473 754 παθήσαντα
2506 682 2933 755 προσδέξασθαι,
2973 681 3108 750 μήτε
3150 677 3333 732 ἄδικον
3380 673 3703 744 τολμήσαντα

2150 775 2391 829 διελθεῖν.

2223 941 2391 1011 Οὗτος
2430 950 2458 1001 ὁ
2491 950 2617 1018 περὶ
2651 948 2777 1019 ᾁδου
2819 947 3003 1013 λόγος,
3038 946 3095 997 ὲν
3136 936 3182 1010 ᾧ
3210 942 3267 993 αἱ
3297 940 3469 1011 ψυχαὶ
3507 938 3704 992 πάντων

2153 1041 2502 1111 κατέχονται,
2535 1040 2662 1112 ἄχρι
2713 1036 2904 1108 καιροῦ
2957 1036 3016 1090 ὃν
3068 1037 3095 1087 ὁ
3138 1033 3269 1095 Θεὸς
3323 1032 3544 1102 ὥρισεν,
3598 1028 3704 1081 ἀνά-

2157 1150 2343 1187 στασιν
2385 1134 2504 1185 τότε
2546 1132 2760 1184 πάντων
2804 1128 3189 1199 ποιησόμενος,
3223 1126 3282 1177 οὐ
3326 1122 3508 1193 ψυχὰς
3540 1138 3704 1191 μετεν-

2156 1224 2422 1296 σωματῶν
2470 1224 2614 1295 (55),
2663 1222 2777 1275 ἀλλ’
2809 1220 2946 1279 αύτά
2993 1219 3062 1272 τά
3096 1217 3319 1288 σώματα
3366 1212 3618 1267 άνιστῶν.
3654 1214 3702 1262 ’Δ

2154 1318 2418 1388 λελυμένα
2468 1316 2700 1388 ὁρῶντες
2760 1315 2808 1365 εἰ
2855 1312 3131 1365 ἀπιστεῖτε
3176 1308 3331 1380 (56),
3396 1305 3597 1376 μάθετε
3648 1302 3702 1373 μὴ

2154 1412 2423 1464 ἀπιστεῖν.
2460 1408 2568 1478 Τὴν
2599 1406 2708 1477 γὰρ
2734 1404 2907 1474 ψυχὴν
2938 1401 3169 1473 γενητὴν
3201 1400 3295 1455 καὶ
3325 1398 3592 1451 ἀθάνατον
3622 1395 3702 1447 ὑπὸ

2156 1500 2293 1554 Θεοῦ
2326 1499 2604 1568 γεγονέναι
2641 1496 3063 1558 πιστεύσαντες,
3116 1491 3255 1545 κατά
3302 1488 3395 1543 τὸν
3441 1488 3701 1547 Πλάτωνος

2156 1595 2311 1663 λόγον
2337 1592 2471 1663 (57),
2504 1590 2677 1661 χρόνῳ
2696 1606 2708 1619 ·
2751 1586 2824 1659 μὴ
2850 1586 3206 1656 ἀπιστήσητε,
3238 1582 3311 1645 ὡς
3344 1582 3440 1634 καὶ⁸
3470 1580 3531 1632 τὸ
3570 1579 3702 1647 σῶμα

2158 1687 2221 1738 ὲκ
2252 1683 2360 1736 τῶν
2390 1682 2567 1736 αὐτῶν
2600 1679 2875 1749 στοιχείων
2906 1675 3157 1729 σύνθετον
3182 1674 3475 1743 γενόμενον
3506 1670 3701 1731 δυνατὸς

2158 1779 2186 1829 ό
2214 1776 2344 1839 Θεὸς
2376 1771 2685 1835 ἀναϐιώσας
2724 1768 2988 1824 ἀθάνατον
3035 1769 3212 1820 ποιεῖν
3256 1764 3388 1834 (58).
3422 1763 3499 1815 Οὐ
3533 1762 3595 1815 τὸ
3626 1760 3702 1829 μὲν

485 1852 768 1933 elementis
788 1852 1162 1947 compositum
1190 1888 1241 1932 et
1267 1877 1491 1940 factum,
1530 1877 1596 1929 ad
1626 1876 1789 1928 vitam
1817 1873 1949 1927 illttd
1971 1888 2052 1927 re-

2164 1868 2398 1930 δυνατὸς,
2425 1867 2486 1918 τὸ
2505 1865 2560 1919 δέ
2583 1864 2861 1925 ἀδύνατος,
2889 1860 3181 1933 ῥηθήσεται
3209 1856 3336 1928 περὶ
3358 1854 3518 1909 Θεοῦ.
3536 1854 3703 1923 Ἰἰμεῖς

484 1987 709 2035 vocans,
757 1972 1062 2026 immortale
1112 1970 1358 2025 reddere.
1412 1968 1543 2024 Illud
1589 1968 1734 2022 enim
1774 1965 2053 2036 possibile,

487 2063 590 2115 hoc
613 2078 741 2115 VPI‘O
772 2063 1123 2131 impossibile,
1160 2076 1266 2115 non
1295 2061 1504 2115 dicetur
1533 2061 1600 2115 de
1631 2059 1761 2113 Deo.
1796 2056 1907 2112 Nos
1927 2073 2055 2127 ergo

486 2152 759 2207 credimus
804 2163 856 2207 et
897 2169 1093 2223 corpus
1136 2162 1591 2208 resurrecturum.
1653 2149 1712 2205 Si
1750 2149 1896 2205 enim
1935 2164 2059 2203 cor-

485 2246 777 2312 rumpitur,
822 2260 926 2298 non
966 2246 1189 2299 omnino
1239 2245 1508 2314 perditur;
1551 2253 1695 2297 terra
1735 2241 1880 2296 enim
1919 2240 2058 2294 reci-

486 2338 641 2407 piens
688 2337 837 2392 illius
872 2339 1150 2407 reliquias,
1198 2339 1319 2393 illas
1362 2345 1571 2404 servat;
1612 2344 1667 2390 et
1714 2334 2058 2390 efﬂorescunt

488 2430 644 2484 factae
667 2432 839 2484 instar
874 2432 1100 2485 seminis
1130 2440 1183 2484 ct
1217 2439 1371 2486 terrze
1414 2427 1727 2501 pinguedini
1769 2425 2056 2496 implicatae

485 2534 540 2577 ct
571 2525 857 2578 immersae.
889 2524 954 2578 Et
981 2524 1302 2578 seminatum
1331 2524 1547 2593 quidem
1572 2536 1820 2593 granum,
1844 2518 2053 2573 nudum

488 2615 826 2680 seminatur;
856 2616 921 2669 ad
951 2616 1238 2684 imperium
1272 2631 1400 2670 vero
1425 2614 1519 2669 Dei
1544 2614 1807 2670 creatoris
1829 2612 2052 2675 ﬂorens,

490 2706 739 2760 indutum
769 2715 822 2760 et
850 2706 1145 2776 gloriosum
1172 2706 1432 2777 exsurgit,
1463 2721 1569 2760 non
1614 2714 1902 2775 antequam
1937 2715 2056 2755 mo-

488 2798 636 2851 riens
673 2798 1000 2853 dissolvatur
1034 2807 1089 2853 et
1133 2807 1287 2852 terrae
1324 2797 1762 2852 commisceatur.
1808 2794 1957 2849 Adeo
1998 2802 2056 2848 ut

490 2904 600 2943 non
623 2904 759 2943 vane
788 2890 1072 2944 credamus
1104 2889 1551 2943 resurrectionem
1582 2902 1891 2957 corporum.
1918 2884 2052 2939 Nam

490 2980 706 3034 etiamsi
736 2979 801 3033 ad
836 2987 1048 3049 tempus
1076 2982 1321 3035 solvatur
1342 2994 1559 3048 corpus,
1582 2985 1800 3047 propter
1822 2976 2051 3046 primam

490 3073 559 3127 ab
587 3072 739 3127 initio
770 3073 1257 3142 transgressionem
1292 3079 1685 3142 perpetratam;
1713 3078 1968 3138 tanquam
1998 3068 2052 3120 in

489 3166 805 3219 conllatorio
842 3175 998 3221 terra:
1034 3165 1338 3231 mandatur,
1381 3179 1598 3219 rursum
1639 3160 1929 3231 aliquando
1970 3174 2056 3213 re-
2082 3198 2126 3258 ο

486 3258 833 3314 formandum
860 3278 872 3313 :
902 3274 1010 3314 non
1043 3261 1148 3315 tale
1180 3258 1342 3329 quale
1381 3271 1546 3320 nunc,
1593 3259 2050 3314 resurrecturum,

487 3352 580 3405 sed
608 3364 803 3422 purum
844 3359 898 3405 et
940 3366 1047 3405 non
1091 3350 1324 3419 amplius
1352 3345 1687 3416 corruptioni
1731 3341 2049 3397 obnoxium.

484 3440 552 3496 Et
575 3444 796 3497 cuilibet
835 3442 1050 3512 corpori
1085 3458 1184 3496 sua
1214 3440 1429 3511 propria
1469 3439 1647 3493 anima
1679 3434 1965 3500 reddetur;
2000 3440 2056 3486 et

485 3531 580 3585 illo
620 3533 829 3599 induta,
877 3548 986 3587 non
1038 3547 1270 3587 mterore
1307 3537 1622 3592 mareescet,
1656 3526 1747 3579 sed
1792 3538 1915 3579 cum
1964 3521 2055 3574 illo

486 3623 771 3691 gaudebit,
828 3639 963 3691 pura
1012 3639 1207 3693 purum
1256 3622 1588 3676 inhabitans.
1642 3617 1743 3672 Cui
1800 3630 1947 3669 nunc
1998 3612 2055 3666 in

486 3712 690 3765 mundo
715 3711 859 3780 juste
889 3727 1073 3767 comes
1104 3710 1268 3778 facta,
1299 3719 1353 3765 et
1377 3726 1487 3763 non
1526 3708 1730 3761 habens
1763 3706 1817 3759 in
1848 3704 1957 3758 ulla
1992 3716 2053 3757 re

486 3803 638 3856 illum
677 3803 1077 3867 insidiatorem,
1110 3802 1214 3858 hoc
1238 3818 1428 3857 rursus
1463 3802 1694 3871 accipiet
1733 3813 1860 3854 cum
1901 3796 2049 3851 omni

485 3893 704 3963 gaudio.
722 3894 915 3963 lnjusti
934 3910 1059 3948 vero
1075 3910 1180 3949 non
1199 3894 1480 3949 immutata
1499 3900 1779 3948 assument
1799 3902 2049 3958 corpora.

484 4002 585 4040 nec
620 3987 842 4041 liberata
872 3987 1155 4043 aﬁ'ectibus
1191 3998 1245 4043 et
1287 3988 1512 4050 morbis,
1544 4001 1718 4055 neque
1758 3984 1849 4037 illa
1889 3979 2051 4051 glori-

2156 1956 2247 2014 οῦν
2294 1960 2385 2012 καὶ
2431 1958 2589 2028 σῶμα
2634 1954 2947 2011 ἀνίστασθαι
2998 1949 3460 2019 πεπιστεύκαμεν.
3506 1947 3569 1998 Et
3619 1946 3703 2013 γὰρ

2159 2052 2472 2123 φθείρεται,
2525 2049 2637 2103 ἀλλ’
2705 2048 2805 2101 οὐκ
2863 2045 3190 2099 ἀπόλλυταιο
3256 2041 3448 2094 τούτου
3499 2040 3608 2110 γάρ
3650 2038 3703 2089 si

2156 2141 2381 2211 λείψανα
2419 2136 2785 2207 ὑποδεχομένη
2817 2137 2849 2205 ἡ
2885 2135 2976 2204 γῆ,
3002 2136 3183 2203 τηρεῖ·
3222 2131 3314 2184 καὶ
3338 2130 3496 2197 δίκην
3530 2129 3699 2197 σπόρου

2155 2233 2418 2302 γενόμενα
2442 2270 2456 2292 ,
2499 2229 2592 2282 καὶ
2629 2227 2707 2298 τῷ
2748 2227 2851 2296 γῆς
2883 2225 3239 2296 λιπαρωτέρῳ
3286 2220 3699 2292 συμπλεκόμενα,

2155 2323 2325 2377 ἀνθεῖ.
2353 2322 2461 2375 Καὶ
2498 2320 2558 2373 τὸ
2590 2320 2687 2391 μὲν
2710 2319 2915 2390 σπαρὲν
2947 2318 3142 2380 κόκκος
3185 2315 3391 2385 γυμνὸς
3426 2312 3699 2383 σπείρεται,

2156 2415 2483 2485 κελεύσματι
2507 2412 2615 2483 (59)
2642 2412 2697 2464 δὲ
2716 2410 2808 2463 τοῦ
2837 2410 3334 2481 δημιουργήσαντος
3363 2406 3500 2459 Θεοῦ
3526 2404 3701 2457 θάλλων

2155 2506 2521 2577 ἠμφιεσμένος
2553 2504 2646 2558 καὶ
2694 2502 2900 2566 ἔνδοξος
2930 2501 3198 2571 ἐγείρεται
3218 2538 3232 2562 ,
3272 2498 3332 2550 ού
3365 2499 3639 2569 πρότερον,
3666 2495 3700 2544 εἰ

2159 2604 2234 2676 μὴ
2288 2600 2570 2658 ἀποθανὼν
2614 2598 2747 2670 λυθῇ
2799 2599 2891 2652 καὶ
2933 2597 3199 2667 συμμιγῇ.
3238 2594 3401 2645 Ὥστε
3456 2590 3555 2662 τὴν
3599 2589 3702 2642 ἀνά·

2158 2711 2346 2749 στασιν
2368 2692 2462 2746 τοῦ
2495 2690 2745 2762 σώματος
2773 2689 2832 2743 ού
2870 2688 3041 2759 μάτην
3074 2682 3542 2752 πεπιστεύκαμεν.

2157 2790 2204 2842 εἰ
2237 2788 2329 2841 κα)⁸
2359 2784 2540 2837 λύεται
2574 2782 2709 2855 πρὸς
2738 2780 2947 2852 καιρὸν,
2975 2778 3063 2831 διά
3089 2777 3187 2848 τὴν
3226 2777 3320 2829 ἀπ’
3354 2774 3529 2846 ἀρχὴς
3570 2786 3700 2839 γενο-

2161 2879 2327 2950 μένην
2355 2876 2656 2948 παρακοὴν,
2683 2874 2757 2936 ὡς
2785 2873 2865 2934 εἰς
2894 2869 3276 2941 χωνευτήριον,
3318 2868 3402 2928 εἰς
3432 2864 3537 2933 γῆν
3575 2860 3701 2914 καθί-

2158 2988 2368 3033 σταται,
2404 2968 2564 3021 πάλιν
2609 2962 3184 3035 άναπλασθησόμενον·
3228 2960 3288 3012 οὐ
3331 2956 3568 3010 τοιοῦτον
3608 2955 3702 3007 ἁνι-

2158 3062 2455 3132 στάμενον,
2501 3057 2637 3111 ἀλλά
2674 3055 2911 3126 καθαρὸν
2956 3055 3049 3108 καὶ
3110 3052 3304 3123 μηκέτι
3348 3049 3695 3119 φθειρόμενον.

2157 3152 2267 3205 Καὶ
2309 3150 2523 3220 ἑκάστῳ
2552 3146 2761 3219 σώματι
2796 3147 2828 3217 ἡ
2865 3144 2969 3198 ἰδία
2992 3141 3137 3212 ψυχὴ
3166 3140 3587 3209 ἀποδοθήσεται,
3624 3134 3701 3187 καὶ

2157 3244 2313 3299 τοῦτο
2355 3240 2759 3312 ὲπενδυσαμένη
2792 3238 2890 3291 οὐκ
2932 3234 3310 3306 ἁνιαθήσεται,
3351 3231 3488 3285 ἀλλά
3528 3244 3699 3297 cun:-

2163 3339 2387 3410 ρήσεται
2443 3332 2658 3405 καθαρὰ
2712 3328 2937 3401 καθαρῴ
2985 3325 3405 3398 παραμείνασαο
3444 3316 3489 3390 ᾧ
3544 3322 3595 3372 ὲν
3638 3316 3699 3385 τῷ

2159 3429 2348 3499 κόσμῳ
2375 3426 2468 3481 νῦν
2496 3426 2716 3487 δικαίως
2762 3419 3149 3483 συνοδεύσασα,
3193 3418 3285 3471 καὶ
3321 3416 3397 3487 μὴ
3446 3410 3698 3466 ἐπίϐουλον

2160 3521 2218 3571 ὲν
2246 3520 2409 3571 πᾶσιν
2437 3516 2663 3587 ἔχουσα,
2711 3511 2847 3585 μετά
2888 3511 3066 3580 πάσης
3113 3507 3483 3577 ἀγαλλιάσεως
3524 3502 3698 3570 ἀπολή-

2159 3610 2339 3680 ψεται.
2385 3610 2447 3661 Oi
2501 3608 2557 3661 δὲ
2605 3606 2776 3660 ἄδικοι
2829 3604 2928 3657 ούκ
2973 3600 3326 3654 άλλοιωθέντα
3380 3598 3446 3651 τὰ
3479 3595 3695 3665 σώματα,

2158 3700 2280 3754 οὐδὲ
2312 3698 2515 3761 πάθους
2544 3696 2577 3767 ἦ
2621 3694 2775 3747 νόσου
2813 3690 3169 3763 μεταστάντα,
3195 3689 3317 3742 οὐδὲ
3346 3686 3697 3752 ὲνδοξασθέντι

2158 3790 2543 3861 ἀπολήψονται,
2577 3787 2688 3853 ἀλλ’
2730 3787 2787 3839 ὲν
2818 3779 2898 3846 οἷς
2938 3783 3237 3853 νοσήμασιν
3269 3780 3584 3834 ἐτελεύτωνο
3623 3777 3699 3828 καὶ

2156 3885 2329 3938 ὁποῖοι
2363 3883 2421 3933 ὲν
2466 3880 2693 3950 ἀπιστία
2718 3875 3071 3947 γεγένηνται,
3101 3871 3331 3927 τοιοῦτοι
3376 3871 3575 3933 πιστῶς
3602 3884 3699 3938 19:-

2159 3976 2433 4047 θήσονται.

484 4080 640 4133 licata
674 4079 970 4148 accipient;
1015 4080 1109 4136 sed
1141 4081 1194 4135 in
1229 4080 1296 4135 iis
1343 4080 1542 4150 quibus
1596 4053 1855 4132 [inierunt
1887 4074 2052 4127 vitam
2106 4067 2311 4121 morbis
2340 4085 2352 4119 :
2379 4076 2431 4120 et
2460 4064 2647 4135 quales
2692 4062 2763 4133 lin
2817 4059 3191 4116 incredulitate
3257 4058 3539 4118 vixerunt,
3586 4053 3701 4106 tales

484 4181 628 4225 certe
653 4171 1063 4238 judicabuntur.

554 4262 641 4315 Ill.
677 4263 880 4317 Omnes
921 4265 1087 4328 enim,
1131 4264 1243 4318 sive
1266 4262 1423 4332 justi,
1459 4261 1570 4315 sive
1598 4259 1808 4328 iniusti,
1840 4258 2046 4311 duceni--

487 4362 573 4406 tur
599 4368 781 4406 coram
830 4353 938 4407 Deo
971 4352 1170 4407 Verbo.
1212 4352 1291 4406 llli
1336 4353 1480 4407 enim
1526 4350 1684 4405 Pater
1713 4366 1873 4404 omne
1903 4347 2051 4418 judi-

487 4446 632 4499 cium
676 4446 914 4500 dedit”.
954 4445 1019 4499 Et
1058 4447 1145 4500 ille
1181 4446 1512 4499 voluntatem
1556 4443 1736 4496 Patris
1783 4442 2049 4509 implens,

2228 4247 2435 4309 Πάντες
2476 4245 2607 4315 γάρ,
2648 4243 2847 4297 δίκαιοί
2890 4260 2948 4295 τε
2994 4241 3087 4294 καὶ
3124 4240 3316 4301 ἄδικοι,
3363 4237 3584 4291 ἐνώπιον
3623 4227 3701 4284 τοῦ

2155 4338 2288 4392 Θεοῦ
2335 4339 2504 4405 Λόγου
2552 4336 2897 4406 ἀχθήσονται.
2947 4334 3130 4404 Τούτῳ
3171 4333 3279 4403 γὰρ
3320 4332 3349 4383 ό
3394 4330 3579 4398 Πατὴρ
3619 4326 3703 4393 τὴν

2157 4429 2335 4500 κρίσιν
2369 4430 2546 4481 πᾶσαν
2573 4426 2789 4490 δέδωκε,
2820 4426 2910 4478 καὶ
2938 4425 3096 4488 αὐτὸς
3130 4424 3325 4496 βουλὴν
3354 4421 3561 4493 Πατρδς
3598 4421 3703 4469 €73-

480 4539 647 4608 jutlex
692 4539 974 4604 adveniet;
1024 4539 1131 4602 ille,
1169 4539 1413 4607 inquam,
1453 4553 1613 4606 quem
1648 4551 1746 4590 nos
1774 4535 2052 4589 Christum

2164 4521 2345 4584 τελῶν,
2394 4518 2585 4591 κριτὴς
2626 4518 3016 4588 παραγίνεται,
3070 4518 3128 4571 ὃν
3174 4516 3413 4588 Χριστὸν
3456 4526 3703 4585 προσαγο-

483 4645 762 4684 vocamus.
813 4628 999 4698 Neque
1052 4630 1195 4684 enim
1248 4628 1421 4684 Minos
1477 4640 1569 4682 aut
1609 4627 2053 4681 Rhadamanthus

484 4734 623 4787 quos
679 4734 771 4774 vos
817 4720 1039 4789 lingitis,
1085 4718 1278 4783 Graeci,
1328 4719 1542 4788 judices
1591 4726 1778 4781 erunt;
1821 4715 1916 4770 sed
1965 4714 2055 4768 ille

484 4826 644 4879 quem
680 4810 825 4865 Deus
854 4820 909 4865 et
929 4811 1089 4864 Pater
1121 4810 1460 4881 gloriﬁcavit,
1496 4810 1562 4865 de
1588 4825 1697 4879 quo
1735 4807 1862 4862 alibi
1887 4805 2055 4877 parti-

484 4900 707 4954 culatim
756 4901 1139 4967 disseruimus,
1192 4900 1245 4953 in
1283 4901 1512 4970 gratiam
1556 4914 1747 4954 eorum
1782 4898 1876 4967 qui
1914 4910 2057 4967 quaa-

555 5056 603 5088 ¹δ
640 5054 772 5110 Luc.
808 5070 919 5121 xvr,
952 5054 1043 5108 26.
1119 5055 1164 5086 ⁸⁸
1192 5053 1351 5109 Joan.
1391 5070 1445 5120 ν,
1474 5052 1566 5106 ‘22.

558 5192 690 5261 (δι’)
719 5190 771 5243 In
806 5190 994 5245 Graeco
1046 5190 1244 5261 χῶρον,
1280 5190 1560 5258 regionem.
1610 5188 1890 5257 lnterpret.
1927 5185 2056 5256 legit

485 5261 834 5339 ἀλλά-,καὶού
874 5261 1032 5313 τὸν...
1070 5261 1249 5339 χόρον.
1278 5261 1444 5339 Eutr.
1488 5262 1726 5313 PATROL.

560 5331 671 5397 (55)
722 5327 1219 5399 Μετενσωμάτῶν.
1278 5331 1470 5399 Rejieit
1515 5340 1704 5383 auctor
1745 5329 1939 5396 dogma
1986 5327 2057 5381 de

488 5401 966 5524 Fetempsychosi,
1016 5417 1046 5454 a
1096 5400 1318 5455 Platone
1369 5402 1596 5471 aliisque
1632 5410 2048 5470 propugnatum.

533 5487 704 5524 ABRIC.
798 5503 809 5514 ς

533 5487 704 5526 ABRIC.
798 5503 809 5514 α

560 5542 671 5608 (56)
717 5539 1013 5608 Ὁρῶν-τες,
1042 5542 1094 5594 εὶ
1122 5540 1443 5593 ἀπιστεῖτε.
1480 5539 1571 5595 Sic
1603 5541 1780 5593 locum
1812 5538 2051 5592 restitui-

489 5626 702 5681 musqex
737 5610 1042 5664 Parallelis.
1080 5612 1204 5681 Alii,
1236 5609 1469 5681 ὁρῶντες
1502 5611 1800 5681 ἀπιστεῖτε.

560 5678 870 5749 (57)-Κατὰ
909 5681 1016 5733 τὸν
1056 5677 1372 5746 Πλάτωνος
1410 5682 1612 5749 λόγον.
1653 5680 1806 5733 Plato
1852 5679 1904 5731 in
1957 5677 2049 5731 Ti-
2143 5694 2276 5749 μεν.

490 5744 638 5803 narro.
676 5744 900 5802 FABBlC.

563 5820 673 5892 (53)
712 5820 1073 5875 Σύνθετον...
1106 5820 1315 5875 ποιεῖν.
1352 5819 1508 5876 Deest
1555 5820 1802 5874 σύνθετον
1843 5820 1895 5874 in
1940 5818 2047 5871 Pa-

2160 4614 2406 4686 ρεύομεν.
2452 4613 2584 4666 Οὐδὲ
2626 4612 2735 4682 γὰρ
2775 4613 2959 4674 Μίνως
3000 4612 3090 4665 καὶ
3132 4608 3505 4680 Ῥαδάμανθυς
3535 4603 3705 4676 κριταὶ

2154 4706 2204 4757 oi
2240 4704 2359 4757 καθ’
2394 4706 2556 4774 ὑμᾶς,
2589 4704 2844 4775 Ἕλληνες
2876 4703 3014 4773 (60)’
3037 4702 3149 4755 ἀλλ’
3181 4702 3240 4755 ὃν
3268 4704 3296 4755 ό
3329 4702 3464 4765 Θεὸς
3487 4700 3575 4752 καὶ
3609 4699 3705 4750 Πα-

2154 4796 2257 4868 τὴρ
2300 4795 2538 4861 ὲδόξασε,
2589 4798 2716 4868 περὶ
2764 4790 2824 4851 οῦ
2872 4798 2930 4851 ὲν
2980 4796 3185 4868 ἑτέροις
3225 4794 3705 4866 λεπτομερέστερον
3759 4834 3767 4840 .

2154 4886 2544 4960 διεληλύθαμεν
2575 4888 2685 4959 (61)
2718 4888 2852 4960 πρὸς
2879 4890 3002 4953 τοὺς
3032 4886 3424 4954 ἐπιζητοῦντας
3454 4886 3546 4956 τὴν
3586 4883 3705 4953 άλήο

2156 5185 2332 5240 ταιιει.
2385 5186 2561 5257 Atque
2610 5183 2700 5238 hic
2769 5181 2976 5257 desinit
3027 5182 3386 5257 fragmentum
3457 5185 3703 5257 primum.

2153 5257 2343 5311 Exstat
2373 5254 2551 5311 autem
2581 5254 2878 5310 secundum
2915 5270 3036 5325 pag.
3065 5254 3185 5317 755,
3215 5257 3501 5325 incipitque
3530 5256 3599 5308 alt
3630 5255 3706 5307 his

2155 5327 2352 5392 verbis,
2390 5327 2592 5388 πάντες
2615 5325 2744 5395 γάρ,
2772 5338 2891 5395 cap.
2927 5325 2981 5377 5.

2225 5398 2338 5466 (59)
2377 5393 2768 5466 Κελεύσματί,
2801 5393 2925 5466 Ms.,
2954 5393 3273 5465 κελεύσιμόν
3294 5413 3365 5448 τι.
3390 5394 3668 5448 Hmscnu.

2225 5401 2338 5534 (59)
2377 5401 2768 5472 Κελεύσματε,
2801 5401 2925 5457 Ms.,
2954 5401 3273 5465 κελεῠσιμὸν
3294 5413 3365 5448 τι.
3390 5401 3668 5448 Hmscnu.

2223 5467 2313 5532 (60
2389 5470 2451 5520 οι
2478 5466 2604 5519 καθ’
2638 5468 2823 5533 ὑμᾶς,
2875 5465 3184 5532 Ἕλληνες.
3237 5466 3388 5519 Plato
3420 5466 3469 5518 in
3516 5464 3707 5532 Gorgia

2151 5539 2254 5592 sub
2288 5539 2381 5589 lin.
2409 5546 2464 5590 et
2495 5537 2546 5589 in
2578 5534 2834 5589 Axiocho.
2878 5534 3095 5589 FABRIC.

2222 5606 2333 5675 (61)
2384 5607 2481 5659 Ἐν
2523 5603 2744 5672 ἑτέροις
2780 5603 3323 5673 λεπτομερέστερον
3363 5602 3707 5675 διελῃιιύθαη

2350 5685 2561 5730 ortasse
2596 5671 2650 5727 in
2686 5675 2753 5729 iis
2779 5690 2899 5743 qum
2923 5671 3410 5744 (superant’contra
3458 5671 3705 5732 Noemm,

2154 5743 2244 5803 ubi
2272 5746 2551 5802 fusissime
2574 5752 2626 5801 et
2652 5745 2928 5801 enucleate
2962 5743 3024 5798 de
3050 5743 3156 5799 Deo
3191 5744 3372 5799 Verbo.
