3836 6528
182 391 274 447 801
1298 385 1498 441 LIBER
1537 383 1906 442 ADVERSUS
1942 384 2260 444 GRAECOS.

3309 398 3413 452 ϐοὶ

182 514 236 566 θε
247 531 346 567 ιαν.
364 505 530 576 Οὗτος
544 511 643 582 τὴν
657 511 870 583 Πατρδς
895 511 976 569 εἲς
1001 509 1207 573 πάντας
1220 509 1612 581 δικαιοκρισίαν
1628 506 1737 580 (62)

1844 515 1972 562 runt
1999 508 2304 564 veritatem.
2339 509 2431 564 llle
2471 509 2814 580 ipsejustum
2843 509 3109 581 judicium
3154 511 3330 569 Patris
3360 516 3414 570 in

179 605 515 674 ποιούμενος,
558 603 772 674 ἑκάστῳ
807 600 948 654 κατὰ
985 600 1054 654 τά
1087 600 1224 674 ἔργα
1261 600 1637 674 παρεσκεύασε
1679 599 1740 652 τὸ

175 696 398 750 δίκαιον.
434 691 506 749 Οὖ
537 697 602 766 τῇ
643 694 820 765 κρίσει
858 693 1232 764 παραστάντες
1263 693 1495 757 πάντες,
1531 691 1739 764 ἄνθρω-

176 787 267 839 ποί
301 805 359 838 τε
397 786 491 840 καὶ
522 785 761 854 ἄγγελοι,
801 783 895 837 καὶ
925 783 1175 854 δαίμονες
1211 782 1340 854 μίαν
1380 781 1744 850 ἀποφθέγξον-

175 897 261 932 ται
291 877 492 948 φωνὴν,
518 876 689 939 οὓτως
710 875 984 944 λέγοντες·
1026 894 1044 926 ι
1081 875 1274 928 Δικαία
1301 889 1392 927 σου
1427 876 1460 944 ἡ
1494 873 1690 944 κρίσις.
1716 891 1734 924 ι

172 961 280 1030 Ἷῐς
305 967 486 1037 φωνῆς
517 965 578 1018 τὸ
604 966 950 1036 ἀνταπόδομα
982 965 1069 1018 ἐπ’
1104 965 1430 1038 ἀμφοτέροις
1461 965 1654 1034 ἐπάγει
1680 963 1741 1017 τὸ

171 1056 405 1109 δίκαιον·
457 1057 566 1118 τοῖς
617 1055 715 1125 μὲν
761 1050 818 1108 εὖ
858 1054 1118 1127 πράξασι,
1167 1055 1390 1119 δικαίως
1432 1054 1530 1126 τὴν
1573 1055 1740 1108 ἀΐδιον

172 1148 468 1200 ἀπόλαυσιν
508 1147 879 1219 παρασχόντος
901 1188 916 1214 ,
975 1150 1086 1210 τοῖς
1129 1147 1185 1199 δὲ
1218 1146 1327 1200 τῶν
1359 1147 1577 1216 φαύλων
1615 1148 1742 1219 ὲρα-

173 1242 322 1302 σταῖς
347 1239 446 1310 τὴν
473 1239 687 1293 αἰώνιον
720 1239 938 1292 κόλασιν
964 1238 1372 1310 ἀπονείμαντος.
1405 1240 1514 1293 Καὶ
1533 1240 1742 1304 τούτοις

173 1329 266 1397 μὲν
293 1329 355 1381 τὸ
386 1329 494 1399 πῦρ
522 1328 780 1381 ἄσϐεστον
809 1328 1050 1399 διαμένει
1075 1329 1167 1382 καὶ¹
1190 1329 1565 1401 ἀτελεύτητον,
1602 1329 1741 1383 σκώ-

170 1419 265 1487 ληξ
297 1419 356 1471 δέ
387 1437 472 1482 τις
517 1418 780 1490 ἔμπυρος,
819 1420 892 1491 μὴ
930 1420 1214 1485 τελευτῶν,
1258 1421 1392 1492 μηδὲ
1437 1422 1598 1492 σῶμα
1635 1422 1742 1477 δια-

170 1512 426 1583 φθείρων,
463 1511 724 1582 ἀπαύστῳ
755 1512 798 1565 δ’
832 1512 991 1586 ὀδύνῃ
1036 1514 1100 1565 ὲκ
1130 1511 1379 1584 σώματος
1421 1515 1740 1588 ἐκϐράσσων

171 1603 495 1672 παραμένει.
542 1603 776 1665 Τούτους
813 1603 912 1672 οὐχ
957 1601 1124 1666 ’ύπνος
1171 1603 1496 1669 ἀναπαύσει,
1539 1605 1601 1658 ού
1647 1603 1742 1670 νὺξ

169 1695 567 1766 παρηγορήσει,
611 1694 670 1746 ού
725 1693 952 1758 Θάνατος
988 1695 1087 1766 τῆς
1127 1695 1399 1760 κολάσεως
1449 1695 1738 1759 ἀπολύσει,

167 1789 221 1840 ού
255 1787 604 1859 παράκλησις
638 1787 914 1856 συγγενῶν
949 1788 1378 1857 μεσιτευσάντων
1417 1788 1618 1860 ὀνήσει.
1663 1789 1736 1842 Uti

1844 615 2036 654 omnes
2064 616 2346 668 exercens,
2379 603 2527 674 quod
2553 619 2768 673 aequum
2799 613 2854 658 et
2877 603 3083 674 justum
3129 605 3251 673 erit,
3290 607 3417 660 uni-

1843 693 2038 763 cuique
2085 695 2389 750 seeundum
2434 712 2598 766 opera
2631 697 2972 765 praeparavit.
3003 695 3173 767 Cujus
3208 699 3415 768 judicio

1843 795 2084 842 aStantes
2123 803 2334 852 omnes,
2371 787 2642 851 homines,
2678 789 2876 858 angeli,
2911 787 3207 854 diemones,
3247 806 3413 843 unam

1843 878 1983 932 hanc
2008 893 2194 933 vocem
2229 882 2496 944 emittent,
2529 881 2610 936 sic
2638 881 2880 935 dicentes
2913 900 2926 934 ε
2967 899 2986 932 ι
3019 879 3234 936 Justum
3271 881 3417 951 judi-

1841 967 1986 1021 cium
2019 977 2171 1023 tuum
2199 971 2281 1026 "..
2307 989 2325 1022 ι
2361 969 2532 1040 Cujus
2567 971 2719 1028 vocis
2751 972 2980 1042 aequitas
3005 983 3227 1042 apparet
3257 975 3308 1028 in
3336 989 3416 1029 re-

1845 1059 2138 1116 tributione
2165 1061 2220 1115 in
2259 1071 2517 1132 utrosque
2545 1081 2559 1117 :
2587 1079 2710 1118 cum
2748 1064 2884 1119 bene
2921 1065 3242 1119 facientibus
3264 1066 3413 1132 juste

1843 1151 2030 1208 fruitio
2075 1162 2276 1210 aeterna
2326 1155 2661 1224 praebeatur,
2707 1157 2972 1210 malorum
3020 1173 3148 1212 vero
3203 1157 3412 1226 cupidis

1841 1258 2105 1302 teternum
2147 1247 2473 1318 supplicium
2519 1248 2900 1302 distribuatur.
2960 1247 3026 1301 Et
3077 1249 3177 1303 hos
3229 1257 3414 1304 manet

1843 1338 1983 1410 ignis
2016 1340 2497 1412 inexstinguibilis,
2529 1349 2583 1396 et
2643 1343 2736 1412 qui
2773 1357 3050 1412 nunquam
3090 1343 3332 1408 finietur,
3359 1352 3414 1398 et

1842 1431 2044 1486 vermis
2089 1431 2280 1500 igneus
2320 1449 2427 1488 non
2475 1434 2734 1498 moriens,
2775 1449 2882 1487 non
2927 1449 3127 1504 corpus
3157 1450 3410 1489 corrum-

1841 1541 1995 1594 pens,
2046 1527 2139 1582 sed
2173 1527 2500 1598 irrrequieto
2545 1528 2733 1583 dolore
2774 1543 2841 1582 ex
2896 1543 3126 1597 corpore
3159 1527 3414 1583 efferves-

1841 1633 1970 1672 cens
1996 1625 2050 1672 et
2077 1617 2362 1672 ebulliens.
2398 1616 2509 1672 lllis
2543 1633 2653 1672 non
2698 1631 2926 1673 somnus
2958 1618 3321 1672 cessationem
3357 1626 3412 1672 et

1841 1707 2080 1777 quietem
2132 1710 2479 1778 conciliabit;
2539 1726 2648 1765 non
2701 1725 2808 1764 nox
2856 1710 3021 1764 leniet
3062 1719 3114 1765 et
3151 1711 3410 1765 mulcebit

1843 1797 2089 1858 dolores;
2126 1815 2237 1853 non
2285 1816 2436 1856 mors
2483 1801 2747 1870 supplicia
2799 1799 3005 1862 solvet;
3049 1815 3157 1854 non
3199 1799 3410 1870 juvabit

165 1882 268 1953 γαρ
301 1853 385 1935 ἔτι
417 1853 611 1935 δίκαιοι
645 1853 736 1935 im"
756 1853 962 1935 αὐτῶν-
978 1881 1228 1952 ὁρῶνται,
1259 1881 1378 1934 οὐδὲ
1412 1853 1630 1953 μνημης
1654 1881 1737 1950 γί-

1844 1889 2156 1944 exhortatio
2197 1891 2436 1946 affinium
2485 1892 2931 1948 intercessorum.
2962 1890 3097 1946 Nam
3127 1891 3260 1961 justi
3300 1906 3409 1945 non

165 1987 339 2023 νονται
377 1968 536 2034 ἄξιοι.
578 1971 746 2025 Μόνοι
775 1971 833 2023 δὲ
868 1973 915 2024 οἱ
947 1970 1144 2024 δίκαιοι
1177 1971 1400 2024 δικαίων
1438 1972 1742 2042 μεμνήσον-

163 2081 245 2116 ται
267 2052 478 2134 ἔργων,
513 2062 580 2116 δι’
612 2057 688 2117 ὧν
721 2063 814 2115 ἐπὶ
843 2063 939 2136 τὴν
968 2061 1215 2134 οὐράνιον
1243 2062 1518 2134 βασιλείαν
1543 2064 1741 2134 κατήν-

164 2173 330 2226 τησαν
353 2171 368 2184 ·
407 2157 464 2208 ὲν
552 2155 649 2226 οὐχ
671 2154 858 2219 ὕπνος,
887 2157 948 2208 ού
980 2154 1146 2226 λύπη,
1177 2155 1238 2207 ού
1262 2154 1456 2227 φθορὰ,
1489 2155 1548 2208 ού
1577 2173 1741 2227 φρον-

162 2249 239 2310 τὶς
271 2246 428 2319 (65),
464 2248 586 2301 οὐδὲ
617 2247 748 2314 νὺξ,
792 2248 910 2301 οὐδὲ
940 2249 1120 2320 ἡμέρα
1161 2248 1337 2320 χρόνῳ
1380 2249 1740 2320 μετρουμένη,

162 2339 254 2408 ούχ
279 2339 435 2408 ἥλιος
489 2340 702 2412 ἀνάγκῃ
741 2338 936 2393 κύκλον
979 2337 1209 2409 οὐρανοῦ
1237 2339 1420 2410 δρόμῳ
1451 2338 1743 2410 ἐλαυνόμε-

164 2446 268 2492 νος,
298 2429 461 2499 ὡρῶν
509 2429 681 2500 μέτρα
716 2428 748 2500 ἦ
794 2429 994 2501 κέντρα
1030 2426 1166 2500 πρὸς
1193 2426 1496 2497 εὔγνωστον
1534 2427 1744 2501 ἀνθρώ-

165 2537 276 2571 πων
331 2520 449 2590 βίον
495 2521 930 2594 διαμετρούμενα
975 2519 1397 2594 ὼροθετοῦντος·
1448 2523 1509 2575 ού
1545 2520 1739 2592 σελήνη

162 2613 423 2682 φθίνουσα
462 2613 495 2684 ἦ
525 2613 789 2678 αὔξουσα,
844 2613 878 2685 ἦ
916 2613 1123 2686 τροπάς
1155 2613 1364 2685 καιρῶν
1414 2613 1691 2683 ἐπάγουσα
1722 2631 1737 2644 ·

161 2705 253 2772 ούχ
283 2704 617 2775 ὑγραίνουσα
642 2704 778 2774 γῆν]
827 2703 948 2757 οὐδὲ
967 2703 1118 2774 ἣλιος
1149 2703 1434 2765 ἐπικαίων,
1469 2703 1566 2758 οὐκ
1605 2703 1740 2775 ’Δρ-

161 2814 283 2860 κτος
307 2796 674 2868 στρεφομένη,
691 2798 791 2850 ούκ
807 2797 1000 2870 Ὠρίων
1018 2793 1372 2867 γεννώμενος,
1400 2795 1498 2849 οὐκ
1526 2795 1741 2868 ἄστρων

161 2886 330 2957 πλάνη
372 2886 684 2958 ὲνάριθμος,
725 2887 785 2940 ού
823 2885 1086 2950 δύσϐατος
1112 2886 1184 2958 γῆ
1207 2927 1221 2951 ,
1255 2886 1375 2940 οὐδὲ
1415 2887 1740 2959 δυσεύρετος

165 2977 494 3046 παραδείσου
520 2975 677 3047 αὐλὴ,
704 2977 824 3030 οὐδὲ
843 2976 1014 3030 δεινὸν
1046 2975 1319 3046 θαλάσσης
1347 2976 1610 3048 φρύαγμα
1638 2992 1740 3028 κω-

160 3067 282 3121 λύον
312 3067 582 3122 ἐπιϐάντα
612 3073 798 3124 πατεῖν
818 3087 831 3100 ·
865 3068 1091 3134 εύὸατος
1123 3069 1178 3123 δὲ
1209 3069 1301 3124 καὶ
1350 3068 1489 3140 αὕτη
1521 3071 1631 3132 τοῖς
1662 3067 1738 3120 δι-

162 3163 336 3224 καίοις
367 3163 656 3234 γενήσεται
689 3203 704 3228 ,
737 3161 861 3216 οὔτε
886 3162 978 3217 τοῦ
1014 3162 1181 3234 ύγροῦ
1218 3161 1552 3233 στερουμένη
1574 3178 1589 3192 ο
1631 3161 1733 3215 οὐκ
1764 3195 1808 3255 C

157 3254 382 3325 οὐρανὸς
409 3254 662 3325 ἀοίκητος
687 3252 1020 3326 ἀνθρώποις,
1044 3254 1162 3307 οὐδὲ
1189 3252 1376 3306 τούτου
1401 3253 1498 3324 τῆς
1528 3250 1732 3306 ἀναϐά-

161 3362 294 3408 σεως
326 3347 358 3415 ἡ
393 3344 510 3407 ὁῶς
541 3343 824 3416 ἀνεύρετος
844 3361 856 3374 °
889 3345 947 3397 ού
979 3344 1052 3414 γῆ
1085 3344 1450 3416 ἀνέργαστος,
1484 3342 1604 3396 οὐδὲ
1637 3342 1732 3395 ἀν-

157 3436 396 3506 θρώποις
447 3436 731 3500 ἐπίπονος,
790 3437 1068 3508 αὐτομάτη
1114 3437 1172 3489 δὲ
1225 3435 1431 3504 φύουσα
1489 3434 1733 3504 καρποὺς

156 3527 291 3598 ﬁgo;
334 3527 657 3597 εὐκοσμίαν·
709 3528 770 3579 ού
828 3527 1030 3598 θηρίων
1075 3526 1318 3596 γενέσεις
1371 3526 1566 3589 πάλιν,
1611 3526 1731 3579 οὐδὲ

154 3616 262 3669 τῶν
309 3615 514 3668 λοιπῶν
562 3615 712 3679 ζώων
752 3616 1161 3688 ὲκὸρασσομὲνη
1207 3615 1384 3670 ούσία.
1444 3615 1576 3669 Οὐδὲ
1621 3614 1731 3687 γάρ

155 3707 466 3780 ἀνθρώποις
517 3708 677 3760 πάλιν
727 3708 890 3778 γεννᾷ
923 3705 1064 3777 (64)·
1110 3704 1226 3759 ἀλλ’
1270 3707 1298 3759 ὁ
1349 3703 1458 3757 τῶν
1507 3704 1731 3757 δικαίων

155 3798 390 3869 ἀριθμὸς
422 3797 666 3868 διαμένει
700 3797 1046 3860 ἀνέκλειπτος
1071 3797 1187 3867 ἅμα
1217 3796 1445 3859 δικαίοις
1480 3795 1734 3865 ἀγγέλοις

157 3891 250 3943 καὶ
283 3889 582 3960 πνεύμασι.
620 3890 840 3952 Τούτοις
872 3891 921 3942 οἱ
952 3889 1264 3952 πεισθέντες
1293 3891 1404 3952 τοῖς
1433 3888 1611 3958 λόγοις
1643 3887 1735 3941 ἄν·

155 3982 389 4054 θρωποι,
441 3983 629 4036 ἔσεσθε
673 3983 900 4036 καὶτῶν
933 3981 1155 4035 δικαίων
1185 3981 1450 4044 κοινωνοὶ,
1489 3983 1581 4035 καὶ
1628 3981 1735 4034 τῶν

160 4075 463 4144 μελλόντων
484 4073 794 4138 ἐντεύξεσθε
829 4073 1068 4142 ἀγαθῶν,
1099 4072 1135 4126 ἂ
1165 4091 1183 4124 ι
1207 4071 1329 4125 οὕτε
1367 4071 1641 4143 ὀφθαλμὸς
1661 4067 1739 4124 εἷ-

155 4166 265 4232 δεν,
299 4166 424 4220 οὔτε
459 4163 551 4230 οὖς
590 4168 841 4238 ἤκουσεν,
888 4165 1010 4219 οὔτε
1041 4165 1134 4218 ἐπὶ
1181 4165 1405 4236 καρδίαν
1445 4163 1735 4237 ἀνθρώπου

155 4261 346 4329 ἀνέἥη,
382 4260 483 4312 ὅσα
528 4261 556 4312 ὁ
587 4259 719 4322 Θεὸς
748 4259 1008 4330 ἡτοίμασε
1035 4259 1147 4321 τοῖς
1186 4257 1470 4326 ἀγαπῶσιν
1500 4256 1680 4309 αὐτόν.
1711 4275 1729 4307 ι

153 4351 316 4421 Αὐτῷ
363 4353 396 4423 ἡ
443 4350 570 4417 δόξα
611 4352 703 4404 καὶ
745 4351 808 4403 τὸ
845 4351 1042 4422 κράτος
1085 4351 1164 4433 εἰς
1216 4349 1341 4412 τοὺς
1380 4348 1580 4412 αἰῶνας
1627 4349 1735 4401 τῶν

155 4443 386 4496 αἰώνων.
441 4444 632 4514 Ἀμήν.

1843 1978 2076 2048 amplius
2103 1978 2172 2033 ab
2204 1979 2311 2034 illis
2339 1979 2682 2044 videbuntur,
2710 1995 2810 2034 nec
2838 1979 2948 2033 ulla
2981 1987 3108 2034 sunt
3148 1976 3412 2032 memoria

1841 2067 2010 2138 digni.
2045 2066 2151 2122 Sed
2180 2069 2324 2123 enim
2355 2068 2489 2139 justi
2540 2084 2764 2139 operum
2794 2069 3068 2137 justorum
3101 2076 3260 2122 erunt
3293 2082 3412 2123 me-

1841 2173 2043 2222 mores,
2076 2173 2171 2228 per
2205 2174 2327 2228 quze
2364 2167 2724 2228 pervenerunt
2755 2160 2821 2213 ad
2856 2174 3080 2227 regnum
3131 2158 3353 2213 caeleste
3393 2175 3409 2212 :

1841 2248 1895 2303 in
1929 2263 2039 2317 quo
2070 2264 2172 2303 nec
2204 2264 2452 2315 somnus,
2494 2264 2593 2305 nec
2635 2249 2812 2312 dolor,
2847 2263 2948 2302 nec
2976 2247 3277 2317 corruptio,
3310 2263 3411 2303 nec

1841 2339 2179 2405 sollicitudo,
2222 2355 2321 2394 nec
2369 2355 2475 2394 nox
2495 2341 2537 2371 "
2558 2381 2574 2406 ,
2611 2355 2712 2395 nec
2745 2339 2863 2394 dies
2894 2347 3134 2409 tempore
3183 2355 3409 2394 mensu-

1840 2439 1991 2496 rata,
2030 2445 2129 2485 nec
2182 2432 2266 2486 sol
2313 2430 2647 2486 necessitate
2704 2430 2941 2500 quadam
2995 2445 3093 2499 per
3143 2429 3412 2484 circulum

1841 2521 1968 2576 εαξη
2012 2529 2236 2576 cursum
2285 2536 2447 2575 suum
2492 2520 2704 2591 agitans
2747 2527 2802 2574 et
2837 2519 3140 2588 impellens,
3187 2520 3240 2572 in
3277 2519 3410 2574 hora

1841 2611 2005 2666 natali
2032 2612 2269 2667 notantis
2290 2620 2344 2666 et
2362 2611 2700 2682 disponentis
2723 2612 3076 2666 termiuorum
3102 2624 3412 2676 mensuras,

1840 2709 1895 2754 et
1945 2701 2195 2756 cardines
2235 2709 2708 2756 commensuratos
2753 2701 2821 2755 ad
2864 2699 3025 2755 facile
3071 2714 3413 2770 cognoscen-

1840 2790 1967 2845 dam
2017 2792 2300 2847 hominum
2348 2793 2555 2861 vitam;
2591 2809 2700 2847 non
2741 2792 2885 2847 tunc
2925 2792 3192 2847 decursus
3232 2799 3286 2846 et
3329 2792 3414 2846 in-

1841 2894 2202 2950 crementum,
2232 2900 2354 2954 quae
2395 2893 2700 2955 temporum
2741 2883 3071 2940 mutationes
3103 2883 3331 2948 inducit,
3358 2892 3418 2939 et

1841 2985 2046 3031 terram
2084 2976 2358 3032 madidam
2386 2977 2590 3045 reddit,
2620 2991 2728 3031 non
2761 2977 2842 3032 sol
2876 2977 3096 3041 ardens,
3131 2992 3237 3030 non
3271 2975 3410 3032 Ursa

1839 3069 2137 3133 versatilis,
2185 3085 2295 3123 non
2327 3066 2546 3123 Orionis
2577 3080 2750 3131 ortus,
2793 3084 2900 3122 non
2935 3077 3208 3122 astrorum
3255 3083 3410 3122 erro-

1844 3175 1932 3215 res
1965 3159 2257 3227 innumeri,
2295 3176 2402 3216 non
2435 3160 2581 3215 invia
2613 3168 2779 3225 terra,
2818 3176 2926 3214 non
2971 3160 3190 3213 inventu
3221 3159 3409 3214 difﬁci-

1839 3250 1906 3304 lis
1926 3251 2166 3320 paradisi
2199 3251 2344 3317 aula,
2375 3266 2483 3306 non
2512 3250 2778 3305 molestus
2809 3249 2976 3304 maris
3011 3249 3262 3303 fremitus
3305 3250 3410 3304 im-

1838 3343 2062 3412 pediens
2082 3342 2377 3411 quominus
2399 3358 2429 3396 a
2460 3350 2674 3397 vectore
2695 3341 2922 3412 pedibus
2951 3341 3215 3405 calcetur;
3241 3340 3409 3408 justis

1837 3433 1982 3488 enim
2025 3435 2130 3489 erit
2161 3442 2213 3489 et
2249 3435 2425 3503 ipsum
2471 3435 2742 3504 pervium,
2774 3433 2988 3488 etiamsi
3031 3433 3255 3484 humido
3297 3448 3405 3485 non

1836 3527 2097 3596 privetur.
2141 3525 2350 3581 Caelum
2387 3541 2494 3580 non
2545 3526 2648 3581 erit
2679 3525 3019 3580 inaccessum
3064 3523 3410 3589 hominibus;

1835 3627 1888 3672 et
1918 3617 2000 3672 via
2035 3632 2143 3688 qua
2181 3616 2403 3672 ascendi
2441 3626 2494 3672 et
2523 3617 2709 3672 scandi
2741 3616 2930 3686 possit,
2979 3631 3087 3669 non
3149 3615 3272 3670 talis
3306 3615 3410 3668 erit

1833 3724 1955 3779 qua:
1987 3725 2094 3764 non
2118 3711 2293 3779 possit
2322 3709 2575 3765 inveniri.
2601 3707 2719 3762 Non
2743 3720 2888 3763 terra
2917 3707 3069 3763 rudis
3093 3718 3148 3762 et
3177 3705 3408 3772 inculta,

1834 3809 1890 3854 et
1935 3800 2247 3856 hominibus
2291 3801 2531 3855 laborem
2583 3809 2637 3855 et
2681 3799 2985 3854 molestiam
3039 3815 3267 3865 creans,
3311 3799 3406 3852 sed

1836 3901 2028 3962 sponte
2056 3891 2268 3948 fructus
2294 3892 2710 3963 progerminans
2735 3892 2801 3945 ad
2827 3891 3032 3946 cultum
3059 3899 3112 3946 et
3129 3900 3406 3944 ornatum.

1838 3981 1958 4038 Non
1999 3985 2205 4040 iterata:
2253 3984 2492 4038 ferarum
2523 3984 2923 4055 generationes,
2968 3998 3141 4051 neque
3173 3983 3406 4035 aliorum

1837 4077 2155 4130 animalium
2181 4076 2548 4132 effervescens
2576 4084 2630 4130 et
2657 4075 2922 4130 ebulliens
2953 4073 3276 4128 substantia.
3303 4072 3408 4126 Nc-

1838 4183 1944 4237 que
1973 4168 2118 4222 enim
2158 4168 2409 4222 homines
2452 4178 2580 4222 tunc
2621 4183 2815 4222 rursus
2847 4175 3128 4236 generant,
3160 4165 3255 4220 sed
3292 4180 3408 4217 ma-

1838 4267 1933 4312 net
1961 4258 2328 4314 indesinenter
2357 4275 2619 4314 numerus
2645 4259 2942 4329 justorum,
2974 4273 3097 4312 cum
3124 4256 3290 4327 justis
3317 4274 3411 4310 an-

1839 4349 1974 4418 gelis
2006 4359 2057 4406 et
2088 4352 2392 4420 spiritibus.
2429 4351 2524 4408 llis
2557 4353 2739 4408 verbis
2783 4353 3174 4422 obtemperate,
3217 4360 3273 4406 et
3314 4351 3408 4404 illa

1766 4431 1810 4484 D
1839 4441 2142 4507 credentes,
2178 4457 2211 4497 ο
2238 4443 2508 4510 homines,
2539 4444 2690 4498 eritis
2724 4443 3001 4514 justorum
3035 4452 3336 4508 consortes,
3355 4451 3408 4496 et

153 4540 469 4594 futurorum
511 4539 780 4594 bonorum
811 4536 1091 4607 potiemini
1137 4551 1258 4605 quae
1309 4554 1328 4586 ι
1375 4550 1548 4605 neque
1592 4535 1728 4590 vidit
1766 4537 1979 4604 oculus,
2043 4555 2213 4608 neque
2265 4540 2415 4596 auris
2453 4541 2680 4608 audivit,
2720 4555 2897 4610 neque
2931 4539 3291 4596 ascenderunt
3350 4540 3405 4593 in

142 4643 245 4684 cor
281 4636 540 4698 hominis,
572 4650 694 4706 qua:
726 4634 868 4689 Deus
896 4633 1221 4704 praeparavit
1260 4631 1327 4685 iis
1365 4631 1457 4701 qui
1505 4629 1742 4700 diligunt
1780 4632 1932 4688 illum
1957 4634 2022 4688 ’⁸.
2057 4654 2074 4686 ι
2109 4635 2191 4689 llli
2220 4637 2296 4690 sit
2322 4637 2496 4708 gloria
2554 4646 2609 4693 et
2657 4636 2896 4707 potentia
2925 4635 2978 4689 in
3015 4635 3214 4691 saecula
3242 4650 3410 4689 saecu-

155 4728 359 4784 lorum.
378 4729 575 4784 Amen.

232 4883 278 4916 ⁸⁸⁵
301 4882 443 4939 Psal.
489 4900 682 4950 cxvm,
718 4882 838 4939 l37.
913 4881 958 4914 ³⁷
990 4883 1159 4952 Apoc.
1193 4895 1329 4948 χιιι,
1357 4879 1409 4935 5.

239 5026 346 5095 (69..)
385 5024 848 5095 Δικαιοκρισίαχ.
881 5017 1381 5095 Ραναίιειηδικαίαν
1420 5017 1620 5095 κρίσιν.

235 5087 343 5167 (65)
385 5101 469 5152 Οὺ
488 5087 754 5167 φροῦτίς.
784 5093 883 5150 Hic
911 5093 1110 5150 desinit
1149 5087 1734 5147 secundum'Paralle-

153 5170 334 5222 lorum
365 5168 755 5237 fragmentum.

1488 4879 1580 4932 ³⁸1
1609 4879 1736 4935 Cor.
1765 4896 1800 4936 ιι
1823 4923 1838 4948 ,
1867 4882 1922 4937 9.

1914 5024 2024 5114 (δέ)
2081 5025 2452 5114 ,Ἀτθρὼπρις
2498 5024 2686 5114 ξείνης
2733 5025 2934 5095 γεννᾷ·
2992 5024 3136 5084 Εάίι·
3203 5023 3416 5082 "W-

1840 5095 2040 5166 camp.,
2069 5095 2472 5168 ἀνθρώπους....
2507 5095 2687 5168 γεννᾷ.
