3836 6528
131 375 256 429 “8.05

1326 371 1607 428 CONTRA
1643 370 1967 426 IIERESIN
2011 371 2237 428 ΝΟΕΤΙ.

3285 371 3390 423 806

145 498 238 552 τὸν
273 496 536 570 Χριστόνς
577 499 722 571 Πρὸς
752 499 810 553 δν
837 498 1318 570 ἅνταποκρίνονται
1352 499 1400 550 οἱ
1427 497 1724 568 πρεσὸότε-

1838 496 2021 551 F‘ilium
2057 511 2299 567 passum,
2334 497 2479 552 sicut
2521 513 2715 568 passus
2744 509 2860 567 est;
2896 511 3172 555 mortuum
3195 540 3210 565 ,
3249 499 3392 555 sicut

149 606 234 661 ροι
253 607 268 620 ·
308 590 420 644 Καὶ
451 593 611 662 ἡμεῖς
641 591 737 646 ἕνα
761 591 892 644 Θεὸν
923 591 1032 660 (Ἠ)
1062 589 1283 660 οἴδαμεν
1312 589 1554 659 ἀληθῶς·
1579 589 1725 642 οἶδα-

151 698 250 751 μεν
281 683 514 753 Χριστόν
533 699 547 710 ·
584 682 805 752 οἴδαμεν
824 681 913 734 τὸν
939 681 1064 733 Υἱὸν
1095 680 1350 743 παθόντα,
1385 680 1567 744 καθὼς
1592 680 1726 732 ἔπα-

139 773 261 834 θεν,
292 773 630 827 ἀποθανόντα
662 772 842 837 καθὼς
865 773 1157 836 ἀπέθανεν,
1193 773 1287 826 καὶ
1320 773 1625 826 ἀναστάντα
1656 774 1723 843 τῇ

141 861 307 933 τρίτῃ
339 863 540 934 ἡμέρα,
576 863 670 916 καὶ
702 863 831 916 ὄντα
864 865 920 916 ὲν
951 862 1099 934 δεξιᾷ
1125 862 1216 916 τοῦ
1247 863 1482 933 Πατρὸς,
1513 862 1605 914 καὶ
1637 861 1726 932 ἕρ-

143 951 379 1020 χόμενον
424 954 604 1021 κρῖναι
643 950 848 1014 ζῶντας
881 951 976 1003 καὶ
1010 950 1252 1022 νεκρούς.
1289 953 1397 1004 Kal.
1424 950 1596 1004 ταῦτα
1635 949 1725 1003 λέ-

144 1058 318 1110 γομεν
346 1041 380 1094 ἃ
411 1041 706 1112 ἐμάθομεν.
742 1043 874 1094 Τότε
912 1041 1100 1096 τοῦτον
1127 1043 1442 1111 ἐλέγξαντες
1484 1042 1722 1110 ἐξέωσαν

146 1131 224 1194 ὡς
253 1131 626 1184 διδασκαλεῖον
657 1132 940 1202 συστῆσαι.

217 1229 280 1278 Οἱ
315 1225 409 1279 καὶ
438 1226 605 1291 δεῖξαι
639 1227 912 1297 βούλονται
955 1226 1210 1280 σύστασιν
1242 1227 1318 1298 τῷ
1359 1228 1608 1300 δόγματι,
1643 1230 1727 1283 λέ-

146 1310 359 1385 γοντες·
389 1307 554 1370 Εἶπεν
581 1321 637 1371 ἐν
669 1318 836 1390 νόμῳ·
877 1338 895 1370 ι
940 1318 1079 1388 Ἐγὼ
1113 1321 1225 1390 εἰμι
1263 1322 1291 1374 6
1321 1321 1450 1384 Θεὸς
1483 1323 1590 1374 τῶν
1625 1339 1728 1374 πα-

135 1409 326 1480 τέρων
383 1410 567 1480 ὑμῶν·
619 1411 719 1464 οὐκ
769 1412 978 1464 ἔσονται
1027 1413 1154 1483 ὑμῖν
1204 1411 1314 1466 θεοὶ
1360 1414 1536 1485 ἕτεροι
1589 1414 1729 1485 πλὴν

147 1501 310 1570 ἐμοῦ.
345 1521 365 1553 ι
391 1503 499 1556 Καὶ
529 1503 688 1556 πάλιν
715 1505 772 1557 ἐν
804 1505 992 1576 ἑτέρῳ·
1022 1525 1040 1557 ι
1089 1504 1248 1574 Ἐγὼ,
1281 1507 1463 1578 φησὶν,
1493 1507 1727 1578 πρῶτος,

137 1594 248 1645 »καὶ
284 1594 530 1664 ἔσχατος,
564 1597 659 1648 xa‘t
713 1597 827 1668 μετ’
851 1598 950 1668 ἐμὲ
983 1597 1081 1650 οὐκ
1121 1598 1266 1651 ἐστιν
1306 1598 1495 1662 οὐδείς.
1529 1617 1548 1650 δ
1575 1598 1730 1651 υῦτω

151 1684 455 1750 φάσκουσιν
500 1687 754 1757 συνιστᾷν
799 1686 893 1739 ἕνα
927 1686 1078 1740 Θεόν.
1113 1687 1176 1740 Οἳ
1227 1689 1607 1760 ἀποκρίνονται
1645 1687 1732 1741 λέξ-

147 1787 361 1837 γοντες·
410 1773 470 1824 ΕΞ
509 1768 602 1826 οὖν
651 1773 880 1846 Χριστὸν
926 1775 1172 1846 ὁμολογῶ
1215 1777 1368 1840 Θεὸν,
1422 1777 1583 1840 αὐτὸς
1623 1777 1728 1846 ἄρα

137 1861 304 1914 ἐστὶν
337 1863 367 1914 6
397 1862 604 1934 Πατὴρ,
635 1865 682 1916 εἰ
714 1864 819 1936 γάρ
849 1867 996 1918 ἐστιν
1037 1870 1065 1920 6
1092 1868 1244 1932 Θεός·
1277 1867 1474 1920 ἔπαθεν
1513 1868 1570 1921 δὲ
1599 1869 1730 1940 Χρι-

150 1950 303 2013 στὸς,
333 1951 497 2016 αὐτὸς
526 1951 600 2005 ὢν
629 1953 778 2017 Θεὸς,
811 1956 917 2026 ἄρα
948 1953 1040 2010 οὖν
1071 1957 1268 2011 ἔπαθεν
1298 1959 1504 2028 Πατήρ·
1539 1958 1729 2028 Πατὴρ

147 2044 262 2111 γὰρ
296 2041 461 2106 αὐτὸς
485 2038 572 2113 ἧν.
610 2043 749 2096 Ἀλλ’
779 2045 877 2115 οὐχ
909 2045 1080 2110 οὕτως
1117 2047 1248 2118 ἔχει·
1276 2047 1396 2100 οὐδὲ
1422 2045 1528 2119 γὰρ
1557 2044 1729 2109 οὕτως

150 2133 206 2186 αἱ
242 2133 462 2204 Γραφαὶ
489 2135 817 2204 διηγοῦνται.
851 2138 1100 2209 Χρῶνται
1131 2140 1187 2193 δὲ
1225 2140 1318 2194 καὶ
1353 2139 1564 2211 ἑτέραις
1594 2155 1732 2209 μαρ-

147 2224 398 2294 τυρίαις,
428 2224 698 2293 λέγοντες·
729 2228 885 2281 Οὕτω
937 2229 1254 2301 γέγραπται·
1294 2249 1312 2282 ι
1354 2225 1523 2294 Οὗτος
1545 2232 1573 2282 6
1602 2229 1732 2293 Θεὸς

149 2317 181 2383 ἡ
193 2315 337 2385 μῶν,
367 2316 430 2368 οὑ
459 2316 836 2389 λογισθήσεται
869 2321 1059 2392 ἕτερος
1093 2321 1228 2393 πρὸς
1260 2322 1440 2376 αὐτόν.
1485 2320 1731 2392 Ἐξεῦρεν

151 2411 340 2462 πᾶσαν
387 2409 506 2463 ὁδὸν
558 2412 885 2483 ἐπιστήμης,
938 2416 1031 2466 καὶ
1077 2415 1272 2468 ἔδωκεν
1323 2415 1491 2487 αὐτὴν
1543 2411 1732 2466 Ἰακὼϐ

151 2501 230 2571 τῷ
284 2502 441 2554 παιδὶ
492 2502 677 2564 αὑτοῦ,
729 2506 824 2558 καὶ
879 2505 1091 2577 Ἰσραὴλ
1134 2506 1211 2577 τῷ
1256 2505 1596 2576 ἠγαπημένῳ
1641 2504 1733 2558 ὑπ’

153 2591 349 2645 αὑτοῦ·
409 2593 544 2662 μετὰ
577 2593 745 2647 ταῦτα
789 2597 879 2648 ἐπὶ
909 2597 1010 2666 γῆς
1047 2595 1224 2668 ὤφθη,
1258 2597 1350 2650 καὶ
1393 2598 1505 2658 τοῖς
1528 2593 1736 2667 ἀνθρὼ-

153 2699 282 2748 ποις
325 2686 758 2756 συνανεστράφη.
815 2705 832 2736 ι
880 2687 1041 2758 Ὁρᾷς
1073 2684 1187 2750 οὖν,
1234 2686 1428 2758 φησὶν,
1473 2687 1553 2739 ὅτι
1583 2681 1736 2750 οὗτός

156 2777 311 2828 ἐστιν
350 2777 380 2827 6
413 2773 564 2838 Θεὸς,
592 2776 620 2827 6
667 2777 822 2846 μόνος
863 2775 956 2840 ὣν,
999 2777 1094 2830 καὶ
1133 2777 1356 2849 ὕστερον
1394 2776 1613 2846 ὠφθεὶς,
1645 2776 1738 2830 καὶ

154 2870 268 2928 τοῖς
300 2864 608 2936 ἀνθρώποις
639 2867 1117 2937 συναναστραφεὶς.
1150 2866 1296 2938 [Ἐν]
1328 2867 1497 2938 ἑτέρῳ
1530 2865 1606 2929 δὲ,
1636 2882 1738 2935 φη·-

161 2962 270 3023 σὶν,
323 2959 495 3027 λέγει·
530 2978 547 3010 ι
573 2960 891 3013 Ἐκοπίασεν
931 2961 1222 3027 Αἴγυπτος,
1257 2960 1352 3013 καὶ
1382 2958 1616 3030 ἐμπόρια
1645 2961 1740 3012 Ai-

1762 1743 1803 1799 ii
1836 1773 1887 1799 ει

1829 581 2076 642 mortuus
2103 597 2221 654 est;
2264 598 2317 643 et
2349 590 2671 646 Suscitatum
2707 592 2863 648 tertia
2894 593 3001 656 die,
3038 601 3092 647 et
3114 592 3390 646 sedentem

1829 679 1897 733 ad
1943 681 2221 734 dexteram
2259 680 2465 746 Patris,
2499 692 2896 755 venturumque
2925 685 2991 739 ad
3031 683 3389 754 iudicandum

1827 771 1980 824 vivos
2003 780 2057 824 et
2083 781 2352 826 mortuos.
2395 771 2572 842 Atque
2602 775 2716 830 haec
2757 775 3012 838 dicimus,
3049 790 3173 845 quae
3201 774 3395 830 didici-
3466 840 3479 855 .

1829 875 1974 913 mus.
2006 858 2160 915 Tunc
2190 861 2352 916 istum
2385 863 2694 919 convictum
2717 866 2995 936 ejecerunt
3021 882 3084 921 ex
3125 867 3392 934 ecclesia;

1829 953 1925 1021 qui
1949 967 2014 1006 eo
2044 953 2340 1010 inﬂationis
2367 956 2532 1018 venit,
2569 965 2628 1011 ut
2661 957 2856 1014 docere
2891 959 3219 1014 institueret.

1758 1042 1861 1112 τῆς
1889 1043 2182 1115 ἐκκλησίας
2209 1045 2320 1116 (72)
2357 1063 2370 1076 ·
2417 1046 2476 1110 ὃς
2497 1050 2575 1112 εἰς
2601 1049 2823 1102 τοσοῦτο
2883 1049 3139 1120 φυσίωμα
3173 1047 3398 1119 ἠνέχθη,

1901 1224 1964 1278 11.
1995 1225 2191 1281 Volunt
2219 1235 2396 1282 autem
2429 1229 2624 1299 dogma
2650 1245 2809 1284 suum
2833 1231 3163 1286 constituere
3191 1238 3245 1285 et
3272 1244 3398 1284 con-

1808 1318 2074 1394 ,iirmare,
2109 1319 2236 1387 quia
2267 1327 2352 1374 est
2380 1320 2432 1372 in
2463 1320 2613 1390 lege:
2653 1338 2671 1371 ι
2703 1320 2815 1390 Ego
2854 1337 2974 1376 sum
3005 1321 3144 1377 Deus
3181 1330 3394 1390 patrum

1832 1419 2050 1464 tuorum
2082 1411 2159 1477 ²⁹;
2186 1427 2294 1466 non
2328 1420 2491 1465 erunt
2516 1411 2670 1466 vobis
2703 1412 2793 1465 alii
2822 1412 2896 1465 dii
2923 1421 3119 1481 praeter
3151 1426 3238 1465 me
3270 1411 3337 1465 ³ο.
3372 1430 3391 1462 ι

1833 1500 1899 1568 Et
1941 1517 2132 1556 rursus
2177 1502 2228 1554 in
2260 1502 2367 1555 alio
2396 1502 2517 1556 loco
2546 1517 2561 1555 :
2601 1521 2620 1554 ι
2651 1501 2761 1572 Ego
2798 1518 2916 1558 sum
2953 1504 3184 1572 primus,
3213 1510 3268 1557 et
3297 1517 3398 1572 ego

1836 1591 2200 1656 novissimus;
2251 1601 2306 1646 et
2356 1601 2480 1662 post
2528 1608 2615 1647 me
2667 1608 2775 1646 non
2828 1601 2910 1648 est
2967 1593 3108 1647 alius
3147 1593 3212 1646 ³¹.
3251 1612 3270 1646 ι
3305 1591 3399 1646 Sic

1837 1682 1988 1736 aiunt
2019 1697 2077 1737 se
2106 1682 2335 1752 probare
2367 1700 2532 1736 unum
2561 1698 2680 1738 esse
2709 1682 2898 1738 Deum.
2927 1682 2995 1738 Et
3019 1683 3348 1754 respondent
3381 1702 3394 1737 :

1834 1774 1891 1827 Si
1931 1774 2206 1828 Christum
2243 1775 2567 1828 coulitemur
2606 1775 2798 1840 Deum,
2826 1775 2991 1846 igitur
3029 1775 3143 1843 ipse
3182 1785 3265 1830 est
3296 1774 3399 1829 Pa-

1831 1870 1934 1925 ter,
1988 1863 2033 1918 si
2079 1871 2163 1917 est
2212 1861 2390 1928 Deus;
2443 1879 2639 1932 passus
2669 1879 2798 1918 vero
2827 1873 2910 1918 est
2935 1863 3187 1919 Christus
3216 1863 3396 1922 Deus.

1829 1970 2030 2025 passus
2077 1954 2241 2025 igitur
2285 1965 2367 2010 est
2396 1954 2574 2009 Pater.
2608 1955 2766 2011 Pater
2807 1956 2951 2010 enim
3002 1965 3118 2010 erat
3162 1956 3295 2026 ipse.
3331 1957 3402 2010 At

1830 2062 1938 2100 non
1989 2046 2068 2102 sic
2101 2056 2185 2101 est
2223 2064 2236 2100 :
2287 2062 2397 2100 non
2435 2046 2579 2100 enim
2633 2047 2712 2101 sic
2761 2046 3056 2116 Scriptura:
3098 2055 3398 2116 exponunt.

1832 2136 2072 2192 Utuntur
2097 2148 2352 2207 praeterea
2387 2136 2509 2191 aliis
2541 2137 2888 2192 testimoniis.
2919 2137 3011 2192 Sic
3056 2137 3202 2191 enim
3245 2138 3402 2192 aiunt

1831 2230 2092 2299 scriptum
2120 2244 2239 2283 esse
2266 2245 2280 2281 :
2312 2247 2330 2279 ι
2374 2227 2472 2282 llic
2504 2227 2646 2283 Deus
2675 2237 2890 2294 noster;
2917 2245 3027 2282 non
3063 2230 3399 2298 reputabitur

1832 2320 1974 2375 alius
2007 2320 2076 2375 ad
2107 2335 2254 2375 eum.
2298 2321 2589 2374 Adinvenit
2621 2335 2837 2374 omnem
2881 2321 3023 2374 viam
3056 2321 3317 2388 scientiae,
3345 2331 3400 2376 et

1831 2413 1984 2468 dedit
2023 2428 2142 2468 eam
2187 2412 2356 2468 Jacoh
2388 2427 2557 2481 puero
2585 2427 2706 2476 suo,
2737 2421 2792 2466 et
2816 2411 2982 2466 Israel
3027 2411 3227 2468 dilecto
3262 2428 3396 2480 suo;

1832 2514 1956 2574 post
2003 2505 2116 2560 hate
2151 2505 2203 2558 in
2255 2504 2414 2559 terris
2465 2504 2616 2557 visus
2660 2511 2778 2567 est,
2813 2515 2867 2559 et
2911 2520 3034 2558 cum
3089 2505 3401 2559 hominibus

1834 2608 2190 2651 conversatus
2235 2607 2320 2651 est
2348 2596 2415 2651 “.
2453 2616 2470 2648 ι
2501 2594 2664 2650 Vides
2694 2595 2878 2665 igitur,
2914 2595 3108 2666 inquit,
3136 2597 3280 2666 quod
3312 2596 3402 2651 hic

1834 2701 1919 2747 est
1949 2691 2112 2756 Deus,
2141 2691 2233 2761 qui
2261 2690 2411 2746 solus
2437 2698 2540 2753 est,
2571 2698 2625 2744 et
2654 2699 2840 2759 postea
2874 2689 2926 2743 in
2958 2689 3118 2745 terris
3151 2692 3322 2754 visus,
3347 2699 3404 2744 et

1835 2799 1959 2839 cum
2005 2783 2318 2838 hominibus
2371 2782 2760 2837 conversatus?
2787 2781 2854 2834 Et
2885 2783 2937 2836 in
2986 2783 3094 2836 alio
3137 2783 3256 2838 loco
3281 2782 3398 2837 ait:

1842 2893 1862 2926 ι
1919 2874 2206 2928 Laboravit
2251 2872 2548 2944 lEgyptus,
2579 2882 2632 2928 et
2658 2881 2962 2928 mercatura
3004 2873 3319 2942 Ethiopum
3349 2881 3406 2926 et

1839 2963 2093 3029 Sabaim;
2141 2963 2243 3017 viri
2290 2963 2420 3018 celsi
2466 2963 2520 3016 in
2570 2971 2622 3017 te
2669 2965 2998 3028 transibunt,
3041 2973 3096 3019 et
3137 2965 3214 3018 tui
3259 2963 3400 3018 servi

158 3049 368 3102 θιόπων
403 3049 500 3102 καὶ
531 3052 578 3102 oi
611 3048 875 3122 Σαϐαεὶμ,
916 3051 1104 3122 ἄνδρες
1130 3051 1320 3123 ὑψηλοὶ
1353 3052 1444 3104 ἐπὶ
1473 3052 1532 3104 σὲ
1563 3051 1731 3122 διαϐή-

1838 3064 2034 3120 erunt;
2069 3063 2122 3108 et
2155 3055 2308 3108 ibunt
2337 3065 2458 3124 post
2501 3063 2551 3108 te
2577 3054 2742 3108 vineti
2769 3056 3001 3111 vinculis
3037 3071 3316 3122 manuum,
3349 3065 3405 3110 et

160 3157 346 3193 σονται
399 3137 532 3210 [καὶ
594 3143 676 3194 σοὶ
726 3142 936 3195 ἔσονται
985 3141 1194 3213 δοῦλοι]
1243 3143 1334 3195 καὶ
1385 3141 1738 3214 πορεύσονται

155 3232 336 3284 ὀπξσω
369 3248 467 3284 σου
498 3231 765 3302 δεδεμένοι
797 3235 852 3285 ὲν
875 3234 1232 3304 χειροπέδαις,
1258 3235 1350 3287 καὶ
1375 3237 1432 3287 ὲν
1464 3235 1546 3288 σοι
1574 3251 1740 3306 προσ-

155 3325 512 3393 κυνήσουσιν·
531 3323 612 3375 ὃτι
650 3325 708 3377 ἐν
741 3324 823 3376 σοὶ
851 3327 878 3376 6
907 3324 1040 3386 Θεός
1063 3326 1230 3388 ἐστιν,
1262 3325 1355 3378 καὶ
1381 3327 1436 3378 ἐν
1467 3326 1548 3378 σοὶ
1573 3343 1740 3400 προσ-

160 3413 436 3478 εύξονται·
483 3414 576 3467 καὶ
618 3413 720 3467 οὐκ
751 3413 898 3466 ἔστιν
925 3412 1056 3476 Θεὸς
1100 3414 1239 3485 πλὴν
1274 3413 1387 3466 σοῦ.
1455 3415 1527 3466 Σὺ
1558 3415 1667 3485 γὰρ
1691 3410 1742 3466 εἴ

155 3504 316 3570 Θεὸς,
351 3504 453 3558 καὶ
477 3505 577 3558 οὐκ
609 3505 900 3575 ᾔδειμεν⁶ό
929 3504 1061 3568 Θεὸς
1095 3505 1187 3557 τοῦ
1228 3503 1441 3576 Ἰσραὴλ
1470 3506 1682 3576 Σωτήρ.
1715 3523 1733 3554 ι

169 3596 361 3668 Ὁρᾷς,
383 3597 568 3667 φησιν,
597 3597 712 3660 πῶς
738 3597 833 3649 Eva
861 3596 991 3649 Θεὸν
1021 3595 1384 3667 κηρύσσουσιν
1411 3599 1465 3649 αἱ
1491 3596 1736 3667 Γραφαί;

161 3689 369 3741 Τούτου
401 3688 677 3758 ἐμφανοῦς
697 3688 1043 3758 δεικνυμένου
1061 3727 1075 3751 ,
1103 3688 1210 3741 τῶν
1233 3687 1404 3750 οὕτως
1433 3704 1739 3759 μαρτυρουο

150 3782 381 3851 μένων,
427 3782 698 3853 ἀνάγκην,
737 3781 920 3852 φησιν,
970 3780 1078 3850 ἔχω
1119 3781 1236 3844 ἑνὸς
1278 3779 1737 3850 ὁμολογουμένου,

157 3871 352 3924 τοῦτον
377 3871 484 3924 ὑπὸ
516 3871 686 3935 πάθος
725 3871 928 3942 φέρειν.
960 3870 1190 3942 Χριστὸς
1228 3871 1337 3939 γὰρ
1373 3865 1440 3940 ἦν
1472 3869 1623 3934 Θεὸς,
1647 3869 1741 3922 καὶ

157 3962 405 4034 ἔπασχεν
439 3965 508 4018 δι’
538 3966 705 4036 ἡμᾶς,
738 3963 900 4026 αὐτὸς
928 3962 1002 4016 ὢν
1033 3965 1062 4015 6
1101 3964 1308 4034 Πατὴρ,
1339 3964 1424 4016 ἵνα
1447 3963 1540 4016 καὶ
1570 3963 1740 4016 σῶσαι

158 4057 312 4128 ἡμᾶς
347 4056 573 4129 δυνηθῇ.
610 4057 771 4110 Ἀλλο
811 4058 888 4120 δὲ,
923 4057 1105 4128 φησιν,
1136 4057 1197 4108 οὑ
1236 4055 1506 4126 δυνάμεθα
1541 4055 1735 4124 λέγειν·

159 4151 254 4201 καὶ
298 4148 414 4220 γὰρ
456 4151 485 4201 6
539 4149 855 4213 Ἀπόστολος
894 4150 992 4202 ἕνα
1039 4148 1173 4201 Θεὸν
1225 4147 1495 4218 ὁμολογεῖ,
1543 4147 1736 4216 λέγων·

165 4257 184 4288 ι
217 4235 328 4292 Ὧν
367 4241 416 4292 οἱ
466 4239 722 4311 πατέρες,
753 4238 811 4306 ἐξ
839 4233 914 4292 ὧν
946 4238 1178 4310 Χριστὸς
1217 4237 1277 4290 τὸ
1305 4236 1446 4290 κατὰ
1480 4237 1676 4310 σάρκα,
1712 4239 1741 4290 6

159 4326 236 4380 ὢν
271 4330 374 4382 ἐπὶ
401 4327 618 4381 πάντων
647 4328 778 4390 Θεὸς
813 4327 1100 4398 εὐλογητὸς
1124 4325 1202 4389 εἰς
1225 4326 1350 4387 τοὺς
1377 4322 1598 4386 αἰῶνας.
1645 4342 1665 4374 ι

1842 3145 1895 3198 in
1927 3153 1978 3200 te
2003 3143 2341 3206 adorabunt,
2372 3143 2497 3212 quia
2530 3144 2582 3196 in
2625 3151 2674 3196 te
2705 3153 2789 3198 est
2823 3142 3002 3209 Deus;
3030 3150 3085 3197 et
3116 3143 3168 3196 in
3201 3152 3254 3197 te
3283 3159 3405 3212 prc-

1839 3237 2140 3301 cahuntur,
2191 3237 2320 3306 quia
2367 3251 2473 3289 non
2521 3242 2606 3290 est
2637 3232 2780 3287 Deus
2821 3243 3012 3302 praeter
3048 3242 3116 3287 te.
3147 3231 3229 3288 Tu
3255 3235 3401 3288 enim

1839 3337 1898 3376 es
1927 3321 2088 3387 Deus,
2123 3332 2178 3378 et
2223 3323 2582 3387 nescivimus;
2615 3321 2757 3376 Deus
2797 3321 2958 3376 Israel
3002 3323 3252 3377 Salvator
3278 3324 3344 3378 ⁸³.
3379 3341 3399 3376 ι

1840 3411 2024 3472 Vides,
2077 3415 2289 3482 inquit,
2337 3413 2610 3483 quomodo
2661 3411 2955 3482 Scriptura:
3003 3429 3171 3467 unum
3234 3413 3405 3468 Deum

1838 3504 2169 3573 praedicant?
2198 3505 2335 3559 Cum
2385 3505 2488 3558 hoc
2531 3513 2716 3573 aperte
2764 3505 3096 3559 declaratum
3149 3505 3243 3571 sit,
3277 3519 3402 3559 cum

1839 3599 1955 3653 haec
1983 3597 2064 3652 sic
2089 3605 2390 3652 contestata
2427 3597 2574 3660 sint;
2606 3611 2829 3652 necesse
2870 3606 2972 3659 est,
3005 3611 3115 3652 uno
3143 3613 3239 3667 per
3271 3613 3406 3653 con-

1839 3690 2130 3746 l'essionem
2153 3690 2466 3753 constituto,
2495 3689 2642 3744 hunc
2668 3689 2908 3758 passiuni
2937 3690 3222 3758 subjicere.
3248 3690 3408 3745 Chri-

1839 3790 1958 3835 stus
1979 3779 2121 3833 enim
2152 3788 2266 3834 erat
2297 3777 2458 3843 Deus,
2485 3787 2540 3833 et
2567 3788 2787 3848 propter
2815 3793 2914 3832 nos
2947 3793 3142 3848 passus
3169 3789 3254 3834 est
3277 3796 3404 3835 cum

1840 3879 1986 3926 esset
2031 3869 2227 3934 Pater,
2283 3880 2342 3924 ut
2382 3877 2564 3939 posset
2609 3870 2793 3924 salvos
2851 3883 2950 3923 nos
2990 3867 3188 3925 facere.
3241 3870 3406 3926 Aliud

1839 3963 2008 4025 enim,
2035 3961 2228 4030 inquit,
2265 3960 2443 4015 dicere
2474 3974 2580 4014 non
2605 3975 2898 4029 possumus
2929 3979 2942 4016 :
2969 3961 3236 4031 siquidem
3266 3962 3407 4031 Apo-

1840 4054 2010 4108 stolus
2041 4068 2208 4106 unum
2237 4050 2404 4106 Deum
2437 4050 2752 4118 conﬁtetur,
2784 4067 2908 4107 cum
2956 4054 3069 4106 ait:
3110 4071 3128 4103 ι
3161 4051 3406 4118 Quorum

1840 4152 2053 4213 patres,
2081 4159 2148 4198 ex
2177 4143 2376 4213 quibus
2412 4140 2666 4198 Christus
2711 4144 3011 4198 secundum
3046 4158 3286 4210 carnem,
3313 4143 3408 4214 qui

1839 4247 1922 4290 est
1944 4234 2085 4290 Deus
2109 4235 2423 4290 benedictus
2448 4233 2503 4288 in
2536 4235 2730 4289 saecula
2756 4234 2820 4288 '*.
2853 4253 2873 4286 ι

227 4421 348 4474 Καὶ
394 4419 568 4473 ταῦτα
608 4418 880 4490 βούλονται
907 4417 1048 4470 οὓτω
1091 4413 1390 4485 διηγεῖσθαι
1438 4413 1534 4468 καὶ
1559 4415 1731 4478 αὐτοῖς

1915 4411 2004 4468 lll.
2034 4410 2126 4467 Sic
2151 4411 2342 4466 volunt
2368 4412 2470 4467 ista
2497 4405 2744 4476 recitare,
2770 4418 2824 4464 et
2852 4410 2930 4464 uti
2959 4410 3244 4477 mutilatis,
3269 4411 3413 4467 sicut

160 4512 454 4587 μονόκωλα
488 4511 599 4582 (75)
643 4508 936 4582 χρώμενοι,
967 4509 1024 4562 ὃν
1069 4508 1268 4581 τρόπον
1315 4503 1464 4560 εἶπεν
1491 4505 1742 4570 Θεόδοτος

225 4693 493 4822 υὸειοιί.
525 4709 608 4758 ιιι,
653 4692 728 4748 6.·
786 4692 831 4726 ³⁸
859 4691 1028 4748 Exod.
1065 4708 1156 4759 xx,
1192 4691 1246 4744 5.

156 4783 251 4829 ιι,
285 4783 347 4822 ὖ.

227 4909 352 4979 (ἹΙ)
399 4907 545 4979 Ἕνα
573 4906 831 4979 βεὸγηκ.
879 4923 929 4958 τ.
979 4903 1030 4979 λ,
1068 4902 1200 4969 Qua:
1237 4909 1562 4979 sequuntur,
1609 4911 1738 4956 sunt

155 4973 279 5049 ipsa
332 4973 513 5049 verba
567 4975 829 5049 Symboli.
874 4976 1035 5049 quale
1072 4981 1250 5049 ex_stat
1283 4973 1433 5049 apud
1471 4974 1734 5025 lrenzeum

155 5043 253 5103 lib.
286 5065 329 5113 ι,
370 5063 418 5102 c.
461 5048 496 5100 2
525 5043 665 5114 seq,
695 5047 789 5098 lib.
822 5043 904 5106 ιιι,
932 5061 980 5097 e.
1009 5045 1073 5105 ις
1111 5043 1504 5114 Tertullianum
1538 5051 1736 5114 contra

155 5111 464 5176 Prazeam,
511 5132 560 5170 c.
597 5111 651 5177 ‘2,
685 5126 739 5169 et
773 5115 844 5168 De
876 5115 1204 5181 Prwscript.,
1233 5129 1284 5167 c.
1316 5113 1404 5178 15,
1436 5120 1491 5165 ει
1527 5111 1597 5165 De
1630 5113 1734 5164 vir-

155 5191 382 5259 ginibus
411 5187 667 5259 petendis,
693 5202 743 5240 c.
775 5187 820 5259 ε,
849 5194 952 5259 etc.
981 5181 1201 5259 Fannio.

227 5259 349 5327 (Ἱῖ)
417 5248 1249 5327 ἘξέωσαιὴτῆςἘκκληοξιςας.
1291 5248 1518 5327 Noctium
1571 5248 1730 5327 dant-

155 5320 354 5382 natum
394 5341 426 5379 a
457 5325 776 5393 Tranquillo
803 5326 1057 5392 episcopo
1098 5321 1592 5393 Chalcedoniorum
1635 5320 1733 5389 Sy-

154 5401 273 5464 riae,
303 5397 510 5452 scribit
532 5389 720 5448 auctor
747 5389 1286 5464 Prti'destinatiiucap.
1324 5389 1594 5464 30._Qu_od
1634 5405 1734 5464 au-

153 5459 269 5522 tem
312 5470 372 5521 in
419 5465 688 5530 Synodico
726 5465 901 5518 libello
943 5479 1062 5530 cap.
1107 5460 1210 5525 '50,
1247 5462 1378 5530 legis
1418 5461 1470 5512 iu
1514 5459 1733 5529 Synodo

155 5537 424 5592 Romana
460 5525 775 5590 damnatum
801 5525 1028 5586 Nectum
1069 5548 1097 5585 a
1151 5525 1571 5600 Papa'Victorc,
1599 5539 1734 5600 tem-

156 5624 362 5672 porum
402 5607 544 5658 ratio
581 5620 688 5658 non
723 5609 941 5672 patitur.
981 5602 1085 5656 Sed
1117 5599 1512 5670 suntquredam
1550 5608 1603 5653 et
1627 5599 1731 5672 alia

157 5669 210 5730 in
234 5679 336 5731 illo
370 5669 862 5746 Synodicoparum
899 5680 1153 5746 accurate
1180 5669 1396 5729 tradita,
1433 5672 1555 5723 licet
1594 5669 1731 5722 scri-

155 5759 314 5816 ptum
384 5741 566 5814 ipsum
619 5741 821 5814 alioqui
863 5753 947 5798 est
1011 5741 1323 5810 neutiquam
1379 5748 1729 5795 contemnen-

155 5817 314 5871 dum.
352 5818 436 5874 ID.

1849 4504 1977 4560 fecit
2007 4503 2336 4570 Theodotus,
2366 4517 2490 4558 cum
2528 4503 2687 4557 vellet
2722 4501 2950 4572 probare
2979 4500 3258 4558 Christum
3291 4517 3412 4557 esse

1327 4691 1368 4722 ³¹
1401 4689 1503 4745 lsa.
1554 4706 1701 4756 κων,
1729 4705 1731 4724 ε

1863 4689 1906 4722 ³⁸
1937 4688 2170 4745 Baruch.
2209 4705 2302 4756 ιιι,
2331 4686 2520 4743 56-58.
2597 4689 2642 4719 ³⁸
2675 4686 2780 4742 lsa.
2832 4703 2958 4755 ην,
3005 4687 3095 4742 ﬂ.
3172 4689 3216 4720 ”
3245 4685 3406 4742 Rom.

1913 4899 2025 4971 (75)
2057 4899 2276 4971 Μοῂόκ.
2303 4897 2600 4971 Μονόκωλα
2633 4904 2860 4971 apparet
2883 4893 3408 4971 adverbialiterponi

1837 4963 1937 5040 pro
1963 4963 2279 5041 μὸνοκώλως
2305 4979 2367 5041 e_t_
2390 4963 2726 5041 μονοτύπως,
2750 4967 2950 5041 quibus
2974 4965 3152 5041 verbis
3183 4963 3412 5041 Epipha-

1841 5035 1986 5121 nius,
2016 5057 2140 5109 pag.
2163 5040 2294 5121 68L,
2329 5035 2599 5121 Hippolyti
2638 5036 2882 5121 vestigiis
2927 5035 3407 5121 insistens‘utitur.

1838 5103 2125 5164 Βούλοντεὶι
2158 5109 2214 5162 δὲ
2256 5103 2558 5178 διηγεῖσθαι
2595 5103 2910 5178 μονοκῶλως
2941 5103 3128 5178 τοῦτον
3159 5103 3250 5178 τὸν
3281 5105 3410 5175 τρό-

1836 5197 1936 5233 πον
1971 5179 2046 5242 ὼς
2093 5174 2368 5241 Θεόδοτος.
2410 5174 2616 5231 Sensus
2660 5185 2774 5239 est,
2810 5174 3101 5228 Noetianos
3137 5175 3203 5226 ad
3239 5174 3408 5229 unum

1839 5249 2215 5304 tantummodo
2249 5247 2301 5300 in
2334 5246 2669 5316 explicandis
2724 5245 2781 5299 S.
2829 5243 3133 5316 Scripturze
3156 5244 3222 5297 de
3249 5243 3410 5297 Chri-

1836 5330 1924 5374 sto
1957 5319 2117 5373 dictis
2158 5317 2321 5372 veluti
2361 5313 2663 5369 membrum
2703 5315 2994 5384 respicere,
3029 5313 3265 5384 divinam
3301 5315 3410 5366 sci-

1836 5389 1964 5443 licet
2004 5398 2251 5441 naturam
2284 5403 2297 5438 :
2333 5387 2408 5440 uti
2443 5386 2682 5440 vicissim
2719 5381 3033 5439 Theodotus
3079 5383 3145 5435 ad
3179 5381 3409 5436 alterum

1837 5473 2125 5514 recurrens
2149 5465 2452 5510 extremum
2482 5455 2535 5508 in
2565 5456 2680 5509 sola
2715 5455 2947 5509 luerebat
2974 5451 3329 5515 humanitate,
3356 5463 3411 5506 et

1839 5529 2116 5582 Christum
2165 5526 2372 5578 nudum
2429 5541 2552 5579 esse
2601 5525 2880 5580 hominem
2953 5523 3276 5576 allirmabat.
3331 5519 3409 5576 De

1839 5597 2119 5652 Theodoto
2167 5603 2360 5663 pra-ter
2407 5595 2544 5650 alios
2597 5595 2843 5648 meminit
2889 5593 3050 5646 etiam
3086 5590 3408 5663 Timotheus

1841 5668 2121 5736 presbyter
2245 5664 2543 5736 potele‘rioA
2563 5663 2740 5736 editus
2778 5663 3102 5736 Mouumqu.
3146 5669 3277 5736 tom.
3313 5661 3404 5725 ΠΙ,

1836 5726 1962 5806 pag.
1992 5726 2095 5788 389
2125 5750 2143 5806 εγ
2167 5733 2365 5806 Τοῦτον
2397 5733 2485 5786 τὸν
2513 5733 2950 5806 Θεόδοτόνλφασιν
2977 5731 3074 5806 τῆς
3095 5729 3189 5785 τοῦ
3214 5731 3407 5806 Sapio-

1841 5779 2358 5875 ἓᾶἓὲῴ’ς”αἰρ’έῖπέιζὶέ
2404 5779 3073 5876 ἷρ⁷χῆιξ8ὖ⁷⁷ξςὰιτ⁷ἐτᾶτέῥ⁶ἆ
3107 5779 3406 5872 ’ἧὲνῐᾶδᾷζ
