3836 6492
526 316 628 369 807

1196 313 1255 370 S.
1296 310 1653 369 HIPPOLYTI
1690 310 1839 367 OPP.
1892 308 2072 365 PARS
2120 309 2185 365 II.
2226 340 2293 352 -—
2330 308 2629 366 DOGMAT.
2668 309 2756 366 ET
2795 310 3135 371 IIISTORIC.
3666 312 3744 368 Sid

530 433 806 491 hominem
848 433 1074 488 nudum.
1112 430 1218 488 Sed
1269 448 1370 488 nec
1396 432 1496 499 illi,
1526 448 1624 488 nec
1668 432 1755 488 isti
1798 432 2071 503 quidquan

2197 428 2484 504 ἄνθρωπον
2534 435 2788 505 συνιστᾷν
2843 434 2997 505 ψιλὸν
3061 436 3396 508 βουλόμενος.
3456 438 3593 493 Ἀλλ’
3645 442 3742 496 οὔτε

529 527 939 592 intellexerunt;
972 534 1030 580 ut
1077 526 1210 593 ipsa:
1251 526 1547 595 Scriptura:
1594 525 1862 580 inscitiam
1902 541 2091 581 eorum

528 619 898 688 redarguunt,
944 633 1066 687 quae
1128 618 1497 672 testimonium
1559 617 1775 671 veritati
1829 618 2090 673 tribuunt.

527 706 737 771 Videte,
784 708 1002 774 fratres,
1048 710 1319 778 quomodo
1349 723 1588 779 prmeeps
1609 717 1663 763 et
1695 709 1873 764 audax
1900 710 2095 779 dogma

432 784 443 795 ’
526 800 959 867 introduxerunt,
1004 816 1129 856 cum
1164 801 1502 871 impudenter
1545 803 1699 856 aiunt
1730 816 1743 852 :
1774 800 1893 871 Ipse
1930 801 2093 856 Chri-

524 901 641 947 stus
668 904 751 948 est
772 893 949 959 Pater,
977 893 1093 963 ipsc
1130 894 1330 961 Filius;
1378 895 1492 965 ipse
1524 910 1719 963 passus
1749 904 1866 961 cst,
1890 894 2005 965 ipse
2034 910 2094 951 se

522 985 776 1040 excitavit
802 1002 831 1039 a
868 986 1120 1040 mortuis.
1150 986 1220 1039 At
1255 1001 1361 1040 non
1393 988 1473 1041 sic
1502 996 1585 1041 est
1613 1005 1625 1040 :
1659 995 1806 1041 recte
1834 988 1977 1041 enim
2009 986 2090 1041 di-

520 1086 653 1131 cunt
687 1076 1014 1149 Scripturae;
1045 1078 1139 1134 scd
1188 1078 1291 1132 alia
1337 1077 1541 1134 Noctus
1574 1080 1843 1150 intelligit.
1880 1078 1950 1133 At
1983 1095 2091 1135 non

519 1170 647 1238 quia
678 1169 881 1225 Noetus
914 1187 1021 1225 non
1071 1171 1340 1240 intelligit,
1371 1171 1575 1226 idcirco
1607 1169 1900 1241 Scriptura:
1931 1187 2091 1241 repu-

518 1262 731 1315 diandae
775 1272 921 1317 sunt.
974 1262 1107 1328 Quis
1151 1263 1296 1317 enim
1344 1277 1451 1316 non
1504 1262 1646 1317 dicet
1697 1280 1865 1317 unum
1920 1263 2089 1319 Deum

516 1356 673 1410 esse?
704 1354 820 1410 Non
864 1366 1043 1411 tamen
1080 1358 1338 1411 continuo
1370 1357 1731 1411 oeconomiam
1770 1357 1844 1425 (id
1869 1367 1971 1424 est,
2006 1358 2089 1413 in-

516 1448 913 1519 carnationem)
955 1447 1191 1518 negabit.
1220 1448 1463 1504 Primum
1500 1449 1664 1520 igitur
1701 1459 1915 1519 oportet
1951 1465 2086 1505 con-

519 1538 694 1594 tutare
723 1540 941 1609 quidem
998 1540 1113 1594 hazc
1156 1541 1333 1609 capita
1366 1540 1668 1595 secundum
1700 1556 1924 1596 sensum
1960 1541 2085 1595 illo-

517 1648 673 1699 rum;
715 1634 994 1689 declarare
1025 1649 1154 1688 vero
1195 1648 1261 1688 ea
1303 1634 1600 1688 secundum
1637 1633 1940 1689 veritatem.
1968 1631 2086 1687 Pri-

517 1739 665 1776 mum
692 1725 837 1777 enim
863 1739 1045 1779 revera
1072 1734 1156 1780 cst
1185 1740 1455 1794 exponere
1492 1724 1704 1779 Patrem
1748 1738 1869 1780 esse
1911 1739 2082 1778 unum

2197 521 2395 576 ἐκεῖνοί
2436 541 2493 577 τε
2533 526 2847 596 νενοήκασιν
2877 527 3092 599 ἀληθὲς,
3128 528 3242 581 οὗθ’
3272 523 3441 596 οὗτοι,
3469 530 3649 595 καθὼς
3672 534 3742 585 αὖ·

2193 614 2286 665 ταὶ
2318 616 2371 667 αἱ
2404 615 2618 686 Γραφαὶ
2658 616 2967 688 ἐλέγχουσιν
2994 618 3169 673 αὐτῶν
3208 620 3307 692 τὴν
3335 621 3594 692 ἀμαθίαν,
3629 640 3740 694 μαρ·

2192 705 2452 779 τυροῠσαι
2477 710 2544 779 τῇ
2571 708 2819 781 ἀληθείᾳ.
2864 710 3310 783 ’ορἇτε,ἀδελφοι,
3346 715 3464 778 πῶς
3500 716 3744 787 προπετὲς

2193 798 2287 852 καὶ
2343 799 2613 871 τολμηρὸν
2668 801 2844 872 δόγμα
2890 805 3353 875 παρεισήνεγκαν,
3400 806 3738 876 ἀναισχύντως

2191 890 2460 959 λέγοντες
2510 891 2681 955 Αὐτός
2710 894 2824 945 ἐστι
2858 895 3090 963 Χριστὸς
3121 898 3148 948 ὁ
3193 896 3400 968 Πατὴρ,
3435 898 3597 961 αὐτὸς
3620 898 3737 961 Υἱὸς,

2190 981 2351 1045 αὐτὸς
2379 984 2663 1055 ἐγεννήθη,
2693 984 2853 1048 αὐτὸς
2877 985 3095 1050 ἔπαθεν,
3124 986 3278 1052 αὐτὸς
3312 989 3501 1041 ἐαυτὸν
3527 991 3735 1060 ἤγειρεν.

2203 1075 2341 1128 Ἀλλ’
2372 1076 2469 1146 οὐχ
2519 1075 2689 1139 οὕτως
2720 1076 2849 1146 ἔχει*
2899 1076 2956 1129 αἱ
3001 1076 3100 1147 μὲν
3131 1078 3343 1148 Γραφαὶ
3376 1079 3551 1150 ὀρθῶς
3582 1081 3739 1147 λέγον.

2193 1184 2296 1230 σιν,
2326 1167 2457 1221 ἄλλα
2481 1168 2546 1221 ἂν
2576 1168 2669 1221 καὶ
2704 1169 2911 1239 Νόητος
2948 1172 3077 1224 νοεῖ.
3116 1170 3230 1222 Οὐκ
3266 1171 3363 1242 ἤδη
3396 1172 3452 1224 δὲ
3488 1175 3537 1224 εξ
3562 1174 3737 1243 Nam;

2193 1259 2267 1331 μὴ
2312 1263 2441 1322 νοεῖ,
2492 1259 2642 1332 παρά
2684 1261 2841 1314 τοῦτο
2884 1261 3135 1331 ἕκὸλητοι
3173 1264 3228 1315 αἱ
3261 1264 3494 1334 Γραζαί.
3527 1264 3622 1328 Τίς
3656 1267 3736 1335 γὰρ

2188 1352 2288 1405 οὐκ
2312 1353 2427 1423 ἐρεῖ
2451 1352 2545 1405 ἕνα
2568 1351 2695 1404 Θεὸν
2720 1349 2884 1417 εἷναι;
2924 1353 3061 1406 Ἀλλ’
3084 1354 3145 1406 οὐ
3177 1354 3275 1425 τὴν
3304 1356 3615 1426 οἰκονομίαν
3654 1360 3731 1427 (ii)

2187 1443 2490 1515 ἀναιρήσει.
2544 1445 2750 1508 Ὄντως
2805 1444 2902 1515 μὲν
2942 1440 3034 1499 οὖν
3063 1445 3132 1498 τὰ
3164 1447 3433 1515 κεφάλαια
3474 1448 3561 1501 διὰ
3597 1450 3732 1503 ταῦτα

2188 1536 2449 1607 πρότερον
2493 1535 2574 1589 δεῖ
2618 1536 2995 1609 ἀνατραπῆναι
3039 1539 3179 1593 κατὰ
3224 1538 3315 1591 τὸν
3364 1539 3590 1593 ἐκείνων
3618 1543 3727 1603 νοῦν,

2187 1628 2328 1681 κατὰ
2361 1627 2418 1680 δέ
2447 1627 2544 1698 τὴν
2572 1627 2831 1699 ἀλήθειαν
2853 1628 3148 1700 δειχθῆναι.
3175 1630 3445 1702 Πρότερον
3470 1633 3577 1703 γὰρ
3600 1634 3731 1696 ὅντως

2186 1716 2332 1769 ἐστὶν
2363 1717 2759 1790 διηγήσασθαι,
2804 1719 2885 1773 ὅτι
2931 1716 3012 1783 εἷς
3055 1721 3186 1786 Θεὸς
3215 1724 3243 1775 ὁ
3289 1723 3499 1794 Πατὴρ,
3543 1743 3561 1774 ι
3593 1726 3645 1791 ἐξ
3685 1718 3727 1777 οὗ

515 1811 724 1879 Deum,
765 1833 784 1866 ι
819 1831 886 1870 ex
932 1832 1043 1886 quo
1090 1818 1269 1871 omnis
1314 1816 1613 1886 paternitas
1662 1817 1741 1883 ³⁸;
1787 1831 1884 1886 per
1920 1830 2071 1887 quem

2187 1808 2336 1861 πᾶσα
2378 1810 2614 1880 πατριὰ,
2647 1810 2714 1863 δι’
2757 1806 2817 1866 οὗ
2858 1811 2927 1865 τὰ
2972 1812 3180 1877 πάντα,
3232 1814 3291 1880 ἐξ
3328 1808 3392 1867 οὗ
3430 1815 3500 1868 τὰ
3546 1817 3725 1879 πάντα,

515 1908 720 1969 omnia,
755 1915 809 1961 et
839 1922 906 1961 ex
940 1924 1051 1977 quo
1084 1909 1289 1976 omnia,
1320 1918 1373 1963 et
1410 1923 1510 1963 nos
1542 1908 1596 1961 in
1630 1908 1748 1977 ipso
1776 1908 1842 1963 ³⁸.
1884 1925 1903 1960 ι

588 1997 675 2053 IV.
696 1998 1010 2064 Videamus,
1043 2009 1101 2054 ut
1121 2000 1252 2064 dixi,
1278 2000 1397 2070 ejus
1421 2000 1868 2066 confutationem,
1892 1999 2085 2056 deinde

512 2088 793 2143 veritatem
822 2104 1174 2157 exponemus.
1206 2088 1296 2142 Ait
1324 2089 1469 2143 enim
1508 2107 1521 2143 :
1556 2107 1575 2140 ι
1606 2087 1901 2143 Laboravit
1918 2087 2085 2159 Egy-

513 2190 670 2250 ptus,
705 2189 759 2234 et
802 2189 1109 2235 mercatura
1151 2179 1470 2250 IEthiopum
1516 2189 1571 2235 et
1620 2180 1840 2235 Sabaim
1865 2181 1942 2248 ³⁷;
1979 2201 1997 2233 ι
2030 2190 2084 2237 et

510 2288 633 2341 qua:
672 2283 974 2342 sequuntur
1026 2287 1199 2341 usque
1240 2271 1306 2325 ad
1352 2288 1477 2327 eum
1521 2271 1700 2327 locum
1726 2310 1741 2336 ,
1772 2272 1864 2328 ubi
1899 2273 2032 2329 dicit
2064 2294 2077 2329 :

517 2380 536 2414 ι
577 2361 656 2415 Τιι
690 2379 750 2418 es
791 2362 935 2418 Deus
983 2362 1148 2418 Israel
1199 2362 1467 2419 Salvator.
1508 2382 1526 2416 ι
1561 2362 1688 2419 Haec
1720 2364 1942 2431 recitat,
1972 2380 2079 2419 non

511 2451 822 2523 intelligens
859 2452 1006 2521 quod
1053 2453 1206 2522 prius
1238 2452 1444 2507 dictum
1473 2462 1577 2508 est.
1626 2453 1761 2508 Cum
1792 2454 1937 2509 enim
1986 2470 2081 2509 vo-

509 2543 630 2597 Iunt
677 2543 947 2599 malitiose
994 2560 1058 2599 ac
1094 2544 1219 2599 dolo
1265 2544 1408 2598 malo
1459 2559 1651 2615 agere,
1686 2544 2081 2602 circumcidunt

512 2632 847 2703 Scripturas.
880 2632 1087 2689 Rccitet
1115 2644 1295 2689 autem
1338 2634 1567 2706 integre,
1596 2643 1652 2690 et
1685 2637 1917 2706 reperiet
1943 2652 2076 2693 cau-

510 2739 628 2780 sam
663 2734 885 2795 propter
913 2740 1075 2794 quam
1124 2726 1240 2781 hate
1282 2725 1560 2781 dicuntur.
1602 2726 1773 2782 Paulo
1801 2729 1945 2783 enim
1978 2744 2075 2785 su-

507 2829 607 2883 pra
630 2856 644 2878 ,
674 2815 999 2885 principium
1035 2816 1227 2886 capitis
1253 2826 1370 2885 est;
1405 2819 1549 2873 unde
1588 2828 1801 2889 oportet
1841 2822 2078 2892 incipere

508 2907 577 2961 ad
616 2908 919 2963 docendum
968 2909 1056 2963 cui
1089 2918 1143 2965 et
1189 2908 1257 2964 de
1297 2924 1407 2979 quo
1439 2909 1589 2964 dicit.
1634 2910 1894 2982 Superius
1929 2914 2076 2969 enim

2185 1900 2279 1954 καὶ
2307 1902 2468 1972 ἡμεῖς
2497 1903 2554 1955 ἐν
2578 1902 2746 1973 αὐτῷ.
2781 1922 2799 1956 ι

2258 1991 2505 2062 Ἰδωμεν,
2538 1992 2613 2056 ὡς
2636 1988 2808 2058 εἶπον,
2841 1994 2939 2066 τὴν
2973 1995 3136 2049 αὑτοῦ
3164 1996 3501 2069 ἀνατροπὴν,
3530 1993 3625 2051 εἷθ’
3658 1997 3724 2050 οὗ·

2182 2097 2291 2144 τως
2328 2080 2425 2152 τὴν
2467 2082 2723 2153 ἀλήθειαν
2768 2083 3173 2156 διηησὼμεθα.
3206 2087 3345 2156 Φησὶ
3377 2089 3508 2158 γάρ*
3540 2107 3561 2140 ι
3608 2089 3725 2140 Ἐκοο

2183 2170 2378 2223 πίασεν
2425 2170 2718 2240 Αἴγυπτος,
2766 2175 2862 2227 καὶ
2905 2175 3147 2247 ἐμπόρια
3201 2176 3514 2242 Αἰθιόπων,
3568 2178 3651 2232 καὶ
3684 2177 3721 2230 oi

2182 2260 2446 2332 Σαεαεὶμ,
2483 2280 2501 2313 ι
2529 2262 2623 2317 καὶ
2652 2264 2721 2317 τὰ
2748 2263 2927 2318 λοιπά·
2959 2267 3046 2319 ἵνα
3079 2266 3229 2340 εἴπῃ-
3266 2285 3285 2319 ι
3326 2269 3400 2320 Σὺ
3430 2270 3539 2340 γὰρ
3570 2272 3599 2323 ό
3622 2270 3721 2331 05%;

2177 2352 2273 2406 τοῦ
2333 2352 2547 2426 Ἰσραὴλ
2591 2356 2818 2429 Σωτήρ·
2872 2376 2890 2410 ι
2934 2358 2993 2411 οὐ
3042 2360 3177 2414 νοῶν
3225 2362 3287 2414 τὸ
3334 2364 3715 2433 προειρημένον.

2191 2446 2422 2502 Ὀπὸταν
2471 2447 2578 2519 γὰρ
2624 2447 2922 2521 θελήσωσιν
2973 2452 3479 2523 πανουργεόεσθαι,
3532 2456 3717 2526 περικό·

2180 2556 2372 2592 πτουσι
2397 2540 2495 2602 τὰς
2528 2540 2767 2612 Γραφάς.
2808 2541 3145 2616 Ὀλοκλήρως
3174 2544 3230 2599 δὲ
3274 2547 3504 2611 εἰπάτω,
3538 2550 3624 2601 καὶ
3649 2549 3714 2599 εὖ·

2179 2629 2335 2701 ρήσει
2360 2629 2458 2701 τὴν
2486 2630 2663 2686 αἰτίαν
2707 2631 2843 2703 πρὸς
2882 2634 3007 2687 τίνα
3046 2633 3282 2703 λέγεται.
3328 2638 3605 2710 ’Δνωτέρω
3632 2640 3715 2708 γὰρ

2181 2720 2375 2793 μικρὸν
2416 2720 2558 2793 ἀρχὴ
2596 2721 2690 2775 τοῦ
2732 2723 3025 2793 κεφαλαίου
3057 2728 3335 2798 τυγχάνει·
3367 2729 3491 2784 ὅθεν
3531 2731 3609 2784 δεῖ
3640 2732 3715 2800 ἁρ-

2180 2810 2413 2883 ξάμενον
2461 2811 2661 2878 δεῖξαι,
2709 2814 2846 2887 πρὸς
2892 2815 3013 2870 τίνα
3066 2816 3214 2888 λέγει
3264 2822 3361 2874 καὶ
3410 2822 3537 2894 περὶ
3581 2822 3711 2884 τίνος.

2182 2904 2422 2958 Ἀνωθεν
2470 2906 2578 2977 γὰρ
2631 2907 2664 2977 ή
2718 2907 2860 2978 ἀρχὴ
2924 2908 3017 2962 τοῦ
3069 2910 3369 2979 κεφαλαίου
3426 2914 3570 2967 τοῦτ’
3606 2914 3708 2983 ἔχει·

506 2997 834 3067 principium
888 2998 1081 3069 capitis
1126 2999 1207 3055 sic
1261 3000 1469 3055 habet:
1519 3018 1539 3052 ι
1596 2999 1926 3073 Interrogata
1990 3018 2071 3059 me

2183 3013 2203 3047 ι
2256 2996 2595 3069 Ἐρωτήσατέ
2624 3015 2698 3069 με
2732 2999 2859 3069 περὶ
2886 2996 2997 3053 τῶν
3027 3001 3157 3055 υἱῶν
3203 3020 3303 3073 μου
3324 3044 3339 3068 ,
3376 3004 3469 3057 καὶ
3507 3005 3605 3058 τῶν
3636 3005 3708 3057 Ou-

505 3088 573 3141 de
623 3087 748 3143 ﬁliis
797 3088 932 3143 meis
978 3098 1031 3143 et
1076 3090 1142 3144 de
1192 3089 1406 3144 ﬁliabus
1440 3092 1596 3157 meis,
1630 3100 1684 3146 et
1712 3093 1778 3148 de
1820 3094 2071 3164 Operibus

2178 3088 2423 3159 γατέρων
2450 3107 2569 3161 μου,
2598 3091 2693 3143 καὶ⁵
2732 3092 2839 3144 τῶν
2870 3091 3046 3164 ἔργων
3072 3092 3181 3145 τῶν
3214 3096 3418 3166 χειρῶν
3446 3115 3544 3168 μου
3567 3096 3707 3149 ἐντεί-

503 3194 763 3234 manuum
799 3194 1043 3235 mearum
1095 3182 1349 3237 mandate
1387 3183 1539 3238 mihi.
1579 3184 1689 3253 Ego
1735 3184 1839 3240 feci
1873 3195 2071 3241 terram

2177 3181 2338 3234 λασθέ
2370 3198 2481 3252 μοι.
2532 3181 2672 3251 Ἐγὼ
2700 3182 2930 3254 ἐποίησα
2956 3184 3060 3254 γῆν
3086 3186 3182 3237 καὶ
3207 3186 3491 3259 ἄνθρωπον
3526 3190 3605 3241 ἐπ’
3633 3189 3711 3241 aio

501 3285 557 3329 et
604 3275 879 3329 hominem
928 3292 1091 3346 super
1137 3292 1280 3331 eam.
1329 3276 1440 3347 Ego
1486 3294 1651 3333 manu
1694 3294 1814 3333 mea
1860 3279 2071 3336 ﬁrmavi

502 3372 723 3426 caelum.
758 3369 873 3440 Ego
916 3370 1166 3425 mandavi
1216 3372 1399 3425 astris.
1442 3370 1554 3440 Ego
1581 3372 1811 3426 excitavi
1838 3389 1984 3439 eum,
2018 3384 2072 3430 et

504 3478 694 3516 omnes
746 3462 845 3516 via:
887 3462 1006 3531 ejus
1068 3472 1246 3517 rectae.
1306 3462 1403 3517 IIic
1457 3464 1744 3518 mdiﬁcabit
1797 3465 2067 3519 civitatem

502 3569 701 3619 meam,
729 3560 784 3607 et
813 3553 1177 3622 captivitatem
1211 3567 1412 3615 meam,
1444 3560 1499 3607 et
1527 3553 1892 3622 captivitatem
1918 3554 2072 3609 redu-

501 3653 607 3706 cet,
645 3659 752 3697 non
799 3659 927 3699 cum
968 3643 1164 3713 pretio,
1209 3659 1383 3711 neque
1416 3658 1540 3696 cum
1584 3644 1762 3709 bonis,
1791 3644 1929 3698 dixit
1960 3643 2069 3698 Do-

500 3737 684 3791 minus
715 3734 972 3789 Sabaoth.
1004 3733 1094 3789 Sic
1126 3734 1262 3789 dixit
1286 3732 1551 3789 Dominus
1581 3734 1814 3789 Sabaoth
1842 3752 1854 3787 :
1889 3735 2068 3790 Labo-

500 3831 639 3884 ravit
671 3828 957 3900 Egyptus,
986 3837 1039 3882 et
1062 3835 1363 3882 mercatura
1388 3825 1705 3896 .IEthioputu
1728 3836 1781 3882 ct
1809 3826 2065 3895 Sabaim;

497 3922 601 3976 viri
636 3920 765 3975 celsi
803 3920 857 3973 in
893 3929 944 3974 te
991 3918 1322 3981 transibunt,
1353 3926 1407 3972 et
1456 3918 1553 3971 tibi
1597 3926 1758 3971 erunt
1805 3919 1979 3985 servi;
2013 3930 2068 3976 et

497 4023 622 4082 post
653 4022 705 4066 te
746 4020 1043 4081 sequentur
1075 4010 1222 4079 ligati
1274 4010 1503 4065 vinculis
1535 4026 1816 4080 manuum,
1849 4022 1903 4067 et
1932 4015 1985 4067 in
2017 4022 2067 4068 te

497 4105 817 4168 adorabunt,
849 4111 905 4157 ct
933 4102 985 4155 in
1016 4110 1069 4156 te
1104 4102 1503 4171 precabuntur;
1538 4103 1793 4171 quoniam
1826 4104 1879 4158 in
1908 4112 1962 4159 te
1982 4114 2067 4161 est

496 4194 661 4259 Deus,
693 4202 747 4248 ct
772 4210 878 4248 non
910 4204 993 4249 est
1022 4193 1167 4249 Deus
1196 4203 1391 4264 praeter
1416 4203 1487 4248 te.
1518 4193 1597 4247 Tu
1621 4194 1765 4249 enim
1802 4211 1861 4251 es
1896 4194 2062 4262 Deus,

494 4296 550 4341 et
582 4286 930 4357 nescivimus;
960 4286 1097 4341 Deus
1123 4285 1286 4340 Israel
1330 4284 1576 4340 Salvator
1602 4286 1666 4341 ³⁸.
1766 4285 1823 4340 In
1857 4296 1909 4341 te
1964 4288 2064 4357 igi-

498 4384 609 4441 tur,
635 4376 835 4444 inquit,
854 4385 938 4429 est
971 4373 1131 4430 Deus.
1172 4394 1191 4427 ι
1224 4374 1283 4428 In
1313 4390 1422 4444 quo
1449 4383 1628 4430 autem
1652 4385 1733 4431 est
1760 4375 1922 4443 Deus,
1956 4378 2061 4431 nisi

494 4469 547 4522 in
579 4467 797 4522 Christo
828 4464 977 4531 Jesu,
1012 4464 1189 4520 Verbo
1218 4466 1426 4532 Patris,
1464 4476 1519 4521 et
1551 4467 1808 4538 mysterio
1834 4482 2058 4522 oecono-
2086 4480 2135 4539 ο

494 4562 636 4624 miae,
674 4560 724 4614 id
756 4569 860 4625 est,
890 4559 1322 4615 incarnationis?
1362 4558 1437 4615 De
1468 4575 1579 4630 quo
1610 4576 1803 4616 rursus
1831 4561 2057 4627 docens,

490 4664 709 4707 carnem
740 4650 860 4721 ejus
888 4651 1155 4723 signiﬁcat
1178 4667 1302 4707 cum
1324 4654 1399 4707 ait
1429 4670 1443 4704 :
1482 4670 1503 4703 ‹
1535 4651 1647 4723 Ego
1671 4652 1902 4707 excitavi
1930 4667 2056 4707 eum

488 4761 613 4799 cum
635 4745 868 4814 justitia,
897 4754 951 4800 et
984 4758 1173 4798 omnes
1214 4744 1315 4797 via:
1357 4744 1477 4814 ejus
1511 4753 1689 4798 rectae.
1728 4761 1747 4794 ι
1775 4741 1917 4808 Quid
1952 4741 2056 4812 igi-

490 4836 614 4890 tur?
641 4836 708 4891 de
745 4850 855 4905 quo
889 4843 1116 4890 testatur
1146 4834 1251 4889 hoc
1285 4834 1407 4889 loco
1436 4832 1635 4888 Pater?
1662 4832 1728 4887 de
1756 4831 1894 4886 Filio
1923 4831 2057 4886 dicit

485 4928 645 4983 Pater
686 4944 701 4981 :
745 4946 763 4978 ‹
804 4927 915 4997 Ego
951 4926 1181 4981 excitavi
1233 4941 1361 4981 cum
1405 4940 1531 4981 cum
1566 4925 1799 4994 justitia.
1836 4941 1855 4975 ι
1895 4921 2051 4988 Quod

486 5028 669 5073 autem
716 5017 874 5071 Pater
908 5016 1188 5071 suscitavit
1215 5014 1414 5069 Filium
1461 5016 1514 5069 in
1552 5014 1786 5085 justitia,
1820 5022 2052 5067 testatur

486 5109 686 5165 Paulus
735 5108 1037 5179 apostolus,
1093 5124 1217 5162 cum
1261 5108 1337 5162 ait
1374 5122 1387 5159 :
1423 5125 1442 5160 ι
1484 5107 1541 5161 Si
1586 5118 1764 5161 autem
1812 5103 2050 5174 Spiritus

483 5197 575 5266 qui
624 5196 907 5251 suscitavit
951 5195 1229 5250 Christum
1276 5194 1462 5250 Jesum
1504 5211 1534 5249 a
1562 5194 2050 5260 mortuis,habitat

488 5288 541 5340 in
569 5287 750 5351 vobis;
782 5286 876 5355 qui
901 5286 1186 5341 suscitavit
1212 5286 1489 5341 Christum
1518 5283 1701 5339 Jesum
1736 5298 1765 5337 a
1792 5283 2046 5349 mortuis,

2171 3273 2288 3344 τῆς.
2322 3271 2463 3341 Ἐγὼ
2494 3276 2559 3344 τῇ
2590 3273 2730 3345 χειρί
2767 3292 2866 3345 μου
2896 3276 3198 3347 ἐστερέωσα
3227 3277 3320 3331 τὸν
3350 3280 3710 3351 οὑρανόν.Ἐγὼ

2172 3365 2339 3417 πᾶσιν
2371 3366 2483 3428 τοῖς
2517 3366 2738 3436 ἄστροις
2762 3366 3131 3441 ἐνετειλάμην.
3171 3369 3312 3437 Ἐγὼ
3338 3372 3525 3445 ἤγειρα
3550 3373 3706 3431 αὐτὸν,

2171 3453 2265 3506 καὶ
2293 3454 2464 3507 πᾶσαι
2503 3456 2559 3507 αἱ
2590 3454 2701 3508 ὁδοὶ
2742 3455 2907 3509 αὑτοῦ
2940 3457 3166 3513 εὐθεῖαι.
3193 3455 3363 3523 Οὗτος
3404 3464 3705 3534 οἰκοδομήσει

2169 3542 2267 3614 τὴν
2302 3544 2457 3598 πόλιν
2497 3562 2619 3615 μου,
2659 3548 2754 3600 καὶ⁵
2788 3546 2884 3618 τὴν
2912 3549 3284 3620 αἰχμαλωσίαν
3309 3553 3630 3625 ἐπιστρέψειδ
3657 3552 3704 3604 οὐ

2174 3635 2309 3705 μετὰ
2352 3634 2581 3708 λύτρων,
2623 3638 2745 3690 οὐδὲ
2789 3639 2925 3709 μετά
2962 3640 3169 3713 δώρων,
3210 3642 3367 3699 εἶπεν
3404 3648 3595 3718 Κύριος
3624 3647 3702 3696 Σα-

2170 3726 2337 3780 ϐαὼθ.
2365 3727 2547 3792 Οὕτως
2585 3726 2738 3783 εἶπεν
2772 3731 2973 3803 Κύριος
3000 3733 3245 3790 Σαϐαώθο
3297 3739 3601 3793 Ἐκοπίασεν
3628 3735 3701 3789 Αἰ-

2168 3837 2394 3887 γυπτος,
2435 3822 2528 3874 καὶ
2564 3822 2803 3893 ἐμπόρια
2842 3825 3111 3879 Αἰθιόπων
3148 3828 3243 3881 καὶ
3275 3831 3325 3882 οἱ
3356 3831 3603 3900 Σαϐαεὶμ.
3627 3830 3699 3881 ἂν·

2165 3911 2290 3982 δρες
2318 3912 2513 3983 ὑψηλοὶ
2537 3914 2629 3967 ἐπὶ
2655 3915 2714 3967 σὲ
2742 3915 3107 3987 διαϐήσονται,
3134 3921 3232 3973 καὶ
3261 3922 3347 3975 σοὶ
3378 3922 3576 3976 ἔσονται
3603 3919 3700 3973 δοῦ·

2166 4002 2268 4067 λοι,
2298 4006 2391 4058 καὶ⁴
2419 4006 2599 4058 ὀπίσω
2626 4023 2718 4058 σου
2764 4006 3215 4079 ἀκολουθήσουσιν
3252 4012 3521 4084 δεδεμένοι
3555 4027 3702 4083 15:90.-

2166 4093 2375 4159 πέδαις,
2404 4095 2498 4148 καὶ
2525 4095 2582 4148 ὲν
2610 4095 2693 4147 σοὶ
2716 4099 3170 4169 προσκυνήσουσι,
3198 4102 3293 4154 καὶ
3318 4103 3381 4154 ἐν
3404 4099 3701 4172 6011190625-

2165 4184 2366 4249 ξονται,
2397 4185 2479 4238 ὃτι
2517 4187 2575 4239 ἐν
2625 4188 2708 4240 σοὶ
2751 4188 2780 4239 ὀ
2820 4188 2951 4253 Θεός
3001 4190 3137 4255 ἐστι,
3180 4193 3273 4244 καὶ
3310 4194 3413 4247 οὐκ
3457 4195 3563 4247 ἔστι
3591 4190 3701 4250 Dab;

2164 4274 2304 4345 πλὴν
2344 4274 2458 4328 σοῦ.
2490 4277 2562 4329 Σὺ
2597 4277 2704 4348 γάρ
2738 4273 2789 4331 εἶ
2821 4279 2972 4345 Θεὸς,
3013 4282 3105 4333 καὶ
3133 4282 3233 4336 οὐκ
3274 4282 3513 4353 ᾔδειμεν·
3538 4285 3565 4335 ὀ
3592 4281 3699 4339 6εᾶ

2162 4365 2257 4419 τοῦ
2298 4366 2514 4439 Ἰσραὴλ
2556 4369 2766 4440 Σωτήρ.
2851 4372 2940 4424 Ἐν
2991 4373 3075 4427 σοὶ
3134 4370 3247 4437 οὖν,
3300 4376 3489 4445 φησιν,
3527 4376 3554 4426 ὁ
3591 4372 3702 4431 θεός

2162 4457 2327 4511 ἐστιν.
2369 4475 2387 4508 ι
2433 4458 2521 4511 Ἐν
2549 4458 2655 4512 τίνι
2683 4459 2739 4511 δὲ
2777 4459 2806 4512 ὁ
2832 4460 3109 4527 Θεὸς,ἀλλ’
3145 4463 3177 4533 ἢ
3210 4464 3270 4515 ἐν
3301 4463 3519 4534 Χριστῷ
3553 4457 3697 4531 Ἰησοῦ

2162 4546 2240 4619 τῷ
2252 4548 2504 4619 Πατρῴῳ
2530 4550 2713 4619 Λόγῳ,
2744 4551 2837 4603 καὶ
2864 4550 2940 4622 τῷ
2966 4554 3367 4624 μυστηρίῳ-τῆς
3389 4552 3698 4621 οἰκονομίαςς

2164 4641 2301 4711 Περὶ
2332 4638 2395 4692 οὗ
2427 4641 2589 4693 πάλιν
2632 4642 2889 4697 δεικνύων
2930 4644 2990 4696 τὸ
3021 4644 3163 4697 κατά
3203 4645 3384 4716 σάρκα
3417 4644 3576 4699 αὑτοῦ
3616 4658 3697 4707 61',-

2166 4733 2362 4803 μαίνει*
2399 4751 2417 4785 ι
2460 4732 2601 4801 Ἐγὼ
2630 4734 2825 4805 ἦγειρα
2853 4734 3014 4788 αὐτὸν
3056 4737 3192 4806 μετά
3229 4736 3589 4806 δικαιοσύνης,
3625 4732 3701 4784 καὶ

2161 4826 2333 4877 πᾶσαι
2382 4825 2439 4877 αἱ
2485 4826 2595 4879 όδοδ⁹
2636 4825 2798 4879 αὐτοῦ
2844 4827 3069 4881 εὐθεῖαι.
3101 4848 3121 4880 ι
3152 4828 3217 4881 Τί
3265 4826 3390 4893 οὗνς
3422 4829 3546 4900 πρ).
3577 4826 3699 4883 τίνος

2159 4917 2425 4986 μαρτυρεί
2446 4915 2633 4987 Πατήρ
2657 4930 2671 4980 ;
2708 4915 2835 4984 περὶ
2858 4915 2952 4971 τοῦ
2976 4916 3105 4970 Υίοῦ
3132 4918 3321 4990 Πατήρ
3348 4918 3510 4987 λέγει·
3541 4936 3559 4968 ι
3580 4910 3699 4982 Ἐγὼ

2154 5006 2351 5077 ἤγειρα
2398 5006 2561 5059 αὑτὸν
2608 5006 2745 5077 μετά
2793 5006 3155 5080 δικαιοσύνης.
3202 5028 3221 5060 ι
3254 5012 3376 5063 ’Ότι
3428 5010 3484 5061 δὲ
3530 5005 3696 5073 Πατὴρ

2152 5097 2372 5169 ἤγειρεν
2417 5098 2578 5152 αὑτοῦ
2629 5099 2722 5152 τὸν
2760 5098 2890 5154 Υίδν
2933 5101 2991 5153 ἐν
3034 5099 3370 5172 δικαιοσύνῃ,
3399 5096 3700 5171 μαρτυρεῑό

2152 5187 2445 5252 ἀπόστολος
2494 5188 2705 5253 Παῦλος
2749 5187 2950 5258 λέγων’
2984 5208 3002 5241 ι
3035 5191 3097 5242 Εἰ
3138 5189 3194 5242 δὲ
3244 5190 3306 5242 τὸ
3352 5189 3573 5257 Πνεῦμα
3620 5183 3700 5236 τοῦ

2150 5280 2464 5352 ἐγείραντος
2511 5282 2745 5354 Χριστὸν
2780 5283 2984 5355 Ἰησοῦν
3016 5283 3125 5355 (75)
3156 5284 3220 5336 ἐκ
3256 5282 3459 5354 νεκρῶν
3492 5280 3627 5333 οἰκεῖ
3655 5280 3699 5330 ἐν

556 5400 826 5473 ³⁸,Εριιοε.
856 5418 938 5470 ιιι,
974 5402 1061 5457 15.
1139 5402 1185 5434 ³⁸
1211 5404 1232 5455 I
1255 5404 1380 5457 Cor.
1412 5418 1528 5469 vni,
1557 5402 1610 5456 6.
1690 5402 1731 5432 ³⁷
1765 5399 2007 5467 lsa-XLV.
2040 5400 2061 5453 ί

2184 5398 2228 5431 ³⁸
2253 5396 2386 5454 Ibid.
2444 5398 2626 5455 I145.

482 5511 696 5585 πρῶτον
723 5511 943 5585 εἰπόντα
974 5509 1066 5565 τὸν
1098 5510 1334 5585 Χριστὸν
1361 5511 1514 5581 ψιλὸν
1545 5512 1846 5585 ἀνθρωπον.
1884 5511 2043 5585 Οοηίτ

482 5580 590 5651 que
617 5584 1011 5652 observandum
1033 5622 1049 5647 ,
1078 5580 1226 5650 quOd
1264 5580 1345 5650 τῷ
1375 5580 1713 5652 μονοκώλως,
1751 5583 1891 5637 infra
1923 5600 1973 5636 c.
2013 5584 2045 5634 4

483 5653 770 5723 opponitur
781 5651 1105 5723 ὁλοκλήρως.

558 5719 666 5795 (74)
704 5719 1078 5795 Οἰκονομϊαν.
1114 5719 1234 5776 Vid.
1269 5721 1321 5775 in
1358 5723 1501 5777 hunc
1549 5723 1722 5778 locum
1764 5722 1904 5778 inira
1946 5720 2044 5775 ade

2149 5512 2698 5590 ηοῐεερτξςιεοριης
3062 5584 3073 5590 -
3188 5585 3201 5590 -
3394 5584 3443 5590 --
3585 5580 3669 5590 —-

2220 5580 2331 5649 (75)
2371 5583 2622 5649 Ἰησοῦν.
2656 5583 2787 5637 Jesu
2832 5598 3026 5638 nomen
3062 5584 3163 5639 hoc
3188 5585 3311 5639 loco
3348 5584 3555 5639 addunt
3585 5580 3697 5647 Epi-

2150 5652 2301 5704 stola:
2333 5653 2398 5705 ad
2433 5652 2597 5725 Bonl.
2622 5657 2836 5725 codices
2862 5655 3442 5725 quidamtveteresque
3479 5654 3699 5725 scripto-

2149 5734 2255 5787 res,
2288 5730 2341 5776 ut
2369 5737 2398 5776 a
2428 5720 2513 5777 Jo.
2537 5722 2703 5779 Millio
2726 5720 3059 5780 adnotatum.
3092 5724 3309 5780 FABRIC.
