3862 6496
395 303 493 360 811

1056 293 1113 347 S.
1155 290 1516 346 lllPPOLYTl
1558 289 1706 342 OPP.
1749 267 1930 341 PARS
1967 286 2031 343 11.
2072 317 2142 328 ····
2179 285 2488 340 DOGMAT.
2532 285 2617 338 ET
2655 285 3000 341 lllSTORlC.
3553 285 3644 340 8l2

395 439 558 480 neruo
587 421 692 492 nisi
718 419 866 474 solus
890 431 1023 487 puer
1049 427 1100 468 et
1121 413 1393 485 perfectus
1418 414 1604 473 homo,
1623 407 1791 479 ct'qui
1817 409 1960 465 solus

2074 409 2357 480 ἄνθρωπος
2384 405 2526 478 όρῶν
2547 406 2638 458 τὸν
2655 405 2810 469 Θεὸν,
2839 405 2983 476 ὁρῶν
3011 404 3068 458 δὲ
3101 405 3190 458 τὸν
3225 403 3357 458 Θεὸν
3379 403 3486 457 οὐδ’
3509 399 3582 468 εἷς
3605 411 3644 459 εἰ

395 523 617 574 enarrat
638 512 923 568 consilium
949 507 1147 562 Patris.
1169 506 1256 558 Ait
1277 505 1420 559 enim
1443 502 1681 556 Joannes
1712 521 1723 554 :
1756 521 1773 552 ι
1797 501 1969 556 Deum

393 624 556 663 nemo
591 597 722 660 vidit
759 616 996 670 unquam
1035 619 1046 652 :
1083 598 1395 668 unigenitus
1446 595 1617 649 Filius
1656 595 1748 664 qui
1791 603 1874 648 est
1916 595 1972 646 in

395 703 521 759 sinu
551 699 746 762 Patris,
779 697 896 765 ipse
934 693 1211 750 enarravit
1253 691 1318 744 ⁸⁸.
1365 709 1384 741 ›
1419 687 1485 742 Ει
1511 703 1706 743 rursus
1742 706 1755 741 :
1796 706 1813 738 ι
1865 686 1970 753 Qui

395 797 463 851 de
512 795 650 854 caelo
702 789 1001 854 descendit,
1044 788 1190 857 quod
1240 783 1448 838 audivit
1493 793 1545 836 et
1595 783 1752 848 vidit,
1803 789 1972 836 testa-

393 898 484 944 tur
514 886 580 942 ν’.
619 905 637 937 ι
680 883 778 939 Hic
817 883 979 954 igitur
1009 891 1111 947 est,
1140 879 1225 936 cui
1259 893 1476 933 omnem
1510 875 1792 930 scientiam
1824 873 1971 928 dedit

393 979 586 1044 Pater;
617 975 708 1046 qui
741 975 798 1028 in
838 984 984 1030 terra
1029 974 1182 1027 visus
1230 979 1333 1037 cst,
1377 979 1432 1023 et
1477 985 1600 1023 cum
1657 966 1970 1022 hominibus

393 1077 748 1124 οοηνονεξιιιιε
780 1075 880 1120 est.

463 1247 552 1303 Vl.
606 1247 760 1314 Quod
812 1258 992 1300 autem
1040 1244 1172 1298 dicit
1229 1243 1526 1314 Apostolus
1583 1260 1594 1294 :
1649 1265 1666 1292 ι
1723 1239 1966 1306 Quorum

391 1353 594 1415 patres,
628 1358 690 1396 ex
737 1341 935 1411 quibus
962 1337 1217 1393 Christus
1250 1337 1550 1392 secundum
1594 1350 1837 1398 carnem,
1876 1333 1966 1402 qui

391 1445 475 1492 est
519 1449 682 1504 super
729 1431 912 1486 omnia
947 1430 1088 1484 Deus
1123 1430 1441 1484 benedictus
1487 1429 1540 1481 in
1590 1428 1786 1482 saecula
1825 1426 1904 1488 ⁸⁸,
1945 1444 1962 1474 ι

391 1526 617 1598 pulchre
667 1531 886 1580 enarrat
934 1531 986 1575 et
1039 1520 1274 1574 dilucide
1330 1521 1648 1588 mysterium
1697 1517 1968 1571 veritatis.

393 1619 493 1674 llic
523 1618 614 1688 qui
644 1625 727 1672 est
758 1631 918 1684 super
953 1614 1159 1680 omnia,
1191 1613 1332 1667 Deus
1364 1621 1448 1667 est
1478 1613 1581 1682 (sic
1625 1611 1770 1666 enim
1805 1611 1968 1664 audet

392 1712 572 1766 dicere
602 1729 612 1763 :
646 1727 664 1759 ‹
695 1705 888 1762 Omnia
913 1705 1046 1759 mihi
1071 1704 1266 1758 tradita
1295 1712 1422 1758 sunt
1452 1720 1482 1757 a
1511 1702 1671 1758 Patre
1697 1701 1834 1773 ‘93).
1861 1699 1964 1768 Qui

2077 503 2150 573 μὴ
2181 503 2339 573 μόνος
2366 501 2395 553 6
2425 502 2553 563 παῖς
2587 497 2698 569 (79)
2731 499 2826 552 καὶ
2847 497 3050 560 τέλειος
3081 495 3366 567 ἄνθρωπος
3387 497 3482 550 καὶ
3501 497 3646 566 ’μόνος

2071 591 2467 661 διηγησάμενος
2499 590 2598 660 τὴν
2646 589 2840 660 βουλὴν
2897 587 2991 640 τοῦ
3035 587 3268 658 Πατρός.
3327 587 3492 656 Λέγει
3552 589 3644 658 γὰρ

2073 684 2167 737 καὶ
2213 682 2498 752 Ἰωάννης·
2537 700 2555 732 ι
2595 680 2726 734 Θεὸν
2777 679 2950 742 οὐδεὶς
2983 675 3228 749 ἑώρακεν
3277 677 3529 730 πώποτει
3563 695 3644 748 μο-

2073 774 2294 846 νογενὴς
2321 773 2448 836 Υἱὸς
2475 775 2502 826 6
2534 771 2610 824 ὢν
2643 774 2724 835 εἰς
2754 771 2845 823 τὸν
2878 769 3079 824 κόλπον
3111 767 3204 821 τοῦ
3239 768 3476 838 Πατρὸς,
3505 768 3646 832 αὐτὸς

2071 868 2386 939 διηγήσατο.
2417 881 2435 914 ι
2457 863 2569 917 Καὶ
2586 863 2781 916 πάλιν·
2819 882 2838 915 ι
2893 863 2949 916 Ὁ
2995 864 3059 915 ὲκ
3095 861 3192 914 τοῦ
3221 860 3456 934 οὐρανοῦ
3495 877 3647 912 κατα-

2071 959 2190 1023 63ις,
2221 959 2248 1011 ὂ
2276 960 2507 1029 ἤκουσεν
2539 957 2633 1010 καὶ
2671 955 2936 1026 ἑώρακεν,
2973 955 3260 1026 μαρτυρεῖ.
3303 969 3321 1003 ι
3367 947 3540 1014 Οὗτος
3567 948 3646 1005 οὖν

2071 1055 2219 1105 ἐστιν
2245 1047 2289 1118 ᾧ
2317 1053 2498 1104 πᾶσαν
2527 1051 2835 1120 ἐπιστήμην
2873 1047 3063 1118 Πατὴρ
3103 1046 3320 1108 ἔδωκεν,
3347 1045 3408 1108 ὃς
3429 1045 3525 1097 ἐπὶ
3561 1043 3646 1114 γῆς

2071 1143 2254 1214 ὤφθη,
2284 1144 2380 1196 καὶ
2430 1143 2544 1204 τοῖς
2591 1139 2901 1212 ἀνθρώποις
2937 1138 3374 1210 συνανεστράφη.

2150 1239 2216 1290 Ὃ
2244 1237 2298 1289 δὲ
2323 1237 2469 1305 λέγει
2493 1237 2521 1287 6
2548 1233 2897 1296 Ἀπόστολος·
2923 1251 2941 1283 ι
2971 1223 3070 1284 Ὧν
3100 1234 3149 1284 oi
3179 1231 3436 1303 πατέρες,
3461 1231 3522 1296 ἐξ
3541 1224 3646 1284 ὧνὸ

2071 1327 2302 1399 Χριστὸς
2323 1328 2350 1378 6
2366 1324 2507 1378 κατὰ
2523 1325 2722 1396 σάρκα,
2739 1325 2766 1375 6
2783 1322 2857 1375 ὣν
2883 1322 2974 1375 ἐπὶ
2989 1321 3206 1375 πάντων
3223 1320 3356 1384 Θεὸς
3373 1321 3646 1392 εὐλογητὸς

2073 1422 2150 1483 εἰς
2176 1419 2301 1482 τοὺς
2331 1417 2553 1481 αἰῶνας,
2591 1435 2607 1466 ι
2652 1414 2830 1477 καλῶς
2856 1413 3121 1484 διηγεῖται
3144 1411 3238 1466 καὶ
3271 1413 3526 1484 λαμπρὸν
3548 1413 3643 1484 (80)

2070 1511 2132 1563 τὸ
2159 1512 2255 1582 τῆς
2300 1508 2558 1582 ἀληθείας
2593 1508 2910 1578 μυστήριον.
2948 1499 3114 1567 Οὗτος
3141 1505 3170 1556 6
3201 1503 3276 1557 ὢν
3321 1505 3414 1556 ἐπὶ
3445 1504 3644 1557 πάντων

2071 1603 2202 1666 Θεός
2254 1604 2440 1667 ἐστιν,
2500 1599 2646 1668 λέγει
2709 1599 2817 1670 γὰρ
2876 1597 3020 1650 οὕτω
3085 1595 3226 1667 μετὰ
3297 1594 3639 1666 παρρησίαςυ

2078 1717 2094 1746 ι
2135 1695 2320 1749 Πάντα
2366 1711 2455 1766 μοι
2487 1691 2848 1762 παραδέδοται
2876 1690 2980 1742 ὑπὸ
3027 1687 3118 1742 τοῦ
3149 1687 3385 1759 Πατρός.
3425 1707 3444 1738 ι
3489 1688 3548 1740 '0
3581 1685 3642 1738 ὢν

391 1811 476 1857 est
503 1816 667 1871 super
703 1799 884 1854 omnia
920 1798 1061 1852 Deus
1104 1796 1444 1861 benedictus,
1493 1797 1708 1865 genitus
1753 1805 1868 1858 est;
1911 1803 1960 1848 et

2067 1789 2159 1842 ἐπὶ
2201 1787 2420 1841 πάντων
2461 1785 2592 1848 Θεὸς
2639 1783 2930 1852 εὐλογητὸς
2959 1781 3274 1851 γεγένηται,
3309 1779 3406 1831 καὶ
3449 1777 3642 1848 ἄνθρω-

389 1895 568 1951 factus
601 1894 790 1954 homo,
841 1891 981 1946 Deus
1012 1903 1094 1946 est
1128 1891 1182 1942 in
1231 1889 1449 1943 saecula.
1489 1887 1577 1942 Sic
1620 1889 1764 1940 enim
1800 1885 1966 1941 Joan-

391 2002 490 2041 nes
517 1983 590 2038 ait
618 2004 628 2036 :
669 2003 686 2033 ι
724 1981 828 2048 Qui
851 1990 952 2044 est,
981 1990 1034 2034 et
1059 1981 1330 2050 quilerat,
1365 1987 1416 2032 et
1442 1978 1537 2048 qui
1573 1987 1833 2031 venturus
1859 1985 1963 2042 est,

389 2079 535 2134 Deus
561 2077 904 2146 omnipotens
937 2075 1004 2127 ⁸ο.
1048 2093 1066 2125 ι
1107 2073 1272 2128 Recte
1299 2072 1514 2125 vocavit
1539 2071 1965 2137 omnipotentem

391 2171 690 2227 Christum.
724 2167 834 2222 Hoc
883 2167 1028 2224 enim
1077 2167 1233 2228 dixit,
1269 2167 1414 2234 quod
1460 2163 1678 2233 quidem
1713 2163 1964 2217 Christus

387 2260 698 2314 testabitur.
733 2257 1003 2312 Tribueus
1047 2255 1192 2309 enim
1236 2253 1608 2309 testimonium
1639 2271 1650 2306 :
1691 2272 1708 2302 ι
1745 2250 1962 2316 Omnia,

389 2351 585 2420 inquit,
622 2349 753 2402 mihi
788 2349 984 2402 tradita
1024 2356 1153 2402 sunt
1181 2363 1210 2400 a
1250 2345 1412 2400 Patre
1449 2345 1526 2409 5|;
1569 2363 1585 2394 ›
1637 2353 1690 2397 ct
1715 2344 1963 2398 onmium

389 2444 731 2498 dominatum
776 2450 954 2504 tenet;
985 2441 1341 2509 omnipotens
1372 2456 1402 2492 a
1447 2437 1604 2491 Patre
1635 2438 1964 2492 constitutus

390 2543 475 2589 est
499 2533 770 2588 Christus.
817 2532 934 2584 lmo
969 2539 1022 2584 et
1063 2529 1266 2583 Paulus
1306 2529 1510 2582 docens
1536 2525 1718 2580 omnia
1748 2525 1796 2579 ei
1839 2528 1966 2580 data

388 2641 530 2688 esse,
584 2625 664 2678 sic
711 2622 849 2676 dixit
887 2641 898 2674 :
951 2641 969 2672 ‹
1005 2620 1266 2674 Primitiae
1306 2617 1589 2682 Christus;
1626 2615 1841 2682 deinde,
1871 2617 1964 2686 qui

389 2721 518 2770 sunt
553 2713 756 2768 Christi
799 2713 853 2766 in
889 2712 1179 2766 adventum
1224 2709 1376 2777 ejus;
1413 2717 1600 2777 postea
1645 2707 1790 2772 ﬁnis,
1840 2722 1964 2761 cum

389 2805 671 2861 tradiderit
717 2819 940 2871 regnum
991 2801 1099 2857 Deo
1148 2811 1200 2856 ct
1245 2801 1427 2868 Patri;
1470 2815 1592 2854 cum
1626 2799 1968 2854 evacuaverit

389 2915 606 2954 onmem
645 2896 1030 2966 principatum,
1073 2903 1127 2948 et
1156 2908 1374 2947 omnem
1410 2899 1732 2962 potestatem
1773 2897 1826 2943 et
1857 2890 1966 2942 vir-

391 3001 582 3046 tutem.
620 2991 843 3060 Oportet
891 2989 1033 3041 enim
1085 2986 1262 3056 ipsum
1299 2999 1543 3054 regnare,
1590 2981 1764 3036 donec
1799 2990 1967 3050 ponat

387 3101 581 3140 omnes
626 3085 878 3138 inimicos
931 3081 1032 3137 sub
1079 3079 1306 3150 pedibus
1341 3077 1474 3145 ejus.
1511 3073 1820 3130 Novissime
1847 3089 1964 3126 .au-

387 3187 494 3232 tem
531 3177 747 3231 inimica
783 3177 1094 3230 destruetur
1119 3187 1286 3226 mors.
1320 3169 1514 3223 Omnia
1546 3167 1689 3223 enim
1733 3167 1964 3237 subjecit

387 3271 487 3324 sub
528 3269 752 3338 pedibus
796 3268 932 3336 ejus.
967 3265 1102 3319 Cum
1152 3273 1332 3317 autem
1379 3262 1526 3316 dicat
1559 3279 1572 3316 :
1602 3259 1798 3314 Omnia
1829 3260 1961 3314 sub-

383 3361 528 3434 jecta
563 3369 690 3416 sunt
720 3359 802 3422 ci;
841 3358 958 3412 sine
988 3356 1154 3410 dubio
1203 3364 1398 3423 praeter
1430 3369 1554 3408 eum
1587 3354 1681 3422 qui
1734 3351 1965 3421 subjecit

385 3452 436 3505 ei
481 3451 684 3504 omnia.
715 3447 852 3502 Cum
887 3455 1066 3500 autem
1095 3447 1343 3520 gibjccta
1395 3443 1598 3498 fuerint
1643 3443 1722 3497 illi
1755 3443 1959 3508 omnia,

387 3549 518 3594 tunc
544 3547 595 3594 et
628 3541 741 3607 ipse
765 3537 934 3592 Filius
959 3538 1239 3609 subjectus
1264 3539 1365 3590 erit
1397 3537 1444 3590 ei
1475 3537 1568 3606 qui
1600 3535 1834 3604 subjecit
1858 3535 1960 3590 sibi

387 3631 592 3694 omnia,
621 3641 681 3684 ut
713 3631 785 3684 sit
807 3629 950 3684 Deus
974 3631 1157 3683 omnia
1198 3631 1250 3682 in
1285 3629 1538 3684 munibus
1562 3629 1628 3684 ".
1667 3647 1685 3680 ι
1717 3627 1771 3682 Si
1798 3629 1962 3698 igitur

387 3723 572 3776 oninia
614 3721 855 3790 subjecta
889 3730 1015 3774 sunt
1049 3721 1097 3774 ei
1129 3731 1320 3789 praeter
1351 3735 1474 3773 eum
1509 3720 1602 3790 qui
1635 3719 1688 3774 ei
1729 3719 1960 3788 subjecit

385 3814 589 3876 omnia,
622 3815 866 3867 omnium
901 3821 1048 3867 tenet
1079 3812 1453 3876 dominatum;
1491 3811 1664 3879 ipsius
1699 3824 1829 3864 vero
1856 3811 1958 3862 do-

383 3909 649 3962 minatum
682 3915 825 3960 tenet
855 3905 1012 3959 Pater
1056 3923 1070 3958 :
1123 3916 1179 3957 ut
1216 3904 1270 3957 in
1320 3903 1576 3958 erunibus
1623 3917 1767 3956 unus
1817 3900 1960 3956 Deus

383 4003 710 4070 reperiatur,
762 4000 848 4054 cui
904 3999 1088 4053 omnia
1137 3997 1381 4066 subjecta
1433 4007 1561 4050 sunt
1617 3994 1778 4049 simul
1834 4007 1959 4047 eum

382 4095 620 4160 Christo,
655 4094 742 4146 cui
768 4092 950 4146 omnia
978 4091 1141 4146 Pater
1170 4091 1400 4160 subjecit
1429 4096 1622 4158 praeter
1652 4101 1711 4143 se
1752 4087 1951 4156 ipsum.

383 4183 497 4240 Hoc
528 4185 672 4240 enim
697 4185 958 4240 Christus
987 4184 1145 4249 dixit,
1177 4183 1320 4238 sicut
1349 4181 1404 4235 in
1435 4179 1728 4250 Evangelio
1763 4187 1818 4233 et
1848 4177 1958 4234 Pa-

383 4293 520 4336 trem
573 4296 728 4335 suum
759 4288 811 4333 et
855 4277 1026 4334 Deum
1058 4275 1343 4332 confessus
1373 4285 1477 4330 est.
1512 4275 1602 4328 Ait
1631 4275 1777 4330 enim
1827 4273 1905 4328 sie
1941 4291 1953 4325 :

386 4395 406 4426 ι
447 4373 599 4426 Vado
643 4373 706 4426 ad
754 4365 968 4425 Patrem
1018 4387 1198 4423 meum
1227 4379 1280 4423 et
1325 4368 1540 4422 Patrem
1587 4375 1869 4432 vestrum;
1905 4371 1959 4417 et

2067 1899 2169 1945 πος
2213 1880 2501 1951 γενόμενος
2545 1876 2679 1940 Θεός
2723 1877 2869 1928 ἐστιν
2901 1877 2982 1938 εἰς
3014 1874 3142 1936 τοὺς
3197 1871 3422 1935 αἰῶνας.
3475 1869 3642 1930 Οὕτως

2065 1974 2174 2044 γὰρ
2205 1973 2299 2026 καὶ
2343 1972 2595 2040 Ἰωάννης
2619 1965 2770 2022 εἶπεν
2799 1966 2930 2037 (81)’
2958 1985 2976 2017 ι
3033 1967 3090 2018 '0
3119 1963 3194 2018 ὢν
3220 1963 3314 2016 καὶ
3343 1958 3486 2032 όῆν.
3513 1961 3598 2013 καὶ
3617 1961 3642 2011 6

2066 2069 2379 2138 ἐρχόμενος,
2424 2066 2452 2117 6
2495 2065 2628 2127 Θεὸς
2669 2064 2698 2116 ὁ
2739 2059 3150 2130 παντοκράτωρ.
3206 2076 3224 2108 ι
3269 2055 3470 2118 Καλῶς
3505 2049 3640 2106 εἶπεν

2067 2159 2478 2231 παντοκράτορα
2518 2154 2768 2227 Χριστόν.
2815 2151 2985 2206 Τοῦτο
3031 2149 3141 2220 γὰρ
3184 2144 3336 2200 εἶπεν
3393 2147 3530 2214 ὅπερ
3561 2144 3640 2198 καὶ

2065 2253 2214 2324 αὑτῷ
2255 2249 2593 2324 μαρτυρήσει
2632 2248 2660 2298 6
2709 2243 2964 2316 Χριστός.
3013 2239 3323 2312 Μαρτυρῶν
3373 2237 3485 2308 γὰρ
3521 2238 3640 2307 Χρι-

2069 2348 2190 2409 στὸς
2241 2343 2376 2414 ἔφη’
2429 2361 2447 2393 ι
2497 2341 2682 2394 Πάντα
2715 2354 2804 2408 μοι
2838 2333 3196 2404 παραδέδοται
3227 2329 3378 2402 παρὰ
3409 2328 3505 2382 τοῦ
3543 2329 3640 2380 Ila.-

2067 2441 2219 2512 τρός·
2263 2457 2281 2490 ι
2321 2439 2415 2492 καὶ.
2447 2436 2663 2488 πάντων
2695 2432 2908 2502 κρατεῖ,
2937 2425 3336 2496 παντοκράτωρ
3365 2423 3514 2492 παρὰ
3543 2422 3638 2473 Πα-

2065 2533 2194 2603 τρὸς
2241 2527 2546 2596 κατεστάθη
2591 2521 2844 2596 Χριστός.
2904 2519 3042 2588 Ἤδη
3073 2518 3129 2570 δὲ
3179 2516 3274 2569 ml.
3311 2513 3521 2576 Παῦλος
3543 2511 3634 2564 δει-

2067 2626 2230 2686 κνὺς,
2275 2623 2356 2675 ὅτι
2409 2619 2587 2672 πάντα
2641 2615 2790 2686 αὑτῷ
2846 2611 3225 2684 παραδέδοται,
3285 2606 3458 2670 οὑτως
3509 2605 3630 2674 ἐπ’

2074 2735 2090 2766 ι
2146 2709 2390 2780 Ἀπαρχὴ
2443 2704 2698 2778 Χριστὸς,
2731 2703 2920 2755 ἔπειτα
2965 2699 3016 2751 οἱ
3065 2695 3157 2750 τοῦ
3207 2693 3446 2766 Χριστοῦ
3489 2695 3542 2744 ὲν
3571 2694 3629 2760 τῇ

2069 2803 2340 2875 παρουσία
2361 2797 2545 2852 αὑτοῦ·
2574 2793 2692 2848 εἶτα
2713 2795 2774 2847 τὸ
2800 2793 2950 2856 τέλος
2969 2792 3094 2844 ὅταν
3127 2785 3404 2857 παραδιδῷ
3435 2785 3526 2854 τὴν
3547 2783 3636 2852 βα-

2070 2895 2270 2949 σιλείαν
2314 2890 2392 2962 τῷ
2427 2888 2540 2959 Θεῴ
2587 2887 2683 2940 καὶ
2709 2885 2885 2957 Πατρί
2911 2901 2923 2914 ·
2957 2885 3085 2936 ὅταν
3114 2880 3438 2952 καταργήσῃ
3468 2878 3628 2930 πᾶσαν

2067 2987 2240 3058 ἀρχὴν
2266 2984 2359 3037 καὶ
2389 2983 2568 3035 πᾶσαν
2613 2976 2862 3043 ἐξουσίαν
2887 2975 2980 3030 καὶ
3011 2975 3256 3044 δύναμιν.
3291 2973 3386 3022 Δεῖ
3413 2971 3514 3041 γὰρ
3543 2969 3630 3020 αὑο

2069 3081 2158 3133 τὸν
2203 3076 2503 3149 βασιλεύειν
2556 3074 2714 3143 ἄχρις
2763 3065 2823 3124 οὗ
2880 3069 2946 3140 θῇ
3001 3070 3212 3129 πάντας
3259 3067 3386 3128 τοὺς
3426 3059 3630 3132 ἐχθροὶις

2068 3172 2172 3227 ὑπὸ
2199 3171 2324 3233 τοὺς
2357 3167 2527 3229 πόδας
2559 3163 2743 3217 αὑτοῦ.
2772 3163 3038 3232 Ἔσχατος
3064 3158 3257 3230 ἐχθρὸς
3288 3153 3626 3226 καταργεῖται

2065 3269 2092 3320 6
2126 3265 2370 3325 Θάνατος.
2418 3260 2603 3312 Πάντα
2649 3254 2758 3326 γὰρ
2792 3253 3156 3306 ὑποτέτακται
3193 3248 3364 3319 αὑτῷ.
3399 3248 3552 3298 Ὅταν
3575 3242 3628 3294 δὲ

2065 3357 2193 3427 εἴπῃ
2211 3373 2222 3385 ·
2253 3355 2435 3408 Πάντα
2465 3350 2831 3404 ὑποτέτακται
2869 3344 3039 3415 αὑτῷ,
3068 3343 3226 3413 δῆλον
3255 3343 3339 3395 ὃτι
3370 3339 3515 3400 ἐκτὸς
3541 3333 3624 3386 τοῦ

2066 3447 2430 3513 ὑποτάξαντος
2458 3440 2614 3511 αὑτῷ
2641 3441 2710 3494 τὰ
2743 3439 2936 3493 πάντα.
2963 3437 3098 3489 Τότε
3126 3436 3222 3488 καὶ
3257 3433 3418 3497 αὑτὸς
3449 3431 3628 3484 ὑποτα-

2066 3543 2294 3612 γήσεται
2315 3537 2393 3607 τῷ
2419 3532 2746 3597 ὑποτάξαντι
2775 3529 2923 3599 αὑτῷ
2948 3528 3017 3582 τὰ
3053 3527 3248 3592 πάντα,
3287 3519 3428 3595 ἴναῇ
3455 3522 3482 3573 ὁ
3511 3517 3623 3576 Θεὸς

2065 3633 2241 3686 πάντα
2291 3633 2349 3682 ὲν
2395 3629 2580 3680 πᾶσιν.
2631 3643 2649 3676 ι
2685 3624 2749 3676 Et
2793 3617 2885 3674 οὖν
2931 3620 3002 3672 τά
3054 3619 3232 3672 πάντα
3283 3614 3620 3669 ὑποτέτακται

2063 3725 2214 3796 αὑτῷ
2243 3724 2398 3785 ὲκτὸς
2427 3719 2519 3773 τοῦ
2549 3715 2937 3781 ὑποτάξαντος,
2987 3711 3206 3764 πάντων
3239 3709 3449 3778 κρατεῖ,
3477 3699 3617 3758 αὑτοῦ

2061 3817 2118 3870 δὲ
2150 3817 2176 3867 6
2201 3815 2388 3885 Πατήρ
2405 3828 2417 3840 ·
2449 3810 2534 3862 ἵνα
2560 3810 2616 3861 ὲν
2651 3807 2816 3858 πᾶσιν
2843 3797 2922 3866 εἷς
2945 3800 3080 3863 Θεὸς
3108 3801 3272 3868 φανῇ,
3297 3792 3344 3864 ᾧ
3373 3795 3442 3849 τὰ
3465 3794 3616 3846 πάντα

2063 3905 2426 3960 ὑποτάσσεται
2467 3900 2582 3970 ἃμα
2620 3894 2862 3968 Χριστῷ,
2909 3887 2952 3961 ᾧ
2981 3890 3050 3945 τὰ
3089 3891 3266 3944 πάντα
3295 3887 3482 3958 Πατὴρ
3509 3883 3614 3938 ὑπέ-

2062 3995 2220 4062 ταξεν
2271 3993 2445 4065 παρὲξ
2495 3989 2708 4045 ἑαυτοῦ.
2757 3988 2926 4040 Τοῦτο
2967 3983 3075 4056 γὰρ
3125 3981 3362 4054 Χριστὸς
3409 3981 3525 4050 ἔφη.
3555 3977 3614 4039 ὡς

2062 4092 2119 4143 ὲν
2153 4087 2231 4158 τῷ
2279 4083 2596 4154 Εὑαγγελίῳ
2631 4082 2724 4135 καὶ
2758 4080 2981 4151 Πατέρα
3018 4077 3146 4130 ἴδιον
3197 4075 3294 4126 καὶ
3327 4072 3458 4126 Θεὸν
3492 4071 3614 4138 ὠμο-

2059 4180 2307 4249 λόγησεν.
2360 4176 2524 4243 Λέγει
2574 4172 2683 4244 γὰρ
2733 4169 2942 4233 οὑτως·
2998 4187 3015 4219 ι
3087 4165 3319 4231 Ὑπάγω
3368 4163 3500 4234 πρὸς
3537 4158 3614 4211 τὸν

2059 4271 2280 4342 Πατέρα
2331 4286 2432 4340 μου
2468 4267 2562 4319 καὶ
2599 4263 2818 4334 Πατέρα
2867 4261 3054 4332 ὑμῶν,
3091 4259 3184 4312 καὶ
3228 4259 3361 4310 Θεόν
3415 4272 3510 4326 μου
3538 4251 3614 4303 καὶ

2059 4361 2190 4414 eam
2221 4339 2395 4430 ὑμῶν.
2432 4375 2449 4407 ι
2480 4357 2543 4408 Εἰ
2565 4351 2659 4407 οὖν
2687 4354 2894 4424 Νόητος
2917 4352 3091 4421 τολμᾷ
3119 4351 3298 4418 λέγειν
3323 4348 3480 4401 αὑτὸν
3499 4339 3612 4397 εἶναι

381 4463 552 4518 Deum
582 4478 761 4517 meum
793 4471 845 4516 et
877 4459 1043 4516 Deum
1076 4469 1316 4514 vestrum
1342 4459 1414 4512 ³³.
1451 4479 1468 4508 ›
1507 4457 1562 4511 Si
1594 4473 1722 4528 ergo
1749 4456 1954 4511 Noetus

2067 4455 2150 4507 τὸν
2183 4451 2423 4523 Πατέρα,
2447 4448 2582 4518 πρὸς
2607 4449 2754 4499 ποῖον
2780 4445 3000 4516 Πατέρα
3025 4446 3141 4515 ἐρεῖ
3169 4439 3490 4512 πορεύεσθαι
3513 4438 3616 4504 Χρι-

378 4561 543 4612 audet
572 4557 773 4622 dicere,
800 4557 973 4622 ipsum
1005 4570 1127 4608 esse
1169 4552 1415 4618 Patrem;
1449 4553 1514 4605 ad
1547 4567 1706 4620 quem
1739 4551 1952 4605 Patrem

449 4703 496 4745 ⁸ο
519 4702 675 4756 Joan.
709 4717 747 4761 ι,
779 4700 864 4754 18.
969 4699 1013 4729 ⁸⁷
1049 4697 1204 4752 Joan.
1235 4713 1314 4758 ιιι,
1345 4697 1430 4760 11,
1464 4697 1548 4750 lii.
1579 4725 1585 4731 -

374 4774 465 4829 ΕΠ.
543 4775 588 4805 ⁵³
621 4775 640 4826 1
667 4771 796 4826 Cor.
826 4787 914 4834 xv,
943 4767 1132 4822 25-28.
1209 4767 1253 4799 ⁸³
1283 4767 1442 4822 Joan.
1473 4783 1565 4828 xx.
1607 4767 1691 4821 17.

375 4892 578 4960 sephus
605 4891 700 4946 lib.
735 4891 939 4959 Antiq.,
975 4905 1097 4959 pag.
1124 4890 1212 4954 3'5,
1238 4887 1458 4960 exponit
1491 4885 1579 4941 τὸν
1621 4886 1946 4939 ἀντιστάντα

327 4999 336 5008 ρ
373 4956 592 5033 ἀγγέλῳ
623 4961 795 5032 Οείῳ),
830 4956 886 5033 et
916 4956 1082 5033 Deum
1117 4978 1129 5012 :
1164 4956 1684 5033 unde—Moysedpso
1727 4965 1949 5033 auctore

1626 4695 1669 4728 ⁸³
1707 4695 1868 4750 Rern.
1923 4712 2002 4760 ix,
2037 4691 2124 4747 15.

2067 4547 2188 4599 στὸν
2221 4541 2362 4596 κατὰ
2393 4541 2491 4610 τὴν
2520 4537 2878 4608 εὑαγγελικὴν
2917 4537 3096 4607 φωνήν
3123 4551 3136 4598 ;
3169 4535 3232 4586 Εἰ
3275 4533 3334 4586 δὲ
3366 4533 3504 4598 ἀξιοῖ
3531 4546 3612 4580 ita.

3257 4676 3300 4706 "
3333 4673 3516 4727 Matth.
3549 4603 3626 4735 xul

2204 4689 2246 4720 ⁵ου
2277 4685 2428 4740 Matt.
2497 4699 2570 4748 χι,
2602 4682 2691 4734 ΕΠ.
2773 4681 2816 4711 ⁵⁰
2848 4679 3016 4748 Ανοο·
3060 4693 3098 4732 ¹·
3124 4675 3176 4729 8·

2057 4881 2152 4935 1ῑηὶ
2188 4878 2346 4948 epist.
2367 4876 2418 4938 1,
2451 4873 2778 4948 βοιθιει·ῖ,¹ιηῬ
2830 4879 2868 4922 ιι
2903 4866 3065 4948 1..”
3071 4907 3084 4920 -
3129 4865 3380 4948 “P9‘€°"'
3409 4879 3461 4932 ν·
3493 4857 3622 4948 ’ῗῖθῖ

2055 4931 2417 5006 ἶεῖξοὲιιάευιιί
2440 4945 2511 4998 De
2527 4939 2986 5013 pseudepigraphis
3009 4931 3482 5013 apostolicista-g.
3507 4931 3609 4992 l8};

2015 5055 2020 5060 ο
2060 5003 2451 5076 Combelisium
2483 5003 2548 5068 ad
2578 5013 2634 5068 S.
2671 5003 2964 5064 Max-Vinium
2995 5003 3076 5062 t.'l
3109 5023 3232 5076 pag.
3265 5005 3390 5058 685.
3417 5003 3608 5076 Finani.

325 5083 332 5094 .
373 5028 575 5090 Genes.
619 5028 793 5098 xxxii,
840 5032 929 5095 9.5,
987 5028 1626 5099 interpretantur’aliimt
1685 5029 1949 5099 adversus

334 5111 344 5138 π
375 5106 546 5159 Deum
581 5101 758 5166 fortis,
781 5096 822 5152 “›
867 5103 1048 5173 άρχων
1079 5096 1214 5173 πρὸς
1245 5100 1394 5173 Θεόν·
1438 5099 1511 5150 ita
1561 5096 1946 5173 Symmachus.

327 5173 346 5238 ,ξ
375 5177 444 5228 At
472 5165 793 5234 Eucherius,
829 5189 846 5222 ι
889 5165 1146 5238 Princeps
1184 5187 1306 5224 cum
1350 5168 1481 5222 Deo.
1531 5187 1548 5217 ι
1579 5165 1952 5238 Aquilaié’tp-

325 5235 344 5266 δ’
374 5261 484 5316 κων
517 5243 654 5316 μετὰ
675 5241 838 5316 Θ-εοὺ.
864 5242 952 5316 Alta
975 5235 1240 5316 ct_Gallus
1271 5239 1557 5316 confessor;
1572 5253 1626 5306 p.
1645 5235 1748 5289 ’18.
1779 5235 1953 5316 Theo-

2064 5072 2258 5214 ;4019)‘
2314 5087 2376 5142 Ὅ
2428 5085 2586 5152 πιιῖς.
2649 5101 2666 5133 ι
2729 5081 2921 5144 Filius,
2969 5097 2986 5129 ι
3037 5072 3293 5132 ιιιῚιῖῖιτι
3349 5089 3468 5143 cap.
3519 5072 3612 5120 ’ἔτι

2135 5201 2149 5213 .
2211 5175 2265 5212 o.

2135 5201 2149 5213 .
2185 5175 2265 5212 ID.

2133 5250 2241 5322 (80)
2270 5247 2572 5322 ᾼαμπρόν.
2595 5243 2876 5322 interpres
2903 5239 3028 5322 legit
3053 5234 3452 5322 Zatpvrptbgpln.

371 5307 558 5371 ἆοιὶοἰι
591 5326 643 5369 et
673 5312 836 5378 LXX,
861 5311 1145 5381 ὲνισχὺσας
1179 5311 1313 5380 μετὰ
1334 5309 1486 5381 Θεοῦ.
1525 5307 1836 5381 Symmachi
1867 5307 1950 5381 in-

371 5375 1429 5456 terpretationemprobatjlieronyinus
1463 5380 1528 5456 in.
1548 5375 1750 5456 Quwst.
1783 5375 1948 5456 Hebr.

374 5447 522 5511 Idem
555 5457 610 5511 in
643 5456 746 5510 Isa.
785 5447 951 5508 xulv:
998 5473 1016 5504 ι
1050 5447 1452 5520 Ριυρτίέῇιιχιθ
1487 5447 1742 5520 Ileln‘aeos
1779 5457 1832 5500 et
1857 5447 1948 5520 ljtf

374 5537 614 5583 terarum
663 5527 824 5580 tidem
874 5524 1044 5580 Israel
1085 5517 1377 5584 εὐθύτατος
1428 5518 1586 5579 Θεοῦ,
1641 5529 1810 5572 rectus
1851 5517 1949 5569 Dei

363 5607 449 5680 διε
478 5627 591 5676 -ιωπ
623 5618 837 5674 dicitur.
909 5617 997 5670 Vir
1044 5626 1222 5670 autem
1279 5615 1454 5668 ridens
1499 5613 1688 5672 Deum,
1741 5626 1848 5662 non
1894 5611 1948 5664 in

372 5689 674 5753 cletnentis,
704 5690 794 5742 sed
819 5690 872 5742 in
902 5705 1037 5742 sono
1059 5687 1205 5740 vocis
1231 5697 1330 5739 est.
1361 5703 1377 5734 ι
1400 5683 1600 5737 Confer
1626 5681 1879 5753 Drusium
1909 5695 1946 5731 ιι

376 5749 765 5823 Αγιὶηιαιίυίίνεη
799 5775 846 5813 e.
887 5759 990 5825 '27;
1033 5757 1358 5812 Frontonem
1403 5753 1658 5808 Ducaeum
1695 5752 1760 5806 ad
1804 5749 1948 5804 Pau-

2269 5298 2542 5391 ἶίωῖἲνῖιης
2562 5298 3188 5391 sigma-Quoddoannes
3211 5298 3263 5359 in
3289 5298 3604 5390 Apocalypsi,

2061 5377 2180 5459 cap.
2215 5377 2251 5452 ι’,
2286 5389 2360 5459 ait
2397 5405 2416 5459 :7
2449 5406 2466 5436 ‹
2494 5377 2608 5459 ’ριιὶ
2641 5391 2826 5459 ψιλοί
2855 5382 2947 5450 qui
2981 5385 3119 5437 erat.
3145 5387 3200 5430 et
3221 5377 3332 5459 ’μιιὶ
3371 5381 3606 5459 venturus

2061 5443 2177 5524 .351";
2229 5443 2251 5510 ί
2291 5443 2612 5511 Ραιιιιιεῖιίι
2642 5455 2706 5508 ad
2731 5443 2894 5524 Vllum:
2931 5467 3048 5515 cap-
3095 5463 3176 5524 Fx.
3331 5463 3350 5496 ⁴
3401 5443 3533 5524 υ¹ῗ¹¹⁵
3561 5443 3606 5490 in

2063 5517 2280 5586 saecula.
2335 5548 2352 5580 ›
2397 5527 2621 5594 Propter
2648 5523 2984 5594 divinitatem
3022 5519 3165 5573 enim
3203 5517 3352 5594 _Deus
3381 5523 3607 5594 antesa’:

2060 5602 2202 5662 cula,
2233 5611 2285 5652 et
2304 5588 2523 5667 propter
2547 5609 2764 5648 carnem
2797 5593 2942 5667 D_eus
2973 5591 3028 5643 in
3054 5588 3250 5667 saecula
3285 5605 3297 5640 :
3331 5595 3384 5639 et
3411 5589 3606 5661 propter

2057 5659 2468 5724 divinitatem-et
2486 5680 2726 5726 carnem,
2744 5662 2836 5730 qui
2860 5669 3038 5730 est,ict
3059 5659 3150 5726 qui
3171 5665 3370 5730 erat,_et
3393 5659 3476 5721 qui
3495 5663 3604 5702 reu-

2057 5737 2212 5797 turus
2243 5748 2344 5810 est,
2373 5739 2514 5806 Deus
2532 5726 2922 5810 pumipotens,
2941 5729 3270 5800 FBANCIStil'S
3299 5726 3598 5779 Tonantius.
