3862 6524
247 305 353 362 813

1401 301 1682 360 CONTRA
1714 296 2038 358 HERESIN
2077 299 2300 358 ΝΟΕΤΙ.

3395 307 3502 362 8η

245 427 603 500 ταλείψαντας
659 428 804 500 ἡμᾶς
851 429 912 482 τὸ
969 425 1319 496 Εὖαγγέλιον,
1351 426 1416 499 τῇ
1447 423 1609 480 αὑτοῦ
1655 427 1804 498 ἀφρο

1923 423 2066 479 dicet
2092 425 2169 480 ire
2194 425 2474 482 Christum
2514 428 2814 482 secundum
2840 441 3028 482 vocem
3051 423 3372 500 Evangelii?
3400 428 3496 484 Sin

247 520 384 594 σύνῃ
429 522 724 584 πιστεύειν,
776 521 952 591 μάτην
1001 519 1243 590 κάμνει·
1299 537 1316 570 ι
1369 519 1680 590 πειθαρχεῖν
1717 518 1825 589 γὰρ

243 613 325 665 δεῖ
356 612 476 683 Θεῷ
512 612 720 685 μᾶλλον
751 612 786 683 ἢ
820 612 1150 684 ἀνθρώποις.
1199 631 1217 662 i

329 787 455 840 Ἐὰν
497 787 556 840 δὲ
598 786 773 854 λέγει’
809 787 978 848 Αὐτὸς
1007 781 1183 838 εἶπεν·
1221 805 1239 836 ι
1283 783 1426 853 Ἐγὼ
1456 786 1547 838 καὶ
1570 787 1597 838 ὁ
1634 785 1822 856 Πατὴρ

242 879 300 930 ’ἐν
328 879 498 947 ἐσμεν
521 895 534 908 ·
573 897 591 928 ι
622 879 956 930 ὲπιστανέτω
977 877 1070 930 τὸν
1101 875 1222 929 νοῦν
1249 879 1342 930 καὶ
1374 875 1704 947 μανθανέτω,
1739 878 1822 930 ὅτι

241 971 345 1024 οὐκ
367 965 538 1035 εἶπεν,
567 970 650 1022 ὅτι
673 988 694 1021 ι
718 968 856 1038 Ἐγὼ
877 970 969 1022 καὶ
986 970 1014 1020 6
1036 970 1220 1040 Πατὴρ
1243 970 1300 1022 ἒν
1325 971 1459 1040 εἰμι,
1497 989 1514 1020 ι
1549 968 1681 1023 ἀλλά
1715 988 1733 1020 ι
1763 969 1821 1021 ’ἐν

241 1064 434 1132 ἐσμεν.
496 1081 516 1112 ι
566 1061 638 1113 Τὸ
679 1061 788 1132 γὰρ
821 1080 839 1112 ι
875 1062 1039 1131 ἐσμὲν
1072 1079 1090 1111 ι
1132 1063 1231 1114 οὐκ
1278 1061 1362 1131 ἐφ’
1410 1061 1528 1124 ἑνὸς
1577 1061 1818 1129 λέγεται,

241 1155 362 1208 ἀλλ’
396 1155 490 1207 ἐπὶ
517 1153 610 1207 δύο
655 1155 918 1224 πρόσωπα
949 1152 1166 1218 ἔδειξεν,
1201 1154 1426 1225 δύναμιν
1446 1156 1502 1208 δὲ
1534 1155 1680 1227 μίαν.
1716 1156 1822 1206 Αὑ-

238 1248 331 1312 16;
360 1249 416 1301 δὲ
443 1248 576 1301 αὐτὸ
611 1249 880 1302 ἀπέλυσεν
914 1248 1081 1302 εἰπὼν
1115 1251 1241 1319 περὶ
1273 1250 1528 1323 μαθητῶν
1562 1253 1696 1323 πρὸς
1726 1253 1817 1306 τὸν

240 1342 462 1412 Πατέρα
482 1358 495 1370 ·
536 1355 554 1392 ι
591 1341 701 1411 Τὴν
727 1340 882 1406 δόξαν
912 1343 976 1414 ἣν
1027 1341 1231 1407 ἔδωκάς
1262 1361 1372 1415 μοι,
1409 1344 1582 1397 ἔδωκα
1612 1345 1814 1409 αὐτοῖς,

237 1433 327 1484 ἵνα
361 1427 494 1486 ὦσιν
541 1431 620 1496 ἓν,
656 1431 837 1496 καθὼς
879 1436 1040 1504 ἡμεῖς
1083 1436 1160 1488 ἓν.
1205 1437 1343 1504 Ἐγὼ
1385 1438 1442 1489 ὲν
1492 1437 1693 1501 αὐτοῖς,
1724 1439 1816 1491 καὶ

237 1526 304 1577 σὺ
334 1525 393 1576 ὲν
421 1526 565 1594 ἐμοί,
607 1525 695 1578 ἴνα
723 1519 854 1578 ὦσιν
884 1526 1286 1597 τετελειωμένοι
1319 1529 1398 1591 εἰς
1426 1528 1503 1590 ἓν,
1540 1529 1626 1581 ἵνα
1655 1529 1818 1598 γινὼ-

236 1633 345 1687 σκῃ
378 1619 407 1669 6
439 1616 641 1686 κόσμος
664 1618 744 1670 ὅτι
779 1617 842 1670 σύ
874 1635 939 1688 με
966 1618 1309 1684 ἀπέστειλας.
1342 1639 1361 1671 ι
1392 1620 1455 1672 Τί
1483 1621 1618 1693 πρὸς
1642 1622 1815 1676 ταῦτα

235 1708 422 1778 ἔχουσι
480 1709 656 1778 λέγειν
703 1712 752 1762 οἱ
804 1709 1090 1782 Νοητιανοί
1115 1727 1130 1776 ;
1176 1712 1267 1782 Μὴ
1311 1712 1510 1776 πάντες
1552 1712 1609 1765 ἓν
1656 1712 1816 1784 σῶμά

1928 531 2057 571 vero
2082 517 2200 571 vult
2222 526 2283 572 ut
2309 517 2500 574 relicto
2533 517 2849 588 Evangelio,
2879 520 3132 574 amentiae
3157 521 3278 589 ejus
3307 521 3498 576 creda-

1928 622 2073 667 mus,
2102 606 2312 664 frustra
2345 609 2556 664 laborat
2583 629 2596 664 ι
2629 628 2646 661 ι
2684 609 2910 678 Oportet
2949 611 3094 665 enim
3130 612 3350 668 obedire
3381 629 3498 667 ma-

1937 697 2022 767 gis
2046 696 2155 751 Deo
2183 715 2347 768 quam
2387 700 2704 756 hominibus
2734 701 2797 754 ⁵⁸.
2841 721 2861 752 ι

2002 787 2114 843 VII.
2151 790 2210 845 Si
2243 801 2424 860 autem
2463 792 2649 846 dicat:
2683 791 2802 862 Ipse
2837 792 2972 847 dixit
3014 812 3026 846 :
3063 812 3080 844 ι
3114 791 3228 862 Ego
3250 803 3306 850 et
3333 795 3496 850 Pater

1926 895 2096 934 unum
2145 898 2337 940 sumus
2382 884 2460 952 ἐς
2499 904 2518 937 ι
2558 885 2804 940 advertat
2834 885 3101 952 animum,
3139 896 3194 942 et
3229 889 3496 960 intelligat

1924 975 2066 1044 quod
2103 991 2211 1030 non
2250 975 2390 1030 dixit
2419 997 2431 1032 :
2463 995 2482 1028 ι
2517 975 2632 1044 Ego
2659 987 2714 1031 et
2749 976 2909 1033 Pater
2943 993 3112 1032 unum
3143 995 3298 1047 sum;
3337 999 3355 1032 ι
3397 983 3492 1037 sed

1928 1085 1948 1117 ι
1981 1083 2147 1120 unum
2183 1083 2392 1124 sumus.
2431 1087 2450 1120 ι
2489 1067 2624 1123 Illud
2655 1072 2827 1132 enim,
2857 1087 2876 1120 ι
2909 1083 3118 1132 sumus.
3157 1090 3175 1122 ι
3207 1087 3315 1128 non
3350 1074 3492 1129 dici-

1924 1165 2013 1210 tur
2051 1158 2118 1212 de
2156 1175 2301 1224 uno;
2333 1159 2430 1215 sed
2452 1160 2534 1215 sic
2569 1160 2726 1227 dixit,
2759 1161 2884 1231 quia
2926 1162 3064 1216 duas
3110 1177 3372 1231 personas
3400 1165 3492 1220 de-

1921 1253 2266 1319 monstravit,
2298 1268 2462 1307 unam
2493 1263 2672 1308 autem
2706 1255 3028 1324 petentiatn,
3054 1256 3170 1310 sive
3209 1257 3490 1315 virtutem.

1921 1340 2040 1410 Ipse
2070 1342 2176 1397 hoc
2209 1343 2523 1412 explicavit,
2567 1359 2689 1398 cum
2715 1346 2853 1399 dixit
2879 1346 2945 1400 de
2975 1346 3258 1415 discipulis
3283 1348 3349 1402 ad
3379 1346 3488 1404 Pa~

1919 1444 2057 1489 trem
2090 1453 2103 1489 :
2144 1455 2162 1486 ι
2207 1435 2445 1491 Gloriam
2490 1452 2652 1505 quam
2695 1437 2888 1492 dedisti
2938 1438 3091 1503 mihi,
3127 1439 3248 1494 dedi
3281 1441 3490 1506 eis;ut

1920 1526 2030 1580 sint
2056 1542 2246 1592 unutn,
2280 1527 2419 1582 sicut
2443 1543 2544 1583 nos
2575 1544 2740 1581 unum
2773 1542 2984 1582 sumus.
3016 1527 3130 1600 Ego
3160 1529 3213 1583 in
3237 1529 3402 1600 ipsis,
3434 1541 3489 1586 et

1916 1628 1974 1674 tu
2020 1620 2074 1674 in
2111 1635 2199 1674 me
2224 1639 2239 1687 ;
2269 1630 2328 1674 ut
2360 1621 2470 1676 sint
2498 1620 2718 1690 perfecti
2765 1621 2819 1673 in
2854 1637 3052 1685 unum;
3086 1630 3145 1676 ut
3193 1632 3488 1692 cognoscat

1917 1712 2155 1768 mundus
2187 1712 2331 1782 quod
2378 1723 2435 1766 tu
2467 1727 2554 1767 me
2590 1712 2787 1768 misisti
2814 1712 2883 1768 “.
2925 1732 2944 1765 ι
2986 1711 3124 1778 Quid
3152 1714 3220 1769 ad
3259 1715 3484 1770 haecdi-

234 1799 386 1851 ἐστιν
413 1797 553 1851 κατά
583 1801 681 1870 τὴν
707 1800 915 1861 οὐσίαν,
948 1799 980 1871 ἦ
1010 1803 1074 1872 τῇ
1107 1800 1330 1872 δυνάμει
1354 1805 1451 1856 καὶ
1477 1807 1543 1874 τῇ
1573 1803 1804 1858 διαθέσει

1915 1818 2038 1858 cere
2066 1812 2299 1873 possunt
2328 1801 2621 1858 Noetiani?
2651 1802 2910 1873 Nunquid
2942 1819 3133 1860 omnes
3162 1820 3333 1860 unum
3361 1819 3484 1860 eor-

231 1891 335 1961 τῆς
389 1890 716 1961 δμοιρρονῐας
758 1891 818 1944 ἓν
865 1891 1155 1963 γινόμεθα;
1189 1893 1292 1947 Τὸν
1324 1894 1484 1947 αὑτὸν
1512 1894 1575 1966 δὴ
1615 1896 1814 1967 τρόπον

231 1981 263 2033 6
297 1985 429 2046 παῖς
475 1983 584 2054 (8‘2)
624 1986 652 2038 6
681 1983 948 2055 πεμφθεὶς
981 1984 1074 2038 καὶ
1101 1984 1191 2038 ὑπ’
1225 1985 1404 2038 αὐτῶν
1437 1986 1510 2058 μὴ
1555 1988 1815 2056 γινωσκό-

234 2093 399 2147 μενος
424 2076 592 2130 δντων
621 2079 677 2130 ἐν
706 2077 917 2149 κόσμῳ,
949 2077 1302 2150 ὡμολόγησεν
1332 2074 1469 2132 εἶναι
1503 2083 1561 2133 ὲν
1590 2079 1667 2150 τῷ
1702 2082 1814 2133 Πα-

228 2168 321 2238 cpi.
359 2168 584 2239 δυνάμει
633 2169 772 2241 [καὶ]
805 2169 1036 2222 διαθέσει
1083 2170 1215 2239 (85).
1257 2163 1353 2232 Εἷς
1393 2169 1500 2242 γὰρ
1546 2170 1669 2234 νοῦς
1702 2171 1813 2224 Πα-

227 2259 360 2329 τρδς
410 2261 439 2312 6
489 2263 617 2324 παῖς
667 2260 796 2332 (84).
845 2262 907 2314 Οἱ
971 2259 1100 2315 νοῦν
1157 2261 1370 2332 Πατρδς
1417 2261 1631 2332 ἔχοντες
1671 2262 1812 2316 οὕτω

230 2351 595 2422 πιστεύομεν·
628 2354 676 2405 οἱ
706 2353 762 2405 δὲ
789 2353 879 2406 τὸν
921 2352 1040 2405 νοῦν
1073 2353 1147 2424 μὴ
1181 2352 1394 2423 ἔχοντες
1417 2354 1506 2406 τὸν
1545 2354 1670 2407 Υίὸν
1710 2355 1809 2426 ἤρ-

228 2460 442 2515 νηνται.
462 2445 524 2498 Εἰ
537 2445 595 2498 δὲ
613 2445 982 2498 καὶΦίλιππον
998 2447 1278 2518 ἐπερωτᾷν
1295 2463 1361 2498 πε
1369 2447 1422 2518 ρὶ
1439 2447 1648 2518 Ila-cpe;
1666 2447 1806 2517 (sic),

229 2537 508 2604 βοῦλοιντο
546 2537 754 2606 λέγειν·
805 2557 823 2590 ι
878 2538 1060 2605 Δεῖξον
1113 2541 1244 2610 ἡμῖν
1288 2538 1377 2592 τὸν
1424 2538 1672 2610 Πατέρα,
1716 2539 1809 2593 καὶ

226 2630 393 2700 ἀρκεῖ
422 2631 552 2700 ἡμῖν
574 2647 587 2660 ο
627 2648 646 2681 ι
689 2629 826 2701 πρὸς
860 2630 919 2683 ὃν
968 2631 1238 2702 ἀπεκρίθη
1285 2631 1314 2682 6
1343 2630 1566 2701 Κῦριος,
1598 2629 1805 2699 λέγων’

230 2740 250 2770 ι
292 2720 562 2774 Τοσοῦτον
589 2721 776 2792 χρόνον
807 2722 924 2793 μεθ’
955 2723 1108 2792 ὑμῶν
1137 2724 1271 2792 εἰμι,
1299 2721 1552 2785 Φίλιππε,
1592 2721 1686 2774 καὶ
1709 2721 1808 2774 οὐκ

224 2811 478 2878 ἔγνωκάς
525 2829 619 2882 με’
651 2814 680 2865 6
719 2811 980 2884 ἑωρακὼς
1029 2811 1147 2882 ἐμὲ,
1179 2811 1390 2884 ἑώρακε
1430 2813 1520 2864 τὸν
1564 2811 1804 2884 Πατέρα.

226 2905 301 2956 Οὐ
334 2905 610 2967 πιστεύεις
654 2905 735 2958 ὅτι
765 2904 876 2973 ἐγὼ
911 2907 968 2959 ὲν
999 2904 1076 2975 τῷ
1116 2905 1310 2976 Πατρὶ,
1341 2904 1435 2960 καί
1475 2905 1502 2957 ὁ
1531 2903 1720 2976 Πατὴρ
1750 2906 1808 2957 ὲν

225 2997 349 3066 ἐμοί
369 2999 549 3060 ἐστινς
588 3017 608 3049 ›
641 2997 736 3050 καὶ
756 2997 967 3050 θέλουσι
988 2995 1190 3064 λέγειν,
1223 2995 1311 3048 διά
1330 2995 1516 3048 τούτου
1544 2996 1807 3067 κρατύνε-

1913 1910 2016 1964 pus
2038 1905 2164 1950 sunt
2188 1897 2485 1951 secundum
2510 1896 2921 1952 substantiam?
2953 1911 3020 1950 an
3053 1911 3179 1951 vero
3216 1905 3485 1967 potestate

1912 1995 1967 2040 et
1988 1986 2271 2043 atI'ectione
2301 1988 2679 2044 consensionis
2706 1996 2761 2043 et
2789 1988 3098 2044 concordia:
3121 2006 3288 2045 unum
3321 1989 3486 2045 cilici-

1916 2077 2075 2131 mur?
2115 2079 2197 2132 Ad
2228 2079 2477 2133 eumdem
2521 2079 2744 2134 modum
2775 2093 2913 2150 puer
2939 2080 3165 2146 missus,
3192 2092 3245 2136 et
3273 2081 3340 2137 iis
3386 2083 3481 2151 qui

1914 2169 1969 2224 in
2005 2170 2207 2224 mundo
2240 2179 2396 2225 erant
2441 2186 2551 2224 non
2595 2172 2846 2242 cognitus
2889 2172 2956 2237 ⁵⁷,
2989 2172 3276 2230 confessus
3305 2183 3389 2229 est
3421 2190 3481 2231 se

1912 2275 2032 2320 esse
2064 2263 2117 2319 in
2146 2263 2305 2318 Patre
2339 2271 2608 2335 potestate
2638 2274 2692 2320 et
2735 2264 3020 2322 affectione
3060 2268 3476 2336 consensionis;

1911 2374 2019 2412 una
2041 2358 2185 2413 enim
2219 2374 2372 2414 mens
2401 2357 2580 2413 Patris
2605 2367 2688 2414 est
2717 2373 2870 2428 puer.
2904 2357 3007 2426 Qui
3030 2367 3210 2415 autem
3243 2371 3475 2416 mentem

1911 2449 2089 2505 Patris
2132 2451 2416 2516 habemus,
2452 2451 2533 2507 sic
2579 2451 2892 2517 credimus;
2923 2451 3018 2522 qui
3068 2468 3198 2508 vero
3231 2470 3339 2508 non
3377 2455 3478 2510 ha-

1909 2541 2059 2606 bent,
2111 2541 2310 2595 Filium
2359 2549 2710 2611 negaverunt.
2751 2540 2809 2597 Si
2856 2552 3036 2598 autem
3087 2543 3254 2598 velint
3296 2543 3480 2600 dicere

1909 2634 2055 2703 quod
2101 2633 2384 2704 Philippus
2430 2633 2498 2689 de
2526 2631 2686 2689 Patre
2722 2635 3063 2706 interrogans
3096 2653 3109 2691 :
3148 2655 3166 2688 ι
3216 2634 3474 2705 Ostende,

1910 2727 2106 2797 inquit,
2125 2727 2283 2782 nobis
2308 2727 2551 2794 Patrem,
2577 2735 2633 2782 et
2659 2727 2857 2782 sullicit
2877 2729 3067 2793 nobis;
3094 2747 3113 2780 ›
3140 2731 3226 2784 cui
3254 2746 3481 2800 respon-

1908 2821 1986 2875 dit
2019 2819 2285 2874 Dominus
2320 2819 2574 2889 inquiens
2608 2837 2622 2873 :
2659 2839 2677 2870 ι
2719 2817 2895 2874 Tanto
2927 2827 3168 2890 tempore
3189 2822 3474 2878 vobiscum

1908 2929 2052 2977 sum,
2103 2911 2372 2981 Philippe,
2423 2921 2476 2966 et
2520 2927 2630 2966 non
2685 2913 2988 2982 cognovisti
3037 2912 3296 2981 me?Qui
3340 2916 3478 2972 vidit

1910 3020 2018 3068 me,
2047 3003 2182 3057 vidit
2210 3011 2264 3057 et
2293 3001 2533 3058 Patrem.
2570 3002 2687 3056 Non
2721 3003 2897 3058 credis
2919 3005 3045 3074 quia
3065 3019 3166 3076 ego
3198 3007 3250 3060 in
3292 3007 3472 3069 Patre,

225 3090 348 3143 σθαι
398 3090 458 3141 τὸ
508 3089 685 3160 δόγμα
729 3087 929 3154 αὐτῶν,
971 3087 1354 3158 ὁμολογοῦντος
1398 3086 1561 3139 αὐτοῦ
1615 3087 1802 3142 ἑαυτὸν

1910 3109 1957 3151 et
1983 3095 2141 3149 Pater
2189 3095 2244 3149 in
2277 3110 2364 3150 me
2392 3104 2475 3149 est
2506 3094 2591 3148 l"’?
2631 3114 2648 3146 ι
2687 3105 2741 3150 et
2773 3095 2975 3151 audent
3002 3098 3181 3152 dicere
3211 3103 3358 3168 quod
3391 3101 3476 3156 his

222 3182 477 3253 Πατέρα·
512 3181 802 3250 γνώτωσαν
841 3181 922 3233 ὅτι
954 3180 1207 3251 μέγιστον
1239 3181 1450 3241 ἑαυτοῖς
1495 3179 1805 3248 ἐναντίωμα

223 3275 600 3344 ἐπιφέρουσιν,
636 3275 726 3326 ὑπ’
765 3272 929 3326 αὑτοῦ
959 3271 1054 3325 τοῦ
1088 3270 1251 3343 ῥητοῦ
1281 3270 1651 3340 ἐλεγχόμενοι.
1697 3271 1802 3324 Τοῦ

223 3367 332 3437 γὰρ
367 3365 605 3436 Χριστοῦ
643 3365 832 3418 ἑαυτὸν
865 3368 922 3418 ὲν
948 3366 1110 3418 πᾶσιν
1146 3363 1272 3416 Υἱδν
1296 3363 1540 3425 εἰπόντος
1570 3363 1664 3416 καὶ
1695 3363 1805 3416 δεί-

223 3458 436 3524 ξαντος,
461 3461 562 3512 οὐκ
594 3460 908 3527 ἐπέγνωσαν
935 3458 1052 3510 οὐδὲ
1084 3456 1482 3510 καταλαϐέσθαι
1505 3456 1537 3527 ἢ
1565 3456 1807 3510 ἀτενίσαι

220 3551 323 3620 τὴν
345 3548 574 3620 δύναμιν
604 3548 957 3618 ἐδυνήθησαν.
995 3547 1104 3599 Καὶ
1137 3545 1294 3599 τοῦτο
1319 3545 1393 3617 μὴ
1424 3546 1682 3616 χωρήσας
1714 3545 1806 3597 Φί-

221 3640 444 3702 λιππος,
483 3638 606 3691 ’καθ’
632 3639 660 3690 '6
689 3634 755 3708 ἦν
803 3638 946 3700 ἰδεῖν,
981 3637 1070 3690 τὸν
1112 3637 1331 3708 Πατέρα
1365 3637 1516 3705 ἠξίου
1566 3635 1802 3706 βλέπειν.

223 3731 369 3803 Πρὸς
417 3731 476 3783 ὃν
504 3733 532 3783 ὁ
566 3729 768 3800 Κύριος
812 3728 944 3799 ἔφη’
981 3748 998 3779 ι
1037 3729 1289 3792 Φίλιππε,
1318 3727 1569 3781 τοσοῦτον
1614 3727 1805 3800 χρόνον

223 3824 348 3892 μεθ’
392 3823 547 3892 ὑμῶν
594 3825 728 3893 εἰμι,
775 3823 868 3874 καὶ
908 3821 1010 3873 οὑκ
1049 3819 1293 3888 ἔγνωκάς
1333 3836 1432 3889 με;
1472 3821 1500 3871 6
1543 3818 1804 3890 ἑωρακὼς

221 3918 345 3986 ἐμὲ,
377 3915 588 3988 ἑώρακε
619 3916 708 3967 τὸν
751 3914 988 3984 Πατέρα.
1019 3933 1036 3964 ι
1077 3914 1120 3965 Τ
1123 3913 1387 3978 ουτέστιν,
1419 3914 1468 3964 εἰ
1498 3913 1594 3982 ἐμὲ
1628 3910 1800 3985 ἑώρα-

219 4026 347 4072 κας,
375 4010 443 4062 δι’
477 4007 612 4079 ἐμοῦ
637 4008 729 4060 τὸν
761 4006 977 4077 Πατέρα
1003 4005 1204 4074 γνῶναι
1234 4005 1384 4076 δύνῃ.
1419 4005 1517 4058 Διά
1563 4005 1669 4075 γὰρ
1701 4003 1801 4074 τῆς

289 4175 340 4206 ⁸³
365 4175 487 4228 Act.
521 4189 573 4239 v,
604 4172 702 4238 29;
733 4188 806 4237 IV,
846 4169 930 4225 19.
1005 4171 1050 4202 ⁵⁵
1077 4168 1238 4224 Joan.
1265 4187 1319 4236 ι,
1349 4169 1437 4224 50.
1512 4170 1559 4201 ⁸⁸
1587 4169 1744 4226 Ioan.
1775 4188 1804 4226 κ

1934 4170 2027 4236 22,
2057 4170 2149 4224 ‘23.

288 4329 409 4398 (82)
449 4329 512 4380 '0
540 4327 695 4393 παῖς.
727 4347 746 4379 ι
773 4326 961 4381 Filius.
995 4345 1013 4377 ι
1052 4327 1218 4398 Sic_et
1243 4326 1406 4396 paulo
1430 4335 1572 4394 post,
1605 4335 1664 4379 ut
1696 4343 1790 4398 su-

1909 3187 2086 3242 vcrbis
2133 3202 2322 3240 eorum
2371 3188 2566 3256 dogma
2610 3187 2986 3254 confirmatur,
3024 3188 3142 3258 ipso
3181 3194 3476 3248 confitente

1907 3292 1966 3331 se
2000 3292 2122 3331 esse
2161 3275 2410 3342 Patrem;
2440 3277 2617 3330 sciant
2645 3277 2941 3330 maximam
2973 3280 3387 3348 repugnantiam
3417 3282 3472 3336 in

1907 3384 1966 3424 se
2016 3368 2163 3437 ipsos
2217 3368 2495 3434 inducere,
2547 3367 2828 3438 Scriptura
2879 3384 2975 3424 eos
3021 3370 3379 3441 redargucnte
3421 3383 3477 3428 et

1906 3460 2282 3514 convincente.
2334 3457 2473 3514 Cum
2527 3459 2671 3514 enim
2721 3459 2975 3515 Christus
3023 3461 3077 3514 in
3109 3463 3366 3523 omnibus
3414 3480 3475 3520 se

1906 3549 2099 3604 Filium
2125 3549 2352 3606 dixisset
2372 3559 2423 3605 et
2445 3550 2892 3616 demonstrasset,
2917 3566 3024 3606 non
3059 3562 3235 3608 tamen
3267 3569 3475 3626 cegno-

1905 3650 2095 3696 verant
2144 3657 2291 3708 eum,
2332 3656 2506 3711 neque
2551 3641 2805 3695 virtutem
2858 3641 2980 3712 ejus
3025 3643 3324 3716 intelligere
3382 3657 3476 3704 aut

1906 3733 2104 3789 intueri
2133 3742 2440 3804 potucrant.
2467 3732 2533 3788 Et
2564 3734 2666 3788 hoc
2686 3732 2963 3805 Philippus
2983 3752 3108 3791 cum
3140 3753 3333 3808 capere
3361 3755 3471 3794 non

1904 3835 2109 3896 posset,
2148 3826 2325 3896 quoad
2349 3827 2532 3881 videre
2553 3825 2768 3892 licebat,
2796 3827 3010 3882 volebat
3033 3829 3212 3884 videre
3233 3829 3474 3888 Patrem.

1904 3916 2004 3971 Cui
2051 3917 2314 3973 Dominus
2346 3917 2484 3973 dixit
2515 3937 2529 3973 :
2573 3938 2592 3971 ι
2625 3918 2890 3989 Philippe,
2914 3927 3065 3974 tanto
3109 3928 3346 3991 tempore
3372 3937 3473 3976 vo-

1907 4010 2118 4066 biscum
2163 4026 2305 4074 sum,
2338 4019 2392 4064 et
2422 4025 2529 4065 non
2567 3997 2867 4082 cognovisti
2899 4011 3018 4065 me?
3053 4011 3147 4080 qui
3193 4011 3328 4068 vidit
3360 4029 3471 4081 me,

2225 4170 2269 4201 "
2298 4168 2456 4224 Joan.
2485 4185 2524 4234 ι,
2558 4168 2642 4223 I0.
2717 4168 2764 4202 ³⁸
2790 4167 2948 4224 Joan.
2981 4184 3097 4236 xiv,
3119 4168 3174 4237 8,
3201 4169 3256 4224 9.

1894 4341 2078 4395 opera.
2103 4323 2219 4377 Non
2237 4324 2456 4378 creditis
2475 4324 2604 4393 quia
2628 4339 2727 4393 ego
2753 4324 2805 4377 in
2839 4321 3016 4390 Patre
3037 4333 3092 4378 et
3110 4320 3271 4395 Pater
3299 4323 3352 4377 in
3375 4311 3467 4379 'me

257 4393 320 4454 ra
355 4393 475 4468 cap.
512 4400 564 4462 5,
601 4409 653 4452 et
685 4398 824 4451 infra
863 4413 984 4467 cap.
1018 4399 1103 4451 Η.
1149 4393 1259 4450 Per
1289 4414 1306 4446 ι
1346 4393 1596 4466 puerum,
1648 4416 1666 4448 ι
1704 4396 1791 4451 Fi—
1824 4411 1866 4464 υ
1895 4393 2226 4463 est?a|ioqui
2251 4406 2468 4464 propter
2487 4409 2649 4462 opera
2667 4395 2781 4463 ipsa
2800 4395 3019 4448 credite.
3050 4413 3068 4444 ι
3098 4393 3233 4459 Quia
3252 4410 3467 4464 semper

215 4417 879 4524 iiumintelliaefsnmc.
1898 4471 1988 4524 hic
2037 4467 2200 4519 homo
2250 4465 2577 4524 operabatur
2620 4465 2930 4524 justitiam,
2990 4464 3460 4524 misericordiam,

260 4487 355 4523 nm
381 4469 640 4535 intellige.
663 4468 879 4521 FABRIC.

289 4541 405 4609 (83)
431 4534 703 4606 Δυνάμει,
733 4536 1012 4609 διαθέσει.
1055 4534 1352 4609 Confessus
1375 4544 1473 4609 est
1504 4551 1562 4609 se
1588 4551 1708 4609 esse
1736 4537 1788 4589 in
1831 4550 1843 4562 ο

214 4603 405 4672 Patre,
427 4603 700 4677 potestate
737 4617 790 4662 et
823 4608 1123 4670 affectione,
1155 4607 1338 4659 multis
1373 4607 1425 4658 in
1457 4606 1591 4659 locis
1616 4603 1793 4658 Evan-

215 4683 368 4749 gelii.
405 4676 563 4732 JOan.
598 4694 716 4747 cap.
759 4695 814 4740 Χ,
847 4677 915 4731 ’58
954 4695 967 4732 :
1001 4697 1018 4728 ι
1059 4679 1113 4729 Si
1150 4677 1282 4729 mihi
1314 4691 1421 4749 non
1468 4677 1629 4729 vultis
1667 4691 1792 4749 cre-

214 4744 371 4812 dere,
403 4744 678 4817 operibus
703 4749 906 4802 credite
950 4764 964 4800 ε
997 4758 1054 4801 ιιι
1083 4745 1425 4817 cognoscatis
1469 4754 1522 4817 et
1556 4744 1790 4799 credatis

215 4823 350 4890 quia
381 4814 542 4871 Pater
586 4819 637 4870 in
671 4834 756 4890 me
783 4827 886 4879 est,
918 4827 971 4890 et
995 4833 1112 4890 ego
1133 4814 1185 4869 in
1215 4814 1394 4868 Patre.
1428 4834 1444 4865 ι
1484 4814 1791 4890 Ορθισολιιιι-

217 4885 328 4944 tem
358 4897 519 4942 erant
551 4904 657 4940 non
682 4889 856 4941 solum
885 4885 1148 4941 miracula
1178 4902 1299 4954 quae
1326 4887 1623 4938 secundum
1648 4885 1789 4937 divi-

214 4961 452 5014 nitatem
505 4958 846 5026 operabatur,
890 4962 983 5011 sed
1030 4957 1258 5010 virtutes
1299 4970 1459 5026 quas_
1489 4955 1788 5009 secundum

214 5023 638 5089 humanitatém,
661 5028 802 5082 sicut
823 5028 890 5082 de
913 5041 977 5081 eo
1004 5027 1268 5095 scriptum
1289 5023 1391 5088 est,
1415 5023 1579 5078 Hebr.
1607 5039 1728 5095 cap.
1744 5040 1786 5095 ι,

211 5117 282 5154 ex
316 5098 464 5151 Psal.
515 5113 638 5149 κων
674 5115 686 5150 :
725 5116 742 5147 ι
782 5096 1029 5151 Dilexisti
1059 5094 1345 5164 justitiam,
1379 5103 1433 5149 et
1472 5094 1635 5149 odisti
1679 5094 1788 5164 ini-

212 5171 522 5239 quitatem;
554 5177 832 5239 pmpterea
857 5162 1082 5239 unxitte
1113 5165 1276 5239 Deus,
1315 5164 1454 5239 Deus
1487 5174 1634 5228 tuus,
1669 5162 1789 5217 oleo

213 5234 420 5293 la'titize
448 5253 555 5305 pra:
580 5234 933 5305 participibus
959 5237 1085 5290 tuis.
1115 5255 1134 5287 ›
1164 5235 1293 5288 Item
1326 5234 1482 5288 Joan.
1507 5251 1627 5305 cap.
1655 5249 1746 5305 ιιι
1773 5275 1784 5286 .

220 5331 239 5360 τ
283 5308 390 5372 Qui
425 5303 706 5369 videt—me,
740 5303 882 5360 videt
910 5323 1032 5360 eum
1067 5307 1158 5374 qui
1186 5305 1334 5360 misit
1363 5321 1468 5359 me.
1495 5323 1511 5356 ι
1539 5304 1603 5357 Ει
1629 5303 1789 5373 paulo

212 5392 340 5448 post
373 5397 387 5432 :
415 5395 435 5428 ι
481 5376 584 5431 Sed
619 5377 712 5446 qui
739 5377 890 5448 misit
919 5392 1004 5429 me
1041 5375 1221 5448 Pater,
1253 5377 1368 5444 ipse
1396 5376 1528 5428 mihi
1561 5374 1787 5448 manda-

213 5446 333 5502 tum
359 5448 529 5521 dedit,
562 5448 690 5521 quid
725 5447 924 5521 dicam,
962 5455 1013 5499 ct
1033 5447 1164 5516 quid
1188 5447 1411 5521 loquar;
1437 5454 1490 5498 et
1515 5447 1632 5521 scio
1659 5446 1787 5521 quia

213 5519 539 5572 mandatum
582 5514 709 5583 ejus
745 5526 830 5570 est
872 5518 979 5569 vita
1023 5514 1298 5570 aeterna.)
1337 5514 1466 5568 Erat
1514 5515 1678 5584 igitur
1730 5514 1784 5566 in

213 5587 380 5644 Patre
429 5597 697 5655 potestate
738 5588 1037 5642 secundum
1077 5587 1444 5655 operationem
1502 5583 1789 5655 mandatq-

214 5673 342 5714 rum
391 5652 536 5727 ejus,
587 5659 636 5716 id
682 5667 783 5722 est,
810 5657 1090 5710 charitatis
1115 5652 1182 5709 et
1232 5656 1410 5709 omnis
1439 5655 1678 5727 virtuus1
1725 5652 1788 5727 Et

213 5744 342 5796 cap.
377 5723 465 5784 xiv
503 5748 516 5783 :
555 5747 573 5780 ι
611 5727 767 5782 Pater
805 5738 982 5782 autem
1016 5728 1068 5780 in
1100 5742 1184 5781 tne
1231 5741 1475 5790 manens,
1510 5725 1623 5795 ipse
1655 5723 1786 5778 facit

1898 4471 1988 4524 hic
2037 4467 2200 4519 homo
2250 4465 2577 4533 operabatur
2620 4465 2930 4532 justitiam,
2990 4464 3460 4530 misericordiam,

1894 4536 2214 4594 charitatem
2245 4545 2298 4588 et
2331 4544 2552 4588 caeteras
2584 4535 2810 4587 virtutes
2837 4533 3246 4587 immntabiliter
3275 4548 3469 4587 secun-

1893 4610 2022 4662 dum
2050 4604 2140 4658 Dei
2173 4607 2505 4660 voluntatem
2529 4621 2544 4666 ;
2573 4604 2674 4658 hac
2695 4605 2858 4658 etiam
2885 4604 3116 4668 ratione,
3151 4604 3202 4656 id
3227 4613 3330 4666 est,
3366 4617 3465 4671 po-

1895 4683 2087 4732 testate
2117 4683 2170 4728 et
2203 4675 2567 4728 consensione
2607 4675 2803 4728 mentis
2832 4680 2887 4726 et
2920 4673 3238 4734 voluntatis,
3271 4681 3324 4725 et
3354 4687 3464 4725 non

1893 4749 2069 4802 solum
2100 4747 2399 4799 secundum
2440 4744 2821 4805 substantiam,
2855 4743 2970 4812 ipse
3015 4751 3070 4796 et
3106 4741 3268 4796 Pater
3297 4757 3466 4812 unum

1893 4825 2069 4879 erant,
2115 4816 2255 4869 sicut
2284 4814 2499 4868 volebat
2540 4813 2840 4881 discipulos
2870 4811 2999 4866 suos
3042 4827 3166 4866 esse
3206 4826 3377 4866 unum
3410 4811 3466 4864 in

1892 4887 2110 4940 Christo
2139 4894 2192 4939 et
2220 4887 2274 4939 in
2307 4884 2486 4938 Patre.
2520 4891 2788 4951 potestate
2814 4889 2869 4934 et
2893 4883 3257 4951 consensione
3282 4881 3468 4951 volun-

1893 4958 2021 5011 tatis
2061 4971 2171 5010 sua:
2220 4971 2344 5009 cum
2397 4948 2675 5008 voluntate
2721 4950 2898 5006 Patris
2922 4959 2976 5005 et
3012 4950 3154 5006 Filii.
3190 4950 3288 5005 Fn.
3320 4948 3466 5005 Tun-

1892 5040 2106 5079 RIANUS.

1963 5096 2074 5165 (84)
2104 5089 2208 5159 Εἷς
2242 5090 2528 5165 τὰρ-νοῦς
2551 5091 2782 5165 ῌατρὸς
2823 5093 2857 5145 ό
2891 5090 3051 5156 παῖς.
3083 5088 3139 5143 Id
3167 5097 3276 5165 est,
3309 5105 3465 5165 mens

1892 5159 2129 5219 humana
2173 5159 2375 5217 ChriSti
2421 5176 2527 5214 non
2560 5162 2832 5231 discrepat
2875 5177 2904 5215 a
2935 5170 3116 5231 mente
3147 5160 3328 5213 divina
3359 5159 3464 5213 Pa-

1894 5240 2025 5300 tris;
2057 5245 2111 5289 ct
2139 5236 2238 5287 hac
2269 5234 2480 5286 ratione
2521 5246 2674 5286 mens
2707 5230 2945 5286 humana
2987 5230 3190 5284 Christi
3215 5233 3315 5283 etsi
3355 5247 3464 5284 non

1891 5316 2008 5359 erat
2036 5304 2394 5358 essentialiter
2422 5316 2576 5354 mens
2607 5302 2810 5366 divina,
2837 5310 2954 5356 erat
2986 5311 3166 5354 tamen
3198 5309 3466 5369 potestate

1895 5385 1949 5428 et
1990 5375 2295 5437 affectione,
2331 5372 2445 5426 sive
2486 5371 2843 5440 dispositione
2880 5371 3283 5433 consensionis,
3335 5371 3465 5439 quia

1891 5446 2220 5500 adiciebatur
2262 5442 2560 5497 secundum
2617 5443 2949 5496 voluntatem
2991 5440 3087 5495 Dei
3127 5441 3380 5495 voluntas
3411 5449 3468 5495 et

1891 5532 2045 5569 tuens
2084 5515 2318 5567 humana
2350 5513 2587 5577 Christi;
2620 5513 2693 5565 ita
2739 5522 2798 5565 ut
2841 5511 3068 5581 δυνάμει
3114 5526 3220 5563 una
3255 5518 3468 5574 essent,

1891 5602 2012 5658 quae
2038 5595 2191 5641 erant
2218 5581 2514 5640 secundum
2548 5583 2909 5641 substantiam
2945 5582 3067 5636 duae
3095 5589 3328 5636 mentes.
3363 5583 3440 5638 In.
